4130 6170
322 313 344 366 1
356 313 457 366 557

1301 315 1525 372 GESTA
1564 312 2020 372 COLI.ATIONIS
2053 311 2672 370 CARTIMGINENSIS.

3489 316 3627 372 1558

315 428 633 496 subscripsi.
679 429 830 485 Duos
870 429 1160 486 adversum
1192 446 1279 488 me
1311 432 1515 500 habeo,
1549 441 1600 487 et
1641 431 1931 488 ordinave-
1959 434 2009 496 Α
2039 429 2376 485 Marcellinus
2413 431 2491 484 vir
2528 429 2848 485 clarissimus
2873 431 3106 486 tribunus
3134 439 3180 486 et
3205 431 3437 486 notarius
3475 432 3626 486 dixit.

313 528 442 576 runt
470 520 632 574 modo
663 535 856 576 unum.
893 521 1027 576 Item
1052 523 1304 578 recitavit.
1337 523 1615 578 Romanus
1642 526 1928 596 episcopus

315 612 638 668 Lesvitanus
657 611 837 682 (568).
865 612 1096 684 Cumque
1109 616 1422 682 accessisset,
1445 615 1578 670 idem
1604 615 1754 670 dixit.
1781 615 1927 670 Man-

315 705 439 760 davi
479 713 533 759 et
574 703 897 774 subscripsi.
930 705 1066 760 Item
1096 707 1346 762 recitavit.
1380 707 1682 764 Restitutus
1710 707 1925 778 episco-

313 815 416 870 pus
461 798 892 869 Segcrmitanus.
941 799 1167 870 Cumque
1213 803 1536 868 accessisset,
1589 801 1724 854 idem
1751 801 1918 855 vdixit.

315 891 562 948 Mandavi
589 901 642 946 et
668 892 987 962 subscripsi.
1018 890 1155 946 Item
1183 893 1433 947 recitavit.
1465 891 1791 948 Cresconius
1811 893 1924 962 epi-

314 1003 514 1057 scOpus
539 988 608 1042 ab
635 987 839 1043 Horrea
868 986 1185 1043 Aninicensi
1219 987 1396 1059 (569).
1430 987 1660 1056 Cumque
1679 985 1924 1040 accessis-

314 1090 421 1146 set,
451 1080 585 1134 idem
614 1078 765 1133 dixit.
803 1080 1049 1134 Mandavi
1079 1089 1135 1135 et
1161 1079 1475 1151 subscripsi.
1508 1079 1638 1133 Item
1667 1079 1917 1133 recitavit.

312 1172 606 1228 Faustinus
643 1172 936 1242 episcopus
975 1171 1374 1228 Tambaieusis.
1407 1169 1634 1241 Cumque
1675 1171 1922 1225 accessis-

309 1274 402 1328 set,
429 1267 562 1319 idem
595 1266 748 1320 dixit.
778 1266 1025 1321 Mandavi
1057 1274 1113 1321 et
1142 1266 1458 1336 subscripsi.
1489 1264 1625 1320 Item
1664 1265 1918 1319 recitavit.

307 1359 656 1416 Primilisnus
688 1362 980 1432 episcopus
1002 1362 1446 1432 Lucimagnensis
1475 1361 1648 1432 (570).
1691 1362 1920 1432 Cumque

305 1455 634 1520 accessisset,
662 1454 798 1508 idem
823 1454 979 1509 dixit.
1012 1455 1257 1509 Mandavi
1286 1463 1339 1509 et
1367 1454 1699 1523 subscripsi:
1729 1454 1918 1508 adver-

304 1545 506 1602 Sarium
550 1562 656 1600 non
703 1547 898 1602 habeo.
935 1546 1066 1601 Item
1097 1548 1350 1602 recitavit.
1383 1546 1743 1600 Maximianus
1799 1545 1916 1613 epi-

304 1653 500 1708 scopus
535 1637 912 1695 Benuel'ensis.
944 1639 1242 1695 Primianus
1285 1641 1560 1710 episcopus
1585 1638 1917 1710 Carthaginis

303 1728 456 1785 dixit.
501 1731 675 1787 liodie
703 1732 874 1788 exivit
901 1732 969 1788 de
1001 1749 1251 1803 corpore.
1285 1731 1422 1787 Item
1453 1732 1699 1786 recitavit.
1735 1731 1914 1786 Dona-

2029 523 2197 594 Cujus
2247 524 2348 580 loci
2395 523 2551 578 Felix
2596 523 2890 595 episcopus
2933 524 3349 596 subscripserit,
3393 524 3630 582 ofﬁcium

2028 630 2217 690 aperte
2229 617 2586 674 demonstret.
2600 617 2662 671 Et
2686 619 2935 673 recitavit.
2959 618 3108 674 Felix
3124 619 3490 680 Zummensis.
3506 620 3632 691 Aly-

2029 712 2147 781 pius
2187 711 2458 781 episcOpus
2488 709 2738 765 Ecclesiae
2781 710 3049 766 catholica:
3077 713 3228 766 dixit.
3262 711 3630 784 Subscriptio-

2027 809 2114 865 nis
2154 809 2446 865 falsitatem
2487 808 2883 879 deprehensam
2927 807 3091 864 luisse
3130 817 3386 865 testatum
3427 811 3517 864 sit.
3561 809 3630 864 Et

2025 903 2134 957 alia
2167 919 2343 958 manu.
2375 901 2702 973 Recognovi.
2731 901 3030 957 Adeodatus
3055 903 3325 975 episcopus
3351 903 3504 957 dixit.
3532 901 3631 958 Hic

2031 1012 2188 1051 error
2231 1005 2346 1062 est,
2398 1013 2503 1051 non
2545 996 2774 1051 falsitas.
2819 996 2885 1050 Et
2925 998 3032 1051 alia
3075 1014 3250 1051 manu.
3297 997 3626 1068 Recognovi.

2023 1088 2244 1160 Alypius
2285 1089 2557 1162 episcOpus
2608 1087 2859 1143 Ecclesiae
2902 1088 3170 1143 catholicae
3212 1089 3361 1143 dixit.
3405 1089 3629 1158 Magnus

2021 1196 2195 1237 error.
2226 1181 2464 1236 Nescivit
2493 1181 2634 1236 unde
2659 1191 2827 1236 esset.
2865 1180 2928 1236 Et
2950 1182 3057 1235 alia
3080 1197 3260 1235 manu.
3285 1180 3625 1250 Recognovi.

2022 1271 2296 1328 Possidius
2319 1275 2589 1345 episcopus
2618 1271 2865 1326 Ecclesia:
2893 1273 3160 1326 catholicte
3185 1272 3335 1326 dixit.
3367 1271 3500 1340 Quis
3526 1271 3628 1326 sub

2019 1365 2140 1434 ejus
2169 1367 2386 1421 nomine
2405 1366 2802 1434 subscripserit,
2829 1365 3015 1420 saltem
3041 1365 3143 1420 hoc
3163 1365 3412 1420 Notarius
3433 1379 3621 1420 eorum

2021 1455 2216 1511 edicat.
2242 1455 2314 1513 Ut
2341 1471 2522 1526 supra.
2547 1456 2764 1527 Alypius
2794 1458 3066 1529 episcopus
3081 1457 3326 1512 Ecclesia:
3352 1456 3624 1512 catholica:

2019 1549 2172 1604 dixit.
2220 1549 2435 1606 Sufﬁcit
2468 1567 2573 1606 non
2607 1565 2704 1605 nos
2734 1550 3144 1620 prxtermisisse
3174 1551 3296 1606 ista.
3329 1549 3399 1606 Ut
3428 1565 3618 1620 supra.

2018 1639 2306 1696 Petiliauus
2336 1643 2603 1713 episcopus
2629 1643 2777 1696 dixit.
2815 1641 2962 1698 Felix
2993 1642 3208 1713 quidam
3253 1642 3616 1709 Lambiensis,

2016 1735 2226 1806 collega
2265 1745 2467 1801 noster,
2513 1735 2600 1791 hic
2635 1745 2896 1806 aegrotat;
2927 1737 3019 1790 sed
3048 1747 3102 1792 et
3131 1736 3219 1791 alii
3258 1736 3401 1803 duo,
3440 1737 3492 1792 id
3534 1744 3625 1792 est

302 1831 389 1878 tus
429 1823 718 1895 epise0pns
749 1825 1116 1881 Tiseditanus.
1152 1825 1386 1897 Cumque
1417 1825 1738 1888 accessisset,
1771 1823 1908 1877 idem
1940 1827 1986 1886 Β
2015 1825 2305 1883 Flavianus
2347 1828 2494 1897 (575)
2545 1838 2602 1883 et
2647 1828 2882 1884 Donatus
2923 1829 3096 1900 (576),
3133 1829 3331 1885 ibidem
3363 1845 3470 1885 non
3502 1844 3623 1885 me-

303 1917 458 1971 dixit.
494 1918 738 1973 Mandavi
770 1929 825 1973 et
853 1919 1172 1988 subscripsi.
1207 1918 1338 1974 Item
1381 1919 1628 1972 recitavit.
1663 1917 1916 1973 Urbanus

299 2008 590 2078 episeOpus
631 2008 876 2065 Talensis
921 2010 1094 2082 (571).
1137 2009 1370 2082 Cumque
1409 2011 1734 2076 accessisset,
1777 2010 1915 2064 idem

300 2100 458 2154 dixit.
495 2101 740 2155 Maudavi
771 2112 826 2156 et
852 2102 1172 2172 subscripsi.
1205 2101 1338 2156 Item
1369 2102 1618 2156 recitavit.
1653 2100 1916 2155 Innocen-

299 2193 407 2247 tius
437 2193 728 2263 episcopus
759 2193 1152 2252 Guzabeteusis
1183 2197 1364 2267 (572).
1399 2195 1629 2265 Cumque
1669 2196 1912 2249 accessis-

297 2293 402 2347 set,
444 2284 581 2338 idem
621 2284 771 2340 dixit.
817 2285 1058 2342 Mandavi
1079 2299 1130 2340 et
1151 2285 1502 2356 subscripsi:
1541 2285 1911 2341 adverSarium

298 2389 406 2429 non
431 2375 623 2431 habeo.
646 2375 1039 2432 Item‘recitavit.
1061 2379 1207 2435 Felix
1232 2379 1524 2450 epise0pus
1541 2379 1909 2435 Zummensis.

298 2473 526 2545 Cumque
547 2477 837 2530 accessisset
856 2519 868 2540 ,
895 2477 1028 2531 idem
1050 2477 1202 2532 dixit.
1234 2477 1482 2532 Mandavi
1505 2487 1561 2532 et
1587 2477 1909 2547 subscripsi.

297 2563 430 2622 Item
461 2569 1276 2640 recitavit.Leontiusepiscopus
1292 2571 1904 2644 Rusticianensis(575).

297 2656 529 2731 Cumque
582 2662 908 2728 accessisset,
954 2662 1089 2715 idem
1132 2663 1280 2717 dixit.
1334 2661 1580 2716 Mandavi
1653 2674 1711 2717 et
1781 2663 1911 2719 sub—

297 2754 488 2824 scripsi
558 2771 571 2808 :
629 2753 998 2809 adversarium
1060 2771 1166 2809 non
1211 2754 1408 2810 habeo.
1471 2753 1743 2812 Terentius
1805 2758 1910 2829 epi-

295 2861 482 2918 sc0pus
503 2844 754 2900 Ecclesite
769 2845 1036 2901 cat/taliae
1066 2847 1216 2901 dixit.
1253 2847 1360 2902 Iste
1382 2846 1761 2917 rebaptizabat
1787 2858 1911 2920 post

298 2950 505 3010 partem
549 2940 766 2994 Donati.
813 2939 1204 3012 Rebaptizatus
1241 2952 1324 2996 est
1367 2948 1583 3011 postea,
1628 2951 1686 2997 et
1717 2944 1797 2999 sic
1825 2954 1909 2999 est

298 3033 599 3087 ordinatus.

372 3125 495 3181 199.
523 3125 823 3180 Adeodatus
867 3125 1128 3198 episcopus
1150 3125 1303 3180 dixit.
1330 3123 1496 3180 Serva
1520 3125 1766 3194 partibus
1787 3141 1907 3196 qua:

2017 1923 2188 1977 diocri
2214 1923 2533 1993 aegritudine
2557 1925 2875 1978 retinentur.
2897 1924 3071 1979 Credo
3099 1923 3244 1995 quod
3273 1925 3434 1980 alicui
3463 1941 3621 1981 man-

2015 2013 2226 2069 daverit
2271 2030 2368 2084 pro
2414 2030 2475 2069 se
2522 2014 2789 2070 subscribi
2837 2013 2931 2069 ille
2978 2014 3166 2081 Felix,
3208 2023 3264 2070 et
3303 2015 3355 2070 in
3402 2018 3625 2072 nomine

2015 2106 2162 2161 sedis
2193 2107 2274 2161 vel
2309 2106 2409 2161 loci
2443 2105 2616 2161 factus
2645 2116 2726 2161 est
2757 2120 2947 2170 error;
2978 2120 3138 2175 quem
3171 2116 3261 2160 aut
3299 2105 3625 2176 simpliciter

2015 2199 2318 2269 accipiant,
2351 2208 2442 2252 aut
2473 2198 2701 2253 facimus
2746 2197 2904 2268 hujus
2949 2197 3186 2252 nominis
3221 2196 3508 2268 iacturam.
3551 2195 3623 2252 Et

2013 2292 2120 2345 alia
2148 2307 2328 2345 mauu.
2365 2291 2661 2346 Petiliauus
2687 2292 2972 2360 episcopus
3004 2292 3316 2361 recognovi.
3348 2291 3588 2346 Marcelli
3601 2323 3618 2334 -

2014 2401 2109 2438 mts
2134 2385 2211 2438 vir
2234 2384 2550 2438 clarissimus
2579 2385 2808 2440 tribunus
2838 2393 2886 2439 et
2914 2385 3150 2440 notarius
3176 2385 3328 2439 dixit.
3356 2385 3616 2454 Accepis-

2015 2479 2082 2534 tis
2112 2478 2584 2548 prosecutionem,
2616 2494 2776 2549 quant
2819 2477 2972 2532 vobis
3013 2476 3226 2532 :cstimo
3267 2491 3428 2548 posse
3467 2476 3620 2531 suill-

2014 2586 2159 2627 cere.
2192 2569 2346 2626 Unde
2377 2569 2618 2638 patimini
2655 2578 2711 2622 ut
2741 2569 2952 2640 reliqua
2982 2568 3346 2638 perlegantur.
3381 2566 3450 2620 Et
3479 2569 3616 2622 reci-

2014 2666 2154 2718 tavit.
2182 2659 2468 2718 Januarius
2493 2661 2783 2732 episcopus
2806 2661 2874 2715 de
2891 2660 3196 2716 Tubursico
3216 2659 3611 2715 Numidiarum.

2015 2755 2242 2824 Cumque
2261 2753 2577 2816 accessisset,
2605 2752 2739 2806 idem
2761 2752 2909 2805 dixit.
2944 2750 3194 2805 Mandavi
3219 2759 3272 2806 et
3293 2749 3612 2819 subscripsi.

2015 2845 2149 2902 Item
2197 2847 2447 2900 recitavit.
2495 2845 2730 2900 Securus
2776 2843 3064 2913 episc0pus
3110 2842 3392 2898 Teuitaua:
3437 2843 3609 2898 urbis.

2015 2935 2244 3007 Cumque
2270 2937 2557 2992 accessisset
2575 2977 2590 3000 ,
2623 2937 2757 2990 idem
2786 2935 2934 2988 dixit.
2967 2934 3064 2990 Hic
3093 2949 3247 3000 sum;
3276 2942 3331 2990 et
3364 2933 3616 2990 mandavi

2012 3039 2065 3088 et
2095 3030 2410 3100 subscripsi.
2448 3027 2576 3083 Item
2603 3029 2852 3093 recitavit,
2885 3028 3120 3082 Donatus
3143 3026 3308 3099 285
3326 3028 3616 3098 episcopus

2013 3123 2238 3178 Arensis
2280 3122 2453 3194 (577).
2481 3120 2710 3192 Cumque
2745 3119 3072 3184 accessisset,
3097 3121 3233 3174 idem
3274 3119 3424 3174 dixit.
3457 3121 3612 3176 Man-

299 3226 630 3289 competunt.
677 3215 810 3270 Item
851 3218 1099 3273 recitavit.
1137 3217 1364 3272 Evasius
1395 3217 1686 3285 episcopus
1727 3217 1907 3272 Girbi-
1935 3210 1981 3273 C
2013 3214 2137 3269 davi
2176 3223 2230 3269 et
2268 3213 2601 3282 subscripsi,
2631 3225 2687 3267 et
2718 3211 3007 3266 traditores
3048 3211 3099 3264 in
3142 3211 3303 3282 plebe
3343 3227 3465 3266 mea
3505 3227 3613 3266 non

301 3319 477 3365 Ianus.
525 3309 753 3380 Cumque
791 3309 1118 3375 accessisset,
1160 3309 1294 3364 idem
1345 3308 1506 3376 dixit,
1558 3307 1803 3364 Mandavi
1852 3320 1909 3366 et

299 3401 619 3471 subscripsi.

372 3494 500 3550 200.
535 3493 872 3549 Fortunatius
918 3495 1193 3566 episcopus
1224 3493 1473 3548 Ecclesia!
1499 3492 1766 3548 catholica:
1791 3494 1908 3550 Sic-

297 3586 462 3640 censis
489 3585 641 3639 dixit.
675 3585 823 3641 Felix
853 3585 1200 3641 Zummensis
1227 3584 1502 3656 quomodo
1536 3584 1732 3641 absens
1773 3587 1902 3642 sub-

299 3681 544 3735 scribere
576 3679 746 3748 potuit
775 3679 1050 3734 doceatur.
1085 3678 1152 3732 Et
1178 3681 1281 3733 alia
1313 3696 1486 3733 manu.
1517 3679 1850 3749 Recognovi.

371 3773 497 3828 201.
531 3771 867 3827 Marcellinus
893 3773 966 3826 vir
987 3773 1303 3826 clarissimus
1347 3775 1579 3826 tribunus
1602 3784 1648 3826 et
1672 3775 1903 3827 notarius

297 3867 452 3922 dixit.
489 3867 692 3921 Videtis
718 3865 845 3936 quid
873 3880 901 3919 a
930 3867 1172 3933 partibus
1203 3865 1397 3920 vestris
1423 3865 1712 3935 ﬂagitetur.
1745 3865 1904 3934 Quae-

294 3959 440 4016 ritur
475 3957 618 4012 euim
649 3957 790 4027 quis’
812 3959 1029 4013 nomine
1069 3957 1224 4012 istius
1263 3957 1356 4027 qui
1400 3956 1452 4010 in
1489 3957 1902 4027 pratsentiarum

297 4049 516 4104 videtur
564 4049 785 4103 minime
827 4051 1153 4104 constitutus
1195 4050 1581 4118 subscripserit
1625 4051 1898 4106 mandato.

299 4141 599 4197 Adeodatus
625 4141 895 4212 episcOpus
920 4142 1074 4196 dixit.
1105 4142 1340 4210 Expecta
1360 4183 1374 4206 ,
1405 4142 1506 4196 hoc
1533 4143 1812 4211 qtucritur.
1839 4142 1906 4196 Et

300 4234 408 4287 alia
446 4249 622 4286 manu.
666 4231 978 4286 Adeodatus
1012 4233 1300 4300 episcopus
1337 4231 1652 4301 recognovi.
1687 4232 1909 4298 Optatus

301 4327 573 4397 episcopus
613 4325 764 4380 dixit.
808 4323 960 4378 Felix
1001 4323 1344 4378 Lambieusis
1385 4323 1538 4394 (576)
1583 4321 1902 4378 inﬁrmatur.

351 4447 532 4518 ’(568)
572 4447 896 4502 Lesvitanus.
947 4444 1000 4498 lu
1041 4443 1362 4518 Mauritania
1405 4444 1649 4518 Sitifensi
1700 4447 1906 4518 notitia:

301 4536 363 4575 η.
391 4515 481 4574 10.
510 4519 684 4574 Medio
712 4519 823 4574 fere
849 4517 1040 4572 itinere
1066 4517 1206 4569 inter
1234 4515 1427 4570 Saldas
1452 4527 1506 4571 et
1534 4515 1728 4583 Sitiﬁm
1755 4517 1906 4574 Lesbi

303 4590 533 4644 habetur
563 4592 614 4646 in
646 4591 903 4646 Antonini
938 4587 1220 4642 Itinerario
1261 4587 1422 4642 millia
1469 4602 1720 4657 passuum
1749 4589 1820 4645 25
1875 4606 1905 4646 a

305 4661 606 4732 Tubusupto
646 4663 875 4717 distans.

378 4751 529 4827 (569)
572 4755 648 4809 Ab
705 4754 908 4827 Horren
948 4751 1264 4827 Aninicensi.
1310 4750 1388 4827 ln_
1409 4749 1723 4827 Mauritania
1769 4752 1900 4827 S_iti-

305 4820 441 4883 lensi
465 4820 655 4882 eadem
684 4841 801 4895 quae
829 4825 882 4880 in
911 4824 1029 4894 ejus
1056 4821 1244 4876 notitia
1273 4837 1327 4895 η.
1357 4821 1412 4886 7,
1438 4820 1740 4895 ΔΗο-νηνεηεὶε.
1777 4823 1909 4876 Hor-

303 4915 444 4954 ream
478 4892 1078 4968 Sitifensem#memorat
1103 4892 1488 4968 Antoninus__i_n
1517 4892 1799 4947 ltiuerario
1827 4895 1909 4968 in-

305 4979 392 5026 ter
420 4963 622 5036 Tisiﬁin
661 4981 715 5024 et
757 4966 1146 5036 Tubusuptum,
1181 4980 1301 5034 qua:
1331 4963 1497 5018 millia
1556 4979 1804 5033 passuum
1839 4967 1905 5022 18

304 5056 334 5096 a
370 5042 548 5109 priore
585 5041 769 5094 distat.

379 5119 530 5190 (570)
573 5117 1013 5190 Lucimagnensis.
1047 5115 1214 5186 Cujus
1256 5114 1553 5185 provinciae
1582 5116 1692 5182 sit,
1733 5116 1909 5172 incer-

310 5200 445 5246 tum.

380 5261 530 5332 (371)
571 5258 830 5332 Taleusis.
863 5255 1062 5332 Nescio
1090 5257 1210 5332 quis
1240 5255 1332 5332 ille
1387 5257 1456 5332 sit
1502 5255 1771 5332 nisilort_e
1799 5256 1907 5332 _T_a-

307 5325 578 5388 ble'nsis'iu
610 5329 925 5383 Mauritania
957 5325 1280 5382 Caesariensi
1313 5327 1470 5381 notit.
1507 5343 1560 5381 n.
1596 5327 1687 5392 60,
1720 5327 1911 5382 Tabla-

305 5406 464 5460 tensis
493 5401 670 5457 limitis
699 5401 900 5454 mentio
930 5400 988 5454 tit
1012 5399 1064 5454 in
1095 5399 1284 5455 notitia
1315 5399 1545 5468 imperii.

404 5491 532 5562 57a)
575 5489 954 5562 Cuzabetensis.
985 5488 1468 5562 Cujusproviucize
1496 5489 1584 5562 sit,
1618 5490 1904 5562 incertum.

380 5493 532 5634 (δη)
575 5493 955 5573 (ἱιαιιῡςιωηὶε.
985 5493 1150 5557 Cujus
1143 5493 1468 5612 l‘qiroviucia:
1496 5493 1585 5572 sit,
1617 5493 1901 5572 incertum.

406 5565 534 5628 575)
577 5561 1000 5634 Rusticianensss.
1034 5560 1100 5634 in
1170 5557 1427 5634 umtdta,
1477 5571 1682 5615 notitiae
1721 5577 1776 5616 ιι.
1809 5559 1901 5617 61.

307 5629 516 5691 Rustici
548 5633 744 5687 habent
776 5632 998 5686 Tabulae
1033 5629 1480 5697 Pcutingerianze.

383 5724 539 5802 (574)
561 5724 902 5802 Dambiensis.
928 5723 986 5777 In
1008 5721 1278 5802 Numidia
1300 5731 1416 5802 erat
1442 5721 1689 5802 Eambese
1717 5727 1905 5802 civitas

307 5792 644 5870 nb‘anti'quis
683 5803 983 5852 memorata
1011 5833 1024 5858 ,
1064 5792 1220 5863 cujus
1265 5792 1364 5848 loci
1405 5796 1718 5868 episcopum
1762 5795 1903 5854 hunc

2011 3308 2207 3364 habeo.
2242 3306 2376 3362 Item
2404 3308 2656 3364 recitavit.
2691 3309 3022 3364 Marinianus
3051 3309 3338 3379 episcopus
3367 3309 3437 3363 ab
3475 3307 3609 3364 Oea.

2010 3398 2240 3472 Cumque
2267 3399 2584 3467 accessisset,
2608 3402 2742 3454 idem
2763 3401 2917 3456 dixit.
2943 3401 3186 3455 Mandavi
3211 3411 3264 3456 et
3289 3399 3612 3471 subscripsi.

2012 3491 2147 3546 Item
2192 3492 2444 3547 recitavit.
2490 3491 2777 3547 Montanus
2826 3491 3113 3563 episcopus
3159 3507 3190 3545 a
3235 3489 3614 3546 Cemeriniauo

2008 3586 2187 3658 (578).
2232 3585 2459 3656 Cumque
2506 3589 2832 3653 accessisset,
2875 3584 3014 3640 idcnt
3074 3586 3226 3640 dixit.
3273 3584 3517 3638 Mandavi
3557 3593 3615 3639 et

2011 3679 2309 3750 subscripsi
2334 3697 2348 3732 :
2378 3679 2750 3734 adversarium
2779 3693 2884 3732 non
2917 3678 3110 3732 habeo.
3137 3675 3457 3729 Fortunatus
3503 3677 3616 3743 epi-

2013 3787 2200 3843 scopus
2231 3771 2478 3825 Ecclesia:
2494 3771 2764 3826 catholica:
2777 3769 3238 3825 Constantiniensis
3263 3768 3414 3822 dixit.
3438 3767 3616 3824 liabe-

2011 3879 2133 3917 mus
2161 3863 2271 3918 illic
2291 3862 2590 3917 Ecclesiam
2609 3905 2624 3930 ,
2649 3875 2704 3918 et
2728 3862 3094 3934 presbyterum
3121 3861 3454 3916 Terentium.
3482 3860 3617 3917 Item

2010 3947 2262 4010 recitavit.
2290 3956 2620 4011 Donatianus
2647 3958 2934 4027 episcopus
2955 3955 3406 4011 Carcabianensis
3433 3956 3611 4031 (579).

2012 4047 2243 4120 Cumque
2263 4050 2588 4116 accessisset,
2613 4051 2750 4104 idem
2773 4051 2922 4103 dixit.
2949 4049 3193 4105 Maudavi
3219 4058 3271 4103 et
3295 4048 3614 4117 subscripsi.

2012 4139 2147 4194 Item
2199 4142 2450 4194 recitavit.
2505 4140 2691 4195 Justus
2739 4143 3028 4209 episcopus
3081 4139 3386 4194 Nicihensis
3434 4141 3612 4208 (580).

2014 4231 2242 4302 Cumque
2263 4234 2589 4297 accessisset,
2613 4234 2746 4286 idem
2771 4233 2920 4287 dixit.
2948 4233 3196 4288 Maudavi
3221 4244 3275 4287 et
3295 4233 3612 4301 subscripsi.

2016 4325 2148 4380 Item
2193 4328 2442 4380 recitavit.
2491 4326 2641 4380 Felix
2687 4327 2973 4396 episcopus
3019 4325 3397 4396 Tagaraieusis
3439 4325 3610 4395 (581).

2015 4450 2191 4518 potius
2238 4449 2812 4521 {uisscicrediderim,
2859 4464 3019 4521 quam
3067 4449 3387 4504 Lanviritani
3427 4449 3516 4520 qui
3558 4449 3613 4504 in

1936 4555 1986 4617 υ
2016 4521 2207 4575 notitia
2242 4519 2506 4601 Numidia:
2537 4537 2594 4576 η.
2631 4522 2716 4576 19.

2086 4590 2236 4617 ΙΊἾΕΧ
2271 4589 2546 4617 ΠΙ-...,.-...-
2613 4591 2716 4617 Π--.

2014 4592 2116 4718 18(7
2111 4590 2237 4663 575)
2265 4589 2566 4646 Flavianus.
2606 4591 2945 4650 Pauzereusis
2957 4593 3269 4664 episcopus,
3289 4606 3450 4662 supra
3461 4633 3476 4658 ,
3490 4605 3610 4662 cap.

2012 4731 2236 4861 21(0576)
2277 4732 2532 4789 Donatus.
2578 4734 2922 4791 Sucardensis
2963 4736 3272 4806 episcopus,
3308 4733 3610 4804 inl‘ra,cap.

2085 4874 2238 4945 (577)
2280 4877 2513 4933 Arensis.
2550 4878 2695 4934 Duos
2729 4879 2887 4945 hujus
2935 4877 3036 4932 loci
3087 4875 3374 4946 episcopos
3425 4890 3616 4930 recen-

2010 4958 2130 5000 sent
2163 4947 2456 5002 Donatista:
2484 4949 2536 5002 in
2571 4950 2671 5004 hac
2699 4948 3034 5011 Collatione,
3069 4948 3115 5002 is
3143 4949 3344 5002 scilicet
3377 4946 3614 5002 Donatus

2013 5015 2118 5072 hoc
2149 5017 2321 5090 loco,
2348 5028 2404 5090 et
2440 5019 2688 5086 inferius,
2711 5036 2831 5090 cap.
2875 5021 3002 5076 208.
3036 5019 3332 5083 Secundus,
3361 5017 3614 5074 videntur

2015 5102 2138 5142 esse
2171 5087 2434 5144 Nttmida'.

2085 5157 2238 5291 (578)
2264 5161 2299 5210 Α
2332 5158 2708 5216 Cemeriniauo.
2733 5160 2900 5231 Cujus
2915 5161 3204 5232 provinciae
3217 5161 3601 5223 sit.incertum.

2112 5230 2240 5291 579)
2283 5227 2728 5286 Carcabiauensis.
2773 5233 2829 5286 lu
2888 5234 3158 5291 provincia
3200 5233 3506 5291 szaceua,
3551 5237 3601 5283 ul

2112 5227 2240 5299 579)
2283 5227 2728 5305 Carcabiauensis.
2773 5227 2829 5286 1ιὶ
2888 5227 3158 5305 provincia
3200 5233 3506 5305 Byzaceua,
3551 5237 3612 5283 ut

2013 5298 2175 5355 docet
2207 5301 2395 5354 notitia
2430 5318 2483 5354 n.
2517 5301 2606 5357 84.
2643 5298 2904 5358 Famosus
2934 5315 3017 5359 est
3061 5298 3386 5359 Victorianus
3415 5300 3607 5356 Carca-

2014 5369 2278 5457 bianeusis.
2299 5377 2566 5457 eiuscepus
2595 5375 2685 5457 qui
2714 5376 2944 5457 concilio
2971 5375 3416 5457 cabftrSttssita_tto
3446 5378 3612 5428 inter-

2014 5439 2233 5517 fuitj‘et
2265 5439 2631 5517 inullagaicnsi
2655 5461 2695 5517 7e
2724 5447 2852 5500 sede
2881 5462 2974 5517 sua
3005 5447 3249 5517 dejectus
3277 5446 3394 5517 fuit.

2039 5511 2237 5637 il(580)
2266 5512 2590 5640 8Nicibeusis.
2641 5516 2803 5572 Forte
2846 5511 3092 5574 Nibeusii
3119 5520 3170 5572 in
3196 5515 3479 5577 Numidia,
3512 5525 3611 5565 no—

2083 5601 2146 5638 ta:
2178 5601 2230 5638 n.
2306 5622 2320 5637 .

2015 5585 2146 5638 tilia:
2178 5601 2230 5638 η.
2266 5585 2320 5638 8.

2086 5662 2238 5744 (581)
2283 5662 2661 5744 I’agaraieusis.
2704 5665 2911 5723 Prmter
2951 5667 3266 5744 Tuggratam
3307 5652 3607 5744 pr't‘iconsu;

2012 5731 2144 5788 laris
2172 5731 2461 5802 provincia:
2491 5735 2763 5792 civitatem
2804 5749 2921 5793 erat
2960 5731 3323 5803 in'Byzacena
3351 5731 3608 5803 Tagaria-

2013 5811 2134 5858 lana
2159 5804 2350 5871 sedes,
2383 5815 2438 5861 ut
2470 5805 2633 5864 docet
2662 5808 2852 5864 nutitia
2883 5825 2936 5862 tt.
2968 5807 3057 5860 57.
3091 5803 3254 5860 Forte
3280 5805 3326 5862 is
3367 5811 3484 5872 est,
3514 5803 3606 5874 qui
