4130 6170
275 304 404 361 1515

1229 296 1461 356 GESTA
1499 287 1954 352 COLLATIONIS
1992 284 2638 347 CARTHAGINENSIS.

3473 303 3624 364 1546

274 419 466 472 tionem
486 415 762 471 obtulisse.
798 413 864 468 Et
884 413 989 468 alia
1009 427 1184 466 manu.
1210 411 1542 481 Recognovi.
1569 410 1859 464 Petilianus
1886 411 1937 469 Α
1966 405 2151 460 datum
2179 404 2502 460 conlectum
2527 411 2638 458 est.
2672 403 2726 460 ls
2752 407 2848 478 qui
2879 411 3186 486 mandavit,
3227 417 3300 476 de
3325 420 3487 494 cujus
3526 441 3630 482 no-

270 513 533 581 episcopus
562 509 709 563 dixit.
752 507 894 576 Quid
934 507 976 561 si
1015 515 1069 562 et
1103 506 1205 560 iste
1244 505 1527 570 moriatur,
1578 503 1667 575 qui
1717 518 1861 575 mger

271 601 617 671 subscripsit?
643 601 792 670 quasi
825 598 989 653 hodie
1038 613 1143 651 non
1173 611 1310 652 unus
1344 595 1540 651 defecit
1584 593 1759 666 (118).
1793 593 1863 648 Et

271 697 372 751 alia
400 712 575 750 manu.
622 693 918 748 Petilianus
947 691 1230 762 episcopus
1276 689 1587 759 recognovi.
1623 687 1864 741 Aurelius

273 792 540 860 episcopus
566 788 804 843 Ecclesia:
830 784 1108 840 Catltolicte
1129 783 1548 857 Carthaginensis
1574 781 1725 836 dixit.
1753 779 1863 836 Sed

274 883 324 938 in
387 882 583 938 itinere
633 880 895 936 defecisse
941 878 1143 934 dixisti.
1188 875 1253 930 Et
1309 877 1414 930 alia
1461 892 1640 928 manu.
1690 874 1866 929 Reco-

275 978 455 1046 gnovi.
487 974 701 1045 Alypius
723 972 990 1041 episcopus
1020 969 1265 1024 Ecclesiae
1281 967 1546 1022 catholica:
1567 966 1717 1021 dixit.
1741 964 1867 1021 Suf-

278 1066 464 1122 ﬁciunt
514 1067 613 1120 ista
664 1063 1026 1134 deprehensa.
1070 1060 1280 1117 Caetera
1331 1060 1751 1129 subsequantur.
1799 1055 1868 1111 Et

277 1162 380 1215 alia
403 1177 579 1214 manu.
612 1158 944 1229 Recognovi.
988 1154 1280 1210 Petilianus
1305 1155 1573 1227 episcopus
1595 1153 1744 1208 dixit.
1778 1151 1864 1207 Ni-

278 1254 347 1308 hil
378 1251 804 1321 depreltendisti,
830 1249 1226 1320 argumentaris
1246 1259 1432 1303 contra
1466 1247 1773 1302 veritatem.
1805 1243 1871 1298 lit

276 1346 375 1400 alia
415 1361 591 1398 manu.
639 1340 1264 1410 Petilianus'cpiscopus
1307 1339 1614 1410 recognovi.
1654 1337 1872 1409 Alypius

276 1440 546 1509 episcopus
569 1435 818 1492 Ecclesia:
848 1435 1126 1490 Catholica:
1147 1436 1297 1489 dixit.
1324 1433 1406 1488 Tu
1437 1433 1642 1490 dixisti.
1679 1430 1746 1486 Et
1767 1429 1873 1490 alia

278 1547 449 1583 manu.
485 1529 814 1600 Recognovi.
1690 1550 1691 1553 η

340 1620 469 1677 208.
522 1619 861 1674 Marcellinus
888 1620 965 1672 uir
994 1619 1314 1673 clarissimus
1353 1618 1587 1674 tribunus
1635 1627 1680 1673 et
1725 1626 1874 1671 nota-

278 1715 380 1768 rius
411 1713 564 1767 dixit.
599 1713 653 1766 Si
691 1726 877 1767 verum
904 1721 1009 1777 est,
1043 1720 1101 1764 ut
1130 1710 1399 1775 asseritis,
1425 1709 1568 1780 quod
1598 1710 1650 1764 in
1680 1708 1875 1763 itinere

1967 499 2112 553 mine
2131 513 2283 553 nunc
2312 498 2520 592 agitur,
2546 513 2675 554 cum
2695 513 2974 572 aegrotare
2995 510 3284 581 coepisset,
3313 515 3383 572 ad
3407 522 3633 592 propria

1967 605 2222 647 remeans
2255 591 2316 644 in
2347 590 2558 647 itinere
2589 592 2817 652 deiecit.
2846 599 2919 655 Et
2964 604 3074 660 alia
3102 622 3285 663 manu.
3319 590 3639 677 Adeodatus

1967 683 2268 754 episcopus
2316 685 2654 773 recognovi.
2706 686 3018 751 Vincentius
3073 699 3352 773 episcopus
3393 704 3646 770 Ecclesia:

1969 773 2249 864 catholica:
2301 770 2466 826 dixit.
2526 775 2686 834 Dicat
2727 798 2841 853 quo
2885 787 2942 843 in
2989 770 3116 848 loco
3143 770 3368 854 defecit.
3423 801 3493 858 Et
3540 808 3648 864 alia
3686 782 3688 784 ν

1968 882 2151 961 manu.
2210 861 2594 961 Recogttovi.
2652 872 2954 936 Adeodatus
2999 885 3276 961 episcOpus
3322 892 3480 953 dixit.

1971 958 2100 1014 novi
2131 955 2366 1053 locum.
2398 953 2471 1053 Et
2507 962 2626 1017 alia
2654 983 2838 1026 manu.
2864 973 2938 1030 Ut
2968 953 3154 1050 supra.
3178 953 3652 1053 'Marcellinusl

1973 1050 2342 1157 clarissimus
2364 1050 2625 1112 tribunus
2653 1072 2700 1116 et
2727 1070 2963 1126 notarius
2989 1073 3139 1130 dixit.
3167 1077 3431 1146 Quoniam
3455 1050 3652 1157 proba-

1973 1142 2109 1240 bilis
2135 1149 2222 1197 est
2285 1147 2504 1197 vestras
2563 1157 2871 1216 sanctitatis
2904 1142 3230 1235 prosecutio,
3262 1189 3363 1239 qua
3405 1142 3648 1240 etim—hic

1975 1234 2153 1330 fuisse
2179 1243 2255 1330 et?
2277 1247 2502 1330 3³81⁸11111
2529 1242 2603 1299 ad
2634 1253 2849 1320 propria
2879 1234 3507 1328 remeantemdefecisse

1976 1328 2146 1424 taris,
2175 1329 2394 1424 saltem
2424 1327 2542 1424 hoc
2577 1339 2775 1400 docere
2799 1355 2851 1403 te
2874 1355 3142 1421 convenit,
3170 1369 3227 1412 ut
3252 1367 3431 1418 utrum
3463 1327 3516 1419 in
3537 1327 3638 1424 hac

1979 1421 2130 1521 urbe
2163 1423 2341 1521 fuerit
2365 1422 2468 1479 sub
2504 1427 2608 1521 Dei
2633 1438 3014 1498 testificatione
3045 1444 3315 1518 designes.
3364 1421 3634 1511 Fortuna;

1980 1519 2172 1616 tinet-us
2199 1519 2484 1616 episcopus
2516 1519 2774 1616 {Ecclesiae
2796 1532 3070 1588 catholica:
3109 1537 3260 1592 dixit.
3285 1541 3342 1596 Si
3382 1548 3630 1616 praecipit

1981 1606 2304 1666 sublimitas
2355 1618 2467 1678 tua,
2521 1614 2774 1675 Petiliani
2817 1623 2917 1676 viri
2973 1627 3260 1684 clarissimi
3311 1606 3620 1701 proseculio

1982 1703 2275 1790 recitatur,
2314 1715 2371 1760 ut
2403 1721 2469 1762 ex
2503 1709 2740 1769 lectione
2785 1727 3118 1786 cognoscant
3163 1723 3421 1792 universi,
3449 1743 3612 1797 quam

278 1806 491 1871 defecit,
520 1812 733 1860 constat
770 1804 887 1873 ejus
922 1803 1381 1871 subscriptionem
1409 1801 1702 1857 falsissime
1733 1799 1872 1854 reci-
1903 1796 1952 1858 Β
1982 1809 2096 1852 non
2128 1787 2258 1856 vere
2291 1814 2434 1855 nunc
2463 1801 2681 1860 dicatur
2707 1821 2831 1861 eum
2864 1809 3216 1877 repedantem
3259 1814 3329 1870 tle
3382 1787 3609 1874 Cartha-

278 1908 439 1954 tatam
467 1915 479 1951 :
512 1898 594 1952 sin
623 1910 752 1950 vero
776 1894 890 1966 ipse
907 1893 1252 1964 subscripsit,
1278 1908 1389 1949 non
1406 1894 1579 1963 potuit
1600 1894 1653 1947 in
1681 1891 1875 1946 itinere

276 1993 541 2063 deperire.
573 1975 866 2044 Petilianus
907 1989 1176 2058 episcopus
1213 1989 1368 2042 dixit.
1418 1985 1534 2042 Non
1575 1996 1659 2042 est
1690 1985 1879 2040 Imma-

275 2102 399 2140 num
448 2082 622 2138 mori?
665 2081 780 2136 Non
830 2081 991 2136 etiam
1036 2081 1332 2136 morientes
1376 2079 1716 2135 teStamentis
1767 2077 1878 2132 suis

275 2174 662 2233 subscribunt?
695 2173 758 2228 Et
787 2174 892 2228 alia
919 2190 1096 2228 manu.
1128 2173 1428 2229 Petilianus
1464 2173 1758 2243 episcopus
1790 2184 1872 2225 re-

274 2270 522 2342 cognovi.
557 2267 774 2338 Alypius
812 2268 1082 2340 episcOpus
1125 2267 1374 2322 Ecclesia:
1418 2268 1694 2322 catholica:
1724 2267 1874 2320 dixit.

276 2361 630 2417 Humanitatis
655 2368 738 2414 est
764 2358 922 2426 mori,
973 2359 1066 2414 sed
1100 2360 1510 2414 iuhumanitatis
1541 2369 1631 2416 est
1660 2358 1871 2415 fallere.

277 2452 344 2508 Et
367 2454 476 2508 alia
503 2469 675 2508 manu.
710 2452 1035 2524 Recognovi.
1077 2451 1364 2507 Petilianus
1391 2454 1675 2526 episcopus
1721 2453 1876 2509 dixit.

275 2549 390 2604 Non
419 2557 502 2603 est
542 2546 643 2602 hoc
671 2546 874 2612 fallere,
907 2548 1031 2616 quia
1060 2548 1235 2617 potuit
1282 2556 1564 2603 revertens
1594 2551 1652 2605 in
1685 2549 1880 2604 itinere

277 2642 433 2697 mori.
460 2641 762 2696 Mandatum
792 2641 966 2697 adhuc
991 2639 1150 2695 modo
1178 2640 1404 2706 accipio.
1433 2641 1568 2699 Dico
1601 2643 1732 2716 quid
1763 2658 1880 2698 mo-

277 2745 416 2787 vcat.
449 2731 514 2786 Et
539 2734 643 2787 alia
679 2750 852 2789 manu.
898 2733 1193 2788 Petilianus
1223 2734 1508 2803 episcopus
1553 2737 1876 2808 recognovi.

279 2824 685 2883 Fortunatianus
711 2829 978 2900 episcopus
998 2825 1242 2882 Ecclesiae
1268 2827 1535 2882 catholicae
1557 2830 1718 2885 dixit.
1738 2831 1884 2887 Man—

279 2920 526 2975 datorum
551 2920 666 2974 dies
697 2920 938 2991 prolatus
976 2934 1004 2972 a
1035 2920 1277 2990 partibus
1318 2919 1599 2988 recitetur,
1630 2933 1687 2977 ut
1717 2938 1884 2993 appa-

280 3021 396 3068 reat
438 3012 506 3068 de
552 3011 770 3068 nomine
799 3011 1060 3077 defuncti,
1101 3027 1221 3082 quae
1253 3027 1377 3082 pars
1427 3012 1477 3065 in
1535 3015 1881 3072 mendacium

280 3103 593 3175 prosilierit.
631 3101 697 3155 Et
727 3103 834 3158 alia
856 3119 1032 3156 manu.
1057 3096 1386 3173 RecognOvi.
1433 3102 1778 3161 Marcellinus
1806 3109 1883 3161 vir

1979 1889 2130 1960 gine,
2160 1892 2214 1947 in
2234 1893 2430 1950 itinere
2452 1895 2744 1966 defecisse,
2779 1901 2904 1969 quia
2930 1902 3092 1958 aliter
3113 1919 3236 1962 eum
3270 1907 3389 1976 ejus
3417 1925 3607 1979 prose-

1980 1985 2128 2039 cutio
2157 1985 2576 2043 demonstravit.
2613 1989 2681 2042 Et
2704 1991 2813 2044 alia
2851 2007 3030 2047 manu.
3060 1993 3397 2066 Recognovi.
3447 2001 3603 2056 Mar-

1981 2078 2199 2132 cellinus
2228 2079 2304 2132 vir
2333 2079 2654 2136 clarissimus
2683 2081 2920 2138 tribunus
2965 2093 3014 2138 et
3040 2087 3275 2143 notarius
3301 2089 3452 2144 dixit.
3494 2091 3602 2150 Le-

1980 2179 2138 2238 galur
2164 2171 2477 2240 prosecutio
2499 2173 2788 2241 postulata.
2813 2172 3044 2245 Cumque
3061 2193 3125 2231 ex
3135 2179 3311 2234 codice
3324 2181 3594 2253 legeretur,

1985 2262 2324 2319 Marcellinus
2363 2267 2444 2319 vir
2478 2266 2800 2321 clarissimus
2838 2267 3076 2324 tribunus
3102 2281 3150 2324 et
3178 2274 3414 2328 notarius
3438 2275 3592 2331 dixit.

1983 2356 2124 2411 Nihil
2156 2358 2287 2413 mihi
2318 2357 2530 2413 videtur
2554 2359 2789 2430 amplius
2815 2360 2883 2415 de
2907 2360 3007 2415 hac
3031 2372 3188 2432 parte
3208 2366 3585 2436 quaerendum,

1983 2449 2084 2504 nisi
2116 2458 2174 2504 ut
2219 2449 2322 2505 sub
2365 2449 2745 2506 tcStilicatione
2773 2450 2953 2506 divina
2983 2462 3160 2508 utrum
3206 2454 3297 2511 hic
3343 2472 3589 2526 praesens

1985 2541 2148 2600 fuerit
2177 2544 2244 2600 de
2282 2559 2389 2614 quo
2418 2544 2615 2614 agitur,
2660 2544 2894 2614 simplici
2926 2544 3266 2615 professione
3297 2548 3588 2618 pandatur.

1985 2635 2247 2692 Emeritus
2272 2637 2544 2709 episcopus
2579 2637 2732 2691 dixit.
2757 2635 2898 2704 Quid
2936 2637 2981 2691 si
3012 2651 3072 2692 se
3097 2638 3237 2694 alius
3268 2655 3365 2709 pro
3395 2641 3591 2700 eodem

1985 2729 2270 2800 apposuit?
2321 2727 2389 2783 Et
2419 2729 2524 2783 alia
2573 2746 2750 2785 manu.
2792 2729 3066 2786 Emeritus
3109 2731 3396 2803 episcopus
3435 2749 3592 2792 reco-

1985 2824 2166 2896 gnovi.

2059 2914 2396 2969 Marcellinus
2417 2914 2494 2968 vir
2515 2914 2838 2970 clarissimus
2859 2913 3095 2970 tribunus
3119 2923 3165 2970 et
3185 2916 3418 2972 notarius
3435 2918 3591 2997 dixit.

1987 3008 2064 3062 De
2097 3008 2199 3064 hoc
2224 3008 2314 3062 Dei
2342 3007 2447 3063 erit
2472 3008 2634 3063 etiam
2663 3009 2781 3064 sine
2811 3011 3142 3064 sacramenti
3173 3010 3593 3081 interpositione

1987 3104 2131 3160 circa
2163 3102 2444 3167 fallentes,
2487 3101 2638 3156 omni
2667 3116 2734 3157 ex
2768 3110 2922 3173 parte
2944 3101 3232 3171 judicium.
3263 3103 3422 3161 Unde
3459 3105 3593 3161 reli-

281 3196 596 3250 clarissimus
649 3195 884 3250 tribunus
914 3204 962 3250 et
1007 3196 1237 3250 notarius
1278 3194 1428 3248 dixit.
1463 3195 1702 3252 Mandati
1740 3198 1880 3254 diem
1909 3189 1954 3252 C
1989 3210 2092 3267 qua
2136 3193 2592 3250 subscribeutium
2624 3194 2843 3250 nomina
2886 3194 3219 3266 relegantur.
3245 3195 3312 3250 Et
3332 3199 3589 3254 recitavit.

284 3289 480 3360 pandat
503 3288 761 3344 ofﬁcium.
789 3288 1103 3358 Ruﬁnianus
1124 3287 1291 3341 scriba
1321 3287 1472 3341 dixit.
1493 3286 1754 3346 Recitabo
1778 3291 1884 3346 sic-

285 3391 341 3436 ut
369 3380 624 3451 praacepit
657 3381 961 3436 sublimitas
994 3391 1082 3434 tua
1111 3379 1255 3435 diem
1302 3381 1564 3434 mandati.
1599 3379 1669 3436 Et
1700 3385 1883 3437 recita-

283 3475 371 3529 uit.
405 3474 536 3529 Post
574 3473 911 3530 consulatum
948 3473 1175 3530 Varanis
1215 3473 1313 3528 viri
1362 3473 1651 3530 clarissimi
1691 3487 1884 3533 octavo

282 3566 543 3623 kalendas
569 3566 758 3622 Iunias
787 3567 1128 3639 Carthagine.
1179 3566 1248 3621 Et
1276 3583 1390 3621 cum
1432 3568 1687 3636 recitaret,
1738 3568 1884 3624 Mar-

285 3660 496 3714 cellinus
533 3659 612 3713 vir
638 3644 958 3713 clarissimus
987 3659 1223 3713 tribunus
1247 3669 1294 3714 et
1323 3660 1552 3714 notarius
1579 3661 1728 3715 dixit.
1766 3659 1885 3718 Cte-

285 3761 400 3809 tcra
443 3753 808 3824 perlegautur.
838 3751 1149 3821 Rufinianus
1191 3753 1356 3807 scriba
1395 3754 1644 3808 recitavit.
1687 3754 1886 3810 Janua-

282 3845 493 3908 rianus,
522 3844 849 3909 Primianus,
900 3843 1074 3908 Felix,
1108 3844 1369 3909 Donatus,
1408 3844 1732 3910 Candorius,
1779 3847 1888 3917 0p-

283 3945 451 4001 tatus,
488 3935 838 4001 Donalianus,
881 3935 1238 3999 Antoniauus,
1292 3935 1650 4000 Victorianus,
1682 3935 1883 4005 Fortis,

282 4037 342 4084 et
386 4027 606 4092 cancri;
654 4025 946 4091 Primiano,
979 4027 1261 4092 Petiliano,
1308 4025 1572 4095 Emerita,
1619 4027 1883 4097 Protasio,

282 4121 562 4188 Montano,
595 4118 915 4186 Gaudentio,
965 4119 1266 4185 Adeodato,
1294 4121 1633 4190 coepiscopis
1683 4124 1886 4177 nostris

287 4223 583 4284 przcsentcs
606 4211 964 4282 praesentibus
990 4211 1241 4265 salutem.
1273 4209 1338 4264 Et
1361 4227 1476 4263 cum
1493 4211 1754 4278 recitaret,
1780 4212 1890 4264 Au-

286 4306 445 4360 relius
479 4305 747 4377 episcOpus
780 4301 1023 4357 Ecclesia:
1050 4301 1318 4356 catholica:
1362 4301 1510 4356 dixit.
1562 4301 1887 4358 Iamdudum

284 4398 407 4468 ipse
456 4391 795 4467 subscripsit.
855 4394 1012 4450 Modo
1059 4394 1196 4450 dixit
1247 4393 1490 4451 Clericus
1546 4395 1888 4466 subscripsit,

286 4487 454 4543 modo
492 4489 801 4559 episcopus.
849 4485 1059 4542 Etcum
1087 4486 1296 4553 diceret,
1339 4487 1410 4557 (et
1439 4486 1545 4541 alia
1572 4502 1751 4541 manu.
1784 4486 1891 4544 Re-

1987 3284 2401 3354 Quodvultdcus
2453 3284 2742 3354 episcopus
2789 3283 3089 3350 Volitanus.
3144 3285 3373 3358 Cumque
3417 3304 3593 3344 acces-

1987 3382 2161 3446 sisset,
2189 3380 2326 3435 idem
2357 3377 2506 3433 dixit.
2541 3379 2788 3434 Mandavi
2820 3388 2874 3434 et
2902 3379 3216 3451 subscripsi.
3250 3379 3386 3436 Item
3406 3383 3596 3438 recita-

1987 3475 2081 3528 vit.
2107 3473 2350 3528 Donatus
2380 3469 2668 3541 episcOpus
2699 3487 2728 3526 a
2756 3471 2931 3526 Turre
2955 3471 3210 3527 Rotunda
3236 3471 3411 3544 (419).
3441 3473 3595 3530 Cum-

1989 3581 2087 3636 que
2129 3565 2456 3627 accessisset,
2498 3563 2634 3617 idem
2675 3563 2826 3618 dixit.
2869 3561 3113 3617 Mandavi
3167 3572 3222 3618 et
3269 3564 3591 3636 subscripsi.

1988 3655 2126 3711 Item
2138 3656 2368 3710 recitavit
2377 3692 2390 3708 .
2408 3654 2678 3709 Victorius
2691 3655 2981 3724 episcopus
2994 3655 3320 3711 Selendeten
3328 3657 3404 3712 sis
3416 3657 3592 3730 (420).

1992 3745 2385 3802 Crescentianus
2411 3746 2682 3816 episcopus
2721 3745 2876 3799 dixit.
2903 3744 3003 3800 llic
3041 3755 3154 3813 est,
3182 3755 3426 3817 aegrotat.
3460 3747 3597 3806 Item

1991 3841 2243 3894 recitavit.
2305 3837 2730 3895 Crescentianus
2787 3838 3072 3908 episcopus
3128 3840 3592 3898 Ammederensis.

1993 3931 2224 4001 Cumque
2243 3933 2560 3997 accessisset,
2588 3932 2726 3987 idem
2745 3931 2901 3986 dixit.
2929 3931 3172 3989 Mandavi
3197 3944 3252 3992 et
3271 3936 3591 4009 subscripsi.

1993 4027 2126 4084 Item
2148 4027 2399 4082 recitavit.
2429 4025 2580 4081 Felix
2608 4027 2896 4097 episcopus
2921 4025 3215 4083 Bullensis.
3251 4028 3476 4100 Cumque
3500 4047 3595 4086 ac.

1991 4122 2256 4189 cessisset,
2291 4121 2427 4174 idem
2455 4119 2607 4172 dixit.
2640 4119 2888 4173 Mandavi
2920 4127 2976 4173 et
3001 4121 3320 4192 subscripsi.
3350 4122 3485 4177 Item
3515 4140 3597 4180 re-

1993 4213 2187 4266 citavit.
2215 4211 2544 4267 Cresconius
2567 4211 2854 4281 episcopus
2881 4223 2910 4262 a
2931 4209 3207 4267 Cibaliana
3235 4211 3410 4284 (121).
3440 4212 3596 4270 Cum-

1991 4321 2090 4376 que
2127 4305 2455 4369 accessisset,
2501 4303 2638 4356 idem
2686 4304 2836 4358 dixit.
2886 4300 3132 4361 Mandavi
3170 4315 3227 4362 et
3268 4305 3590 4381 subscripsi.

1992 4396 2126 4452 Item
2197 4397 2448 4451 recitauit.
2527 4395 2710 4452 Jurata
2777 4395 3065 4466 episcopus
3135 4413 3167 4454 a
3244 4398 3595 4457 Turre-Ta-

1994 4490 2358 4546 mallumensi.
2391 4488 2619 4560 Cumque
2646 4489 2960 4556 accessisset,
2988 4490 3125 4545 idem
3167 4492 3317 4549 dixit.
3351 4493 3596 4550 Mandavi

286 4581 569 4652 cognovi.)
596 4581 933 4636 Marcellinus
958 4582 1035 4634 vir
1063 4581 1381 4636 clarissimus
1402 4580 1636 4634 tribunus
1665 4591 1712 4635 et
1738 4592 1888 4636 nota-
1913 4579 1968 4641 D
1992 4594 2048 4640 et
2076 4584 2398 4654 subscripsi.
2423 4581 2560 4637 Item
2584 4583 2836 4638 recitavit.
2869 4581 3138 4639 Liberalis
3161 4585 3452 4656 episcopus
3493 4587 3596 4642 Mi-

289 4679 401 4731 rius
435 4676 586 4730 dixit.
631 4667 956 4741 Advertitis,‘
991 4684 1287 4747 praesentes
1326 4677 1488 4748 287
1529 4677 1888 4747 praesentibus

289 4768 582 4839 peragendi
625 4770 825 4840 negotii
853 4768 1069 4825 dedisse
1095 4768 1429 4824 mandatum.
1465 4768 1745 4834 Quomodo
1789 4769 1889 4838 igi-

292 4871 383 4917 tur
407 4861 494 4916 hic
519 4863 608 4932 qui
638 4878 876 4932 praesens
907 4864 960 4918 in
989 4862 1089 4918 hac
1109 4862 1242 4918 urbe
1268 4877 1327 4918 se
1358 4862 1498 4917 inter
1526 4870 1755 4916 caeteros
1770 4861 1889 4916 sine

287 4953 456 5008 dubio
487 4953 771 5010 mandasse
803 4953 1078 5024 professus
1105 4962 1190 5010 est
1211 4963 1267 5009 et
1288 4953 1339 5008 in
1365 4954 1557 5008 itinere
1577 4952 1774 5008 dicitur
1797 4952 1893 5008 de-

286 5045 507 5114 fecisse,
540 5057 594 5103 et
627 5049 679 5102 in
707 5047 807 5103 hac
833 5048 964 5105 urbe
993 5048 1379 5118 subscripsisse
1417 5047 1704 5102 mandato?
1724 5047 1893 5111 Adeo-

287 5139 444 5195 datus
468 5143 740 5213 episcOpus
767 5142 919 5196 dixit.
951 5141 1086 5197 Octo
1115 5141 1229 5198 dies
1249 5141 1455 5197 emensi
1484 5150 1630 5207 sunt,
1663 5151 1721 5195 ut
1742 5156 1894 5195 man-

364 5305 516 5378 (418)
564 5307 729 5378 Quasi
769 5305 923 5360 hodie
949 5321 1051 5359 non
1081 5323 1211 5360 unus
1238 5306 1442 5375 defecit.
1474 5304 1738 5378 Nimirum
1771 5305 1888 5361 Ma-

281 5376 612 5448 ximinianus
641 5377 1001 5448 Bennefensis,
1034 5392 1218 5447 supra.
1250 5393 1368 5446 cap.
1404 5378 1507 5432 155
1538 5376 1744 5448 ειί198.

364 5448 523 5519 (419)
565 5446 732 5519 Turre
758 5446 999 5503 rotunda.
1031 5446 1259 5519 PtOlem.
1292 5449 1385 5502 lib.
1421 5463 1494 5516 ιν,
1520 5463 1569 5502 c.
1595 5447 1651 5511 2,
1679 5447 1896 5519 Robun-

280 5519 418 5574 dam
448 5517 588 5572 locat
630 5518 776 5575 inter
815 5521 1010 5590 oppida
1041 5517 1340 5582 Numidiae,
1373 5535 1532 5590 quam
1575 5535 1698 5574 cum
1730 5517 1894 5575 Turre

280 5591 521 5662 rotunda
547 5593 840 5662 convenire
856 5589 1033 5662 posse
1052 5591 1356 5662 suspicatur
1377 5589 1646 5644 Baluzius.

367 5660 524 5732 (491))
567 5659 968 5732 Selendetensis.
1015 5659 1160 5714 Inter
1188 5661 1484 5732 episcopos
1530 5663 1619 5730 qui
1659 5661 1891 5732 concilio

281 5728 714 5803 Carthagiuensi
747 5735 871 5788 anni
898 5731 1004 5803 59.5
1037 5728 1402 5803 interfuerunt
1445 5728 1757 5790 nominatur
1787 5730 1891 5787 Fe-

288 5801 573 5862 licissimus
595 5808 868 5876 cpiscopus
896 5801 1213 5862 Sedelensis.
1241 5872 1246 5877 ι

1995 4676 2241 4732 lidiensis
2275 4673 2450 4748 (422).
2481 4673 2707 4746 Cumque
2733 4675 3060 4740 accessisset,
3087 4675 3223 4729 idem
3263 4675 3415 4732 dixit.
3447 4677 3596 4734 Man-

1992 4771 2121 4827 davi
2144 4779 2200 4826 et
2235 4771 2551 4842 subscripsi.
2585 4770 2720 4826 Item
2753 4770 3005 4825 recitavit.
3045 4770 3281 4827 Donatus
3305 4772 3598 4843 episcopus

1993 4865 2390 4934 Auzagerensis
2419 4863 2595 4937 (425).
2629 4863 2860 4936 Cumque
2890 4866 3215 4933 accessisset,
3259 4866 3396 4921 idem
3439 4868 3594 4926 dixit.

1995 4954 2243 5009 Mandavi
2265 4963 2321 5010 et
2341 4956 2661 5025 subscripsi.
2683 4955 2814 5011 Item
2836 4957 3085 5011 recitauit.
3103 4957 3291 5014 Victor
3310 4959 3598 5033 episcopus

1995 5045 2403 5117 Villaregensis.
2444 5045 2675 5118 Cumque
2717 5048 3046 5112 accessisset,
3088 5048 3226 5103 idem
3263 5050 3415 5106 dixit.
3447 5053 3599 5109 Man-

1996 5137 2120 5195 davi
2162 5148 2217 5195 et
2246 5139 2564 5210 subscripsi.
2593 5137 2729 5194 Item
2757 5141 3008 5196 recitauit.
3045 5141 3285 5200 Donatus
3312 5145 3598 5218 episcopus

2072 5305 2228 5388 (1211
2338 5307 2625 5388 Cibaliana.
2652 5308 2899 5388 Concilio
2920 5310 3330 5388 Cartltagiuensi
3363 5315 3464 5388 sub
3483 5314 3592 5388 Cy-

2065 5330 2223 5388 μΖί)
2265 5330 2311 5362 Α
2338 5330 2625 5364 ωυαιιαπα.
2652 5330 2899 5366 υοηωιιο
2920 5330 3116 5367 uartua
3159 5331 3330 5372 meum
3363 5330 3464 5370 sun
3483 5330 3592 5388 by-

1997 5391 2188 5462 prtauo
2216 5378 2460 5462 interluit
2485 5377 2777 5462 Donatusa
2798 5379 3085 5462 Cibaliana_.
3111 5330 3279 5462 Cujus
3300 5387 3595 5462 provincia:

1997 5451 2178 5515 fuerit,
2215 5451 2505 5527 incertum.
2531 5451 2696 5527 Forte
2713 5453 2863 5527 idem
2893 5469 3014 5509 cum
3037 5451 3396 5512 Sebefianénsi
3430 5457 3595 5527 Byzaf

1997 5535 2177 5593 cense,
2219 5522 2286 5576 de
2324 5538 2427 5593 qua
2451 5523 2665 5578 notitia.
2697 5523 2878 5579 Adfuit
2919 5527 3153 5583 concilio
3183 5522 3592 5593 Carthaginiensi
3675 5550 3682 5556 -

1999 5593 2100 5647 sub
2120 5591 2415 5660 Bonifacio,
2433 5593 2766 5667 Constantius
2793 5597 3066 5667 episcOpus
3091 5597 3341 5652 Ecclesia:
3364 5591 3594 5652 Cerbali-

2000 5673 2364 5734 tanxtanuon
2396 5664 2637 5734 ejusdem
2670 5664 3153 5722 sedis'cum'istis?

2071 5733 2222 5808 (122)
2263 5735 2594 5808 Milidiensis.
2627 5737 2792 5806 Cujus
2825 5738 3125 5808 provincire
3156 5736 3257 5802 sit,
3294 5738 3584 5797 incertum.

2071 5803 2225 5876 (125)
2264 5807 2654 5881 Auzagerensis.
2696 5803 2755 5866 In
2793 5803 3069 5880 provincia
3108 5807 3388 5881 Byzacena
3426 5811 3586 5875 notit.
