  <div class='ocr_page' id='page_1' title='image "/cluster/home/n/w/nwhite01/storage/ocr_20150623/11/hvd.32044096580402/692.png"; bbox 0 0 4130 6170; ppageno 0'>
   <div class='ocr_carea' id='block_1_1' title="bbox 312 288 446 353">
    <p class='ocr_par' dir='ltr' id='par_1_1' title="bbox 312 288 446 353">
     <span class='ocr_line' id='line_1_1' title="bbox 312 288 446 353; baseline -0.007 0"><span class='ocrx_word' id='word_1_1' title='bbox 312 288 446 353; x_wconf 63' lang='grc'>4349</span> 
     </span>
    </p>
   </div>
   <div class='ocr_carea' id='block_1_2' title="bbox 1283 282 2671 359">
    <p class='ocr_par' dir='ltr' id='par_1_2' title="bbox 1283 282 2671 359">
     <span class='ocr_line' id='line_1_2' title="bbox 1283 282 2671 359; baseline 0.004 -8"><span class='ocrx_word' id='word_1_2' title='bbox 1283 282 1508 351; x_wconf 78' lang='lat' dir='ltr'><strong>GESTA</strong></span> <span class='ocrx_word' id='word_1_3' title='bbox 1549 282 2005 353; x_wconf 73' lang='lat' dir='ltr'><strong>COLLATIONIS</strong></span> <span class='ocrx_word' id='word_1_4' title='bbox 2043 292 2671 359; x_wconf 74' lang='lat' dir='ltr'><strong>CARTHAGINENSIS.</strong></span> 
     </span>
    </p>
   </div>
   <div class='ocr_carea' id='block_1_3' title="bbox 3496 304 3638 365">
    <p class='ocr_par' dir='ltr' id='par_1_3' title="bbox 3496 304 3638 365">
     <span class='ocr_line' id='line_1_3' title="bbox 3496 304 3638 365; baseline 0.021 -3"><span class='ocrx_word' id='word_1_5' title='bbox 3496 304 3638 365; x_wconf 66' lang='lat'><strong>1350</strong></span> 
     </span>
    </p>
   </div>
   <div class='ocr_carea' id='block_1_4' title="bbox 309 396 3639 493">
    <p class='ocr_par' dir='ltr' id='par_1_4' title="bbox 309 396 3639 493">
     <span class='ocr_line' id='line_1_4' title="bbox 309 396 3639 493; baseline 0.005 -30"><span class='ocrx_word' id='word_1_6' title='bbox 309 409 576 466; x_wconf 85' lang='lat' dir='ltr'><strong>adulterio</strong></span> <span class='ocrx_word' id='word_1_7' title='bbox 608 408 879 469; x_wconf 86' lang='lat' dir='ltr'><strong>detectus.</strong></span> <span class='ocrx_word' id='word_1_8' title='bbox 912 410 1116 469; x_wconf 80' lang='lat' dir='ltr'><strong>Adhuc</strong></span> <span class='ocrx_word' id='word_1_9' title='bbox 1156 408 1360 479; x_wconf 86' lang='lat' dir='ltr'><strong>pendet</strong></span> <span class='ocrx_word' id='word_1_10' title='bbox 1397 409 1660 481; x_wconf 73' lang='lat' dir='ltr'><strong>cognitio.</strong></span> <span class='ocrx_word' id='word_1_11' title='bbox 1693 406 1921 467; x_wconf 82' lang='lat' dir='ltr'><strong>Marcel-</strong></span> <span class='ocrx_word' id='word_1_12' title='bbox 1949 412 1994 473; x_wconf 84' lang='grc' dir='ltr'><strong>Α</strong></span> <span class='ocrx_word' id='word_1_13' title='bbox 2025 424 2216 484; x_wconf 89' lang='lat' dir='ltr'><strong>postea</strong></span> <span class='ocrx_word' id='word_1_14' title='bbox 2249 396 2703 488; x_wconf 81' lang='lat' dir='ltr'><strong>supervenerunt.</strong></span> <span class='ocrx_word' id='word_1_15' title='bbox 2737 417 2777 474; x_wconf 90' lang='lat' dir='ltr'><strong>li</strong></span> <span class='ocrx_word' id='word_1_16' title='bbox 2818 418 2980 475; x_wconf 87' lang='lat' dir='ltr'><strong>etiam</strong></span> <span class='ocrx_word' id='word_1_17' title='bbox 3008 416 3138 490; x_wconf 73' lang='lat' dir='ltr'><strong>iube</strong></span> <span class='ocrx_word' id='word_1_18' title='bbox 3171 427 3225 474; x_wconf 87' lang='lat' dir='ltr'><strong>ut</strong></span> <span class='ocrx_word' id='word_1_19' title='bbox 3254 421 3455 493; x_wconf 84' lang='lat' dir='ltr'><strong>cogniti</strong></span> <span class='ocrx_word' id='word_1_20' title='bbox 3485 436 3639 480; x_wconf 85' lang='lat' dir='ltr'><strong>accc—</strong></span> 
     </span>
    </p>
   </div>
   <div class='ocr_carea' id='block_1_5' title="bbox 307 498 1925 576">
    <p class='ocr_par' dir='ltr' id='par_1_5' title="bbox 307 498 1925 576">
     <span class='ocr_line' id='line_1_5' title="bbox 307 498 1925 576; baseline 0.003 -21"><span class='ocrx_word' id='word_1_21' title='bbox 307 498 446 556; x_wconf 82' lang='lat' dir='ltr'><strong>linus</strong></span> <span class='ocrx_word' id='word_1_22' title='bbox 470 502 547 556; x_wconf 73' lang='lat' dir='ltr'><strong>vir</strong></span> <span class='ocrx_word' id='word_1_23' title='bbox 574 502 896 559; x_wconf 84' lang='lat' dir='ltr'><strong>clarissimus</strong></span> <span class='ocrx_word' id='word_1_24' title='bbox 919 504 1162 559; x_wconf 81' lang='lat' dir='ltr'><strong>tribunus</strong></span> <span class='ocrx_word' id='word_1_25' title='bbox 1188 508 1237 554; x_wconf 87' lang='lat' dir='ltr'><strong>ct</strong></span> <span class='ocrx_word' id='word_1_26' title='bbox 1259 503 1492 557; x_wconf 80' lang='lat' dir='ltr'><strong>notarius</strong></span> <span class='ocrx_word' id='word_1_27' title='bbox 1511 502 1664 558; x_wconf 86' lang='lat' dir='ltr'><strong>dixit.</strong></span> <span class='ocrx_word' id='word_1_28' title='bbox 1695 503 1925 576; x_wconf 86' lang='lat' dir='ltr'><strong>Episco-</strong></span> 
     </span>
    </p>
   </div>
   <div class='ocr_carea' id='block_1_6' title="bbox 313 592 1922 666">
    <p class='ocr_par' dir='ltr' id='par_1_6' title="bbox 313 592 1922 666">
     <span class='ocr_line' id='line_1_6' title="bbox 313 592 1922 666; baseline 0.001 -19"><span class='ocrx_word' id='word_1_29' title='bbox 313 607 439 663; x_wconf 92' lang='lat' dir='ltr'><strong>pum</strong></span> <span class='ocrx_word' id='word_1_30' title='bbox 470 594 668 649; x_wconf 81' lang='lat' dir='ltr'><strong>suiﬁcit</strong></span> <span class='ocrx_word' id='word_1_31' title='bbox 699 596 1050 659; x_wconf 85' lang='lat' dir='ltr'><strong>ordinatum;</strong></span> <span class='ocrx_word' id='word_1_32' title='bbox 1088 592 1196 648; x_wconf 84' lang='lat' dir='ltr'><strong>hac</strong></span> <span class='ocrx_word' id='word_1_33' title='bbox 1236 602 1391 663; x_wconf 86' lang='lat' dir='ltr'><strong>parte</strong></span> <span class='ocrx_word' id='word_1_34' title='bbox 1422 594 1648 650; x_wconf 70' lang='lat' dir='ltr'><strong>tr‘ansita</strong></span> <span class='ocrx_word' id='word_1_35' title='bbox 1668 635 1681 661; x_wconf 92' lang='lat'><strong>,</strong></span> <span class='ocrx_word' id='word_1_36' title='bbox 1715 596 1922 666; x_wconf 89' lang='lat' dir='ltr'><strong>reliqua</strong></span> 
     </span>
    </p>
   </div>
   <div class='ocr_carea' id='block_1_7' title="bbox 313 684 1927 760">
    <p class='ocr_par' dir='ltr' id='par_1_7' title="bbox 313 684 1927 760">
     <span class='ocr_line' id='line_1_7' title="bbox 313 684 1927 760; baseline 0.003 -20"><span class='ocrx_word' id='word_1_37' title='bbox 313 694 593 756; x_wconf 72' lang='lat' dir='ltr'><strong>percurrat</strong></span> <span class='ocrx_word' id='word_1_38' title='bbox 629 687 891 745; x_wconf 88' lang='lat' dir='ltr'><strong>ofﬁcium.</strong></span> <span class='ocrx_word' id='word_1_39' title='bbox 926 684 992 747; x_wconf 76' lang='lat' dir='ltr'><strong>Et</strong></span> <span class='ocrx_word' id='word_1_40' title='bbox 1014 686 1278 744; x_wconf 85' lang='lat' dir='ltr'><strong>recitavit.</strong></span> <span class='ocrx_word' id='word_1_41' title='bbox 1310 686 1601 745; x_wconf 79' lang='lat' dir='ltr'><strong>Faustinus</strong></span> <span class='ocrx_word' id='word_1_42' title='bbox 1636 688 1927 760; x_wconf 80' lang='lat' dir='ltr'><strong>episcopus</strong></span> 
     </span>
    </p>
   </div>
   <div class='ocr_carea' id='block_1_8' title="bbox 312 777 1920 855">
    <p class='ocr_par' dir='ltr' id='par_1_8' title="bbox 312 777 1920 855">
     <span class='ocr_line' id='line_1_8' title="bbox 312 777 1920 855; baseline 0.003 -23"><span class='ocrx_word' id='word_1_43' title='bbox 312 777 659 839; x_wconf 83' lang='lat' dir='ltr'><strong>Nationensis</strong></span> <span class='ocrx_word' id='word_1_44' title='bbox 700 782 873 855; x_wconf 78' lang='grc'>(458).</span> <span class='ocrx_word' id='word_1_45' title='bbox 923 783 1158 853; x_wconf 82' lang='lat' dir='ltr'><strong>Cumque</strong></span> <span class='ocrx_word' id='word_1_46' title='bbox 1208 781 1539 847; x_wconf 66' lang='lat' dir='ltr'><strong>accessisset,</strong></span> <span class='ocrx_word' id='word_1_47' title='bbox 1589 783 1724 838; x_wconf 90' lang='lat' dir='ltr'><strong>idem</strong></span> <span class='ocrx_word' id='word_1_48' title='bbox 1770 783 1920 838; x_wconf 88' lang='lat' dir='ltr'><strong>dixit.</strong></span> 
     </span>
    </p>
   </div>
   <div class='ocr_carea' id='block_1_9' title="bbox 316 870 1924 946">
    <p class='ocr_par' dir='ltr' id='par_1_9' title="bbox 316 870 1924 946">
     <span class='ocr_line' id='line_1_9' title="bbox 316 870 1924 946; baseline 0 -19"><span class='ocrx_word' id='word_1_49' title='bbox 316 871 700 928; x_wconf 81' lang='lat' dir='ltr'><strong>Adversarlum</strong></span> <span class='ocrx_word' id='word_1_50' title='bbox 726 889 836 930; x_wconf 91' lang='lat' dir='ltr'><strong>non</strong></span> <span class='ocrx_word' id='word_1_51' title='bbox 859 875 1050 939; x_wconf 81' lang='lat' dir='ltr'><strong>habeo,</strong></span> <span class='ocrx_word' id='word_1_52' title='bbox 1080 871 1343 928; x_wconf 82' lang='lat' dir='ltr'><strong>mandavi</strong></span> <span class='ocrx_word' id='word_1_53' title='bbox 1367 883 1420 928; x_wconf 88' lang='lat' dir='ltr'><strong>et</strong></span> <span class='ocrx_word' id='word_1_54' title='bbox 1445 874 1761 946; x_wconf 84' lang='lat' dir='ltr'><strong>subscripsi.</strong></span> <span class='ocrx_word' id='word_1_55' title='bbox 1788 870 1924 929; x_wconf 80' lang='lat' dir='ltr'><strong>Item</strong></span> 
     </span>
    </p>
   </div>
   <div class='ocr_carea' id='block_1_10' title="bbox 317 963 1919 1039">
    <p class='ocr_par' dir='ltr' id='par_1_10' title="bbox 317 963 1919 1039">
     <span class='ocr_line' id='line_1_10' title="bbox 317 963 1919 1039; baseline 0.001 -20"><span class='ocrx_word' id='word_1_56' title='bbox 317 966 566 1020; x_wconf 79' lang='lat' dir='ltr'><strong>recitauit.</strong></span> <span class='ocrx_word' id='word_1_57' title='bbox 599 965 899 1024; x_wconf 78' lang='lat' dir='ltr'><strong>Marcianus</strong></span> <span class='ocrx_word' id='word_1_58' title='bbox 927 970 1219 1039; x_wconf 83' lang='lat' dir='ltr'><strong>episcopus</strong></span> <span class='ocrx_word' id='word_1_59' title='bbox 1242 963 1710 1023; x_wconf 88' lang='lat' dir='ltr'><strong>Eminentius.....</strong></span> <span class='ocrx_word' id='word_1_60' title='bbox 1744 965 1919 1039; x_wconf 78' lang='grc'>(459).</span> 
     </span>
    </p>
   </div>
   <div class='ocr_carea' id='block_1_11' title="bbox 320 1058 1925 1129">
    <p class='ocr_par' dir='ltr' id='par_1_11' title="bbox 320 1058 1925 1129">
     <span class='ocr_line' id='line_1_11' title="bbox 320 1058 1925 1129; baseline 0.003 -17"><span class='ocrx_word' id='word_1_61' title='bbox 320 1058 730 1129; x_wconf 83' lang='lat' dir='ltr'><strong>Episcopus.....</strong></span> <span class='ocrx_word' id='word_1_62' title='bbox 778 1061 833 1116; x_wconf 92' lang='lat' dir='ltr'><strong>in</strong></span> <span class='ocrx_word' id='word_1_63' title='bbox 877 1062 1071 1118; x_wconf 76' lang='lat' dir='ltr'><strong>itinere</strong></span> <span class='ocrx_word' id='word_1_64' title='bbox 1120 1060 1407 1116; x_wconf 85' lang='lat' dir='ltr'><strong>remansit.</strong></span> <span class='ocrx_word' id='word_1_65' title='bbox 1453 1059 1608 1117; x_wconf 78' lang='lat' dir='ltr'><strong>Felix</strong></span> <span class='ocrx_word' id='word_1_66' title='bbox 1657 1059 1925 1118; x_wconf 79' lang='lat' dir='ltr'><strong>Novasin-</strong></span> 
     </span>
    </p>
   </div>
   <div class='ocr_carea' id='block_1_12' title="bbox 317 1151 1924 1228">
    <p class='ocr_par' dir='ltr' id='par_1_12' title="bbox 317 1151 1924 1228">
     <span class='ocr_line' id='line_1_12' title="bbox 317 1151 1924 1228; baseline 0.002 -21"><span class='ocrx_word' id='word_1_67' title='bbox 317 1152 502 1209; x_wconf 88' lang='lat' dir='ltr'><strong>nensis</strong></span> <span class='ocrx_word' id='word_1_68' title='bbox 531 1153 823 1224; x_wconf 77' lang='lat' dir='ltr'><strong>subscripsi</strong></span> <span class='ocrx_word' id='word_1_69' title='bbox 859 1168 960 1226; x_wconf 90' lang='lat' dir='ltr'><strong>pro</strong></span> <span class='ocrx_word' id='word_1_70' title='bbox 988 1169 1076 1212; x_wconf 90' lang='lat' dir='ltr'><strong>eo.</strong></span> <span class='ocrx_word' id='word_1_71' title='bbox 1108 1151 1336 1225; x_wconf 78' lang='lat' dir='ltr'><strong>Alypius</strong></span> <span class='ocrx_word' id='word_1_72' title='bbox 1378 1154 1645 1228; x_wconf 87' lang='lat' dir='ltr'><strong>episcopus</strong></span> <span class='ocrx_word' id='word_1_73' title='bbox 1679 1154 1924 1212; x_wconf 73' lang='lat' dir='ltr'><strong>Ecclesia:</strong></span> 
     </span>
    </p>
   </div>
   <div class='ocr_carea' id='block_1_13' title="bbox 316 1244 1925 1319">
    <p class='ocr_par' dir='ltr' id='par_1_13' title="bbox 316 1244 1925 1319">
     <span class='ocr_line' id='line_1_13' title="bbox 316 1244 1925 1319; baseline 0.004 -20"><span class='ocrx_word' id='word_1_74' title='bbox 316 1244 581 1299; x_wconf 72' lang='lat' dir='ltr'><strong>catholica:</strong></span> <span class='ocrx_word' id='word_1_75' title='bbox 641 1244 794 1301; x_wconf 90' lang='lat' dir='ltr'><strong>dixit.</strong></span> <span class='ocrx_word' id='word_1_76' title='bbox 854 1246 1141 1315; x_wconf 83' lang='lat' dir='ltr'><strong>Quomodo</strong></span> <span class='ocrx_word' id='word_1_77' title='bbox 1203 1256 1503 1316; x_wconf 67' lang='lat' dir='ltr'><strong>praesentes</strong></span> <span class='ocrx_word' id='word_1_78' title='bbox 1561 1249 1925 1319; x_wconf 75' lang='lat' dir='ltr'><strong>prteseutibtts</strong></span> 
     </span>
    </p>
   </div>
   <div class='ocr_carea' id='block_1_14' title="bbox 315 1336 1919 1417">
    <p class='ocr_par' dir='ltr' id='par_1_14' title="bbox 315 1336 1919 1417">
     <span class='ocr_line' id='line_1_14' title="bbox 315 1336 1919 1417; baseline 0.006 -26"><span class='ocrx_word' id='word_1_79' title='bbox 315 1336 746 1394; x_wconf 75' lang='lat' dir='ltr'><strong>mandaverunt?</strong></span> <span class='ocrx_word' id='word_1_80' title='bbox 783 1337 941 1396; x_wconf 85' lang='lat' dir='ltr'><strong>Felix</strong></span> <span class='ocrx_word' id='word_1_81' title='bbox 984 1339 1397 1397; x_wconf 80' lang='lat' dir='ltr'><strong>Novasinnensis</strong></span> <span class='ocrx_word' id='word_1_82' title='bbox 1443 1342 1720 1417; x_wconf 86' lang='lat' dir='ltr'><strong>episcopus</strong></span> <span class='ocrx_word' id='word_1_83' title='bbox 1767 1340 1919 1400; x_wconf 84' lang='lat' dir='ltr'><strong>dixit.</strong></span> 
     </span>
    </p>
   </div>
   <div class='ocr_carea' id='block_1_15' title="bbox 313 1430 1924 1511">
    <p class='ocr_par' dir='ltr' id='par_1_15' title="bbox 313 1430 1924 1511">
     <span class='ocr_line' id='line_1_15' title="bbox 313 1430 1924 1511; baseline 0.006 -25"><span class='ocrx_word' id='word_1_84' title='bbox 313 1430 436 1501; x_wconf 87' lang='lat' dir='ltr'><strong>Ipse</strong></span> <span class='ocrx_word' id='word_1_85' title='bbox 478 1447 567 1488; x_wconf 90' lang='lat' dir='ltr'><strong>me</strong></span> <span class='ocrx_word' id='word_1_86' title='bbox 614 1435 828 1505; x_wconf 80' lang='lat' dir='ltr'><strong>rogavit</strong></span> <span class='ocrx_word' id='word_1_87' title='bbox 873 1436 928 1491; x_wconf 92' lang='lat' dir='ltr'><strong>in</strong></span> <span class='ocrx_word' id='word_1_88' title='bbox 971 1434 1199 1503; x_wconf 88' lang='lat' dir='ltr'><strong>itinere,</strong></span> <span class='ocrx_word' id='word_1_89' title='bbox 1243 1444 1299 1492; x_wconf 91' lang='lat' dir='ltr'><strong>et</strong></span> <span class='ocrx_word' id='word_1_90' title='bbox 1341 1451 1444 1509; x_wconf 92' lang='lat' dir='ltr'><strong>ego</strong></span> <span class='ocrx_word' id='word_1_91' title='bbox 1490 1450 1588 1509; x_wconf 88' lang='lat' dir='ltr'><strong>pro</strong></span> <span class='ocrx_word' id='word_1_92' title='bbox 1632 1438 1752 1511; x_wconf 88' lang='lat' dir='ltr'><strong>ipso</strong></span> <span class='ocrx_word' id='word_1_93' title='bbox 1793 1437 1924 1496; x_wconf 89' lang='lat' dir='ltr'><strong>sub-</strong></span> 
     </span>
    </p>
   </div>
   <div class='ocr_carea' id='block_1_16' title="bbox 314 1522 529 1594">
    <p class='ocr_par' dir='ltr' id='par_1_16' title="bbox 314 1522 529 1594">
     <span class='ocr_line' id='line_1_16' title="bbox 314 1522 529 1594; baseline -0.005 -15"><span class='ocrx_word' id='word_1_94' title='bbox 314 1522 529 1594; x_wconf 83' lang='lat' dir='ltr'><strong>scripsi.</strong></span> 
     </span>
    </p>
   </div>
   <div class='ocr_carea' id='block_1_17' title="bbox 383 1616 1924 1680">
    <p class='ocr_par' dir='ltr' id='par_1_17' title="bbox 383 1616 1924 1680">
     <span class='ocr_line' id='line_1_17' title="bbox 383 1616 1924 1680; baseline 0.005 -8"><span class='ocrx_word' id='word_1_95' title='bbox 383 1616 512 1674; x_wconf 70' lang='lat'><strong>209.</strong></span> <span class='ocrx_word' id='word_1_96' title='bbox 542 1618 882 1676; x_wconf 76' lang='lat' dir='ltr'><strong>Marcellinus</strong></span> <span class='ocrx_word' id='word_1_97' title='bbox 908 1621 986 1677; x_wconf 76' lang='lat' dir='ltr'><strong>air</strong></span> <span class='ocrx_word' id='word_1_98' title='bbox 1010 1620 1331 1677; x_wconf 84' lang='lat' dir='ltr'><strong>clarissimus</strong></span> <span class='ocrx_word' id='word_1_99' title='bbox 1356 1621 1591 1679; x_wconf 83' lang='lat' dir='ltr'><strong>tribunus</strong></span> <span class='ocrx_word' id='word_1_100' title='bbox 1615 1630 1663 1679; x_wconf 87' lang='lat' dir='ltr'><strong>et</strong></span> <span class='ocrx_word' id='word_1_101' title='bbox 1687 1622 1924 1680; x_wconf 84' lang='lat' dir='ltr'><strong>notarius</strong></span> 
     </span>
    </p>
   </div>
   <div class='ocr_carea' id='block_1_18' title="bbox 313 1710 1920 1788">
    <p class='ocr_par' dir='ltr' id='par_1_18' title="bbox 313 1710 1920 1788">
     <span class='ocr_line' id='line_1_18' title="bbox 313 1710 1920 1788; baseline 0.002 -22"><span class='ocrx_word' id='word_1_102' title='bbox 313 1710 469 1766; x_wconf 85' lang='lat' dir='ltr'><strong>dixit.</strong></span> <span class='ocrx_word' id='word_1_103' title='bbox 499 1710 652 1766; x_wconf 82' lang='lat' dir='ltr'><strong>Licet</strong></span> <span class='ocrx_word' id='word_1_104' title='bbox 682 1710 786 1768; x_wconf 88' lang='lat' dir='ltr'><strong>hoc</strong></span> <span class='ocrx_word' id='word_1_105' title='bbox 810 1711 1012 1769; x_wconf 87' lang='lat' dir='ltr'><strong>lectum</strong></span> <span class='ocrx_word' id='word_1_106' title='bbox 1036 1714 1202 1785; x_wconf 89' lang='lat' dir='ltr'><strong>atque</strong></span> <span class='ocrx_word' id='word_1_107' title='bbox 1241 1710 1448 1770; x_wconf 90' lang='lat' dir='ltr'><strong>dictum</strong></span> <span class='ocrx_word' id='word_1_108' title='bbox 1479 1714 1580 1780; x_wconf 91' lang='lat' dir='ltr'><strong>sit,</strong></span> <span class='ocrx_word' id='word_1_109' title='bbox 1609 1712 1754 1788; x_wconf 84' lang='lat' dir='ltr'><strong>quod</strong></span> <span class='ocrx_word' id='word_1_110' title='bbox 1779 1728 1920 1786; x_wconf 72' lang='lat' dir='ltr'><strong>prte-</strong></span> 
     </span>
    </p>
   </div>
   <div class='ocr_carea' id='block_1_19' title="bbox 2030 506 2992 583">
    <p class='ocr_par' dir='ltr' id='par_1_19' title="bbox 2030 506 2992 583">
     <span class='ocr_line' id='line_1_19' title="bbox 2030 506 2992 583; baseline 0.007 -22"><span class='ocrx_word' id='word_1_111' title='bbox 2030 506 2181 563; x_wconf 89' lang='lat' dir='ltr'><strong>dant.</strong></span> <span class='ocrx_word' id='word_1_112' title='bbox 2217 509 2284 564; x_wconf 88' lang='lat' dir='ltr'><strong>Et</strong></span> <span class='ocrx_word' id='word_1_113' title='bbox 2312 511 2419 565; x_wconf 89' lang='lat' dir='ltr'><strong>alia</strong></span> <span class='ocrx_word' id='word_1_114' title='bbox 2442 526 2622 567; x_wconf 86' lang='lat' dir='ltr'><strong>manu.</strong></span> <span class='ocrx_word' id='word_1_115' title='bbox 2654 511 2992 583; x_wconf 76' lang='lat' dir='ltr'><strong>Rccognori.</strong></span> 
     </span>
    </p>
   </div>
   <div class='ocr_carea' id='block_1_20' title="bbox 2099 598 3635 665">
    <p class='ocr_par' dir='ltr' id='par_1_20' title="bbox 2099 598 3635 665">
     <span class='ocr_line' id='line_1_20' title="bbox 2099 598 3635 665; baseline 0.007 -11"><span class='ocrx_word' id='word_1_116' title='bbox 2099 598 2229 655; x_wconf 75' lang='lat' dir='ltr'><strong>2l3.</strong></span> <span class='ocrx_word' id='word_1_117' title='bbox 2265 600 2602 657; x_wconf 76' lang='lat' dir='ltr'><strong>Marcellinus</strong></span> <span class='ocrx_word' id='word_1_118' title='bbox 2643 602 2721 656; x_wconf 79' lang='lat' dir='ltr'><strong>uir</strong></span> <span class='ocrx_word' id='word_1_119' title='bbox 2757 602 3083 659; x_wconf 85' lang='lat' dir='ltr'><strong>clarissimus</strong></span> <span class='ocrx_word' id='word_1_120' title='bbox 3128 604 3363 662; x_wconf 87' lang='lat' dir='ltr'><strong>tribunus</strong></span> <span class='ocrx_word' id='word_1_121' title='bbox 3394 614 3441 663; x_wconf 88' lang='lat' dir='ltr'><strong>et</strong></span> <span class='ocrx_word' id='word_1_122' title='bbox 3484 618 3635 665; x_wconf 86' lang='lat' dir='ltr'><strong>nota-</strong></span> 
     </span>
    </p>
   </div>
   <div class='ocr_carea' id='block_1_21' title="bbox 2027 690 3637 772">
    <p class='ocr_par' dir='ltr' id='par_1_21' title="bbox 2027 690 3637 772">
     <span class='ocr_line' id='line_1_21' title="bbox 2027 690 3637 772; baseline 0.008 -27"><span class='ocrx_word' id='word_1_123' title='bbox 2027 690 2139 747; x_wconf 86' lang='lat' dir='ltr'><strong>rius</strong></span> <span class='ocrx_word' id='word_1_124' title='bbox 2184 694 2335 749; x_wconf 86' lang='lat' dir='ltr'><strong>dixit.</strong></span> <span class='ocrx_word' id='word_1_125' title='bbox 2375 693 2601 749; x_wconf 87' lang='lat' dir='ltr'><strong>interim</strong></span> <span class='ocrx_word' id='word_1_126' title='bbox 2634 708 2823 751; x_wconf 88' lang='lat' dir='ltr'><strong>eorum</strong></span> <span class='ocrx_word' id='word_1_127' title='bbox 2869 712 3127 753; x_wconf 88' lang='lat' dir='ltr'><strong>numerus</strong></span> <span class='ocrx_word' id='word_1_128' title='bbox 3171 701 3265 770; x_wconf 91' lang='lat' dir='ltr'><strong>qui</strong></span> <span class='ocrx_word' id='word_1_129' title='bbox 3294 699 3637 772; x_wconf 87' lang='lat' dir='ltr'><strong>subscripse-</strong></span> 
     </span>
    </p>
   </div>
   <div class='ocr_carea' id='block_1_22' title="bbox 2026 784 3635 860">
    <p class='ocr_par' dir='ltr' id='par_1_22' title="bbox 2026 784 3635 860">
     <span class='ocr_line' id='line_1_22' title="bbox 2026 784 3635 860; baseline 0.006 -21"><span class='ocrx_word' id='word_1_130' title='bbox 2026 790 2176 852; x_wconf 85' lang='lat' dir='ltr'><strong>runt,</strong></span> <span class='ocrx_word' id='word_1_131' title='bbox 2202 785 2271 842; x_wconf 90' lang='lat' dir='ltr'><strong>ab</strong></span> <span class='ocrx_word' id='word_1_132' title='bbox 2290 784 2476 842; x_wconf 83' lang='lat' dir='ltr'><strong>ofﬁcio</strong></span> <span class='ocrx_word' id='word_1_133' title='bbox 2495 785 2919 843; x_wconf 81' lang='lat' dir='ltr'><strong>demonstretur.</strong></span> <span class='ocrx_word' id='word_1_134' title='bbox 2956 788 3273 860; x_wconf 83' lang='lat' dir='ltr'><strong>Ruﬁnianus</strong></span> <span class='ocrx_word' id='word_1_135' title='bbox 3294 791 3462 846; x_wconf 87' lang='lat' dir='ltr'><strong>scriba</strong></span> <span class='ocrx_word' id='word_1_136' title='bbox 3482 792 3635 849; x_wconf 86' lang='lat' dir='ltr'><strong>dixit.</strong></span> 
     </span>
    </p>
   </div>
   <div class='ocr_carea' id='block_1_23' title="bbox 2028 872 3642 951">
    <p class='ocr_par' dir='ltr' id='par_1_23' title="bbox 2028 872 3642 951">
     <span class='ocr_line' id='line_1_23' title="bbox 2028 872 3642 951; baseline 0.006 -20"><span class='ocrx_word' id='word_1_137' title='bbox 2028 872 2273 949; x_wconf 84' lang='lat' dir='ltr'><strong>Excepta</strong></span> <span class='ocrx_word' id='word_1_138' title='bbox 2317 892 2380 935; x_wconf 87' lang='lat' dir='ltr'><strong>ea</strong></span> <span class='ocrx_word' id='word_1_139' title='bbox 2433 878 2629 951; x_wconf 90' lang='lat' dir='ltr'><strong>pagina</strong></span> <span class='ocrx_word' id='word_1_140' title='bbox 2674 895 2795 950; x_wconf 66' lang='lat' dir='ltr'><strong>quas</strong></span> <span class='ocrx_word' id='word_1_141' title='bbox 2843 894 3087 937; x_wconf 90' lang='lat' dir='ltr'><strong>errorem</strong></span> <span class='ocrx_word' id='word_1_142' title='bbox 3118 883 3283 940; x_wconf 85' lang='lat' dir='ltr'><strong>habet</strong></span> <span class='ocrx_word' id='word_1_143' title='bbox 3315 885 3367 940; x_wconf 92' lang='lat' dir='ltr'><strong>in</strong></span> <span class='ocrx_word' id='word_1_144' title='bbox 3399 882 3642 942; x_wconf 89' lang='lat' dir='ltr'><strong>subscri-</strong></span> 
     </span>
    </p>
   </div>
   <div class='ocr_carea' id='block_1_24' title="bbox 2027 969 3640 1046">
    <p class='ocr_par' dir='ltr' id='par_1_24' title="bbox 2027 969 3640 1046">
     <span class='ocr_line' id='line_1_24' title="bbox 2027 969 3640 1046; baseline 0.007 -23"><span class='ocrx_word' id='word_1_145' title='bbox 2027 969 2215 1038; x_wconf 83' lang='lat' dir='ltr'><strong>ptione</strong></span> <span class='ocrx_word' id='word_1_146' title='bbox 2265 971 2703 1046; x_wconf 76' lang='lat' dir='ltr'><strong>Donatistarum,</strong></span> <span class='ocrx_word' id='word_1_147' title='bbox 2737 971 3045 1030; x_wconf 81' lang='lat' dir='ltr'><strong>invenimus</strong></span> <span class='ocrx_word' id='word_1_148' title='bbox 3076 974 3299 1032; x_wconf 89' lang='lat' dir='ltr'><strong>nomina</strong></span> <span class='ocrx_word' id='word_1_149' title='bbox 3345 978 3640 1035; x_wconf 82' lang='lat' dir='ltr'><strong>contineri.</strong></span> 
     </span>
    </p>
   </div>
   <div class='ocr_carea' id='block_1_25' title="bbox 2030 1058 3643 1143">
    <p class='ocr_par' dir='ltr' id='par_1_25' title="bbox 2030 1058 3643 1143">
     <span class='ocr_line' id='line_1_25' title="bbox 2030 1058 3643 1143; baseline 0.007 -27"><span class='ocrx_word' id='word_1_150' title='bbox 2030 1058 2370 1120; x_wconf 76' lang='lat' dir='ltr'><strong>Marcellinus</strong></span> <span class='ocrx_word' id='word_1_151' title='bbox 2409 1064 2474 1122; x_wconf 82' lang='grc' dir='ltr'><strong>γ.</strong></span> <span class='ocrx_word' id='word_1_152' title='bbox 2505 1064 2566 1120; x_wconf 87' lang='lat' dir='ltr'><strong>C.</strong></span> <span class='ocrx_word' id='word_1_153' title='bbox 2603 1062 2839 1122; x_wconf 83' lang='lat' dir='ltr'><strong>tribunus</strong></span> <span class='ocrx_word' id='word_1_154' title='bbox 2869 1076 2915 1124; x_wconf 88' lang='lat' dir='ltr'><strong>et</strong></span> <span class='ocrx_word' id='word_1_155' title='bbox 2945 1072 3176 1125; x_wconf 88' lang='lat' dir='ltr'><strong>notarius</strong></span> <span class='ocrx_word' id='word_1_156' title='bbox 3204 1070 3354 1126; x_wconf 89' lang='lat' dir='ltr'><strong>dixit.</strong></span> <span class='ocrx_word' id='word_1_157' title='bbox 3388 1070 3507 1143; x_wconf 88' lang='lat' dir='ltr'><strong>ipsa</strong></span> <span class='ocrx_word' id='word_1_158' title='bbox 3549 1086 3643 1128; x_wconf 88' lang='lat' dir='ltr'><strong>au-</strong></span> 
     </span>
    </p>
   </div>
   <div class='ocr_carea' id='block_1_26' title="bbox 2029 1156 3637 1235">
    <p class='ocr_par' dir='ltr' id='par_1_26' title="bbox 2029 1156 3637 1235">
     <span class='ocr_line' id='line_1_26' title="bbox 2029 1156 3637 1235; baseline 0.007 -26"><span class='ocrx_word' id='word_1_159' title='bbox 2029 1160 2136 1210; x_wconf 90' lang='lat' dir='ltr'><strong>tem</strong></span> <span class='ocrx_word' id='word_1_160' title='bbox 2158 1157 2349 1228; x_wconf 81' lang='lat' dir='ltr'><strong>pagina</strong></span> <span class='ocrx_word' id='word_1_161' title='bbox 2372 1166 2504 1229; x_wconf 84' lang='lat' dir='ltr'><strong>quot</strong></span> <span class='ocrx_word' id='word_1_162' title='bbox 2525 1156 2836 1215; x_wconf 86' lang='lat' dir='ltr'><strong>nominibus</strong></span> <span class='ocrx_word' id='word_1_163' title='bbox 2859 1160 3206 1219; x_wconf 87' lang='lat' dir='ltr'><strong>continetur?</strong></span> <span class='ocrx_word' id='word_1_164' title='bbox 3226 1162 3454 1235; x_wconf 79' lang='lat' dir='ltr'><strong>Alypius</strong></span> <span class='ocrx_word' id='word_1_165' title='bbox 3477 1166 3637 1234; x_wconf 83' lang='lat' dir='ltr'><strong>episc.</strong></span> 
     </span>
    </p>
   </div>
   <div class='ocr_carea' id='block_1_27' title="bbox 2027 1245 3640 1313">
    <p class='ocr_par' dir='ltr' id='par_1_27' title="bbox 2027 1245 3640 1313">
     <span class='ocr_line' id='line_1_27' title="bbox 2027 1245 3640 1313; baseline 0.007 -11"><span class='ocrx_word' id='word_1_166' title='bbox 2027 1245 2177 1304; x_wconf 84' lang='lat' dir='ltr'><strong>Eccl.</strong></span> <span class='ocrx_word' id='word_1_167' title='bbox 2206 1248 2480 1306; x_wconf 76' lang='lat' dir='ltr'><strong>catholica:</strong></span> <span class='ocrx_word' id='word_1_168' title='bbox 2499 1248 2652 1306; x_wconf 85' lang='lat' dir='ltr'><strong>dixit.</strong></span> <span class='ocrx_word' id='word_1_169' title='bbox 2681 1249 2788 1307; x_wconf 80' lang='lat' dir='ltr'><strong>Sex</strong></span> <span class='ocrx_word' id='word_1_170' title='bbox 2816 1250 3191 1311; x_wconf 90' lang='lat' dir='ltr'><strong>aunumeralis</strong></span> <span class='ocrx_word' id='word_1_171' title='bbox 3216 1255 3378 1311; x_wconf 88' lang='lat' dir='ltr'><strong>etiam</strong></span> <span class='ocrx_word' id='word_1_172' title='bbox 3401 1255 3640 1313; x_wconf 89' lang='lat' dir='ltr'><strong>absenti-</strong></span> 
     </span>
    </p>
   </div>
   <div class='ocr_carea' id='block_1_28' title="bbox 2029 1338 3641 1421">
    <p class='ocr_par' dir='ltr' id='par_1_28' title="bbox 2029 1338 3641 1421">
     <span class='ocr_line' id='line_1_28' title="bbox 2029 1338 3641 1421; baseline 0.006 -27"><span class='ocrx_word' id='word_1_173' title='bbox 2029 1338 2149 1397; x_wconf 85' lang='lat' dir='ltr'><strong>bus.</strong></span> <span class='ocrx_word' id='word_1_174' title='bbox 2187 1339 2258 1397; x_wconf 87' lang='lat' dir='ltr'><strong>El</strong></span> <span class='ocrx_word' id='word_1_175' title='bbox 2285 1358 2401 1397; x_wconf 89' lang='lat' dir='ltr'><strong>cum</strong></span> <span class='ocrx_word' id='word_1_176' title='bbox 2445 1340 2641 1399; x_wconf 87' lang='lat' dir='ltr'><strong>diceret</strong></span> <span class='ocrx_word' id='word_1_177' title='bbox 2678 1342 2786 1417; x_wconf 84' lang='lat' dir='ltr'><strong>(Et</strong></span> <span class='ocrx_word' id='word_1_178' title='bbox 2826 1345 2933 1400; x_wconf 88' lang='lat' dir='ltr'><strong>alia</strong></span> <span class='ocrx_word' id='word_1_179' title='bbox 2973 1360 3152 1401; x_wconf 86' lang='lat' dir='ltr'><strong>manu.</strong></span> <span class='ocrx_word' id='word_1_180' title='bbox 3200 1346 3450 1421; x_wconf 77' lang='lat' dir='ltr'><strong>Recog.).</strong></span> <span class='ocrx_word' id='word_1_181' title='bbox 3486 1348 3641 1419; x_wconf 81' lang='lat' dir='ltr'><strong>Ruﬁ-</strong></span> 
     </span>
    </p>
   </div>
   <div class='ocr_carea' id='block_1_29' title="bbox 2025 1430 3639 1501">
    <p class='ocr_par' dir='ltr' id='par_1_29' title="bbox 2025 1430 3639 1501">
     <span class='ocr_line' id='line_1_29' title="bbox 2025 1430 3639 1501; baseline 0.007 -14"><span class='ocrx_word' id='word_1_182' title='bbox 2025 1430 2217 1490; x_wconf 87' lang='lat' dir='ltr'><strong>nianus</strong></span> <span class='ocrx_word' id='word_1_183' title='bbox 2243 1434 2412 1491; x_wconf 86' lang='lat' dir='ltr'><strong>scriba</strong></span> <span class='ocrx_word' id='word_1_184' title='bbox 2433 1434 2585 1491; x_wconf 91' lang='lat' dir='ltr'><strong>dixit.</strong></span> <span class='ocrx_word' id='word_1_185' title='bbox 2620 1436 2752 1501; x_wconf 84' lang='lat' dir='ltr'><strong>Sex.</strong></span> <span class='ocrx_word' id='word_1_186' title='bbox 2780 1448 2843 1495; x_wconf 86' lang='lat' dir='ltr'><strong>ac</strong></span> <span class='ocrx_word' id='word_1_187' title='bbox 2869 1438 2948 1494; x_wconf 91' lang='lat' dir='ltr'><strong>sic</strong></span> <span class='ocrx_word' id='word_1_188' title='bbox 2986 1437 3296 1495; x_wconf 88' lang='lat' dir='ltr'><strong>efﬁciuntur</strong></span> <span class='ocrx_word' id='word_1_189' title='bbox 3322 1454 3513 1498; x_wconf 90' lang='lat' dir='ltr'><strong>omnes</strong></span> <span class='ocrx_word' id='word_1_190' title='bbox 3539 1439 3639 1497; x_wconf 87' lang='lat' dir='ltr'><strong>du-</strong></span> 
     </span>
    </p>
   </div>
   <div class='ocr_carea' id='block_1_30' title="bbox 2024 1526 2790 1598">
    <p class='ocr_par' dir='ltr' id='par_1_30' title="bbox 2024 1526 2790 1598">
     <span class='ocr_line' id='line_1_30' title="bbox 2024 1526 2790 1598; baseline 0.005 -17"><span class='ocrx_word' id='word_1_191' title='bbox 2024 1526 2170 1581; x_wconf 91' lang='lat' dir='ltr'><strong>centi</strong></span> <span class='ocrx_word' id='word_1_192' title='bbox 2202 1526 2541 1598; x_wconf 83' lang='lat' dir='ltr'><strong>septuaginta</strong></span> <span class='ocrx_word' id='word_1_193' title='bbox 2569 1543 2790 1585; x_wconf 85' lang='lat' dir='ltr'><strong>novem.</strong></span> 
     </span>
    </p>
   </div>
   <div class='ocr_carea' id='block_1_31' title="bbox 2094 1616 3637 1682">
    <p class='ocr_par' dir='ltr' id='par_1_31' title="bbox 2094 1616 3637 1682">
     <span class='ocr_line' id='line_1_31' title="bbox 2094 1616 3637 1682; baseline 0.006 -10"><span class='ocrx_word' id='word_1_194' title='bbox 2094 1616 2225 1674; x_wconf 78' lang='grc'>214.</span> <span class='ocrx_word' id='word_1_195' title='bbox 2268 1617 2616 1676; x_wconf 81' lang='lat' dir='ltr'><strong>Marcellinus</strong></span> <span class='ocrx_word' id='word_1_196' title='bbox 2656 1620 2738 1677; x_wconf 81' lang='lat' dir='ltr'><strong>vir</strong></span> <span class='ocrx_word' id='word_1_197' title='bbox 2766 1620 3088 1680; x_wconf 84' lang='lat' dir='ltr'><strong>clarissimas</strong></span> <span class='ocrx_word' id='word_1_198' title='bbox 3131 1620 3368 1681; x_wconf 87' lang='lat' dir='ltr'><strong>tribunus</strong></span> <span class='ocrx_word' id='word_1_199' title='bbox 3404 1632 3451 1681; x_wconf 90' lang='lat' dir='ltr'><strong>et</strong></span> <span class='ocrx_word' id='word_1_200' title='bbox 3481 1633 3637 1682; x_wconf 88' lang='lat' dir='ltr'><strong>nota-</strong></span> 
     </span>
    </p>
   </div>
   <div class='ocr_carea' id='block_1_32' title="bbox 2023 1710 3638 1790">
    <p class='ocr_par' dir='ltr' id='par_1_32' title="bbox 2023 1710 3638 1790">
     <span class='ocr_line' id='line_1_32' title="bbox 2023 1710 3638 1790; baseline 0.006 -25"><span class='ocrx_word' id='word_1_201' title='bbox 2023 1712 2135 1768; x_wconf 84' lang='lat' dir='ltr'><strong>rius</strong></span> <span class='ocrx_word' id='word_1_202' title='bbox 2159 1714 2310 1768; x_wconf 89' lang='lat' dir='ltr'><strong>dixit.</strong></span> <span class='ocrx_word' id='word_1_203' title='bbox 2344 1710 2585 1769; x_wconf 85' lang='lat' dir='ltr'><strong>Alterius</strong></span> <span class='ocrx_word' id='word_1_204' title='bbox 2616 1728 2831 1788; x_wconf 86' lang='lat' dir='ltr'><strong>quoque</strong></span> <span class='ocrx_word' id='word_1_205' title='bbox 2863 1719 3031 1788; x_wconf 89' lang='lat' dir='ltr'><strong>partis</strong></span> <span class='ocrx_word' id='word_1_206' title='bbox 3058 1727 3191 1790; x_wconf 91' lang='lat' dir='ltr'><strong>quot</strong></span> <span class='ocrx_word' id='word_1_207' title='bbox 3220 1720 3458 1790; x_wconf 87' lang='lat' dir='ltr'><strong>cpisc0pi</strong></span> <span class='ocrx_word' id='word_1_208' title='bbox 3496 1718 3638 1776; x_wconf 85' lang='lat' dir='ltr'><strong>rcci-</strong></span> 
     </span>
    </p>
   </div>
   <div class='ocr_carea' id='block_1_33' title="bbox 312 1804 3641 1884">
    <p class='ocr_par' dir='ltr' id='par_1_33' title="bbox 312 1804 3641 1884">
     <span class='ocr_line' id='line_1_33' title="bbox 312 1804 3641 1884; baseline 0.002 -25"><span class='ocrx_word' id='word_1_209' title='bbox 312 1811 498 1860; x_wconf 86' lang='lat' dir='ltr'><strong>sentes</strong></span> <span class='ocrx_word' id='word_1_210' title='bbox 538 1805 898 1884; x_wconf 58' lang='lat' dir='ltr'><strong>praesentibus</strong></span> <span class='ocrx_word' id='word_1_211' title='bbox 946 1805 1376 1872; x_wconf 85' lang='lat' dir='ltr'><strong>mandaverunt;</strong></span> <span class='ocrx_word' id='word_1_212' title='bbox 1426 1816 1605 1865; x_wconf 90' lang='lat' dir='ltr'><strong>tamen</strong></span> <span class='ocrx_word' id='word_1_213' title='bbox 1646 1820 1716 1865; x_wconf 87' lang='lat' dir='ltr'><strong>ne</strong></span> <span class='ocrx_word' id='word_1_214' title='bbox 1757 1821 1911 1865; x_wconf 86' lang='lat' dir='ltr'><strong>mora</strong></span> <span class='ocrx_word' id='word_1_215' title='bbox 1941 1806 1991 1873; x_wconf 83' lang='grc' dir='ltr'><strong>Β</strong></span> <span class='ocrx_word' id='word_1_216' title='bbox 2022 1804 2118 1859; x_wconf 88' lang='lat' dir='ltr'><strong>lati</strong></span> <span class='ocrx_word' id='word_1_217' title='bbox 2143 1812 2302 1871; x_wconf 91' lang='lat' dir='ltr'><strong>sunt,</strong></span> <span class='ocrx_word' id='word_1_218' title='bbox 2352 1804 2658 1862; x_wconf 90' lang='lat' dir='ltr'><strong>intimetur.</strong></span> <span class='ocrx_word' id='word_1_219' title='bbox 2705 1806 3019 1878; x_wconf 78' lang='lat' dir='ltr'><strong>Ruﬁnianus</strong></span> <span class='ocrx_word' id='word_1_220' title='bbox 3059 1810 3227 1866; x_wconf 87' lang='lat' dir='ltr'><strong>scriba</strong></span> <span class='ocrx_word' id='word_1_221' title='bbox 3254 1812 3404 1867; x_wconf 87' lang='lat' dir='ltr'><strong>dixit.</strong></span> <span class='ocrx_word' id='word_1_222' title='bbox 3435 1809 3641 1867; x_wconf 79' lang='lat' dir='ltr'><strong>Catho-</strong></span> 
     </span>
    </p>
   </div>
   <div class='ocr_carea' id='block_1_34' title="bbox 312 1896 1916 1970">
    <p class='ocr_par' dir='ltr' id='par_1_34' title="bbox 312 1896 1916 1970">
     <span class='ocr_line' id='line_1_34' title="bbox 312 1896 1916 1970; baseline 0.004 -19"><span class='ocrx_word' id='word_1_223' title='bbox 312 1896 586 1967; x_wconf 86' lang='lat' dir='ltr'><strong>superllua</strong></span> <span class='ocrx_word' id='word_1_224' title='bbox 628 1904 959 1967; x_wconf 86' lang='lat' dir='ltr'><strong>conteratur,</strong></span> <span class='ocrx_word' id='word_1_225' title='bbox 993 1897 1202 1969; x_wconf 87' lang='lat' dir='ltr'><strong>reliqua</strong></span> <span class='ocrx_word' id='word_1_226' title='bbox 1239 1910 1525 1970; x_wconf 88' lang='lat' dir='ltr'><strong>percurrat</strong></span> <span class='ocrx_word' id='word_1_227' title='bbox 1551 1900 1810 1957; x_wconf 88' lang='lat' dir='ltr'><strong>ofﬁcium.</strong></span> <span class='ocrx_word' id='word_1_228' title='bbox 1845 1898 1916 1957; x_wconf 88' lang='lat' dir='ltr'><strong>Et</strong></span> 
     </span>
    </p>
   </div>
   <div class='ocr_carea' id='block_1_35' title="bbox 310 1988 1919 2062">
    <p class='ocr_par' dir='ltr' id='par_1_35' title="bbox 310 1988 1919 2062">
     <span class='ocr_line' id='line_1_35' title="bbox 310 1988 1919 2062; baseline 0.006 -21"><span class='ocrx_word' id='word_1_229' title='bbox 310 1988 563 2043; x_wconf 78' lang='lat' dir='ltr'><strong>recitavit.</strong></span> <span class='ocrx_word' id='word_1_230' title='bbox 615 1988 878 2044; x_wconf 85' lang='lat' dir='ltr'><strong>Martialis</strong></span> <span class='ocrx_word' id='word_1_231' title='bbox 919 1991 1208 2061; x_wconf 89' lang='lat' dir='ltr'><strong>episcopus</strong></span> <span class='ocrx_word' id='word_1_232' title='bbox 1258 1991 1544 2048; x_wconf 89' lang='lat' dir='ltr'><strong>idicrcnsis</strong></span> <span class='ocrx_word' id='word_1_233' title='bbox 1591 2006 1686 2062; x_wconf 87' lang='lat' dir='ltr'><strong>pro</strong></span> <span class='ocrx_word' id='word_1_234' title='bbox 1733 1988 1919 2050; x_wconf 87' lang='lat' dir='ltr'><strong>Felice</strong></span> 
     </span>
    </p>
   </div>
   <div class='ocr_carea' id='block_1_36' title="bbox 309 2078 1919 2158">
    <p class='ocr_par' dir='ltr' id='par_1_36' title="bbox 309 2078 1919 2158">
     <span class='ocr_line' id='line_1_36' title="bbox 309 2078 1919 2158; baseline 0.004 -23"><span class='ocrx_word' id='word_1_235' title='bbox 309 2078 580 2136; x_wconf 83' lang='lat' dir='ltr'><strong>Garbensi</strong></span> <span class='ocrx_word' id='word_1_236' title='bbox 614 2079 768 2154; x_wconf 85' lang='grc'>(440)</span> <span class='ocrx_word' id='word_1_237' title='bbox 808 2089 863 2136; x_wconf 85' lang='lat' dir='ltr'><strong>et</strong></span> <span class='ocrx_word' id='word_1_238' title='bbox 900 2080 1054 2138; x_wconf 74' lang='lat' dir='ltr'><strong>Iusto</strong></span> <span class='ocrx_word' id='word_1_239' title='bbox 1082 2082 1369 2140; x_wconf 91' lang='lat' dir='ltr'><strong>Formensl</strong></span> <span class='ocrx_word' id='word_1_240' title='bbox 1398 2084 1571 2158; x_wconf 84' lang='grc'>(441),</span> <span class='ocrx_word' id='word_1_241' title='bbox 1606 2087 1696 2157; x_wconf 91' lang='lat' dir='ltr'><strong>qui</strong></span> <span class='ocrx_word' id='word_1_242' title='bbox 1733 2089 1787 2142; x_wconf 90' lang='lat' dir='ltr'><strong>in</strong></span> <span class='ocrx_word' id='word_1_243' title='bbox 1830 2088 1919 2142; x_wconf 90' lang='lat' dir='ltr'><strong>iti-</strong></span> 
     </span>
    </p>
   </div>
   <div class='ocr_carea' id='block_1_37' title="bbox 310 2171 1919 2250">
    <p class='ocr_par' dir='ltr' id='par_1_37' title="bbox 310 2171 1919 2250">
     <span class='ocr_line' id='line_1_37' title="bbox 310 2171 1919 2250; baseline 0.006 -23"><span class='ocrx_word' id='word_1_244' title='bbox 310 2182 447 2228; x_wconf 86' lang='lat' dir='ltr'><strong>nere</strong></span> <span class='ocrx_word' id='word_1_245' title='bbox 483 2185 646 2229; x_wconf 86' lang='lat' dir='ltr'><strong>causa</strong></span> <span class='ocrx_word' id='word_1_246' title='bbox 690 2171 1019 2231; x_wconf 88' lang='lat' dir='ltr'><strong>inﬁrmitatis</strong></span> <span class='ocrx_word' id='word_1_247' title='bbox 1069 2175 1274 2233; x_wconf 89' lang='lat' dir='ltr'><strong>detenti</strong></span> <span class='ocrx_word' id='word_1_248' title='bbox 1323 2186 1488 2246; x_wconf 90' lang='lat' dir='ltr'><strong>sunt,</strong></span> <span class='ocrx_word' id='word_1_249' title='bbox 1539 2188 1639 2250; x_wconf 82' lang='lat' dir='ltr'><strong>pro</strong></span> <span class='ocrx_word' id='word_1_250' title='bbox 1670 2181 1751 2237; x_wconf 89' lang='lat' dir='ltr'><strong>eis</strong></span> <span class='ocrx_word' id='word_1_251' title='bbox 1791 2180 1919 2236; x_wconf 84' lang='lat' dir='ltr'><strong>Sub—</strong></span> 
     </span>
    </p>
   </div>
   <div class='ocr_carea' id='block_1_38' title="bbox 311 2266 1920 2337">
    <p class='ocr_par' dir='ltr' id='par_1_38' title="bbox 311 2266 1920 2337">
     <span class='ocr_line' id='line_1_38' title="bbox 311 2266 1920 2337; baseline 0.007 -15"><span class='ocrx_word' id='word_1_252' title='bbox 311 2266 530 2337; x_wconf 88' lang='lat' dir='ltr'><strong>scripsi.</strong></span> <span class='ocrx_word' id='word_1_253' title='bbox 575 2267 912 2325; x_wconf 81' lang='lat' dir='ltr'><strong>Marcellinus</strong></span> <span class='ocrx_word' id='word_1_254' title='bbox 947 2272 1026 2326; x_wconf 80' lang='lat' dir='ltr'><strong>vir</strong></span> <span class='ocrx_word' id='word_1_255' title='bbox 1053 2272 1374 2329; x_wconf 86' lang='lat' dir='ltr'><strong>clarissimus</strong></span> <span class='ocrx_word' id='word_1_256' title='bbox 1417 2268 1651 2331; x_wconf 83' lang='lat' dir='ltr'><strong>tribunus</strong></span> <span class='ocrx_word' id='word_1_257' title='bbox 1680 2287 1728 2332; x_wconf 88' lang='lat' dir='ltr'><strong>et</strong></span> <span class='ocrx_word' id='word_1_258' title='bbox 1770 2287 1920 2333; x_wconf 91' lang='lat' dir='ltr'><strong>nota-</strong></span> 
     </span>
    </p>
   </div>
   <div class='ocr_carea' id='block_1_39' title="bbox 309 2359 1919 2438">
    <p class='ocr_par' dir='ltr' id='par_1_39' title="bbox 309 2359 1919 2438">
     <span class='ocr_line' id='line_1_39' title="bbox 309 2359 1919 2438; baseline 0.008 -26"><span class='ocrx_word' id='word_1_259' title='bbox 309 2359 422 2414; x_wconf 89' lang='lat' dir='ltr'><strong>rius</strong></span> <span class='ocrx_word' id='word_1_260' title='bbox 450 2359 604 2414; x_wconf 88' lang='lat' dir='ltr'><strong>dixit.</strong></span> <span class='ocrx_word' id='word_1_261' title='bbox 652 2360 828 2417; x_wconf 90' lang='lat' dir='ltr'><strong>Etiam</strong></span> <span class='ocrx_word' id='word_1_262' title='bbox 870 2360 975 2419; x_wconf 84' lang='lat' dir='ltr'><strong>hoc</strong></span> <span class='ocrx_word' id='word_1_263' title='bbox 1017 2365 1285 2438; x_wconf 79' lang='lat' dir='ltr'><strong>superiOri</strong></span> <span class='ocrx_word' id='word_1_264' title='bbox 1331 2376 1547 2424; x_wconf 85' lang='lat' dir='ltr'><strong>constat</strong></span> <span class='ocrx_word' id='word_1_265' title='bbox 1576 2380 1697 2425; x_wconf 92' lang='lat' dir='ltr'><strong>esse</strong></span> <span class='ocrx_word' id='word_1_266' title='bbox 1736 2371 1919 2427; x_wconf 87' lang='lat' dir='ltr'><strong>consi-</strong></span> 
     </span>
    </p>
   </div>
   <div class='ocr_carea' id='block_1_40' title="bbox 310 2450 1922 2534">
    <p class='ocr_par' dir='ltr' id='par_1_40' title="bbox 310 2450 1922 2534">
     <span class='ocr_line' id='line_1_40' title="bbox 310 2450 1922 2534; baseline 0.006 -26"><span class='ocrx_word' id='word_1_267' title='bbox 310 2452 465 2509; x_wconf 85' lang='lat' dir='ltr'><strong>mile.</strong></span> <span class='ocrx_word' id='word_1_268' title='bbox 494 2450 566 2507; x_wconf 90' lang='lat' dir='ltr'><strong>Et</strong></span> <span class='ocrx_word' id='word_1_269' title='bbox 595 2454 808 2525; x_wconf 83' lang='lat' dir='ltr'><strong>adjecit.</strong></span> <span class='ocrx_word' id='word_1_270' title='bbox 836 2452 994 2512; x_wconf 83' lang='lat' dir='ltr'><strong>Aliud</strong></span> <span class='ocrx_word' id='word_1_271' title='bbox 1019 2458 1300 2514; x_wconf 87' lang='lat' dir='ltr'><strong>recitetur.</strong></span> <span class='ocrx_word' id='word_1_272' title='bbox 1328 2456 1630 2515; x_wconf 78' lang='lat' dir='ltr'><strong>Marcianus</strong></span> <span class='ocrx_word' id='word_1_273' title='bbox 1654 2462 1922 2534; x_wconf 85' lang='lat' dir='ltr'><strong>episcopus</strong></span> 
     </span>
    </p>
   </div>
   <div class='ocr_carea' id='block_1_41' title="bbox 310 2542 1922 2629">
    <p class='ocr_par' dir='ltr' id='par_1_41' title="bbox 310 2542 1922 2629">
     <span class='ocr_line' id='line_1_41' title="bbox 310 2542 1922 2629; baseline 0.006 -29"><span class='ocrx_word' id='word_1_274' title='bbox 310 2542 564 2602; x_wconf 74' lang='lat' dir='ltr'><strong>Ecclesia:</strong></span> <span class='ocrx_word' id='word_1_275' title='bbox 599 2548 868 2604; x_wconf 76' lang='lat' dir='ltr'><strong>catholica:</strong></span> <span class='ocrx_word' id='word_1_276' title='bbox 911 2548 1065 2605; x_wconf 87' lang='lat' dir='ltr'><strong>dixit.</strong></span> <span class='ocrx_word' id='word_1_277' title='bbox 1111 2549 1266 2607; x_wconf 83' lang='lat' dir='ltr'><strong>Felix</strong></span> <span class='ocrx_word' id='word_1_278' title='bbox 1308 2552 1597 2629; x_wconf 75' lang='lat' dir='ltr'><strong>episcopus</strong></span> <span class='ocrx_word' id='word_1_279' title='bbox 1628 2550 1922 2610; x_wconf 89' lang='lat' dir='ltr'><strong>Garbensis</strong></span> 
     </span>
    </p>
   </div>
   <div class='ocr_carea' id='block_1_42' title="bbox 310 2637 1921 2718">
    <p class='ocr_par' dir='ltr' id='par_1_42' title="bbox 310 2637 1921 2718">
     <span class='ocr_line' id='line_1_42' title="bbox 310 2637 1921 2718; baseline 0.004 -23"><span class='ocrx_word' id='word_1_280' title='bbox 310 2638 381 2696; x_wconf 91' lang='lat' dir='ltr'><strong>de</strong></span> <span class='ocrx_word' id='word_1_281' title='bbox 425 2637 590 2696; x_wconf 92' lang='lat' dir='ltr'><strong>domo</strong></span> <span class='ocrx_word' id='word_1_282' title='bbox 633 2655 729 2696; x_wconf 86' lang='lat' dir='ltr'><strong>sua</strong></span> <span class='ocrx_word' id='word_1_283' title='bbox 762 2656 868 2697; x_wconf 90' lang='lat' dir='ltr'><strong>non</strong></span> <span class='ocrx_word' id='word_1_284' title='bbox 916 2642 1105 2699; x_wconf 77' lang='lat' dir='ltr'><strong>exivit.</strong></span> <span class='ocrx_word' id='word_1_285' title='bbox 1150 2642 1222 2698; x_wconf 88' lang='lat' dir='ltr'><strong>Et</strong></span> <span class='ocrx_word' id='word_1_286' title='bbox 1263 2642 1514 2699; x_wconf 77' lang='lat' dir='ltr'><strong>recitavit.</strong></span> <span class='ocrx_word' id='word_1_287' title='bbox 1560 2643 1921 2718; x_wconf 85' lang='lat' dir='ltr'><strong>[Gaudentius</strong></span> 
     </span>
    </p>
   </div>
   <div class='ocr_carea' id='block_1_43' title="bbox 310 2731 1923 2811">
    <p class='ocr_par' dir='ltr' id='par_1_43' title="bbox 310 2731 1923 2811">
     <span class='ocr_line' id='line_1_43' title="bbox 310 2731 1923 2811; baseline 0.002 -23"><span class='ocrx_word' id='word_1_288' title='bbox 310 2732 599 2803; x_wconf 87' lang='lat' dir='ltr'><strong>episcopus</strong></span> <span class='ocrx_word' id='word_1_289' title='bbox 634 2731 962 2805; x_wconf 82' lang='lat' dir='ltr'><strong>Tigisitanus</strong></span> <span class='ocrx_word' id='word_1_290' title='bbox 1009 2734 1237 2810; x_wconf 67' lang='lat'><strong>(442).]</strong></span> <span class='ocrx_word' id='word_1_291' title='bbox 1282 2736 1589 2792; x_wconf 82' lang='lat' dir='ltr'><strong>Cresconius</strong></span> <span class='ocrx_word' id='word_1_292' title='bbox 1649 2739 1923 2811; x_wconf 85' lang='lat' dir='ltr'><strong>episcopus</strong></span> 
     </span>
    </p>
   </div>
   <div class='ocr_carea' id='block_1_44' title="bbox 313 2824 1919 2900">
    <p class='ocr_par' dir='ltr' id='par_1_44' title="bbox 313 2824 1919 2900">
     <span class='ocr_line' id='line_1_44' title="bbox 313 2824 1919 2900; baseline 0.002 -20"><span class='ocrx_word' id='word_1_293' title='bbox 313 2825 627 2895; x_wconf 83' lang='lat' dir='ltr'><strong>Siguitanus</strong></span> <span class='ocrx_word' id='word_1_294' title='bbox 674 2824 824 2899; x_wconf 77' lang='grc'>(443)</span> <span class='ocrx_word' id='word_1_295' title='bbox 874 2825 1027 2884; x_wconf 84' lang='lat' dir='ltr'><strong>dixit.</strong></span> <span class='ocrx_word' id='word_1_296' title='bbox 1071 2826 1413 2884; x_wconf 83' lang='lat' dir='ltr'><strong>Gaudentius</strong></span> <span class='ocrx_word' id='word_1_297' title='bbox 1455 2828 1662 2900; x_wconf 83' lang='lat' dir='ltr'><strong>collega</strong></span> <span class='ocrx_word' id='word_1_298' title='bbox 1712 2841 1919 2899; x_wconf 70' lang='lat' dir='ltr'><strong>nosmr,</strong></span> 
     </span>
    </p>
   </div>
   <div class='ocr_carea' id='block_1_45' title="bbox 310 2919 1917 2993">
    <p class='ocr_par' dir='ltr' id='par_1_45' title="bbox 310 2919 1917 2993">
     <span class='ocr_line' id='line_1_45' title="bbox 310 2919 1917 2993; baseline 0.001 -16"><span class='ocrx_word' id='word_1_299' title='bbox 310 2919 600 2991; x_wconf 89' lang='lat' dir='ltr'><strong>episcopus</strong></span> <span class='ocrx_word' id='word_1_300' title='bbox 630 2919 732 2976; x_wconf 85' lang='lat' dir='ltr'><strong>loci</strong></span> <span class='ocrx_word' id='word_1_301' title='bbox 756 2920 1063 2993; x_wconf 86' lang='lat' dir='ltr'><strong>Tigisitani,</strong></span> <span class='ocrx_word' id='word_1_302' title='bbox 1091 2919 1428 2979; x_wconf 88' lang='lat' dir='ltr'><strong>inﬁrmitatis</strong></span> <span class='ocrx_word' id='word_1_303' title='bbox 1448 2936 1615 2980; x_wconf 88' lang='lat' dir='ltr'><strong>causa</strong></span> <span class='ocrx_word' id='word_1_304' title='bbox 1640 2923 1695 2981; x_wconf 89' lang='lat' dir='ltr'><strong>in</strong></span> <span class='ocrx_word' id='word_1_305' title='bbox 1718 2922 1917 2981; x_wconf 89' lang='lat' dir='ltr'><strong>itinere</strong></span> 
     </span>
    </p>
   </div>
   <div class='ocr_carea' id='block_1_46' title="bbox 311 3014 1189 3088">
    <p class='ocr_par' dir='ltr' id='par_1_46' title="bbox 311 3014 1189 3088">
     <span class='ocr_line' id='line_1_46' title="bbox 311 3014 1189 3088; baseline 0.001 -18"><span class='ocrx_word' id='word_1_306' title='bbox 311 3015 605 3079; x_wconf 81' lang='lat' dir='ltr'><strong>remansit;</strong></span> <span class='ocrx_word' id='word_1_307' title='bbox 644 3028 744 3083; x_wconf 93' lang='lat' dir='ltr'><strong>pro</strong></span> <span class='ocrx_word' id='word_1_308' title='bbox 777 3028 842 3069; x_wconf 92' lang='lat' dir='ltr'><strong>eo</strong></span> <span class='ocrx_word' id='word_1_309' title='bbox 867 3014 1189 3088; x_wconf 86' lang='lat' dir='ltr'><strong>subscripsi.</strong></span> 
     </span>
    </p>
   </div>
   <div class='ocr_carea' id='block_1_47' title="bbox 381 3100 1925 3181">
    <p class='ocr_par' dir='ltr' id='par_1_47' title="bbox 381 3100 1925 3181">
     <span class='ocr_line' id='line_1_47' title="bbox 381 3100 1925 3181; baseline 0.002 -19"><span class='ocrx_word' id='word_1_310' title='bbox 381 3107 512 3164; x_wconf 76' lang='lat'><strong>210.</strong></span> <span class='ocrx_word' id='word_1_311' title='bbox 565 3105 977 3163; x_wconf 75' lang='lat' dir='ltr'><strong>Fortanatianus</strong></span> <span class='ocrx_word' id='word_1_312' title='bbox 1032 3108 1303 3181; x_wconf 85' lang='lat' dir='ltr'><strong>episcopus</strong></span> <span class='ocrx_word' id='word_1_313' title='bbox 1359 3100 1611 3167; x_wconf 60' lang='lat' dir='ltr'><strong>Ecclesia</strong></span> <span class='ocrx_word' id='word_1_314' title='bbox 1654 3109 1925 3165; x_wconf 75' lang='lat' dir='ltr'><strong>catholich</strong></span> 
     </span>
    </p>
   </div>
   <div class='ocr_carea' id='block_1_48' title="bbox 2019 1896 3637 1972">
    <p class='ocr_par' dir='ltr' id='par_1_48' title="bbox 2019 1896 3637 1972">
     <span class='ocr_line' id='line_1_48' title="bbox 2019 1896 3637 1972; baseline 0.004 -20"><span class='ocrx_word' id='word_1_315' title='bbox 2019 1896 2137 1953; x_wconf 74' lang='lat' dir='ltr'><strong>Iicte</strong></span> <span class='ocrx_word' id='word_1_316' title='bbox 2164 1898 2334 1968; x_wconf 88' lang='lat' dir='ltr'><strong>partis</strong></span> <span class='ocrx_word' id='word_1_317' title='bbox 2379 1899 2623 1969; x_wconf 81' lang='lat' dir='ltr'><strong>episcOpi</strong></span> <span class='ocrx_word' id='word_1_318' title='bbox 2654 1900 2954 1957; x_wconf 90' lang='lat' dir='ltr'><strong>secundum</strong></span> <span class='ocrx_word' id='word_1_319' title='bbox 3008 1900 3464 1972; x_wconf 79' lang='lat' dir='ltr'><strong>subscriptiOnem</strong></span> <span class='ocrx_word' id='word_1_320' title='bbox 3509 1900 3637 1959; x_wconf 85' lang='lat' dir='ltr'><strong>huic</strong></span> 
     </span>
    </p>
   </div>
   <div class='ocr_carea' id='block_1_49' title="bbox 2017 1988 3640 2075">
    <p class='ocr_par' dir='ltr' id='par_1_49' title="bbox 2017 1988 3640 2075">
     <span class='ocr_line' id='line_1_49' title="bbox 2017 1988 3640 2075; baseline 0.003 -28"><span class='ocrx_word' id='word_1_321' title='bbox 2017 1990 2169 2048; x_wconf 85' lang='lat' dir='ltr'><strong>brevi</strong></span> <span class='ocrx_word' id='word_1_322' title='bbox 2197 1990 2457 2048; x_wconf 84' lang='lat' dir='ltr'><strong>insertam</strong></span> <span class='ocrx_word' id='word_1_323' title='bbox 2486 1988 2801 2049; x_wconf 73' lang='lat' dir='ltr'><strong>efficiuntur</strong></span> <span class='ocrx_word' id='word_1_324' title='bbox 2827 1992 3044 2051; x_wconf 86' lang='lat' dir='ltr'><strong>ducenti</strong></span> <span class='ocrx_word' id='word_1_325' title='bbox 3072 1998 3355 2075; x_wconf 78' lang='lat' dir='ltr'><strong>sexaginla</strong></span> <span class='ocrx_word' id='word_1_326' title='bbox 3384 2014 3505 2065; x_wconf 79' lang='lat' dir='ltr'><strong>sex,</strong></span> <span class='ocrx_word' id='word_1_327' title='bbox 3539 2012 3640 2053; x_wconf 84' lang='lat' dir='ltr'><strong>ex-</strong></span> 
     </span>
    </p>
   </div>
   <div class='ocr_carea' id='block_1_50' title="bbox 2018 2082 3378 2158">
    <p class='ocr_par' dir='ltr' id='par_1_50' title="bbox 2018 2082 3378 2158">
     <span class='ocr_line' id='line_1_50' title="bbox 2018 2082 3378 2158; baseline 0.004 -19"><span class='ocrx_word' id='word_1_328' title='bbox 2018 2084 2189 2154; x_wconf 91' lang='lat' dir='ltr'><strong>ceptis</strong></span> <span class='ocrx_word' id='word_1_329' title='bbox 2219 2083 2304 2139; x_wconf 89' lang='lat' dir='ltr'><strong>bis</strong></span> <span class='ocrx_word' id='word_1_330' title='bbox 2325 2096 2463 2154; x_wconf 89' lang='lat' dir='ltr'><strong>quos</strong></span> <span class='ocrx_word' id='word_1_331' title='bbox 2494 2082 2682 2140; x_wconf 88' lang='lat' dir='ltr'><strong>dicunt</strong></span> <span class='ocrx_word' id='word_1_332' title='bbox 2704 2086 2935 2141; x_wconf 90' lang='lat' dir='ltr'><strong>necdum</strong></span> <span class='ocrx_word' id='word_1_333' title='bbox 2964 2087 3378 2158; x_wconf 83' lang='lat' dir='ltr'><strong>subscripsisse.</strong></span> 
     </span>
    </p>
   </div>
   <div class='ocr_carea' id='block_1_51' title="bbox 2089 2168 3635 2236">
    <p class='ocr_par' dir='ltr' id='par_1_51' title="bbox 2089 2168 3635 2236">
     <span class='ocr_line' id='line_1_51' title="bbox 2089 2168 3635 2236; baseline 0.004 -7"><span class='ocrx_word' id='word_1_334' title='bbox 2089 2174 2219 2231; x_wconf 73' lang='grc'><strong>215.</strong></span> <span class='ocrx_word' id='word_1_335' title='bbox 2263 2168 2603 2231; x_wconf 73' lang='lat' dir='ltr'><strong>Marcellinus</strong></span> <span class='ocrx_word' id='word_1_336' title='bbox 2637 2174 2701 2231; x_wconf 84' lang='lat' dir='ltr'><strong>V.</strong></span> <span class='ocrx_word' id='word_1_337' title='bbox 2733 2177 2793 2233; x_wconf 86' lang='lat' dir='ltr'><strong>C.</strong></span> <span class='ocrx_word' id='word_1_338' title='bbox 2823 2177 3060 2234; x_wconf 86' lang='lat' dir='ltr'><strong>tribunus</strong></span> <span class='ocrx_word' id='word_1_339' title='bbox 3103 2188 3153 2235; x_wconf 89' lang='lat' dir='ltr'><strong>et</strong></span> <span class='ocrx_word' id='word_1_340' title='bbox 3199 2176 3435 2236; x_wconf 85' lang='lat' dir='ltr'><strong>notarius</strong></span> <span class='ocrx_word' id='word_1_341' title='bbox 3478 2176 3635 2235; x_wconf 83' lang='lat' dir='ltr'><strong>dixit.</strong></span> 
     </span>
    </p>
   </div>
   <div class='ocr_carea' id='block_1_52' title="bbox 2019 2258 3636 2341">
    <p class='ocr_par' dir='ltr' id='par_1_52' title="bbox 2019 2258 3636 2341">
     <span class='ocr_line' id='line_1_52' title="bbox 2019 2258 3636 2341; baseline 0.003 -17"><span class='ocrx_word' id='word_1_342' title='bbox 2019 2266 2173 2324; x_wconf 85' lang='lat' dir='ltr'><strong>Nunc</strong></span> <span class='ocrx_word' id='word_1_343' title='bbox 2197 2276 2331 2338; x_wconf 87' lang='lat' dir='ltr'><strong>quot</strong></span> <span class='ocrx_word' id='word_1_344' title='bbox 2355 2276 2481 2323; x_wconf 89' lang='lat' dir='ltr'><strong>sunt</strong></span> <span class='ocrx_word' id='word_1_345' title='bbox 2509 2269 2545 2323; x_wconf 89' lang='lat' dir='ltr'><strong>ii</strong></span> <span class='ocrx_word' id='word_1_346' title='bbox 2577 2282 2717 2339; x_wconf 90' lang='lat' dir='ltr'><strong>quos</strong></span> <span class='ocrx_word' id='word_1_347' title='bbox 2754 2270 3143 2341; x_wconf 87' lang='lat' dir='ltr'><strong>subscripsisse</strong></span> <span class='ocrx_word' id='word_1_348' title='bbox 3170 2276 3470 2339; x_wconf 85' lang='lat' dir='ltr'><strong>testantur,</strong></span> <span class='ocrx_word' id='word_1_349' title='bbox 3518 2258 3636 2329; x_wconf 82' lang='lat' dir='ltr'><strong>edi-</strong></span> 
     </span>
    </p>
   </div>
   <div class='ocr_carea' id='block_1_53' title="bbox 2023 2361 3640 2435">
    <p class='ocr_par' dir='ltr' id='par_1_53' title="bbox 2023 2361 3640 2435">
     <span class='ocr_line' id='line_1_53' title="bbox 2023 2361 3640 2435; baseline 0.003 -20"><span class='ocrx_word' id='word_1_350' title='bbox 2023 2373 2148 2417; x_wconf 84' lang='lat' dir='ltr'><strong>cere</strong></span> <span class='ocrx_word' id='word_1_351' title='bbox 2176 2374 2285 2416; x_wconf 89' lang='lat' dir='ltr'><strong>non</strong></span> <span class='ocrx_word' id='word_1_352' title='bbox 2331 2370 2634 2419; x_wconf 87' lang='lat' dir='ltr'><strong>morentur.</strong></span> <span class='ocrx_word' id='word_1_353' title='bbox 2676 2362 2898 2435; x_wconf 81' lang='lat' dir='ltr'><strong>Alypius</strong></span> <span class='ocrx_word' id='word_1_354' title='bbox 2933 2364 3210 2435; x_wconf 86' lang='lat' dir='ltr'><strong>episcopus</strong></span> <span class='ocrx_word' id='word_1_355' title='bbox 3252 2361 3505 2419; x_wconf 76' lang='lat' dir='ltr'><strong>Ecclesia:</strong></span> <span class='ocrx_word' id='word_1_356' title='bbox 3546 2383 3640 2420; x_wconf 82' lang='lat' dir='ltr'><strong>ca-</strong></span> 
     </span>
    </p>
   </div>
   <div class='ocr_carea' id='block_1_54' title="bbox 2024 2450 3635 2528">
    <p class='ocr_par' dir='ltr' id='par_1_54' title="bbox 2024 2450 3635 2528">
     <span class='ocr_line' id='line_1_54' title="bbox 2024 2450 3635 2528; baseline 0.004 -21"><span class='ocrx_word' id='word_1_357' title='bbox 2024 2450 2229 2510; x_wconf 74' lang='lat' dir='ltr'><strong>tholica:</strong></span> <span class='ocrx_word' id='word_1_358' title='bbox 2275 2454 2426 2511; x_wconf 88' lang='lat' dir='ltr'><strong>dixit.</strong></span> <span class='ocrx_word' id='word_1_359' title='bbox 2501 2452 2802 2511; x_wconf 77' lang='lat' dir='ltr'><strong>Transeunt</strong></span> <span class='ocrx_word' id='word_1_360' title='bbox 2864 2464 2919 2512; x_wconf 91' lang='lat' dir='ltr'><strong>et</strong></span> <span class='ocrx_word' id='word_1_361' title='bbox 2966 2464 3385 2527; x_wconf 85' lang='lat' dir='ltr'><strong>cognoscantur.</strong></span> <span class='ocrx_word' id='word_1_362' title='bbox 3429 2456 3635 2528; x_wconf 81' lang='lat' dir='ltr'><strong>Viginti</strong></span> 
     </span>
    </p>
   </div>
   <div class='ocr_carea' id='block_1_55' title="bbox 2024 2545 3637 2621">
    <p class='ocr_par' dir='ltr' id='par_1_55' title="bbox 2024 2545 3637 2621">
     <span class='ocr_line' id='line_1_55' title="bbox 2024 2545 3637 2621; baseline 0.001 -18"><span class='ocrx_word' id='word_1_363' title='bbox 2024 2555 2171 2603; x_wconf 90' lang='lat' dir='ltr'><strong>sunt.</strong></span> <span class='ocrx_word' id='word_1_364' title='bbox 2204 2546 2271 2603; x_wconf 88' lang='lat' dir='ltr'><strong>Et</strong></span> <span class='ocrx_word' id='word_1_365' title='bbox 2298 2547 2405 2603; x_wconf 89' lang='lat' dir='ltr'><strong>alia</strong></span> <span class='ocrx_word' id='word_1_366' title='bbox 2440 2563 2619 2604; x_wconf 87' lang='lat' dir='ltr'><strong>manu.</strong></span> <span class='ocrx_word' id='word_1_367' title='bbox 2665 2546 2997 2621; x_wconf 82' lang='lat' dir='ltr'><strong>Recognovi.</strong></span> <span class='ocrx_word' id='word_1_368' title='bbox 3046 2545 3387 2606; x_wconf 84' lang='lat' dir='ltr'><strong>Marcellinus</strong></span> <span class='ocrx_word' id='word_1_369' title='bbox 3415 2550 3495 2604; x_wconf 75' lang='lat' dir='ltr'><strong>air</strong></span> <span class='ocrx_word' id='word_1_370' title='bbox 3520 2550 3637 2605; x_wconf 89' lang='lat' dir='ltr'><strong>cla-</strong></span> 
     </span>
    </p>
   </div>
   <div class='ocr_carea' id='block_1_56' title="bbox 2024 2639 3636 2714">
    <p class='ocr_par' dir='ltr' id='par_1_56' title="bbox 2024 2639 3636 2714">
     <span class='ocr_line' id='line_1_56' title="bbox 2024 2639 3636 2714; baseline 0.001 -18"><span class='ocrx_word' id='word_1_371' title='bbox 2024 2639 2261 2697; x_wconf 82' lang='lat' dir='ltr'><strong>rissimus</strong></span> <span class='ocrx_word' id='word_1_372' title='bbox 2293 2641 2527 2697; x_wconf 89' lang='lat' dir='ltr'><strong>tribunus</strong></span> <span class='ocrx_word' id='word_1_373' title='bbox 2556 2651 2605 2697; x_wconf 87' lang='lat' dir='ltr'><strong>et</strong></span> <span class='ocrx_word' id='word_1_374' title='bbox 2636 2644 2871 2698; x_wconf 86' lang='lat' dir='ltr'><strong>notarius</strong></span> <span class='ocrx_word' id='word_1_375' title='bbox 2907 2640 3061 2697; x_wconf 85' lang='lat' dir='ltr'><strong>dixit.</strong></span> <span class='ocrx_word' id='word_1_376' title='bbox 3102 2641 3276 2714; x_wconf 84' lang='lat' dir='ltr'><strong>Ergo,</strong></span> <span class='ocrx_word' id='word_1_377' title='bbox 3319 2642 3364 2697; x_wconf 86' lang='lat' dir='ltr'><strong>si</strong></span> <span class='ocrx_word' id='word_1_378' title='bbox 3402 2642 3636 2711; x_wconf 88' lang='lat' dir='ltr'><strong>adsunt,</strong></span> 
     </span>
    </p>
   </div>
   <div class='ocr_carea' id='block_1_57' title="bbox 2028 2732 3640 2807">
    <p class='ocr_par' dir='ltr' id='par_1_57' title="bbox 2028 2732 3640 2807">
     <span class='ocr_line' id='line_1_57' title="bbox 2028 2732 3640 2807; baseline -0.001 -14"><span class='ocrx_word' id='word_1_379' title='bbox 2028 2750 2181 2794; x_wconf 84' lang='lat' dir='ltr'><strong>suam</strong></span> <span class='ocrx_word' id='word_1_380' title='bbox 2215 2736 2417 2792; x_wconf 89' lang='lat' dir='ltr'><strong>debent</strong></span> <span class='ocrx_word' id='word_1_381' title='bbox 2438 2734 2636 2807; x_wconf 87' lang='lat' dir='ltr'><strong>singuli</strong></span> <span class='ocrx_word' id='word_1_382' title='bbox 2663 2732 3045 2793; x_wconf 89' lang='lat' dir='ltr'><strong>demonstrare</strong></span> <span class='ocrx_word' id='word_1_383' title='bbox 3080 2735 3449 2807; x_wconf 75' lang='lat' dir='ltr'><strong>prmsenliam.</strong></span> <span class='ocrx_word' id='word_1_384' title='bbox 3478 2733 3640 2791; x_wconf 81' lang='lat' dir='ltr'><strong>Cum-</strong></span> 
     </span>
    </p>
   </div>
   <div class='ocr_carea' id='block_1_58' title="bbox 2026 2824 3641 2902">
    <p class='ocr_par' dir='ltr' id='par_1_58' title="bbox 2026 2824 3641 2902">
     <span class='ocr_line' id='line_1_58' title="bbox 2026 2824 3641 2902; baseline -0.002 -18"><span class='ocrx_word' id='word_1_385' title='bbox 2026 2847 2124 2901; x_wconf 82' lang='lat' dir='ltr'><strong>que</strong></span> <span class='ocrx_word' id='word_1_386' title='bbox 2148 2830 2479 2902; x_wconf 81' lang='lat' dir='ltr'><strong>Apronianus</strong></span> <span class='ocrx_word' id='word_1_387' title='bbox 2506 2830 2779 2900; x_wconf 86' lang='lat' dir='ltr'><strong>episcopus</strong></span> <span class='ocrx_word' id='word_1_388' title='bbox 2819 2826 3146 2894; x_wconf 86' lang='lat' dir='ltr'><strong>accessisset,</strong></span> <span class='ocrx_word' id='word_1_389' title='bbox 3179 2824 3518 2883; x_wconf 77' lang='lat' dir='ltr'><strong>Marcellinus</strong></span> <span class='ocrx_word' id='word_1_390' title='bbox 3559 2827 3641 2882; x_wconf 80' lang='lat' dir='ltr'><strong>vir</strong></span> 
     </span>
    </p>
   </div>
   <div class='ocr_carea' id='block_1_59' title="bbox 2028 2916 3639 2989">
    <p class='ocr_par' dir='ltr' id='par_1_59' title="bbox 2028 2916 3639 2989">
     <span class='ocr_line' id='line_1_59' title="bbox 2028 2916 3639 2989; baseline -0.004 -10"><span class='ocrx_word' id='word_1_391' title='bbox 2028 2923 2348 2979; x_wconf 83' lang='lat' dir='ltr'><strong>clarissimus</strong></span> <span class='ocrx_word' id='word_1_392' title='bbox 2389 2921 2623 2976; x_wconf 87' lang='lat' dir='ltr'><strong>tribunus</strong></span> <span class='ocrx_word' id='word_1_393' title='bbox 2653 2930 2702 2977; x_wconf 90' lang='lat' dir='ltr'><strong>et</strong></span> <span class='ocrx_word' id='word_1_394' title='bbox 2737 2921 2972 2976; x_wconf 86' lang='lat' dir='ltr'><strong>notarius</strong></span> <span class='ocrx_word' id='word_1_395' title='bbox 3001 2916 3154 2974; x_wconf 81' lang='lat' dir='ltr'><strong>dixit.</strong></span> <span class='ocrx_word' id='word_1_396' title='bbox 3198 2916 3365 2989; x_wconf 79' lang='lat' dir='ltr'><strong>Cujus</strong></span> <span class='ocrx_word' id='word_1_397' title='bbox 3400 2933 3461 2974; x_wconf 89' lang='lat' dir='ltr'><strong>es</strong></span> <span class='ocrx_word' id='word_1_398' title='bbox 3502 2917 3639 2974; x_wconf 77' lang='lat' dir='ltr'><strong>civi-</strong></span> 
     </span>
    </p>
   </div>
   <div class='ocr_carea' id='block_1_60' title="bbox 2032 3002 3641 3088">
    <p class='ocr_par' dir='ltr' id='par_1_60' title="bbox 2032 3002 3641 3088">
     <span class='ocr_line' id='line_1_60' title="bbox 2032 3002 3641 3088; baseline -0.003 -19"><span class='ocrx_word' id='word_1_399' title='bbox 2032 3016 2158 3070; x_wconf 84' lang='lat' dir='ltr'><strong>tatis</strong></span> <span class='ocrx_word' id='word_1_400' title='bbox 2182 3012 2509 3085; x_wconf 84' lang='lat' dir='ltr'><strong>episcopus?</strong></span> <span class='ocrx_word' id='word_1_401' title='bbox 2535 3012 2868 3084; x_wconf 86' lang='lat' dir='ltr'><strong>Apronianus</strong></span> <span class='ocrx_word' id='word_1_402' title='bbox 2889 3011 3162 3085; x_wconf 79' lang='lat' dir='ltr'><strong>episwpus</strong></span> <span class='ocrx_word' id='word_1_403' title='bbox 3182 3002 3434 3065; x_wconf 72' lang='lat' dir='ltr'><strong>Ecclesia:</strong></span> <span class='ocrx_word' id='word_1_404' title='bbox 3457 3010 3641 3088; x_wconf 78' lang='lat' dir='ltr'><strong>catho-</strong></span> 
     </span>
    </p>
   </div>
   <div class='ocr_carea' id='block_1_61' title="bbox 2030 3100 3644 3176">
    <p class='ocr_par' dir='ltr' id='par_1_61' title="bbox 2030 3100 3644 3176">
     <span class='ocr_line' id='line_1_61' title="bbox 2030 3100 3644 3176; baseline -0.004 -13"><span class='ocrx_word' id='word_1_405' title='bbox 2030 3108 2145 3163; x_wconf 70' lang='lat' dir='ltr'><strong>lica:</strong></span> <span class='ocrx_word' id='word_1_406' title='bbox 2169 3106 2318 3163; x_wconf 89' lang='lat' dir='ltr'><strong>dixit.</strong></span> <span class='ocrx_word' id='word_1_407' title='bbox 2358 3101 2694 3161; x_wconf 83' lang='lat' dir='ltr'><strong>Mazacensis</strong></span> <span class='ocrx_word' id='word_1_408' title='bbox 2725 3100 2901 3176; x_wconf 86' lang='grc'>(444).</span> <span class='ocrx_word' id='word_1_409' title='bbox 2932 3102 3269 3158; x_wconf 84' lang='lat' dir='ltr'><strong>Marcellinus</strong></span> <span class='ocrx_word' id='word_1_410' title='bbox 3308 3102 3387 3157; x_wconf 82' lang='lat' dir='ltr'><strong>vir</strong></span> <span class='ocrx_word' id='word_1_411' title='bbox 3411 3101 3644 3157; x_wconf 86' lang='lat' dir='ltr'><strong>clarissi-</strong></span> 
     </span>
    </p>
   </div>
   <div class='ocr_carea' id='block_1_62' title="bbox 314 3192 3643 3272">
    <p class='ocr_par' dir='ltr' id='par_1_62' title="bbox 314 3192 3643 3272">
     <span class='ocr_line' id='line_1_62' title="bbox 314 3192 3643 3272; baseline -0.001 -21"><span class='ocrx_word' id='word_1_412' title='bbox 314 3197 467 3253; x_wconf 84' lang='lat' dir='ltr'><strong>dixit.</strong></span> <span class='ocrx_word' id='word_1_413' title='bbox 497 3198 779 3254; x_wconf 89' lang='lat' dir='ltr'><strong>Testatum</strong></span> <span class='ocrx_word' id='word_1_414' title='bbox 816 3200 889 3255; x_wconf 83' lang='lat' dir='ltr'><strong>sit</strong></span> <span class='ocrx_word' id='word_1_415' title='bbox 916 3203 1056 3257; x_wconf 84' lang='lat' dir='ltr'><strong>actis</strong></span> <span class='ocrx_word' id='word_1_416' title='bbox 1099 3201 1452 3258; x_wconf 87' lang='lat' dir='ltr'><strong>sublimitatis</strong></span> <span class='ocrx_word' id='word_1_417' title='bbox 1488 3213 1625 3272; x_wconf 71' lang='lat' dir='ltr'><strong>tuas,</strong></span> <span class='ocrx_word' id='word_1_418' title='bbox 1656 3204 1779 3261; x_wconf 90' lang='lat' dir='ltr'><strong>ideo</strong></span> <span class='ocrx_word' id='word_1_419' title='bbox 1809 3203 1925 3260; x_wconf 79' lang='lat' dir='ltr'><strong>inec</strong></span> <span class='ocrx_word' id='word_1_420' title='bbox 1950 3192 1996 3260; x_wconf 85' lang='lat' dir='ltr'>C</span> <span class='ocrx_word' id='word_1_421' title='bbox 2030 3216 2145 3255; x_wconf 87' lang='lat' dir='ltr'><strong>mus</strong></span> <span class='ocrx_word' id='word_1_422' title='bbox 2174 3198 2407 3254; x_wconf 84' lang='lat' dir='ltr'><strong>tribunus</strong></span> <span class='ocrx_word' id='word_1_423' title='bbox 2448 3208 2497 3253; x_wconf 90' lang='lat' dir='ltr'><strong>et</strong></span> <span class='ocrx_word' id='word_1_424' title='bbox 2540 3198 2771 3252; x_wconf 86' lang='lat' dir='ltr'><strong>notarius</strong></span> <span class='ocrx_word' id='word_1_425' title='bbox 2798 3195 2946 3251; x_wconf 87' lang='lat' dir='ltr'><strong>dixit.</strong></span> <span class='ocrx_word' id='word_1_426' title='bbox 2980 3193 3267 3264; x_wconf 87' lang='lat' dir='ltr'><strong>Mandato,</strong></span> <span class='ocrx_word' id='word_1_427' title='bbox 3299 3194 3382 3249; x_wconf 89' lang='lat' dir='ltr'><strong>cui</strong></span> <span class='ocrx_word' id='word_1_428' title='bbox 3413 3206 3512 3265; x_wconf 86' lang='lat' dir='ltr'><strong>per</strong></span> <span class='ocrx_word' id='word_1_429' title='bbox 3540 3192 3643 3249; x_wconf 83' lang='lat' dir='ltr'><strong>ab-</strong></span> 
     </span>
    </p>
   </div>
   <div class='ocr_carea' id='block_1_63' title="bbox 313 3290 1918 3367">
    <p class='ocr_par' dir='ltr' id='par_1_63' title="bbox 313 3290 1918 3367">
     <span class='ocr_line' id='line_1_63' title="bbox 313 3290 1918 3367; baseline 0.004 -22"><span class='ocrx_word' id='word_1_430' title='bbox 313 3290 429 3347; x_wconf 88' lang='lat' dir='ltr'><strong>ﬁeri</strong></span> <span class='ocrx_word' id='word_1_431' title='bbox 453 3298 513 3346; x_wconf 88' lang='lat' dir='ltr'><strong>ut</strong></span> <span class='ocrx_word' id='word_1_432' title='bbox 539 3291 717 3359; x_wconf 83' lang='lat' dir='ltr'><strong>major</strong></span> <span class='ocrx_word' id='word_1_433' title='bbox 738 3291 985 3348; x_wconf 75' lang='lat' dir='ltr'><strong>videatur</strong></span> <span class='ocrx_word' id='word_1_434' title='bbox 1005 3308 1192 3349; x_wconf 88' lang='lat' dir='ltr'><strong>eorum</strong></span> <span class='ocrx_word' id='word_1_435' title='bbox 1221 3308 1482 3350; x_wconf 87' lang='lat' dir='ltr'><strong>numerus</strong></span> <span class='ocrx_word' id='word_1_436' title='bbox 1507 3298 1918 3367; x_wconf 90' lang='lat' dir='ltr'><strong>episcoporum;</strong></span> 
     </span>
    </p>
   </div>
   <div class='ocr_carea' id='block_1_64' title="bbox 310 3382 1923 3456">
    <p class='ocr_par' dir='ltr' id='par_1_64' title="bbox 310 3382 1923 3456">
     <span class='ocr_line' id='line_1_64' title="bbox 310 3382 1923 3456; baseline 0.003 -20"><span class='ocrx_word' id='word_1_437' title='bbox 310 3382 560 3453; x_wconf 88' lang='lat' dir='ltr'><strong>quamvis</strong></span> <span class='ocrx_word' id='word_1_438' title='bbox 601 3397 702 3439; x_wconf 89' lang='lat' dir='ltr'><strong>nec</strong></span> <span class='ocrx_word' id='word_1_439' title='bbox 742 3384 820 3441; x_wconf 90' lang='lat' dir='ltr'><strong>sic</strong></span> <span class='ocrx_word' id='word_1_440' title='bbox 862 3383 1158 3441; x_wconf 87' lang='lat' dir='ltr'><strong>Catholicis</strong></span> <span class='ocrx_word' id='word_1_441' title='bbox 1203 3384 1377 3456; x_wconf 89' lang='lat' dir='ltr'><strong>possit</strong></span> <span class='ocrx_word' id='word_1_442' title='bbox 1424 3386 1655 3456; x_wconf 63' lang='lat' dir='ltr'><strong>aequari.</strong></span> <span class='ocrx_word' id='word_1_443' title='bbox 1702 3385 1773 3441; x_wconf 89' lang='lat' dir='ltr'><strong>Et</strong></span> <span class='ocrx_word' id='word_1_444' title='bbox 1816 3387 1923 3442; x_wconf 87' lang='lat' dir='ltr'><strong>alia</strong></span> 
     </span>
    </p>
   </div>
   <div class='ocr_carea' id='block_1_65' title="bbox 311 3475 1921 3553">
    <p class='ocr_par' dir='ltr' id='par_1_65' title="bbox 311 3475 1921 3553">
     <span class='ocr_line' id='line_1_65' title="bbox 311 3475 1921 3553; baseline 0.004 -24"><span class='ocrx_word' id='word_1_445' title='bbox 311 3490 490 3531; x_wconf 84' lang='lat' dir='ltr'><strong>manu.</strong></span> <span class='ocrx_word' id='word_1_446' title='bbox 526 3475 861 3548; x_wconf 81' lang='lat' dir='ltr'><strong>Recognovi.</strong></span> <span class='ocrx_word' id='word_1_447' title='bbox 899 3478 1031 3534; x_wconf 90' lang='lat' dir='ltr'><strong>Item</strong></span> <span class='ocrx_word' id='word_1_448' title='bbox 1060 3479 1313 3535; x_wconf 78' lang='lat' dir='ltr'><strong>recitavit.</strong></span> <span class='ocrx_word' id='word_1_449' title='bbox 1351 3476 1595 3538; x_wconf 88' lang='lat' dir='ltr'><strong>Donatus</strong></span> <span class='ocrx_word' id='word_1_450' title='bbox 1634 3481 1921 3553; x_wconf 86' lang='lat' dir='ltr'><strong>episcopus</strong></span> 
     </span>
    </p>
   </div>
   <div class='ocr_carea' id='block_1_66' title="bbox 312 3569 1921 3647">
    <p class='ocr_par' dir='ltr' id='par_1_66' title="bbox 312 3569 1921 3647">
     <span class='ocr_line' id='line_1_66' title="bbox 312 3569 1921 3647; baseline 0.001 -19"><span class='ocrx_word' id='word_1_451' title='bbox 312 3569 690 3628; x_wconf 87' lang='lat' dir='ltr'><strong>Sucardensis.</strong></span> <span class='ocrx_word' id='word_1_452' title='bbox 740 3570 1069 3629; x_wconf 78' lang='lat' dir='ltr'><strong>Marinianus</strong></span> <span class='ocrx_word' id='word_1_453' title='bbox 1112 3575 1381 3647; x_wconf 86' lang='lat' dir='ltr'><strong>episcopus</strong></span> <span class='ocrx_word' id='word_1_454' title='bbox 1407 3570 1558 3630; x_wconf 88' lang='lat' dir='ltr'><strong>dixit.</strong></span> <span class='ocrx_word' id='word_1_455' title='bbox 1603 3575 1701 3631; x_wconf 92' lang='lat' dir='ltr'><strong>llic</strong></span> <span class='ocrx_word' id='word_1_456' title='bbox 1744 3581 1830 3632; x_wconf 90' lang='lat' dir='ltr'><strong>est</strong></span> <span class='ocrx_word' id='word_1_457' title='bbox 1865 3575 1921 3631; x_wconf 92' lang='lat' dir='ltr'><strong>in</strong></span> 
     </span>
    </p>
   </div>
   <div class='ocr_carea' id='block_1_67' title="bbox 206 3665 971 3739">
    <p class='ocr_par' dir='ltr' id='par_1_67' title="bbox 206 3665 971 3739">
     <span class='ocr_line' id='line_1_67' title="bbox 206 3665 971 3739; baseline 0 -17"><span class='ocrx_word' id='word_1_458' title='bbox 206 3668 215 3675; x_wconf 84' lang='grc'><strong>’</strong></span> <span class='ocrx_word' id='word_1_459' title='bbox 310 3666 569 3731; x_wconf 78' lang='lat' dir='ltr'><strong>civitate;</strong></span> <span class='ocrx_word' id='word_1_460' title='bbox 598 3665 696 3721; x_wconf 87' lang='lat' dir='ltr'><strong>sed</strong></span> <span class='ocrx_word' id='word_1_461' title='bbox 726 3674 971 3739; x_wconf 79' lang='lat' dir='ltr'><strong>:cgrotat.</strong></span> 
     </span>
    </p>
   </div>
   <div class='ocr_carea' id='block_1_68' title="bbox 381 3760 1919 3820">
    <p class='ocr_par' dir='ltr' id='par_1_68' title="bbox 381 3760 1919 3820">
     <span class='ocr_line' id='line_1_68' title="bbox 381 3760 1919 3820; baseline 0 -2"><span class='ocrx_word' id='word_1_462' title='bbox 381 3762 511 3818; x_wconf 73' lang='grc' dir='ltr'><strong>ΞΗ.</strong></span> <span class='ocrx_word' id='word_1_463' title='bbox 556 3760 896 3817; x_wconf 74' lang='lat' dir='ltr'><strong>Marcellinus</strong></span> <span class='ocrx_word' id='word_1_464' title='bbox 927 3763 1004 3817; x_wconf 83' lang='lat' dir='ltr'><strong>vir</strong></span> <span class='ocrx_word' id='word_1_465' title='bbox 1039 3760 1361 3818; x_wconf 88' lang='lat' dir='ltr'><strong>clarissimus</strong></span> <span class='ocrx_word' id='word_1_466' title='bbox 1401 3763 1636 3820; x_wconf 82' lang='lat' dir='ltr'><strong>tribunus</strong></span> <span class='ocrx_word' id='word_1_467' title='bbox 1678 3773 1725 3819; x_wconf 90' lang='lat' dir='ltr'><strong>et</strong></span> <span class='ocrx_word' id='word_1_468' title='bbox 1769 3772 1919 3819; x_wconf 80' lang='lat' dir='ltr'><strong>nata-</strong></span> 
     </span>
    </p>
   </div>
   <div class='ocr_carea' id='block_1_69' title="bbox 316 3851 1917 3920">
    <p class='ocr_par' dir='ltr' id='par_1_69' title="bbox 316 3851 1917 3920">
     <span class='ocr_line' id='line_1_69' title="bbox 316 3851 1917 3920; baseline 0.001 -13"><span class='ocrx_word' id='word_1_469' title='bbox 316 3855 431 3908; x_wconf 86' lang='lat' dir='ltr'><strong>rius</strong></span> <span class='ocrx_word' id='word_1_470' title='bbox 461 3853 611 3907; x_wconf 88' lang='lat' dir='ltr'><strong>dixit.</strong></span> <span class='ocrx_word' id='word_1_471' title='bbox 637 3851 709 3909; x_wconf 90' lang='lat' dir='ltr'><strong>Ut</strong></span> <span class='ocrx_word' id='word_1_472' title='bbox 731 3853 916 3920; x_wconf 84' lang='lat' dir='ltr'><strong>statui,</strong></span> <span class='ocrx_word' id='word_1_473' title='bbox 951 3853 1087 3909; x_wconf 84' lang='lat' dir='ltr'><strong>lecta</strong></span> <span class='ocrx_word' id='word_1_474' title='bbox 1120 3855 1174 3909; x_wconf 91' lang='lat' dir='ltr'><strong>in</strong></span> <span class='ocrx_word' id='word_1_475' title='bbox 1203 3854 1401 3909; x_wconf 87' lang='lat' dir='ltr'><strong>seriem</strong></span> <span class='ocrx_word' id='word_1_476' title='bbox 1432 3852 1741 3910; x_wconf 85' lang='lat' dir='ltr'><strong>referentur</strong></span> <span class='ocrx_word' id='word_1_477' title='bbox 1765 3862 1917 3910; x_wconf 83' lang='lat' dir='ltr'><strong>acto-</strong></span> 
     </span>
    </p>
   </div>
   <div class='ocr_carea' id='block_1_70' title="bbox 317 3944 1920 4018">
    <p class='ocr_par' dir='ltr' id='par_1_70' title="bbox 317 3944 1920 4018">
     <span class='ocr_line' id='line_1_70' title="bbox 317 3944 1920 4018; baseline 0.001 -17"><span class='ocrx_word' id='word_1_478' title='bbox 317 3960 463 4002; x_wconf 88' lang='lat' dir='ltr'><strong>rum.</strong></span> <span class='ocrx_word' id='word_1_479' title='bbox 495 3944 727 4011; x_wconf 85' lang='lat' dir='ltr'><strong>Quoteni</strong></span> <span class='ocrx_word' id='word_1_480' title='bbox 769 3954 950 4003; x_wconf 90' lang='lat' dir='ltr'><strong>autem</strong></span> <span class='ocrx_word' id='word_1_481' title='bbox 999 3946 1108 4002; x_wconf 87' lang='lat' dir='ltr'><strong>sint</strong></span> <span class='ocrx_word' id='word_1_482' title='bbox 1154 3946 1437 4017; x_wconf 88' lang='lat' dir='ltr'><strong>utriusque</strong></span> <span class='ocrx_word' id='word_1_483' title='bbox 1468 3947 1637 4017; x_wconf 88' lang='lat' dir='ltr'><strong>partis</strong></span> <span class='ocrx_word' id='word_1_484' title='bbox 1679 3946 1920 4018; x_wconf 81' lang='lat' dir='ltr'><strong>episcOpi</strong></span> 
     </span>
    </p>
   </div>
   <div class='ocr_carea' id='block_1_71' title="bbox 312 4034 1922 4112">
    <p class='ocr_par' dir='ltr' id='par_1_71' title="bbox 312 4034 1922 4112">
     <span class='ocr_line' id='line_1_71' title="bbox 312 4034 1922 4112; baseline 0.004 -24"><span class='ocrx_word' id='word_1_485' title='bbox 312 4048 549 4109; x_wconf 85' lang='lat' dir='ltr'><strong>quorum</strong></span> <span class='ocrx_word' id='word_1_486' title='bbox 577 4034 903 4108; x_wconf 88' lang='lat' dir='ltr'><strong>subscriptio</strong></span> <span class='ocrx_word' id='word_1_487' title='bbox 935 4037 1158 4095; x_wconf 89' lang='lat' dir='ltr'><strong>recitata</strong></span> <span class='ocrx_word' id='word_1_488' title='bbox 1200 4044 1315 4105; x_wconf 88' lang='lat' dir='ltr'><strong>est,</strong></span> <span class='ocrx_word' id='word_1_489' title='bbox 1347 4036 1672 4095; x_wconf 88' lang='lat' dir='ltr'><strong>cauculatim</strong></span> <span class='ocrx_word' id='word_1_490' title='bbox 1720 4038 1922 4112; x_wconf 84' lang='lat' dir='ltr'><strong>pandat</strong></span> 
     </span>
    </p>
   </div>
   <div class='ocr_carea' id='block_1_72' title="bbox 314 4127 578 4185">
    <p class='ocr_par' dir='ltr' id='par_1_72' title="bbox 314 4127 578 4185">
     <span class='ocr_line' id='line_1_72' title="bbox 314 4127 578 4185; baseline -0.015 -1"><span class='ocrx_word' id='word_1_491' title='bbox 314 4127 578 4185; x_wconf 86' lang='lat' dir='ltr'><strong>ofﬁcium.</strong></span> 
     </span>
    </p>
   </div>
   <div class='ocr_carea' id='block_1_73' title="bbox 387 4216 1916 4291">
    <p class='ocr_par' dir='ltr' id='par_1_73' title="bbox 387 4216 1916 4291">
     <span class='ocr_line' id='line_1_73' title="bbox 387 4216 1916 4291; baseline 0.003 -17"><span class='ocrx_word' id='word_1_492' title='bbox 387 4218 517 4275; x_wconf 70' lang='lat' dir='ltr'><strong>2l2.</strong></span> <span class='ocrx_word' id='word_1_493' title='bbox 570 4217 789 4291; x_wconf 76' lang='lat' dir='ltr'><strong>Alypius</strong></span> <span class='ocrx_word' id='word_1_494' title='bbox 837 4216 1110 4291; x_wconf 80' lang='lat' dir='ltr'><strong>episcopus</strong></span> <span class='ocrx_word' id='word_1_495' title='bbox 1156 4219 1411 4277; x_wconf 63' lang='lat' dir='ltr'><strong>Ecclesia;</strong></span> <span class='ocrx_word' id='word_1_496' title='bbox 1454 4220 1720 4280; x_wconf 68' lang='lat' dir='ltr'><strong>catholica:</strong></span> <span class='ocrx_word' id='word_1_497' title='bbox 1764 4222 1916 4279; x_wconf 80' lang='lat' dir='ltr'><strong>dixit.</strong></span> 
     </span>
    </p>
   </div>
   <div class='ocr_carea' id='block_1_74' title="bbox 319 4299 1920 4387">
    <p class='ocr_par' dir='ltr' id='par_1_74' title="bbox 319 4299 1920 4387">
     <span class='ocr_line' id='line_1_74' title="bbox 319 4299 1920 4387; baseline 0.002 -18"><span class='ocrx_word' id='word_1_498' title='bbox 319 4299 512 4371; x_wconf 62' lang='lat' dir='ltr'><strong>Adhuc</strong></span> <span class='ocrx_word' id='word_1_499' title='bbox 547 4320 673 4371; x_wconf 91' lang='lat' dir='ltr'><strong>sunt</strong></span> <span class='ocrx_word' id='word_1_500' title='bbox 712 4322 1011 4383; x_wconf 70' lang='lat' dir='ltr'><strong>prtesentes</strong></span> <span class='ocrx_word' id='word_1_501' title='bbox 1039 4312 1262 4385; x_wconf 77' lang='lat' dir='ltr'><strong>collegae</strong></span> <span class='ocrx_word' id='word_1_502' title='bbox 1294 4315 1501 4383; x_wconf 90' lang='lat' dir='ltr'><strong>nostri,</strong></span> <span class='ocrx_word' id='word_1_503' title='bbox 1545 4316 1636 4387; x_wconf 87' lang='lat' dir='ltr'><strong>qui</strong></span> <span class='ocrx_word' id='word_1_504' title='bbox 1678 4312 1920 4372; x_wconf 83' lang='lat' dir='ltr'><strong>subscri-</strong></span> 
     </span>
    </p>
   </div>
   <div class='ocr_carea' id='block_1_75' title="bbox 318 4406 1922 4482">
    <p class='ocr_par' dir='ltr' id='par_1_75' title="bbox 318 4406 1922 4482">
     <span class='ocr_line' id='line_1_75' title="bbox 318 4406 1922 4482; baseline 0.001 -18"><span class='ocrx_word' id='word_1_505' title='bbox 318 4410 533 4481; x_wconf 82' lang='lat' dir='ltr'><strong>ptiones</strong></span> <span class='ocrx_word' id='word_1_506' title='bbox 555 4422 682 4464; x_wconf 88' lang='lat' dir='ltr'><strong>suas</strong></span> <span class='ocrx_word' id='word_1_507' title='bbox 703 4407 960 4463; x_wconf 86' lang='lat' dir='ltr'><strong>mandato</strong></span> <span class='ocrx_word' id='word_1_508' title='bbox 986 4422 1095 4463; x_wconf 91' lang='lat' dir='ltr'><strong>non</strong></span> <span class='ocrx_word' id='word_1_509' title='bbox 1126 4406 1457 4464; x_wconf 89' lang='lat' dir='ltr'><strong>indiderunt.</strong></span> <span class='ocrx_word' id='word_1_510' title='bbox 1488 4407 1747 4482; x_wconf 84' lang='lat' dir='ltr'><strong>Occupati</strong></span> <span class='ocrx_word' id='word_1_511' title='bbox 1772 4409 1922 4466; x_wconf 87' lang='lat' dir='ltr'><strong>enim</strong></span> 
     </span>
    </p>
   </div>
   <div class='ocr_carea' id='block_1_76' title="bbox 321 4500 1920 4571">
    <p class='ocr_par' dir='ltr' id='par_1_76' title="bbox 321 4500 1920 4571">
     <span class='ocr_line' id='line_1_76' title="bbox 321 4500 1920 4571; baseline -0.001 -13"><span class='ocrx_word' id='word_1_512' title='bbox 321 4502 534 4558; x_wconf 86' lang='lat' dir='ltr'><strong>fuerant</strong></span> <span class='ocrx_word' id='word_1_513' title='bbox 572 4502 657 4558; x_wconf 79' lang='lat' dir='ltr'><strong>vel</strong></span> <span class='ocrx_word' id='word_1_514' title='bbox 697 4501 1040 4568; x_wconf 78' lang='lat' dir='ltr'><strong>inﬁmitate,</strong></span> <span class='ocrx_word' id='word_1_515' title='bbox 1088 4500 1177 4557; x_wconf 84' lang='lat' dir='ltr'><strong>vel</strong></span> <span class='ocrx_word' id='word_1_516' title='bbox 1219 4500 1577 4571; x_wconf 86' lang='lat' dir='ltr'><strong>necessitate,</strong></span> <span class='ocrx_word' id='word_1_517' title='bbox 1622 4501 1707 4559; x_wconf 78' lang='lat' dir='ltr'><strong>vel</strong></span> <span class='ocrx_word' id='word_1_518' title='bbox 1757 4502 1920 4559; x_wconf 89' lang='lat' dir='ltr'><strong>etiam</strong></span> 
     </span>
    </p>
   </div>
   <div class='ocr_carea' id='block_1_77' title="bbox 2027 3282 3645 3359">
    <p class='ocr_par' dir='ltr' id='par_1_77' title="bbox 2027 3282 3645 3359">
     <span class='ocr_line' id='line_1_77' title="bbox 2027 3282 3645 3359; baseline -0.006 -11"><span class='ocrx_word' id='word_1_519' title='bbox 2027 3292 2259 3350; x_wconf 88' lang='lat' dir='ltr'><strong>sentiam</strong></span> <span class='ocrx_word' id='word_1_520' title='bbox 2287 3301 2395 3345; x_wconf 89' lang='lat' dir='ltr'><strong>non</strong></span> <span class='ocrx_word' id='word_1_521' title='bbox 2421 3287 2816 3358; x_wconf 87' lang='lat' dir='ltr'><strong>subscripsisti,</strong></span> <span class='ocrx_word' id='word_1_522' title='bbox 2843 3288 3155 3344; x_wconf 83' lang='lat' dir='ltr'><strong>consentis‘t</strong></span> <span class='ocrx_word' id='word_1_523' title='bbox 3180 3285 3512 3359; x_wconf 83' lang='lat' dir='ltr'><strong>Apronianus</strong></span> <span class='ocrx_word' id='word_1_524' title='bbox 3531 3282 3645 3357; x_wconf 81' lang='lat' dir='ltr'><strong>epi-</strong></span> 
     </span>
    </p>
   </div>
   <div class='ocr_carea' id='block_1_78' title="bbox 2027 3372 3641 3455">
    <p class='ocr_par' dir='ltr' id='par_1_78' title="bbox 2027 3372 3641 3455">
     <span class='ocr_line' id='line_1_78' title="bbox 2027 3372 3641 3455; baseline -0.006 -14"><span class='ocrx_word' id='word_1_525' title='bbox 2027 3400 2217 3455; x_wconf 80' lang='lat' dir='ltr'><strong>scOpus</strong></span> <span class='ocrx_word' id='word_1_526' title='bbox 2241 3382 2489 3438; x_wconf 71' lang='lat' dir='ltr'><strong>Ecclesiae</strong></span> <span class='ocrx_word' id='word_1_527' title='bbox 2513 3379 2781 3436; x_wconf 72' lang='lat' dir='ltr'><strong>catholica:</strong></span> <span class='ocrx_word' id='word_1_528' title='bbox 2801 3379 2858 3434; x_wconf 83' lang='grc' dir='ltr'><em>Μ</em></span> <span class='ocrx_word' id='word_1_529' title='bbox 2862 3378 3124 3435; x_wconf 78' lang='lat' dir='ltr'><strong>axacensis</strong></span> <span class='ocrx_word' id='word_1_530' title='bbox 3145 3377 3295 3433; x_wconf 86' lang='lat' dir='ltr'><strong>dixit.</strong></span> <span class='ocrx_word' id='word_1_531' title='bbox 3318 3372 3641 3433; x_wconf 87' lang='lat' dir='ltr'><strong>Consentio.</strong></span> 
     </span>
    </p>
   </div>
   <div class='ocr_carea' id='block_1_79' title="bbox 2028 3467 3644 3544">
    <p class='ocr_par' dir='ltr' id='par_1_79' title="bbox 2028 3467 3644 3544">
     <span class='ocr_line' id='line_1_79' title="bbox 2028 3467 3644 3544; baseline -0.004 -13"><span class='ocrx_word' id='word_1_532' title='bbox 2028 3476 2165 3531; x_wconf 73' lang='lat' dir='ltr'><strong>Item</strong></span> <span class='ocrx_word' id='word_1_533' title='bbox 2193 3484 2242 3531; x_wconf 90' lang='lat' dir='ltr'><strong>et</strong></span> <span class='ocrx_word' id='word_1_534' title='bbox 2272 3474 2544 3530; x_wconf 88' lang='lat' dir='ltr'><strong>accedente</strong></span> <span class='ocrx_word' id='word_1_535' title='bbox 2571 3471 2859 3529; x_wconf 81' lang='lat' dir='ltr'><strong>Maximino</strong></span> <span class='ocrx_word' id='word_1_536' title='bbox 2889 3470 3163 3540; x_wconf 68' lang='grc' dir='ltr'><strong>Ξυπεταηο</strong></span> <span class='ocrx_word' id='word_1_537' title='bbox 3190 3472 3455 3544; x_wconf 87' lang='lat' dir='ltr'><strong>episcopo,</strong></span> <span class='ocrx_word' id='word_1_538' title='bbox 3500 3467 3644 3525; x_wconf 82' lang='lat' dir='ltr'><strong>Mar-</strong></span> 
     </span>
    </p>
   </div>
   <div class='ocr_carea' id='block_1_80' title="bbox 2029 3559 3642 3625">
    <p class='ocr_par' dir='ltr' id='par_1_80' title="bbox 2029 3559 3642 3625">
     <span class='ocr_line' id='line_1_80' title="bbox 2029 3559 3642 3625; baseline -0.004 0"><span class='ocrx_word' id='word_1_539' title='bbox 2029 3568 2244 3625; x_wconf 79' lang='lat' dir='ltr'><strong>cellinus</strong></span> <span class='ocrx_word' id='word_1_540' title='bbox 2268 3569 2346 3624; x_wconf 83' lang='lat' dir='ltr'><strong>vir</strong></span> <span class='ocrx_word' id='word_1_541' title='bbox 2371 3566 2689 3623; x_wconf 85' lang='lat' dir='ltr'><strong>clarissimus</strong></span> <span class='ocrx_word' id='word_1_542' title='bbox 2716 3566 2955 3621; x_wconf 81' lang='lat' dir='ltr'><strong>tribunus</strong></span> <span class='ocrx_word' id='word_1_543' title='bbox 2980 3572 3029 3621; x_wconf 89' lang='lat' dir='ltr'><strong>et</strong></span> <span class='ocrx_word' id='word_1_544' title='bbox 3048 3564 3283 3621; x_wconf 86' lang='lat' dir='ltr'><strong>notarius</strong></span> <span class='ocrx_word' id='word_1_545' title='bbox 3313 3564 3466 3619; x_wconf 85' lang='lat' dir='ltr'><strong>dixit.</strong></span> <span class='ocrx_word' id='word_1_546' title='bbox 3494 3559 3642 3618; x_wconf 86' lang='lat' dir='ltr'><strong>Con-</strong></span> 
     </span>
    </p>
   </div>
   <div class='ocr_carea' id='block_1_81' title="bbox 2027 3654 3647 3732">
    <p class='ocr_par' dir='ltr' id='par_1_81' title="bbox 2027 3654 3647 3732">
     <span class='ocr_line' id='line_1_81' title="bbox 2027 3654 3647 3732; baseline -0.005 -12"><span class='ocrx_word' id='word_1_547' title='bbox 2027 3662 2201 3720; x_wconf 86' lang='lat' dir='ltr'><strong>sentis</strong></span> <span class='ocrx_word' id='word_1_548' title='bbox 2229 3669 2283 3715; x_wconf 90' lang='lat' dir='ltr'><strong>tu</strong></span> <span class='ocrx_word' id='word_1_549' title='bbox 2311 3674 2527 3732; x_wconf 87' lang='lat' dir='ltr'><strong>quoque</strong></span> <span class='ocrx_word' id='word_1_550' title='bbox 2554 3660 2845 3715; x_wconf 87' lang='lat' dir='ltr'><strong>mandato?</strong></span> <span class='ocrx_word' id='word_1_551' title='bbox 2884 3659 3034 3714; x_wconf 89' lang='lat' dir='ltr'><strong>Idem</strong></span> <span class='ocrx_word' id='word_1_552' title='bbox 3074 3656 3242 3724; x_wconf 89' lang='lat' dir='ltr'><strong>dixit,</strong></span> <span class='ocrx_word' id='word_1_553' title='bbox 3271 3654 3567 3712; x_wconf 83' lang='lat' dir='ltr'><strong>Consentio</strong></span> <span class='ocrx_word' id='word_1_554' title='bbox 3588 3664 3647 3712; x_wconf 89' lang='lat' dir='ltr'><strong>et</strong></span> 
     </span>
    </p>
   </div>
   <div class='ocr_carea' id='block_1_82' title="bbox 2030 3742 3713 3821">
    <p class='ocr_par' dir='ltr' id='par_1_82' title="bbox 2030 3742 3713 3821">
     <span class='ocr_line' id='line_1_82' title="bbox 2030 3742 3713 3821; baseline -0.004 -12"><span class='ocrx_word' id='word_1_555' title='bbox 2030 3753 2249 3809; x_wconf 87' lang='lat' dir='ltr'><strong>mando.</strong></span> <span class='ocrx_word' id='word_1_556' title='bbox 2306 3750 2441 3807; x_wconf 89' lang='lat' dir='ltr'><strong>Item</strong></span> <span class='ocrx_word' id='word_1_557' title='bbox 2490 3751 2765 3807; x_wconf 81' lang='lat' dir='ltr'><strong>accedente</strong></span> <span class='ocrx_word' id='word_1_558' title='bbox 2825 3744 3028 3805; x_wconf 79' lang='lat' dir='ltr'><strong>Victore</strong></span> <span class='ocrx_word' id='word_1_559' title='bbox 3073 3750 3315 3821; x_wconf 86' lang='lat' dir='ltr'><strong>episcopo</strong></span> <span class='ocrx_word' id='word_1_560' title='bbox 3362 3746 3643 3819; x_wconf 83' lang='lat' dir='ltr'><strong>Ajurensi,</strong></span> <span class='ocrx_word' id='word_1_561' title='bbox 3710 3742 3713 3743; x_wconf 49' lang='grc'><strong><em>⁷</em></strong></span> 
     </span>
    </p>
   </div>
   <div class='ocr_carea' id='block_1_83' title="bbox 2030 3832 3648 3900">
    <p class='ocr_par' dir='ltr' id='par_1_83' title="bbox 2030 3832 3648 3900">
     <span class='ocr_line' id='line_1_83' title="bbox 2030 3832 3648 3900; baseline -0.001 0"><span class='ocrx_word' id='word_1_562' title='bbox 2030 3832 2165 3900; x_wconf 59' lang='lat' dir='ltr'><strong>idem</strong></span> <span class='ocrx_word' id='word_1_563' title='bbox 2187 3843 2337 3899; x_wconf 83' lang='lat' dir='ltr'><strong>dixit.</strong></span> <span class='ocrx_word' id='word_1_564' title='bbox 2368 3838 2565 3899; x_wconf 81' lang='lat' dir='ltr'><strong>Mando</strong></span> <span class='ocrx_word' id='word_1_565' title='bbox 2591 3852 2645 3899; x_wconf 91' lang='lat' dir='ltr'><strong>et</strong></span> <span class='ocrx_word' id='word_1_566' title='bbox 2670 3844 2978 3900; x_wconf 90' lang='lat' dir='ltr'><strong>consentio.</strong></span> <span class='ocrx_word' id='word_1_567' title='bbox 3006 3841 3142 3897; x_wconf 85' lang='lat' dir='ltr'><strong>Item</strong></span> <span class='ocrx_word' id='word_1_568' title='bbox 3168 3839 3439 3896; x_wconf 84' lang='lat' dir='ltr'><strong>accedente</strong></span> <span class='ocrx_word' id='word_1_569' title='bbox 3467 3836 3648 3898; x_wconf 81' lang='lat' dir='ltr'><strong>Felice</strong></span> 
     </span>
    </p>
   </div>
   <div class='ocr_carea' id='block_1_84' title="bbox 2032 3933 3644 4015">
    <p class='ocr_par' dir='ltr' id='par_1_84' title="bbox 2032 3933 3644 4015">
     <span class='ocr_line' id='line_1_84' title="bbox 2032 3933 3644 4015; baseline -0.002 -19"><span class='ocrx_word' id='word_1_570' title='bbox 2032 3938 2273 4015; x_wconf 83' lang='lat' dir='ltr'><strong>episcopo</strong></span> <span class='ocrx_word' id='word_1_571' title='bbox 2316 3938 2482 4013; x_wconf 76' lang='lat'><strong>289</strong></span> <span class='ocrx_word' id='word_1_572' title='bbox 2521 3935 2742 3995; x_wconf 82' lang='lat' dir='ltr'><strong>Ficense</strong></span> <span class='ocrx_word' id='word_1_573' title='bbox 2774 3933 2953 4012; x_wconf 81' lang='grc'>(445),</span> <span class='ocrx_word' id='word_1_574' title='bbox 2985 3938 3123 3993; x_wconf 88' lang='lat' dir='ltr'><strong>idem</strong></span> <span class='ocrx_word' id='word_1_575' title='bbox 3159 3934 3312 3991; x_wconf 87' lang='lat' dir='ltr'><strong>dixit.</strong></span> <span class='ocrx_word' id='word_1_576' title='bbox 3360 3933 3556 3991; x_wconf 87' lang='lat' dir='ltr'><strong>Mando</strong></span> <span class='ocrx_word' id='word_1_577' title='bbox 3584 3943 3644 3992; x_wconf 89' lang='lat' dir='ltr'><strong>et</strong></span> 
     </span>
    </p>
   </div>
   <div class='ocr_carea' id='block_1_85' title="bbox 2031 4026 3646 4102">
    <p class='ocr_par' dir='ltr' id='par_1_85' title="bbox 2031 4026 3646 4102">
     <span class='ocr_line' id='line_1_85' title="bbox 2031 4026 3646 4102; baseline -0.005 -11"><span class='ocrx_word' id='word_1_578' title='bbox 2031 4035 2336 4091; x_wconf 85' lang='lat' dir='ltr'><strong>consentio.</strong></span> <span class='ocrx_word' id='word_1_579' title='bbox 2394 4029 2530 4088; x_wconf 90' lang='lat' dir='ltr'><strong>Item</strong></span> <span class='ocrx_word' id='word_1_580' title='bbox 2583 4033 2852 4089; x_wconf 85' lang='lat' dir='ltr'><strong>accedente</strong></span> <span class='ocrx_word' id='word_1_581' title='bbox 2892 4030 3069 4087; x_wconf 84' lang='lat' dir='ltr'><strong>Felice</strong></span> <span class='ocrx_word' id='word_1_582' title='bbox 3117 4028 3358 4102; x_wconf 87' lang='lat' dir='ltr'><strong>episcopo</strong></span> <span class='ocrx_word' id='word_1_583' title='bbox 3410 4026 3646 4083; x_wconf 78' lang='lat' dir='ltr'><strong>Macria-</strong></span> 
     </span>
    </p>
   </div>
   <div class='ocr_carea' id='block_1_86' title="bbox 2033 4117 3646 4193">
    <p class='ocr_par' dir='ltr' id='par_1_86' title="bbox 2033 4117 3646 4193">
     <span class='ocr_line' id='line_1_86' title="bbox 2033 4117 3646 4193; baseline -0.006 -10"><span class='ocrx_word' id='word_1_584' title='bbox 2033 4124 2202 4193; x_wconf 86' lang='lat' dir='ltr'><strong>nensi,</strong></span> <span class='ocrx_word' id='word_1_585' title='bbox 2227 4126 2363 4180; x_wconf 88' lang='lat' dir='ltr'><strong>ident</strong></span> <span class='ocrx_word' id='word_1_586' title='bbox 2393 4124 2545 4178; x_wconf 87' lang='lat' dir='ltr'><strong>dixit.</strong></span> <span class='ocrx_word' id='word_1_587' title='bbox 2576 4120 2773 4178; x_wconf 78' lang='lat' dir='ltr'><strong>Mando</strong></span> <span class='ocrx_word' id='word_1_588' title='bbox 2803 4131 2857 4178; x_wconf 90' lang='lat' dir='ltr'><strong>et</strong></span> <span class='ocrx_word' id='word_1_589' title='bbox 2877 4122 3181 4178; x_wconf 86' lang='lat' dir='ltr'><strong>consentio.</strong></span> <span class='ocrx_word' id='word_1_590' title='bbox 3211 4118 3239 4173; x_wconf 88' lang='lat' dir='ltr'><strong>l</strong></span> <span class='ocrx_word' id='word_1_591' title='bbox 3249 4130 3348 4174; x_wconf 90' lang='lat' dir='ltr'><strong>tem</strong></span> <span class='ocrx_word' id='word_1_592' title='bbox 3375 4117 3646 4174; x_wconf 86' lang='lat' dir='ltr'><strong>accedente</strong></span> 
     </span>
    </p>
   </div>
   <div class='ocr_carea' id='block_1_87' title="bbox 2031 4212 3645 4289">
    <p class='ocr_par' dir='ltr' id='par_1_87' title="bbox 2031 4212 3645 4289">
     <span class='ocr_line' id='line_1_87' title="bbox 2031 4212 3645 4289; baseline -0.003 -16"><span class='ocrx_word' id='word_1_593' title='bbox 2031 4218 2198 4274; x_wconf 89' lang='lat' dir='ltr'><strong>Lucio</strong></span> <span class='ocrx_word' id='word_1_594' title='bbox 2226 4217 2465 4289; x_wconf 79' lang='lat' dir='ltr'><strong>episcOpo</strong></span> <span class='ocrx_word' id='word_1_595' title='bbox 2505 4213 2731 4270; x_wconf 82' lang='lat' dir='ltr'><strong>Olivensi</strong></span> <span class='ocrx_word' id='word_1_596' title='bbox 2761 4212 2941 4287; x_wconf 88' lang='grc'>(446),</span> <span class='ocrx_word' id='word_1_597' title='bbox 2969 4213 3107 4270; x_wconf 88' lang='lat' dir='ltr'><strong>idem</strong></span> <span class='ocrx_word' id='word_1_598' title='bbox 3150 4212 3301 4268; x_wconf 86' lang='lat' dir='ltr'><strong>dixit.</strong></span> <span class='ocrx_word' id='word_1_599' title='bbox 3343 4212 3542 4267; x_wconf 82' lang='lat' dir='ltr'><strong>Mando</strong></span> <span class='ocrx_word' id='word_1_600' title='bbox 3587 4218 3645 4268; x_wconf 87' lang='lat' dir='ltr'><strong>ct</strong></span> 
     </span>
    </p>
   </div>
   <div class='ocr_carea' id='block_1_88' title="bbox 2032 4304 3646 4380">
    <p class='ocr_par' dir='ltr' id='par_1_88' title="bbox 2032 4304 3646 4380">
     <span class='ocr_line' id='line_1_88' title="bbox 2032 4304 3646 4380; baseline -0.004 -11"><span class='ocrx_word' id='word_1_601' title='bbox 2032 4311 2335 4369; x_wconf 89' lang='lat' dir='ltr'><strong>consentio.</strong></span> <span class='ocrx_word' id='word_1_602' title='bbox 2369 4306 2505 4364; x_wconf 88' lang='lat' dir='ltr'><strong>Item</strong></span> <span class='ocrx_word' id='word_1_603' title='bbox 2543 4307 2813 4364; x_wconf 85' lang='lat' dir='ltr'><strong>accedente</strong></span> <span class='ocrx_word' id='word_1_604' title='bbox 2840 4306 3172 4364; x_wconf 82' lang='lat' dir='ltr'><strong>Tertulliano</strong></span> <span class='ocrx_word' id='word_1_605' title='bbox 3217 4304 3454 4380; x_wconf 87' lang='lat' dir='ltr'><strong>episcopo</strong></span> <span class='ocrx_word' id='word_1_606' title='bbox 3485 4306 3646 4364; x_wconf 83' lang='lat' dir='ltr'><strong>Hirc-</strong></span> 
     </span>
    </p>
   </div>
   <div class='ocr_carea' id='block_1_89' title="bbox 2032 4398 3645 4479">
    <p class='ocr_par' dir='ltr' id='par_1_89' title="bbox 2032 4398 3645 4479">
     <span class='ocr_line' id='line_1_89' title="bbox 2032 4398 3645 4479; baseline -0.002 -17"><span class='ocrx_word' id='word_1_607' title='bbox 2032 4407 2180 4463; x_wconf 87' lang='lat' dir='ltr'><strong>nensi</strong></span> <span class='ocrx_word' id='word_1_608' title='bbox 2203 4406 2382 4479; x_wconf 76' lang='grc'>(447),</span> <span class='ocrx_word' id='word_1_609' title='bbox 2408 4403 2547 4459; x_wconf 88' lang='lat' dir='ltr'><strong>idem</strong></span> <span class='ocrx_word' id='word_1_610' title='bbox 2573 4402 2724 4460; x_wconf 90' lang='lat' dir='ltr'><strong>dixit.</strong></span> <span class='ocrx_word' id='word_1_611' title='bbox 2753 4398 2950 4459; x_wconf 83' lang='lat' dir='ltr'><strong>Mando</strong></span> <span class='ocrx_word' id='word_1_612' title='bbox 2978 4410 3032 4460; x_wconf 86' lang='lat' dir='ltr'><strong>et</strong></span> <span class='ocrx_word' id='word_1_613' title='bbox 3058 4401 3363 4459; x_wconf 89' lang='lat' dir='ltr'><strong>consentio.</strong></span> <span class='ocrx_word' id='word_1_614' title='bbox 3397 4401 3532 4457; x_wconf 87' lang='lat' dir='ltr'><strong>Item</strong></span> <span class='ocrx_word' id='word_1_615' title='bbox 3556 4417 3645 4458; x_wconf 81' lang='lat' dir='ltr'><strong>ac-</strong></span> 
     </span>
    </p>
   </div>
   <div class='ocr_carea' id='block_1_90' title="bbox 2034 4492 3646 4569">
    <p class='ocr_par' dir='ltr' id='par_1_90' title="bbox 2034 4492 3646 4569">
     <span class='ocr_line' id='line_1_90' title="bbox 2034 4492 3646 4569; baseline -0.002 -14"><span class='ocrx_word' id='word_1_616' title='bbox 2034 4501 2240 4556; x_wconf 89' lang='lat' dir='ltr'><strong>cedente</strong></span> <span class='ocrx_word' id='word_1_617' title='bbox 2264 4494 2469 4553; x_wconf 74' lang='lat' dir='ltr'><strong>Ioanne</strong></span> <span class='ocrx_word' id='word_1_618' title='bbox 2493 4493 2825 4553; x_wconf 87' lang='lat' dir='ltr'><strong>Gummitano</strong></span> <span class='ocrx_word' id='word_1_619' title='bbox 2853 4492 3008 4569; x_wconf 79' lang='grc'>(448)</span> <span class='ocrx_word' id='word_1_620' title='bbox 3036 4495 3300 4568; x_wconf 88' lang='lat' dir='ltr'><strong>episcopo,</strong></span> <span class='ocrx_word' id='word_1_621' title='bbox 3327 4493 3465 4551; x_wconf 87' lang='lat' dir='ltr'><strong>idem</strong></span> <span class='ocrx_word' id='word_1_622' title='bbox 3490 4494 3646 4551; x_wconf 84' lang='lat' dir='ltr'><strong>dixit.</strong></span> 
     </span>
    </p>
   </div>
   <div class='ocr_carea' id='block_1_91' title="bbox 391 4646 3644 4734">
    <p class='ocr_par' dir='ltr' id='par_1_91' title="bbox 391 4646 3644 4734">
     <span class='ocr_line' id='line_1_91' title="bbox 391 4646 3644 4734; baseline -0.002 -19"><span class='ocrx_word' id='word_1_623' title='bbox 391 4658 541 4734; x_wconf 71' lang='grc'>(458)</span> <span class='ocrx_word' id='word_1_624' title='bbox 584 4657 939 4734; x_wconf 79' lang='lat' dir='ltr'><strong>Nationensis.</strong></span> <span class='ocrx_word' id='word_1_625' title='bbox 968 4657 1026 4717; x_wconf 90' lang='lat' dir='ltr'><strong>lu</strong></span> <span class='ocrx_word' id='word_1_626' title='bbox 1048 4658 1325 4733; x_wconf 81' lang='lat' dir='ltr'><strong>provincia</strong></span> <span class='ocrx_word' id='word_1_627' title='bbox 1353 4659 1654 4734; x_wconf 85' lang='lat' dir='ltr'><strong>Byzacena,</strong></span> <span class='ocrx_word' id='word_1_628' title='bbox 1678 4668 1740 4716; x_wconf 88' lang='lat' dir='ltr'><strong>ut</strong></span> <span class='ocrx_word' id='word_1_629' title='bbox 1759 4656 2002 4721; x_wconf 88' lang='lat' dir='ltr'><strong>docetD</strong></span> <span class='ocrx_word' id='word_1_630' title='bbox 2028 4658 2160 4734; x_wconf 74' lang='lat' dir='ltr'><strong>Siga</strong></span> <span class='ocrx_word' id='word_1_631' title='bbox 2205 4654 2419 4734; x_wconf 80' lang='lat' dir='ltr'><strong>colonia</strong></span> <span class='ocrx_word' id='word_1_632' title='bbox 2461 4648 2611 4734; x_wconf 77' lang='lat' dir='ltr'><strong>apud</strong></span> <span class='ocrx_word' id='word_1_633' title='bbox 2652 4648 3013 4712; x_wconf 65' lang='lat' dir='ltr'><strong>Ptolemaeum</strong></span> <span class='ocrx_word' id='word_1_634' title='bbox 3037 4648 3137 4710; x_wconf 90' lang='lat' dir='ltr'><strong>lib.</strong></span> <span class='ocrx_word' id='word_1_635' title='bbox 3169 4662 3223 4720; x_wconf 74' lang='grc' dir='ltr'>ν,</span> <span class='ocrx_word' id='word_1_636' title='bbox 3265 4662 3387 4725; x_wconf 84' lang='lat' dir='ltr'><strong>cap.</strong></span> <span class='ocrx_word' id='word_1_637' title='bbox 3418 4646 3477 4720; x_wconf 76' lang='lat'><strong>2,</strong></span> <span class='ocrx_word' id='word_1_638' title='bbox 3509 4658 3565 4707; x_wconf 88' lang='lat' dir='ltr'><strong>et</strong></span> <span class='ocrx_word' id='word_1_639' title='bbox 3589 4648 3644 4711; x_wconf 88' lang='lat' dir='ltr'><strong>in</strong></span> 
     </span>
    </p>
   </div>
   <div class='ocr_carea' id='block_1_92' title="bbox 317 4732 809 4789">
    <p class='ocr_par' dir='ltr' id='par_1_92' title="bbox 317 4732 809 4789">
     <span class='ocr_line' id='line_1_92' title="bbox 317 4732 809 4789; baseline -0.006 0"><span class='ocrx_word' id='word_1_640' title='bbox 317 4733 506 4789; x_wconf 71' lang='lat' dir='ltr'><strong>notitia</strong></span> <span class='ocrx_word' id='word_1_641' title='bbox 540 4746 689 4785; x_wconf 90' lang='lat' dir='ltr'><strong>num.</strong></span> <span class='ocrx_word' id='word_1_642' title='bbox 717 4732 809 4788; x_wconf 84' lang='lat'><strong>75.</strong></span> 
     </span>
    </p>
   </div>
   <div class='ocr_carea' id='block_1_93' title="bbox 390 4801 1916 4877">
    <p class='ocr_par' dir='ltr' id='par_1_93' title="bbox 390 4801 1916 4877">
     <span class='ocr_line' id='line_1_93' title="bbox 390 4801 1916 4877; baseline -0.001 -17"><span class='ocrx_word' id='word_1_643' title='bbox 390 4804 562 4877; x_wconf 47' lang='grc'>(459)</span> <span class='ocrx_word' id='word_1_644' title='bbox 576 4801 931 4877; x_wconf 68' lang='lat' dir='ltr'><strong>Eminentius.</strong></span> <span class='ocrx_word' id='word_1_645' title='bbox 965 4803 1128 4860; x_wconf 86' lang='lat' dir='ltr'><strong>Forte</strong></span> <span class='ocrx_word' id='word_1_646' title='bbox 1159 4802 1639 4877; x_wconf 69' lang='lat' dir='ltr'><strong>Eminentianensis.</strong></span> <span class='ocrx_word' id='word_1_647' title='bbox 1679 4802 1736 4858; x_wconf 84' lang='lat' dir='ltr'><strong>in</strong></span> <span class='ocrx_word' id='word_1_648' title='bbox 1766 4801 1916 4858; x_wconf 80' lang='lat' dir='ltr'><strong>Mau-</strong></span> 
     </span>
    </p>
   </div>
   <div class='ocr_carea' id='block_1_94' title="bbox 318 4873 1917 4945">
    <p class='ocr_par' dir='ltr' id='par_1_94' title="bbox 318 4873 1917 4945">
     <span class='ocr_line' id='line_1_94' title="bbox 318 4873 1917 4945; baseline 0.001 -16"><span class='ocrx_word' id='word_1_649' title='bbox 318 4873 511 4945; x_wconf 79' lang='lat' dir='ltr'><strong>ritania</strong></span> <span class='ocrx_word' id='word_1_650' title='bbox 529 4873 799 4941; x_wconf 87' lang='lat' dir='ltr'><strong>Sitifensi,</strong></span> <span class='ocrx_word' id='word_1_651' title='bbox 821 4875 981 4929; x_wconf 86' lang='lat' dir='ltr'><strong>notit.</strong></span> <span class='ocrx_word' id='word_1_652' title='bbox 999 4889 1150 4933; x_wconf 91' lang='lat' dir='ltr'><strong>num.</strong></span> <span class='ocrx_word' id='word_1_653' title='bbox 1172 4873 1259 4942; x_wconf 80' lang='grc'>14,</span> <span class='ocrx_word' id='word_1_654' title='bbox 1279 4873 1705 4945; x_wconf 79' lang='lat' dir='ltr'><strong>etsupplendum</strong></span> <span class='ocrx_word' id='word_1_655' title='bbox 1732 4884 1917 4945; x_wconf 88' lang='lat' dir='ltr'><strong>postea</strong></span> 
     </span>
    </p>
   </div>
   <div class='ocr_carea' id='block_1_95' title="bbox 320 4942 1919 5016">
    <p class='ocr_par' dir='ltr' id='par_1_95' title="bbox 320 4942 1919 5016">
     <span class='ocr_line' id='line_1_95' title="bbox 320 4942 1919 5016; baseline 0.001 -16"><span class='ocrx_word' id='word_1_656' title='bbox 320 4944 476 5001; x_wconf 86' lang='lat' dir='ltr'><strong>Felix</strong></span> <span class='ocrx_word' id='word_1_657' title='bbox 523 4946 929 5001; x_wconf 81' lang='lat' dir='ltr'><strong>Novasinnensis</strong></span> <span class='ocrx_word' id='word_1_658' title='bbox 976 4946 1248 5016; x_wconf 85' lang='lat' dir='ltr'><strong>episcopus</strong></span> <span class='ocrx_word' id='word_1_659' title='bbox 1293 4942 1462 5002; x_wconf 50' lang='lat' dir='ltr'><strong>dixit.&#39;</strong></span> <span class='ocrx_word' id='word_1_660' title='bbox 1491 4942 1548 5002; x_wconf 85' lang='lat' dir='ltr'><strong>In</strong></span> <span class='ocrx_word' id='word_1_661' title='bbox 1592 4942 1786 5001; x_wconf 79' lang='lat' dir='ltr'><strong>itinere</strong></span> <span class='ocrx_word' id='word_1_662' title='bbox 1830 4961 1919 5001; x_wconf 82' lang='lat' dir='ltr'><strong>re-</strong></span> 
     </span>
    </p>
   </div>
   <div class='ocr_carea' id='block_1_96' title="bbox 320 5016 1912 5087">
    <p class='ocr_par' dir='ltr' id='par_1_96' title="bbox 320 5016 1912 5087">
     <span class='ocr_line' id='line_1_96' title="bbox 320 5016 1912 5087; baseline 0.001 -14"><span class='ocrx_word' id='word_1_663' title='bbox 320 5020 540 5085; x_wconf 87' lang='lat' dir='ltr'><strong>mansit,</strong></span> <span class='ocrx_word' id='word_1_664' title='bbox 568 5018 861 5086; x_wconf 82' lang='lat' dir='ltr'><strong>subscripsi</strong></span> <span class='ocrx_word' id='word_1_665' title='bbox 893 5032 990 5087; x_wconf 92' lang='lat' dir='ltr'><strong>pro</strong></span> <span class='ocrx_word' id='word_1_666' title='bbox 1012 5033 1098 5073; x_wconf 91' lang='lat' dir='ltr'><strong>eo.</strong></span> <span class='ocrx_word' id='word_1_667' title='bbox 1125 5018 1276 5073; x_wconf 90' lang='lat' dir='ltr'><strong>Hunc</strong></span> <span class='ocrx_word' id='word_1_668' title='bbox 1302 5016 1481 5073; x_wconf 89' lang='lat' dir='ltr'><strong>locum</strong></span> <span class='ocrx_word' id='word_1_669' title='bbox 1510 5018 1583 5073; x_wconf 88' lang='lat' dir='ltr'><strong>ita</strong></span> <span class='ocrx_word' id='word_1_670' title='bbox 1614 5019 1912 5075; x_wconf 54' lang='lat' dir='ltr'><strong>restituenc</strong></span> 
     </span>
    </p>
   </div>
   <div class='ocr_carea' id='block_1_97' title="bbox 321 5088 1083 5160">
    <p class='ocr_par' dir='ltr' id='par_1_97' title="bbox 321 5088 1083 5160">
     <span class='ocr_line' id='line_1_97' title="bbox 321 5088 1083 5160; baseline -0.001 -15"><span class='ocrx_word' id='word_1_671' title='bbox 321 5089 448 5145; x_wconf 90' lang='lat' dir='ltr'><strong>dum</strong></span> <span class='ocrx_word' id='word_1_672' title='bbox 474 5105 596 5160; x_wconf 85' lang='lat' dir='ltr'><strong>esse</strong></span> <span class='ocrx_word' id='word_1_673' title='bbox 622 5098 775 5160; x_wconf 81' lang='lat' dir='ltr'><strong>putat</strong></span> <span class='ocrx_word' id='word_1_674' title='bbox 800 5088 1083 5160; x_wconf 75' lang='lat' dir='ltr'><strong>Baluzius.&#39;</strong></span> 
     </span>
    </p>
   </div>
   <div class='ocr_carea' id='block_1_98' title="bbox 392 5159 1913 5229">
    <p class='ocr_par' dir='ltr' id='par_1_98' title="bbox 392 5159 1913 5229">
     <span class='ocr_line' id='line_1_98' title="bbox 392 5159 1913 5229; baseline -0.003 -11"><span class='ocrx_word' id='word_1_675' title='bbox 392 5159 549 5229; x_wconf 79' lang='grc'>(440)</span> <span class='ocrx_word' id='word_1_676' title='bbox 588 5159 858 5217; x_wconf 76' lang='lat' dir='ltr'><strong>Garbensi.</strong></span> <span class='ocrx_word' id='word_1_677' title='bbox 886 5159 944 5213; x_wconf 86' lang='lat' dir='ltr'><strong>In</strong></span> <span class='ocrx_word' id='word_1_678' title='bbox 976 5160 1241 5227; x_wconf 84' lang='lat' dir='ltr'><strong>Numidia,</strong></span> <span class='ocrx_word' id='word_1_679' title='bbox 1274 5166 1331 5215; x_wconf 92' lang='lat' dir='ltr'><strong>ut</strong></span> <span class='ocrx_word' id='word_1_680' title='bbox 1354 5160 1514 5216; x_wconf 87' lang='lat' dir='ltr'><strong>docet</strong></span> <span class='ocrx_word' id='word_1_681' title='bbox 1544 5160 1733 5215; x_wconf 89' lang='lat' dir='ltr'><strong>notitia</strong></span> <span class='ocrx_word' id='word_1_682' title='bbox 1760 5174 1913 5216; x_wconf 91' lang='lat' dir='ltr'><strong>num.</strong></span> 
     </span>
    </p>
   </div>
   <div class='ocr_carea' id='block_1_99' title="bbox 325 5229 1918 5299">
    <p class='ocr_par' dir='ltr' id='par_1_99' title="bbox 325 5229 1918 5299">
     <span class='ocr_line' id='line_1_99' title="bbox 325 5229 1918 5299; baseline 0 -12"><span class='ocrx_word' id='word_1_683' title='bbox 325 5231 457 5299; x_wconf 73' lang='grc'><strong>102,</strong></span> <span class='ocrx_word' id='word_1_684' title='bbox 501 5231 720 5287; x_wconf 85' lang='lat' dir='ltr'><strong>Victoris</strong></span> <span class='ocrx_word' id='word_1_685' title='bbox 753 5229 1028 5285; x_wconf 83' lang='lat' dir='ltr'><strong>Garbensis</strong></span> <span class='ocrx_word' id='word_1_686' title='bbox 1067 5233 1274 5287; x_wconf 82' lang='lat' dir='ltr'><strong>mentio</strong></span> <span class='ocrx_word' id='word_1_687' title='bbox 1319 5231 1378 5287; x_wconf 86' lang='lat' dir='ltr'><strong>ﬁt</strong></span> <span class='ocrx_word' id='word_1_688' title='bbox 1420 5233 1474 5287; x_wconf 90' lang='lat' dir='ltr'><strong>in</strong></span> <span class='ocrx_word' id='word_1_689' title='bbox 1518 5230 1654 5287; x_wconf 87' lang='lat' dir='ltr'><strong>actis</strong></span> <span class='ocrx_word' id='word_1_690' title='bbox 1696 5232 1918 5288; x_wconf 86' lang='lat' dir='ltr'><strong>concilii</strong></span> 
     </span>
    </p>
   </div>
   <div class='ocr_carea' id='block_1_100' title="bbox 321 5300 1612 5372">
    <p class='ocr_par' dir='ltr' id='par_1_100' title="bbox 321 5300 1612 5372">
     <span class='ocr_line' id='line_1_100' title="bbox 321 5300 1612 5372; baseline -0.001 -11"><span class='ocrx_word' id='word_1_691' title='bbox 321 5304 586 5361; x_wconf 80' lang='lat' dir='ltr'><strong>Cirtensis</strong></span> <span class='ocrx_word' id='word_1_692' title='bbox 613 5311 669 5358; x_wconf 89' lang='lat' dir='ltr'><strong>et</strong></span> <span class='ocrx_word' id='word_1_693' title='bbox 687 5300 831 5371; x_wconf 89' lang='lat' dir='ltr'><strong>apud</strong></span> <span class='ocrx_word' id='word_1_694' title='bbox 861 5300 1111 5372; x_wconf 86' lang='lat' dir='ltr'><strong>Optatum</strong></span> <span class='ocrx_word' id='word_1_695' title='bbox 1138 5303 1232 5359; x_wconf 89' lang='lat' dir='ltr'><strong>lib.</strong></span> <span class='ocrx_word' id='word_1_696' title='bbox 1262 5318 1307 5372; x_wconf 85' lang='grc' dir='ltr'>ι,</span> <span class='ocrx_word' id='word_1_697' title='bbox 1336 5319 1486 5372; x_wconf 83' lang='lat' dir='ltr'><strong>nam.</strong></span> <span class='ocrx_word' id='word_1_698' title='bbox 1518 5302 1612 5359; x_wconf 76' lang='grc'>14.</span> 
     </span>
    </p>
   </div>
   <div class='ocr_carea' id='block_1_101' title="bbox 364 5366 1919 5446">
    <p class='ocr_par' dir='ltr' id='par_1_101' title="bbox 364 5366 1919 5446">
     <span class='ocr_line' id='line_1_101' title="bbox 364 5366 1919 5446; baseline 0.001 -19"><span class='ocrx_word' id='word_1_699' title='bbox 364 5424 367 5427; x_wconf 36' lang='grc' dir='ltr'><strong><em>λ</em></strong></span> <span class='ocrx_word' id='word_1_700' title='bbox 398 5373 552 5446; x_wconf 61' lang='grc'>(441)</span> <span class='ocrx_word' id='word_1_701' title='bbox 588 5366 881 5446; x_wconf 77' lang='lat' dir='ltr'><strong>Formensi.</strong></span> <span class='ocrx_word' id='word_1_702' title='bbox 909 5366 1125 5443; x_wconf 37' lang='lat' dir='ltr'><strong>fltidem</strong></span> <span class='ocrx_word' id='word_1_703' title='bbox 1169 5376 1221 5429; x_wconf 89' lang='lat' dir='ltr'><strong>in</strong></span> <span class='ocrx_word' id='word_1_704' title='bbox 1254 5366 1519 5446; x_wconf 71' lang='lat' dir='ltr'><strong>Numidia</strong></span> <span class='ocrx_word' id='word_1_705' title='bbox 1564 5374 1722 5430; x_wconf 89' lang='lat' dir='ltr'><strong>notit.</strong></span> <span class='ocrx_word' id='word_1_706' title='bbox 1765 5390 1919 5431; x_wconf 88' lang='lat' dir='ltr'><strong>num.</strong></span> 
     </span>
    </p>
   </div>
   <div class='ocr_carea' id='block_1_102' title="bbox 325 5442 1917 5572">
    <p class='ocr_par' dir='ltr' id='par_1_102' title="bbox 325 5442 1917 5572">
     <span class='ocr_line' id='line_1_102' title="bbox 325 5442 1917 5572; baseline -0.001 -69"><span class='ocrx_word' id='word_1_707' title='bbox 497 5442 697 5500; x_wconf 88' lang='lat' dir='ltr'><strong>Urbani</strong></span> <span class='ocrx_word' id='word_1_708' title='bbox 750 5442 1046 5501; x_wconf 84' lang='lat' dir='ltr'><strong>Formensis</strong></span> <span class='ocrx_word' id='word_1_709' title='bbox 1101 5445 1350 5501; x_wconf 89' lang='lat' dir='ltr'><strong>meminit</strong></span> <span class='ocrx_word' id='word_1_710' title='bbox 1403 5443 1634 5518; x_wconf 87' lang='lat' dir='ltr'><strong>Optalus</strong></span> <span class='ocrx_word' id='word_1_711' title='bbox 1691 5447 1788 5504; x_wconf 88' lang='lat' dir='ltr'><strong>lib.</strong></span> <span class='ocrx_word' id='word_1_712' title='bbox 1842 5462 1917 5514; x_wconf 82' lang='grc' dir='ltr'><strong>ιι,</strong></span> 
     </span>
    </p>
   </div>
   <div class='ocr_carea' id='block_1_103' title="bbox 328 5517 1921 5660">
    <p class='ocr_par' dir='ltr' id='par_1_103' title="bbox 328 5517 1921 5660">
     <span class='ocr_line' id='line_1_103' title="bbox 328 5517 1921 5660; baseline -0.003 -16"><span class='ocrx_word' id='word_1_713' title='bbox 328 5517 547 5660; x_wconf 41' lang='lat' dir='ltr'><strong>galle)</strong></span> <span class='ocrx_word' id='word_1_714' title='bbox 585 5584 929 5660; x_wconf 78' lang='lat' dir='ltr'><strong>Tigisltanus.</strong></span> <span class='ocrx_word' id='word_1_715' title='bbox 977 5572 1317 5660; x_wconf 56' lang='lat' dir='ltr'><strong>Mauritaniae</strong></span> <span class='ocrx_word' id='word_1_716' title='bbox 1357 5585 1730 5647; x_wconf 73' lang='lat' dir='ltr'><strong>thsariensis.</strong></span> <span class='ocrx_word' id='word_1_717' title='bbox 1782 5584 1921 5660; x_wconf 83' lang='lat' dir='ltr'><strong>Nam</strong></span> 
     </span>
    </p>
   </div>
   <div class='ocr_carea' id='block_1_104' title="bbox 326 5657 1916 5733">
    <p class='ocr_par' dir='ltr' id='par_1_104' title="bbox 326 5657 1916 5733">
     <span class='ocr_line' id='line_1_104' title="bbox 326 5657 1916 5733; baseline 0.001 -21"><span class='ocrx_word' id='word_1_718' title='bbox 326 5657 933 5733; x_wconf 30' lang='lat' dir='ltr'><strong>suprahsubscripserat</strong></span> <span class='ocrx_word' id='word_1_719' title='bbox 981 5659 1118 5733; x_wconf 79' lang='lat' dir='ltr'><strong>alter</strong></span> <span class='ocrx_word' id='word_1_720' title='bbox 1164 5657 1484 5733; x_wconf 85' lang='lat' dir='ltr'><strong>Tigisitanus</strong></span> <span class='ocrx_word' id='word_1_721' title='bbox 1541 5662 1809 5733; x_wconf 79' lang='lat' dir='ltr'><strong>episcopus</strong></span> <span class='ocrx_word' id='word_1_722' title='bbox 1861 5659 1916 5717; x_wconf 86' lang='lat' dir='ltr'><strong>in</strong></span> 
     </span>
    </p>
   </div>
   <div class='ocr_carea' id='block_1_105' title="bbox 327 5728 1715 5801">
    <p class='ocr_par' dir='ltr' id='par_1_105' title="bbox 327 5728 1715 5801">
     <span class='ocr_line' id='line_1_105' title="bbox 327 5728 1715 5801; baseline -0.001 -15"><span class='ocrx_word' id='word_1_723' title='bbox 327 5729 599 5795; x_wconf 85' lang='lat' dir='ltr'><strong>Numidia,</strong></span> <span class='ocrx_word' id='word_1_724' title='bbox 632 5738 688 5784; x_wconf 92' lang='lat' dir='ltr'><strong>ut</strong></span> <span class='ocrx_word' id='word_1_725' title='bbox 717 5728 926 5787; x_wconf 85' lang='lat' dir='ltr'><strong>anobis</strong></span> <span class='ocrx_word' id='word_1_726' title='bbox 955 5728 1300 5801; x_wconf 81' lang='lat' dir='ltr'><strong>observatum</strong></span> <span class='ocrx_word' id='word_1_727' title='bbox 1331 5740 1414 5787; x_wconf 82' lang='lat' dir='ltr'><strong>eSt</strong></span> <span class='ocrx_word' id='word_1_728' title='bbox 1433 5728 1715 5801; x_wconf 49' lang='lat' dir='ltr'><strong>cap.&#39;155.</strong></span> 
     </span>
    </p>
   </div>
   <div class='ocr_carea' id='block_1_106' title="bbox 402 5800 1920 5876">
    <p class='ocr_par' dir='ltr' id='par_1_106' title="bbox 402 5800 1920 5876">
     <span class='ocr_line' id='line_1_106' title="bbox 402 5800 1920 5876; baseline 0.002 -19"><span class='ocrx_word' id='word_1_729' title='bbox 402 5801 558 5876; x_wconf 76' lang='grc'>(445)</span> <span class='ocrx_word' id='word_1_730' title='bbox 599 5801 923 5873; x_wconf 84' lang='lat' dir='ltr'><strong>Siguitanus.</strong></span> <span class='ocrx_word' id='word_1_731' title='bbox 976 5801 1103 5858; x_wconf 84' lang='lat' dir='ltr'><strong>Erat</strong></span> <span class='ocrx_word' id='word_1_732' title='bbox 1139 5800 1194 5858; x_wconf 90' lang='lat' dir='ltr'><strong>in</strong></span> <span class='ocrx_word' id='word_1_733' title='bbox 1238 5800 1557 5860; x_wconf 84' lang='lat' dir='ltr'><strong>Mauritania</strong></span> <span class='ocrx_word' id='word_1_734' title='bbox 1595 5802 1920 5860; x_wconf 65' lang='lat' dir='ltr'><strong>Ctesariensi</strong></span> 
     </span>
    </p>
   </div>
   <div class='ocr_carea' id='block_1_107' title="bbox 2034 4726 3477 4802">
    <p class='ocr_par' dir='ltr' id='par_1_107' title="bbox 2034 4726 3477 4802">
     <span class='ocr_line' id='line_1_107' title="bbox 2034 4726 3477 4802; baseline 0.011 -16"><span class='ocrx_word' id='word_1_735' title='bbox 2034 4726 2637 4802; x_wconf 73' lang='lat' dir='ltr'><strong>Itinerario_Antonini.</strong></span> <span class='ocrx_word' id='word_1_736' title='bbox 2691 4796 2713 4802; x_wconf 78' lang='lat'><strong><em>_</em></strong></span> <span class='ocrx_word' id='word_1_737' title='bbox 2793 4792 2837 4802; x_wconf 39' lang='grc' dir='ltr'><strong><em>Δ</em></strong></span> <span class='ocrx_word' id='word_1_738' title='bbox 3162 4798 3171 4802; x_wconf 95' lang='lat'><em>_</em></span> <span class='ocrx_word' id='word_1_739' title='bbox 3246 4789 3262 4802; x_wconf 86' lang='lat'><strong>.</strong></span> <span class='ocrx_word' id='word_1_740' title='bbox 3474 4799 3477 4802; x_wconf 78' lang='lat'><strong>.</strong></span> 
     </span>
    </p>
   </div>
   <div class='ocr_carea' id='block_1_108' title="bbox 2101 4788 3629 4875">
    <p class='ocr_par' dir='ltr' id='par_1_108' title="bbox 2101 4788 3629 4875">
     <span class='ocr_line' id='line_1_108' title="bbox 2101 4788 3629 4875; baseline -0.004 -18"><span class='ocrx_word' id='word_1_741' title='bbox 2101 4799 2271 4875; x_wconf 65' lang='lat' dir='ltr'><strong>(Mt)</strong></span> <span class='ocrx_word' id='word_1_742' title='bbox 2299 4799 2640 4855; x_wconf 77' lang='lat' dir='ltr'><strong>Mazaceusis.</strong></span> <span class='ocrx_word' id='word_1_743' title='bbox 2690 4796 2748 4856; x_wconf 84' lang='lat' dir='ltr'><strong>In</strong></span> <span class='ocrx_word' id='word_1_744' title='bbox 2790 4792 3069 4863; x_wconf 85' lang='lat' dir='ltr'><strong>Numidia,</strong></span> <span class='ocrx_word' id='word_1_745' title='bbox 3117 4798 3178 4850; x_wconf 88' lang='lat' dir='ltr'><strong>ut</strong></span> <span class='ocrx_word' id='word_1_746' title='bbox 3231 4789 3391 4854; x_wconf 84' lang='lat' dir='ltr'><strong>docet</strong></span> <span class='ocrx_word' id='word_1_747' title='bbox 3439 4788 3629 4851; x_wconf 70' lang='lat' dir='ltr'><strong>uetitis</strong></span> 
     </span>
    </p>
   </div>
   <div class='ocr_carea' id='block_1_109' title="bbox 2029 4873 3640 5064">
    <p class='ocr_par' dir='ltr' id='par_1_109' title="bbox 2029 4873 3640 5064">
     <span class='ocr_line' id='line_1_109' title="bbox 2029 4873 3640 5018; baseline -0.004 -17"><span class='ocrx_word' id='word_1_748' title='bbox 2029 4873 2526 5018; x_wconf 48' lang='lat' dir='ltr'><strong>nugdglli&#39;icense.</strong></span> <span class='ocrx_word' id='word_1_749' title='bbox 2578 4934 2637 4997; x_wconf 93' lang='lat' dir='ltr'><strong>ln</strong></span> <span class='ocrx_word' id='word_1_750' title='bbox 2686 4938 3011 4998; x_wconf 84' lang='lat' dir='ltr'><strong>Mauritania</strong></span> <span class='ocrx_word' id='word_1_751' title='bbox 3037 4932 3323 5005; x_wconf 85' lang='lat' dir='ltr'><strong>Sitifensi,</strong></span> <span class='ocrx_word' id='word_1_752' title='bbox 3367 4946 3424 4993; x_wconf 89' lang='lat' dir='ltr'><strong>ut</strong></span> <span class='ocrx_word' id='word_1_753' title='bbox 3474 4932 3640 4995; x_wconf 85' lang='lat' dir='ltr'><strong>docet</strong></span> 
     </span>
     <span class='ocr_line' id='line_1_110' title="bbox 2030 5005 3640 5064; baseline 0 0"><span class='ocrx_word' id='word_1_754' title='bbox 2030 5017 2219 5064; x_wconf 81' lang='lat' dir='ltr'><strong>nnlilin</strong></span> <span class='ocrx_word' id='word_1_755' title='bbox 2261 5028 2408 5064; x_wconf 91' lang='lat' dir='ltr'><strong>num.</strong></span> <span class='ocrx_word' id='word_1_756' title='bbox 2460 5014 2552 5064; x_wconf 67' lang='lat'><strong>2‘2.</strong></span> <span class='ocrx_word' id='word_1_757' title='bbox 2602 5012 2663 5064; x_wconf 87' lang='lat' dir='ltr'><strong>In</strong></span> <span class='ocrx_word' id='word_1_758' title='bbox 2692 5011 2915 5064; x_wconf 86' lang='lat' dir='ltr'><strong>Tabulis</strong></span> <span class='ocrx_word' id='word_1_759' title='bbox 2941 5005 3390 5064; x_wconf 68' lang='lat' dir='ltr'><strong>Peutinaerianis</strong></span> <span class='ocrx_word' id='word_1_760' title='bbox 3433 5022 3640 5064; x_wconf 88' lang='lat' dir='ltr'><strong>memo-</strong></span> 
     </span>
    </p>
   </div>
   <div class='ocr_carea' id='block_1_110' title="bbox 2027 5009 3646 5156">
    <p class='ocr_par' dir='ltr' id='par_1_110' title="bbox 2027 5009 3646 5156">
     <span class='ocr_line' id='line_1_111' title="bbox 2029 5009 3646 5080; baseline -0.004 -8"><span class='ocrx_word' id='word_1_761' title='bbox 2029 5009 2408 5073; x_wconf 73' lang='lat' dir='ltr'><strong>noiitia&#39;num.</strong></span> <span class='ocrx_word' id='word_1_762' title='bbox 2460 5014 2552 5070; x_wconf 71' lang='lat'><strong>22.</strong></span> <span class='ocrx_word' id='word_1_763' title='bbox 2602 5012 2663 5070; x_wconf 86' lang='lat' dir='ltr'><strong>In</strong></span> <span class='ocrx_word' id='word_1_764' title='bbox 2692 5011 2915 5069; x_wconf 87' lang='lat' dir='ltr'><strong>Tabulis</strong></span> <span class='ocrx_word' id='word_1_765' title='bbox 2941 5009 3390 5080; x_wconf 83' lang='lat' dir='ltr'><strong>Peutingerianis</strong></span> <span class='ocrx_word' id='word_1_766' title='bbox 3433 5022 3646 5066; x_wconf 88' lang='lat' dir='ltr'><strong>memo-</strong></span> 
     </span>
     <span class='ocr_line' id='line_1_112' title="bbox 2027 5076 3643 5156; baseline -0.003 -14"><span class='ocrx_word' id='word_1_767' title='bbox 2027 5096 2178 5143; x_wconf 89' lang='lat' dir='ltr'><strong>ratur</strong></span> <span class='ocrx_word' id='word_1_768' title='bbox 2209 5084 2277 5143; x_wconf 86' lang='lat' dir='ltr'><strong>ad</strong></span> <span class='ocrx_word' id='word_1_769' title='bbox 2305 5082 2514 5151; x_wconf 78' lang='lat' dir='ltr'><strong>Ficum,</strong></span> <span class='ocrx_word' id='word_1_770' title='bbox 2544 5085 2634 5156; x_wconf 87' lang='lat' dir='ltr'><strong>qui</strong></span> <span class='ocrx_word' id='word_1_771' title='bbox 2657 5083 2810 5156; x_wconf 81' lang='lat' dir='ltr'><strong>locus</strong></span> <span class='ocrx_word' id='word_1_772' title='bbox 2838 5084 2893 5140; x_wconf 87' lang='lat' dir='ltr'><strong>in</strong></span> <span class='ocrx_word' id='word_1_773' title='bbox 2930 5080 3199 5138; x_wconf 81' lang='lat' dir='ltr'><strong>Antonini</strong></span> <span class='ocrx_word' id='word_1_774' title='bbox 3228 5076 3519 5141; x_wconf 81' lang='lat' dir='ltr'><strong>Itiuerario</strong></span> <span class='ocrx_word' id='word_1_775' title='bbox 3561 5081 3643 5137; x_wconf 82' lang='lat' dir='ltr'><strong>lo-</strong></span> 
     </span>
    </p>
   </div>
   <div class='ocr_carea' id='block_1_111' title="bbox 2026 5152 3577 5234">
    <p class='ocr_par' dir='ltr' id='par_1_111' title="bbox 2026 5152 3577 5234">
     <span class='ocr_line' id='line_1_113' title="bbox 2026 5152 3577 5234; baseline -0.005 -19"><span class='ocrx_word' id='word_1_776' title='bbox 2026 5168 2186 5234; x_wconf 71' lang='lat' dir='ltr'><strong>catur</strong></span> <span class='ocrx_word' id='word_1_777' title='bbox 2211 5152 2704 5234; x_wconf 59' lang='lat' dir='ltr'><strong>interSatafdmet</strong></span> <span class='ocrx_word' id='word_1_778' title='bbox 2727 5152 3067 5234; x_wconf 58' lang='lat' dir='ltr'><strong>lgi_lgilim.m</strong></span> <span class='ocrx_word' id='word_1_779' title='bbox 3098 5223 3139 5234; x_wconf 56' lang='grc' dir='ltr'>η</span> <span class='ocrx_word' id='word_1_780' title='bbox 3244 5224 3257 5234; x_wconf 38' lang='grc'><strong><em>⁸</em></strong></span> <span class='ocrx_word' id='word_1_781' title='bbox 3320 5222 3365 5234; x_wconf 48' lang='grc' dir='ltr'>ῃ</span> <span class='ocrx_word' id='word_1_782' title='bbox 3496 5218 3577 5234; x_wconf 46' lang='grc' dir='ltr'><strong>Μ.</strong></span> 
     </span>
    </p>
   </div>
   <div class='ocr_carea' id='block_1_112' title="bbox 2102 5218 3644 5307">
    <p class='ocr_par' dir='ltr' id='par_1_112' title="bbox 2102 5218 3644 5307">
     <span class='ocr_line' id='line_1_114' title="bbox 2102 5218 3644 5307; baseline -0.006 -20"><span class='ocrx_word' id='word_1_783' title='bbox 2102 5218 2535 5307; x_wconf 49' lang='lat' dir='ltr'><strong>(446)_0lioen_si&#39;.</strong></span> <span class='ocrx_word' id='word_1_784' title='bbox 2569 5218 2975 5307; x_wconf 22' lang='lat' dir='ltr'><strong>In‘Matirit&#39;ania</strong></span> <span class='ocrx_word' id='word_1_785' title='bbox 3015 5223 3281 5307; x_wconf 50' lang='lat' dir='ltr'><strong>Sitiletlsi:</strong></span> <span class='ocrx_word' id='word_1_786' title='bbox 3320 5222 3460 5307; x_wconf 44' lang='lat' dir='ltr'><strong>Nan;</strong></span> <span class='ocrx_word' id='word_1_787' title='bbox 3489 5218 3644 5307; x_wconf 74' lang='lat' dir='ltr'><strong>Oliva</strong></span> 
     </span>
    </p>
   </div>
   <div class='ocr_carea' id='block_1_113' title="bbox 2029 5290 3645 5387">
    <p class='ocr_par' dir='ltr' id='par_1_113' title="bbox 2029 5290 3645 5387">
     <span class='ocr_line' id='line_1_115' title="bbox 2029 5290 3645 5387; baseline -0.005 -29"><span class='ocrx_word' id='word_1_788' title='bbox 2029 5290 2250 5387; x_wconf 68' lang='lat' dir='ltr'><strong>locatur</strong></span> <span class='ocrx_word' id='word_1_789' title='bbox 2264 5297 2412 5359; x_wconf 84' lang='lat' dir='ltr'><strong>inter</strong></span> <span class='ocrx_word' id='word_1_790' title='bbox 2442 5300 2688 5357; x_wconf 84' lang='lat' dir='ltr'><strong>Assavam</strong></span> <span class='ocrx_word' id='word_1_791' title='bbox 2726 5308 2782 5355; x_wconf 87' lang='lat' dir='ltr'><strong>et</strong></span> <span class='ocrx_word' id='word_1_792' title='bbox 2818 5295 3061 5371; x_wconf 74' lang='lat' dir='ltr'><strong>Maptum</strong></span> <span class='ocrx_word' id='word_1_793' title='bbox 3095 5296 3151 5357; x_wconf 88' lang='lat' dir='ltr'><strong>in</strong></span> <span class='ocrx_word' id='word_1_794' title='bbox 3179 5290 3390 5355; x_wconf 77' lang='lat' dir='ltr'><strong>Tabula</strong></span> <span class='ocrx_word' id='word_1_795' title='bbox 3418 5292 3645 5350; x_wconf 87' lang='lat' dir='ltr'><strong>Peulin-</strong></span> 
     </span>
    </p>
   </div>
   <div class='ocr_carea' id='block_1_114' title="bbox 2030 5388 3648 5520">
    <p class='ocr_par' dir='ltr' id='par_1_114' title="bbox 2030 5388 3648 5520">
     <span class='ocr_line' id='line_1_116' title="bbox 2030 5388 3648 5520; baseline -0.011 -13"><span class='ocrx_word' id='word_1_796' title='bbox 2030 5388 2596 5520; x_wconf 43' lang='lat' dir='ltr'><strong>8elliztltin&#39;la).Hirenensi.</strong></span> <span class='ocrx_word' id='word_1_797' title='bbox 2621 5440 2939 5520; x_wconf 72' lang='lat' dir='ltr'><strong>Habeturin</strong></span> <span class='ocrx_word' id='word_1_798' title='bbox 2967 5438 3170 5520; x_wconf 84' lang='lat' dir='ltr'><strong>notitia</strong></span> <span class='ocrx_word' id='word_1_799' title='bbox 3193 5449 3256 5520; x_wconf 67' lang='lat' dir='ltr'><strong>pr</strong></span> <span class='ocrx_word' id='word_1_800' title='bbox 3269 5430 3397 5520; x_wconf 70' lang='lat' dir='ltr'><strong>ovin</strong></span> <span class='ocrx_word' id='word_1_801' title='bbox 3409 5437 3510 5520; x_wconf 78' lang='lat' dir='ltr'><strong>cite</strong></span> <span class='ocrx_word' id='word_1_802' title='bbox 3538 5434 3648 5520; x_wconf 54' lang='lat' dir='ltr'><strong>ily-</strong></span> 
     </span>
    </p>
   </div>
   <div class='ocr_carea' id='block_1_115' title="bbox 2034 5504 3648 5595">
    <p class='ocr_par' dir='ltr' id='par_1_115' title="bbox 2034 5504 3648 5595">
     <span class='ocr_line' id='line_1_117' title="bbox 2034 5504 3648 5595; baseline -0.007 -22"><span class='ocrx_word' id='word_1_803' title='bbox 2034 5504 2251 5575; x_wconf 62' lang='lat' dir='ltr'><strong>zacenai</strong></span> <span class='ocrx_word' id='word_1_804' title='bbox 2271 5533 2418 5595; x_wconf 86' lang='lat' dir='ltr'><strong>num.</strong></span> <span class='ocrx_word' id='word_1_805' title='bbox 2447 5517 2538 5574; x_wconf 83' lang='grc'>94.</span> <span class='ocrx_word' id='word_1_806' title='bbox 2568 5513 2767 5595; x_wconf 52' lang='lat' dir='ltr'><strong>{censis</strong></span> <span class='ocrx_word' id='word_1_807' title='bbox 2796 5513 3087 5595; x_wconf 69' lang='lat' dir='ltr'><strong>episcopus,</strong></span> <span class='ocrx_word' id='word_1_808' title='bbox 3120 5504 3648 5595; x_wconf 30' lang='grc' dir='ltr'><strong>θιξὸχιξοςιῃίρφλξξξτ</strong></span> 
     </span>
    </p>
   </div>
   <div class='ocr_carea' id='block_1_116' title="bbox 2028 5578 3581 5674">
    <p class='ocr_par' dir='ltr' id='par_1_116' title="bbox 2028 5578 3581 5674">
     <span class='ocr_line' id='line_1_118' title="bbox 2028 5578 3581 5674; baseline -0.008 -31"><span class='ocrx_word' id='word_1_809' title='bbox 2028 5603 2352 5674; x_wconf 43' lang='grc' dir='ltr'><strong>καίπεῃρςῂιψι</strong></span> <span class='ocrx_word' id='word_1_810' title='bbox 2376 5593 2429 5674; x_wconf 73' lang='lat' dir='ltr'><strong>in</strong></span> <span class='ocrx_word' id='word_1_811' title='bbox 2455 5585 2688 5669; x_wconf 76' lang='lat' dir='ltr'><strong>concilio</strong></span> <span class='ocrx_word' id='word_1_812' title='bbox 2714 5578 2947 5674; x_wconf 52' lang='lat' dir='ltr'><strong>Later&#39;a&#39;n</strong></span> <span class='ocrx_word' id='word_1_813' title='bbox 2962 5578 3216 5674; x_wconf 32' lang='lat' dir='ltr'><strong>ensiusgub</strong></span> <span class='ocrx_word' id='word_1_814' title='bbox 3251 5578 3491 5633; x_wconf 79' lang='lat' dir='ltr'><strong>Mat-tino</strong></span> <span class='ocrx_word' id='word_1_815' title='bbox 3519 5589 3581 5633; x_wconf 92' lang='lat' dir='ltr'><strong>su</strong></span> 
     </span>
    </p>
   </div>
   <div class='ocr_carea' id='block_1_117' title="bbox 2027 5652 3655 5805">
    <p class='ocr_par' dir='ltr' id='par_1_117' title="bbox 2027 5652 3655 5805">
     <span class='ocr_line' id='line_1_119' title="bbox 2027 5652 3260 5733; baseline -0.011 -17"><span class='ocrx_word' id='word_1_816' title='bbox 2027 5661 2218 5716; x_wconf 80' lang='lat' dir='ltr'><strong>scribit</strong></span> <span class='ocrx_word' id='word_1_817' title='bbox 2234 5656 2535 5717; x_wconf 80' lang='lat' dir='ltr'><strong>Theodorus</strong></span> <span class='ocrx_word' id='word_1_818' title='bbox 2562 5656 2830 5728; x_wconf 78' lang='lat' dir='ltr'><strong>episcOpus</strong></span> <span class='ocrx_word' id='word_1_819' title='bbox 2862 5652 3194 5709; x_wconf 84' lang='lat' dir='ltr'><strong>Hirinensis.</strong></span> <span class='ocrx_word' id='word_1_820' title='bbox 3245 5717 3260 5733; x_wconf 47' lang='lat'><em>.</em></span> 
     </span>
     <span class='ocr_line' id='line_1_120' title="bbox 2098 5716 3655 5805; baseline -0.011 -17"><span class='ocrx_word' id='word_1_821' title='bbox 2098 5730 2250 5805; x_wconf 81' lang='grc'>(448)</span> <span class='ocrx_word' id='word_1_822' title='bbox 2297 5730 2647 5805; x_wconf 77' lang='lat' dir='ltr'><strong>Guntmitano.</strong></span> <span class='ocrx_word' id='word_1_823' title='bbox 2696 5718 3363 5805; x_wconf 42' lang='lat' dir='ltr'><strong>Ej_t_tsde_m__proviuct.:e,</strong></span> <span class='ocrx_word' id='word_1_824' title='bbox 3404 5724 3465 5774; x_wconf 88' lang='lat' dir='ltr'><strong>ut</strong></span> <span class='ocrx_word' id='word_1_825' title='bbox 3491 5716 3655 5805; x_wconf 46' lang='lat' dir='ltr'><strong>discet</strong></span> 
     </span>
    </p>
   </div>
   <div class='ocr_carea' id='block_1_118' title="bbox 2026 5788 3650 5870">
    <p class='ocr_par' dir='ltr' id='par_1_118' title="bbox 2026 5788 3650 5870">
     <span class='ocr_line' id='line_1_121' title="bbox 2026 5788 3650 5870; baseline -0.008 -12"><span class='ocrx_word' id='word_1_826' title='bbox 2026 5788 2406 5860; x_wconf 70' lang='lat' dir='ltr'><strong>noiitia&#39;num.</strong></span> <span class='ocrx_word' id='word_1_827' title='bbox 2447 5801 2517 5860; x_wconf 89' lang='lat'><strong>89</strong></span> <span class='ocrx_word' id='word_1_828' title='bbox 2538 5842 2555 5870; x_wconf 90' lang='lat'><strong>,</strong></span> <span class='ocrx_word' id='word_1_829' title='bbox 2579 5788 2832 5859; x_wconf 81' lang='lat' dir='ltr'><strong>concilio</strong></span> <span class='ocrx_word' id='word_1_830' title='bbox 2864 5788 3291 5863; x_wconf 80' lang='lat' dir='ltr'><strong>Cartbaginensi</strong></span> <span class='ocrx_word' id='word_1_831' title='bbox 3341 5803 3488 5850; x_wconf 85' lang='lat' dir='ltr'><strong>anno</strong></span> <span class='ocrx_word' id='word_1_832' title='bbox 3520 5788 3650 5860; x_wconf 75' lang='lat'><strong>525,</strong></span> 
     </span>
    </p>
   </div>
  </div>
