4130 6170
517 282 656 341 1551

1483 282 1715 342 GESTA
1753 283 2209 342 COLLATIONIS
2247 282 2882 343 CARTHAGINENSIS.

3696 285 3850 342 1552

517 397 714 454 Mando
763 405 820 453 et
868 397 1171 455 consentio.
1226 398 1363 454 Item
1411 401 1682 456 accedente
1732 402 1965 475 Ampelio
2019 400 2121 454 Va-
2150 403 2206 463 Α
2229 402 2382 456 dixit.
2415 401 2606 458 Utrum
2639 401 2676 456 ii
2709 408 2917 456 tantum
2948 398 3130 455 adsint
3168 400 3320 470 quia
3358 399 3604 470 partibus
3634 415 3850 456 secun-

520 491 665 561 gensi
693 488 844 562 (449)
872 490 1010 543 idem
1048 490 1199 544 dixit.
1237 489 1430 546 Mando
1458 501 1512 548 et
1541 495 1845 548 consentio.
1879 492 2012 547 Item
2039 511 2125 547 ac-

518 585 728 640 cedente
757 582 995 639 Primulo
1025 585 1266 656 episcopo
1302 584 1554 659 Vagense,
1581 587 1719 642 idem
1749 587 1904 642 dixit.
1933 585 2127 642 Mando

519 685 574 731 et
617 675 922 742 consentio.
987 675 1205 748 Alypius
1249 677 1518 748 episcopus
1572 677 1820 732 Ecclesia
1861 676 2128 732 catholica

519 766 669 822 dixit.
710 768 811 823 Diu
840 769 1152 825 observavit
1174 769 1416 825 Severus
1445 768 1620 842 (450),
1652 769 1748 826 sed
1793 785 1934 826 nunc
1979 768 2129 825 inﬁr-

521 859 711 915 mitate
746 860 1018 916 discessit.
1067 859 1201 914 Item
1240 861 1510 915 accedente
1538 861 1736 935 Regina
1771 862 2011 930 episcopo
2039 859 2129 914 Ti-

519 949 819 1022 gillabensi,
861 950 1000 1005 idem
1042 949 1196 1006 dixit.
1228 951 1424 1007 Mando
1461 960 1516 1007 et
1555 953 1857 1007 consentio.
1908 952 2128 1023 Alypius

520 1041 794 1113 episcopus
843 1040 1088 1097 Ecclesia
1127 1042 1396 1098 catholica
1439 1043 1590 1098 dixit.
1636 1043 1936 1114 Delphinus
1976 1041 2130 1116 (451)

519 1134 810 1205 episcopus
837 1133 924 1190 hic
954 1143 1072 1201 est,
1117 1135 1212 1191 sed
1248 1135 1558 1192 inﬁrmitate
1592 1137 1886 1192 detinetur.
1915 1136 2046 1191 Nam
2075 1145 2131 1192 et

522 1225 908 1284 Faustinianus
928 1229 1216 1300 episcopus
1247 1230 1667 1286 Rnsiccadensis
1695 1230 1783 1286 hic
1812 1239 1923 1294 est.
1951 1231 2003 1285 in
2029 1229 2130 1284 bac

520 1319 764 1386 civitate,
793 1319 891 1375 sed
919 1320 1064 1376 male
1096 1321 1282 1388 habet,
1316 1331 1370 1378 et
1394 1322 1544 1378 Felix
1568 1324 1907 1379 Serteitanus
1935 1322 2126 1394 pedem

519 1411 690 1469 dolet.
715 1411 850 1468 Item
874 1416 1147 1470 accedente
1172 1414 1378 1472 Victore
1399 1418 1638 1487 episcopo
1666 1415 1972 1483 Abitinensi,
1994 1415 2130 1471 idem

519 1505 670 1561 dixit.
701 1506 896 1562 Mando
922 1518 975 1564 et
1002 1509 1309 1565 consentio.
1350 1508 1479 1565 Item
1516 1509 1786 1565 accedente
1815 1506 1990 1563 xEnea
2016 1508 2128 1578 epi-

515 1614 672 1669 scopo
704 1617 736 1653 a
767 1598 1056 1655 Turbunice
1095 1599 1275 1674 (452),
1320 1603 1455 1656 idem
1495 1602 1648 1656 dixit.
1682 1601 1878 1656 Mando
1921 1610 1976 1656 et
2001 1616 2131 1656 con-

517 1692 714 1747 sentio.
772 1691 904 1747 Item
961 1697 1232 1749 accedente
1283 1692 1578 1749 Annibonio
1630 1694 1872 1764 episcopo
1921 1692 2129 1747 Abbiri-

2229 491 2358 547 dum
2383 492 2664 561 imperiale
2689 499 3022 563 praeceptum
3045 492 3200 548 electi
3228 507 3354 548 esse
3376 502 3702 555 noscuntur.
3725 494 3852 549 edi-

2228 593 2318 640 cat
2347 583 2611 640 ofﬁcium.
2645 584 2961 654 Ruﬁnianus
2982 585 3149 640 scriba
3176 584 3333 640 dixit.
3365 584 3544 640 Partis
3575 586 3848 642 Ecclesiae

2229 675 2510 732 catholica:
2537 675 2833 732 secundum
2859 675 3086 731 formam
3119 675 3282 731 edicti
3314 683 3398 732 tot
3417 684 3566 731 stant
3589 719 3606 744 ,
3633 676 3688 732 id
3715 687 3806 732 est
3826 719 3843 746 ,

2229 767 2420 824 decem
2443 777 2497 823 et
2522 777 2668 834 octo,
2699 768 2752 823 id
2771 777 2878 834 est,
2909 779 3117 841 septem
3140 781 3375 838 actores,
3409 781 3623 842 septem
3645 773 3837 828 consi-

2230 858 2372 914 liarii
2393 902 2408 926 ,
2440 867 2495 914 et
2516 871 2749 930 quatuor
2789 859 2856 914 ad
2888 860 3124 917 chartas.
3160 862 3335 916 Etiam
3361 878 3432 919 ex
3456 871 3613 932 parte
3645 863 3844 918 Donati

2229 947 2450 1004 adstant
2470 949 2658 1004 decem
2689 959 2743 1004 et
2767 960 2912 1014 octo,
2939 959 3145 1022 septem
3169 961 3386 1010 actores
3412 993 3429 1021 ,
3457 961 3673 1025 septem
3702 970 3847 1012 con-

2231 1038 2420 1094 siliarii
2443 1081 2459 1105 ,
2489 1047 2546 1094 et
2575 1050 2809 1110 quatuor
2838 1041 2907 1097 ad
2930 1041 3170 1098 chartas.

2302 1131 2434 1188 219.
2477 1131 2819 1188 Marcellinus
2841 1136 2916 1189 uir
2937 1135 3256 1191 clarissimus
3279 1138 3514 1194 tribunus
3537 1148 3587 1194 et
3617 1140 3854 1196 notarius

2232 1225 2386 1280 dixit.
2418 1224 2614 1280 Edicat
2654 1228 2929 1293 ofﬁcium,
2965 1239 3230 1300 quantum
3273 1230 3386 1286 diei
3432 1231 3546 1302 jam
3593 1231 3854 1288 videatur

2231 1333 2535 1374 emensum.
2569 1319 2886 1388 Ruﬁnianus
2907 1322 3075 1376 scriba
3097 1322 3248 1377 dixit.
3280 1322 3570 1394 Exemptze
3591 1334 3720 1380 sunt
3746 1325 3855 1380 ho—

2234 1427 2311 1466 ra:
2342 1411 2594 1468 undecim
2621 1412 2752 1470 diei.

2303 1503 2433 1559 220.
2478 1504 2817 1560 Marcellinus
2848 1507 2926 1562 vir
2966 1507 3282 1562 clarissimus
3329 1508 3570 1562 tribunus
3600 1518 3651 1564 et
3690 1520 3848 1564 nota-

2233 1597 2341 1652 rius
2374 1598 2524 1652 dixit.
2556 1598 2824 1667 Quoniam
2860 1599 2966 1655 diei
2991 1616 3128 1670 pene
3149 1615 3369 1656 omnem
3395 1611 3605 1670 partem
3631 1611 3850 1658 constat

2233 1706 2533 1757 emensam,
2579 1692 2782 1749 idcirco
2814 1702 2995 1749 utrum
3020 1709 3087 1749 ex
3113 1694 3394 1749 communi
3437 1709 3713 1750 consensu
3746 1711 3843 1750 ne-

518 1793 641 1838 tano
669 1783 849 1856 (455),
883 1785 1018 1840 idem
1045 1787 1194 1841 dixit.
1230 1786 1424 1841 Mando
1449 1797 1502 1843 et
1538 1788 1840 1842 consentio.
1878 1786 2014 1842 Item
2043 1803 2128 1842 ac—
2155 1796 2204 1856 B
2231 1785 2435 1855 gotium
2480 1784 2689 1841 diﬂ'erri
2720 1786 2963 1856 placeat,
3008 1788 3308 1842 intimetur.
3342 1787 3420 1842 Ab
3450 1788 3686 1858 utrisque
3716 1806 3842 1855 par-

519 1877 729 1932 cedente
771 1876 948 1932 Felice
991 1879 1232 1948 episcopo
1284 1877 1510 1934 Novensi
1558 1877 1744 1950 (454),
1794 1878 1928 1932 idem
1975 1878 2128 1932 dixit.

524 1967 721 2025 Mando
772 1979 828 2025 et
881 1970 1186 2026 consentio.
1235 1970 1370 2025 Item
1416 1971 1684 2025 accedente
1731 1970 1946 2041 Argyrio
1999 1969 2132 2026 Siti-

527 2064 675 2132 pensi
705 2061 877 2135 (455),
905 2063 1042 2118 idem
1072 2064 1224 2119 dixit.
1255 2063 1446 2118 Mando
1477 2072 1533 2118 et
1563 2046 1866 2118 consentio.

591 2156 720 2213 2l6.
756 2156 1096 2212 Marcellinus
1134 2156 1212 2211 vir
1251 2157 1570 2211 clarissimus
1599 2156 1835 2210 tribunus
1881 2164 1929 2209 et
1971 2163 2121 2210 nota-

527 2251 638 2306 rius
669 2250 822 2306 dixit.
853 2249 994 2320 Quot
1021 2261 1146 2305 sunt
1176 2249 1265 2305 isti
1289 2264 1520 2318 quorum
1545 2249 1813 2320 professio
1835 2264 1977 2304 nunc
2003 2263 2131 2318 pro-

521 2343 714 2408 cessit.
752 2341 931 2399 edicat
963 2341 1227 2398 ofﬁcium.
1263 2340 1525 2412 Nampius
1550 2342 1717 2396 scriba
1744 2343 1894 2398 dixit.
1928 2342 2129 2414 Viginti

519 2449 666 2496 sunt.
701 2438 1039 2494 Marcellinus
1071 2439 1149 2492 uir
1177 2437 1504 2493 clarissimus
1535 2437 1769 2492 tribunus
1807 2449 1854 2492 et
1895 2438 2128 2492 notarius

527 2532 680 2588 dixit.
709 2531 966 2588 Omnium
1003 2530 1386 2602 episcoporum
1419 2530 1586 2602 partis
1617 2531 1896 2598 utriusque
1932 2529 2130 2584 claruit

522 2633 577 2681 et
603 2634 751 2682 certa
780 2638 903 2680 esse
943 2621 1197 2679 mandata
1223 2663 1240 2690 ,
1275 2629 1330 2678 et
1356 2621 1546 2676 ﬁrmas
1590 2621 1806 2677 adstare
1836 2635 2122 2692 personas.

522 2716 592 2772 Et
617 2717 741 2773 ideo
768 2716 970 2772 debent
995 2715 1340 2788 egredientes
1372 2713 1565 2785 reliqui
1608 2714 1687 2770 eis
1711 2713 1824 2786 jam
1861 2723 2125 2786 praestare

520 2817 819 2876 secretum,
851 2807 1050 2878 quibus
1082 2822 1244 2863 omne
1270 2805 1546 2877 negoﬁum
1573 2804 1949 2862 crediderunt.

595 2900 726 2956 217.
767 2900 989 2973 Alypius
1033 2899 1306 2972 episcopus
1352 2896 1604 2952 Ecclesia
1653 2897 1926 2954 catholica
1967 2898 2119 2954 dixit.

524 2993 798 3065 Scriptum
828 2978 902 3049 sit
924 3002 1142 3050 centum
1173 2992 1362 3063 viginti
1393 3006 1514 3048 esse
1549 2991 1832 3060 absentes,
1863 3007 2000 3063 quos
2029 3000 2124 3048 aut

521 3088 830 3153 inﬁrmitas,
851 3096 939 3142 aut
970 3097 1127 3154 aetas,
1159 3095 1251 3140 aut
1271 3094 1421 3142 certe
1444 3085 1744 3141 necessitas
1772 3084 2026 3140 detinuit.
2050 3083 2120 3138 Et

2232 1878 2368 1934 tibus
2389 1879 2584 1933 dictum
2605 1889 2697 1934 est.
2729 1879 2914 1936 Placet
2941 1897 2953 1933 :
2980 1881 3237 1950 quoniam
3261 1879 3374 1952 jam
3407 1881 3513 1936 iste
3543 1879 3665 1936 dies
3689 1881 3843 1937 vide-

2232 1981 2320 2027 ιυι·
2347 1987 2626 2029 emensus.

2303 2064 2432 2120 221.
2469 2064 2804 2120 Marcellinus
2843 2065 2920 2120 vir
2965 2064 3285 2120 clarissimus
3335 2064 3574 2119 tribunus
3604 2075 3654 2120 et
3695 2071 3843 2118 nota-

2229 2158 2341 2210 rius
2368 2156 2522 2212 dixit.
2554 2156 2612 2212 In
2641 2172 2802 2227 quem
2849 2157 2991 2213 diem
3037 2157 3152 2212 haec
3192 2157 3308 2227 ipsa
3337 2157 3843 2228 comperendinatio

2231 2248 2536 2315 diﬁ'eratur,
2567 2263 2693 2320 pars
2724 2259 2954 2317 utraque
2983 2249 3252 2321 designet.

2305 2341 2525 2414 Alypius
2553 2344 2824 2412 episcopus
2865 2342 3110 2398 Ecclesia
3157 2343 3430 2400 catholica
3481 2345 3625 2398 dixit.
3679 2343 3838 2398 Sicut

2229 2433 2414 2490 edicto
2440 2435 2694 2489 nobilitas
2728 2443 2814 2489 tua
2846 2436 3214 2506 praescripsit,
3238 2437 3482 2491 crastino
3503 2435 3840 2502 intermisso,

2230 2535 2457 2598 propter
2485 2526 2908 2598 descriptionem
2947 2527 3272 2584 schedarum
3291 2529 3600 2600 ,perendie
3628 2529 3673 2584 si
3703 2545 3842 2600 prae-

2242 2617 2381 2688 cipis
2402 2618 2830 2674 observabimus.
2863 2617 2931 2673 Et
2961 2620 3066 2674 alia
3096 2637 3275 2676 manu.
3301 2621 3641 2693 Recognovi.
3674 2620 3842 2674 Adco-

2227 2711 2380 2765 datus
2403 2712 2679 2782 episcopus
2701 2711 2853 2767 dixit.
2885 2713 3062 2768 Etiam
3090 2729 3190 2769 nos
3217 2715 3618 2783 consentimus,
3647 2724 3706 2770 ut
3744 2731 3836 2785 pe-

2228 2805 2460 2860 rendino
2483 2805 2570 2861 die
2591 2805 2862 2877 negotium
2888 2818 3200 2879 peragatur.
3229 2807 3294 2863 Et
3315 2810 3426 2864 alia
3449 2826 3632 2864 manu.
3657 2809 3839 2867 Adeo-

2227 2895 2384 2952 datus
2412 2898 2701 2968 episcOpus
2726 2899 3042 2968 recognovi.

2293 2987 2424 3043 222.
2459 2988 2794 3044 Marcellinus
2838 2992 2916 3046 vir
2956 2993 3276 3049 clarissimus
3318 2995 3561 3050 tribunus
3606 3006 3654 3051 et
3684 3008 3840 3051 nota-

2223 3082 2333 3137 rius
2359 3083 2509 3138 dixit.
2543 3083 2694 3140 Sicut
2721 3085 2964 3155 partibus
3007 3087 3244 3158 placuit,
3276 3088 3567 3158 interiecta
3611 3090 3704 3146 die
3731 3106 3829 3146 ne-

521 3181 628 3235 alia
658 3195 834 3234 manu.
862 3178 1196 3250 Recognovi.
1228 3176 1567 3232 Marcellinus
1586 3177 1663 3232 vir
1684 3177 2001 3232 clarissimus
2031 3177 2124 3230 tri-
2151 3183 2198 3248 ρ
2226 3177 2430 3247 gotium
2459 3187 2756 3246 repetatur.
2782 3177 2919 3232 Illud
2945 3189 3128 3235 autem
3158 3192 3405 3252 utraeque
3433 3193 3626 3252 partes
3652 3183 3838 3238 obser-

521 3271 690 3328 bunus
720 3281 766 3328 et
807 3271 1042 3327 notarius
1069 3271 1221 3326 dixit.
1263 3270 1536 3339 Scriptum
1566 3271 1670 3326 erit
1695 3269 1988 3326 Petilianus
2017 3270 2125 3341 epi-

518 3384 704 3439 sc0pus
723 3367 876 3422 dixit.
907 3365 1182 3438 Scriptum
1210 3365 1282 3419 sit
1307 3364 1477 3420 multo
1516 3364 1702 3434 plures
1729 3363 1993 3437 [nostros]
2030 3363 2120 3418 ab-

524 3469 706 3515 sentes
745 3474 868 3516 esse
891 3499 906 3527 ,
941 3460 1103 3516 etiam
1149 3457 1450 3514 Cathedras
1479 3458 1725 3512 viduatas
1746 3498 1759 3522 .
1792 3458 1985 3528 quibus
2012 3457 2126 3527 cpi-

524 3550 677 3622 scopi
704 3550 988 3606 ordinandi
1019 3559 1165 3605 sunt.
1190 3549 1263 3603 Et
1289 3548 1395 3603 alia
1422 3564 1600 3602 manu.
1652 3546 1722 3604 Ut
1745 3562 1927 3618 supra.
1973 3547 2122 3602 Mar-

462 3635 468 3641 ’
519 3646 736 3702 cellinus
762 3645 841 3700 uir
870 3643 1188 3700 clarissimus
1218 3642 1454 3697 tribunus
1479 3651 1527 3696 et
1554 3641 1786 3696 notarius
1825 3641 1978 3698 dixit.
2011 3640 2123 3697 Hoc

519 3754 735 3811 quoque
755 3747 904 3808 gesta
927 3735 1262 3793 retinebunt.
1288 3733 1705 3789 Fortunatianus
1728 3734 2000 3803 episcopus
2021 3731 2125 3787 Ec-

520 3832 694 3887 clesia
719 3831 988 3886 catholica
1028 3829 1286 3886 Siccensis
1315 3828 1467 3884 dixit.
1505 3827 1640 3897 Quia
1667 3827 1737 3884 de
1765 3826 2001 3883 viduatis
2031 3842 2125 3882 ca-

525 3923 734 3980 thedris
777 3922 917 3978 dixit
961 3922 1343 3978 sanctissimus
1394 3920 1727 3983 Petilianus,
1762 3935 1862 3976 nos
1909 3934 2127 3990 quoque

522 4014 807 4087 sexaginta
857 4023 1090 4085 quatuor
1118 4027 1317 4068 vacuas
1360 4011 1567 4066 habere
1598 4010 1682 4064 his
1709 4011 1874 4080 gestis
1912 4011 2126 4065 intima-

521 4122 662 4162 mns.
697 4105 1036 4162 Marcellinus
1064 4105 1141 4160 vir
1169 4103 1489 4158 clarissimus
1525 4102 1758 4156 tribunus
1785 4110 1836 4157 et
1881 4102 2116 4156 notarius

518 4201 670 4257 dixit.
703 4200 880 4256 Etiam
907 4201 1009 4256 hoc
1037 4199 1209 4255 lueret
1237 4197 1469 4269 publicis
1496 4195 1866 4252 monumentis
1894 4194 1985 4268 [Et
2021 4196 2117 4250 ad-

518 4296 662 4362 iecit.
694 4295 1032 4351 Remaneant
1060 4292 1343 4364 utriusque
1371 4293 1543 4363 partis
1567 4291 1809 4363 episcopi
1839 4291 1931 4363 qui
1954 4291 2114 4348 electi

513 4385 662 4458 sunt]
683 4395 740 4442 et
768 4387 856 4441 alii
881 4395 1096 4443 exeant.
1131 4385 1338 4453 Quibus
1367 4385 1638 4455 egressis:

585 4475 714 4534 218.
749 4476 1085 4532 Marcellinus
1113 4476 1190 4532 vir
1215 4477 1532 4532 clarissimus
1554 4475 1787 4532 tribunus
1815 4486 1864 4532 et
1887 4479 2118 4533 notarius

2236 3283 2363 3323 vare
2385 3267 2691 3334 debebunt,
2725 3279 2782 3324 ut
2819 3269 3134 3340 designatos
3162 3273 3420 3328 custodes
3444 3276 3836 3343 exceptoribus

2232 3371 2395 3434 atque
2425 3363 2704 3420 codicibus
2729 3363 2783 3419 in
2803 3364 3176 3422 describendis
3202 3353 3417 3422 schedis
3442 3369 3727 3438 invigilare
3755 3369 3836 3422 fa-

2232 3454 2410 3522 ciant,
2441 3465 2704 3526 quatenus
2732 3456 2966 3512 ﬁdeliter
2988 3458 3168 3513 omnia
3189 3459 3613 3515 conscribantur
3647 3479 3663 3518 :
3703 3461 3839 3516 alios

2237 3565 2454 3620 quoque
2502 3549 2688 3618 binos,
2723 3558 2784 3606 ut
2827 3552 3079 3622 quaterni
3127 3553 3268 3616 sint,
3316 3555 3464 3609 sicut
3506 3554 3829 3625 dispositum

2233 3653 2346 3709 est,
2377 3642 2459 3697 his
2485 3644 2578 3712 qui
2605 3659 2778 3714 nuper
2803 3654 3159 3715 exceperunt,
3183 3644 3445 3700 adhibere
3478 3645 3761 3702 custodes.

2298 3736 2424 3792 225.
2451 3736 2671 3809 Alypius
2693 3738 2964 3810 episwpus
2993 3736 3240 3794 Ecclesia
3259 3739 3531 3794 catholica
3546 3739 3700 3795 dixit.
3725 3739 3832 3793 Alii

2227 3827 2336 3884 duo
2369 3838 2670 3899 praesentes
2693 3840 2849 3898 sunt,
2883 3832 3024 3887 sicut
3042 3830 3155 3902 jam
3179 3841 3234 3887 et
3259 3830 3502 3888 ofﬁcium
3531 3832 3836 3904 suggessit,

2226 3922 2280 3976 id
2307 3931 2391 3977 est
2409 3963 2424 3989 ,
2453 3923 2647 3979 fratres
2684 3925 2855 3978 nostri
2881 3923 2991 3979 Leo
3017 3932 3074 3979 et
3099 3925 3370 3980 Asterius.
3417 3923 3488 3979 Et
3513 3925 3623 3980 alia
3653 3944 3834 3981 manu.

2226 4014 2560 4087 Recognovi.
2607 4015 2914 4072 Primianus
2942 4018 3214 4089 episcOpus
3243 4019 3395 4073 dixit.
3437 4020 3640 4075 Damus
3665 4022 3836 4076 etiam

2228 4125 2327 4166 nos
2353 4108 2615 4166 custodes
2637 4111 2943 4168 tabularum
2965 4121 3212 4184 quatuor.
3246 4113 3396 4168 Duos
3417 4111 3529 4183 iam
3555 4114 3837 4182 dedimus,

2226 4200 2366 4258 duos
2396 4215 2540 4258 nunc
2565 4202 2926 4275 subrogamus
2950 4246 2966 4270 ,
3000 4202 3056 4258 id
3080 4211 3195 4269 est,
3223 4203 3578 4260 Veratianum
3611 4215 3666 4262 et
3693 4206 3837 4263 Vic-

2226 4306 2425 4364 torem,
2457 4307 2755 4368 prasentes
2774 4300 3010 4370 collegas
3037 4309 3277 4356 nostros.
3307 4299 3378 4355 Et
3396 4301 3503 4356 alia
3525 4318 3694 4355 manu.
3726 4302 3844 4357 Pe-

2225 4392 2448 4449 tilianus
2476 4393 2766 4466 episcopus
2809 4395 3123 4467 recognovi.
3158 4394 3500 4451 Marcellinus
3530 4398 3606 4451 vir
3642 4398 3845 4454 claris-

2228 4484 2389 4541 simus
2433 4485 2668 4541 tribunus
2719 4495 2767 4541 et
2796 4488 3030 4542 notarius
3059 4487 3210 4542 dixit.
3247 4486 3428 4542 Etiam
3475 4487 3594 4543 istis
3632 4487 3849 4546 adver-

516 4634 810 4717 subscribit
864 4634 1178 4717 sabinianus
1219 4636 1489 4717 episcgpus
1545 4635 1705 4704 plebis
1769 4633 2108 4717 tinnimenar-
2136 4639 2187 4700 D
2267 4642 2443 4717 (450)
2475 4641 2713 4717 severus.
2763 4643 3064 4717 Episcopus
3089 4645 3433 4717 Milevitanus
3465 4647 3790 4706 catholicus
3817 4694 3836 4715 ,

516 4721 705 4766 tarum.
755 4707 1063 4780 Synodicas
1083 4706 1300 4780 Patrum
1347 4708 1758 4780 Byzacenornm
1779 4707 1832 4760 in
1874 4706 2109 4780 concilio

515 4775 862 4838 Lateranerisi
889 4778 992 4834 sub
1019 4777 1248 4834 Martino
1271 4775 1594 4847 subscripsit
1611 4775 1904 4848 Stephanus
1933 4775 2104 4848 Epist.

514 4850 732 4908 ciuitatis
762 4848 1077 4905 Gummasis.
1107 4849 1319 4906 Smcnlo
1343 4848 1654 4912 undecimo,
1703 4859 1945 4916 tempore
1977 4848 2114 4905 Leo-

517 4926 601 4979 nis
643 4920 713 4977 IX
749 4935 871 4976 cum
900 4918 1162 4976 Ecclesia:
1200 4920 1470 4976 Africana:
1508 4919 1748 4988 episcopi
1792 4920 1862 4976 ob
1907 4920 2107 4976 Barba-

516 5009 700 5050 rornm
741 4991 976 5062 illuviem
1023 4991 1259 5062 quinque
1300 5000 1508 5045 tantum
1550 5001 1935 5062 superessent,
1967 5007 2107 5048 unus

516 5080 585 5121 ex
612 5063 680 5118 iis
704 5070 837 5134 erat,
861 5060 1251 5131 Gummitanus,
1283 5063 1374 5134 qui
1421 5061 1666 5134 primatis
1691 5077 1890 5134 nomen
1923 5073 1985 5134 et
2011 5065 2109 5119 ho-

517 5149 706 5263 npiem
736 5133 1040 5202 ambiebat,
1071 5144 1131 5190 ut
1171 5131 1321 5207 patet
1360 5131 1435 5190 ex’
1466 5133 1662 5190 Leonis
1690 5131 1762 5188 IX
1798 5133 2042 5204 epistolis
2071 5135 2106 5190 5

517 5223 548 5263 e
632 5245 648 5262 .

516 5218 571 5265 et
592 5218 648 5263 4.

588 5274 742 5358 (449)
775 5273 1027 5358 Kagensi.
1055 5273 1112 5330 In
1141 5277 1373 5358 concilio
1413 5275 1831 5358 Carthaginiensi
1869 5277 1970 5358 su_b
1999 5277 2104 5358 Cy:

516 5343 710 5422 pri'ano
723 5343 900 5422 adfuit
926 5343 1147 5422 biliosus
1168 5365 1200 5402 a
1237 5343 1661 5422 Vaga,_concilio
1687 5343 2100 5422 (_Jarthaginen'si

514 5417 616 5477 sub
643 5419 812 5477 Grato
838 5417 1349 5490 interfuitﬂCrescen's
1386 5419 1656 5490 Vagensis.
1692 5417 2018 5475 Ptolemaeus
2049 5428 2105 5474 et

515 5491 724 5550 Plinius
742 5489 1051 5564 _duplicem_
1072 5488 1269 5564 Vagam
1295 5488 1596 5564 agnoscunt
1618 5530 1633 5564 ,
1653 5505 1837 5564 _unam
1868 5492 1922 5544 in
1954 5493 2103 5564 Mau-

513 5564 706 5622 ritania
731 5559 1084 5628 Caesariensi,
1111 5559 1352 5618 alteram'
1382 5564 1432 5617 in
1474 5560 1745 5617 Numidia.
1793 5563 2103 5631 Ampelium

514 5633 674 5706 hujus
714 5633 1053 5706 episcopum
1083 5633 1248 5689 fuisse
1289 5632 1631 5706 crediderim.
1687 5632 1752 5706 Et
1791 5631 1900 5686 duo
1926 5643 2107 5706 _erant

515 5703 1160 5778 episcopirihujusurbis,
1196 5720 1316 5778 cum
1349 5705 1622 5774 Ampelius
1644 5703 1877 5775 primum
1926 5703 2104 5762 Dona-

521 5775 644 5842 tista
664 5775 732 5835 ad
760 5775 1056 5834 Ecclesiam
1079 5775 1421 5834 accessisset.

2215 4714 2476 4789 ad'quem
2504 4714 2792 4789 Augustini
2814 4714 3043 4788 epistola
3085 4716 3175 4785 75,
3208 4726 3266 4773 et
3303 4719 3460 4789 cujus
3490 4719 3722 4789 epistola
3766 4714 3846 4778 ad

2215 4785 2574 4856 Augustinum
2606 4797 2690 4841 est
2716 4787 2805 4842 69.

2210 4899 2218 4906 .
2286 4856 3442 4933 (t51)_pelphirtus._EpiscopusNumidiae,
3473 4872 3533 4916 ut
3575 4871 3731 4933 patet
3759 4881 3838 4921 ex

2214 4928 2390 4999 capite
2411 4927 2503 4995 65,
2533 4939 2588 4983 et
2617 4946 2684 4984 ex
2715 4927 2940 5000 epistola
2968 4931 3068 4986 158
3096 4929 3154 4987 S.
3191 4933 3503 5001 Augustini.

2288 5018 2440 5092 (452)
2467 5020 2509 5075 A
2536 5019 2850 5077 Turbunice.
2880 5021 3177 5077 Provinciae
3205 5025 3643 5089 proconsularis.
3683 5028 3839 5085 Nam

2214 5091 2498 5162 Synodica
2535 5092 2752 5147 Palmm
2791 5093 2948 5161 hujus
2982 5095 3271 5160 provinciae
3300 5096 3352 5149 in
3380 5098 3624 5153 concilio
3650 5098 3839 5155 Late-

2209 5161 2430 5241 ranensi
2467 5162 2570 5219 sub
2614 5164 2857 5241 Martino
2883 5164 3179 5241 subscribit
3210 5161 3461 5241 Crescens
3502 5171 3678 5241 gratia
3729 5171 3843 5227 Dei

2209 5235 2478 5306 episcopus
2507 5243 2697 5289 sancta
2729 5235 2980 5291 Ecclesia
3008 5235 3050 5289 Τ
3050 5237 3412 5293 iburnicensis.

2281 5327 2434 5398 (455)
2468 5327 2786 5382 Abbiritano.
2840 5329 3258 5383 Abbiritanorum
3296 5330 3512 5388 scilicet
3555 5335 3837 5390 minorum

2208 5397 2261 5453 in
2289 5397 2483 5453 ﬁnibus
2505 5401 2795 5468 provincia:
2823 5401 3245 5470 proconsularis.

2280 5487 2435 5563 (454)
2469 5487 2730 5563 Novensi,
2761 5505 2872 5563 seu
2912 5491 3166 5547 Nobensi.
3210 5492 3421 5563 Duplex
3463 5491 3736 5551 Nobensis
3775 5500 3833 5554 in

2208 5561 2523 5618 Mauritania
2567 5561 2923 5631 Cmsariensi,
2962 5573 3022 5620 ut
3055 5563 3214 5621 docet
3262 5561 3421 5619 nolit.
3470 5582 3619 5623 unus
3663 5585 3826 5625 num.

2210 5633 2299 5700 19,
2323 5632 2461 5686 alter
2488 5648 2641 5688 num.
2673 5632 2764 5690 93.

2284 5700 2437 5774 (455)
2467 5703 2738 5773 Sitipensi.
2767 5703 2931 5775 Cujus
2956 5706 3249 5778 provincia
3267 5705 3372 5774 sit,
3405 5707 3701 5767 incertum.
