4130 6170
415 186 552 243 1555

1363 190 1596 250 GESTA
1637 188 2096 250 COLLATIONIS
2135 189 2774 250 CARTHAGINENSIS.

3609 223 3767 289 ’1554

409 301 674 407 sentibus,
699 300 751 356 id
779 303 1128 407 quod-poStea
1151 315 1432 374 exceptum
1465 315 1578 369 est,
1606 305 1832 375 signatis
1858 323 2003 363 nunc
2032 316 2086 377 Α
2113 309 2486 376 venientibus,
2515 310 2672 364 locus
2696 312 3035 375 considendi
3067 336 3190 383 csse
3213 345 3324 389 non
3349 345 3584 407 poterat.
3607 347 3764 406 Unde

412 391 606 447 tabulis
634 394 872 449 crastino
898 395 1251 451 describetur.
1291 397 1352 450 Et
1377 397 1486 451 alia
1514 414 1689 450 ntanu.
1722 398 1990 453 Edautur.

411 481 541 536 Item
569 484 673 538 alia
694 502 874 540 ntanu.
921 486 1132 543 Hilarus
1161 495 1214 543 et
1242 489 1500 543 Martialis
1527 499 1845 559 cxceptores
1877 491 1996 546 edi-

407 573 608 631 dimus.

671 666 974 740 Expliciunt
1000 670 1153 729 Gesta
1182 674 1363 744 primat
1389 676 1715 746 cognitionis.

569 827 1116 899 2901NCIPIUNT
1175 830 1400 888 GESTA
1470 832 1810 890 SECUNDA‘I

963 921 1416 981 COGNITIONIS.
1497 933 1506 941 '

475 1032 685 1089 Flavius
711 1034 1043 1093 Marcellinus
1065 1037 1142 1091 vir
1164 1037 1480 1093 clarissimus
1514 1047 1560 1094 et
1581 1038 1874 1108 spectabilis
1896 1037 1990 1092 tri-

398 1127 562 1182 bunus
582 1139 626 1182 et
650 1128 878 1182 notarius
903 1128 1052 1184 dixit.
1077 1131 1328 1186 Omnium
1353 1131 1678 1186 conscientia
1702 1131 1984 1197 retinetur,

395 1217 448 1272 id
480 1233 564 1272 me
592 1217 794 1273 dudum
816 1219 996 1274 edicto
1035 1222 1314 1290 praposito
1345 1221 1514 1277 fuisse
1557 1223 1858 1292 pollicitum
1882 1264 1899 1290 ,
1931 1232 1985 1277 ut

394 1306 654 1378 quidquid
696 1309 837 1365 inter
866 1311 1148 1382 utriusque
1180 1293 1348 1381 partis
1377 1314 1667 1384 episc0pos
1698 1325 1946 1384 ageretur
1967 1355 1982 1382 ,

391 1401 622 1456 subinde
667 1401 722 1456 in
769 1402 1037 1471 publicam
1065 1405 1314 1459 notitiam
1345 1407 1677 1475 perveniret.
1722 1406 1878 1463 Unde
1922 1423 1984 1464 ea

388 1513 508 1568 qua:
539 1498 756 1553 interim
794 1509 945 1571 gesta
989 1510 1147 1565 sunt,
1196 1501 1468 1556 sanctitati
1498 1509 1694 1557 vestrae
1725 1503 1986 1558 demons-

387 1600 533 1647 trare
557 1593 776 1657 curavi,
805 1601 1075 1662 quatenus
1102 1592 1270 1646 habiti
1296 1602 1499 1660 partem
1521 1593 1803 1648 conﬂictus
1823 1593 1985 1650 etiant

385 1685 560 1741 oculis
583 1683 860 1754 judicetis.
894 1683 960 1738 Et
985 1685 1092 1738 alia
1120 1700 1298 1738 manu.
1326 1683 1691 1753 Proponatur.

458 1782 508 1835 1.
547 1778 674 1833 Post
723 1779 1048 1833 consulatum
1102 1777 1328 1832 Varanis
1374 1776 1471 1830 uiri
1519 1777 1796 1830 clarissimi
1842 1778 1990 1833 tertia

386 1888 547 1926 nonas
575 1869 768 1924 Iunias
798 1872 851 1924 in
881 1869 1154 1925 secretario
1187 1867 1529 1921 Thermarum
1560 1865 1988 1939 Gargilianarum

383 1959 712 2032 Carthagini,
744 1958 1064 2014 adstantibus
1091 1957 1421 2014 Sebastiano,
1452 1953 1774 2010 Maximiano
1804 1965 1851 2010 et
1885 1954 1988 2009 Pe-

384 2060 495 2116 tro,
524 2051 650 2104 viris
689 2049 1024 2103 devatissimis
1056 2046 1422 2116 protectoribus
1449 2045 1739 2100 domesticis
1762 2087 1777 2112 ,
1814 2045 1949 2101 Ursa
1969 2088 1984 2112 ,

385 2143 633 2198 Petronio
661 2151 706 2196 et
732 2140 917 2196 Liboso
937 2141 1250 2204 ducenariis,
1276 2139 1366 2194 sed
1387 2148 1436 2193 et
1465 2138 1745 2208 Banifacia
1772 2149 1822 2192 et
1851 2138 1987 2193 Eva-

381 2239 462 2293 sia
488 2235 870 2310 apparitoribus
903 2233 1189 2287 illustrium
1215 2241 1366 2302 atque
1391 2231 1724 2285 eminentium
1752 2239 1982 2300 potesta-

383 2341 512 2397 tum,
533 2327 704 2383 Fileto
725 2327 1020 2397 apparitore
1047 2326 1265 2380 illustris
1287 2325 1540 2379 comitivte
1560 2325 1718 2391 sedis,
1748 2325 1983 2380 Exitioso

383 2425 620 2498 adjutare
647 2419 1027 2488 Carnicularii,
1058 2419 1326 2486 Possidio,
1361 2419 1721 2486 Quodvultdeo
1747 2428 1793 2474 et
1826 2419 1985 2475 Colo-

379 2519 513 2583 nico,
541 2514 867 2590 adjutaribus
890 2512 1375 2570 commentariorum
1400 2513 1552 2584 ofﬁcii
1577 2512 1792 2568 Domini
1817 2517 1979 2569 nostri

378 2613 474 2668 viri
502 2611 781 2666 clarissimi
820 2619 868 2664 et
913 2608 1202 2680 spectabilis
1234 2607 1555 2678 proconsulis
1576 2648 1590 2673 ,
1632 2605 1856 2679 Nauigia
1883 2608 1980 2661 ad-

367 2705 547 2775 jutore
567 2716 899 2757 numerorum
928 2699 1136 2754 Domini
1159 2698 1322 2752 nostri
1349 2697 1444 2750 viri
1463 2697 1736 2752 clarissimi
1757 2706 1804 2752 et
1825 2714 1974 2770 spec-

375 2797 543 2852 tabilis
571 2795 752 2850 vicarii
775 2835 791 2860 ,
829 2791 1057 2864 Nampia
1098 2793 1269 2847 scriba
1296 2791 1449 2860 ofﬁcii
1475 2790 1571 2844 viri
1597 2791 1870 2846 clarissimi
1898 2793 1972 2846 le-

373 2891 478 2961 gati
505 2889 661 2943 almae
682 2885 1030 2952 Carthaginis,
1053 2884 1340 2955 Ruﬁniana
1370 2881 1540 2936 scriba
1568 2882 1666 2935 uiri
1695 2882 1976 2938 clarissimi

372 2971 627 3036 curatoris
651 2978 802 3034 celsae
823 2977 1174 3047 Carthaginis,
1199 2973 1575 3043 accipientibus
1601 2975 1754 3028 etiam
1783 2972 1970 3030 Hilaro

2111 407 2238 471 quia
2274 420 2420 458 nunc
2453 404 2718 460 (latinitas
2761 408 2932 466 video
2974 426 3302 483 convenisse
3332 404 3633 503 personas,
3667 404 3763 499 de:

2109 507 2312 562 Precor
2353 507 2411 550 ιιι
2443 497 2534 552 vet
2567 513 2717 552 nunc
2747 502 2950 562 sedere
2973 509 3295 582 dignem.

2179 587 2582 688 4.0Petilianus
2612 593 2899 688 episcopus
2931 603 3088 663 dixit.
3139 612 3391 675 Patribus
3433 629 3635 685 nostris
3665 632 3764 688 ab-

2102 682 2366 737 sentibus
2393 700 2504 786 non
2531 687 2820 758 sedemus,
2854 701 3103 760 maxime
3129 721 3252 765 cum
3278 713 3398 786 lege
3427 682 3766 783 divitiae—oil-

2103 785 2310 878 sess-us
2349 777 2747 846 prohibeatur;
2795 800 2868 842 ne
2913 807 3040 850 cum
3073 777 3381 872 hujusmodi
3431 777 3762 878 adversariis

2105 867 2337 970 nostris
2377 873 2676 929 considere
2705 877 2963 939 velimus.
3007 888 3076 944 Et
3115 867 3221 950 alia
3249 867 3764 970 manu.

2104 963 2424 1026 episcopus
2445 968 2766 1035 recognovi.

2175 1411 2185 1422 ι
2340 1421 2352 1433 .
2582 1428 2592 1438 .
2633 1429 2644 1439 .
2875 1435 2884 1446 α
3189 1411 3219 1424 ν
3341 1411 3345 1412 7
3398 1411 3475 1415 γῆν
3519 1411 3737 1438 νὴη-Ὶκι

2101 1427 2349 1527 epist—sapt
2395 1427 2640 1527 catholici
2681 1446 3059 1527 surrexissent,
3112 1454 3262 1511 atque
3304 1466 3485 1505 sessus
3531 1460 3737 1527 judicis

2095 1504 2429 1610 aufet'retur,
2461 1518 2696 1586 ejusdem
2713 1524 2916 1592 judicis
2930 1504 3188 1600 jussione,
3219 1548 3267 1590 et
3296 1539 3369 1593 D.
3406 1504 3486 1595 .

2092 1612 2337 1700 rissimus
2368 1615 2418 1660 et
2443 1610 2742 1678 spectabilis
2772 1612 3112 1676 Marcellinus
3138 1613 3378 1683 tribunus
3401 1645 3454 1686 et
3491 1643 3729 1700 notarius

2019 1715 2067 1775 Β
2092 1691 2337 1748 stetisset.

2167 1783 2221 1881 ii.
2258 1784 2554 1881 Petilianus
2583 1793 2857 1866 episcopus
2878 1798 3031 1855 dixit.
3058 1802 3334 1875 Scriptum
3363 1814 3462 1881 sit,
3493 1816 3596 1875 hoc
3615 1830 3721 1881 tua:

2093 1875 2388 1984 voluntatis
2433 1895 2558 1936 esse
2580 1925 2595 1948 ,
2630 1899 2737 1939 non
2769 1898 2997 1945 nostrae.
3029 1891 3098 1945 Et
3126 1897 3235 1950 alia
3263 1875 3457 1960 manu;
3487 1875 3721 1971 Petilia:

2091 1984 2192 2025 nus
2223 1986 2514 2042 episcopus
2541 1983 2852 2047 recognovi.

2161 2062 2217 2116 7.
2251 2061 2588 2118 Marcellinus
2627 2068 2703 2120 vir
2743 2071 3063 2129 clarissimus
3105 2078 3344 2138 tribunus
3380 2097 3432 2142 et
3471 2098 3708 2152 notarius

2088 2150 2452 2253 dixin-Decet
2500 2171 2587 2212 me
2627 2160 2781 2253 vobis
2822 2165 3091 2221 stantibus
3136 2170 3342 2230 habere
3387 2150 3704 2253 bujusmodi

2087 2243 2423 2342 voluntatem
2450 2286 2466 2311 ,
2497 2261 2618 2342 qua;
2655 2249 2722 2304 ad
2754 2257 3116 2312 reverentiam
3152 2271 3428 2324 tantorum
3457 2243 3704 2342 parum

2085 2335 2452 2424 sacerdotum.
2500 2335 2792 2394 Petilianus
2840 2346 3113 2417 episcopus
3163 2353 3318 2409 dixit.
3377 2335 3697 2424 Honoritice

2083 2423 2302 2528 feceris.
2359 2425 2428 2480 Et
2471 2430 2577 2483 alia
2607 2448 2784 2488 manu.
2841 2435 3135 2497 Petilianus
3183 2449 3480 2523 episcopus
3536 2423 3695 2517 recc;

2153 2607 2208 2665 8.
2242 2608 2506 2665 Martialis
2559 2625 2796 2685 exceptor
2847 2619 2996 2674 dixit.
3049 2622 3368 2695 Cuiusmodi
3417 2641 3688 2698 notariam

2079 2703 2326 2774 episcopi
2351 2704 2610 2762 hesterno
2649 2711 2918 2767 nobilitati
2949 2726 3052 2771 tua:
3082 2719 3414 2797 obtulerint,
3455 2732 3594 2789 banc
3626 2738 3681 2793 in

2078 2797 2329 2853 manibus
2361 2797 2624 2856 habemus
2669 2819 2682 2854 :
2711 2804 2756 2857 si
2790 2807 3035 2878 praecipit
3079 2813 3339 2873 nobilitas
3373 2829 3461 2877 tua
3490 2866 3504 2888 ,
3536 2829 3648 2882 reci
3669 2860 3682 2871 -

2078 2895 2272 2943 tamus.

2146 2981 2203 3037 9.
2255 2980 2594 3038 Marcellinus
2623 2987 2701 3040 vir
2737 2990 3050 3048 clarissimus
3092 2999 3329 3058 tribunus
3359 3017 3410 3060 et
3445 3015 3679 3071 notarius

369 3083 415 3130 et
439 3073 760 3130 Praetextata
781 3070 1131 3142 exceptaribus
1160 3067 1374 3122 Domini
1397 3067 1557 3120 nostri
1579 3066 1673 3120 viri
1695 3065 1969 3120 clarissimi
1991 3095 2039 3159 Ο
2074 3075 2228 3130 dixit.
2263 3074 2341 3130 Ne
2370 3077 2498 3143 quid
2541 3079 2777 3136 celatum
2822 3088 2961 3154 parti
3005 3088 3163 3147 alteri
3215 3096 3492 3170 videatur,

368 3176 413 3221 et
459 3164 751 3238 spectabilis
805 3163 1162 3235 proconsulis,
1214 3158 1381 3214 Fabio
1435 3168 1704 3227 exceptare
1752 3156 1966 3211 Domini

365 3261 527 3316 nostri
551 3261 647 3314 viri
677 3256 952 3313 clarissimi
994 3265 1040 3310 et
1072 3253 1368 3322 spectabilis
1399 3252 1613 3314 vicarii,
1649 3261 1696 3306 et
1736 3250 1962 3305 Romulo

363 3365 628 3425 exceptare
653 3353 751 3408 viri
781 3350 1054 3406 clarissinti
1076 3349 1232 3421 legati
1258 3347 1410 3402 alma:
1434 3343 1764 3418 Carthaginis
1784 3386 1798 3411 ,
1823 3346 1961 3398 exci-

363 3445 618 3515 pientibus
647 3460 846 3515 quoque
871 3443 1128 3498 Januario
1174 3451 1222 3496 et
1264 3438 1432 3493 Vitale
1461 3437 1674 3492 notariis
1717 3435 1958 3491 Ecclesia:

361 3539 648 3606 catholicas,
679 3537 885 3592 Victore
905 3547 950 3592 et
973 3536 1243 3591 Cresconio
1267 3533 1483 3588 notariis
1511 3531 1753 3586 Ecclesia:
1782 3529 1956 3584 Dona-

360 3632 629 3699 tistarum,
684 3628 902 3683 Libasus
955 3627 1264 3681 ducenarius
1311 3623 1591 3678 illustrium
1641 3630 1952 3692 potestatum

358 3725 488 3780 dixit
516 3742 535 3780 :
564 3721 828 3792 Quoniam
861 3722 914 3776 in
946 3719 1269 3774 hodiernum
1297 3718 1443 3772 diem
1471 3715 1954 3785 comperendinata

357 3814 604 3888 Cognitio
652 3821 770 3880 est,
819 3821 877 3868 et
915 3818 1215 3883 praesentes
1268 3818 1395 3864 sunt
1441 3807 1725 3878 utriusque
1785 3806 1955 3876 partis

357 3907 634 3977 episcopi,
657 3906 701 3961 si
725 3904 878 3976 jubet
903 3903 1206 3959 sublimitas
1239 3911 1350 3965 tua,
1394 3900 1844 3956 intromittentur.

425 3998 480 4052 2.
513 3995 730 4052 Flavius
772 3994 1114 4050 Marcellinus
1158 3996 1236 4048 vir
1282 3992 1605 4047 clarissimus
1647 3991 1878 4046 tribunus
1904 3998 1952 4045 et

354 4089 584 4145 notarius
613 4089 763 4143 dixit.
797 4087 1049 4143 Veniant.
1081 4085 1147 4140 Et
1176 4085 1422 4157 ingressis
1449 4083 1685 4151 Aurelio,
1719 4083 1909 4154 Alypio
1932 4123 1947 4148 ,

353 4183 656 4256 Augustino,
698 4181 986 4245 Vincentio,
1021 4178 1330 4243 Fortunata,
1365 4175 1777 4241 Fortunatiano,
1812 4173 1948 4228 Pos-

351 4280 483 4333 sidio
509 4320 525 4347 ,
559 4277 766 4332 Novato
785 4319 799 4343 ,
834 4275 1103 4330 Florentio
1131 4315 1145 4339 ,
1178 4272 1473 4326 Maurentio
1497 4311 1514 4337 ,
1544 4267 1726 4323 Prisco
1750 4310 1764 4334 ,
1794 4267 1949 4323 Sere-

352 4375 525 4437 niano,
553 4372 849 4444 Banifacio,
878 4370 1150 4432 Scillacia,
1182 4367 1453 4433 Denteria,
1486 4365 1677 4428 Leone,
1704 4363 1903 4418 Asteria
1925 4403 1942 4430 ,

2075 3177 2190 3222 tetu
2199 3184 2242 3220 r.

2146 3259 2236 3313 10.
2271 3256 2562 3315 Petilianus
2592 3265 2862 3334 episcOpus
2888 3268 3039 3323 dixit.
3071 3270 3376 3347 Episcopos
3403 3299 3502 3340 nos
3529 3291 3664 3346 veri.

2068 3350 2196 3455 tatis
2232 3351 2454 3455 Christi
2489 3355 2700 3455 Domini
2756 3362 2964 3427 nostri,
2997 3373 3051 3418 et
3095 3365 3361 3442 dicimus,
3417 3389 3473 3434 et
3524 3399 3667 3455 sanie

2063 3443 2205 3497 actis
2257 3442 2488 3512 publicis
2533 3445 2735 3502 dictum
2779 3458 2881 3503 est.
2933 3452 3197 3512 Donatum
3245 3473 3428 3521 autem
3461 3442 3664 3533 sancite

2061 3537 2376 3605 memoriae,
2441 3541 2764 3610 Inartyrialis
2810 3543 2998 3612 gloria:
3041 3549 3216 3607 virum
3268 3571 3657 3625 prmoessorem

2061 3629 2278 3684 scilicet
2302 3638 2568 3696 nostrum,
2617 3646 2994 3691 ornamentum
3031 3640 3284 3699 Ecclesiae
3330 3649 3486 3708 istius
3529 3659 3660 3714 civi.

2063 3722 2218 3786 tatis,
2248 3721 2368 3775 loco
2397 3735 2492 3776 suo
2525 3722 2825 3794 meritoque
2846 3741 3186 3788 veneramur.
3236 3735 3305 3792 Et
3331 3743 3439 3798 alia
3477 3764 3651 3807 manu.

2058 3809 2360 3867 Petilianus
2388 3812 2674 3883 episcopus
2699 3820 3009 3889 recognovi.

2129 3906 2219 3960 H.
2269 3905 2544 3962 Possidius
2582 3908 2848 3980 episcopus
2881 3911 3129 3972 Ecclesiw
3179 3922 3446 3983 catholica:
3499 3935 3652 3991 dixit.

2059 3996 2362 4090 §piscopos
2387 4001 2635 4090 veritatis
2668 4003 2898 4072 probare
2943 4021 3079 4075 opus
3122 4021 3239 4079 est,
3278 4031 3384 4073 non
3419 4021 3652 4090 jactare.

2055 4085 2124 4140 Et
2150 4088 2258 4142 alia
2281 4106 2459 4143 manu.
2493 4089 2818 4161 Recognovi.

2129 4179 2216 4232 12.
2250 4177 2586 4235 Marcellinus
2608 4183 2683 4235 vir
2705 4183 3024 4241 clarissimus
3044 4189 3279 4247 tribunus
3322 4208 3370 4250 et
3417 4209 3648 4264 notarius

2052 4268 2206 4322 dixit.
2239 4269 2603 4360 Utrarumque
2637 4275 2865 4342 partium
2894 4284 3304 4346 prosecutiones
3330 4304 3485 4360 gesta
3513 4304 3645 4354 reti-

2049 4361 2277 4416 nebunt.
2313 4359 2381 4414 Et
2413 4363 2625 4433 adjecit.
2661 4365 2815 4431 Quod
2853 4383 3184 4442 praeceptum
3214 4359 3642 4450 εειξι-εοίιειυιι,

348 4477 394 4521 et
419 4467 671 4520 Restituto
697 4508 712 4532 ,
740 4463 995 4536 episcopis
1047 4461 1293 4516 Ecclesiae
1337 4457 1644 4524 catholicw;
1695 4457 1942 4529 ingressis
1967 4483 2021 4543 D
2052 4450 2315 4507 Martialis
2344 4462 2584 4524 exceptor
2609 4457 2858 4512 recitavit.
2884 4460 3014 4517 Post
3046 4469 3383 4530 consulatum
3416 4478 3643 4542 Varanis

349 4558 501 4612 etiam
537 4573 602 4612 ex
633 4558 736 4612 alio
763 4558 950 4622 latere,
987 4553 1286 4618 Primiano,
1325 4550 1585 4606 Petiliano
1613 4591 1627 4614 ,
1664 4549 1892 4603 Emerita
1921 4591 1935 4616 ,

350 4647 621 4718 Protasio,
660 4649 939 4714 Montano,
975 4645 1303 4711 Gaudentio,
1341 4643 1640 4709 Adeadato,
1687 4641 1937 4714 episcopis

348 4744 506 4812 partis
533 4742 753 4808 Donati,
787 4739 1125 4796 Marcellinus
1153 4738 1230 4791 vir
1272 4736 1590 4791 clarissimus
1630 4733 1862 4788 tribunus
1893 4742 1938 4788 et

345 4839 576 4891 notarius
603 4836 730 4890 dixit
762 4853 781 4890 .'

413 4927 467 4982 5.
503 4925 570 4981 Et
589 4927 866 4996 superiore
899 4923 1104 4996 judicio
1134 4936 1281 4993 saepe
1323 4935 1410 4976 me
1441 4919 1705 4977 obtulisse
1734 4918 1931 4975 certis-

345 5017 539 5073 simum
579 5026 697 5084 est,
741 5027 796 5073 et
825 5032 967 5072 nunc
993 5016 1258 5085 deprecor
1285 5025 1342 5070 ut
1371 5013 1566 5071 sedere
1606 5011 1927 5081 dignemini.

339 5109 565 5182 Cumque
614 5110 859 5165 catholici
904 5109 1131 5181 episcopi
1189 5108 1564 5172 consedissent,
1638 5103 1931 5159 Petilianus

337 5207 609 5277 episcopus
635 5205 784 5258 dixit.
815 5202 965 5271 Quod
994 5203 1173 5273 priore
1195 5202 1402 5273 judicio
1435 5200 1631 5255 factum
1666 5214 1775 5253 non
1806 5207 1888 5253 est
1911 5239 1926 5264 ,

335 5296 518 5352 facere
540 5311 645 5350 non
677 5294 962 5349 audemus.
1009 5293 1075 5348 Et
1126 5295 1232 5348 alia
1259 5311 1439 5348 manu.
1482 5291 1778 5348 Petilianus
1813 5290 1929 5360 epi-

336 5404 535 5460 scopus
561 5389 867 5461 recognovi.
886 5388 1226 5443 Marcellinus
1252 5390 1328 5442 air
1345 5388 1661 5443 clarissimus
1691 5385 1926 5440 tribunus

336 5491 384 5536 et
415 5482 646 5537 notarius
668 5481 820 5537 dixit.
845 5480 996 5537 Licet
1021 5490 1076 5536 et
1105 5481 1384 5550 superiore
1426 5479 1630 5550 judicio
1657 5493 1742 5534 me
1767 5477 1926 5532 obtu-

339 5573 470 5630 lisse
498 5572 834 5630 meminerim
857 5613 873 5638 ,
903 5580 1085 5626 tamen
1133 5571 1224 5625 illa
1262 5571 1493 5626 arbitror
1540 5579 1665 5627 tunc
1703 5567 1926 5623 minime

333 5667 534 5725 tactum
564 5679 685 5722 esse
724 5664 970 5730 ratione,
996 5663 1126 5734 quia
1161 5661 1348 5720 multis
1388 5661 1759 5722 sacerdotibus
1793 5673 1924 5716 con-

716 5760 990 5822 ΡΔΤιιοι.
1067 5756 1181 5819 XI.

2048 4543 2149 4598 viri
2174 4543 2463 4600 clarissimi
2491 4554 2685 4616 quarto
2711 4565 2881 4604 nonas
2902 4551 3070 4620 Junii,
3106 4557 3292 4617 Flavio
3321 4566 3638 4634 Marcellino

2050 4637 2171 4732 viro
2199 4637 2504 4732 clarissimo
2529 4647 2584 4694 et
2602 4642 2886 4710 spectabili
2922 4647 3138 4703 tribuno
3163 4662 3219 4707 et
3252 4663 3491 4732 notario,
3522 4668 3639 4726 Pri-

2045 4729 2279 4794 miauus,
2307 4729 2626 4796 Petilianus,
2661 4731 2936 4791 Emeritos
2955 4779 2969 4803 ,
3000 4739 3300 4813 Protasius,
3326 4729 3608 4819 Montanus

2045 4822 2411 4887 Gaudentius,
2448 4823 2797 4894 Adeodatus,
2839 4830 3082 4902 episcopi
3110 4844 3164 4890 et
3188 4807 3636 4912 defensores-bule:

2046 4917 2228 4972 etesiae
2251 4917 2516 4985 veritatis,
2543 4934 2638 4988 per
2668 4923 2934 4978 notarium
2966 4924 3083 4982 haec
3113 4928 3302 4989 dicunt
3329 4953 3343 4990 :
3368 4940 3632 5008 Hesterna

2037 5009 2263 5112 diedsal.
2297 5010 2440 5066 Junii
2475 5012 2615 5067 inter
2645 5030 2744 5070 nos
2773 5024 2830 5071 et
2856 5017 3200 5078 adversarios
3231 5041 3446 5092 nostros
3474 5056 3631 5112 spec-

2040 5100 2282 5194 tabilitas
2314 5111 2402 5156 tua
2431 5102 2621 5159 audire
2641 5105 2861 5176 dignata
2891 5118 2994 5164 est.
3030 5111 3094 5167 Et
3124 5121 3376 5184 quoniam
3410 5100 3628 5194 evo‘luto

2035 5209 2176 5265 pene
2214 5193 2302 5290 die
2341 5194 2582 5290 partibus
2628 5197 2942 5290 patientiam
2981 5206 3268 5278 praebens,
3315 5217 3585 5290 aliquanta

2034 5301 2155 5356 qua:
2195 5286 2459 5356 principia
2487 5289 2685 5356 negotii
2728 5288 2975 5361 fuerant,
3017 5299 3206 5356 audire
3247 5273 3623 5378 dignatus-cs:

2034 5394 2278 5451 Opusque
2304 5390 2389 5436 est
2425 5380 2491 5434 ad
2530 5395 2782 5450 causam,
2815 5395 2872 5438 ut
2902 5391 3214 5450 mandatum
3247 5365 3390 5469 quod

2035 5471 2165 5528 sat-ii
2198 5472 2366 5526 nostri
2399 5472 2728 5542 obtulerunt,
2761 5477 2915 5533 nobis
2937 5480 2990 5535 in
3021 5487 3266 5543 notitiam
3295 5498 3600 5563 perferatur

2034 5566 2288 5636 quoniam
2315 5566 2487 5668 series
2499 5575 2750 5668 actorum
2776 5580 3000 5642 propter
3019 5577 3102 5630 sui
3126 5553 3621 5661 prolixitatemﬂno-t;

2034 5665 2215 5729 potest
2247 5656 2511 5728 explicari
2537 5698 2552 5726 ,
2582 5673 2651 5717 ne
2671 5659 2923 5732 imparati
2954 5666 3021 5718 ad
3039 5666 3299 5734 judicium
3324 5681 3510 5743 venire
3537 5656 3620 5752 vi.
