4130 6170
484 258 624 315 ηδε
1452 242 1677 304 casm
1715 234 2168 299 COLLATlONiS
2204 194 2836 295 CARTHAGlNENSIS.
3644 225 3791 284 ηδε

484 375 736 437 deamur,
766 371 818 428 id
848 369 1157 426 mandatum
1202 363 1345 437 quod
1369 359 1665 419 adversarii
1696 355 1870 414 nostri
1900 354 2080 426 legen-
2104 362 2154 422 Α
2251 354 2341 410 25.
2379 353 2639 409 Emeritus
2669 353 2939 431 episcopus
2996 347 3144 403 dixit.
3212 344 3272 403 Si
3319 343 3497 416 iubes,
3552 339 3788 397 edantur

486 428 617 524 dum
649 428 941 531 dederunt,
980 463 1033 517 in
1078 428 1487 539 exemplaribus
1525 454 1685 510 nobis
1716 449 1907 513 hodie,
1940 445 2084 518 quod
2187 446 2347 502 nobis
2402 447 2655 518 primitus
2701 428 2849 523 gesta
2876 485 2890 511 ,
2921 442 3228 513 relegantur
3274 454 3305 493 a
3359 436 3542 504 nobis,
3593 449 3790 490 recen-

488 570 574 617 est
600 568 793 633 quarto
825 556 914 613 die
959 569 1222 619 nonarum
1249 526 1539 607 :iuniartun
1562 590 1576 613 ,
1609 545 1727 601 dari
1758 539 2041 616 praecipias
2063 578 2080 607 ,
2186 547 2409 595 seantur
2437 539 2605 595 verba
2645 545 2828 593 nostra
2883 544 2941 591 et
2981 532 3420 591 adversariorum
3470 526 3791 583 instructio.

492 661 550 708 ut
577 616 825 706 instructi
859 648 1077 720 negotio
1107 644 1265 701 nobis
1290 642 1536 714 iniuncto
1565 639 1759 695 adesse
1785 636 2080 691 valeamus.
2186 629 2281 687 Sic
2310 630 2521 701 legibus
2541 643 2758 700 semper
2787 640 3109 684 concessum
3138 632 3241 679 est.
3274 621 3404 677 Haec
3459 628 3549 687 est
3590 616 3794 672 huma-

492 743 681 799 Etalia
699 757 876 796 manu.
904 712 1213 795 Piimianus
1237 712 1523 808 episcopus
1547 732 1672 787 huic
1701 729 1930 785 notariaa
1956 725 2086 783 sub—
2187 723 2331 789 nitas
2352 737 2556 779 rerum.
2596 720 2661 777 Et
2689 721 2795 776 alia
2824 736 3000 775 manu.
3050 715 3325 775 Emeritus
3369 712 3661 784 episcopus
3691 726 3791 767 re-

490 834 685 911 scripsi
706 843 900 906 quarto
922 846 1093 887 nonas
1120 829 1310 886 lunias
1335 823 1670 896 Carthagini.
1701 822 1912 878 Flavius
1938 819 2085 875 Mar-
2187 814 2439 887 COgnovi.

489 896 704 982 cellinus
725 896 806 980 uir
831 923 1149 979 clarissimus
1178 920 1411 976 tribunus
1439 927 1486 973 et
1507 916 1741 972 notarius
1766 913 1916 969 dixit.
1940 911 2085 981 Quo-
2257 908 2349 965 26.
2375 907 2694 964 Fortunatus
2721 907 2993 983 episcopus
3035 902 3276 969 Ecclesia:
3324 897 3602 954 calholicte
3625 896 3791 950 dixit.

491 1019 634 1074 niam
675 1033 740 1075 ea
785 1031 905 1088 quae
937 1013 1313 1071 instructionis
1357 1011 1529 1085 gratia
1571 1007 1914 1080 postulantur
1956 1018 2085 1060 con-
2188 1001 2445 1071 Quamvis
2494 1016 2690 1058 recens
2731 1001 2874 1059 actio
2921 997 3126 1059 nullum
3173 993 3409 1068 potuerit
3459 990 3793 1064 praeterire,

489 1108 611 1166 cedi
641 1086 843 1164 debere
875 1105 1222 1176 perspicuum
1272 1109 1389 1167 est,
1434 1111 1492 1155 ut
1534 1099 1682 1155 nulla
1717 1095 2086 1168 cognitionem
2188 1103 2369 1153 tamen
2400 1111 2468 1152 ex
2512 1093 2616 1151 hoc
2661 1108 2858 1151 sensus
2912 1089 3210 1151 nobilitatis
3236 1096 3342 1143 tuae
3367 1086 3624 1141 volumus
3663 1097 3795 1138 esse

488 1201 725 1258 futuram
768 1215 1043 1256 morarum
1086 1197 1472 1269 impedimenta
1519 1191 1884 1265 suspendant,
1933 1204 2087 1245 man-
2189 1188 2432 1258 edoctos,
2464 1196 2523 1245 ut
2543 1187 2916 1259 intelligantur
2967 1185 3077 1259 jam
3128 1182 3389 1239 dilatione
3433 1177 3665 1252 quadam
3720 1176 3795 1233 ad

489 1294 677 1351 datum
722 1282 1063 1349 a'catholieis
1111 1291 1392 1362 Episcopis
1441 1288 1664 1354 datum,
1715 1285 1815 1341 sub
1856 1298 1919 1339 ea
1964 1296 2088 1353 qua:
2188 1296 2370 1338 causae
2398 1280 2672 1353 negotium
2700 1279 2845 1337 nolle
2864 1278 3069 1336 venire.
3124 1274 3195 1332 Et
3241 1274 3349 1333 alia
3394 1289 3572 1329 manu.
3610 1269 3793 1327 Reco-

478 1387 738 1445 Icominus
776 1386 1071 1442 constituta
1116 1393 1202 1440 est
1253 1382 1537 1441 custodum
1568 1378 1944 1437 adservatione
1964 1376 2089 1432 des-
2188 1375 2372 1447 gnovi.

490 1481 758 1552 crlptum,
791 1478 947 1536 vobis
982 1477 1199 1535 tradere
1227 1476 1518 1538 maturabit
1557 1472 1820 1537 officium.
1863 1467 2090 1541 Cumque
2260 1467 2355 1522 27.
2384 1464 2719 1521 Marcellinus
2739 1464 2814 1519 vir
2836 1462 3152 1518 clarissimus
3205 1460 3441 1515 tribunus
3475 1466 3522 1512 et
3553 1456 3794 1512 notarius

490 1551 775 1640 recitasset,
2190 1559 2344 1615 dixit.
2374 1558 2608 1633 Legatur
2646 1557 2789 1635 quod
2814 1557 3064 1630 prtecepi,
3114 1562 3174 1610 ut
3203 1554 3449 1611 noverim
3506 1551 3576 1608 ad
3624 1564 3791 1630 quem

426 1714 433 1721 .
563 1667 654 1723 15.
688 1665 1035 1731 Marcellinus,
1063 1665 1141 1719 uir
1165 1664 1486 1719 clarissimus
1515 1659 1748 1715 tribunus
1777 1667 1824 1712 et
1859 1654 2089 1713 notarius
2192 1651 2478 1706 articulum
2509 1651 2581 1707 sit
2608 1650 2785 1706 delata
2813 1648 3069 1727 cognitio.

491 1760 644 1814 dixit.
677 1759 837 1815 Lecta
876 1757 1046 1830 gestis
1077 1756 1351 1819 indentur.
1386 1755 1451 1809 Et
1476 1753 1685 1829 adjecit.
1718 1749 1983 1823 Quoniam
2007 1747 2091 1801 in-
2118 1758 2167 1818 Β
2263 1742 2356 1798 28.
2386 1741 2646 1801 Emeritus
2666 1744 2933 1819 episcopus
2954 1742 3103 1799 dixit.
3128 1738 3185 1797 Si
3210 1738 3394 1813 jubes,
3428 1736 3495 1793 ad
3517 1736 3623 1801 hoc
3642 1750 3799 1792 com-

491 1859 575 1906 ter
606 1850 804 1905 multas
832 1849 1207 1913 conditiones,
1235 1848 1301 1902 de
1332 1846 1529 1917 quibus
1566 1843 1848 1915 superiore
1884 1837 2089 1917 judicio

489 1940 772 1998 definitum
803 1952 886 1998 est
907 1984 921 2008 ,
948 1956 1109 1997 unam
1136 1939 1285 1994 illam
1314 1944 1529 1994 constat
1568 1935 1736 1991 fuisse
1763 1933 2006 1997 dilatam,
2032 1936 2091 1984 ut

489 2039 632 2095 sicut
673 2053 775 2108 ego
824 2034 1338 2099 interlocutionibus
1403 2031 1573 2097 meis,
1627 2029 1702 2087 ita
1746 2024 2089 2100 prosecutio-

488 2132 651 2197 nibus
674 2130 833 2211 291
865 2131 977 2186 suis
1017 2126 1389 2199 unusquisque
1417 2121 1823 2185 subscriberet,
1863 2114 1992 2187 quid
2020 2114 2090 2179 de

489 2222 595 2279 hoc
624 2223 871 2278 videatur
899 2219 1174 2283 sanctitati
1206 2226 1403 2273 vestrae
1432 2213 1644 2271 debetis
1673 2211 1912 2267 edicere.

565 2318 653 2372 id.
676 2315 992 2389 Augustinus
1020 2313 1290 2385 episcopus
1316 2307 1567 2371 Ecclesiw
1618 2304 1886 2361 catholica:
1937 2301 2090 2356 dixit.

488 2408 600 2467 Nos
631 2409 686 2465 in
715 2408 820 2464 hoc
843 2405 1189 2464 consensisse
1229 2401 1430 2460 litteris
1458 2399 1663 2463 nostris
1692 2393 2087 2471 expressimus.

491 2500 560 2559 Et
586 2494 692 2558 alia
718 2519 890 2557 manu.
927 2497 1257 2569 Recognovi.

562 2598 652 2657 15.
687 2594 1025 2651 Marcellinus
1051 2592 1127 2647 uir
1153 2588 1472 2645 clarissimus
1528 2584 1759 2641 tribunus
1782 2589 1833 2637 et
1862 2577 2095 2641 notarius

492 2689 643 2745 dixit.
677 2687 817 2759 Quid
848 2687 1009 2747 etiam
1035 2684 1286 2741 voluntas
1313 2678 1482 2753 partis
1510 2677 1735 2736 alterius
1767 2673 1985 2742 habeat,
2010 2670 2092 2750 in-

492 2789 978 2928 tmiiitijetilianus
1006 2868 1280 2937 episcopus
1301 2861 1455 2917 dixit.
1479 2859 1705 2916 Multum
1744 2871 1846 2913 nos
1892 2851 2094 2912 sollici-

494 2973 579 3019 tos
605 2963 755 3030 facit,
786 2960 929 3033 quod
974 2959 1044 3025 de
1084 2958 1240 3014 nobis
1292 2955 1345 3012 id
1387 2953 1649 3027 quaeritur
1675 2994 1692 3021 ,
1725 2952 1889 3023 idque
1946 2962 2089 3018 prte-

495 3058 727 3130 cipimur
759 3056 959 3122 facere,
1009 3053 1153 3127 quod
1208 3065 1339 3107 usus
1384 3062 1679 3127 numquam
1706 3044 1910 3104 habere
1959 3056 2095 3099 cou-

2194 1836 2331 1911 petit
2358 1836 2510 1897 mihi.
2541 1835 2877 1892 Marcellinus
2897 1837 2973 1909 uir
2999 1834 3319 1891 clarissimus
3365 1832 3607 1887 tribunus
3627 1839 3680 1887 et
3700 1846 3798 1884 no-

2193 1931 2356 1989 tarius
2382 1930 2535 1987 dixit.
2564 1928 2699 2003 Age.
2732 1927 2994 1987 Emeritus
3023 1928 3291 2002 episcopus
3311 1927 3465 1987 dixit.
3500 1925 3641 1985 Sunt
3674 1924 3799 2003 qui-

2193 2021 2317 2083 dem
2349 2022 2581 2083 humana
2610 2022 2822 2099 ingenia
2854 2022 2928 2078 ita
2952 2021 3238 2081 velocitate
3260 2018 3346 2081 sui
3397 2026 3652 2095 prompta
3682 2058 3700 2084 ,
3731 2025 3788 2072 ut

2195 2114 2281 2177 vel
2309 2113 2424 2173 visu
2450 2115 2533 2171 vel
2555 2115 2742 2175 auditu
2769 2112 2928 2177 facile
2953 2121 3148 2173 cuncta
3174 2111 3414 2193 capiant,
3457 2124 3579 2189 quae
3608 2108 3663 2164 in
3691 2123 3795 2163 eo-

2194 2223 2311 2270 rum
2334 2208 2580 2268 notitiam
2608 2206 2972 2285 perleruntur.
3004 2205 3110 2264 Sed
3142 2204 3247 2263 hoc
3285 2203 3462 2263 doctis
3506 2201 3647 2257 forte
3697 2208 3796 2261 aut

2195 2299 2421 2379 eruditis
2448 2299 2579 2357 viris
2610 2314 2708 2370 pro
2736 2300 2814 2356 rei
2841 2299 3008 2375 ipsius
3033 2294 3299 2375 qualitate
3329 2293 3650 2375 permissum
3671 2290 3745 2344 Si!
3773 2305 3791 2355 ;

2194 2408 2282 2451 me
2309 2404 2488 2455 autem
2511 2391 2579 2453 ad
2604 2392 2745 2451 hanc
2775 2408 2889 2457 rem
2934 2392 3114 2451 minus
3159 2388 3420 2447 idoneum
3459 2401 3580 2445 ease
3625 2381 3796 2461 proii-

2195 2502 2334 2559 teor.
2366 2492 2500 2569 Quis
2525 2491 2673 2558 enim
2696 2492 2881 2563 levem
2924 2503 3112 2546 vocem
3143 2496 3200 2544 et
3227 2484 3445 2549 facilem
3486 2496 3796 2545 sermonem

2195 2588 2315 2661 ipso
2344 2602 2485 2663 pene
2536 2587 2690 2657 apice
2720 2591 3054 2653 transeunte,
3083 2590 3174 2638 aut
3212 2594 3375 2636 sensu
3430 2578 3667 2637 retinere
3703 2584 3799 2630 aut

2196 2680 2486 2755 concipere
2512 2686 2713 2757 potest,
2740 2676 2823 2739 vir
2849 2673 3090 2735 nobilis?
3116 2687 3236 2731 cum
3259 2670 3328 2726 ad
3358 2677 3649 2726 tractatum
3678 2683 3798 2722 om-

2197 2786 2324 2837 nem
2338 2772 2904 2853 disceptationemque
2917 2778 2973 2833 et
2992 2767 3161 2825 verba
3181 2775 3235 2823 et
3246 2779 3445 2823 sensus
3462 2772 3521 2817 et
3539 2762 3799 2821 interiora

2197 2867 2307 2931 sint
2331 2866 2533 2943 negotii
2563 2862 2967 2939 pertractanda.
2994 2860 3139 2939 Ergo
3178 2875 3301 2915 eum
3331 2858 3403 2917 de
3432 2854 3636 2914 scheda
3663 2854 3799 2927 legi-

2198 2967 2309 3031 tur,
2334 2969 2389 3023 el
2418 2959 2565 3023 laves
2609 2971 2774 3023 voces
2818 2970 2951 3019 aura
2991 2951 3393 3031 quodammodo
3446 2948 3800 3011 ventilantur,

2195 3065 2390 3115 sensus
2412 3049 2584 3115 nostri
2611 3063 2807 3127 capere
2857 3054 2914 3110 et
2962 3047 3203 3109 retinere
3252 3058 3363 3099 non
3416 3049 3669 3113 possunt.
3700 3037 3804 3095 Ubi

494 3152 690 3209 suevit.
746 3149 818 3204 Et
862 3148 968 3204 alia
1014 3162 1190 3202 manu.
1247 3142 1544 3200 Petilianus
1598 3139 1889 3211 episcopus
1934 3147 2092 3201 reco-
2121 3136 2169 3201 α
2201 3142 2307 3203 hoc
2336 3152 2431 3207 aut
2456 3143 2541 3205 cui
2566 3155 2882 3203 concessum
2904 3138 3119 3210 estitSi
3145 3137 3243 3191 hac
3296 3134 3560 3197 felicitate
3606 3128 3805 3204 ingenii

533 3262 676 3304 "0V1.

533 3263 676 3304 novr.

495 3263 528 3321 ε
568 3340 661 3394 i7.
717 3335 1129 3393 Fortunatianus
1190 3331 1462 3403 episcopus
1522 3324 1769 3389 Ecclesia
1831 3319 2125 3381 catholica

498 3430 650 3486 dixit.
680 3430 960 3486 Testatum
990 3428 1060 3484 sit
1088 3433 1298 3500 partem
1327 3423 1609 3485 adversam
1641 3417 1917 3483 noluisse,
1952 3411 2099 3485 quod

497 3524 678 3580 edicto
709 3521 1013 3581 nobilitatis
1039 3531 1144 3581 tua:
1172 3518 1505 3597 publicatum
1534 3523 1637 3577 est.
1677 3512 1749 3566 Et
1776 3511 1881 3575 alia
1916 3524 2096 3573 manu.

498 3616 828 3690 Recognovi.

572 3711 658 3767 18.
694 3708 987 3767 Petilianus
1018 3706 1289 3781 episcopus
1334 3703 1489 3763 dixit.
1545 3698 1831 3761 Testatum
1876 3694 1948 3757 sit
2002 3707 2100 3757 vos

498 3802 676 3857 adhuc
734 3801 1006 3857 Ecclesias
1060 3800 1346 3875 plerasque
1405 3810 1514 3861 non
1584 3791 1889 3878 reddidisse
1916 3830 1933 3859 ,
1998 3801 2102 3853 nec

498 3893 697 3951 fecisse
741 3892 875 3957 satis
919 3890 1087 3969 priori
1114 3889 1233 3967 ejus
1277 3887 1479 3949 edicto-
1532 3885 1602 3945 Et
1648 3885 1755 3945 alia
1799 3897 1974 3949 ntanu.
2029 3878 2103 3935 Ut

499 4000 683 4061 supra.

574 4085 660 4141 19.
691 4080 1027 4137 Marcellinus
1045 4079 1123 4134 vir
1142 4075 1460 4135 clarissimus
1487 4070 1723 4133 tribunus
1766 4079 1813 4127 et
1868 4066 2102 4129 notarius

501 4176 653 4241 dixit.
681 4174 826 4246 Ergo
865 4173 934 4237 ad
975 4172 1242 4247 integram
1293 4176 1577 4245 gestorum
1630 4163 1793 4227 tidem
1845 4168 2104 4225 contenta

499 4279 585 4326 est
620 4269 879 4331 sanctitas
905 4275 1087 4329 vestra
1107 4262 1432 4327 cuswdibus
1460 4261 1531 4321 ab
1564 4267 1795 4335 utraque
1826 4265 1981 4334 parte
2008 4255 2108 4313 de-

497 4360 676 4431 lectis,
690 4360 781 4433 qui
812 4359 1038 4423 notariis
1079 4365 1138 4417 et
1162 4353 1552 4427 emptoribus
1576 4347 2100 4425 videnturappositi,

573 4455 665 4511 20.
695 4452 986 4515 Petilianus
1014 4451 1286 4526 episcopus
1314 4447 1467 4509 dixit.
1493 4446 1739 4511 Eduntur
1780 4441 1940 4503 nobis
1993 4439 2107 4515 pri-

2202 3234 2464 3308 gaudeut,
2492 3246 2599 3291 non
2627 3248 2686 3293 se
2708 3231 2916 3309 jactent
2939 3228 3008 3291 de
3030 3226 3337 3300 arrogantia
3359 3225 3647 3289 memoria:
3673 3237 3804 3278 suae.

2202 3325 2333 3391 Mihi
2362 3333 2678 3389 autemnon
2725 3323 2985 3396 competit
3034 3322 3143 3383 nisi
3196 3323 3396 3395 saepius
3444 3327 3703 3388 repetere
3755 3324 3809 3371 et

2202 3422 2459 3487 diuturna
2503 3421 2736 3483 lectione
2780 3417 3022 3484 edoceri,
3053 3425 3113 3472 ut
3141 3415 3299 3475 ﬁdem
3330 3413 3445 3469 veri
3484 3406 3809 3493 [inveniam]

2205 3525 2263 3583 et
2289 3531 2412 3591 qua:
2444 3514 2678 3579 dixerim
2699 3511 2954 3589 relegam,
2978 3518 3036 3568 et
3052 3525 3174 3585 quae
3210 3506 3565 3573 adversarius
3615 3502 3813 3583 obiecit

2203 3609 2509 3673 advertam.
2532 3607 2798 3685 lntelligis
2830 3606 2904 3665 ita
2932 3620 3048 3667 rem
3073 3618 3196 3662 esse
3221 3611 3526 3674 gestorum,
3554 3599 3681 3655 ideo
3707 3612 3814 3655 me-

2206 3700 2397 3763 moria:
2427 3699 2820 3772 scripturarum
2848 3712 2944 3768 per
2969 3697 3181 3759 litteras
3206 3693 3526 3767 digeruntur
3554 3734 3571 3759 ,
3605 3708 3676 3747 ne
3699 3689 3816 3749 sola

2207 3793 2476 3857 memoria
2500 3807 2622 3867 qua
2640 3805 2810 3863 caan
2850 3805 2970 3851 esse
2993 3805 3100 3853 non
3130 3796 3329 3865 potest,
3380 3786 3667 3847 oblivione
3714 3784 3814 3842 de-

2209 3895 2365 3956 cepta
2394 3884 2522 3957 quid
2551 3884 2784 3955 gesserit
2817 3882 3047 3943 nesciat.
3099 3880 3287 3953 Neque
3327 3878 3474 3936 enim
3527 3879 3691 3936 aliter
3728 3892 3817 3933 sa.

2210 3980 2414 4052 pientia
2436 3979 2756 4053 providente
2795 3977 3189 4048 scripturarum
3232 3972 3428 4037 n0titia
3483 3986 3812 4039 monumen-

2210 4074 2391 4147 tisque
2444 4072 2676 4143 publicis
2717 4070 2933 4143 provisa
2959 4079 3064 4137 est.
3090 4069 3195 4135 nisi
3226 4074 3285 4123 υι
3311 4082 3380 4133 ex
3406 4064 3667 4134 lectione.
3691 4077 3816 4136 quae

2214 4182 2312 4237 per
2340 4168 2614 4231 silentium
2644 4165 2815 4234 forte,
2855 4173 2950 4225 aut
3000 4179 3099 4243 per
3149 4162 3373 4239 longum
3405 4169 3621 4235 tempus
3655 4201 3672 4227 ,
3723 4166 3819 4215 aut

2213 4274 2312 4330 per
2343 4260 2583 4330 ipsorum
2621 4266 2837 4323 actuum
2867 4254 3333 4317 continuationem
3363 4254 3545 4315 minus
3565 4252 3689 4324 capi
3730 4258 3822 4307 at-

2214 4367 2322 4422 que
2352 4352 2528 4417 minus
2555 4350 2781 4427 intelligi
2823 4357 3024 4423 potest,
3066 4355 3122 4411 et
3144 4363 3213 4407 ex
3236 4345 3480 4407 lectione
3522 4352 3581 4407 et
3603 4360 3674 4401 ex
3701 4345 3827 4416 ipso

2214 4444 2435 4509 assiduo
2461 4451 2689 4509 tractatu
2717 4441 3135 4517 possitagnosci,
3165 4439 3297 4517 quid
3324 4441 3397 4497 sit
3412 4438 3619 4510 judicio
3643 4438 3829 4499 venti-

503 4546 667 4607 mitus
696 4551 872 4621 gesta,
906 4518 1536 4613 tunc'respnudebimus.
1578 4536 1645 4595 Et
1672 4536 1782 4597 alia
1801 4550 1977 4597 inuita.
2003 4532 2111 4597 Pe~
2134 4518 2192 4581 ἲ)
2220 4535 2410 4601 latum.
2444 4535 2606 4595 Vides
2633 4549 2783 4613 ergo,
2818 4534 2913 4591 Vir
2937 4532 3160 4605 nobilis,
3184 4532 3331 4603 iusta
3354 4548 3456 4597 nos
3493 4532 3829 4607 deposcere,

501 4639 724 4699 tilianus
750 4638 1043 4715 episcopus
1066 4633 1378 4705 recognovi.

572 4731 637 4795 ‘21
663 4730 881 4807 Alypius
900 4730 1172 4802 episcapus
1202 4724 1454 4787 Ecclesia:
1494 4721 1765 4781 catholica
1794 4720 1951 4777 dixit.
2002 4717 2111 4777 Du-

501 4825 704 4887 bitatur
723 4838 853 4895 ergo
876 4823 961 4883 vel
983 4821 1051 4881 de
1072 4820 1180 4881 lide
1200 4818 1364 4877 ofﬁcii
1390 4856 1409 4885 ,
1441 4817 1530 4879 vel
1557 4816 1629 4879 do
1666 4814 1775 4879 ﬁde
1794 4811 2111 4887 custodum,

504 4917 571 4971 Et
600 4917 708 4973 alia
728 4932 905 4977 manu.
938 4912 1270 4986 Recognovi.

571 5010 663 5064 22.
697 5008 1032 5073 Marcellinus
1064 5007 1139 5065 uir
1166 5004 1489 5069 clarissimus
1522 5002 1756 5067 tribunus
1785 5010 1834 5067 ει
1874 4999 2109 5065 nomine

506 5106 656 5169 dixit.
688 5102 771 5167 Ad
797 5103 901 5167 hoc
914 5106 1074 5171 etiam
1091 5099 1443 5165 conseruisse.
1472 5100 1817 5161 sanctitatem
1843 5102 2109 5165 vestam.

503 5198 846 5273 superiorum
878 5205 1155 5273 actitatum
1186 5193 1320 5259 ﬁdes
1349 5190 1635 5257 evidenter
1654 5188 1916 5255 ostendit.

571 5298 666 5353 25.
682 5295 971 5357 Petilith
988 5293 1254 5363 episcopus
1276 5290 1429 5351 dixit.
1456 5288 1724 5361 Legamus
1739 5294 1795 5353 et
1815 5297 2104 5351 remetiar

501 5404 643 5451 mus.
669 5387 739 5449 Et
764 5387 873 5450 alia
890 5401 1068 5449 manu.
1095 5383 1168 5447 Ut
1193 5398 1379 5453 supra.
1689 5413 1694 5418 -

571 5481 666 5543 24.
691 5479 1033 5547 Marcellinus
1056 5478 1133 5537 uir
1159 5476 1479 5539 clarissimus
1534 5471 1769 5533 tribuam
1797 5479 1846 5527 et
1866 5468 2105 5531 notarius

502 5577 652 5633 dixit.
685 5577 753 5641 Et
775 5575 841 5637 de
869 5572 1189 5639 custodibus
1216 5568 1285 5633 ah
1312 5577 1544 5638 utraque
1564 5571 1725 5637 parte
1747 5560 2002 5630 delectis,
2044 5566 2106 5623 et

502 5671 570 5729 ad
598 5685 761 5741 quam
781 5678 993 5741 partem
1015 5664 1180 5731 fuerit
1214 5660 1381 5723 dilata
1410 5660 1676 5736 cognitio,
1702 5657 1779 5721 ob
1798 5654 1987 5725 stlido
2009 5667 2103 5723 ιβ’·

499 5766 713 5822 citetur.

2216 4645 2320 4703 nec
2348 4644 2444 4703 per
2476 4628 2759 4691 transitum
2789 4642 3011 4689 causam
3041 4625 3242 4683 debere
3268 4624 3549 4694 ventilari,
3580 4625 3682 4681 sed
3714 4624 3838 4681 edi-

2214 4723 2286 4789 tis
2314 4724 2479 4797 gestis
2505 4722 2557 4781 in
2587 4721 2839 4785 notitiam
2863 4728 3109 4781 nostram
3150 4717 3295 4774 datis
3324 4759 3347 4787 ,
3391 4718 3676 4781 universis
3707 4733 3837 4793 per-

2215 4816 2489 4882 tractatis,
2519 4828 2736 4870 causam
2764 4812 2964 4869 debere
2990 4824 3344 4884 cognoscere.
3387 4809 3458 4871 Et
3504 4810 3614 4873 alia
3642 4826 3831 4865 manu.

2219 4906 2291 4971 Ut
2311 4923 2492 4979 supra.

2290 5000 2381 5065 29.
2430 4998 2701 5065 Possidius
2739 4999 3009 5070 episcopus
3061 4995 3308 5061 Ecclesia:
3354 4996 3633 5055 catholica:
3675 4995 3837 5049 dixit.

2220 5094 2498 5165 Scriptum
2527 5101 2610 5148 est
2641 5109 2654 5155 ;
2685 5089 2771 5153 Ea;
2794 5089 3116 5161 multiloquio
3141 5105 3244 5143 non
3275 5087 3494 5167 eﬂugies
3532 5098 3832 5161 peccatum.

2221 5189 2340 5251 Hoc
2368 5190 2624 5259 quoniam
2643 5203 2744 5249 nos
2765 5198 2891 5249 ante
2910 5188 3099 5253 oculos
3115 5185 3405 5252 habemus.
3419 5184 3533 5248 Deo
3555 5184 3838 5261 inspiran-

2222 5292 2298 5357 te.
2328 5281 2544 5345 verbosi
2574 5281 2753 5345 videri
2778 5280 3051 5349 nolumus.
3075 5278 3282 5353 itaque,
3306 5277 3353 5343 si
3377 5276 3579 5353 placet,
3602 5272 3679 5330 ad
3704 5288 3839 5329 can.—

2220 5386 2337 5439 sam
2362 5375 2629 5442 veniatur,
2688 5388 2810 5451 qua:
2834 5373 3079 5449 proxime
3105 5371 3187 5451 agi
3229 5370 3439 5453 poterit
3467 5377 3527 5435 et.
3552 5366 3786 5435 deliniri
3817 5407 3834 5439 ι

2222 5467 2542 5533 moratorias
2596 5471 2782 5533 autem
2835 5463 3265 5535 prosecutiones.
3315 5458 3383 5525 Et
3431 5474 3553 5523 cunt
3604 5460 3831 5522 diceret.

2224 5556 2318 5635 (Et
2359 5560 2468 5623 alia
2505 5574 2680 5627 manu,
2718 5556 3079 5639 Recognoui.)
3125 5552 3466 5621 Marcellinus
3514 5552 3596 5615 vir
3639 5552 3837 5608 ctoris—

2221 5666 2334 5715 ηιικ
2376 5650 2606 5719 tribunus
2644 5660 2695 5719 βλ
2741 5647 2979 5721 notarius
3001 5647 3149 5713 didi.
3175 5644 3408 5731 Legatum
3443 5685 3458 5714 .
3509 5643 3658 5727 quod
3691 5658 3835 5719 pne-

2221 5758 2360 5814 cepi.
