4130 6170
332 252 467 308 1357

1291 250 1521 310 GEBTA
1556 245 2004 309 COLLATIONIS
2044 250 2725 322 CABTHAG‘INENSlS.

3533 293 3674 351 1558

396 366 489 423 30.
519 365 783 463 Enteritus
838 334 1105 440 episcopus
1130 368 1332 463 dixit:
1364 369 1529 463 sicut
1553 367 1622 424 de
1650 368 1920 463 scriptura
1945 368 2001 430 Α
2026 382 2093 424 ea
2131 384 2264 440 qua
2314 373 2488 463 vobis
2531 379 2600 436 ad
2644 378 3020 457 plenissimam
3056 389 3469 455 instructionem

326 458 632 527 proposuit,
656 459 920 528 scriptum
946 468 1033 515 est
1057 459 1214 516 nobis
1244 476 1261 513 :
1295 459 1563 530 Sapientia
1618 458 1915 515 abscondita

322 552 595 605 thesaurus
870 549 1004 618 Qua
1042 551 1241 608 utilitas
1279 552 1339 607 in
1388 551 1651 623 utraque?
1694 550 1762 607 Et
1804 549 1916 606 alia

322 658 506 700 manu.
529 642 802 701 Emeritos
825 643 1118 714 episcopus
1141 644 1455 716 recognovi.
1670 674 1677 679 ~

394 736 491 799 51.
521 734 794 799 Possidius
831 737 1104 809 episcopus
1158 736 1406 799 Ecclesia:
1456 736 1721 796 catholica
1764 736 1911 791 dixit.

2017 474 2156 518 cere
2186 460 2552 608 (fre-didistis,
2576 474 2843 531 hesterno
2871 476 2959 536 die
2981 480 3071 538 edi
3092 485 3270 555 vobis,
3301 490 3426 548 data
3456 460 3671 559 notaria

2017 560 2191 608 nostu
2215 562 2359 608 aus.

2016 560 2359 623 postulatis.

2097 646 2199 701 5⁸1.
2226 644 2538 708 Pontianus
2564 654 2841 752 episcopus
2866 661 3018 719 dixit.
3063 666 3258 728 Dicant
3312 687 3661 752 exceptores,

2019 744 2221 836 utrum
2254 754 2546 810 exponere
2578 763 2684 802 una
2706 749 2796 808 die
2823 759 3124 830 potuerint,
3151 766 3298 836 quod
3336 744 3561 834 una—die
3586 744 3665 834 vi:-

323 825 384 938 in
410 828 757 938 infimoquia
780 842 1077 899 umquam
1100 826 1208 889 fuit
1242 829 1533 901 sapientia.
1561 827 1633 887 Et
1656 829 1763 885 alia
1806 844 1918 884 uta-
2014 828 2202 938 deitir
2219 846 2353 938 esse
2370 836 2716 938 colu-fectum.
2748 825 2949 906 Elatia
2978 825 3258 917 manu-Ut
3286 825 3472 938 supra.

322 936 417 976 nu.
449 920 779 992 Becagnovi.

400 1017 490 1075 5%.
520 1014 780 1072 Martialis
806 1025 1053 1085 «apter
1077 1029 1142 1072 ex
1161 1014 1336 1073 cadica
1350 1015 1605 1073 recitavit.
1655 1013 1919 1078 Nobilius

320 1118 418 1164 tua
437 1108 601 1169 dixit.
624 1108 891 1177 Quoniam
906 1107 1022 1163 diei
1044 1121 1187 1178 parte
1210 1122 1432 1164 omnem
1457 1115 1668 1180 partem
1704 1113 1922 1164 constat

323 1215 627 1268 emensam,
655 1200 864 1256 idcirco
884 1210 1069 1256 utrum
1096 1215 1171 1256 ex
1197 1201 1475 1258 eonmuni
1518 1214 1792 1263 consensu
1814 1197 1922 1257 dif-

318 1292 452 1349 lerri
477 1292 758 1363 negotium
776 1291 1014 1362 placeat,
1058 1291 1362 1349 intimetur.
1418 1291 1495 1353 Ab
1544 1292 1776 1363 utrisque
1798 1307 1920 1364 par-

316 1383 458 1440 tibus
488 1385 834 1445 dictarunt:
864 1384 1083 1451 Placet,
1108 1384 1370 1456 quoniam
1399 1385 1512 1456 iam
1551 1386 1655 1443 iste
1701 1384 1818 1443 dies
1842 1384 1923 1444 vi-

314 1476 481 1539 detur
501 1491 777 1535 eum.
805 1476 1071 1537 Nobilitas
1125 1486 1220 1534 tua
1261 1478 1414 1539 dixit.
1469 1477 1531 1539 las
1563 1493 1729 1550 quem
1774 1478 1920 1535 diem

320 1568 438 1626 hare
466 1569 587 1641 ipsa
613 1570 1117 1642 conperendinatie
1148 1570 1459 1640 discretus.
1511 1586 1640 1642 pm
1696 1580 1923 1644 utraque

315 1661 587 1735 designet.
616 1664 838 1739 Alypius
862 1664 1135 1737 episcopus
1182 1663 1430 1727 Ecclesiae
1464 1665 1732 1728 manticae
1760 1665 1917 1721 dixit.

2103 920 2203 1023 se.
2222 924 2600 1023 flare-allium
2623 935 2705 990 uir
2730 938 3057 1004 clarissimus
3080 952 3318 1012 tribunus
3350 920 3405 1015 et
3424 920 3662 1023 notarius

2019 1014 2189 1126 dixit:
2219 1018 2597 1126 Exceptpres,
2627 1034 2808 1088 utrum
2844 1035 3111 1100 hesterno
3140 1046 3228 1103 die
3253 1014 3665 1126 omnia-pelue:

2019 1109 2142 1221 rint
2165 1112 2484 1221 nscltedis
2515 1126 2681 1221 gesta
2706 1125 2971 1221 describi,
3004 1137 3148 1206 apud
3182 1148 3301 1198 acta
3349 1109 3657 1221 designent

2024 1200 2301 1301 hlartialt's
2329 1215 2601 1301 exceptor
2625 1216 2775 1274 dixit.
2806 1222 2996 1280 Adhuc
3017 1200 3227 1297 partem
3271 1235 3327 1290 in

2018 1297 2314 1400 habemus.
2334 1299 2667 1400 _Siquidem
2706 1313 2872 1371 etiam
2908 1318 2949 1373 ii
2979 1321 3220 1396 episcOpi
3245 1330 3338 1400 qui
3369 1333 3530 1393 nobis

2022 1391 2211 1450 stodes
2238 1393 2350 1450 dati
2374 1400 2543 1461 sunt,
2569 1414 2680 1457 non
2704 1407 2973 1465 nesciant.

2092 1485 2185 1542 59.
2221 1485 2536 1580 Politianus
2559 1494 2839 1566 episcopus
2875 1501 3026 1557 dixit.
3070 1504 3295 1580 Accepit
3341 1511 3651 1575 sublimitas

2024 1584 2114 1632 tua
2144 1593 2213 1634 ex
2258 1579 2637 1655 responsione
2672 1588 2865 1658 oliicil,
2903 1602 3021 1649 acta
3061 1596 3240 1653 adhuc
3281 1600 3493 1674 digesta
3536 1625 3645 1665 non

2024 1688 2147 1730 esse
2172 1674 2227 1731 in
2251 1674 2506 1748 paginas,
2537 1695 2643 1737 nec
2664 1697 2787 1740 esse
2814 1687 2959 1756 quod
2990 1704 3117 1758 pars
3139 1702 3369 1766 utraque
3392 1698 3542 1771 legat
3564 1712 3647 1759 at.

318 1756 475 1863 sicut
496 1756 681 1821 edicto
696 1757 960 1864 nobili-tas
988 1766 1079 1864 tua
1102 1757 1456 1864 praescripsit,
1488 1759 1733 1821 erasum)
1752 1760 1922 1864 inter-
1949 1759 1997 1820 Β
2025 1781 2131 1837 que
2151 1777 2464 1837 recenseat,
2495 1786 2599 1828 nec
2629 1772 2747 1830 dari
2775 1785 2869 1832 aut
2910 1756 3158 1838 revocari
3184 1756 3477 1847 memoria;
3503 1756 3641 1864 pau-

318 1851 493 1915 misso
514 1862 738 1925 prepter
758 1854 1185 1925 descriptionem
1216 1855 1541 1919 ωιωιιπυω
1570 1896 1587 1925 ,
1634 1856 1916 1927 perendie,

318 1946 367 2009 si
390 1947 667 2017 praecipis,
692 1946 1070 2013 observemus.
1107 1948 1401 2009 Mandatus
1452 1949 1722 2025 episcopus

322 2037 500 2099 Etiam
529 2053 631 2097 nos
669 2040 1039 2101 consentimus
1060 2047 1123 2103 ut
1153 2038 1456 2110 perendino
1504 2038 1599 2103 die
1640 2041 1922 2113 nmium

320 2140 633 2204 peragatur.
663 2132 921 2195 Nobilitas
961 2142 1051 2193 tua
1098 2135 1251 2193 dixit.
1304 2133 1459 2199 ﬁicut
1504 2133 1749 2205 partibus
1805 2134 1921 2206 piae

316 2228 475 2297 cuit.
520 2229 819 2298 perendino
864 2231 957 2293 die
1003 2232 1285 2302 negotium
1325 2239 1620 2302 repetetur.
1674 2228 1748 2291 Et
1801 2247 1920 2291 cum

318 2321 609 2388 recitasset.
646 2319 987 2382 Her-callium
1007 2324 1082 2381 tu'r
1112 2324 1433 2383 clarissim
1459 2322 1694 2383 tribunus
1731 2334 1781 2379 et
1828 2340 1924 2385 ua-

322 2414 491 2475 tarius
510 2412 668 2473 dixit.
708 2414 865 2479 Videt
891 2416 1153 2479 sanctitas
1206 2424 1386 2476 vestra
1434 2422 1627 2475 contra
1671 2416 1923 2488 proprios

323 2520 426 2569 vos
453 2507 642 2570 venire
674 2523 786 2569 non
832 2523 993 2579 posse
1036 2522 1369 2571 consensus.
1418 2506 1577 2569 Unde
1623 2522 1787 2567 causa
1836 2508 1924 2569 di-

321 2606 499 2654 catur.

393 2690 483 2753 55.
516 2689 776 2753 Emeritus
813 2694 1086 2769 episcopus
1112 2692 1263 2749 dixit.
1298 2690 1412 2748 Non
1452 2690 1589 2751 adeo
1631 2692 1920 2749 immemo-

314 2799 410 2847 res
435 2798 625 2840 sumus
648 2791 918 2841 utcontra
959 2796 1145 2849 nostra
1176 2784 1496 2839 veniamus:
1538 2799 1641 2840 nec
1683 2799 1786 2856 ego
1832 2784 1921 2841 hic

320 2877 586 2939 incuriam
612 2876 773 2933 officii
798 2886 891 2935 aut
910 2888 1262 2953 exceptorum
1293 2875 1675 2949 negligentiam
1695 2876 1916 2942 damno,

321 2966 411 3037 ubi
438 2971 684 3047 intelligo
702 2971 1018 3047 prolixitate
1048 2981 1328 3043 gestorum
1358 2967 1468 3042 [ad]
1501 2966 1645 3029 diem
1692 2967 1921 3024 minime

321 3081 613 3131 occurrere
642 3067 913 3138 patuisse.
946 3066 1104 3141 Quod
1132 3065 1177 3122 si
1211 3065 1407 3120 tactum
1438 3072 1521 3119 est
1543 3104 1558 3129 ,
1609 3070 1665 3118 et
1688 3061 1913 3137 explici-

2020 1859 2196 1916 lulum
2226 1862 2420 1933 possit.
2448 1862 2691 1923 Proinde
2719 1869 3025 1929 sublimitas
3064 1881 3192 1945 tua,
3222 1859 3521 1949 quoniam-
3549 1904 3640 1945 res

2026 1951 2254 2010 honesta
2282 1957 2626 2027 postulatur,
2679 1960 2863 2034 largiri
2906 1965 3164 2038 dignetur
3196 1975 3344 2042 quod
3375 1979 3638 2049 petimus,

2025 2056 2085 2104 ut
2118 2056 2272 2122 gesta
2314 2065 2379 2106 ex
2413 2065 2567 2109 more
2594 2052 2846 2112 edantur.
2884 2057 3159 2131 Legamus
3204 2072 3267 2120 ut
3302 2072 3641 2141 respondere

2025 2142 2320 2211 possimus.
2354 2141 2426 2211 Et
2454 2144 2564 2200 alia
2593 2162 2772 2203 manu.
2814 2148 3114 2211 Petilianus
3153 2156 3450 2234 episcopus
3482 2180 3638 2222 reco-

2024 2234 2205 2303 gnovi.

2097 2325 2187 2382 40.
2219 2325 2440 2397 Alypius
2461 2327 2729 2399 episcopus
2754 2329 3007 2390 Ecclesiae
3025 2335 3298 2396 catholica:
3318 2344 3474 2403 dixit.
3490 2347 3641 2406 Lon-

2025 2416 2210 2489 gitudo
2275 2424 2552 2487 gestorum
2599 2420 2768 2492 magis
2809 2422 2864 2476 in
2903 2437 3131 2482 numero
3174 2438 3230 2485 et
3268 2440 3635 2507 responsione

2024 2510 2308 2605 utriusque
2343 2509 2513 2605 partis
2554 2512 2936 2585 episcoporum
2974 2527 3087 2586 est,
3137 2536 3301 2593 quam
3348 2528 3404 2585 in
3453 2533 3636 2605 aliqua

2024 2602 2496 2660 commendatione
2523 2606 2747 2678 negotii.
2769 2607 2912 2664 Nihil
2932 2624 3068 2683 ergo
3090 2621 3175 2669 est
3199 2618 3347 2675 unde
3377 2602 3634 2681 causetur

2025 2710 2153 2767 pars
2201 2696 2413 2790 diversa
2437 2736 2462 2763 ,.
2507 2708 2600 2755 aut
2626 2699 2787 2759 hodie
2815 2705 3051 2775 cognitio
3080 2706 3370 2769 differatur
3397 2733 3414 2783 ;
3441 2721 3637 2790 praeci-

2024 2803 2131 2860 pue
2151 2788 2273 2859 quia
2304 2789 2464 2846 etiam
2494 2790 2595 2862 ipsi
2628 2794 2861 2864 professi
2888 2808 3015 2853 sunt
3035 2799 3105 2857 ad
3130 2788 3464 2871 hodiernum
3489 2814 3633 2871 diem

2023 2881 2379 2940 diﬂ‘erendum
2431 2899 2553 2941 esse
2589 2888 2888 2959 negotium.
2946 2890 3017 2947 Et
3060 2894 3170 2951 alia
3229 2916 3415 2961 manu.
3457 2906 3637 2971 Reco-

2022 2977 2205 3051 gnovL

2094 3071 2186 3125 41.
2212 3067 2550 3127 Marcellinus
2577 3073 2656 3127 vir
2684 3074 3006 3133 clarissimus
3028 3078 3265 3138 tribunus
3305 3095 3359 3141 et
3399 3094 3634 3150 notarius

322 3162 389 3223 tis
415 3160 668 3225 omnibus
697 3169 847 3237 gesta
878 3177 969 3225 res
1009 3166 1124 3231 est,
1159 3174 1258 3215 cur
1294 3173 1404 3219 non
1438 3155 1491 3211 in
1528 3156 1775 3212 notitiam
1819 3170 1919 3212 no-
1942 3151 1989 3215 C
2024 3161 2175 3216 dixit.
2209 3160 2498 3218 Utiterum
2526 3165 2771 3233 partibus
2794 3167 3078 3227 evidenter
3127 3186 3416 3249 appareat,
3468 3199 3633 3247 vene-

312 3268 488 3323 ,stt'am
512 3273 635 3331 quae
654 3265 778 3321 acta
808 3268 937 3319 sunt
956 3253 1498 3335 perferuutur?Gum
1528 3252 1673 3313 enim
1704 3268 1768 3313 ea
1797 3268 1918 3329 quae

315 3352 575 3415 nobilitas
607 3360 696 3406 tua
725 3350 1185 3423 recenserijussit
1210 3348 1284 3409 ab
1320 3344 1503 3407 ofﬁcio
1534 3344 1733 3407 fuerint
1786 3360 1918 3403 ven—

319 3444 501 3508 tilata,
544 3457 771 3499 necesse
803 3456 858 3500 ut
890 3444 1130 3515 acceptis
1167 3439 1436 3504 universis
1475 3449 1702 3499 tractent
1731 3437 1914 3499 discu-

308 3532 776 3606 liamquequibns
818 3536 999 3597 causis
1034 3535 1301 3607 quibusve
1340 3531 1516 3593 modis
1553 3530 1782 3591 debeam
1829 3545 1916 3586 re-

307 3628 610 3709 spondere.
639 3626 866 3691 Tantam
899 3629 1097 3691 etenim
1130 3643 1197 3689 es
1222 3624 1486 3689 mandato
1528 3623 1745 3685 illorum
1780 3637 1913 3683 con-

310 3721 584 3778 fusionem
610 3734 789 3775 causa:
818 3734 943 3775 esse
966 3719 1224 3799 cognovi,
1247 3726 1309 3777 ut
1337 3716 1479 3778 etde
1506 3715 1796 3791 praeteritis
1830 3714 1913 3775 in-

310 3813 449 3871 strui
476 3810 704 3867 debeam
730 3853 743 3879 ,
766 3819 825 3873 ct
861 3825 1153 3891 agnoscam
1193 3808 1263 3864 de
1300 3807 1660 3885 prmsentibus
1699 3805 1784 3860 cui
1823 3805 1911 3860 de-

303 3905 470 3967 beam
520 3902 871 3981 respondere.
917 3900 987 3965 Et
1017 3902 1125 3957 alia
1184 3915 1363 3959 manu.
1427 3896 1701 3953 Etneritus
1752 3910 1911 3952 reco-

308 3995 494 4079 gnovL

382 4088 473 4145 '54.
504 4084 844 4142 Marcellinus
868 4085 945 4140 uir
969 4084 1286 4141 clarissimus
1309 4081 1540 4137 tribunus
1577 4090 1626 4135 et
1673 4079 1906 4135 notarius

310 4182 462 4243 dixit.
490 4181 643 4238 Licet
671 4181 943 4254 professio
964 4179 1269 4236 sanctitatis
1291 4185 1488 4232 vestrae
1504 4174 1617 4229 sola
1645 4171 1900 4237 sufficiat,

315 4284 495 4330 tamen
519 4272 779 4346 quidquid
811 4270 961 4327 vobis
983 4270 1050 4326 ad
1078 4268 1489 4325 instructionem
1532 4264 1903 4339 plenissimam

308 4365 619 4428 credidistis
650 4381 808 4437 posse
830 4363 1105 4431 sufficere,
1140 4362 1397 4417 hesterna
1418 4359 1505 4416 die
1523 4368 1578 4414 et
1598 4358 1903 4429 poswlasse

2021 3253 2270 3310 rabillum
2293 3254 2531 3311 virorum
2561 3257 2741 3314 denuo
2762 3261 3034 3332 professio
3056 3268 3340 3327 recitetur.
3405 3272 3629 3335 Petilia-

2021 3364 2118 3403 nus
2140 3348 2411 3420 episcOpus
2434 3349 2587 3404 dixit.
2612 3349 2770 3408 Unde
2797 3355 3113 3412 recitabitur
3129 3358 3156 3412 τ
3182 3340 3251 3415 Ei
3278 3364 3390 3419 alia
3440 3385 3619 3427 manu.

2019 3439 2089 3497 Ut
2115 3456 2300 3512 supra.
2331 3441 2610 3498 Montanus
2626 3446 2899 3516 episcopus
2937 3449 3089 3504 dixit.
3124 3450 3202 3513 De
3226 3454 3433 3516 scheda
3458 3464 3620 3522 nobis

2015 3533 2298 3590 recitetur.
2330 3532 2402 3588 Et
2426 3534 2533 3589 alia
2555 3551 2732 3590 manu.
2760 3535 2833 3597 Ut
2861 3553 3045 3610 supra.
3276 3554 3283 3561 '

2088 3628 2178 3683 42.
2209 3627 2548 3683 Marcellinus
2568 3631 2647 3684 vir
2670 3631 2989 3688 clarissimus
3036 3636 3272 3697 tribunus
3298 3649 3350 3695 et
3378 3645 3614 3709 notarius

2015 3717 2168 3772 dixit.
2202 3718 2343 3790 Ergo
2367 3735 2489 3790 qua:
2513 3721 2788 3778 codicibus
2816 3733 3069 3781 tenentur
3090 3727 3315 3801 inserta,
3347 3710 3615 3797 eumtan-

2016 3808 2057 3863 ti
2081 3810 2391 3866 sacerdotes
2412 3812 2665 3870 custodes
2688 3817 2921 3886 appositi
2951 3817 3180 3891 fuerint,
3228 3822 3282 3880 in
3315 3826 3611 3891 dubitatio-

2012 3916 2138 3964 nem
2160 3902 2394 3973 aliquam
2424 3903 2736 3961 existimant
2758 3907 3067 3967 devocanda
3090 3913 3114 3967 ἲ

2082 3995 2172 4057 45.
2204 3993 2497 4052 Petilianus
2523 3998 2790 4070 episcopus
2815 4001 2968 4058 dixit.
2993 4003 3161 4063 Notas
3187 4020 3295 4064 non
3320 4014 3602 4084 novimus;

2008 4104 2189 4160 neque
2214 4104 2279 4145 ea
2301 4101 2493 4153 natura
2547 4108 2724 4157 rerum
2756 4102 2863 4162 est,
2916 4105 3078 4167 atque
3106 4099 3369 4170 ipsarum,
3429 4116 3488 4161 ut
3531 4110 3603 4166 ita

2008 4180 2243 4241 dixerim
2271 4181 2594 4247 litterarum,
2620 4191 2677 4237 ut
2697 4185 2980 4255 quisquam
3007 4198 3164 4244 notas
3190 4190 3333 4262 legat
3369 4196 3598 4255 alienas.

2006 4273 2066 4330 in
2093 4273 2371 4331 codicibus
2412 4274 2596 4349 legere
2630 4291 2740 4335 non
2783 4292 3091 4346 possumus.
3124 4282 3239 4340 Nisi
3292 4288 3435 4344 edita
3488 4293 3605 4351 fue-

2006 4367 2116 4422 rint
2142 4375 2294 4443 gesta
2326 4368 2379 4423 in
2405 4366 2634 4439 paginis,
2663 4383 2771 4424 non
2804 4368 2979 4426 habeo
3018 4373 3163 4449 quod
3193 4384 3443 4450 tractem,
3491 4400 3600 4442 non

308 4458 472 4539 292
504 4472 598 4513 vos
618 4468 673 4515 et
699 4457 978 4528 accepisse
1008 4472 1123 4512 non
1148 4455 1373 4512 dubium
1424 4460 1526 4510 est.
1559 4450 1715 4508 Unde
1756 4465 1900 4515 nunc
1923 4532 1970 4545 __
2004 4458 2181 4517 habeo
2206 4459 2350 4532 quod
2380 4459 2575 4532 legam.
2620 4457 2690 4517 Et
2744 4461 2851 4516 alia
2877 4478 3055 4520 manu.
3098 4464 3169 4523 Ut
3211 4485 3393 4545 supra.
3452 4474 3601 4533 Mar.

307 4548 378 4604 ad
405 4563 583 4605 causa:
611 4549 865 4606 meritum
895 4549 1162 4605 veniatur.

377 4648 466 4713 55.
498 4648 786 4709 Petilianus
811 4651 1085 4722 episcOpus
1112 4646 1265 4703 dixit.
1296 4642 1548 4705 Advertit
1592 4639 1898 4697 sublimitas

304 4748 396 4796 tua
424 4751 775 4812 exceptorem
804 4757 872 4798 ex
895 4741 1173 4797 codicibus
1196 4739 1396 4810 legisse
1421 4733 1553 4809 quid
1582 4732 1898 4790 nudiuster-

306 4831 449 4893 tiana
475 4834 563 4889 die
584 4835 666 4890 vel
692 4834 1022 4911 promissum
1046 4832 1209 4888 fuerit
1232 4831 1317 4886 vel
1346 4828 1776 4901 pronuntiatum.
1816 4826 1894 4880 Ex

302 4938 407 4995 qua
434 4939 496 4981 re
516 4926 684 4997 magis
699 4940 936 4998 agnosco
958 4933 1076 4982 acta
1098 4922 1276 4980 adhuc
1293 4920 1540 4993 esposita
1571 4935 1679 4976 non
1705 4918 1891 4974 fuisse.

302 5018 457 5087 Quod
488 5021 533 5075 si
555 5020 801 5097 exposita
835 5028 1035 5087 suntet
1064 5028 1249 5095 parata
1270 5060 1285 5089 ,
1323 5016 1466 5079 idem
1512 5022 1773 5086 exceptor
1806 5027 1895 5069 re-

301 5112 586 5183 spondeat.
616 5113 862 5175 Prol'erat
882 5123 1053 5187 gesta.
1080 5110 1395 5179 Subscribe,
1416 5119 1725 5166 tractamus
1752 5149 1765 5175 ,
1796 5123 1893 5179 po-

298 5214 415 5265 stea
442 5209 858 5279 respondemus.
884 5206 955 5262 Et
973 5205 1577 5269 aliamanu.Petiliauus
1605 5203 1894 5277 episcopus

297 5301 612 5382 recognovi.

369 5393 462 5450 ‘56.
494 5391 833 5451 Marcellinus
861 5393 937 5449 vir
963 5393 1281 5451 clarissimus
1327 5390 1559 5455 tribunus
1584 5399 1631 5446 et
1658 5386 1891 5447 notarius

295 5489 447 5549 dixit.
480 5486 725 5542 Studium
753 5486 1034 5553 dilationis
1060 5488 1327 5565 agnoseo,
1357 5493 1412 5539 et
1432 5491 1656 5549 mutata:
1695 5480 1891 5537 volun-

296 5583 425 5638 tatis
451 5580 727 5639 indicium.
778 5583 1038 5638 Potuerat
1086 5580 1233 5641 enim
1287 5579 1547 5635 sanctitas
1592 5584 1771 5639 vestra
1823 5588 1891 5629 ex

290 5672 668 5745 magnitudine
718 5684 995 5746 gestorum
1025 5713 1039 5741 ,
1084 5680 1145 5727 ut
1188 5670 1350 5727 hodie
1400 5670 1672 5742 negotium
1708 5666 1893 5724 differ-

295 5776 448 5823 retur
473 5767 742 5840 superiori
770 5767 975 5838 judicio
1005 5765 1300 5837 postulare.
1342 5763 1460 5821 lluc
1500 5762 1715 5819 additur
1745 5759 1913 5831 quod

1922 4532 1977 4594 Ῑ)
2002 4552 2217 4610 cellinus
2247 4555 2325 4609 vir
2350 4552 2671 4611 clarissimus
2711 4554 2945 4610 tribunus
2982 4566 3028 4612 et
3072 4532 3301 4618 notariu;
3324 4563 3475 4621 dixit.
3530 4532 3604 4626 Ut

2002 4649 2205 4706 dictum
2227 4658 2343 4720 est,
2376 4649 2569 4707 iterum
2613 4648 3005 4709 venerabilium
3046 4653 3289 4710 virorum
3330 4659 3599 4729 professio

2000 4743 2278 4801 recitetur.
2798 4784 2801 4793 .
2926 4752 2931 4757 ‘

2073 4835 2164 4891 44.
2191 4834 2452 4891 Martialis
2482 4845 2722 4907 exceptor
2743 4853 2808 4892 ex
2831 4836 3005 4893 codice
3019 4838 3205 4894 iterant
3223 4851 3463 4900 natarum
3492 4847 3596 4922 [re.

2000 4928 2193 4987 citavit.
2229 4927 2490 4983 Nobilitas
2516 4926 2625 5001 tua]
2649 4928 2800 4983 dixit.
2831 4928 3093 4997 Quoniam
3138 4930 3247 4989 diei
3300 4948 3438 5005 pene
3475 4922 3593 4997 om-

1999 5036 2123 5079 nem
2149 5028 2354 5092 partem
2375 5029 2586 5076 constat
2607 5035 2905 5085 emensam,
2927 5019 3329 5080 idcirco'utrum
3355 5041 3422 5084 ex
3442 5043 3591 5088 com-

1999 5112 2151 5173 muni
2185 5125 2452 5168 consensu
2488 5110 2693 5167 differri
2733 5111 3005 5181 negotium
3041 5112 3253 5183 placeat
3284 5115 3586 5190 intimetur,

1998 5204 2076 5259 Ab
2106 5204 2337 5274 utrisque
2365 5202 2596 5274 partibus
2619 5200 2819 5255 dictum
2841 5212 2935 5255 est.
2968 5203 3173 5273 Placet,
3206 5210 3458 5277 quoniam
3475 5212 3589 5282 jam

1994 5295 2102 5352 iste
2139 5294 2258 5350 dies
2300 5293 2515 5350 videtur
2552 5306 2829 5349 emensus.
2879 5291 3141 5350 Nobilitas
3187 5306 3278 5352 tua
3325 5299 3476 5355 dixit.
3530 5301 3588 5359 In

1996 5403 2157 5462 quem
2212 5386 2357 5442 diem
2398 5385 2518 5442 htec
2558 5385 2674 5456 ipsa
2712 5386 3213 5455 comperendinatio
3257 5389 3538 5450 differatur
3568 5439 3583 5463 ,

1996 5464 2123 5561 pars
2161 5491 2389 5553 utraque
2427 5478 2696 5557 designet.
2746 5477 2966 5551 Alypius
3014 5483 3288 5553 episcopus
3340 5482 3589 5540 Ecclesia:

1995 5576 2263 5632 catholicae
2286 5572 2442 5639 dixit.
2477 5573 2631 5628 Sicut
2671 5569 2849 5627 edicto
2898 5572 3152 5629 nobilitas
3180 5581 3269 5627 tua
3301 5576 3587 5645 prazscrip-

1995 5668 2086 5734 sit,
2115 5668 2350 5729 crastino
2378 5664 2691 5721 intermisso
2718 5672 2939 5735 propter
2958 5665 3378 5733 descriptionem
3418 5666 3582 5723 sche-

1993 5759 2207 5828 darum,
2238 5758 2523 5829 perendie,
2555 5758 2597 5816 sl
2623 5757 2894 5829 praecipis,
2921 5755 3291 5815 observemus.
3345 5756 3587 5819 Adeoda.
