4130 6170
539 279 677 338 1559

1465 265 1693 327 GESTA
1730 258 2181 324 COLLATIONIS
2216 255 2844 317 CARTHAGINENSIS.

3700 246 3853 308 1560

543 404 623 447 tus
649 390 921 461 episcOpus
945 385 1093 441 dixit.
1121 382 1297 439 Etiam
1332 395 1433 437 nos
1471 380 1842 437 consentimus
1875 419 1891 443 ,
1943 384 2003 432 ut
2040 391 2135 446 pe-
2161 377 2214 436 A
2234 374 2376 444 justa
2410 374 2568 430 nobis
2595 374 2904 429 nullatenus
2935 367 3288 440 denegentur.
3321 365 3390 420 Et
3409 364 3517 420 alia
3541 380 3716 419 manu.
3747 365 3860 419 Pc-

544 483 734 540 rendie
758 480 1028 550 negotium
1055 483 1361 548 peragatur.
1399 475 1704 530 Sublimitas
1721 483 1810 527 tua
1838 471 1992 524 dixit.
2020 468 2139 527 Sic-

545 584 607 631 ut
637 573 875 644 partibus
899 570 1118 641 placuit,
1154 567 1451 638 perendino
1481 567 1569 622 die
1602 565 1878 636 negotium
1930 571 2140 632 repete-

547 680 654 725 tur.
711 667 932 722 Etcum
996 665 1274 732 recitasset,
1327 662 1612 718 Petilianus
1653 661 1923 733 episcOpus
1981 659 2136 712 dixit.

545 763 701 822 Unde
725 762 886 834 legit?

615 854 705 910 45.
739 851 1084 907 Marcellinus
1111 850 1189 905 vir
1215 849 1530 905 clarissimus
1578 851 1813 903 tribunus
1834 856 1881 902 et
1906 845 2141 901 notarius

548 946 704 1000 dixit.
738 944 878 1012 Quid
900 959 1061 1014 super
1091 942 1193 998 hac
1221 952 1376 1013 parte
1399 942 1574 1012 legum
1606 940 1678 996 sit
1702 939 2024 993 auctoritate
2049 935 2146 990 de-

545 1037 789 1104 finitum,
826 1036 1169 1091 sanctitatem
1223 1043 1458 1090 vestram
1505 1033 1741 1086 arbitror
1792 1046 1898 1085 non
1950 1029 2140 1092 latere,

545 1146 668 1187 cum
694 1142 883 1186 contra
927 1128 1175 1198 pr0prios
1229 1141 1334 1182 non
1381 1126 1543 1180 liceat
1593 1123 1779 1178 venire
1820 1134 2140 1177 consensus.

549 1222 726 1289 Unde,
750 1237 820 1278 ne
841 1236 943 1291 qua
992 1219 1130 1274 forte
1181 1218 1251 1274 de
1294 1215 1678 1288 exceptoribus
1731 1213 1894 1270 ofﬁcii
1953 1211 2145 1266 fraude

547 1316 788 1386 suspeeti
820 1314 948 1381 sint,
977 1328 1042 1368 ex
1066 1310 1264 1366 tabulis
1289 1311 1621 1365 notariorum
1643 1303 2143 1362 ecclesiasticorum

550 1409 667 1465 haec
688 1409 877 1464 eadem
907 1405 1146 1462 conditio
1174 1404 1465 1475 relegatur.

619 1502 712 1559 46.
740 1501 1004 1555 Emerita:
1024 1499 1295 1568 episcopus
1339 1496 1492 1549 dixit.
1518 1491 1953 1564 lngrediemibus
1989 1487 2146 1542 nobis

547 1595 802 1652 nobilitas
827 1603 920 1648 tua
941 1590 1180 1647 interfari
1214 1589 1432 1659 dignata
1461 1597 1564 1650 est,
1604 1585 1650 1640 si
1677 1583 1870 1640 edictis
1899 1580 2145 1651 proposi-

550 1692 620 1746 tis
645 1689 1030 1745 adhiberemus
1057 1699 1358 1750 assensum,
1393 1691 1448 1737 et
1489 1692 1670 1736 utrum
1716 1675 2147 1746 subscriptiones

550 1795 764 1843 nostras
792 1780 1330 1839 accommodaremus
1375 1767 1610 1847 propriis
1650 1769 2139 1842 prosecutionibus.
2174 1775 2221 1835 Β

549 1877 649 1933 Cui
677 1878 754 1933 rei
784 1875 1143 1936 satisfaciam,
1203 1888 1309 1924 non
1359 1868 1610 1923 adverto.
1641 1865 1812 1919 Tenet
1865 1877 1953 1916 me
1999 1859 2146 1914 enim

553 1970 892 2043 propositum
947 1964 1246 2020 nobilitatis
1274 1972 1402 2026 tute,
1431 1975 1539 2030 quo
1563 1973 1652 2013 me
1692 1952 2147 2022 subscriptionem

554 2063 746 2118 indere
767 2059 956 2131 gestis,
988 2067 1043 2112 et
1070 2055 1322 2110 universa
1349 2067 1470 2122 qua:
1489 2050 1701 2119 publice
1729 2056 1847 2100 acta
1873 2053 2018 2108 sunt,
2051 2058 2150 2112 pu-

553 2155 694 2209 blice
717 2150 945 2223 proponi
971 2146 1290 2219 promisisti.
1338 2143 1489 2198 Nunc
1538 2151 1716 2196 autem
1753 2152 1921 2209 cogor
1965 2150 2146 2206 agere,

550 2254 606 2300 et
632 2253 758 2299 ante
783 2242 1110 2313 agnitionem
1146 2247 1420 2308 gestorum
1471 2233 1524 2288 in
1578 2231 1854 2302 negotium
1895 2226 2149 2299 przecipi-

551 2338 671 2392 lari.
695 2335 828 2402 Quae
857 2335 957 2389 ista
1007 2331 1180 2387 sunt?
1233 2328 1372 2396 Quid
1421 2326 1654 2394 primum
1691 2324 1889 2393 eligam
1915 2321 2100 2376 nescio
2129 2361 2147 2388 ,

549 2428 693 2501 quod
724 2436 907 2482 votum
938 2435 1148 2480 tuorum
1182 2422 1511 2493 judiciorum
1559 2427 1770 2475 teneam
1817 2432 1922 2471 non
1986 2429 2153 2486 agno-

549 2539 665 2580 sco.
692 2523 747 2579 Si
781 2519 1232 2576 subscribendum
1265 2524 1349 2570 est
1378 2515 1622 2586 paginae;
1655 2511 1850 2566 edatur
1873 2509 2061 2580 pagina
2091 2515 2154 2563 ut

553 2615 820 2672 subscribi
863 2614 1052 2684 possit.
1083 2612 1140 2668 Si
1173 2610 1328 2678 hujus
1374 2608 1453 2663 rei
1493 2616 1576 2662 est
1627 2604 1883 2660 facienda‘
1913 2603 2148 2673 jactura,

553 2709 789 2766 edictum
822 2715 971 2760 tuum
995 2718 1159 2760 omne
1184 2700 1454 2757 vacillabit
1481 2716 1495 2765 ;
1534 2698 1793 2768 quidquid
1823 2694 2151 2766 proposuisti

557 2801 610 2856 in
639 2801 910 2872 publicam
952 2795 1342 2852 conscientiam
1382 2792 1712 2847 destruetur.
1769 2789 1958 2843 Dixisti
2005 2786 2151 2840 enim

555 2908 625 2950 ex
653 2888 1050 2960 subscriptione
1076 2895 1262 2943 nostra
1293 2893 1346 2940 et
1377 2900 1442 2939 ex
1472 2880 1820 2940 sublimitatis
1852 2889 1956 2934 tua:
1984 2877 2154 2932 adno-

555 2987 760 3040 tatione
787 2991 986 3039 cuncta
1008 2997 1130 3052 qua:
1152 2987 1302 3050 gesta
1323 2984 1451 3032 sunt
1493 2976 1546 3030 in
1583 2974 1834 3028 notitiam
1879 2969 2150 3040 publicam

554 3080 753 3136 debere
777 3077 1004 3133 deferri.
1036 3074 1196 3130 Prius
1225 3082 1307 3128 est
1330 3086 1460 3143 ergo
1488 3078 1547 3125 ut
1582 3083 1645 3124 ea
1665 3083 1787 3138 qua:
1826 3074 1976 3136 gesta
2031 3068 2154 3118 sunt

552 3173 873 3236 recitentur,
908 3180 964 3226 et
992 3169 1335 3241 publicentur
1367 3207 1383 3234 ,
1435 3175 1490 3220 et
1535 3170 1927 3234 agnoscantur,
1976 3166 2035 3212 ut
2086 3171 2150 3211 ex
2182 3167 2228 3231 ρ

551 3267 759 3338 judicio
783 3277 888 3320 tute
912 3262 1264 3320 sublimitatis
1292 3259 1359 3314 ad
1387 3268 1582 3314 caetera
1620 3269 1740 3326 qure
1786 3261 1913 3307 sunt
1957 3248 2159 3320 negotii

554 3361 826 3416 veniatur.
862 3356 929 3411 Et
971 3357 1078 3411 alia
1119 3370 1298 3408 manu.
1345 3351 1615 3406 Emeritus
1667 3347 1954 3417 episcopus
2001 3357 2158 3399 reco‘

549 3450 753 3522 gnovi.i

627 3543 720 3598 47.
771 3539 1106 3594 Marcellinus
1149 3536 1226 3590 vir
1265 3532 1579 3589 clarissimus
1605 3529 1837 3584 tribunus
1859 3537 1906 3582 et
1927 3527 2158 3582 notarius

559 3635 709 3690 dixit.
734 3632 890 3691 Sicut
916 3631 1273 3687 interlocutus
1299 3641 1439 3690 sum,
1481 3624 1549 3678 ab
1585 3621 1968 3679 ecclesiasticis
2006 3627 2159 3674 nota-

553 3732 652 3786 riis
675 3745 738 3786 ea
763 3745 884 3801 qua:
915 3727 984 3784 ab
1008 3722 1392 3795 exceptoribus
1419 3717 1588 3776 officii
1608 3715 1833 3773 recitata
1855 3721 2003 3782 sunt,
2035 3727 2158 3784 per-

557 3832 870 3879 currantur.

631 3913 722 3969 48.
754 3911 1043 3968 Petilianus
1068 3909 1339 3978 episcopus
1361 3905 1512 3960 dixit.
1536 3903 1688 3958 Tene
1736 3899 1952 3954 modum
1981 3906 2155 3962 tuum,

559 4005 642 4059 vir
668 4003 868 4059 nobilis
901 4017 916 4067 ;
978 4011 1103 4055 tene
1156 3996 1479 4066 promissam
1532 4006 1677 4062 saepe
1711 3990 1999 4061 justitiam.
2026 3987 2157 4042 Nam

559 4115 684 4156 cum
713 4113 743 4152 a
776 4105 929 4167 parte
955 4103 1142 4149 nostra
1169 4086 1600 4144 nudiustertiana
1626 4083 1715 4139 die
1749 4082 1937 4137 fuisset
1975 4079 2163 4149 objec-

560 4201 698 4257 tum,
725 4188 871 4261 quod
897 4188 1017 4242 dies
1041 4184 1314 4255 legitimus
1343 4195 1522 4236 causa:
1548 4177 1660 4248 jam
1690 4175 1968 4232 videretur
1996 4173 2161 4229 fuisse

561 4291 883 4344 transactus,
917 4288 971 4334 et
998 4292 1026 4332 a
1056 4289 1219 4332 causa
1245 4271 1510 4329 cecidisse
1541 4285 1635 4326 eos
1667 4269 1756 4339 qui
1789 4282 1886 4323 nos
1922 4268 1975 4321 in
2015 4265 2163 4334 judi-

558 4377 703 4433 cium
727 4378 1078 4437 vocaverunt,
1106 4366 1279 4423 coacti
1298 4379 1483 4419 sumus
1506 4361 1558 4416 id
1583 4361 1743 4426 velle,
1768 4369 1826 4414 ut
1847 4357 2162 4414 recedentes
2193 4388 2206 4392 -

561 4468 632 4522 ab
657 4464 848 4522 eadem
877 4461 1189 4518 conditione
1229 4457 1280 4511 in
1325 4464 1538 4524 tempus
1568 4467 1809 4522 praesens
1846 4448 2162 4504 consentire

2243 467 2464 524 tilianus
2489 469 2782 537 episcopus
2812 463 3120 534 recognovi.

2315 583 2408 638 49.
2437 581 2782 637 Marcellinus
2811 582 2887 634 vir
2913 579 3227 634 clarissimus
3266 577 3497 631 tribunus
3523 584 3570 630 et
3613 574 3861 628 notarius

2244 674 2392 729 dixit.
2426 674 2553 730 Huic
2579 674 2784 730 rectius
2802 681 2859 728 et
2876 672 3075 743 iustius
3108 671 3384 741 prmterito
3404 668 3616 740 judicio
3642 666 3862 723 debue-

2243 779 2366 823 rant
2388 767 2676 837 postulari,
2709 768 2760 822 in
2787 781 2895 837 quo
2934 782 2997 821 ex
3030 779 3303 820 consensu
3345 762 3638 832 utriusque
3683 759 3865 830 partis

2247 860 2300 913 in
2330 858 2474 913 hunc
2497 859 2640 913 diem
2663 857 2829 912 dilata
2855 858 3089 928 cognitio
3116 865 3222 912 est.
3257 853 3414 911 Unde
3463 854 3534 908 ab
3589 854 3869 908 ecclesia-

2245 950 2394 1006 SIicis
2425 951 2657 1005 notariis
2679 950 2745 1005 ad
2771 964 2931 1013 quam
2965 958 3169 1018 partem
3202 948 3368 1002 fuerit
3397 947 3564 1001 dilata
3607 944 3868 1016 cognitio

2247 1045 2409 1117 293
2431 1040 2712 1099 reeitetur.
2751 1042 3038 1098 Petilianus
3067 1044 3338 1114 episcopus
3367 1041 3520 1095 dixit.
3554 1039 3706 1110 Ergo
3758 1039 3869 1094 cir-

2247 1137 2522 1190 cumventi
2545 1149 2752 1190 sumus.
2783 1133 2852 1188 Et
2881 1134 2985 1188 alia
3007 1149 3183 1186 manu.
3213 1131 3278 1188 Ut
3299 1146 3485 1200 supra.
3541 1131 3870 1202 Augustinus

2249 1231 2519 1300 episcOpus
2578 1229 2827 1285 Ecclesia:
2871 1229 3140 1283 catholicae
3179 1227 3329 1281 dixit.
3382 1224 3502 1280 Non
3548 1235 3636 1280 est
3675 1233 3868 1278 nostra

2245 1338 2408 1378 causa
2438 1322 2668 1390 factum,
2716 1320 2862 1391 quod
2908 1320 3063 1375 nobis
3090 1319 3281 1373 volunt
3330 1318 3604 1386 imputare
3655 1316 3867 1371 fratres

2250 1417 2420 1474 nostri
2463 1433 2493 1472 e
2537 1417 2756 1472 diverso
2787 1416 3062 1470 sistentes.
3102 1410 3170 1465 Et
3197 1428 3312 1466 cum
3356 1411 3575 1476 diceret,
3632 1409 3727 1482 (Et
3760 1411 3874 1463 alia

2250 1527 2427 1565 manu.
2457 1508 2828 1581 Beeognovi.)
2883 1507 3167 1562 Petilianus
3204 1505 3477 1576 episc0pus
3511 1503 3668 1558 dixit.
3716 1502 3872 1572 lnju-

2249 1605 2384 1660 riam
2414 1604 2572 1660 nobis
2596 1603 2754 1658 facis.
2789 1600 2859 1655 Et
2886 1602 2992 1655 alia
3017 1617 3194 1654 manu.
3223 1599 3294 1655 Ut
3315 1613 3501 1669 supra.

2321 1717 2412 1773 50.
2440 1717 2759 1789 Augustinus
2793 1716 3059 1788 episcOpus
3103 1712 3355 1768 Ecclesia
3394 1711 3670 1767 catholica:
3698 1711 3859 1765 dixit.

2254 1810 2500 1865 Edictum
2536 1809 2835 1865 nobilitatis
2866 1818 2970 1863 tua:
2996 1809 3074 1862 sic
3103 1822 3163 1862 se
3189 1807 3384 1872 habet,
3417 1815 3676 1877 quartum
3708 1819 3864 1860 men-

2252 1921 2365 1960 sem
2391 1903 2643 1959 concludi
2675 1902 2741 1958 ad
2764 1902 2907 1958 diem
2931 1901 3287 1956 kalendarum
3315 1899 3489 1955 Junii.
3523 1900 3666 1954 Ante
3686 1910 3871 1953 autem

2254 2013 2353 2053 nos
2383 1998 2668 2060 venimus;
2703 2005 2757 2051 et
2787 1995 2888 2063 ipsi
2929 1994 3019 2064 qui
3053 1993 3304 2048 videntur
3329 1992 3489 2047 nobis
3528 1991 3658 2047 hinc
3690 1991 3871 2046 facere

2253 2088 2531 2155 invidiam,
2556 2098 2748 2144 octavo
2773 2086 3033 2142 kalendas
3055 2085 3246 2140 Junias
3274 2083 3676 2139 mandaverunt
3701 2103 3715 2136 :
3747 2099 3871 2139 cum

2254 2183 2473 2252 utique,
2529 2182 2576 2237 si
2625 2191 2751 2237 ante
2791 2181 2931 2236 diem
2982 2188 3272 2244 venerant,
3316 2186 3446 2231 ante
3495 2177 3674 2247 ipsum
3721 2175 3871 2231 diem

2256 2274 2517 2329 mandare
2556 2273 2860 2328 debuerint.
2907 2272 3140 2343 Legatur
3182 2271 3345 2326 etiam
3386 2269 3556 2340 ipsius
3607 2269 3870 2324 Primiani

2256 2368 2550 2439 professio,
2567 2367 2632 2421 ad
2656 2383 2814 2438 quem
2841 2366 2985 2422 diem
2999 2383 3058 2421 se
3081 2364 3354 2436 pollicitus
3381 2377 3867 2428 cstoccursurum,

2255 2471 2310 2515 et
2331 2462 2571 2515 solvatur
2593 2461 2693 2514 ista
2721 2462 2947 2531 quaestio
2971 2500 2986 2522 ,
3021 2458 3088 2514 de
3128 2473 3231 2529 qua
3265 2457 3424 2513 nobis
3448 2457 3560 2527 jam
3601 2456 3744 2526 apud
3775 2471 3872 2527 po-

2256 2555 2439 2624 pulum
2489 2569 2687 2624 magna
2728 2552 2932 2608 invidia
2973 2551 3240 2608 concitata
3283 2560 3388 2607 est.
3433 2550 3504 2604 Et
3546 2552 3656 2604 alia
3694 2566 3874 2606 manu.

2256 2645 2588 2717 Recognovi.

2330 2763 2417 2818 51.
2456 2761 2798 2817 Marcellinus
2829 2766 2906 2816 vlr
2943 2761 3259 2816 clarissimus
3295 2763 3542 2817 tribunus
3569 2773 3620 2817 et
3643 2763 3876 2817 notarius

2257 2854 2407 2909 dixit.
2434 2854 2560 2909 Haec
2584 2856 2868 2926 saperiore
2885 2855 3090 2924 judicio
3113 2853 3479 2909 determinata
3500 2855 3611 2925 jam
3637 2863 3874 2919 constat,

2256 2951 2560 3019 prtesertim
2590 2965 2710 3005 cum
2753 2964 2999 3017 persona:
3040 2949 3109 3004 ab
3145 2959 3372 3019 utraque
3406 2959 3563 3020 parte
3593 2949 3878 3004 videantur

2257 3056 2378 3095 esse
2411 3041 2656 3096 firmatzc.
2703 3040 2772 3095 Et
2800 3049 2981 3096 tamen
3021 3041 3066 3094 si
3099 3056 3221 3095 cum
3250 3055 3416 3095 causa
3440 3041 3678 3111 coeperit
3704 3050 3878 3096 retra-

2258 3134 2412 3196 clari.
2465 3135 2731 3204 putaverit
2781 3134 2898 3190 htec
2937 3133 3197 3188 sanctitas
3243 3141 3332 3188 tua
3377 3133 3708 3205 relegenda,
3749 3144 3877 3189 tunc

2259 3225 2460 3280 rectius
2501 3225 2846 3296 relegentur;
2890 3225 3138 3297 quamvis
3166 3225 3510 3295 superfluum
3537 3227 3648 3293 sit,
3679 3236 3737 3282 ut
3760 3235 3880 3294 post

2259 3316 2724 3373 c0ntirmationem
2747 3332 3105 3388 personarum
3139 3317 3252 3373 haec
3269 3318 3453 3373 denuo
3480 3327 3872 3374 retractentur.

2259 3409 2435 3475 Unde,
2485 3417 2543 3463 ut
2589 3409 2874 3464 interfatus
2912 3425 3053 3474 sum,
3103 3410 3171 3464 ab
3209 3409 3608 3465 ecclesiasticis
3652 3411 3874 3464 notariis

2259 3501 2402 3574 quod
2431 3511 2753 3572 praeceptum
2785 3511 2870 3557 est
2903 3503 3180 3557 recitetur.

2457 3593 2716 3649 Emeritus
2735 3595 3007 3664 episcopus
3033 3593 3184 3648 dixit.
3215 3590 3495 3662 Scriptum
3519 3594 3593 3648 sit
3625 3603 3755 3648 tunc
3782 3605 3875 3647 nos

2259 3687 2312 3740 in
2335 3685 2478 3741 diem
2502 3686 2852 3742 consensisse
2875 3702 2998 3741 cum
3024 3687 3108 3742 isti
3139 3701 3293 3741 suam
3319 3687 3662 3742 retinueriut
3685 3687 3874 3742 volun-

2259 3786 2446 3833 tatem.
2481 3776 2549 3831 Et
2575 3779 2681 3832 alia
2709 3794 2884 3832 manu.
2918 3776 2989 3834 Ut
3018 3776 3202 3848 supra.

2333 3892 2424 3948 55.
2458 3891 2794 3948 Marcellinus
2828 3893 2905 3946 vir
2937 3891 3258 3945 clarissimus
3293 3890 3536 3945 tribunus
3565 3901 3616 3944 et
3645 3888 3873 3944 notarius

2263 3983 2413 4038 dixit.
2449 3983 2726 4055 Suscepta:
2754 3983 2946 4039 tabulzn
2971 3983 3040 4038 ab
3063 3982 3448 4038 ecclesiasticis
3482 3983 3709 4038 notariis
3739 3982 3877 4036 reci-

2263 4086 2461 4133 tentur.
2487 4076 2714 4148 Cumque
2735 4079 2874 4133 intra
2899 4077 3167 4134 Sabanum
3192 4077 3269 4151 (id
3288 4088 3374 4133 est
3399 4077 3618 4149 lineam)
3639 4079 3875 4132 columen

2263 4173 2464 4227 scltedte
2477 4173 2926 4229 membranaceum
2953 4189 3050 4244 pro
3078 4182 3222 4244 parte
3249 4171 3572 4242 descriptum
3603 4182 3653 4226 et
3673 4170 3874 4224 codices

2263 4263 2557 4319 tabularum
2583 4265 2775 4337 pariter
2801 4265 3076 4336 obsignati,
3093 4264 3400 4337 judiciariis
3425 4264 3735 4330 offerrentur
3747 4263 3878 4316 ads-

2263 4357 2514 4427 pectibus,
2557 4357 2894 4412 Marcellinus
2925 4358 3002 4411 vir
3035 4356 3353 4412 clarissimus
3385 4356 3619 4411 tribunus
3647 4367 3695 4410 et
3723 4367 3877 4410 note-

2263 4451 2373 4506 rius
2395 4451 2542 4507 dixit.
2568 4452 2833 4508 Custodes
2858 4451 3072 4506 edicant
3099 4460 3279 4520 utrum
3309 4452 3463 4520 signa
3491 4451 3873 4522 cognoverint.

564 4561 896 4617 videremur.
929 4554 1101 4610 Nemo
1122 4550 1257 4608 mihi
1277 4549 1350 4605 sit
1379 4547 1479 4603 hac
1508 4547 1562 4600 in
1583 4554 1738 4616 parte
1785 4544 2048 4613 ingratus,
2077 4541 2160 4595 vir
2186 4556 2240 4616 1)
2265 4543 2368 4599 Leo
2411 4546 2678 4617 episcOpus
2720 4543 2967 4622 Ecclesia:
3007 4544 3277 4599 catholica:
3307 4544 3461 4598 dixit.
3496 4545 3753 4614 Agnosco
3795 4544 3874 4599 si-

567 4652 784 4710 noliilis.
814 4649 948 4705 Nam
981 4647 1028 4702 si
1059 4660 1158 4716 ego
1205 4640 1450 4698 concessi
1489 4635 1822 4692 tantumdem
1868 4633 2158 4702 temporis,

565 4747 731 4802 salvis
758 4743 844 4799 bis
872 4754 1085 4805 tamen,
1119 4737 1165 4791 si
1209 4735 1285 4789 illi
1316 4729 1831 4801 adstipulationibus
1881 4725 1993 4781 suis
2049 4741 2158 4782 non

564 4839 766 4896 fuerint
804 4833 1059 4905 refragati
1086 4873 1100 4898 ,
1154 4845 1251 4884 cur
1291 4827 1420 4882 mihi
1464 4825 1629 4879 breve
1689 4837 1796 4878 non
1841 4821 2159 4877 conceditur

564 4943 778 5001 tempus
801 4941 859 4983 ut
883 4927 1193 4982 scribantur
1217 4929 1389 4992 gesta,
1413 4927 1472 4972 ut
1493 4917 1864 4973 subscribatur
1909 4932 1938 4968 a
1986 4915 2159 4971 subli—

563 5026 754 5080 mitate
784 5033 892 5084 tua,
919 5020 1241 5088 videamque
1271 5029 1334 5070 ac
1374 5013 1642 5084 perlegam
1669 5012 1755 5068 cui
1788 5013 1862 5066 rei
1911 5011 2155 5066 subscri-

562 5118 694 5174 bere
714 5117 964 5181 debeam,
988 5113 1394 5183 percipiamque
1415 5123 1478 5163 ac
1500 5107 1754 5176 recipiam
1781 5119 1931 5161 meos
1950 5105 2160 5161 scilicet

560 5225 759 5268 sensus
791 5252 806 5276 ,
866 5205 1302 5262 adversariorum
1351 5215 1565 5272 quoque
1616 5197 1965 5255 calliditatem
2023 5197 2156 5252 sub-

561 5303 823 5372 tilemque
852 5298 1115 5368 argutiam
1141 5312 1156 5360 ;
1192 5303 1250 5348 ut
1271 5292 1477 5349 scilicet
1499 5291 1810 5360 plenissime
1832 5291 2152 5356 instructus,

559 5392 955 5450 intentionibus
984 5403 1174 5444 eorum
1196 5387 1408 5443 valeam
1438 5385 1815 5455 respondere?
1849 5385 2153 5439 Humanum

555 5503 683 5545 esse
704 5484 941 5541 arbitror
966 5492 1128 5552 atque
1157 5481 1382 5550 justum.
1431 5477 1510 5533 Ne
1554 5476 1790 5540 dedi-ris,
1823 5476 1904 5530 vir
1933 5476 2151 5540 nubilis,

556 5582 681 5637 huic
719 5578 799 5634 rei
833 5584 997 5648 atque
1027 5574 1152 5630 huic
1195 5573 1510 5643 justissima:
1532 5568 1773 5640 petitioni
1791 5567 1992 5637 aliquid
2010 5567 2153 5637 quod

557 5677 612 5730 in
653 5671 1077 5730 sollicitudinem
1124 5668 1336 5723 abeam.
1380 5663 1658 5734 Siquidem
1704 5670 1756 5717 te
1791 5660 2148 5731 iustissimum

546 5763 895 5838 promiseris,
925 5770 982 5819 et
1003 5775 1102 5817 nos
1134 5757 1186 5812 id
1225 5754 1451 5812 credere
1487 5755 1559 5809 sit
1594 5766 1855 5821 necesse,
1891 5751 1938 5808 si
1971 5760 2148 5813 tamen

2264 4636 2452 4706 gillutn
2481 4651 2679 4691 meum.
2725 4635 3056 4690 Mariuianus
3085 4637 3360 4707 episcOpus
3401 4636 3578 4690 dixit:
3619 4643 3877 4704 Agnosco

2266 4729 2498 4799 sigillum
2543 4743 2744 4784 meum.
2790 4727 3123 4784 Marcellinus
3151 4729 3229 4781 vir
3270 4729 3597 4783 clarissimus
3637 4729 3878 4783 tribunus

2265 4830 2313 4875 et
2342 4822 2572 4876 notarius
2599 4821 2764 4876 dixit:
2793 4809 3058 4889 Queniam
3088 4820 3155 4875 ab
3184 4829 3413 4892 utraque
3451 4831 3607 4891 parte
3636 4822 3875 4891 impres-

2262 4912 2470 4968 sionem
2500 4914 2773 4984 signorum
2801 4913 3037 4984 agnitam
3064 4922 3297 4977 constat,
3329 4928 3394 4969 ea
3426 4929 3547 4984 qua:
3575 4914 3819 4985 praecepi
3842 4929 3875 4969 ι

2260 5005 2488 5060 notariis
2518 5007 2847 5077 relegantur.

2329 5097 2417 5152 54.
2443 5096 2727 5153 Petilianus
2739 5099 3010 5171 episcapus
3027 5097 3189 5152 dixit:
3208 5097 3304 5154 Sic
3317 5098 3499 5155 solent
3513 5107 3872 5166 testamenta,

2258 5204 2366 5244 non
2391 5199 2542 5262 gesta
2571 5191 2821 5246 reserari.
2856 5189 2926 5244 Et
2956 5191 3062 5245 alia
3089 5207 3268 5244 nianu.
3303 5189 3375 5246 Ut
3400 5205 3589 5261 supra.

2329 5282 2418 5337 55.
2451 5283 2788 5338 Marcellinus
2817 5285 2895 5338 vir
2919 5284 3241 5339 clarissimus
3281 5285 3517 5338 tribunus
3549 5294 3600 5338 et
3635 5284 3870 5338 notarius

2260 5375 2424 5429 dixit:
2468 5376 2621 5444 Quod
2667 5387 2890 5448 propter
2923 5378 3347 5434 sollicitudinem
3387 5379 3554 5449 partis
3586 5380 3866 5451 utriusque

2257 5467 2456 5523 factum
2490 5478 2604 5533 est,
2649 5478 2706 5524 et
2746 5487 2811 5526 ex
2849 5471 3122 5526 communi
3149 5487 3419 5528 consensu
3453 5487 3563 5526 non
3594 5471 3759 5528 decet
3790 5487 3866 5527 re-

2257 5563 2541 5633 prehendi.
2576 5562 2866 5620 Petilianus
2893 5567 3162 5637 episcOpus
3185 5566 3345 5620 dixit:
3366 5563 3488 5619 Non
3520 5565 3864 5636 reprehendo

2255 5658 2545 5726 cautelam,
2569 5657 2664 5713 sed
2688 5668 2811 5728 peto
2834 5656 3177 5731 [secundum]
3199 5659 3659 5714 consuetudinem
3684 5672 3858 5714 rerum

2256 5762 2314 5810 ut
2338 5762 2486 5826 gesta
2517 5753 2753 5826 legitime
2785 5762 3164 5825 exponantur,
3204 5763 3260 5809 ut
3300 5752 3406 5825 legi
3443 5768 3509 5810 ac
3539 5751 3863 5824 pertractari
