4130 6170
273 258 410 316 1561

1221 264 1449 323 GESTA
1488 265 1938 326 COLLATIONIS
1976 266 2630 332 CARTIIAGINENSIS.

3439 284 3458 344 ἴ
3494 287 3636 343 ιόϐἳ

267 373 501 448 possint.
550 371 686 438 Quae
737 387 828 428 res
875 376 1075 446 urget?
1119 377 1258 446 Quid
1303 380 1622 437 festinatur?
1675 381 1743 438 Et
1783 385 1889 439 alia
1914 390 1968 448 Α
2067 383 2425 441 Marcellinus
2474 393 2557 444 uir
2610 392 2938 456 clarissimus
2995 404 3235 458 tribunus
3301 414 3349 458 et
3405 403 3636 457 notarius

265 481 442 520 manu.
475 463 783 518 Petilianus
815 466 1107 535 episcopus
1139 473 1445 542 recognovi.

332 561 422 619 56.
458 559 791 630 Augustinus
821 562 1098 632 episcopus
1140 565 1383 624 Ecclesite
1420 570 1684 625 catholica:
1711 570 1878 626 dixit:

261 655 374 713 Hoc
411 656 591 712 solum
633 661 859 709 constet
889 653 1038 724 ipsos
1069 673 1185 713 rem
1220 662 1363 718 velle
1393 663 1623 720 diﬁbrre.
1656 665 1723 721 Ut
1745 680 1876 720 con-

257 747 414 804 cedat
458 744 773 801 sublimitas
829 752 941 812 tua,
1003 749 1238 814 petimus
1295 762 1366 809 te.
1427 753 1725 811 Humanum
1769 767 1872 822 est,

257 836 607 894 considerare
661 835 899 898 volunt,
959 835 1238 894 discutere
1291 844 1522 911 volunt,
1575 849 1872 914 paratiores

258 931 445 985 volunt
483 929 695 995 venire,
729 941 799 982 ne
839 926 1097 983 nolentes
1137 931 1356 990 differre
1395 938 1686 1007 prolixiora
1721 949 1870 1008 gesta

259 1021 542 1086 faciamus,
588 1029 645 1077 et
682 1021 803 1092 ipsa
841 1029 1127 1090 gestorum
1157 1028 1433 1094 prolixitas
1461 1031 1691 1102 majores
1718 1033 1870 1088 nobis

259 1131 438 1172 moras
466 1116 711 1170 incutiat.
746 1112 820 1168 Et
835 1113 948 1168 alia
974 1132 1154 1170 manu.
1185 1118 1512 1192 Recognovi.

327 1207 790 1283 57.}Iarcellinus
821 1207 900 1261 vir
927 1207 1254 1265 clarissimus
1278 1213 1516 1269 tribunus
1551 1225 1599 1270 et
1631 1217 1876 1272 notarius

255 1298 421 1351 dixit:
445 1296 517 1352 Et
549 1307 604 1353 ut
628 1298 682 1352 in
707 1298 855 1353 hunc
876 1297 1024 1353 diem
1045 1303 1284 1370 cognitio
1311 1304 1641 1373 differretur,
1665 1310 1866 1364 utrius-

255 1404 354 1459 que
383 1389 550 1458 partis
605 1399 817 1445 constat
841 1391 1007 1446 fuisse
1034 1407 1387 1465 consensum,
1414 1400 1557 1468 quod
1585 1401 1742 1458 video
1767 1404 1868 1459 ho-

253 1481 336 1535 die
360 1481 621 1551 prodesse
645 1497 754 1538 non
788 1497 972 1552 posse.
1000 1484 1265 1554 Interim,
1292 1498 1352 1544 ut
1380 1493 1646 1561 praecepi,
1679 1496 1747 1550 ab
1772 1513 1866 1552 ec-

251 1573 568 1628 clesiasticis
617 1573 843 1630 notariis
887 1575 956 1630 ad
1005 1593 1174 1648 quam
1227 1590 1444 1651 partem
1495 1582 1654 1640 fuerit
1701 1587 1865 1644 dilata

251 1664 482 1735 cognitio
513 1665 794 1720 recitetur.

1983 476 2156 531 dixit:
2190 475 2445 533 Possunt
2477 480 2652 539 hodie
2684 486 2904 547 scheda:
2932 493 3016 548 vel
3041 495 3108 549 ab
3137 492 3320 549 ollicio
3348 493 3632 562 compleri,

1980 567 2070 623 vel
2094 567 2165 622 ab
2187 573 2430 636 utraque
2454 583 2620 641 parte
2641 579 2951 639 subscribi?
2976 585 3194 640 Hilarus
3206 596 3445 656 exceptor
3465 585 3594 640 dixit
3618 605 3632 642 :

1981 663 2161 718 Hodie
2188 661 2436 719 schedas
2468 673 2841 742 complemus.

2063 756 2424 811 Marcellinus
2479 762 2566 815 vir
2633 768 2945 826 clarissimus
2994 772 3231 827 tribunus
3296 779 3343 824 et
3399 771 3629 826 notarius

1986 848 2165 904 dixit:
2208 847 2485 914 Quoniam
2521 865 2788 930 suggessit
2820 864 3052 920 officium
3091 863 3255 917 hodie
3296 877 3357 915 se
3394 861 3625 918 schedas

1986 954 2155 1010 posse
2200 943 2488 1012 Complere
2510 988 2527 1014 ,
2562 951 2736 1010 edicat
2765 958 3017 1010 sanctitas
3043 965 3222 1010 vestra
3255 964 3432 1008 utrum
3460 954 3622 1011 hodie

1987 1032 2083 1086 Vel
2109 1033 2355 1088 crastino
2382 1034 2470 1089 die
2505 1041 2580 1096 sit
2608 1056 2787 1112 parata
2815 1045 3175 1101 subscribere.

2069 1126 2154 1181 62.
2184 1125 2486 1182 Adeodalus
2537 1137 2800 1209 episcopus
2831 1138 2998 1191 dixit:
3035 1134 3171 1191 Cum
3215 1135 3372 1190 nobis
3408 1137 3606 1194 scheda

1986 1217 2166 1274 oblata
2196 1219 2376 1285 fuerit,
2402 1224 2828 1283 subscribemus.
2863 1227 2934 1280 Et
2957 1226 3061 1279 alia
3083 1243 3261 1280 manu.
3295 1227 3606 1287 Adeodatus

1981 1312 2269 1383 episcOpus
2298 1322 2618 1385 recognovi.

2057 1407 2146 1462 65.
2190 1406 2534 1465 Marcellinus
2563 1413 2641 1465 vir
2676 1408 2995 1464 clarissimus
3023 1409 3264 1463 tribunus
3292 1419 3341 1463 et
3364 1414 3598 1468 notarius

1977 1497 2159 1554 dixit:
2208 1499 2402 1556 Edicat
2455 1518 2599 1557 nunc
2657 1500 2896 1555 oflicium
2949 1510 3071 1570 post
3132 1501 3592 1572 subscriptionem

1973 1591 2325 1660 schedarum,
2357 1595 2522 1649 etiam
2555 1595 2607 1648 in
2639 1591 2878 1647 editione
2905 1602 3186 1662 gestorum
3215 1604 3350 1663 quot
3378 1595 3588 1652 dierum

1974 1684 2225 1740 sutlicere
2260 1689 2430 1756 possit
2459 1689 2578 1742 sine
2604 1684 2710 1739 ulla
2741 1687 3086 1740 excusatione
3117 1685 3334 1740 dilatio.

319 1757 408 1813 68.
456 1754 1057 1849 Politianus‘episcopus
1095 1751 1269 1818 dixit:
1323 1760 1604 1830 Scriptum
1650 1765 1720 1820 sit
1762 1767 1866 1823 hoc
1896 1771 1943 1830 Β
2043 1775 2131 1830 64.
2165 1751 2383 1836 Hilarus
2419 1787 2660 1849 exceptor
2690 1775 2853 1830 dixit:
2882 1777 2937 1833 Si
2960 1778 3202 1834 crastino
3233 1779 3326 1835 die
3350 1781 3590 1837 subscri-

252 1863 357 1905 non
387 1857 572 1903 nostro
593 1849 721 1902 vitio
745 1846 878 1915 fieri,
904 1850 997 1905 sed
1025 1862 1240 1910 tantum
1270 1851 1430 1925 quod
1463 1855 1653 1910 notarii
1680 1871 1871 1912 occur-

252 1957 372 1998 rere
401 1957 506 1996 non
551 1947 852 2012 potuerunt,
895 1943 974 1998 vel
1012 1957 1375 2018 excoptores.
1431 1942 1508 2000 Et
1549 1946 1654 2000 alia
1689 1963 1868 2004 ntanu.

254 2035 546 2091 Pctilianns
586 2033 862 2104 episcopus
889 2040 1194 2109 recognovi.

327 2128 416 2185 59.
452 2127 779 2183 Marcellinus
806 2129 879 2183 uir
906 2130 1216 2190 clarissimus
1249 2135 1526 2190 tribunus
1566 2141 1612 2188 et
1637 2135 1872 2190 notarius

261 2221 432 2276 dixit:
483 2219 688 2274 Recita.
718 2219 992 2278 Ianuarius
1021 2227 1245 2281 notarius
1281 2226 1578 2283 Ecclesia:
1608 2224 1872 2297 Sitifensis

266 2317 426 2387 partis
464 2315 652 2370 Donati
685 2332 744 2371 ex
779 2317 947 2372 codice
973 2320 1218 2374 recitauit.
1258 2320 1554 2377 Nobilitas
1581 2330 1672 2376 tua
1700 2321 1869 2376 dixit:

270 2409 464 2466 Edicat
485 2409 715 2465 officium
743 2420 997 2481 quantum
1019 2411 1125 2482 jam
1149 2414 1254 2468 diei
1274 2415 1548 2471 videntur
1565 2430 1865 2471 emensum.

272 2492 585 2571 Ruﬁnianus
604 2503 764 2556 scriba
787 2503 880 2557 viri
901 2503 1168 2558 clarissimi
1191 2507 1456 2560 curatoris
1479 2507 1610 2560 dixit
1635 2524 1647 2560 :
1680 2507 1874 2562 Exem-

275 2603 382 2666 pta:
405 2605 532 2650 sunt
548 2594 698 2650 horae
728 2595 975 2651 undecim
1001 2596 1130 2650 diei.
1163 2594 1430 2652 Nobilitas
1446 2608 1535 2652 tua
1550 2600 1679 2653 dixit
1699 2599 1874 2668 :Quo-

280 2688 422 2741 uiam
456 2686 565 2742 diei
593 2701 729 2756 pene
749 2703 963 2743 omnem
986 2695 1194 2758 partem
1223 2698 1440 2743 constat
1470 2706 1772 2760 emensam,
1795 2693 1876 2747 id-

285 2782 436 2834 circo
463 2788 644 2834 utrum
675 2795 740 2834 ex
771 2782 1050 2835 communi
1079 2793 1348 2836 consensu
1376 2780 1578 2837 differri
1609 2786 1879 2857 negotium

288 2877 497 2947 placeat
529 2877 829 2932 intimetur.
873 2878 946 2932 Ab
984 2889 1203 2946 utraque
1233 2886 1378 2949 parte
1418 2877 1614 2933 dictum
1640 2891 1732 2936 est.
1762 2883 1883 2937 Pla-

289 2977 395 3036 cet,
439 2968 693 3038 quoniam
742 2970 844 3024 iste
889 2969 1004 3026 dies
1047 2970 1262 3025 videtur
1301 2985 1575 3028 emensus.
1629 2972 1886 3030 Nobilitas

291 3072 380 3118 tua
409 3065 582 3119 dixit:
625 3065 681 3119 ln
713 3079 872 3133 quem
911 3064 1053 3119 diem
1094 3064 1213 3119 hare
1243 3065 1356 3135 ipsa
1388 3069 1889 3134 comperendinatio

1973 1869 2183 1935 pSerint
2204 1872 2288 1925 vel
2313 1873 2501 1935 hodie,
2530 1882 2816 1938 possumus
2834 1869 2922 1925 die
2946 1880 3219 1941 noctuque
3244 1871 3587 1943 invigilantes

1975 1967 2098 2027 post
2124 1964 2340 2019 tertium
2371 1964 2518 2019 diem
2550 1969 2699 2028 geSIa
2729 1960 2920 2030 edere,
2966 1964 3035 2018 ita
3065 1974 3124 2018 ut
3154 1966 3357 2020 notarii
3394 1981 3586 2021 eorum

1975 2050 2133 2104 nobis
2167 2052 2235 2108 de
2273 2053 2480 2110 scheda
2520 2049 2817 2121 subscripta
2859 2053 3081 2110 dictent.
3131 2055 3475 2111 Marcellinus
3511 2058 3590 2110 uir

1973 2139 2290 2199 clarissimas
2344 2143 2586 2198 tribunus
2626 2151 2670 2194 et
2709 2147 2936 2201 notarius
2964 2147 3126 2202 dixit:
3173 2149 3311 2216 Quis
3339 2150 3440 2203 iste
3467 2147 3587 2203 dies

1975 2230 2048 2284 sit
2070 2231 2138 2286 ab
2167 2231 2360 2290 ofﬁcio
2388 2229 2719 2296 designetur.
2755 2237 3059 2308 Ruﬁnianus
3089 2240 3266 2295 scriba
3287 2242 3384 2295 viri
3404 2241 3588 2296 claris-

1975 2322 2093 2375 simi
2126 2325 2410 2378 curatoris
2454 2319 2579 2376 dixit
2619 2343 2630 2378 :
2684 2327 2978 2386 Hodiernus
3019 2331 3136 2387 dies
3173 2343 3261 2387 est
3304 2349 3361 2388 In
3417 2348 3587 2390 nonas

1973 2411 2182 2468 Junias.
2215 2410 2574 2470 Marcellinus
2594 2419 2666 2474 vir
2689 2422 2996 2480 clarissimus
3023 2424 3262 2480 tribunus
3285 2437 3332 2482 et
3354 2428 3590 2481 notarius
3629 2450 3632 2453 ·

1975 2505 2105 2559 dixit
2126 2520 2145 2558 ε
2171 2504 2344 2558 Diem
2376 2517 2559 2573 quaero
2588 2527 2690 2581 quo
2715 2514 2799 2570 edi
2825 2525 2972 2586 gesta
3002 2519 3333 2587 promissum
3355 2529 3457 2575 est.
3489 2517 3589 2573 Hi-

1977 2597 2116 2651 larus
2142 2605 2421 2666 exceptor
2449 2600 2605 2660 dixit:
2645 2605 2929 2666 Possumus
2957 2618 3104 2682 gesta
3147 2611 3318 2668 edere
3357 2613 3590 2684 septimo

1978 2690 2162 2747 iduum
2189 2689 2496 2750 Juniarum
2525 2696 2630 2755 die.

2055 2783 2144 2840 65.
2175 2782 2537 2847 Marcellinus
2567 2794 2640 2850 vir
2671 2796 2982 2854 clarissimus
3009 2799 3244 2856 tribunus
3279 2811 3326 2856 et
3360 2805 3592 2861 notarius

1988 2875 2148 2930 dixit:
2201 2874 2371 2932 Licet
2423 2881 2532 2952 jam
2586 2887 2653 2944 de
2696 2889 3118 2959 professionibus
3159 2894 3408 2952 dubietas
3458 2898 3592 2955 mihi

1991 2982 2182 3038 magna
2230 2983 2510 3042 nascatur,
2560 2989 2737 3037 tamen
2782 2983 2960 3041 denuo
2995 2998 3174 3043 utrum
3215 2999 3369 3045 sexto
3409 2992 3590 3049 iduum

1993 3061 2462 3157 295duniarnm
2493 3071 2611 3139 die,
2643 3078 2894 3135 omnibus
2917 3081 3233 3152 ambagibus
3263 3089 3588 3157 amputatis,

291 3156 590 3223 differatur,
638 3173 765 3228 pars
805 3167 1034 3228 utraque
1063 3157 1332 3228 designet.
1380 3158 1596 3228 Alypius
1623 3165 1885 3232 episcOpus

1998 3155 2270 3253 negotium
2319 3157 2391 3212 sit
2435 3163 2733 3236 principale
2774 3173 3147 3242 tractandum,
3197 3193 3325 3247 pars
3357 3155 3592 3253 utraque

294 3250 539 3306 Ecclesia:
576 3252 846 3306 catholica:
885 3251 1052 3306 dixit:
1091 3253 1243 3307 Sicut
1289 3251 1467 3306 edicto
1506 3253 1759 3310 nobilitas
1802 3267 1891 3312 tua

290 3343 645 3413 prtescripsit,
684 3343 923 3398 crastino
964 3342 1278 3398 intermisso
1317 3353 1536 3413 propter
1571 3345 1891 3403 schedarum

291 3435 713 3501 descriptionem
752 3437 1041 3505 perendie,
1085 3436 1131 3491 si
1181 3436 1464 3506 praecipis,
1515 3437 1890 3496 observamus.

291 3526 589 3581 Adeodatus
634 3527 902 3598 episcopus
951 3530 1123 3583 dixit:
1170 3529 1344 3584 Etiam
1381 3544 1478 3583 nos
1523 3533 1894 3588 consentimus

296 3631 356 3673 ut
387 3619 685 3688 perendino
715 3619 802 3674 die
827 3621 1099 3689 negotium
1131 3631 1440 3691 peragatur.
1476 3621 1780 3678 Sublimitas
1808 3636 1894 3681 tua

294 3712 428 3766 dixit
451 3727 470 3766 :
501 3711 651 3767 Sicut
675 3712 920 3782 partibus
942 3713 1164 3783 placuit,
1193 3714 1488 3783 perendino
1511 3715 1598 3770 die
1620 3719 1892 3786 negotium

293 3812 589 3874 repetetur.
625 3802 693 3857 Et
722 3820 837 3857 cum
867 3805 1149 3858 recitasset.

373 3895 462 3949 60.
499 3894 834 3950 Marcellinus
863 3897 942 3950 uir
971 3896 1288 3952 clarissimus
1318 3896 1548 3951 tribunus
1587 3906 1632 3952 et
1667 3901 1896 3954 notarius

302 3989 467 4044 dixit:
505 3988 866 4061 Utrarumque
904 3991 1133 4061 partium
1173 3993 1510 4062 professione
1540 4003 1891 4050 monstratum

297 4091 382 4137 est
412 4082 466 4136 in
493 4081 636 4136 hunc
667 4081 808 4136 diem
841 4084 1201 4153 cognitionem
1248 4087 1414 4139 fuisse
1444 4085 1697 4154 dilatam,
1737 4087 1806 4140 ita
1839 4096 1896 4142 ut

302 4173 460 4229 hodie
479 4175 751 4244 negotium
773 4184 1114 4230 tractaretur.

375 4269 464 4323 6i.
495 4267 788 4324 Petilianus
817 4270 1092 4341 episcopus
1131 4270 1301 4324 dixit:
1337 4268 1393 4325 Si
1424 4271 1766 4339 perfecerunt
1794 4287 1896 4341 ge-

302 4368 382 4414 sta
411 4371 751 4433 exceptores,
785 4371 993 4432 agatur.
1035 4361 1099 4415 Et
1133 4363 1238 4416 alia
1264 4379 1435 4416 manu.
1468 4363 1536 4418 Ut
1567 4379 1750 4433 supra.

380 4453 717 4509 Marcellinus
774 4456 852 4509 vir
907 4456 1225 4510 clarissimus
1282 4457 1512 4510 tribunus
1569 4465 1616 4510 et
1670 4461 1898 4515 notarius

1995 3247 2262 3318 designet.

2073 3341 2162 3394 66.
2195 3340 2512 3409 Augustinus
2552 3350 2823 3424 episcopus
2859 3356 3106 3415 Ecclesia:
3132 3363 3400 3424 catholica:
3421 3367 3597 3424 dixit:

1999 3431 2108 3488 Nos
2137 3439 2189 3487 et
2233 3431 2390 3488 hodie
2425 3436 2696 3508 volumus,
2739 3457 2794 3500 et
2827 3448 2874 3503 si
2915 3450 3030 3505 ﬁeri
3071 3465 3274 3522 posset,
3308 3459 3595 3517 vellemus.

1998 3524 2203 3580 Tamen
2235 3527 2356 3597 quia
2388 3528 2684 3589 humanum
2726 3537 2825 3592 fuit
2864 3540 2968 3597 hoc
2995 3546 3297 3604 concedere
3333 3550 3593 3610 fratribus

1999 3621 2202 3675 nostris
2230 3621 2373 3690 quod
2410 3624 2567 3680 nobis
2592 3643 2698 3683 non
2737 3631 2937 3700 injuste
2974 3637 3226 3694 videntur
3250 3645 3552 3710 postulasse
3579 3689 3594 3712 ,

1999 3712 2066 3765 ad
2091 3709 2232 3764 diem
2260 3711 2469 3767 sextum
2501 3716 2684 3774 iduum
2706 3720 3020 3794 Juniarum,
3049 3709 3340 3800 adjuvante
3365 3709 3594 3794 Domino

2003 3802 2112 3856 Deo
2151 3811 2356 3869 nostro,
2408 3805 2686 3865 adfuturos
2733 3827 2832 3870 nos
2877 3817 2943 3872 ad
3001 3825 3365 3891 peragendum
3397 3829 3596 3897 princi-

2001 3896 2122 3966 pale
2159 3899 2432 3967 negotium
2471 3899 2731 3959 Ecclesiae
2779 3909 3116 3976 pollicemur.
3165 3913 3228 3969 Et
3272 3919 3379 3972 alia
3403 3896 3592 3976 manu.

1999 3989 2327 4060 Recognovi.
2361 3990 2697 4052 Marcellinus
2725 4001 2803 4054 vir
2827 4002 3145 4060 clarissimus
3174 4009 3406 4064 tribunus
3429 4023 3476 4065 et
3503 4031 3597 4067 no-

1999 4084 2160 4136 tarius
2190 4085 2355 4138 dixit:
2398 4086 2576 4142 Etiam
2609 4106 2733 4159 pars
2762 4094 2864 4147 alia
2903 4097 3030 4165 quid
3072 4099 3362 4156 voluntatis
3401 4103 3599 4160 habeat

1997 4173 2250 4244 dignetur
2287 4176 2521 4232 edicere.

2071 4267 2162 4322 67.
2213 4267 2475 4324 Emeritus
2521 4275 2792 4345 episcopus
2837 4279 3008 4334 dixit:
3053 4283 3126 4338 De
3169 4285 3600 4356 professionibus

2001 4361 2200 4414 nostris
2229 4363 2372 4416 nulla
2413 4375 2494 4418 est
2525 4367 2865 4438 ambiguitas.
2910 4371 3177 4440 Quantum
3208 4389 3386 4435 autem
3416 4383 3483 4438 ad
3511 4385 3600 4439 in-

2000 4454 2387 4520 structionem,
2431 4472 2590 4528 quam
2638 4459 2754 4516 fieri
2786 4463 2987 4521 debere
3023 4468 3076 4523 in
3101 4470 3306 4539 judicio
3330 4475 3600 4548 ﬂagitavi-

307 4545 475 4600 dixit:
515 4545 663 4602 Licet.
703 4547 1062 4616 apertissimis
1103 4547 1259 4602 fuerit
1292 4548 1718 4615 professionibus
1752 4551 1898 4606 desi-
1927 4541 1977 4602 D
2005 4562 2154 4614 mus,
2199 4547 2429 4604 advertit
2462 4553 2712 4608 nobilitas
2742 4563 2828 4609 tua
2859 4572 2959 4612 nos
2982 4559 3126 4629 justa
3153 4575 3206 4618 et
3238 4541 3475 4636 legitima
3505 4586 3604 4641 po-

308 4649 524 4709 guatnm
551 4640 602 4693 in
627 4655 784 4709 quem
809 4639 948 4694 diem
973 4639 1196 4694 dilatum
1220 4649 1363 4694 esset
1381 4639 1662 4709 judicium,
1695 4654 1895 4708 tamen,

308 4744 379 4785 ne
415 4731 540 4800 quid
586 4733 632 4785 ei
673 4732 810 4801 parti
853 4747 972 4801 quae
1009 4731 1320 4786 dilationem
1363 4731 1604 4800 postulat
1646 4741 1897 4802 negatum

311 4836 430 4877 esse
472 4822 742 4888 videatur,
792 4824 1026 4893 cognitio
1065 4823 1365 4889 differetur,
1405 4825 1474 4878 ita
1522 4834 1582 4879 ut
1625 4824 1799 4881 edicat
1845 4826 1902 4882 in

313 4929 469 4984 quem
496 4913 637 4967 diem
666 4913 857 4968 debeat
884 4913 1144 4985 judicium
1175 4915 1450 4985 protelari.

386 5004 674 5060 Petilianus
736 5007 1009 5079 episcopus
1065 5008 1195 5062 dixit
1241 5024 1259 5062 :
1323 5008 1511 5063 Dicant
1583 5022 1903 5080 exceptores

314 5100 528 5172 quando
555 5101 751 5155 edituri
795 5111 919 5154 sunt
945 5109 1116 5171 gesta.
1150 5101 1218 5155 Et
1249 5103 1354 5156 alia
1389 5119 1566 5156 manu.
1608 5103 1904 5162 Petilianus

314 5193 600 5264 episcopus
639 5195 949 5262 recognovi.
986 5192 1316 5249 Marcellinus
1349 5196 1423 5248 vir
1459 5195 1774 5250 clarissimus
1813 5200 1907 5252 tri-

317 5288 482 5341 bunus
511 5295 561 5340 et
600 5286 831 5338 notarius
875 5285 1039 5340 dixit:
1077 5285 1406 5357 Exceptores
1436 5288 1655 5358 quando
1683 5301 1909 5360 possunt

315 5378 370 5432 in
392 5375 608 5432 schedis
649 5385 798 5445 gesta
836 5377 1101 5432 conscribi
1131 5388 1184 5431 et
1209 5378 1412 5432 edenda
1453 5381 1752 5450 compleri,
1801 5381 1912 5436 edi-

318 5487 445 5527 cere
466 5486 574 5524 non
601 5479 898 5525 morentur.
928 5469 1143 5524 Hilarus
1165 5483 1402 5540 exceptor
1422 5473 1584 5527 dixit:
1612 5474 1762 5529 Sicut
1776 5489 1877 5530 con
1895 5509 1908 5519 -

320 5579 514 5620 sensus
535 5564 760 5618 accessit
799 5572 1148 5631 utrarumque
1176 5565 1439 5629 partium,
1477 5565 1601 5620 dum
1632 5569 1682 5621 in
1712 5567 1912 5623 scheda

325 5657 732 5731 prosecutiones
755 5671 880 5714 snas
907 5655 1340 5724 subscripserint,
1370 5665 1498 5712 tunc
1527 5658 1745 5716 demum
1768 5661 1910 5716 diem

325 5750 658 5809 edendorum
690 5761 962 5820 gestorum
996 5761 1278 5818 possumus
1304 5749 1538 5806 edicere.

2007 4642 2260 4695 stulasse.
2313 4642 2462 4697 Diem
2504 4655 2683 4700 autem
2735 4657 3016 4716 statutum,
3079 4654 3183 4710 hoc
3231 4667 3335 4721 est,
3386 4669 3600 4716 sextum

2011 4731 2190 4784 iduum
2230 4731 2510 4789 Juniarum
2534 4776 2551 4803 ,
2583 4737 2627 4792 si
2658 4738 2801 4794 Dens
2851 4743 3095 4810 jusserit,
3153 4745 3602 4815 observabimus;

2012 4826 2079 4879 ita
2121 4835 2296 4881 tamen
2342 4839 2399 4882 ut
2442 4830 2676 4900 acceptis
2721 4835 2889 4903 gestis
2930 4837 3086 4893 nobis
3114 4839 3372 4910 largiatur
3401 4843 3604 4914 aliquid

2009 4919 2348 4989 aequissimus
2370 4921 2559 4990 judex,
2598 4941 2704 4994 quo
2733 4928 2905 4995 possit
2930 4943 3052 4984 esse
3082 4940 3356 4986 tractatus.
3402 4933 3469 4988 Et
3499 4937 3607 4992 alia

2009 5028 2185 5066 manu.
2218 5013 2486 5068 Emeritos
2513 5017 2800 5087 episcopus
2823 5023 3133 5089 recognovi.
3170 5023 3505 5082 Marcellinus
3526 5033 3604 5085 uir

2007 5105 2326 5159 clarissimus
2354 5107 2588 5162 tribunus
2610 5121 2654 5163 et
2683 5113 2916 5165 notarius
2941 5113 3109 5169 dixit:
3141 5114 3382 5186 Septimo
3417 5121 3605 5178 iduum

2010 5197 2292 5252 Juniarum
2318 5198 2408 5253 die
2439 5201 2718 5255 matutinis
2756 5203 2904 5258 horis
2934 5205 3090 5261 vobis
3118 5217 3265 5278 gesta
3305 5211 3604 5268 tradentur.

2015 5292 2226 5346 Edicite
2254 5302 2432 5348 utrum
2459 5294 2562 5349 alia
2590 5296 2698 5358 die,
2729 5297 2778 5351 id
2801 5305 2907 5364 est,
2933 5307 3084 5354 sexto
3100 5301 3282 5356 iduum
3305 5302 3612 5372 Juniarum,

2015 5382 2209 5438 adesse
2236 5383 2528 5455 dignemini
2569 5395 2626 5440 ut
2667 5389 2964 5458 principale
2994 5395 3266 5464 negotium
3299 5409 3604 5468 peragatur.

2019 5473 2274 5529 Emeritus
2306 5477 2575 5547 episcopus
2609 5478 2781 5534 dixit:
2819 5481 3103 5539 Aderimus
3132 5485 3196 5539 ad
3234 5486 3493 5554 judicium
3516 5528 3531 5553 ,
3565 5488 3614 5543 si

2017 5585 2136 5637 qua:
2169 5570 2358 5624 statuit
2389 5571 2643 5626 nobilitas
2668 5581 2774 5638 tua,
2805 5573 3087 5630 habuerint
3114 5576 3384 5631 eﬂectnm.
3412 5575 3481 5631 Et
3506 5578 3614 5634 alia

2020 5678 2194 5715 manu.
2233 5662 2500 5718 Emeritus
2531 5667 2816 5736 episcOpus
2839 5670 3151 5737 recognovi.

2093 5755 2180 5810 68.
2232 5755 2571 5816 Marcellinus
2598 5755 2674 5814 uir
2704 5761 3020 5816 clarissimus
3053 5759 3283 5815 tribunus
3308 5771 3355 5817 et
3383 5764 3616 5819 notarius
