4130 6170
328 210 469 267 1565

327 419 488 475 dixit.
537 417 724 473 Lectae
772 415 1054 472 cautiones
1083 411 1250 482 gestis
1299 410 1659 481 praesentibus
1686 409 1937 464 adhaere-

325 511 486 567 bunt.
525 505 596 562 Et
621 507 837 580 adjecit.
865 503 1133 572 Quoniam
1177 508 1394 558 constat
1414 510 1539 556 ante
1570 500 1714 556 diem
1743 497 1943 554 editio-

325 618 455 659 nem
477 601 676 658 factam
704 613 830 655 esse
849 606 1149 670 gestorum,
1173 604 1424 666 superest
1443 603 1503 650 ut
1524 593 1822 666 principale
1842 604 1940 646 ηερ

326 695 538 766 gotium
572 698 931 763 proponatur.

399 789 456 843 7.
501 785 822 858 Augustinus
871 782 1139 852 episcOpus
1185 777 1431 834 Ecclesia
1475 777 1741 832 catholica
1780 774 1932 830 dixit.

324 878 637 949 Principale
661 874 939 947 negotium
961 871 1169 943 jamdiu
1191 877 1342 926 estut
1358 869 1606 940 cupimus
1630 865 1930 924 terminari.

328 971 584 1036 Proinde,
619 968 665 1024 si
707 969 790 1023 vel
836 980 965 1022 sero
1007 962 1352 1027 conceditur,
1394 962 1646 1032 probent,
1676 960 1934 1030 quoniam

328 1081 397 1122 ex
451 1075 605 1135 parte
655 1060 890 1117 adversa
935 1071 1058 1114 esse
1109 1054 1444 1119 desiderant,
1495 1054 1694 1108 totiens
1723 1051 1934 1122 objec1a

329 1158 592 1216 Ecclesia
620 1164 823 1212 sanctae
849 1151 1134 1210 catholicae
1160 1159 1272 1204 toto
1301 1147 1435 1204 orbe
1463 1146 1675 1202 diffusae
1703 1143 1931 1200 crimina

327 1260 385 1308 et
415 1263 710 1321 numquam
732 1245 984 1318 probata.
1016 1242 1087 1298 Et
1116 1259 1231 1298 cum
1251 1241 1461 1306 diceret,
1495 1238 1589 1312 (Et
1617 1239 1724 1294 alia
1748 1254 1928 1293 manu.

326 1340 690 1413 Recognovi.)

398 1434 457 1489 8.
496 1431 797 1486 Adeodatus
836 1429 1110 1501 episcopus
1137 1425 1288 1480 dixit.
1320 1425 1651 1494 Proponant.
1684 1420 1929 1477 Sciamus

325 1525 457 1598 quid
489 1532 676 1596 agunt.
708 1520 780 1575 Et
808 1521 916 1576 alia
946 1535 1124 1575 manu.
1169 1516 1482 1574 Adeodatus
1507 1515 1790 1586 episcopus
1816 1514 1928 1570 sal-

325 1635 392 1675 va
419 1617 785 1688 appellatione
815 1613 1134 1686 recognovi.

1265 199 1496 259 GESTA
1533 190 1997 256 COLLATIONIS
2035 194 2664 270 CARTHAGINENSIS.

398 330 454 382 6.
490 323 838 380 Marcellinus
885 323 961 377 vir
999 318 1316 375 clarissimus
1366 318 1599 374 tribunus
1627 326 1675 372 et
1701 313 1941 371 notarius
1969 313 2018 373 Α
2048 310 2199 372 docti
2279 321 2537 382 fuerimus
2559 367 2578 394 ,
2649 323 2986 391 respondere
3047 333 3348 390 valeamus.

3523 217 3663 274 1566

3435 328 3506 386 Et
3559 331 3666 386 alia

2047 423 2230 466 manu.
2292 416 2566 475 Emeritus
2608 415 2901 487 cpiscopus
2933 422 3086 479 salva
3113 423 3485 495 appellatione
3512 440 3671 482 reco-

2045 507 2231 571 gnovL

2123 596 2214 654 16.
2233 599 2660 660 Fortunatianus
2678 602 2955 677 episcOpus
2974 610 3207 666 ecclesia
3232 611 3506 671 catholica
3524 614 3682 673 dixit.

2043 684 2363 792 Difﬁdentia
2396 707 2484 753 est
2521 709 2700 750 causae
2736 711 3008 765 personas
3037 702 3184 759 velle
3213 704 3517 781 discutere,
3553 726 3695 782 quas

2042 786 2231 848 priore
2253 786 2699 859 conﬂictuyisus
2729 800 2817 846 est
2845 795 3238 855 conﬁrmasse.
3284 800 3359 859 Et
3401 805 3532 865 ideo
3570 822 3703 865 cau-

2040 886 2160 977 sam
2190 877 2472 936 Ecclesiae
2526 894 2886 977 peragamus,
2941 905 3092 960 quae,
3125 891 3272 953 sicut
3297 904 3578 971 promissa
3607 916 3719 977 est,

2039 972 2155 1021 toto
2187 977 2482 1075 terrarum
2512 970 2650 1029 orbe
2671 974 3033 1039 dill'unditur.
3082 983 3152 1042 Et
3187 970 3516 1056 aliaimanu.
3548 970 3728 1063 Reco-

2036 1075 2222 1132 gnovn

2037 1155 2204 1266 ξ
2659 1179 2733 1218 νίν
2762 1166 3115 1266 “afuimus
3147 1183 3387 1248 tribunus
3424 1206 3470 1253 et
3502 1204 3728 1266 notariu

2037 1245 2191 1302 dixit.
2245 1247 2570 1304 Sanctitas
2595 1260 2684 1310 tua
2725 1228 3387 1334 propasmo‘gel—r-l-vmmo
3424 1228 3470 1253 ct
3506 1228 3754 1267 ηυιατιιιε

2038 1347 2154 1364 ...Α-
2211 1355 2326 1364 η---
2372 1336 2643 1364 A:I:...__.,
2763 1352 2777 1364 .
2913 1352 2951 1364 _.
3215 1323 3232 1349 s
3284 1302 3574 1357 quantum
3618 1306 3754 1364 arbi_

2038 1347 2330 1444 tror,.non
2369 1336 2685 1411 diligenter
2707 1321 3006 1413 advertit.
3041 1321 3765 1452 Alia-enitituzzuzltlatagszt

2035 1433 2282 1501 Quaesita.
3042 1415 3160 1426 ““”“”
3183 1415 3330 1434 ’⁸⁸³⁸⁸⁸⁸
3363 1415 3610 1452 υνυδιὶιι
3638 1415 3759 1464 esse

2036 1613 2050 1636 ε
2064 1615 2086 1636 Δ
2233 1521 2490 1636 Algfius
2510 1533 2778 1636 episcopus
2823 1533 3107 1636 Ecclesia
3131 1559 3408 1616 catholica
3443 1570 3616 1631 dixit.
3647 1586 3736 1636 Ad

2035 1615 2089 1670 id
2113 1632 2245 1690 ergo
2268 1615 2432 1722 qttOd
2463 1627 2819 1697 quaesierunt,
2852 1627 3000 1696 IUbe
3039 1645 3263 1699 recitari
3291 1615 3711 1722 partis

395 1712 450 1766 9.
504 1707 804 1806 Vincentius
853 1708 1127 1806 episcopus
1176 1703 1438 1806 Ecclesia.
1463 1699 1924 1806 catholici-dixit.
1963 1702 2004 1762 Β
2033 1724 2140 1779 que
2164 1708 2465 1783 mandata,
2490 1721 2916 1779 etinslmenwr
2935 1730 3006 1785 ad
3030 1733 3087 1788 id
3107 1737 3257 1803 quad

324 1801 754 1874 Propositionem
806 1813 875 1856 ex
921 1798 1182 1853 mandato
1229 1812 1339 1852 non
1387 1792 1646 1850 didicisti.
1709 1791 1776 1844 Et
1822 1793 1928 1846 alia

323 1910 500 1948 manu.
533 1889 868 1962 Recognovi.

398 1985 485 2041 10.
534 1984 809 2039 Possidius
857 1982 1129 2053 episcopus
1174 1980 1434 2036 Ecclesia
1471 1977 1736 2032 catholica
1774 1975 1921 2032 dixit.

322 2081 589 2136 Morarum
620 2077 925 2133 tendiculas
965 2076 1147 2131 nullus
1177 2081 1522 2146 interponat,
1569 2073 1613 2127 si
1657 2072 1724 2128 de
1749 2086 1925 2128 causa:

322 2182 520 2229 nostra
569 2169 887 2227 defensione
932 2168 1166 2238 aliquam
1214 2168 1496 2224 habemus
1551 2165 1818 2221 ﬁduciam.
1859 2163 1926 2219 Et

321 2282 435 2321 cum
458 2265 667 2329 diceret,
701 2261 791 2333 (Et
819 2261 926 2314 alia
954 2273 1129 2315 manu.
1158 2259 1547 2330 Recognovi.)

397 2361 484 2416 11.
515 2357 847 2414 Marcellinus
873 2355 948 2409 vir
981 2353 1295 2408 clarissimus
1335 2355 1605 2410 tribunus
1631 2359 1676 2406 et
1703 2351 1930 2406 notarius

322 2454 470 2508 dixit.
499 2451 556 2507 Si
583 2449 707 2522 quid
739 2445 1057 2511 intenditur,
1089 2455 1456 2514 proponatur.

397 2544 480 2600 12.
511 2545 726 2617 Alypius
748 2543 1017 2614 episcopus
1045 2537 1288 2592 Ecclesia
1308 2540 1605 2595 catholica
1622 2536 1769 2592 dixit.
1798 2537 1936 2592 Man-

326 2640 505 2695 datum
532 2639 772 2709 ipsorum
804 2634 1034 2706 legatur,
1058 2641 1112 2688 et
1138 2632 1509 2688 intentionem
1542 2632 1786 2700 ipsorum
1815 2628 1937 2686 inde

327 2741 580 2804 agnoscet
601 2730 857 2786 nobilitas
886 2735 996 2782 tua.
1022 2725 1089 2778 Et
1115 2725 1220 2778 alia
1241 2740 1422 2777 manu.
1455 2724 1804 2795 Recognovi.

401 2827 489 2881 15.
526 2823 864 2879 Marcellinus
888 2820 965 2874 vir
991 2818 1314 2872 clarissimus
1343 2818 1588 2873 tribunus
1623 2827 1670 2870 et
1705 2816 1937 2871 notarius

332 2921 482 2976 dixit.
516 2918 728 2976 Amotis
766 2913 1021 2972 omnibus
1053 2910 1242 2973 moris,
1275 2913 1539 2979 quoniam
1570 2919 1785 2966 constat
1815 2925 1934 2964 om-

333 3015 420 3070 nia
448 3028 569 3085 qua
617 3012 684 3067 ad
725 3007 992 3080 principia
1034 3003 1233 3076 negotii
1264 3003 1616 3072 pertinebant
1657 3003 1936 3072 superiore

330 3106 535 3177 judicio
563 3104 875 3169 terminata,
901 3111 1064 3154 causa
1095 3095 1321 3150 dicatur.

407 3199 495 3253 14.
533 3196 860 3251 Fortunatus
897 3192 1168 3261 episcopus
1197 3185 1446 3242 Ecclesia
1477 3186 1752 3242 catholica
1779 3186 1930 3240 dixit.

336 3293 451 3346 Duo
479 3291 535 3346 in
590 3289 844 3344 mandato
885 3299 988 3341 suo
1015 3281 1284 3352 obiecisse
1313 3289 1644 3336 monstratur
1670 3294 1795 3350 pars
1836 3279 1934 3334 ad-

334 3397 516 3447 versa,
548 3381 896 3436 traditionem
926 3385 983 3432 et
1021 3373 1476 3446 persecutionem.
1514 3371 1574 3428 Si
1612 3372 1936 3446 igitur‘cau-

335 3489 450 3530 sam
474 3471 731 3528 Ecclesia
759 3471 946 3524 volunt
971 3479 1026 3523 ut
1050 3481 1391 3538 peragamus,
1414 3465 1745 3536 jamjamque
1769 3472 1820 3519 te
1849 3465 1935 3534 ju-

338 3567 554 3622 dicante
583 3562 820 3618 ﬁniatur.
849 3559 1012 3616 Nefas
1032 3569 1117 3614 est
1148 3558 1292 3613 enim
1322 3567 1377 3611 ut
1398 3558 1808 3629 exspectatione
1841 3570 1935 3626 po-

339 3657 501 3728 pulus
525 3657 579 3711 in
609 3668 853 3734 errorem
879 3652 1146 3707 mittatur.
1174 3651 1233 3706 Si
1255 3650 1594 3721 agnoscenda
1618 3659 1702 3704 est
1749 3649 1936 3704 Eccle-

341 3753 420 3807 sia
449 3760 564 3806 toto
590 3759 880 3813 terrarum,
933 3745 1073 3800 sicut
1119 3743 1381 3814 promissa
1410 3752 1514 3810 est,
1541 3742 1675 3798 orbe
1718 3742 1933 3810 diffusa,

341 3843 669 3898 testimoniis
715 3841 1104 3910 scripturarum
1151 3837 1424 3892 doceatur.
1490 3835 1582 3890 Sin
1624 3849 1759 3890 vero
1806 3835 1937 3890 soli-

340 3935 412 3990 tis
437 3934 728 4006 praestigiis
775 3932 1063 4002 solitisqne
1089 3930 1406 4002 ambagibus
1451 3927 1504 3984 id
1546 3927 1780 3984 intendit
1811 3943 1937 3998 pars

342 4028 568 4086 adversa
599 4042 667 4082 ne
692 4026 758 4080 ad
785 4027 1064 4081 veritatem
1092 4025 1396 4088 veniamus,
1441 4022 1675 4090 dicatur,
1722 4028 1784 4076 ut
1830 4021 1938 4078 hoc

348 4120 596 4177 omnibus
623 4119 946 4174 innotescat.
976 4117 1042 4171 Et
1069 4119 1176 4172 alia
1203 4132 1378 4170 manu.
1404 4115 1738 4184 Recognovi.

425 4209 510 4266 15.
541 4209 880 4265 Marcellinus
919 4208 994 4263 vir
1023 4208 1340 4263 clarissimus
1370 4204 1600 4262 tribunus
1629 4213 1676 4260 et
1703 4205 1939 4261 notarius

344 4305 494 4359 dixit.
527 4303 666 4371 Quid
698 4301 785 4358 his
811 4299 1084 4360 refertur?

415 4396 676 4454 Emeritus
718 4397 992 4468 episcopus
1041 4392 1196 4450 dixit.
1237 4391 1538 4460 Numquam
1595 4389 1818 4446 memini
1881 4391 1936 4447 in

342 4489 547 4559 judicio
600 4489 1014 4544 condemnatam
1071 4499 1193 4542 esse
1243 4482 1578 4556 patientiam.
1640 4484 1776 4550 Quin
1825 4448 2061 4541 imoDl

346 4596 558 4651 semper
580 4582 630 4636 id
653 4581 798 4637 laudi
820 4589 926 4647 est,
960 4589 1016 4634 ut
1039 4586 1306 4634 secretum
1335 4577 1579 4632 retinens
1608 4576 1807 4648 lingua,
1839 4579 1934 4634 ob-

341 4674 521 4744 jectis,
553 4675 600 4729 si
632 4682 831 4744 potest,
859 4671 1094 4728 dilucide
1121 4668 1470 4742 respondeat.
1505 4669 1649 4741 Ergo
1678 4672 1934 4741 quoniam

347 4767 586 4822 omnium
626 4767 897 4822 actionum
928 4765 1128 4821 debent
1165 4778 1286 4820 esse
1333 4762 1613 4834 principia,
1663 4765 1937 4836 totiusque

351 4862 550 4934 negotii
584 4861 733 4918 initia
763 4877 830 4916 ex
860 4875 920 4915 se
948 4874 1163 4916 sumere
1189 4867 1611 4923 consueverunt,
1643 4858 1770 4930 quid
1801 4875 1934 4930 prte-

349 4957 630 5012 teritnrum
659 4953 865 5009 dierum
892 4960 1044 5010 actus
1067 4950 1414 5017 involvimus,
1442 4961 1497 5004 et
1520 4953 1672 5022 quasi
1693 4967 1796 5008 non
1821 4951 1938 5009 fue-

348 5049 456 5103 rint
485 5054 724 5118 peracta,
775 5045 966 5100 iterum
996 5043 1334 5112 refricamus,
1363 5059 1487 5098 cum
1521 5047 1804 5109 praesentis
1829 5045 1938 5102 diei

349 5137 648 5214 propositio
690 5149 842 5190 suam
882 5135 1076 5192 debeat
1115 5152 1329 5192 sumere
1363 5136 1712 5206 accipereque
1749 5151 1937 5207 perso-

349 5230 520 5290 nam?
555 5227 706 5284 Unde
754 5228 798 5281 si
824 5228 1116 5296 propositio
1149 5244 1336 5284 eorum
1359 5237 1413 5282 et
1439 5229 1722 5296 reSponsio
1751 5241 1935 5288 nostra

349 5324 402 5378 in
425 5319 687 5391 judicium
713 5317 959 5386 mittitur,
994 5333 1344 5388 personarum
1393 5317 1626 5390 primum
1654 5327 1735 5374 est
1760 5318 1940 5376 discu-

350 5411 533 5466 tienda
581 5409 834 5479 qualitas,
866 5411 984 5480 quis
1016 5412 1065 5463 in
1087 5410 1350 5479 judicium
1385 5410 1629 5474 adduxit,
1659 5411 1778 5480 quis
1810 5426 1940 5466 con-

350 5504 540 5564 venire
563 5503 707 5565 fecit,
741 5504 859 5573 quis
891 5503 1158 5572 principes
1185 5501 1369 5556 saeculi
1395 5503 1670 5571 convenit,
1702 5504 1825 5573 quis
1857 5504 1936 5558 le-

352 5606 507 5669 gatos
519 5593 699 5662 misit,
725 5597 846 5666 quis
868 5592 1207 5663 supplicavit,
1235 5592 1355 5663 quis
1382 5594 1552 5665 legem
1574 5597 1795 5665 meruit,
1822 5597 1944 5666 quis

355 5688 624 5772 judicium
669 5685 990 5767 postulavit;
1041 5694 1100 5744 ut
1147 5701 1272 5751 cum
1314 5699 1504 5752 eorum
1559 5687 1945 5750 intentionibus

2034 1801 2105 1857 Et
2121 1806 2241 1862 alia
2272 1819 2456 1866 manu.
2481 1812 2813 1888 Rec0gnovi.

2106 1916 2207 1970 19.
2251 1914 2591 1982 Marcellinus
2631 1931 2708 1983 vir
2735 1931 3060 1989 clarissimus
3081 1937 3324 1995 tribunus
3345 1953 3394 1998 et
3437 1952 3679 2005 notarius

2029 2006 2196 2110 dixit.
2240 2005 2542 2108 Quaesitum
2568 2028 2653 2076 est
2673 2035 2766 2093 per
2790 2040 2926 2095 quos
2959 2027 3076 2083 haec
3103 2030 3176 2084 sit
3204 2035 3482 2100 postulata
3506 2041 3674 2096 colla-

2030 2107 2128 2200 tio,
2153 2107 2357 2168 qnive
2383 2111 2659 2184 episcopos
2685 2116 2778 2186 qui
2798 2131 2831 2173 e
2850 2117 3067 2175 diverso
3089 2123 3404 2182 consistunt
3428 2129 3496 2184 ad
3521 2131 3672 2200 judi-~

2031 2195 2176 2248 cium
2228 2205 2566 2262 postularit.
2591 2207 2745 2266 Unde
2773 2209 2842 2265 ad
2869 2211 2985 2268 hac
3012 2216 3281 2273 sanctitas
3324 2195 3668 2281 vestra-res-

2029 2285 2299 2358 pondere
2321 2295 2562 2354 debebit.

2103 2399 2202 2456 20.
2237 2403 2572 2478 Augustinus
2617 2413 2886 2484 episcapus
2911 2415 3176 2487 {Ecclesia
3203 2423 3481 2484 catholica
3509 2431 3661 2487 dixit.

2036 2492 2095 2550 Si
2123 2492 2191 2548 ad
2214 2508 2338 2552 rem
2359 2499 2572 2569 judicas
2601 2505 2898 2575 pertinere,
2927 2513 3260 2578 prastantiaa
3289 2524 3401 2574 tuae
3425 2529 3510 2577 est
3533 2538 3664 2578 con-

2039 2586 2305 2643 siderare.
2358 2591 2662 2650 Catlrnlicis
2699 2599 2974 2670 episcopis
2998 2604 3086 2659 vel
3128 2605 3326 2678 legatis
3358 2617 3660 2673 catholico-

2039 2695 2159 2736 rum
2189 2695 2568 2751 eptscororum
2600 2703 2926 2748 concessum
2973 2709 3097 2752 esse
3128 2698 3438 2762 habendam
3497 2711 3661 2767 colla-

2044 2774 2268 2841 tionem,
2299 2783 2457 2830 tenor
2495 2782 2748 2851 rescripti
2777 2784 3079 2854 imperialis
3105 2795 3367 2852 ostendit.
3402 2799 3660 2859 Venimus

2043 2867 2274 2936 utrique,
2319 2866 2407 2922 hic
2431 2885 2648 2938 sumus;
2679 2883 2734 2929 et
2764 2873 2907 2932 Deus
2940 2895 3040 2934 nos
3067 2883 3436 2955 disputatores
3463 2903 3519 2950 et
3540 2899 3654 2953 col-

2041 2957 2242 3053 latores
2267 2960 2448 3053 magis
2474 2976 2634 3053 quam
2664 2965 2963 3036 litigatores
2995 2985 3117 3030 esse
3159 2985 3443 3053 praecepit,
3477 2997 3532 3042 et
3571 2989 3653 3044 ni-

1963 3097 2009 3161 Ο
2043 3048 2116 3154 hil
2137 3048 2279 3153 aliud
2305 3049 2475 3151 voluit
2499 3052 2666 3108 Deum
2693 3056 2889 3113 timens
2911 3069 2963 3115 et
2992 3061 3103 3119 Deo
3131 3048 3381 3128 serviens
3407 3048 3648 3135 clemen-

2041 3141 2280 3236 tissimus
2312 3141 2624 3208 imperator.
2653 3146 2946 3208 Adstitisse
2977 3155 3246 3226 legitimas
3272 3176 3563 3236 personas,
3590 3181 3647 3227 et

2038 3232 2355 3288 conﬁrmata
2387 3247 2509 3289 esse
2549 3238 2798 3292 mandata
2841 3245 3019 3311 primo
3046 3249 3135 3306 die
3155 3255 3446 3312 conﬂictus
3472 3232 3644 3319 nostri

2034 3325 2295 3396 judicavit
2334 3325 2638 3382 sublimitas
2677 3337 2788 3384 tua.
2831 3331 2948 3390 Non
2979 3339 3398 3411 interponantur
3423 3365 3544 3417 quae
3573 3354 3642 3408 ad

2038 3435 2153 3476 rem
2180 3417 2485 3475 necessaria
2515 3437 2621 3476 non
2637 3431 2780 3479 sunt.
2809 3427 3054 3486 Ecclesia
3069 3445 3328 3505 estquam
3343 3442 3641 3502 asscrimus

2038 3515 2360 3570 testimoniis
2405 3515 2795 3586 scripturarum
2823 3521 3126 3583 divinarum
3146 3571 3161 3595 ,
3193 3533 3448 3591 omnibus
3475 3538 3638 3607 'nota,

2038 3610 2091 3666 in
2123 3620 2322 3678 monte,
2365 3612 2502 3668 sicut
2530 3615 2792 3686 scriptum
2845 3629 2951 3686 est,
3007 3625 3271 3681 altissimo
3320 3603 3635 3700 constituta,

2040 3703 2104 3755 ad
2128 3718 2288 3771 quam
2314 3704 2537 3758 veniunt
2563 3719 2752 3762 onmes
2772 3719 2984 3779 gentes.
3013 3713 3070 3770 Si
3108 3723 3191 3770 est
3217 3717 3422 3789 aliquid
3447 3734 3636 3779 contra

2039 3791 2198 3848 istam
2245 3793 2540 3849 Ecclesiatn
2564 3798 2705 3867 quod
2735 3799 2963 3868 dicatur,
2990 3804 3099 3874 jam
3126 3806 3358 3876 dicatur,
3391 3823 3446 3867 et
3477 3815 3638 3870 nullae

2038 3901 2204 3941 morae
2231 3889 2661 3958 interponantur.
2692 3891 2752 3948 Si
2780 3893 2912 3950 nihil
2935 3905 3019 3952 est
3043 3900 3187 3970 quod
3215 3900 3451 3974 dicatur,
3476 3908 3638 3962 cedat

2037 3981 2274 4047 veritati,
2306 3981 2396 4052 qui
2433 3995 2583 4036 suam
2612 3985 3049 4044 criminationem
3074 3989 3352 4049 affirmare
3381 4005 3436 4050 et
3456 4007 3639 4053 osten-

2040 4070 2167 4126 dere
2188 4082 2244 4128 et
2276 4071 2507 4142 probare
2540 4073 2852 4130 hominibus
2883 4093 2990 4132 non
3023 4088 3220 4149 potest.
3247 4083 3512 4150 Quamdiu
3535 4089 3638 4144 ista

2040 4171 2191 4218 tanta
2216 4162 2400 4234 populi
2423 4165 2767 4235 exspectatio
2789 4182 3052 4237 suspensa
3081 4172 3204 4226 eSt?
3233 4172 3310 4228 De
3334 4175 3512 4233 anima
3539 4195 3636 4235 sua

2038 4270 2227 4312 omnes
2254 4256 2511 4327 cogitant,
2549 4269 2604 4315 et
2629 4274 2728 4314 nos
2751 4264 3073 4318 moratorias
3102 4266 3542 4337 praescriptiones
3566 4272 3635 4328 ad

2043 4349 2145 4404 hoc
2194 4351 2611 4421 interponimus,
2643 4363 2700 4408 ut
2739 4355 2804 4410 ad
2833 4355 2993 4412 finem
3017 4363 3412 4430 cognoscendae
3435 4367 3639 4422 verita-

2066 4441 2108 4496 is
2153 4457 2442 4512 numquam
2487 4445 2752 4500 veniatur.
2806 4445 2874 4500 Et
2914 4448 3023 4502 alia
3075 4466 3250 4507 manu.
3297 4451 3632 4528 Recognovl.

2109 4557 2201 4612 21.
2251 4554 2594 4614 Marcellinus
2625 4559 2703 4614 vir
2729 4561 3046 4620 clarissimus
3069 4561 3378 4623 tribunus'et
3407 4574 3638 4628 notarius

2039 4648 2189 4704 dixit.
2220 4649 2292 4705 Ut
2330 4649 2537 4706 adverti
2580 4653 2746 4721 possit
2774 4653 2829 4708 in
2856 4669 3017 4724 quem
3044 4656 3264 4712 modum
3294 4662 3363 4714 sit
3391 4659 3633 4734 delegata

2037 4742 2296 4812 cognitio,
2322 4742 2618 4812 imperialis
2645 4748 2897 4817 praecepti
2921 4746 3094 4803 forma
3122 4750 3415 4823 relegatur.

2109 4856 2202 4912 22.
2255 4857 2542 4916 Petilianus
2583 4863 2855 4932 episcopus
2881 4865 3034 4920 dixit.
3088 4863 3402 4924 Catholicos
3426 4883 3486 4926 se
3515 4872 3639 4930 sine

2047 4949 2360 5020 praejudicio
2407 4961 2591 5007 nostro
2620 4952 2862 5022 dixisse,
2905 4955 2991 5011 his
3032 4959 3168 5014 actis
3218 4961 3488 5032 signatum
3529 4975 3636 5022 est.

2046 5040 2282 5112 Hujusce
2309 5042 2388 5098 rei
2417 5058 2572 5100 serva
2603 5045 2934 5102 conﬂictum.
2964 5047 3032 5102 Et
3062 5051 3166 5106 alia
3200 5068 3378 5108 manu.
3419 5056 3639 5112 Petilia-

2045 5150 2146 5190 nus
2177 5137 2464 5206 episc0pus
2507 5138 2656 5193 salva
2686 5141 3052 5212 appellatione
3079 5147 3386 5217 recognovi.
3421 5148 3640 5219 Alypius

2044 5228 2314 5299 episcopus
2339 5227 2586 5285 Ecclesia
2629 5233 2896 5288 catholica
2925 5235 3076 5290 dixit.
3110 5237 3265 5305 Quod
3306 5254 3642 5312 praeceperas

2043 5320 2324 5376 recitetur.
2343 5319 2410 5375 Et
2439 5323 2545 5378 alia
2583 5340 2757 5378 manu.
2783 5325 3108 5399 Recognovi.
3128 5330 3415 5387 Petilianus
3444 5336 3642 5403 episco-

2046 5430 2140 5481 pus
2156 5414 2306 5469 dixit.
2329 5415 2486 5484 Apud
2503 5432 2600 5470 nos
2612 5428 2692 5471 cst
2711 5419 2854 5474 enim
2866 5436 2990 5476 vera
3013 5424 3302 5489 catholica,
3320 5441 3439 5494 quac
3458 5438 3641 5492 perse-

2045 5507 2314 5562 eutioncm
2332 5509 2548 5576 patitur,
2566 5525 2670 5566 non
2683 5528 2801 5581 quin
2819 5514 2963 5568 facit.
2985 5514 3052 5568 Et
3067 5517 3171 5569 alia
3185 5516 3530 5587 mansum
3543 5515 3642 5573 Pe-

2048 5597 2261 5652 tilianus
2280 5599 2568 5668 episcopus
2588 5603 2899 5674 recognovi,
2921 5605 3071 5658 salvo
3084 5604 3460 5673 appellationis
3481 5606 3643 5663 eﬂcc-

2048 5688 2408 5748 ttt.Possiditts
2456 5693 2727 5767 episwpus
2759 5693 3006 5753 Ecclesia
3034 5694 3303 5756 catholica
3331 5697 3482 5760 dixit.
3530 5700 3644 5767 Hoc
