4130 6170
506 318 641 375 1567

1440 308 1667 366 GESTA
1705 306 2160 365 COLLATIONIS
2193 304 2814 364 CARTHAGINENSIS.

3656 304 3788 360 1368

513 428 753 501 probare
777 440 916 498 opus
939 434 1045 493 est,
1069 438 1176 481 non
1202 422 1430 495 jactare.
1480 422 1550 478 Et
1574 424 1680 478 alia
1706 438 1884 478 manu.
1937 423 2105 479 Reco-
2132 426 2182 485 Α
2210 423 2563 494 papulorum,
2589 423 2752 479 etiam
2778 431 2963 477 nostra
2991 420 3301 489 clementia,
3339 419 3480 475 sicut
3510 418 3785 486 desiderat,

549 526 692 577 novi.

549 538 692 577 novr.

509 538 542 594 ς
592 615 685 669 25.
732 609 1076 666 Marcellinus
1121 609 1199 663 vir
1245 608 1565 665 clarissimus
1607 609 1841 665 tribunus
1872 617 1920 664 et
1960 617 2107 663 nota-

516 709 625 761 rius
668 705 822 759 dixit.
872 702 988 759 Hoc
1027 709 1379 772 utrarumque
1412 702 1643 771 partium
1692 701 1976 758 conﬂictus
2014 701 2105 755 in-

512 798 712 854 veniet.
760 796 830 851 Et
870 796 1082 872 adjecit.
1139 794 1438 866 lmpcrialis
1466 796 1676 851 sanctio
1706 794 1921 852 interim
1969 793 2111 851 rele-

512 897 688 961 gatur.

506 973 515 983 ’
583 979 676 1035 24.
727 979 993 1035 Martialis
1044 988 1283 1047 σπάνιον
1312 979 1559 1034 recitavit.
1591 968 1951 1049 Imperatores
1993 977 2110 1033 Gaza

514 1087 664 1128 sares
706 1073 874 1128 Flavii
908 1071 1178 1127 Honorius
1206 1081 1263 1126 et
1285 1071 1628 1128 Theodosius
1652 1072 1745 1141 pii,
1771 1072 1977 1140 felices,
2001 1071 2112 1126 vic-

513 1174 663 1219 tores
693 1180 757 1219 ac
781 1163 1217 1233 triumphatores,
1252 1178 1468 1231 semper
1488 1162 1733 1232 Augusti,
1762 1162 1947 1218 Flavio
1968 1161 2109 1217 Mar-

492 1241 718 1313 °cellino
739 1272 840 1313 suo
868 1258 1121 1313 salutem.
1144 1256 1216 1311 Et
1246 1274 1362 1312 cum
1390 1259 1644 1312 recitaret.

589 1349 681 1403 25.
738 1349 1030 1403 Petilianus
1078 1351 1346 1419 episcopus
1390 1349 1541 1403 dicit.
1598 1348 1812 1404 Terreri
1871 1363 1958 1403 me
2011 1348 2116 1403 Im-

521 1451 740 1513 perator
795 1441 1003 1505 voluit,
1063 1456 1173 1496 non
1237 1440 1455 1506 occidi,
1513 1456 1619 1498 non
1679 1442 2113 1512 persecutionem

520 1532 670 1602 pati,
726 1547 831 1587 non
889 1532 1168 1603 pertrahi,
1218 1546 1326 1588 non
1375 1533 1615 1604 Spoliari.
1669 1532 1737 1587 Et
1780 1534 1888 1587 alia
1936 1548 2113 1587 manu.

523 1625 819 1682 Petilianus
856 1625 1146 1697 episcopus
1172 1627 1323 1682 salva
1348 1626 1714 1698 appellatione
1746 1636 1933 1682 nostra
1961 1640 2119 1682 reco-

520 1732 702 1789 gnovt.

2210 513 2444 570 celerius
2483 514 2657 584 possit
2684 526 2999 583 agnoscere.
3051 511 3203 578 Quod
3248 511 3294 565 si
3337 509 3476 564 intra
3507 510 3793 579 priestitum

2211 614 2427 678 tempus
2456 605 2697 661 studiose
2720 605 3122 660 Donatistarum
3149 603 3393 673 episcopi
3420 601 3797 659 declinaverint

2213 697 2533 763 convenire,
2576 697 2703 753 trini
2735 697 2898 753 edicti
2936 696 3312 753 evocationem
3342 694 3590 750 volumus
3618 704 3795 751 custo-

2210 791 2349 857 diri;
2380 791 2451 847 ita
2477 799 2535 846 ut
2551 791 2757 848 vicenis
2776 791 2964 848 diebus
2991 794 3044 846 in
3070 790 3387 847 evocatione
3407 790 3794 845 contumacium

2213 890 2455 953 tempora
2498 884 2889 940 concludantur
2920 901 2933 936 :
2966 883 3158 954 quibus
3186 882 3424 939 emensis
3443 890 3607 953 atque
3632 890 3799 937 trans-

2211 974 2368 1036 actis.
2402 974 2447 1029 si
2477 975 2751 1045 provocati
2780 975 2969 1030 adesse
3018 975 3462 1044 contempserint,
3502 972 3659 1028 cedat
3684 987 3798 1029 cum

2215 1066 2471 1123 Ecclesiis
2500 1067 2730 1137 populus
2751 1110 2766 1133 ,
2802 1069 2892 1139 qui
2933 1066 3184 1123 doctores
3210 1081 3335 1121 suos
3363 1066 3580 1122 silentio
3602 1079 3799 1135 cogno-

2216 1161 2375 1228 verit,
2423 1169 2731 1232 superatos,
2777 1170 2833 1216 et
2863 1161 3060 1217 victum
3088 1175 3148 1216 se
3174 1159 3464 1230 aliquando
3483 1157 3797 1229 gratuletur,

2218 1255 2462 1326 sciatque
2485 1255 2530 1310 si
2552 1271 2661 1310 non
2688 1255 2970 1325 prmceptis
2997 1254 3217 1318 nostris,
3247 1253 3335 1309 vel
3364 1251 3649 1307 catholica
3678 1250 3803 1323 legis

2217 1348 2362 1403 veris
2388 1348 2633 1418 imperiis
2674 1347 3039 1403 serviendum.
3083 1346 3179 1402 Cui
3207 1344 3422 1415 quidem
3461 1342 3800 1415 disputationi

2220 1442 2463 1514 principe
2505 1441 2626 1496 loco
2665 1450 2718 1496 te
2754 1439 2992 1513 judicem
3036 1439 3284 1495 volumus
3328 1437 3572 1494 residere
3626 1436 3801 1510 (quid-

2219 1534 2351 1606 quid
2391 1536 2553 1590 etiam
2586 1543 2710 1589 ante
2755 1533 2809 1588 in
2850 1532 3115 1588 mandatis
3154 1530 3450 1603 acceperis,
3503 1530 3801 1601 plenissime

2223 1627 2566 1701 meministi);
2584 1642 2908 1698 omnemque
2936 1627 3016 1682 vel
3035 1629 3085 1680 in
3107 1622 3501 1695 congregandis
3522 1622 3802 1694 episcopis,

2221 1722 2309 1776 vel
2336 1720 2626 1776 evocandis
2652 1720 2698 1775 si
2728 1720 2921 1775 adesse
2948 1716 3394 1789 contempserint,
3426 1731 3613 1771 curam
3644 1724 3699 1770 te
3726 1731 3806 1768 vo-

591 1808 683 1863 26.
735 1809 954 1880 Alypius
1014 1810 1280 1882 episcOpus
1335 1808 1585 1865 Ecclesiae
1633 1808 1897 1864 catholico:
1963 1810 2113 1865 dixit.

2228 1816 2404 1871 lumus
2433 1815 2725 1881 sustinere,
2752 1823 2886 1869 utet
2913 1828 2977 1869 ca
2998 1828 3116 1884 quae
3144 1823 3271 1868 ante
3311 1808 3566 1866 mandata
3596 1819 3742 1873 sunt,
3763 1817 3810 1863 et

525 1902 679 1971 Quod
700 1903 934 1973 amplius
962 1911 1066 1969 est,
1098 1916 1199 1960 nec
1230 1904 1448 1959 territus
1473 1917 1553 1959 es.
1585 1900 1653 1957 Et
1677 1901 1784 1957 alia
1812 1918 1989 1957 manu.
2022 1902 2123 1958 Re-

524 1998 774 2067 cognovi

597 2088 688 2144 27.
721 2088 1010 2144 Petilianus
1033 2093 1300 2162 episwpus
1319 2090 1751 2147 dixithaudasti
1766 2091 2120 2147 constantiam

527 2182 685 2236 bona:
730 2178 883 2246 ﬁdei,
929 2190 981 2235 et
1028 2196 1172 2236 verae
1217 2182 1500 2237 catholica:
1543 2182 1864 2252 disciplinae.
1907 2179 1975 2236 Et
2017 2182 2124 2237 alia

528 2288 711 2327 manu.
743 2270 1063 2340 (Petilianus
1083 2272 1396 2344 episcopus)
1419 2272 1568 2329 salva
1598 2274 1959 2344 appellatione
1981 2287 2127 2329 reco-

531 2378 712 2435 gnovr.

603 2454 694 2511 28.
720 2455 937 2527 Alypius
965 2455 1242 2529 episcOpus
1267 2454 1519 2512 Ecclesia:
1547 2457 1813 2513 catholica:
1833 2458 1984 2514 dixit.
2015 2456 2126 2514 Nec

533 2552 751 2608 territus
780 2566 861 2616 es,
892 2560 953 2606 ut
972 2550 1179 2607 dictum
1199 2560 1304 2618 est,
1329 2566 1430 2609 nec
1450 2552 1696 2609 timuisti.
1721 2550 1791 2606 Et
1817 2554 1924 2607 alia
1947 2568 2123 2608 manu.

534 2644 866 2717 Recognovi.

602 2739 694 2795 29.
730 2736 992 2793 Martialis
1035 2748 1277 2810 acceptor
1317 2739 1470 2795 dixit.
1519 2739 1662 2795 Inter
1700 2739 1912 2810 imperii
1958 2739 2128 2795 nostri

534 2830 806 2887 maximas
829 2843 1012 2897 curas,
1035 2830 1319 2886 catholicas
1348 2830 1481 2901 legis
1506 2831 1808 2886 reverentia
1832 2838 1927 2885 aut
1957 2830 2129 2901 prima

532 2938 751 2993 semper
774 2930 868 2977 aut
884 2921 999 2978 sola
1016 2933 1119 2977 est.
1140 2921 1327 2993 Neque
1350 2922 1495 2978 enim
1522 2921 1667 2977 aliud
1698 2931 1791 2977 aut
1816 2921 1947 2978 belli
1975 2922 2127 2977 laboo

534 3018 685 3072 ribus
709 3018 939 3087 agimus,
989 3026 1084 3072 aut
1125 3016 1269 3086 pacis
1297 3015 1537 3072 consiliis
1566 3015 1900 3080 ordinamus,
1932 3015 2034 3070 nisi
2073 3021 2131 3069 ut

534 3123 725 3164 verum
766 3108 862 3163 Dei
900 3108 1106 3163 cultum
1135 3106 1285 3163 orbis
1312 3108 1481 3163 nostri
1525 3106 1680 3177 plebs
1717 3107 1912 3162 devota
1953 3117 2132 3163 custo-

2225 1925 2347 1980 qna:
2378 1924 2517 1963 nunc
2561 1917 2759 1964 statuta
2793 1907 3111 1978 cognoscis,
3141 1905 3361 1976 probata
3393 1903 3574 1975 possis
3601 1903 3808 1973 implere

2228 2002 2488 2064 solertia;
2519 2000 2572 2055 id
2616 2008 2743 2056 ante
2766 2000 2947 2055 omnia
2974 2004 3304 2065 servaturos,
3348 2005 3409 2052 ut
3442 2010 3510 2052 ea
3542 2010 3663 2064 quae
3686 1995 3810 2049 circa

2228 2092 2554 2150 catholicam
2581 2092 2756 2163 legem
2800 2091 2885 2147 vel
2926 2091 3056 2146 olim
3086 2089 3357 2146 ordinavit
3383 2089 3713 2160 antiquitas,
3740 2086 3810 2142 vel

2232 2193 2519 2254 parentum
2567 2192 2876 2239 nostrorum
2905 2182 3196 2238 auctoritas
3220 2182 3481 2252 religiosa
3527 2180 3809 2241 constituit,

2226 2279 2311 2333 vel
2341 2286 2527 2333 nostra
2572 2277 2839 2333 serenitas
2883 2276 3177 2342 roboravit,
3225 2274 3446 2330 novella
3487 2272 3809 2343 subreptionc

2229 2368 2502 2438 submota,
2534 2369 2740 2439 integra
2770 2378 2828 2424 et
2870 2368 3124 2424 inviolata
3149 2366 3445 2423 custodias.
3481 2366 3553 2423 Ut
3576 2380 3699 2420 sane
3725 2363 3813 2419 ad~

2230 2461 2484 2517 minicnla
2507 2461 2869 2532 competentia
2891 2460 3100 2515 actibus
3118 2459 3224 2516 tuis
3243 2458 3441 2516 deesse
3464 2473 3573 2514 non
3594 2458 3806 2530 possint,

2234 2554 2376 2609 viros
2402 2553 2729 2624 spectabiles
2777 2553 3151 2624 proconsulem
3191 2561 3355 2621 atque
3384 2551 3647 2607 vicarium
3686 2564 3817 2606 scre-

2231 2646 2377 2703 nitas
2420 2656 2607 2702 nostra
2633 2646 2989 2713 commonuit,
3036 2654 3095 2701 ut
3132 2645 3176 2699 si
3225 2643 3575 2714 propriarum
3614 2643 3818 2714 dignita-
3870 2643 3875 2646 ’

2232 2748 2346 2794 tum
2379 2748 2575 2795 statum
2612 2739 2837 2809 cupiunt
2860 2739 3100 2795 retinere
3125 2779 3140 2803 ,
3181 2737 3227 2793 si
3256 2734 3656 2808 a'pparitionent
3682 2751 3818 2793 suam

2232 2841 2474 2888 extrema
2497 2832 2775 2888 declinare
2816 2832 3102 2903 supplicia,
3134 2839 3241 2886 tam
3273 2847 3338 2886 ex
3383 2829 3621 2901 propriis
3642 2829 3818 2885 ofﬁciis

2234 2939 2393 2996 quam
2426 2941 2490 2980 ex
2518 2925 2758 2979 omnium
2786 2923 3027 2995 judicum
3052 2922 3387 2993 apparitione
3407 2922 3630 2978 abunde
3649 2934 3819 2977 neces-

2234 3018 2411 3073 sarios
2441 3016 2640 3072 faciant
2658 3016 2926 3087 deputari.
2960 3015 3077 3071 Erit
3104 3015 3212 3084 jam
3235 3013 3622 3070 sollicitudinis
3638 3021 3757 3079 ture,
3775 3010 3819 3067 si

2235 3111 2364 3182 quid
2395 3111 2499 3166 ulla
2525 3111 2845 3182 cognoveris
2870 3118 2987 3164 arte
3010 3107 3241 3173 differri,
3271 3107 3458 3163 missis
3486 3106 3823 3163 relationibus

533 3199 679 3268 diat;
710 3208 765 3255 ut
787 3201 949 3256 etiam
974 3199 1281 3255 Donatistas
1308 3199 1394 3254 vel
1418 3209 1625 3254 terrore
1653 3198 1737 3254 vel
1766 3199 1971 3255 monitu
2003 3199 2131 3254 olim
2157 3206 2203 3267 ρ
2238 3200 2509 3268 indicare,
2566 3210 2625 3256 ut
2685 3201 3020 3272 negligentes
3073 3199 3264 3270 puniat
3313 3198 3483 3267 digna
3542 3200 3819 3269 correptio.

532 3293 645 3362 jam
673 3291 900 3361 implere
929 3299 1299 3357 convenerat;
1322 3292 1414 3362 qui
1450 3290 1706 3358 Africam,
1738 3290 1842 3347 hoc
1866 3299 1952 3347 est
1976 3292 2127 3360 regni

534 3387 707 3441 nostri
738 3386 1025 3441 maximam
1050 3395 1285 3457 partem,
1306 3394 1359 3441 ct
1384 3386 1738 3442 smcularibus
1766 3384 1961 3441 olﬁciis
2001 3384 2131 3442 lide-

531 3476 656 3532 liter
686 3477 1033 3545 servientem,
1082 3491 1222 3532 vano
1253 3491 1441 3531 errore
1485 3486 1540 3531 ct
1566 3476 1906 3531 dissensione
1945 3490 2131 3546 super-

536 3566 643 3622 ﬂua
685 3567 1020 3623 decolorant.
1070 3566 1179 3622 Nos
1213 3576 1389 3623 tamen
1417 3566 1605 3622 eadem
1648 3566 1981 3637 frequentius
2023 3582 2129 3622 non

540 3659 688 3729 piget
715 3659 988 3730 explicare
1007 3673 1129 3729 qua:
1150 3659 1393 3714 omnium
1418 3667 1566 3715 retro
1590 3659 1894 3731 Principum
1937 3659 2131 3715 devota

541 3751 595 3804 in
626 3752 792 3808 Deum
820 3752 1066 3808 deﬁnivit
1090 3751 1382 3807 auctoritas
1404 3794 1419 3817 ,
1448 3767 1518 3808 ne
1548 3751 1883 3823 temporibus
1910 3754 2130 3820 nostris,

542 3844 589 3899 si
615 3845 742 3915 quid
784 3847 924 3901 forte
950 3847 1001 3900 in
1034 3845 1289 3916 injuriam
1318 3846 1449 3916 legis
1474 3845 1756 3901 catholicae
1785 3844 1948 3903 fuerit
1971 3862 2132 3918 gene-

538 3946 737 4003 ratum,
766 3935 914 4005 justo
937 3936 1144 4005 judicio
1164 3936 1265 3991 hoc
1292 3937 1447 3991 nobis
1470 3937 1640 4006 possit
1661 3937 1926 4006 imputare
1954 3947 2134 4007 postes

537 4026 688 4081 ritas.
734 4025 844 4081 Nec
892 4039 1026 4082 sane
1054 4026 1185 4080 latet
1233 4026 1618 4080 conscientiam
1667 4037 1908 4081 nostram
1953 4041 2134 4083 sermo

537 4118 779 4175 cmlestis
823 4119 1064 4185 oraculi,
1110 4132 1270 4187 quem
1316 4118 1486 4172 errori
1540 4132 1639 4172 suo
1669 4132 1828 4188 posse
1871 4120 2135 4189 proﬁcere

539 4227 713 4268 scaeva
762 4212 1163 4267 Donatistarum
1216 4210 1592 4281 interpretatio
1642 4210 1927 4282 proﬁtetur
1974 4230 1986 4265 :
2039 4214 2133 4283 qui

537 4307 782 4379 quamvis
831 4306 1153 4376 depravatos
1178 4304 1387 4360 animos
1414 4304 1482 4360 ad
1522 4304 1917 4361 correctionem
1950 4307 2133 4363 mitius

537 4400 808 4462 invitaret,
839 4398 1045 4454 aboleri
1085 4412 1209 4452 eum
1239 4404 1419 4452 tamen
1458 4403 1584 4453 ante
1612 4397 1891 4468 iussimus,
1920 4413 1990 4454 ne
2028 4414 2131 4467 qua

537 4479 1012 4560 superstitionibus
1051 4494 1400 4558 praestaretur
1439 4488 1674 4544 occasio.
1727 4488 1882 4544 Nunc
1917 4503 2133 4560 quoque

2234 3293 2425 3348 Omnia
2467 3306 2598 3347 sane
2624 3306 2746 3362 qua:
2783 3291 2866 3346 vel
2899 3290 2953 3345 in
2996 3305 3160 3344 unum
3191 3289 3461 3359 episcopis
3499 3290 3823 3362 congregatis

2234 3386 2528 3457 disputatio
2584 3385 2853 3456 completa
2903 3384 3240 3448 ﬁrmaverit,
3305 3382 3396 3438 vel
3452 3382 3822 3439 desistentibus

2236 3477 2373 3534 forte
2398 3478 2650 3533 statuerit
2671 3478 2816 3533 circa
2832 3486 3183 3532 contumaces
3203 3476 3306 3531 lata
3338 3475 3641 3542 sententia,
3669 3485 3719 3530 te
3743 3488 3821 3529 re-

2236 3571 2379 3626 ferre
2423 3570 2730 3637 conveniet,
2763 3581 2820 3625 ut
2863 3568 3007 3640 quod
3049 3569 3117 3625 ad
3165 3568 3595 3624 conﬁrmandam
3641 3566 3825 3624 Catbo.

2237 3662 2398 3718 licam
2449 3662 2607 3719 ﬁdem
2659 3663 2948 3734 praeceptio
2994 3672 3178 3717 nostra
3224 3660 3555 3731 profecerit,
3607 3661 3823 3718 celerius

2235 3751 2507 3825 possimus
2532 3768 2844 3825 agnoscere.
2894 3752 2968 3808 Et
2992 3755 3167 3807 divina
3210 3770 3389 3807 manu.
3425 3753 3588 3821 Vale,
3612 3752 3827 3809 Marcel-

2238 3846 2368 3913 line,
2391 3845 2714 3903 charissime
2732 3846 2907 3902 nobis.
2926 3847 3115 3903 Datum
3140 3846 3311 3917 pridie
3333 3846 3457 3902 idus
3468 3846 3718 3903 Octobris
3731 3845 3825 3901 Ra-

2236 3954 2447 3995 vennte.

2308 4031 2396 4088 30.
2445 4029 2736 4087 Petilianus
2765 4032 3039 4102 episcopus
3063 4031 3215 4087 dixit.
3264 4030 3581 4087 Donatistas
3611 4046 3710 4087 nos
3731 4043 3821 4100 ap-

2238 4122 2523 4193 pellandos
2543 4136 2665 4178 esse
2685 4123 2934 4186 credunt,
2957 4138 3079 4180 eum
3108 4124 3151 4178 si
3179 4124 3463 4180 nominum
3489 4134 3821 4196 patet-norunt

2236 4216 2377 4272 ratio
2420 4215 2670 4279 vertitur.
2730 4227 2784 4272 et
2814 4231 2915 4288 ego
2963 4231 3058 4272 eos
3087 4216 3270 4272 dicere
3295 4231 3521 4286 possum
3543 4260 3560 4283 ,
3591 4218 3692 4272 imo
3730 4230 3823 4284 pa-

2238 4307 2343 4362 lam
2384 4318 2678 4378 aperteque
2711 4307 2937 4379 designo
2988 4308 3341 4363 Mensuristas
3389 4318 3448 4364 et
3489 4307 3813 4365 Caecilianis-

2238 4410 2318 4455 tas
2340 4414 2483 4467 esse,
2515 4400 2734 4456 eosdem
2778 4402 3068 4458 traditores
3096 4410 3152 4458 et
3179 4410 3565 4472 persecutores
3592 4410 3823 4457 nostros.

2237 4492 2307 4548 Et
2337 4494 2444 4550 alia
2487 4511 2662 4550 manu.
2713 4494 3010 4550 Petilianus
3050 4494 3336 4565 episcopus
3375 4496 3669 4567 recognovi
3714 4493 3833 4550 sine

537 4581 929 4640 excludendam
958 4581 1361 4651 subreptionem
1414 4580 1579 4636 simili
1605 4581 1925 4637 auctoritate
1944 4596 2134 4636 ccnse-
2158 4587 2211 4648 D
2240 4586 2555 4655 praeiudicio
2580 4585 2960 4656 appellationis
2988 4598 3212 4642 nostras.

538 4694 686 4742 mus;
716 4676 955 4746 illudque
982 4676 1176 4731 merito
1198 4675 1515 4747 proﬁtemur
1550 4676 1783 4732 libenter
1803 4690 1902 4730 nos
1928 4690 1988 4730 ea
2012 4690 2133 4745 qua:

538 4777 738 4826 statuta
761 4769 972 4824 fuerant
995 4767 1344 4835 submovere,
1372 4783 1440 4823 ne
1470 4766 1523 4822 in
1551 4766 1790 4822 divinum
1812 4767 2011 4821 cultum
2034 4781 2133 4821 no-

536 4859 620 4916 bis
664 4876 723 4916 se
762 4866 1045 4931 quisquam
1087 4859 1397 4915 auctoribus
1427 4859 1658 4913 mstimet
1698 4872 1858 4927 posse
1884 4873 2129 4929 peccare.

535 4954 602 5010 Et
624 4953 868 5023 quamvis
896 4967 1000 5007 una
1046 4953 1115 5007 sit
1140 4952 1380 5007 omnium
1425 4962 1481 5007 et
1517 4949 1799 5007 manifesta
1840 4954 2129 5019 sententia,

494 5062 495 5065 ‘
537 5045 819 5103 catholica:
865 5045 1000 5116 legis
1047 5046 1262 5116 plenam
1308 5044 1594 5100 veritatem
1657 5054 1805 5101 recto
1854 5045 2129 5101 hominum

534 5141 681 5196 cultu
707 5149 763 5195 et
782 5139 993 5195 cmlesti
1014 5139 1281 5196 sententia
1303 5139 1728 5206 comprobatam,
1754 5138 2129 5195 studiotamen

537 5232 686 5303 pacis
711 5242 766 5288 et
792 5231 998 5302 gratiae,
1031 5230 1421 5286 venerabilium
1450 5230 1689 5285 virorum
1738 5230 2126 5300 Episcoporum

537 5325 860 5395 legationem
887 5324 1117 5379 libenter
1162 5323 1505 5386 admisimus,
1535 5338 1654 5392 qua:
1674 5324 1989 5393 congregari
2021 5322 2125 5378 Do-

532 5418 760 5474 natistas
783 5418 1067 5488 episcopos
1107 5416 1175 5473 ad
1224 5426 1424 5474 coetum
1455 5417 1824 5473 celeberrima:
1850 5417 2127 5474 desiderat

533 5510 782 5575 civitatis,
811 5519 870 5565 ut
897 5510 1050 5565 lectis
1078 5511 1239 5565 etiam
1269 5508 1646 5564 sacerdotibus
1675 5522 1808 5579 quos
1836 5522 1962 5576 pars
1982 5517 2128 5564 utra-

533 5617 637 5670 qne
657 5602 938 5671 delegerit,
966 5600 1159 5656 habitis
1183 5599 1658 5670 disputationibus,
1688 5599 2127 5669 superstitionem

532 5693 672 5748 ratio
720 5694 1003 5749 manifesta
1039 5693 1301 5747 confutet.
1348 5691 1519 5759 Quam
1567 5708 1680 5747 rem
1731 5691 1870 5746 intra
1898 5699 2129 5764 quatuor

534 5777 749 5844 menses
792 5787 1139 5858 praecipimus
1162 5785 1444 5857 explicari,
1492 5794 1551 5839 ut
1592 5800 1886 5844 conversos
1914 5789 2127 5847 animos

2307 4677 2396 4732 51.
2450 4676 2744 4732 Vincentius
2790 4678 3060 4750 episcOpus
3100 4676 3352 4734 Ecclesia:
3382 4677 3656 4733 catholicae
3680 4678 3835 4733 dixit.

2236 4771 2303 4827 Et
2356 4771 2461 4827 hoc
2505 4786 2725 4828 recusas
2763 4771 2909 4843 quod
2953 4772 3007 4826 iu
3053 4770 3437 4842 praefectorum
3477 4772 3687 4842 judicio
3742 4784 3839 4843 pro

2236 4874 2363 4921 voto
2422 4865 2741 4936 complexus
2786 4866 2886 4921 es?
2936 4864 3002 4920 Et
3032 4866 3136 4919 alia
3160 4881 3337 4922 manta
3368 4865 3703 4936 Reeognovi.

2308 4958 2399 5015 52.
2430 4956 2714 5012 Petilianus
2739 4958 3007 5029 epismpus
3026 4958 3176 5012 dixit.
3203 4956 3317 5013 Nec
3337 4973 3485 5014 nunc
3513 4959 3697 5014 abnuo
3718 4972 3841 5016 esse

2234 5049 2368 5105 mihi
2397 5049 2697 5119 principem
2740 5064 2804 5104 ac
2826 5048 2993 5105 fuisse
3025 5049 3347 5105 beatissima:
3377 5060 3695 5121 sanctasque
3726 5056 3842 5108 me-

2234 5142 2422 5197 moria:
2449 5141 2717 5198 Donatum
2766 5140 2927 5213 hujus
2957 5141 3188 5197 civitatis
3228 5145 3572 5215 episcopum,
3603 5144 3841 5216 ejusque

2233 5244 2380 5291 tanta
2410 5237 2599 5292 merita
2627 5234 2896 5301 ﬂoruisse,
2929 5244 2989 5291 ut
3016 5244 3072 5292 et
3117 5236 3265 5290 illius
3312 5239 3576 5309 temporis
3601 5238 3842 5309 gloriam

2235 5337 2476 5386 vetustas
2528 5330 2663 5400 ipsa.
2690 5326 2892 5382 Etcum
2915 5328 3147 5392 diceret;
3175 5326 3269 5399 (Et
3292 5328 3399 5383 alia
3416 5345 3592 5383 vitans.
3616 5328 3844 5386 Petilia-

2236 5437 2339 5477 nus
2389 5422 2678 5492 episcopus
2723 5421 3056 5492 recognovi,
3128 5420 3280 5476 salvo
3327 5421 3715 5492 appellationis
3765 5421 3844 5480 ei-

2231 5511 2425 5586 fectu.)

2305 5604 2394 5659 33.
2450 5604 2670 5676 Alypius
2727 5604 2999 5675 episcopus
3056 5602 3306 5660 Ecclesia:
3349 5604 3623 5660 catholica:

2237 5695 2498 5752 Damnem
2554 5712 2751 5752 nomen
2793 5696 3018 5762 Donati,
3063 5706 3119 5751 et
3166 5695 3425 5766 deinceps
3479 5711 3589 5752 non
3646 5697 3843 5769 appelo

2235 5789 2466 5849 labimus
2491 5789 2613 5847 illos
2641 5790 2974 5848 Donatistas.
3020 5787 3089 5845 Et
3116 5789 3224 5845 alia
3264 5806 3446 5847 ηιαιηι.
3488 5790 3836 5860 Recognovi.
