4130 6170
199 814 202 816 γ
274 757 385 804 trtc.

271 258 406 314 1369
1187 249 1413 312 GESTA
1454 252 1906 311 COLLATIONIS
1941 253 2592 313 CARTIIAGINENSIS.
3422 297 3432 306 .
3477 281 3617 342 mm

339 372 427 426 54.
485 370 791 426 Petillianus
856 371 1123 442 episcopus
1176 369 1328 424 dixit.
1401 369 1600 423 Damna
1655 380 1856 422 nomen
1884 372 1933 431 Α
1962 367 2112 423 dixit.
2139 366 2222 423 Ad
2250 380 2489 420 omnem
2520 371 3011 437 conﬁrmationem
3034 383 3291 446 sufﬁcere
3321 405 3487 463 posse
3510 415 3618 458 ηοη

271 464 520 520 Mensurii
566 473 623 520 et
666 465 940 520 Caeciliani
967 506 982 530 ,
1033 474 1087 518 et
1123 477 1228 518 non
1273 462 1473 518 diceris
1515 459 1856 532 (Mensurista
1963 463 2183 534 ambigo
2208 459 2624 522 universorum
2667 471 3144 548 subscriptiones,
3169 459 3456 555 superiore
3478 493 3624 564 judi-

272 559 468 632 neque)
505 559 890 615 Caecilianista.
934 558 1003 613 Et
1029 559 1135 613 alia
1173 573 1349 656 ina-au.
1406 555 1701 656 Petilianus
1736 553 1854 622 epi-
1961 558 2048 612 cio
2075 553 2355 656 niandalo
2381 551 2638 616 insertas
2659 573 2828 638 atque
2870 571 3136 644 digestas.
3166 551 3322 638 Unde
3367 551 3622 656 ηιιοξιίθιῇ

277 667 472 725 scopus
516 651 806 722 recognovi
848 651 966 706 sine
993 647 1304 721 prtejudicio
1330 644 1701 719 appellationis
1733 659 1860 700 nos-
1962 648 2225 749 omnium.
2241 656 2586 707 consensus
2612 670 2914 727 expressus
2955 675 3076 736 est,
3110 675 3307 731 amotis
3338 644 3623 749 sdperﬂuis‘

1961 737 2284 810 aliquando
2315 741 2616 807 negotium
2643 764 2999 822 proponatur.

2037 832 2135 887 45.
2173 828 2475 932 Emeritos
2505 841 2783 915 episcopus
2805 848 2956 904 dixit.
2988 852 3105 909 Duo
3129 865 3255 912 sunt
3284 860 3338 916 in
3354 861 3617 932 judicium

1964 923 2138 1027 miss‘a
2166 965 2181 989 ,
2210 938 2244 975 a
2319 921 2528 1027 quibus
2558 932 2760 992 deviari
2790 941 2941 998 nullo
2969 945 3129 1002 modo
3172 921 3384 1021 potest':
3413 972 3576 1014 unum
3598 1000 3614 1027 ,

1965 1013 2121 1086 quod
2161 1012 2498 1119 secundum~
2525 1023 2809 1097 imperiale
2831 1012 3205 1108 prteceptum':
3233 1043 3396 1102 alliud
3421 1090 3436 1114 ,
3470 1012 3612 1119 quod

1967 1112 2318 1205 εεειιιιιιιιιῐι⁸
2338 1117 2584 1205 mandati
2616 1133 2858 1182 tenorem
2888 1145 3050 1200 agerc
3069 1149 3128 1189 se
3149 1136 3356 1205 judicio
3385 1112 3611 1198 demon-

1969 1213 2264 1262 strarunt.
2293 1202 2463 1274 Igitur
2493 1212 2540 1266 si
2571 1225 2793 1285 utraque
2823 1234 3066 1277 connexa
3096 1202 3250 1293 sunt,
3281 1228 3442 1285 debet
3472 1233 3604 1286 edo-

1975 1295 2094 1351 ceri
2137 1314 2154 1351 :
2184 1300 2228 1355 si
2278 1309 2460 1356 autem
2495 1318 2744 1377 separata
2773 1320 2934 1381 atque
2970 1314 3214 1385 sejuncta
3253 1329 3414 1388 sunt,
3447 1324 3602 1378 unius

1971 1402 2220 1448 necesse
2242 1402 2332 1449 est
2367 1393 2572 1453 faciant
2601 1401 2868 1468 jacturam
2892 1446 2906 1470 ,
2950 1407 3041 1475 qui
3075 1417 3366 1480 utrumque
3407 1415 3601 1470 nolunt

1974 1482 2042 1538 ad
2077 1486 2472 1550 probationem
2496 1490 2549 1545 in
2578 1493 2840 1561 judicium
2868 1497 3428 1558 mittere.Convenire
3449 1505 3594 1559 enim

279 1593 394 1648 qua:
420 1577 532 1647 jam
568 1578 620 1631 in
651 1575 889 1630 medium
920 1573 1249 1644 proferatur.
1976 1575 2151 1634 debet
2203 1595 2326 1636 cum
2385 1583 2652 1654 rescripto
2703 1586 3014 1642 mandatum
3039 1631 3052 1654 ,
3101 1599 3156 1644 et
3197 1592 3264 1646 ad
3295 1592 3586 1650 formulam

344 1669 434 1723 57.
485 1667 747 1722 Emeritus
794 1668 1067 1737 episcopus
1097 1666 1251 1721 dixit.
1282 1665 1505 1721 Lectum
1537 1673 1622 1720 est
1643 1662 1876 1757 rescrip-
1976 1674 2169 1727 statuti
2204 1674 2501 1744 imperialis
2527 1675 2904 1732 mandatorum
2936 1678 3096 1736 debet
3120 1697 3314 1738 sensus
3336 1685 3584 1757 astringi.

278 1769 408 1817 tum.
439 1760 712 1830 Legantur
741 1766 798 1813 et
826 1773 1039 1829 preces,
1074 1768 1130 1812 ut
1158 1771 1323 1813 causa
1362 1757 1531 1826 possit
1555 1755 1748 1811 audiri.
1805 1755 1874 1808 Et
1904 1777 1951 1837 Β
1979 1763 2138 1833 Quod
2195 1767 2240 1821 si
2293 1775 2548 1822 neua-um
2604 1783 2728 1825 esse
2770 1771 3092 1843 ξηιριηείιιη.
3121 1778 3436 1844 praestantia
3465 1755 3550 1832 ωδ
3572 1819 3589 1845 ν

342 841 434 897 55.
497 838 713 912 Alypius
757 837 1029 907 episwpus
1084 834 1330 890 Ecclesiae
1379 833 1644 888 catholica:
1705 831 1854 887 dixit.

276 933 398 990 Feci
424 932 566 988 enim
596 929 920 986 mentionem
943 927 1236 984 Mensurii?
1264 924 1333 980 Et
1354 924 1460 980 alia
1484 939 1658 978 manu.
1687 922 1862 978 Reco-

277 1024 458 1094 gttovi.

343 1116 438 1173 56.
471 1115 810 1170 Marcellinus
849 1115 926 1169 vir
947 1114 1265 1169 clarissimus
1293 1111 1522 1165 tribunus
1561 1119 1608 1163 et
1637 1107 1864 1162 notarius

278 1209 422 1264 dixit.
465 1208 590 1263 Hice
621 1206 798 1262 omnia
850 1206 1093 1276 utrisque
1131 1203 1372 1274 partibus
1397 1203 1543 1257 salva
1578 1211 1754 1256 erunt.
1795 1197 1864 1252 Et

279 1302 483 1375 adjecit.
540 1300 834 1356 Evidenter
881 1299 1130 1370 apparuit
1174 1297 1442 1368 episcopis
1473 1293 1868 1364 postulantibus

282 1393 698 1463 disputationem
739 1391 768 1445 a
813 1390 1124 1446 venerando
1159 1389 1400 1459 principe
1432 1402 1516 1442 me
1537 1387 1870 1454 disceptante

277 1485 440 1540 fuisse
462 1484 797 1548 mandatam,
824 1491 882 1537 ut
917 1496 1079 1538 causa
1106 1482 1263 1552 primi
1289 1480 1611 1535 discutiatur
1647 1478 1868 1544 erroris,

279 1855 380 1908 alia
401 1870 577 1908 manu.
614 1851 883 1907 Emeritos
902 1852 1192 1921 episcopus
1222 1850 1536 1921 recognovi.

352 1950 444 2006 38.
481 1949 820 2004 Marcellinus
852 1949 930 2003 vir
952 1948 1274 2004 clarissimus
1306 1948 1539 2002 tribunus
1567 1958 1614 2002 et
1639 1950 1879 2003 notarius

281 2044 430 2098 dixit.
459 2042 715 2098 Peritiam
737 2042 1037 2096 sanctitatis
1061 2052 1258 2096 vestrae
1286 2040 1522 2095 arbitror
1552 2055 1657 2095 non
1686 2041 1876 2108 latere,

285 2132 634 2206 pragmaticis
655 2133 932 2203 rescriptis
957 2147 1149 2202 preces
1180 2134 1343 2188 inseri
1375 2147 1481 2188 non
1514 2132 1724 2200 solere;
1747 2150 1880 2204 quas

285 2227 504 2298 quidem
535 2226 604 2280 ab
630 2225 904 2296 episcOpis
932 2226 1024 2294 qui
1063 2226 1406 2281 collationem
1455 2227 1878 2294 postulaverant,

285 2321 444 2393 297
466 2319 604 2375 sicut
631 2319 870 2389 ejusdem
901 2319 1196 2374 sanctionis
1237 2329 1413 2375 textus
1439 2320 1710 2385 ostendit,
1758 2335 1882 2389 pro—

286 2413 517 2468 cessisse
547 2426 652 2468 non
682 2421 912 2467 constat.
948 2410 1102 2468 Unde
1133 2411 1352 2467 tandem
1397 2411 1691 2484 aliquando
1719 2429 1884 2484 nego-

285 2501 416 2557 tium
443 2513 782 2571 proponatur.

354 2595 450 2650 59.
497 2593 755 2651 Emeritus
800 2596 1072 2668 episcopus
1109 2596 1263 2650 dixit.
1319 2595 1372 2652 Si
1420 2597 1753 2668 pragmatico
1796 2615 1883 2654 re-

286 2690 489 2758 scripto
529 2703 720 2760 preces
759 2691 923 2746 inseri
975 2706 1082 2746 non
1112 2691 1292 2745 solere
1319 2691 1644 2758 praestantiae
1666 2701 1771 2745 tum
1802 2692 1884 2746 in-

287 2781 650 2836 terlocutione
705 2782 976 2852 signatum
1029 2791 1270 2847 est,eos
1322 2795 1462 2851 quos
1511 2782 1715 2852 legatos
1758 2799 1883 2840 esse

291 2874 580 2941 dixerunt,
610 2883 788 2930 utrum
831 2891 898 2932 ex
949 2877 1192 2930 omnium
1243 2875 1548 2942 voluntate,
1596 2885 1774 2932 utrum
1815 2893 1881 2934 ex

289 2969 561 3025 communi
603 2969 856 3025 mandato
907 2970 1250 3040 perrexerint
1270 3012 1285 3036 ,
1317 2969 1549 3024 doceant
1569 3011 1585 3037 ,
1618 2979 1678 3025 ut
1699 2972 1742 3026 si
1773 2987 1881 3029 non

286 3063 340 3119 in
388 3064 671 3133 precibus,
721 3074 874 3120 certe
918 3065 1000 3120 vel
1053 3066 1105 3119 in
1149 3064 1342 3134 legatis
1373 3065 1545 3134 possit
1580 3073 1729 3121 stare
1759 3081 1885 3136 per-

1984 1871 2164 1925 neque
2187 1859 2500 1913 moratoriis
2524 1873 2622 1913 nos
2645 1860 2787 1916 velle
2809 1877 2989 1931 agere,
3021 1879 3196 1934 neque
3224 1881 3326 1921 nos
3351 1882 3382 1922 a
3411 1883 3590 1925 causa:

1983 1951 2200 2005 actione
2248 1949 2584 2020 suspendere
2607 1993 2621 2018 ,
2645 1952 2740 2007 sed
2766 1954 3078 2010 constitutis
3109 1957 3358 2024 primitus
3399 1958 3590 2015 funda-

1985 2044 2184 2098 mentis
2219 2043 2652 2099 ecclesiasticum
2677 2045 2950 2115 negotium
2992 2047 3132 2102 velle
3162 2048 3426 2116 deﬁnire,
3459 2051 3590 2121 quid

1987 2145 2071 2191 est
2121 2135 2269 2206 quod
2319 2133 2477 2190 nobis
2506 2135 2574 2191 de
2618 2152 2765 2192 mora
2810 2139 3200 2207 praescribitur,
3227 2149 3282 2195 et
3315 2129 3588 2212 tamquam

1984 2229 2398 2285 cavillatoribus
2421 2270 2436 2294 ,
2467 2239 2522 2283 et
2562 2245 2592 2283 a
2630 2231 2940 2300 cognitione
2979 2233 3368 2303 refugientibus
3389 2276 3405 2301 ,
3432 2238 3588 2306 quasi

1986 2337 2169 2376 moras
2193 2319 2455 2390 quasdam
2487 2335 2582 2390 per
2605 2335 2705 2376 nos
2728 2321 2926 2377 innecti
2965 2333 3296 2391 caueantur;
3329 2341 3450 2380 cum
3481 2327 3588 2380 nti-

1984 2433 2121 2487 que,
2156 2415 2202 2470 si
2228 2413 2514 2470 advertant
2537 2458 2552 2478 ,
2584 2417 2755 2487 magis
2785 2415 2871 2470 his
2925 2416 3014 2484 qui
3045 2427 3351 2487 proponunt
3381 2418 3588 2473 incum-

1983 2507 2114 2564 bere
2138 2515 2234 2561 aut
2267 2506 2633 2562 necessarium
2657 2521 2780 2561 esse
2809 2506 3040 2563 dicimus
3059 2550 3073 2572 ,
3105 2518 3164 2563 ut
3190 2509 3442 2566 omnibus
3469 2526 3586 2566 mo-

1985 2600 2060 2656 ris
2090 2598 2387 2670 amputatis
2423 2598 2490 2653 ad
2534 2600 2731 2670 negotii
2783 2600 3138 2656 instrumenta
3167 2616 3457 2673 arcemque
3486 2618 3586 2659 ve-

1986 2693 2192 2759 niatur,
2225 2701 2285 2747 ut
2313 2691 2630 2748 ostendatur
2660 2709 2724 2747 cx
2757 2693 2984 2748 adversa
3015 2701 3164 2763 parte
3194 2694 3318 2764 quis
3347 2694 3585 2764 petierit,

1983 2784 2445 2859 quemadmodum
2494 2786 2740 2856 petierit,
2770 2785 2853 2840 vel
2905 2786 3034 2856 quid
3092 2785 3342 2856 petierit;
3375 2797 3433 2840 ut
3459 2801 3584 2843 cum

1984 2882 2052 2938 dc
2100 2881 2360 2938 mandato
2400 2879 2486 2934 vel
2529 2879 2597 2935 de
2635 2879 2898 2949 rescripto
2933 2891 3159 2949 utraque
3192 2877 3585 2934 concordantia

1985 2973 2309 3044 complexus
2337 2972 2487 3027 fuero
2512 3013 2526 3037 ,
2554 2981 2607 3026 et
2627 2985 2690 3026 ea
2711 2987 2832 3042 quae
2855 2971 2907 3026 in
2942 2971 3206 3041 rescripto
3233 2981 3359 3024 sunt
3388 2969 3589 3024 conﬁr-

1987 3077 2128 3121 mata
2157 3107 2174 3133 ,
2206 3076 2262 3119 et
2290 3079 2351 3120 ea
2376 3079 2495 3135 quae
2525 3078 2590 3118 ex
2615 3063 2852 3135 ipsorum
2884 3063 3143 3133 petitione
3165 3072 3414 3132 suggesta
3439 3071 3590 3129 sunt,

287 3175 438 3216 Sona.
469 3159 530 3214 Et
560 3162 665 3215 alia
695 3179 868 3217 manu.
901 3161 1177 3217 Emeritos
1203 3161 1487 3230 episcopus
1533 3164 1827 3231 recognovi
1861 3207 1876 3233 ,
1908 3165 1954 3230 C
1985 3158 2200 3227 possint
2241 3155 2460 3225 judiciis
2493 3155 2799 3225 approbari.
2847 3154 2911 3208 Et
2963 3154 3069 3208 alia
3103 3169 3281 3208 manu.
3317 3153 3588 3208 Emeritos

283 3253 401 3308 sine
427 3254 741 3324 pra-judicio
767 3254 1147 3325 appellationis
1169 3269 1324 3307 metu.
1473 3261 1486 3316 ξ

355 3349 446 3404 40.
473 3350 791 3419 Augustinus
832 3351 1108 3422 epismpus
1156 3348 1406 3403 Ecclesia:
1433 3348 1703 3405 catholica:
1725 3349 1877 3405 dixit.

279 3440 542 3498 Advertat
588 3440 841 3497 nobilitas
889 3452 980 3496 tua
1001 3450 1203 3512 quanta
1237 3449 1470 3512 aguntur
1500 3448 1559 3495 ut
1589 3441 1720 3496 nihil
1749 3457 1878 3513 aga-

282 3543 390 3588 tur.
445 3532 507 3586 Et
549 3532 654 3586 alia
704 3549 879 3588 manu.
912 3534 1242 3606 Recognovi.
1278 3532 1561 3590 Montanus
1607 3537 1880 3608 episcopus

282 3627 438 3681 dixit.
493 3625 694 3681 Ordine
740 3627 950 3698 integro
973 3643 1133 3681 causa
1169 3628 1475 3698 peragenda
1521 3639 1625 3685 est.
1680 3627 1748 3683 Et
1775 3631 1881 3685 alia

281 3735 466 3774 manu.
495 3718 775 3773 Montanus
797 3720 1083 3790 episcopus
1110 3722 1419 3789 recognovi,
1447 3723 1592 3776 salva
1617 3736 1882 3792 provoca-

281 3813 456 3868 tione.

357 3903 450 3958 41.
481 3903 802 3976 Augustinus
829 3905 1095 3977 episcopus
1120 3902 1371 3959 Ecclesia'
1416 3905 1684 3961 catholicte
1731 3906 1880 3962 dixit.

280 3998 595 4054 Prmsentes
637 4006 762 4051 sunt
789 4039 803 4062 ,
843 3997 1057 4068 utrique
1103 3999 1462 4053 convenimus
1506 4017 1520 4054 :
1590 4000 1740 4055 locus
1784 4002 1885 4058 iste

283 4089 556 4161 episcOpis
586 4103 723 4158 pene
745 4089 978 4145 refertus
1023 4100 1144 4157 est,
1174 4091 1425 4146 mandata
1458 4093 1683 4147 recitata
1722 4102 1885 4165 atque

285 4185 498 4238 ﬁrmata
527 4191 679 4250 sunt;
717 4197 824 4237 non
871 4193 1098 4253 negatur
1126 4199 1155 4237 a
1187 4183 1427 4252 partibus
1457 4184 1656 4240 nostris
1690 4196 1879 4254 postu-

285 4279 450 4334 latam
477 4292 601 4333 esse
640 4276 1020 4342 collationem,
1065 4286 1123 4330 ut
1153 4276 1211 4331 in
1245 4291 1308 4332 ea
1337 4277 1628 4333 collatione
1667 4277 1882 4333 tandem

283 4371 580 4441 aliquando
620 4372 706 4428 vel
780 4370 1010 4439 probent
1054 4371 1136 4426 vel
1200 4371 1428 4441 probare
1485 4387 1590 4426 non
1645 4372 1886 4442 potuisse

286 4472 679 4530 ntoustrentur,
709 4478 830 4550 quae
872 4463 1050 4518 solent
1092 4477 1198 4517 non
1225 4462 1381 4517 nobis
1408 4505 1423 4529 ,
1457 4479 1563 4518 non
1595 4465 1885 4535 unicuique

1983 3254 2282 3324 episcopus
2315 3250 2634 3322 recognovi.

2053 3354 2151 3410 ΑΗ.
2184 3354 2512 3426 Augustinus
2534 3352 2805 3425 episcopus
2840 3349 3088 3406 Ecclesia:
3131 3349 3398 3405 catholicae
3433 3348 3585 3405 dixit.

1982 3448 2112 3503 Tute
2188 3456 2314 3502 sunt
2380 3454 2580 3515 partes,
2646 3444 2726 3498 vir
2760 3442 2978 3498 nobilis.
3052 3442 3107 3499 Si
3173 3442 3456 3510 respondit
3508 3442 3579 3498 ad

1984 3554 2048 3595 ea
2089 3553 2216 3611 qua:
2267 3536 2500 3593 diximus
2525 3579 2540 3603 ,
2571 3551 2708 3606 opus
2732 3546 2815 3591 est
2839 3544 2898 3589 ut
2928 3533 3375 3607 respondeamus.
3405 3534 3462 3590 Si
3491 3550 3592 3590 au-

1988 3645 2094 3690 tem
2147 3632 2393 3704 pervidet
2422 3631 2728 3700 praestantia
2764 3639 2851 3683 tua
2882 3627 3014 3682 nihil
3059 3643 3182 3683 eum
3238 3626 3588 3696 respondisse

1986 3727 2052 3782 ad
2103 3727 2156 3782 id
2186 3725 2330 3796 quod
2356 3723 2502 3793 joste
2566 3723 2899 3793 ﬂagitamus,
2941 3721 3034 3778 sed
3078 3721 3248 3777 moris
3296 3719 3590 3792 supct-lluis

1987 3819 2123 3874 alias
2168 3831 2348 3872 moras
2379 3815 2679 3885 superﬂuas
2708 3813 3003 3881 addidisse,
3049 3813 3230 3885 judica
3265 3823 3323 3869 ut
3349 3813 3583 3870 videtur.

1990 3910 2056 3965 Et
2078 3909 2183 3964 alia
2213 3925 2390 3963 manu.
2415 3907 2748 3980 Recognovi.

2060 4001 2153 4056 45.
2187 3999 2524 4057 Marcellinus
2553 4004 2631 4056 vir
2661 4001 2980 4057 clarissimus
3007 4001 3242 4056 tribunus
3285 4008 3332 4054 et
3357 4001 3589 4056 notarius

1989 4096 2141 4150 dixit.
2173 4095 2391 4149 Certum
2421 4096 2749 4164 cognitionis
2777 4102 3022 4148 tenorem
3063 4093 3346 4164 principali
3374 4102 3589 4150 constat

1989 4189 2314 4240 auctoritate
2351 4183 2655 4238 deﬁnitum.
2688 4184 2801 4239 Hoc
2847 4185 2993 4237 enim
3025 4186 3239 4240 relecto:
3289 4183 3589 4240 sanctionis

1989 4277 2161 4332 series
2184 4277 2581 4332 demonstravit
2626 4287 2704 4341 ut,
2765 4277 3076 4331 convocatis
3126 4275 3394 4346 episcopis
3426 4283 3588 4345 atque

1992 4367 2238 4440 partibus
2289 4366 2552 4433 delectis,
2601 4365 3080 4438 superSIitionctn,
3124 4376 3181 4420 ut
3231 4367 3401 4436 ipsius
3453 4366 3588 4438 legis

1989 4463 2174 4518 verbis
2208 4463 2419 4532 loquar,
2453 4461 2591 4516 ratio
2619 4460 2905 4516 manifesta
2927 4459 3189 4514 confutet.
3222 4458 3379 4517 Unde
3400 4458 3588 4530 digna-

285 4566 566 4622 nostrum,
594 4558 688 4612 sed
719 4548 971 4612 universo
1000 4557 1119 4612 orbi
1160 4556 1456 4613 christiano
1495 4558 1733 4628 objieere
1763 4561 1881 4626 eri.
1911 4548 1966 4622 Ι)
1993 4556 2138 4612 bitur
2163 4555 2423 4611 sanctitas
2449 4565 2628 4610 vestra
2659 4553 2861 4609 clarius
2889 4553 3270 4609 demonstrare
3301 4553 3352 4608 in
3383 4567 3487 4623 qua
3517 4554 3590 4609 sit

284 4651 435 4706 mina
466 4669 477 4704 :
508 4651 596 4721 qui
629 4649 970 4706 Christianus
1008 4651 1156 4706 orbis
1183 4666 1290 4705 non
1313 4651 1575 4721 opinione
1606 4653 1838 4710 humana
1866 4697 1882 4719 ,

282 4743 384 4800 sed
428 4744 624 4798 divinis
655 4744 979 4798 testimoniis
999 4750 1056 4798 et
1101 4743 1403 4813 promissus
1444 4751 1562 4810 est,
1610 4755 1665 4801 et
1695 4749 1887 4818 imple-

283 4846 394 4890 tur.
430 4834 605 4903 Quid?
633 4835 825 4890 Adhuc
871 4837 1057 4890 nescio
1085 4849 1187 4905 qua
1230 4835 1678 4906 tergiversatione
1706 4855 1888 4894 mora-

285 4927 424 4983 toria
466 4927 534 4981 ab
560 4927 640 4983 eis
671 4928 1088 4997 interponuntur
1132 4927 1223 4997 qui
1273 4941 1334 4982 se
1357 4929 1643 4999 episcopos
1678 4928 1884 4988 Christi

281 5019 394 5074 dici
425 5019 654 5074 volunt?
679 5020 1024 5088 Exspcctatio
1045 5059 1060 5084 ,
1093 5033 1198 5073 non
1241 5018 1364 5074 dico
1393 5019 1552 5089 hujus
1601 5023 1839 5079 civitatis
1868 5069 1882 5092 ,

284 5113 384 5168 sed
409 5115 643 5170 universi
676 5129 814 5183 pene
839 5113 1052 5183 generis
1079 5112 1296 5169 humani
1327 5129 1590 5185 suspensa
1619 5124 1705 5172 est
1727 5160 1741 5184 ,
1775 5119 1878 5174 ali-

283 5207 416 5279 quid
449 5208 516 5261 de
547 5205 790 5262 Ecclesia
809 5205 958 5274 copit
981 5206 1200 5271 audire;
1226 5215 1282 5261 et
1308 5223 1407 5262 nos
1435 5206 1610 5262 adhuc
1635 5207 1884 5267 forenses

283 5299 547 5356 formulas
587 5297 940 5363 discutimus,
983 5305 1039 5351 et
1089 5298 1396 5354 miserrime
1435 5298 1726 5368 litigamus.
1763 5300 1881 5356 iam

280 5393 539 5448 advertat
574 5386 828 5442 nobilitas
869 5397 958 5442 tua
1002 5387 1132 5458 quid
1177 5397 1385 5457 agatur.
1428 5389 1546 5444 Jam
1593 5390 1882 5462 aliquando

279 5502 387 5542 nos
421 5484 489 5538 de
519 5483 620 5536 hoc
650 5482 863 5551 negotio
892 5481 1184 5552 amputatis
1212 5480 1466 5536 omnibus
1493 5483 1719 5539 morulis
1742 5526 1756 5549 ,
1785 5485 1882 5540 ad-

272 5582 509 5654 juvante
549 5577 680 5645 Deo,
703 5577 938 5634 liberare
974 5575 1218 5646 dignare.
1270 5573 1342 5629 Et
1363 5575 1471 5628 alia
1499 5593 1673 5633 manu.
1707 5579 1882 5636 Reco.

279 5674 468 5750 gnovL

369 5769 459 5826 ιη.
492 5764 830 5823 Marcellinus
850 5766 928 5819 vir
970 5761 1289 5820 clarissimus
1325 5763 1558 5820 tribunus
1579 5773 1626 5820 et
1656 5764 1886 5823 notarius

1994 4658 2149 4720 parte
2173 4647 2486 4718 superstitio
2508 4649 2822 4702 constituta.

2061 4740 2151 4796 46.
2202 4739 2493 4795 Petilianus
2520 4740 2790 4810 episwpus
2826 4738 2977 4793 dixit.
3008 4738 3255 4795 Advertit
3282 4739 3589 4797 sublimitas

1991 4845 2080 4889 tua
2105 4848 2354 4904 magnam
2404 4831 2761 4888 difﬁdentiam
2805 4847 2900 4887 eos
2946 4831 3183 4897 habere,
3231 4849 3589 4904 magnumque

1992 4923 2330 4980 mendacium
2357 4965 2371 4990 ,
2400 4924 2444 4979 si
2473 4939 2536 4979 ea
2564 4939 2686 4995 quae
2731 4925 2966 4994 petimus
3007 4923 3240 4996 prodere
3289 4925 3584 4985 noluerint.

1993 5017 2207 5072 Etenim
2241 5025 2370 5071 ante
2398 5015 2468 5071 de
2494 5030 2588 5070 sua
2613 5015 2945 5083 conscientia
2983 5016 3191 5085 iudicat
3211 5058 3226 5084 ,
3252 5019 3342 5085 qui
3375 5019 3590 5088 petitio-

1989 5128 2111 5166 nem
2138 5124 2289 5165 suam
2321 5111 2556 5166 timuerit
2588 5110 2884 5180 publicare.
2915 5109 3031 5165 Non
3065 5111 3232 5180 igitur
3255 5129 3460 5168 moram
3491 5114 3590 5168 ali-

1988 5219 2146 5274 quam
2198 5203 2462 5269 facimus;
2495 5202 2590 5258 sed
2621 5217 2719 5272 per
2746 5203 2889 5273 ipsos
2922 5218 3104 5259 moras
3133 5202 3248 5260 ficri
3272 5206 3588 5261 sublimitati

1990 5305 2114 5351 tuae.
2141 5295 2209 5349 Et
2237 5311 2354 5350 cum
2379 5295 2598 5359 diceret,
2629 5291 2726 5360 (Et
2746 5295 2852 5348 alia
2888 5311 3065 5352 manu.
3125 5291 3422 5352 Petiliunus
3469 5297 3587 5366 epi-

1988 5402 2187 5459 scopus
2222 5387 2375 5443 salvo
2399 5385 2779 5456 appellationis
2803 5395 3006 5441 nostra:
3028 5388 3222 5443 merito
3249 5387 3586 5459 recognovi.)

2057 5480 2149 5535 47.
2191 5479 2488 5536 Vincentius
2532 5480 2804 5552 episcoyus
2852 5478 3099 5536 Ecclesia?
3124 5479 3391 5533 catholicae
3431 5479 3580 5532 dixit.

1986 5574 2103 5632 Non
2127 5575 2325 5631 sufﬁcit
2353 5574 2496 5645 quod
2522 5573 2614 5628 tibi
2640 5573 2924 5643 respondit
2951 5573 3153 5643 judex?
3174 5571 3242 5626 Et
3268 5573 3371 5626 alia
3401 5587 3582 5626 manu.

1990 5670 2327 5741 Recognovi.
2364 5668 2655 5724 Petilianus
2707 5670 2970 5742 episcopus
3023 5667 3174 5721 dixit.
3252 5670 3358 5720 Aut
3407 5664 3588 5736 legant

1989 5763 2133 5834 quod
2167 5764 2431 5835 petimus,
2461 5773 2552 5821 aut
2584 5771 2805 5833 negent.
2854 5759 2921 5818 Et
2949 5758 3052 5812 alia
3079 5773 3256 5813 manu.
3291 5757 3588 5817 Pctilianus
