4130 6170
524 252 659 308 1571

1447 249 1674 308 GESTA
1714 249 2170 308 COLLATIONIS
2203 249 2822 311 CARTHAGINENSIS.

3681 261 3836 318 1372

525 371 814 441 cpiscopus
885 368 1174 440 recognovi
1201 409 1217 435 ,
1285 367 1432 425 salva
1487 369 1855 440 appellatione
1903 377 2108 426 nostra.
2140 373 2197 435 Α
2217 385 2299 426 re.
2331 369 2396 424 Et
2425 371 2533 424 alia
2561 387 2736 427 manu.
2768 369 3091 444 [Petilianus
3117 371 3599 447 episcopus].salva
3629 377 3836 446 appel-
3883 415 3896 422 -

531 461 938 518 Fortunatianus
962 461 1236 532 episcopus
1256 458 1504 517 Ecclesiae
1532 461 1799 516 catholicis
1817 461 1971 517 dixit.
1986 460 2126 528 Quid

530 557 600 612 ad
634 570 743 610 rem
776 555 1011 624 pertinet
1039 552 1182 622 quod
1216 569 1342 624 pars
1363 555 1592 610 adversa
1621 563 1706 611 est
1727 562 2011 626 prosecuta
2030 595 2045 621 ,
2071 562 2129 610 et

531 661 641 704 non
696 650 914 718 propter
958 661 1137 701 moras
1167 646 1464 717 quasdam?
1509 646 1576 703 Et
1618 663 1734 702 cum
1773 647 1999 713 diceret,
2034 646 2127 719 (Et

526 743 631 797 alia
679 758 853 795 manu.
904 741 1237 810 Recoguovi.
1269 738 1290 813 )
1325 741 1615 796 Petilianus
1665 742 1939 812 episcopus
1965 741 2127 812 partis

528 835 723 890 Donati
767 833 978 908 [dixit]
1005 833 1216 890 Judica.
1245 833 1311 888 Et
1340 835 1444 888 alia
1489 851 1668 889 manu.
1691 833 1988 889 Petilianus
2012 836 2125 903 epi-

530 946 728 1002 scopus
755 929 1071 1001 recognovi,
1090 930 1242 985 salvo
1273 938 1472 986 nostra:
1496 929 1878 1000 appellationis
1907 928 2121 984 tellecta.

599 1023 693 1080 48.
721 1022 1064 1079 Marcellinus
1093 1023 1172 1077 uir
1202 1023 1515 1078 clarissimus
1548 1024 1782 1078 tribunus
1812 1032 1857 1077 et
1896 1023 2126 1080 notarius

530 1117 681 1172 dixit.
713 1115 1026 1172 Evideutius
1057 1115 1322 1174 sanctitas
1343 1125 1524 1172 vestra
1549 1116 1676 1187 quid
1722 1117 1958 1187 postulet
1978 1116 2124 1172 desi-

529 1225 701 1282 gnare
732 1210 967 1266 debebit.

606 1301 699 1358 49.
731 1302 992 1358 Emerims
1015 1304 1286 1375 episcOpus
1313 1303 1463 1359 dixit.
1480 1302 1666 1373 Longo
1694 1303 1967 1360 volumine
1990 1316 2130 1373 prae-

533 1395 696 1450 terito
730 1395 937 1466 judicio
968 1396 1126 1467 quasi
1176 1396 1415 1450 mandati
1463 1405 1702 1452 tenorem
1733 1411 1857 1466 pars
1900 1395 2128 1452 adversa

536 1489 790 1561 prodidit.
826 1488 924 1544 Cui
957 1490 1036 1544 rei
1059 1490 1104 1545 si
1127 1504 1254 1545 vera
1301 1489 1657 1560 adstipulatur
1686 1489 1946 1555 assertio,
1976 1489 2027 1542 id
2076 1489 2127 1544 in

529 1583 739 1655 judicio
763 1569 1068 1652 “publicare
1119 1598 1182 1638 ac
1211 1583 1440 1652 prodere
1493 1582 1726 1647 debent,
1757 1580 2131 1638 tantummodo

535 1693 596 1734 se
638 1677 794 1748 sequi
821 1677 926 1734 hoc
985 1677 1161 1747 ipsum
1207 1695 1220 1732 :
1248 1677 1514 1748 jacturam
1541 1682 1722 1731 autem
1753 1674 1930 1730 facere
1960 1675 2131 1743 impe-

2228 449 2429 519 latio'ne
2457 473 2640 519 nostra
2668 463 2985 534 recognovi.

2301 556 2391 611 55.
2419 556 2736 628 Augustinus
2781 557 3051 627 episcopus
3090 557 3316 612 ecclesia:
3353 557 3624 615 catholica:
3669 561 3838 618 dixit.

2229 647 2360 702 Data
2391 657 2498 703 est.
2547 647 2746 703 Omnes
2777 647 3016 704 fatemur
3041 663 3139 704 nos
3178 650 3385 718 petisse
3432 650 3789 706 collationem
3817 694 3837 716 ,

2227 739 2482 809 quoniam
2531 754 2648 794 eam
2673 740 3039 803 recusabatis;
3073 749 3129 794 ut
3152 740 3367 795 tandem
3412 742 3490 795 sic
3519 743 3718 798 saltem
3763 743 3835 798 ad

2229 830 2374 886 hunc
2401 831 2577 886 locum
2609 831 2694 886 vel
2725 831 2792 886 ad
2825 832 2929 887 hoc
2957 840 3195 902 tempus,
3221 833 3534 888 collationis
3562 844 3620 889 et
3642 835 3842 904 dispu-

2231 925 2451 980 tationis
2480 933 2536 980 et
2557 924 2995 984 demonstrandae
3020 927 3262 981 veritatis
3285 927 3457 997 gratia
3491 929 3837 985 veniremus.

2229 1015 2452 1071 Factum
2485 1026 2584 1072 est.
2617 1017 2912 1086 Venimus,
2955 1027 3009 1072 et
3035 1017 3168 1072 nihil
3202 1019 3360 1072 vultis
3391 1020 3658 1090 prodesse
3688 1022 3841 1089 quod

2228 1114 2494 1168 venimus.
2528 1109 2863 1166 Conﬁtemur
2898 1125 2998 1166 nos
3022 1111 3366 1167 collationem
3401 1113 3634 1181 petisse.
3686 1113 3840 1168 Nihil

2228 1206 2376 1262 aliud
2409 1207 2703 1276 imperator
2751 1221 2912 1276 quam
2965 1220 3064 1260 nos
3093 1205 3440 1261 collationem
3488 1207 3695 1276 petisse
3722 1207 3842 1261 suis

2230 1297 2407 1352 verbis
2453 1297 2748 1366 expressit.
2799 1295 2921 1352 1am
2955 1295 3048 1351 ﬁat
3098 1295 3211 1366 ipsa
3260 1297 3502 1352 collatio.
3543 1297 3842 1353 Videamus

2230 1387 2358 1458 quid
2388 1388 2598 1444 dicatur
2626 1395 2815 1443 contra
2863 1388 3160 1444 Ecclesiam
3199 1397 3313 1442 toto
3362 1389 3499 1444 orbe
3534 1388 3792 1445 diffusam
3819 1432 3838 1455 ,

2231 1497 2391 1550 quam
2434 1481 2868 1538 demonstremus
2917 1481 3113 1536 divinis
3138 1483 3471 1538 teetimoniis
3499 1493 3556 1538 et
3602 1486 3840 1553 promis-

2232 1588 2346 1641 sam
2375 1587 2494 1628 csse
2516 1615 2531 1640 ,
2561 1582 2615 1626 ct
2655 1588 2797 1627 nunc
2826 1573 2898 1626 ita
2921 1573 3200 1640 exhiberi,
3228 1583 3284 1630 ut
3326 1591 3599 1631 czccorum
3644 1579 3838 1633 oculos

2236 1667 2428 1733 feriat,
2471 1667 2760 1721 surdorum
2791 1680 2951 1722 aures
2971 1667 3258 1738 irrumpat.
3291 1667 3372 1724 Ad
3417 1668 3562 1725 hanc
3607 1671 3837 1726 demon-

537 1769 688 1828 rialis
719 1770 967 1840 rescripti
988 1809 1005 1838 ,
1037 1769 1105 1825 ad
1135 1769 1288 1838 cujus
1325 1768 1814 1840 promulgationem
1844 1781 2018 1836 neque
2049 1777 2123 1822 te-
2156 1771 2206 1832 Β
2233 1759 2509 1815 strandam
2543 1759 2738 1814 nolunt
2765 1762 3049 1830 pervenire
3076 1759 3269 1816 fratres
3297 1765 3497 1830 nostri,
3524 1773 3584 1818 ut
3608 1764 3838 1819 demon-

537 1878 727 1921 norem
776 1877 1031 1933 precum,
1081 1876 1255 1932 neque
1296 1860 1602 1916 mandatum
1636 1861 1933 1931 legatorum
1974 1874 2128 1914 mon-

535 1965 712 2014 strare
739 1953 1046 2008 voluerunt.
1075 1951 1240 2022 Igitur
1265 1953 1391 2022 quia
1421 1952 1554 2006 nihil
1575 1952 1673 2006 abs
1701 1967 1760 2006 re
1788 1961 1870 2004 est
1899 1949 2042 2019 quod
2076 1951 2128 2005 in

534 2045 744 2116 judicio
763 2044 1124 2115 postulamus,
1144 2045 1374 2112 petimus
1402 2052 1460 2098 ut
1487 2043 1736 2113 primitus
1763 2052 1856 2098 aut
1880 2043 2131 2111 rescripti

538 2137 808 2207 iacturam
828 2179 841 2203 ,
873 2144 969 2192 aut
996 2135 1232 2190 mandati
1263 2135 1346 2190 sui
1383 2134 1584 2190 faciant
1611 2133 1911 2190 cessionem
1933 2173 1948 2199 ,
1979 2144 2036 2188 ut
2065 2133 2133 2189 ad

542 2243 760 2286 causam
807 2229 996 2285 venire
1045 2229 1342 2284 valeamus.
1390 2225 1459 2280 Et
1487 2227 1593 2280 alia
1640 2243 1818 2282 manu.
1866 2227 2137 2282 Emeritos

545 2321 834 2391 episcopus
890 2319 1182 2392 recognovi
1233 2317 1355 2376 sine
1385 2317 1701 2389 praeiudicio
1755 2318 2140 2390 appellationis

544 2411 809 2484 [nostrai].
853 2475 855 2478 ,

612 2527 703 2584 50.
737 2525 1055 2600 Augustinus
1099 2527 1369 2599 episcopus
1395 2525 1643 2581 Ecclesia:
1687 2526 1955 2581 catholicas
1983 2527 2139 2581 dixit.

546 2618 778 2689 Legatur
829 2619 1140 2673 mandatum
1193 2629 1472 2686 nostrum,
1520 2629 1576 2676 et
1625 2618 1935 2690 intelligent
1977 2634 2140 2689 quam

549 2723 742 2772 cuncta
771 2713 1068 2770 contineat.
1118 2713 1184 2767 Et
1211 2715 1315 2767 alia
1348 2729 1526 2767 manu.
1562 2713 1890 2784 Recognovi.
1923 2711 2143 2767 Petilia-

547 2824 642 2861 nus
668 2808 936 2879 episcOpus
962 2807 1123 2876 partis
1152 2805 1344 2860 Donati
1372 2787 1525 2862 dixit.
1560 2808 1755 2864 Patere
1777 2849 1792 2872 ,
1835 2817 2027 2878 pmsta
2051 2807 2140 2878 ju~

545 2901 650 2956 dici
685 2901 995 2968 patientiam
1039 2915 1200 2972 quam
1233 2900 1388 2955 nobis
1432 2910 1671 2970 pmstat.
1713 2899 1776 2953 Et
1807 2901 1914 2954 alia
1961 2917 2135 2955 manu.

547 2993 847 3049 Petilianus
895 2995 1188 3064 episcOpus
1216 2995 1507 3066 recognovi
1539 2996 1656 3050 sine
1687 2993 2002 3066 prwjudieio
2039 3010 2142 3064 ap-

549 3087 860 3158 pellationis
891 3099 1110 3144 nostra}.

619 3202 710 3258 5i.
748 3203 1082 3260 Marcellinus
1105 3207 1182 3261 vir
1228 3205 1546 3262 clarissimus
1570 3205 1806 3263 tribunus
1832 3215 1880 3260 et
1910 3206 2138 3260 notarius

550 3295 706 3352 dixit.
738 3296 881 3352 Nihil
910 3299 1056 3354 aliud
1108 3299 1377 3370 praecipue
1413 3299 1694 3370 principali
1724 3299 2000 3354 sanctione
2049 3297 2142 3351 ad-

547 3391 686 3443 verti
717 3406 837 3446 esse
864 3392 1212 3447 constitutum
1233 3435 1247 3459 ,
1298 3393 1399 3446 nisi
1451 3401 1507 3446 ut
1535 3392 1985 3448 convenientibus
2027 3393 2143 3462 epi-

550 3482 730 3550 se0pis
759 3481 1125 3551 disputatione
1169 3485 1384 3548 habita.
1414 3500 1574 3539 causa
1625 3485 1780 3554 primi
1840 3485 2144 3538 inveniatur

552 3574 770 3628 erroris.
804 3575 898 3629 Cui
928 3575 1274 3644 disputationi
1305 3592 1391 3630 me
1416 3575 1653 3646 judicent
1683 3576 1850 3630 voluit
1879 3577 2136 3632 residere.

549 3665 773 3736 Accepit
799 3675 976 3724 autem
1005 3669 1263 3724 sanctitas
1290 3677 1467 3722 vestra
1496 3667 1928 3736 prosecutionem
1973 3669 2142 3739 partis

552 3760 824 3814 ediverso
849 3761 1129 3826 sistentis;
1165 3763 1215 3814 in
1259 3776 1363 3832 qua
1416 3760 1696 3816 evidenter
1739 3773 2016 3817 ostensum
2059 3770 2143 3816 est

550 3857 712 3917 atque
734 3852 1058 3920 promissum
1078 3893 1092 3918 ,
1125 3862 1182 3906 ut
1211 3852 1451 3907 Ecclesia
1484 3861 1596 3908 toto
1619 3855 1750 3908 orbe
1781 3851 1970 3908 diﬂtisa
2001 3853 2143 3908 divi-

553 3942 638 3994 nis
670 3943 992 3997 testimoniis
1015 3943 1439 4009 demonstretur,
1469 3959 1591 3998 cntn
1629 3945 1854 3999 videatis
1883 3960 1950 3998 ex
1991 3960 2144 3998 man-

553 4031 664 4086 dati
687 4033 826 4088 serie
846 4044 900 4089 et
927 4050 991 4090 ex
1022 4035 1277 4105 praesenti
1309 4035 1642 4106 professione
1683 4035 1736 4090 id
1770 4036 1936 4092 fuisse
1962 4037 2145 4093 decla-

554 4135 765 4194 ratum,
798 4137 854 4182 ut
885 4127 1021 4199 legis
1061 4129 1328 4199 exemplis
1382 4137 1542 4197 atque
1597 4127 1933 4184 documentis
1962 4132 2142 4185 omnia

551 4218 992 4289 comprobentur.
1045 4219 1154 4275 Nec
1201 4220 1343 4275 enim
1389 4220 1844 4276 clementissimus
1891 4222 2144 4298 princeps

555 4309 782 4365 formam
811 4313 1088 4367 cullationi
1121 4313 1338 4369 dedisse
1367 4324 1697 4369 monstratus
1725 4315 1889 4387 298
1913 4326 2016 4383 est,
2049 4316 2144 4372 sed

557 4405 761 4456 tantum
818 4404 1162 4459 collationem
1219 4405 1417 4461 debere
1493 4405 1608 4461 fieri
1659 4405 1938 4476 judicavit.
1991 4407 2150 4463 Unde

553 4498 806 4567 quoniam
835 4498 1133 4554 secundum
1184 4500 1510 4556 desiderium
1544 4508 1786 4556 vestrum
1829 4501 2027 4556 divinis
2059 4511 2140 4556 te-

551 4591 820 4647 stimoniis
849 4609 909 4649 se
937 4608 1099 4665 agere
1129 4611 1315 4649 eorum
1355 4596 1621 4666 professio
1648 4595 1942 4651 declaravit
1966 4637 1980 4660 ,
2013 4595 2140 4666 quid

553 4686 786 4756 amplius
812 4686 1134 4743 desideretis
1155 4688 1364 4759 ignoro.

627 4799 716 4855 δὲ.
753 4799 1041 4857 Petilianus
1081 4803 1350 4875 episcopus
1376 4801 1523 4856 dixit.
1555 4801 1911 4871 Apertissime
1945 4801 2146 4857 intelli-

555 4895 700 4963 gitur
727 4909 824 4948 eos
853 4893 1156 4950 diffidentia
1186 4896 1269 4949 vel
1293 4909 1417 4953 sero
1441 4895 1644 4963 pudore
1668 4897 1722 4950 id
1745 4911 1933 4966 agere,
1962 4911 2030 4951 ne
2055 4911 2148 4968 pe-

559 4985 805 5040 titionem
857 5001 1008 5040 suam
1087 4986 1338 5041 omnibus
1388 4986 1704 5056 publicent,
1744 4987 1998 5057 quoniam
2050 5003 2150 5052 eos

555 5085 769 5133 constat
793 5077 1220 5134 clementissimo
1272 5079 1582 5158 imperatori
1629 5081 1904 5135 mentitos.
1945 5080 2013 5136 Et
2037 5081 2144 5135 alia

557 5189 730 5227 manu.
763 5171 1054 5226 Petilianus
1104 5172 1393 5243 episcopus
1419 5173 1536 5228 sine
1568 5171 1882 5244 praejudicio
1909 5173 2146 5245 appella-

556 5267 721 5322 tionis
745 5275 945 5322 nostrtc
973 5265 1280 5337 recognovi.

627 5382 718 5441 55.
762 5385 1074 5455 Augustinus
1114 5385 1383 5456 episcopus
1412 5383 1660 5440 Ecclesitc
1703 5383 1970 5442 catholica?
1995 5384 2150 5448 dixit,

555 5475 788 5534 Collatio
841 5480 1004 5548 petita
1053 5486 1138 5532 est
1191 5491 1223 5530 a
1265 5477 1455 5546 legatis
1498 5476 1724 5540 nostris.
1764 5475 1874 5530 Lex
1905 5477 2015 5544 ipsa
2049 5475 2149 5530 hoc

562 5575 843 5641 continet,
867 5589 988 5644 quae
1011 5571 1077 5628 ad
1117 5578 1262 5624 tuam
1293 5570 1630 5628 nobilitatem
1661 5568 1784 5626 data
1811 5578 1907 5628 est.
1952 5567 2020 5632 Et
2047 5570 2156 5638 alia

566 5689 744 5744 manu.
772 5669 1105 5741 Recognovi.

641 5767 735 5834 5s.
759 5766 1050 5829 Pontianus
1069 5763 1340 5840 episwpus
1369 5762 1520 5826 dixit.
1549 5761 1665 5822 Non
1691 5760 1992 5824 dinerimus
2027 5773 2154 5835 age-

2169 4549 2225 4610 D

2232 1862 2452 1918 stretur,
2478 1852 2621 1922 quod
2668 1852 2839 1907 latere
2890 1868 2996 1909 non
3048 1864 3243 1923 potest.
3292 1853 3528 1910 Edicant
3582 1857 3838 1912 crimina.

2239 1943 2526 1999 Videamus
2553 1945 2747 2014 quibus
2777 1945 3098 2000 criminibus
3129 1947 3283 2013 periit
3332 1947 3479 2017 quod
3508 1951 3838 2018 promissum

2235 2047 2319 2094 est
2341 2040 2573 2098 Abrahte
2601 2057 2614 2092 :
2647 2038 2712 2094 In
2743 2040 2935 2094 semine
2975 2049 3065 2095 tuo
3095 2041 3456 2096 benedicentur
3485 2058 3663 2097 omnes
3717 2062 3843 2115 gett-

2239 2143 2332 2190 tes.
2365 2133 2495 2202 Quae
2521 2134 2750 2192 crimina
2801 2133 2958 2188 istam
2990 2135 3408 2204 promissionem
3457 2136 3693 2206 iurantis
3749 2139 3841 2192 Dei

2239 2226 2423 2282 delere
2471 2234 2764 2296 potuerunt
2783 2227 3065 2281 audiamus
3085 2269 3100 2292 ,
3135 2227 3413 2282 discamus
3433 2268 3449 2293 ,
3493 2229 3835 2294 noverimus,

2241 2333 2556 2391 sequamur.
2590 2319 2646 2377 Si
2676 2329 2853 2378 autem
2883 2320 3018 2375 nihil
3049 2330 3133 2374 est
3161 2320 3302 2390 quod
3327 2331 3520 2378 contra
3545 2323 3652 2377 dici
3706 2339 3840 2394 pos-

2241 2413 2343 2480 sit,
2376 2423 2468 2470 aut
2496 2414 2820 2482 pronuntia,
2851 2423 2946 2468 aut
2998 2412 3124 2468 tollo
3179 2428 3372 2468 omnes
3421 2429 3636 2480 moras,
3661 2426 3720 2471 et
3750 2418 3847 2472 ali-

2242 2507 2458 2578 quando
2488 2508 2761 2577 ncgotium
2795 2506 3028 2560 finiatur.
3077 2507 3140 2560 Et
3172 2507 3278 2560 alia
3301 2525 3482 2562 manu.
3513 2509 3844 2580 Recoguovi.

2315 2601 2406 2658 56.
2435 2599 2697 2656 Emeritus
2716 2601 2989 2671 episcopus
3011 2601 3163 2656 dixit.
3189 2599 3381 2669 Magno
3401 2615 3729 2670 argumento
3755 2620 3844 2658 ve-

2244 2693 2374 2748 ritas
2397 2693 2726 2757 occultatur;
2774 2700 2834 2747 ut
2875 2707 2999 2748 cum
3045 2691 3111 2747 ad
3145 2693 3557 2762 inquisitionem
3609 2706 3848 2752 nostram

2244 2785 2516 2839 modicum
2535 2783 2660 2855 quid
2686 2801 2750 2841 ex
2780 2793 2936 2854 parte
2966 2784 3191 2841 adversa
3220 2787 3497 2856 prolatum
3522 2790 3617 2851 sit,
3643 2801 3841 2844 caetera

2241 2877 2519 2932 sileantur.
2555 2878 2694 2934 Dixit
2724 2879 2866 2933 enim
2895 2893 3026 2934 suos
3067 2879 3174 2934 isse
3216 2881 3456 2949 legatos,
3487 2897 3724 2952 quorum
3757 2901 3850 2938 ne-

2241 2983 2347 3038 que
2372 2969 2618 3036 nomina,
2644 2985 2820 3040 neque
2843 2971 3089 3026 ordinem
3115 3013 3130 3035 ,
3167 2987 3343 3042 neque
3366 2975 3694 3029 mandatum
3741 2978 3852 3031 vult

2237 3062 2442 3132 judicio
2469 3063 2766 3132 publicare.
2818 3064 2984 3135 Igitur
3033 3075 3121 3120 aut
3173 3065 3332 3135 hujus
3357 3070 3433 3123 rei
3463 3069 3741 3139 iacturam
3774 3071 3850 3125 fa-

2166 3162 2213 3228 c
2244 3156 2382 3220 ciat;
2412 3155 2533 3225 quia
2567 3170 2675 3211 non
2705 3165 2881 3225 potest
2911 3157 3245 3226 approbare;
3271 3169 3364 3214 aut
3386 3161 3432 3215 si
3465 3163 3616 3218 valet
3649 3163 3750 3217 hoc
3775 3165 3852 3217 lc-

2243 3247 2400 3317 gihus
2447 3247 2713 3311 edocere,
2747 3249 2826 3301 vel
2878 3249 2970 3317 qui
3013 3248 3173 3317 legati
3229 3251 3588 3318 fuerint,vel
3635 3259 3848 3326 quando

2244 3341 2394 3394 missi
2425 3341 2565 3405 sint,
2599 3341 2681 3396 vel
2708 3340 2836 3410 quid
2865 3342 3218 3411 pertulerint,
3255 3344 3420 3413 legati
3445 3348 3761 3404 mandatum
3791 3352 3844 3404 in

2239 3431 2567 3501 indiciorum
2600 3433 2850 3490 notitiam
2879 3448 3128 3491 asserere
3167 3435 3468 3493 debebunt.
3498 3439 3662 3496 Videt
3713 3457 3849 3510 pra:~

2245 3527 2439 3582 stantia
2467 3537 2550 3584 tua
2571 3569 2586 3593 ,
2612 3527 2745 3582 nihil
2784 3542 2882 3583 nos
2909 3531 3007 3583 abs
3037 3544 3097 3586 re
3126 3538 3310 3600 petere
3337 3548 3351 3584 :
3376 3531 3584 3602 quippe
3611 3549 3733 3589 cum
3765 3537 3844 3605 ip-

2244 3635 2426 3674 sorum
2473 3621 2543 3674 sit
2569 3636 2762 3689 causa,
2807 3637 2904 3676 cur
2933 3637 3044 3678 non
3097 3623 3162 3679 ad
3193 3625 3402 3680 interna
3433 3627 3644 3696 negotii
3665 3630 3850 3683 venia—

2245 3726 2387 3766 mus.
2417 3711 2824 3782 Proposuerunt
2849 3716 2996 3770 enim
3027 3731 3092 3770 ex
3125 3716 3366 3772 mandati
3416 3719 3502 3773 sui
3528 3729 3726 3776 tenore
3755 3739 3852 3775 ne-

2245 3805 2360 3860 scio
2386 3806 2583 3876 quibus
2633 3823 2694 3862 se
2743 3807 3156 3877 allegationibus
3207 3810 3500 3865 adversum
3554 3828 3657 3868 nos
3703 3825 3853 3870 stara

2244 3897 2467 3954 debere.
2498 3899 2604 3956 llas
2627 3900 2770 3970 ipsas
2797 3900 3150 3970 allegationes
3177 3911 3231 3958 et
3256 3917 3360 3958 nos
3382 3918 3673 3972 possumus
3702 3907 3850 3976 lega-

2247 3991 2388 4048 libtts
2413 3992 2735 4049 testimoniis
2765 4007 3045 4062 superare.
3102 3993 3260 4050 Prius
3289 4003 3528 4066 estergo
3575 4008 3636 4052 ut
3690 4000 3854 4054 initio

2247 4085 2478 4142 actionis
2507 4085 2755 4153 esposito
2777 4125 2791 4146 ,
2814 4100 3100 4155 personam
3124 4101 3300 4150 suam,
3326 4087 3445 4144 sive
3475 4089 3852 4160 suscipientis,

2246 4177 2361 4232 sive
2387 4177 2689 4236 mandantis
2714 4179 2769 4236 in
2793 4178 2998 4248 judicio
3019 4177 3320 4248 approbare
3346 4181 3525 4237 valeat
3553 4200 3565 4234 :
3592 4193 3717 4234 tunc
3741 4183 3848 4237 tle-

2247 4285 2393 4330 mum
2427 4270 2491 4326 ad
2522 4271 2722 4342 negotii
2769 4273 2958 4333 merita
2991 4270 3376 4328 descendatur.
3413 4272 3481 4328 Et
3529 4274 3627 4327 alia
3653 4289 3858 4336 manu.

2247 4362 2523 4420 Emeritos
2561 4363 2852 4433 episcopus
2881 4366 3026 4418 salva
3061 4363 3428 4433 appellatione
3457 4368 3778 4435 recognovi.

2317 4458 2412 4514 57.
2467 4456 2767 4512 Vincentius
2797 4458 3067 4529 episcopus
3092 4455 3348 4516 Ecclesia:
3375 4461 3644 4516 catholica
3687 4461 3860 4516 dixit.

2246 4547 2386 4616 Quid
2417 4558 2496 4606 est
2554 4550 2693 4606 aliud
2741 4565 2959 4610 causam
2991 4548 3293 4616 dimittere,
3331 4561 3389 4606 et
3413 4566 3676 4620 personas
3704 4570 3867 4621 qua:-

2247 4657 2402 4708 rere,
2447 4641 2547 4696 nisi
2607 4641 2843 4712 elfugere
2893 4642 3075 4698 velle?
3122 4645 3303 4708 Quare
3358 4645 3589 4702 venisti?
3647 4643 3720 4698 Et
3753 4648 3870 4702 alia

2248 4749 2426 4788 manu.
2460 4733 2791 4805 Recoguovi.
2826 4732 3116 4792 Petilianus
3155 4734 3430 4803 episcopus
3454 4735 3608 4788 dixit.
3647 4734 3700 4790 Α
3738 4753 3869 4805 per-

2247 4827 2398 4880 sonis
2421 4825 2606 4896 ineipit
2657 4826 2832 4881 omnis
2871 4840 3055 4884 causa.
3089 4824 3154 4880 Et
3198 4826 3306 4879 alia
3336 4843 3519 4882 manu.
3546 4826 3872 4885 Petilianus

2248 4920 2537 4990 episcopus
2585 4917 2914 4988 recognovi,
2945 4919 3095 4978 salvo
3134 4927 3335 4978 nostra:
3361 4919 3758 4988 appellationis
3787 4921 3868 4975 εἷς

2248 5009 2411 5066 fectu.
2454 5010 2752 5070 Vincentius
2780 5013 3051 5084 episcOpus
3097 5009 3345 5070 Ecclesia:
3394 5012 3664 5068 catholici:
3694 5014 3867 5068 dixit.

2247 5101 2362 5158 Non
2400 5102 2496 5169 tibi
2526 5101 2700 5160 forum
2733 5112 2882 5164 tuum
2915 5103 3246 5174 designavit,
3281 5119 3406 5174 quae
3451 5104 3656 5159 omissa
3688 5117 3868 5172 sunt,

2249 5196 2420 5266 repeti
2444 5211 2552 5260 non
2573 5210 2755 5270 posse.
2793 5193 2860 5250 Et
2886 5197 2994 5251 alia
3017 5212 3192 5252 manu.
3221 5195 3554 5266 Recognovi.

2322 5288 2412 5344 58.
2449 5287 2789 5344 Marcellinus
2813 5291 2888 5344 vir
2913 5289 3230 5349 clarissimus
3257 5290 3494 5348 tribunus
3538 5297 3588 5344 et
3619 5292 3872 5346 notarius

2251 5383 2402 5438 dixit.
2432 5383 2788 5444 Collationem
2817 5383 2989 5440 fuisse
3033 5386 3388 5455 postulatam,
3415 5394 3470 5440 et
3498 5384 3870 5441 collationem

2255 5476 2424 5538 fuisse
2447 5493 2787 5543 concessam,
2819 5478 3062 5542 scelestis
3079 5479 3374 5538 sanationis
3403 5477 3580 5534 forma
3605 5478 3868 5536 declara-

2253 5572 2349 5628 vit.
2366 5572 2475 5626 Cur
2501 5586 2644 5626 nunc
2665 5572 2963 5641 legatorum
2989 5587 3234 5640 persona)
3261 5572 3312 5632 in
3336 5571 3588 5632 medium
3611 5575 3866 5640 veniant,

2261 5666 2490 5723 necdum
2521 5665 2806 5736 diligenter
2831 5664 3062 5720 adverti.

2457 5758 2772 5834 Augustinus
2791 5759 3065 5832 episcopus
3114 5755 3368 5826 Ecclesia:
3394 5757 3664 5830 «statim
3701 5757 3868 5826 dixit.
