4130 6170
410 224 553 285 1575
649 209 651 212 ⁴

1377 219 1606 280 GESTA
1643 217 2094 280 COLLATIONIS
2129 220 2749 281 CARTHAGINENSIS.

3566 224 3717 282 1576

414 350 602 400 nostra
631 383 646 408 ,
677 339 873 412 quibus
900 335 1207 394 universale
1230 335 1524 392 concilium
1550 338 1858 404 mandavit,
1904 337 2016 392 dis-
2043 339 2099 401 Α
2120 336 2598 395 demonstrandam
2645 336 2996 410 Evangelium
3050 341 3415 412 proferamus.
3486 339 3553 396 Et
3605 343 3719 396 alia

415 435 754 506 putationem
802 431 873 487 ab
918 430 1252 500 imperatore
1282 441 1612 502 praeceptam
1643 431 1718 486 ita
1744 431 1978 486 firmavit
2001 473 2016 499 ,

421 534 484 583 ut
509 541 581 582 ne
607 524 713 595 ipsi
741 522 961 594 quidem
991 520 1244 578 dubitare
1268 522 1483 593 possint
1505 563 1521 589 ,
1568 523 1621 577 in
1665 535 1895 592 quorum
1923 521 2024 592 atl-

421 617 702 692 spectibus
734 622 1120 686 processerunt
1149 629 1340 671 omnes
1372 615 1462 686 qui
1493 613 1905 670 mandaverunt.
1960 613 2024 668 Et

423 712 531 765 alia
560 723 736 762 mauu.
783 705 1116 777 Recognovi.
1166 703 1442 761 Possidius
1478 708 1748 778 episcOpus
1777 703 2026 759 Ecclesia:

426 802 694 883 cat/taliae
717 802 869 858 dixit.
916 799 1126 856 Petisse
1158 815 1258 855 nos
1285 801 1634 855 collationem
1681 798 1804 871 quis
1830 813 2026 871 negare

427 900 602 971 pctuit
629 906 724 953 aut
751 897 954 968 poteSt?
970 894 1158 951 Etalia
1190 912 1369 950 manu.
1407 895 1737 966 Recognovi.

501 993 592 1051 69.
638 993 894 1048 Emeritus
915 993 1185 1062 episcOpus
1214 992 1366 1045 dixit.
1409 989 1548 1059 Quid
1583 990 1807 1060 petisti?
1854 987 2026 1055 Quem

430 1085 675 1143 misisti?
709 1085 803 1141 Dic
833 1099 1030 1140 nomen
1061 1125 1077 1151 ,
1108 1099 1226 1155 qua:
1264 1083 1577 1138 mandasti?
1614 1083 1683 1136 Et
1713 1083 2026 1138 alia'manu.

433 1178 711 1234 Emeritus
755 1177 1042 1248 episcopus
1088 1176 1238 1230 Salvo
1276 1175 1656 1246 appellationis
1702 1173 1899 1230 eﬂ‘ectu
1939 1188 2026 1228 re-

429 1268 680 1342 cognovi.
717 1268 992 1323 Possidius
1018 1269 1291 1340 episcopus
1323 1267 1569 1322 Ecclesia:
1589 1266 1855 1321 catholictr
1875 1265 2027 1318 dixit.

432 1362 512 1418 De
549 1375 710 1417 causa
738 1361 962 1431 loquere
985 1402 1000 1426 ,
1035 1360 1346 1415 mandatum
1373 1359 1590 1415 audisti.
1645 1357 1922 1414 Recitetur
1953 1356 2034 1411 id-

435 1455 676 1513 entidem
705 1497 720 1521 ,
751 1465 808 1510 et
833 1454 1105 1526 responde
1129 1495 1143 1520 ,
1175 1455 1220 1508 si
1253 1453 1422 1508 habes
1447 1452 1590 1521 quod
1617 1452 1787 1508 dicas.
1833 1451 2033 1521 Super-

436 1549 560 1606 ﬂuis
593 1549 924 1604 immoraris.
960 1547 1026 1602 Et
1056 1549 1162 1603 alia
1189 1563 1364 1603 manu.
1388 1546 1718 1618 Recognovi.
1753 1544 2037 1599 Petilianus

436 1642 708 1711 episcopus
735 1639 890 1694 dixit.
939 1639 1110 1709 Quem
1151 1639 1378 1706 misisti,
1411 1639 1540 1710 quid
1568 1636 1876 1701 mandasti,
1907 1634 2035 1706 qttid

2121 447 2299 485 manu.
2331 431 2662 500 Recognovi.

2195 524 2285 579 75.
2335 523 2618 580 Petilianus
2647 529 2918 599 episcopus
2953 526 3100 580 dixit.
3145 523 3449 580 Ecclesiam
3491 525 3725 581 catholi-

2123 632 2240 673 cam
2275 632 2441 689 penes
2467 635 2553 675 me
2575 635 2698 677 esse
2725 662 2738 684 ,
2770 631 2824 676 et
2851 634 2984 692 pura
3011 619 3323 674 observatio
3347 629 3532 674 nostra
3563 619 3725 685 facit,

2124 721 2178 767 et
2203 711 2334 766 vitia
2357 723 2537 768 veSIra
2579 719 2740 784 atque
2767 713 2966 784 ﬂagitia
3012 725 3215 768 vestra.
3258 710 3448 766 Omnis
3481 711 3732 766 Ecclesia

2127 807 2222 862 Dei
2254 823 2408 877 pura,
2434 818 2620 863 sancta
2644 850 2659 873 ,
2690 809 2807 864 sine
2839 809 3045 863 macula
3071 816 3127 862 et
3152 821 3282 877 ruga
3315 821 3434 861 esse
3476 805 3729 861 debebit.

2128 900 2309 968 Quare
2341 901 2501 971 igitur
2527 941 2543 967 ,
2595 913 2654 955 ut
2693 900 2760 956 ad
2793 901 2954 970 hujus
2981 898 3401 970 disputationem
3434 898 3512 952 rei
3543 899 3734 969 possi-

2131 1008 2250 1047 mus
2295 992 2666 1060 descendere,
2709 1001 2766 1047 et
2811 1007 3050 1063 congruo
3095 997 3344 1061 tempore
3393 989 3737 1044 testimoniis

2131 1085 2423 1139 Dominicis
2448 1127 2464 1151 ,
2495 1094 2551 1140 ut
2581 1085 2728 1156 prius
2753 1093 2838 1139 est
2862 1127 2876 1150 ,
2926 1083 3066 1154 quod
3098 1083 3166 1138 de
3197 1091 3248 1137 te
3272 1082 3454 1151 ﬂagito
3480 1123 3495 1147 ,
3525 1082 3572 1136 si
3615 1097 3734 1136 non

2132 1173 2333 1230 diffidis
2358 1217 2372 1241 ,
2404 1178 2638 1231 maxime
2669 1191 2790 1231 cum
2823 1176 2874 1230 id
2906 1183 3030 1246 agat
3055 1190 3235 1230 causa:
3270 1174 3608 1244 iustissimus
3636 1189 3740 1229 co-

2132 1272 2312 1340 gnitor
2336 1311 2351 1336 ,
2382 1279 2438 1324 ut
2466 1269 2725 1341 quidquid
2756 1269 3021 1342 agendum
3051 1269 3120 1323 sit
3151 1267 3350 1338 populo
3401 1267 3737 1337 publicetur.

2135 1361 2412 1416 Mentitum
2461 1372 2513 1417 te
2575 1363 2735 1432 igitur
2803 1361 3226 1417 clementissimo
3283 1359 3595 1430 imperatori
3653 1372 3742 1414 sat

2135 1462 2388 1519 constat,
2431 1468 2552 1510 cum
2599 1453 2815 1509 dubitas
2861 1453 3102 1523 proferre
3139 1451 3267 1522 quid
3309 1451 3557 1516 dixeris,
3607 1451 3740 1521 quid

2137 1546 2334 1617 egeris,
2356 1545 2482 1616 quid
2505 1545 2870 1613 mandaveris,
2898 1545 3027 1616 quid
3057 1544 3361 1614 susceperit
3387 1543 3479 1598 ille
3506 1543 3738 1613 legatus,

2139 1637 2281 1708 quod
2313 1637 2627 1692 mandatum
2667 1635 2975 1706 acceperit,
3007 1635 3134 1706 quid
3177 1635 3469 1705 peregerit.
3518 1633 3746 1689 Noverit

436 1733 595 1803 egisti
624 1732 908 1789 advertere
946 1732 1142 1789 debeo.
1191 1733 1312 1788 Non
1337 1732 1482 1788 enim
1508 1731 1759 1788 clanculo
1791 1729 1885 1785 tibi
1913 1730 2040 1784 licet
2067 1724 2114 1784 B
2147 1731 2262 1786 htec
2291 1731 2624 1786 conscientia
2670 1729 2854 1800 populi
2882 1770 2897 1794 ,
2946 1728 3082 1782 sciat
3130 1727 3380 1781 universa
3416 1725 3701 1794 provincia
3726 1768 3742 1791 ,

441 1838 779 1897 suggerere,
835 1825 977 1896 quod
1034 1834 1220 1894 postea
1298 1841 1404 1881 non
1478 1825 1674 1880 debeat
1753 1821 2036 1893 publicari.

445 1917 513 1973 Et
538 1918 645 1972 alia
682 1935 857 1972 manu.
901 1918 1203 1976 Petilianus
1235 1919 1524 1989 episcopus
1567 1917 1686 1973 sine
1727 1913 2042 1986 praeiudicio

446 2009 828 2080 appellationis
852 2019 1053 2065 nostra:
1084 2011 1400 2080 recognovi.

522 2103 612 2158 70.
643 2101 982 2157 Marcellinus
1007 2103 1081 2156 vir
1132 2103 1449 2158 clarissimus
1480 2102 1713 2156 tribunus
1738 2109 1788 2157 et
1811 2099 2047 2154 notarius

451 2197 602 2252 dixit.
647 2195 761 2265 Qua
793 2196 1004 2253 ratione
1030 2198 1329 2268 legatorum
1358 2198 1577 2252 nomina
1606 2196 1949 2266 postulentur
1973 2194 2050 2264 ig-

454 2303 630 2354 noro,
679 2302 801 2343 cum
829 2288 1176 2345 collationem
1207 2297 1415 2344 tantum
1458 2287 1780 2359 postulatam
1826 2299 1951 2341 esse
1997 2293 2053 2341 et

454 2378 801 2437 collationem
825 2379 992 2437 fuisse
1020 2395 1358 2447 concessam,
1384 2381 1524 2437 sicut
1549 2381 1800 2452 superius
1833 2377 2055 2434 interla-

459 2482 548 2528 tus
596 2487 758 2537 sutn.,
805 2474 1121 2546 principalis
1149 2475 1360 2530 sanctio
1401 2474 1690 2546 diligenter
1728 2472 2052 2528 ostenderit.

461 2562 618 2621 Unde
648 2565 909 2620 sanctitas
939 2575 1117 2621 vestra
1139 2565 1252 2637 jam
1283 2565 1350 2620 ad
1389 2565 1594 2636 negotii
1621 2565 1831 2620 interna
1873 2564 2058 2620 venire

466 2643 740 2728 dignetur,
773 2668 1037 2728 quatenus
1065 2660 1262 2716 veritas
1289 2660 1583 2716 eluccscat.

538 2753 627 2806 7l.
661 2750 942 2807 Montanus
973 2755 1243 2824 episcopus
1268 2753 1421 2809 dixit.
1470 2751 1578 2808 Sed
1606 2751 2063 2808 clementissimus

469 2845 769 2918 imperator
797 2862 884 2902 me
911 2846 1082 2917 magis
1111 2847 1379 2902 instruere
1426 2847 1597 2901 voluit
1619 2846 1747 2916 quid
1779 2845 1847 2900 de
1877 2844 2066 2899 adver-

471 2941 630 2995 sariis
655 2940 858 2996 nostris
885 2941 1244 3012 requiramus,
1272 2941 1400 2997 dum
1427 2943 1612 3012 utique
1633 2954 1820 2995 eorum
1845 2937 2068 3009 legatio-

471 3048 596 3088 nem
642 3033 899 3102 publicat.
947 3033 1017 3088 Et
1061 3036 1168 3090 alia
1210 3051 1385 3089 manu.
1456 3036 1741 3091 Montanus
1783 3034 2070 3105 episcopus

477 3125 768 3196 recognovi
790 3127 942 3183 salvo
972 3127 1368 3197 provocationis
1393 3125 1608 3182 eﬂ'ectu.

549 3219 638 3274 72.
668 3217 1084 3275 Fortunatianus
1129 3221 1398 3291 episcOpus
1429 3218 1674 3275 Ecclesia:
1703 3218 1974 3274 catholicae
1994 3217 2076 3271 di-

483 3312 582 3366 xit.
616 3311 990 3382 Separationis
1020 3322 1076 3368 et
1097 3312 1452 3369 dissansionis
1476 3322 1579 3366 tua:
1603 3313 1670 3367 ab
1695 3311 1939 3368 Ecclesia
1959 3312 2079 3365 uni-

483 3405 682 3459 versali
708 3447 723 3472 ,
767 3421 888 3476 quin
915 3416 1027 3461 toto
1056 3406 1189 3461 orbe
1217 3405 1566 3473 diffunditur,
1613 3421 1804 3462 causas
1836 3419 2073 3476 expone.

488 3496 555 3552 Et
587 3498 693 3552 alia
713 3514 891 3553 manu.
917 3499 1247 3571 Recognovi.

559 3591 649 3647 73.
686 3589 966 3647 Montanus
992 3593 1263 3664 episcopus
1292 3591 1445 3648 dixit.
1494 3591 1728 3664 Legatur
1777 3591 1842 3647 ad
1871 3593 2077 3659 locum,

492 3686 537 3740 si
578 3685 902 3756 legationem
944 3701 1132 3744 eorum
1167 3702 1272 3741 non
1301 3687 1590 3758 publicavit
1626 3685 2085 3741 clementissimus

493 3778 808 3849 imperator.
850 3779 924 3834 De
947 3779 1048 3834 hac
1074 3794 1154 3846 re,
1187 3778 1256 3834 de
1281 3779 1384 3835 hac
1409 3793 1571 3834 causa
1593 3793 1680 3833 me
1707 3777 1877 3831 voluit
1898 3777 2085 3846 ἀίδρυ-

493 3877 610 3923 tare
635 3909 648 3930 .
699 3884 887 3924 eorum
929 3870 1253 3939 legationem
1281 3872 1332 3923 in
1371 3869 1576 3938 judicio
1604 3868 1775 3923 voluit
1803 3868 2085 3938 publicari.

498 3959 582 4014 Ab
609 3963 824 4016 statutis
869 3961 1283 4017 clementissimi
1323 3960 1666 4031 imperatoris
1710 3974 1820 4014 non
1871 3969 1953 4014 est
1998 3960 2092 4014 de-

497 4051 776 4122 viandum,
809 4053 1114 4109 faciendum
1144 4062 1229 4108 est
1253 4053 1386 4108 satis
1409 4053 1463 4108 in
1497 4051 1600 4108 hoc
1626 4052 1748 4107 loco
1782 4052 2095 4106 clementis-

497 4144 638 4200 simo
667 4144 1019 4212 imperatori:
1069 4145 1336 4216 siquidem
1379 4144 1448 4199 de
1491 4159 1678 4200 eorum
1726 4143 1995 4214 legatione
2038 4144 2095 4200 in

493 4236 702 4306 judicio
733 4238 998 4308 publicata
1024 4252 1122 4292 nos
1149 4237 1318 4294 voluit
1345 4247 1703 4308 pertractare.
1759 4238 1830 4293 Et
1859 4239 1965 4294 alia
1989 4256 2093 4293 ma-

498 4347 589 4386 nu.
637 4333 924 4388 Montanus
947 4332 1261 4402 episcopus,
1305 4340 1562 4388 manente
1588 4333 1969 4404 appellationis
2002 4348 2099 4388 no-

504 4431 632 4477 stra:
659 4422 875 4484 eﬂ'ectu,
907 4425 1217 4494 recognovi.

2145 1821 2248 1878 hoc
2295 1831 2414 1877 acta
2458 1822 2560 1876 ista
2600 1836 2721 1892 quae
2765 1830 3114 1875 controversa
3167 1819 3328 1889 plene
3387 1818 3743 1882 contineant,

2147 1916 2321 1969 sciant
2346 1929 2445 1970 vos
2478 1913 2821 1983 apertissime
2850 1912 2920 1967 de
2951 1912 3234 1968 mendacio
3263 1921 3448 1965 vestro
3472 1908 3745 1978 diffidere,

2149 2021 2437 2077 morasque
2464 2007 2746 2061 innectere
2771 2004 2993 2069 actioni,
3023 2018 3092 2058 ne
3104 2003 3172 2058 ad
3201 2003 3489 2058 veritatem
3509 2001 3749 2072 aliquan-

2151 2105 2222 2162 do
2253 2106 2450 2161 vestris
2470 2103 2755 2175 prmstigiis
2780 2103 3095 2172 nebulisque
3113 2100 3462 2157 obstantibus
3483 2100 3748 2154 veniatur.

2159 2202 2224 2256 Et
2252 2202 2357 2256 alia
2389 2217 2564 2254 manu.
2601 2199 2894 2256 Petilianus
2913 2197 3201 2268 episcopus
3222 2196 3375 2251 salva
3397 2195 3749 2268 appellatiOne

2155 2306 2336 2351 nostra
2375 2295 2687 2366 recognovi.
2746 2293 3043 2349 Vincentius
3072 2273 3349 2362 episcopus
3383 2289 3619 2345 Ecclesia:
3661 2306 3753 2343 ca-

2157 2389 2360 2444 tholicw
2399 2387 2554 2443 dixit.
2599 2386 2751 2456 Quod
2797 2387 2978 2442 nescis
3020 2401 3086 2440 an
3123 2384 3448 2454 petiverim,
3487 2381 3757 2454 quomodo

2159 2481 2565 2552 reprehendis?
2608 2481 2674 2536 Et
2716 2483 2823 2536 alia
2863 2497 3038 2534 manu.
3087 2478 3424 2550 Recognovi.
3471 2476 3758 2530 Petilianus

2161 2577 2428 2649 episcopus
2454 2575 2607 2630 dixit.
2657 2575 2867 2630 Petisse
2895 2589 2954 2630 se
2975 2571 3257 2629 confessus
3281 2581 3386 2627 est.
3425 2569 3491 2624 Et
3529 2571 3632 2624 alia
3651 2585 3764 2622 ma-

2163 2685 2254 2722 nu.
2302 2667 2594 2723 Petilianus
2623 2666 2915 2737 episcopus
2936 2707 2949 2729 ,
2984 2663 3128 2720 salva
3157 2660 3532 2734 appellatione
3558 2669 3763 2726 nostra,

2164 2762 2474 2832 recognovi.

2239 2855 2329 2910 76.
2361 2853 2774 2908 Fortunatianus
2800 2853 3070 2925 episwpus
3097 2849 3346 2904 Ecclesia
3383 2848 3655 2903 catholicae
3692 2846 3774 2900 di-

2169 2949 2264 3005 xit.
2290 2948 2587 3004 Ecclesiam
2615 2947 2777 3019 300
2804 2945 3139 3002 Catholicam
3170 2942 3315 3014 apud
3352 2957 3414 2997 se
3455 2956 3582 2997 esse
3611 2950 3775 2994 teSIa-

2174 3053 2259 3097 tus
2314 3050 2416 3097 est.
2471 3041 2619 3095 Hanc
2665 3041 2935 3094 voluimus
2985 3038 3259 3093 residente
3329 3036 3620 3091 nobilitate
3685 3043 3771 3087 tua

2097 3107 2143 3172 C
2176 3133 2499 3191 testimoniis
2526 3133 2763 3188 edoceri.
2810 3131 3059 3187 Publicet
3081 3129 3226 3201 quod
3257 3128 3571 3198 promittit,
3601 3136 3662 3180 ut
3685 3135 3775 3178 aut

2179 3227 2232 3282 in
2265 3227 2382 3297 ejus
2412 3236 2651 3296 apertam
2679 3225 2966 3280 veritatem
2988 3233 3175 3278 noster
3200 3236 3505 3276 consensus
3533 3218 3775 3282 accedat,

2181 3329 2273 3375 aut
2303 3319 2532 3389 patiatur
2559 3319 2849 3373 monstrari
2875 3317 2995 3372 luce
3014 3316 3213 3371 clarius
3244 3315 3561 3378 veritatem,
3587 3322 3642 3367 ct
3666 3321 3778 3365 tan-

2181 3411 2304 3467 dem
2342 3410 2631 3481 aliquando
2673 3411 2742 3465 ab
2785 3424 2977 3466 errore
3003 3408 3314 3463 desciscens
3357 3405 3522 3462 cedat
3571 3403 3784 3460 veritati

2184 3519 2426 3575 congrue
2455 3518 2551 3572 pro
2589 3503 2768 3558 salute
2793 3543 2808 3567 ,
2858 3502 2947 3572 qui
2992 3501 3192 3571 cogitat
3235 3500 3288 3554 in
3331 3513 3530 3554 errore
3569 3498 3786 3551 vincere

2185 3604 2378 3650 contra
2399 3595 2650 3649 Salutem.
2683 3592 2750 3647 Et
2777 3593 2884 3646 alia
2913 3608 3091 3645 manu.
3120 3589 3453 3660 Recognovi.
3500 3587 3787 3642 Petilianus

2189 3688 2460 3758 episcopus
2486 3685 2637 3739 dixit.
2689 3683 2755 3740 Ut
2790 3683 3060 3753 possimus
3094 3680 3270 3736 facere
3319 3681 3470 3746 haec,
3517 3679 3668 3749 prius
3710 3678 3791 3734 fac

2192 3780 2335 3852 quod
2364 3779 2432 3834 de
2457 3788 2509 3834 te
2537 3778 2859 3848 ﬂagitamus.
2897 3776 2961 3830 Et
2991 3777 3097 3830 alia
3120 3790 3295 3827 manu.
3319 3772 3626 3827 Petilianus
3671 3771 3790 3839 epi-

2194 3888 2391 3941 sc0pus
2409 3873 2525 3926 sine
2544 3871 2856 3939 przcjudicio
2868 3867 3245 3938 appellationis
3258 3874 3461 3919 nostra:
3477 3863 3791 3932 recognovi.

2197 3964 2609 4020 Fortunatianus
2637 3965 2908 4033 episcopus
2941 3959 3185 4014 Ecclesia:
3216 3957 3490 4012 catholica:
3537 3957 3685 4009 dixit.
3733 3954 3792 4009 Si

2199 4057 2334 4113 ordo
2389 4067 2662 4126 gestorum
2703 4053 2913 4126 ﬂagitat
2936 4094 2950 4118 ,
2984 4051 3341 4122 publicamus.
3377 4049 3442 4104 Et
3473 4049 3578 4104 alia
3616 4064 3792 4101 ntanu.

2201 4151 2533 4222 Recognovi.
3435 4157 3445 4163 ·

2275 4245 2366 4299 77.
2404 4243 2739 4298 Marcellinus
2763 4242 2840 4296 vir
2861 4240 3180 4296 clarissimus
3213 4239 3452 4292 tribunus
3494 4247 3538 4293 et
3562 4234 3804 4290 notarius

2202 4337 2353 4394 dixit.
2395 4338 2530 4392 Cum
2559 4336 2842 4407 legationis
2869 4334 3095 4389 formam
3123 4331 3526 4387 demonstrarit
3572 4337 3803 4399 augusta

2207 4433 2516 4502 praeceptio,
2540 4445 2637 4485 cur
2654 4431 2948 4500 legatorum
2979 4427 3194 4483 nomina
3219 4426 3566 4495 postulentur
3589 4425 3808 4493 ignoro.

575 4513 663 4568 74.
688 4512 1091 4570 Fortunatianus
1104 4517 1373 4589 episcOpus
1398 4515 1643 4572 Ecclesia:
1655 4517 1921 4572 catholica:
1941 4516 2093 4572 dixit.
2123 4505 2178 4565 D
2204 4526 2287 4580 An
2317 4525 2725 4580 invictissimum
2757 4523 3056 4593 principem
3087 4519 3290 4590 aliquid
3319 4527 3514 4578 contra
3533 4518 3814 4574 rationem

504 4605 619 4664 Hoc
653 4608 1108 4665 clementissimus
1137 4622 1242 4665 n0u
1283 4611 1500 4666 censuit
1527 4611 1855 4680 imperator;
1905 4610 2000 4664 sed
2045 4609 2096 4664 id

510 4706 752 4774 partibus
777 4705 1030 4776 dignatus
1057 4714 1142 4761 est
1165 4714 1402 4761 statuere
1429 4747 1443 4770 ,
1480 4713 1541 4759 ιιι
1564 4705 1632 4759 ab
1658 4704 1901 4775 utrisque
1927 4705 2098 4774 parti-

510 4800 608 4854 bus
650 4800 839 4858 electis
867 4800 1138 4872 episcopis
1162 4841 1178 4867 ,
1231 4807 1577 4854 veternosum
1605 4812 1847 4853 errorem
1882 4797 2098 4852 tandem

2205 4619 2408 4675 dixisse
2433 4625 2613 4672 vestra
2635 4615 2894 4672 sanctitas
2920 4616 3107 4685 putat?
3128 4611 3262 4668 Cum
3295 4612 3364 4666 ad
3391 4627 3613 4667 causam
3644 4627 3818 4682 pera-

2206 4712 2434 4783 gendam
2469 4725 2715 4781 personae
2731 4708 3015 4764 videantur
3039 4721 3318 4777 expressae
3337 4717 3506 4776 atque
3533 4705 3767 4761 ﬁrmatae
3793 4748 3810 4770 ,

2209 4821 2307 4863 cur
2335 4822 2474 4862 nunc
2504 4804 2783 4877 legationis
2810 4805 3014 4860 mentio
3044 4802 3134 4857 ﬂat
3160 4844 3174 4867 ,
3221 4801 3459 4856 necdum
3511 4802 3655 4871 potui
3681 4799 3820 4855 dili-

511 4891 799 4960 aliquando
826 4902 1052 4965 propter
1073 4893 1304 4950 salutem
1336 4888 1655 4961 popularum
1701 4900 1754 4945 et
1796 4891 2069 4946 animarur

2209 4906 2401 4971 genter
2425 4899 2710 4954 advertere
2734 4939 2750 4965 ,
2796 4898 2882 4952 vel
2912 4911 3010 4952 cur
3039 4896 3336 4964 legatorum
3364 4894 3588 4948 nomina
3629 4902 3825 4962 postn-

512 4981 566 5038 in
597 4983 830 5037 medium
865 4987 1068 5053 prolata
1096 4987 1298 5041 veritas
1328 4993 1613 5040 monstret.
1677 4983 1746 5038 Et
1783 4983 1890 5038 alia
1926 5001 2103 5038 manu.

2211 4994 2391 5049 lentur
2418 4993 2631 5063 ignoro.
2654 4991 2810 5048 Unde
2833 4990 3052 5045 tandem
3080 4987 3374 5058 aliquando
3402 4989 3605 5042 amotis
3629 5001 3826 5057 super-

515 5077 846 5146 liecognovi.
893 5077 1180 5134 Petilianus
1226 5079 1500 5149 episcopus
1538 5078 1689 5134 dixit.
1740 5078 1884 5147 Lege
1929 5087 2106 5132 utrum
2213 5085 2356 5150 ﬂuis,
2387 5085 2661 5154 negotium
2701 5092 3052 5152 prouonatur.

516 5169 621 5225 hoc
660 5169 935 5241 petiveris.
992 5171 1055 5226 Et
1093 5174 1200 5228 alia
1244 5189 1422 5227 manu.
1477 5172 1773 5229 Petilianus
1821 5172 2112 5243 episcopus

518 5263 666 5316 salva
697 5262 1057 5332 appellatione
1083 5275 1262 5320 nostra
1289 5307 1305 5331 ,
1347 5266 1658 5334 recognovi.
1704 5263 2113 5320 Fortunatianus

516 5354 788 5424 episcopus
814 5353 1060 5411 Ecclesia:
1081 5357 1347 5414 catholicae
1364 5359 1512 5414 dixit.
1535 5359 1806 5415 Caeterum
1825 5360 2115 5430 superﬂuis

517 5447 882 5505 immoramini
906 5488 924 5514 ,
951 5446 1283 5504 Catholicam
1327 5461 1689 5506 monstramus
1716 5449 2013 5505 Ecclesiam
2044 5451 2114 5507 de

519 5551 664 5621 Lege
691 5592 704 5617 ,
736 5549 806 5606 de
835 5548 1124 5619 Prophetis
1147 5588 1160 5609 ,
1194 5545 1262 5601 de
1286 5546 1613 5617 Evangeliis,
1655 5546 1724 5602 de
1753 5544 1982 5600 Psalmis
2005 5587 2019 5612 ,
2047 5543 2117 5600 de

524 5642 776 5698 omnibus
799 5641 996 5698 divinis
1029 5639 1375 5697 testimoniis.
1403 5639 1598 5697 Contra
1629 5641 1734 5698 hoc
1752 5655 1782 5695 a
1811 5639 1966 5695 vobis
1992 5653 2118 5710 pro-

526 5735 696 5792 fertur
734 5737 1072 5795 mandatum.
1133 5734 1376 5793 Publica.
1439 5733 1640 5791 Tecum
1694 5733 1762 5790 ad
1820 5732 2118 5792 Ecclesiam

2287 5178 2376 5233 78.
2412 5175 2669 5231 Emeritus
2699 5175 2968 5245 episcopus
3004 5172 3158 5226 dixit.
3207 5168 3521 5225 Mandatum
3554 5167 3698 5239 quod
3729 5183 3825 5222 re-

2220 5270 2365 5325 centi
2395 5268 2613 5338 negotio
2641 5267 2924 5322 recitatum
2959 5275 3063 5332 est,
3101 5264 3236 5319 actis
3265 5263 3483 5319 videtur
3525 5263 3826 5317 insertum.

2221 5361 2357 5429 Quid
2383 5369 2564 5416 autem
2594 5376 2687 5428 per
2714 5359 2922 5430 legatos
2955 5371 3084 5414 suos
3121 5356 3501 5411 mandaverint
3545 5355 3832 5410 insinuare

2223 5454 2532 5509 noluerunt.
2583 5449 2650 5506 Et
2678 5451 2785 5504 alia
2809 5466 2988 5506 manu.
3033 5447 3306 5503 Emeritus
3346 5447 3647 5518 episcopus
3677 5444 3835 5501 salvo

2223 5544 2421 5601 cﬂ'ectu
2449 5541 2830 5615 appellationis
2859 5549 3058 5595 nostra:
3085 5537 3395 5608 recognovi.

2299 5640 2394 5697 79.
2428 5637 2764 5694 Marcellinus
2799 5637 2876 5692 uir
2902 5634 3482 5707 clarissimus‘tribunus
3521 5643 3568 5688 et
3594 5635 3834 5688 notarius

2223 5732 2376 5788 dixit.
2450 5729 2813 5789 Collationem
2866 5728 3191 5800 postulatam
3240 5725 3535 5783 evidenter
3603 5726 3835 5784 recitata
