4130 6170
377 239 513 293 1577

1349 248 1575 307 GESTA
1611 249 2071 318 COLLATIONIS
2109 261 2756 328 CARTHAGINENSIS.

3607 207 3624 242 \

3572 297 3710 354 1578

378 353 690 423 principalis
718 355 932 412 sanctio
955 357 1274 429 declaravit,
1298 361 1550 435 hancque
1573 365 1740 425 fuisse
1761 384 1986 428 conccs-
2011 379 2067 439 Α
2093 396 2198 450 pro
2241 399 2344 439 sua
2384 389 2600 442 censuit
2646 388 2945 448 voluntate.
2995 394 3104 453 Nos
3153 415 3366 474 quoque
3410 415 3708 474 secundum

378 461 487 474 er.“
521 455 732 474 Λιιη..θηι
805 449 872 474 De
904 451 1151 474 -..,-.ε-...
1199 453 1247 474 3..
1290 470 1449 474 --μ-μμ
1495 472 1508 474 _
1630 461 1682 474 Α.-
1902 473 1907 474 ,

373 461 488 500 sam
520 455 755 502 constat.
805 449 873 504 Et.
900 451 1154 520 quoniam
1199 453 1252 508 in
1290 470 1457 510 unum
1488 461 1751 517 sanctitas
1797 473 1977 519 vestra

374 535 441 591 de
467 535 691 592 delectis
720 539 790 594 ab
826 550 1052 611 utraque
1093 553 1245 613 parte
1287 546 1380 617 qni
1424 551 1701 619 negotium
1756 563 1980 624 possent

373 628 600 683 actitare
625 630 921 698 convenit,
950 649 1135 704 quxso
1162 649 1260 690 vos
1306 647 1362 691 ut
1407 641 1624 695 tandem
1671 657 1978 714 proponere

375 719 684 790 negotium,
732 732 786 777 et
813 739 1073 796 peragere
1101 734 1266 798 atque
1312 731 1604 801 explanare
1651 735 1972 807 dignemini.

377 811 635 867 Emeritos
655 815 922 887 episcopus
953 818 1103 873 dixit.
1151 821 1264 876 lloc
1289 823 1464 892 ipsum
1497 826 1645 882 dicat
1669 830 1812 898 quod
1839 845 1978 901 prm-

377 907 575 960 stantia
604 914 693 961 tua
717 923 812 962 sua
844 909 1266 970 interlocutione
1292 916 1546 986 signavit.
1575 918 1646 973 Et
1667 921 1775 976 alia
1794 940 1972 980 manu.

377 997 649 1056 Emeritos
690 1003 973 1074 episcopos
1019 1006 1168 1061 salva
1213 1010 1578 1079 appellatione
1641 1025 1827 1072 nostra
1885 1032 1976 1074 re-

377 1093 625 1164 eognovL

449 1188 539 1245 80.
584 1189 901 1261 Augustinus
934 1193 1202 1264 episcopus
1229 1194 1476 1252 Ecclesia:
1508 1200 1778 1257 catholica:
1821 1205 1972 1259 dixit.

378 1279 490 1336 Hoc
518 1281 648 1337 olim
678 1285 973 1340 clamamus
1003 1296 1060 1342 ot
1090 1287 1200 1342 fiat.
1251 1287 1483 1345 Collatio
1525 1294 1794 1359 postulata
1843 1307 1927 1352 est
1955 1338 1971 1363 ,

375 1377 596 1432 collatio
624 1394 884 1436 concessa
917 1390 1021 1446 est,
1052 1397 1214 1437 causa
1241 1384 1548 1439 collationis
1573 1388 1788 1458 utrique
1824 1391 1978 1444 veni-

375 1485 521 1524 mus.
575 1470 694 1526 Jam
741 1473 956 1528 tandem
988 1473 1080 1528 fiat
1106 1515 1121 1542 ,
1151 1474 1295 1546 quod
1323 1486 1377 1530 et
1402 1478 1626 1546 petitum
1660 1477 1889 1536 fatemur
1921 1490 1983 1536 et

372 1569 699 1618 concessum
736 1579 858 1620 esse
905 1564 1018 1636 ipsa
1069 1571 1353 1622 concessio
1393 1569 1707 1626 declaravit.
1765 1571 1832 1627 Et
1868 1573 1976 1627 alia

371 1668 556 1709 manu.
587 1655 922 1725 Recognovi.
959 1655 1220 1712 Emeritos
1248 1661 1516 1731 episc0pns
1545 1662 1696 1717 dixit.
1731 1663 1975 1718 Postula-

369 1755 479 1799 tam
511 1761 634 1802 esse
659 1746 815 1802 dixit.
843 1749 948 1804 Per
968 1765 1128 1819 quem
1155 1751 1348 1820 petiit?
1381 1752 1448 1808 Et
1472 1755 1577 1810 alia
1600 1773 1775 1812 manu.
1811 1757 1974 1813 Ente-

2087 487 2293 529 eorum
2321 478 2647 546 petitionem
2684 521 2701 547 ,
2731 489 2789 536 ut
2817 481 3027 554 dicunt,
3059 506 3217 560 quam
3242 512 3384 554 nunc
3426 500 3478 557 in
3505 504 3706 573 judicio

2085 577 2304 637 negant
2326 613 2341 638 ,
2378 588 2542 643 quam
2571 573 2875 644 approbare
2910 581 3122 640 nolunt.
3175 587 3243 643 Et
3282 590 3434 663 [cum
3472 596 3698 665 diceret,

2087 656 2221 730 (Et)
2260 663 2370 717 alia
2404 682 2580 720 manu.
2625 666 2896 727 Emeritos
2940 677 3220 749 episcopos
3242 723 3257 749 ,
3282 656 3436 741 salva
3463 656 3699 758 appella;

2080 752 2260 809 tione
2284 767 2489 826 nostra,
2523 762 2857 837 recognovi].
2889 767 3202 842 Augustinus
3221 752 3700 850 episcopus-Eccle-

2079 845 2194 899 sia:
2228 851 2500 908 catholica:
2526 853 2674 908 dixit.
2702 854 2818 913 Non
2846 877 3122 934 negamus.
3163 868 3235 924 Et
3251 845 3362 927 alia
3390 845 3566 932 manu.
3595 878 3694 934 Re-

2079 945 2361 1008 cognovi.
2405 945 2665 1000 Emeritos
2693 956 2964 1019 episcopus
3001 958 3148 1012 dixit.
3207 961 3375 1028 Quam
3417 967 3693 1035 publicare

2079 1027 2428 1104 detrectant,
2461 1037 2750 1107 provinciis
2784 1046 2979 1102 nostris
3000 1051 3178 1119 acciti,
3201 1054 3507 1111 conﬂictum
3530 1075 3690 1128 quem

2080 1137 2148 1179 se
2179 1141 2492 1200 proponere
2521 1129 2840 1199 pollicentur
2862 1179 2876 1204 ,
2930 1141 3177 1213 refugere
3205 1160 3306 1201 nos
3353 1164 3459 1202 non
3489 1149 3692 1208 debere

2081 1221 2319 1277 omnino
2347 1221 2685 1294 profitemur.
2716 1226 2881 1300 Igitur
2905 1236 3156 1304 quoniam
3189 1239 3320 1294 nihil
3351 1239 3420 1295 de
3446 1258 3525 1308 re,
3552 1243 3688 1300 nihil

2081 1310 2152 1366 de
2179 1327 2374 1380 causa,
2412 1314 2542 1369 nihil
2571 1317 2640 1374 de
2667 1335 2896 1390 persona
2923 1336 3100 1383 actum
3127 1338 3211 1385 est
3235 1371 3251 1397 ,
3282 1347 3405 1387 cum
3434 1335 3684 1402 primitus

2081 1404 2220 1462 illud
2245 1407 2451 1463 debeat
2493 1411 2740 1468 ventilari
2772 1427 2949 1472 utrum
2981 1421 3277 1491 petierint,
3311 1439 3410 1494 per
3433 1440 3570 1496 quos
3596 1441 3691 1498 pe-

2081 1497 2273 1554 tierint
2297 1540 2316 1564 ,
2345 1499 2432 1554 vel
2455 1502 2578 1571 quid
2623 1508 2916 1578 petierint,
2967 1529 3135 1582 quare
3166 1514 3219 1570 id
3246 1516 3450 1574 sileant
3477 1560 3491 1586 ,
3520 1497 3690 1592 quare

2078 1603 2186 1644 non
2223 1590 2543 1662 publicent,
2577 1599 2806 1657 advertit
2845 1601 3152 1664 sublimitas
3194 1618 3304 1665 tua.
3358 1610 3418 1666 Si
3463 1590 3696 1671 concor-

2076 1679 2210 1736 dant
2224 1680 2547 1753 petitiones,
2565 1690 2825 1750 debentin
2849 1695 3052 1767 judicio
3069 1701 3338 1758 ventilari.
3356 1703 3414 1762 Si
3441 1716 3694 1765 neutrum

2006 1756 2050 1816 Β
2079 1773 2310 1838 volunt,
2345 1777 2502 1835 onios
2529 1781 2725 1842 debent
2749 1785 2926 1846 facere
2957 1793 3279 1850 cessionem.
3319 1796 3379 1854 Si
3405 1797 3474 1854 ad
3506 1799 3702 1870 prioris

2074 1866 2348 1921 mandati
2379 1873 2557 1932 volunt
2582 1893 2682 1936 nos
2712 1891 2897 1940 tenere
2925 1901 3274 1958 consensum,
3305 1907 3416 1949 non
3441 1911 3703 1968 negamus

2075 1957 2412 2018 secundum
2439 1969 2714 2041 imperiale
2733 1991 3063 2050 praceptum
3085 1982 3278 2042 adesse
3298 2002 3403 2044 nos
3423 1991 3708 2050 conﬂicta-

2076 2050 2219 2105 tioni
2259 2051 2494 2118 debere.
2541 2065 2597 2123 Si
2642 2079 2820 2125 autem
2867 2074 3164 2132 secundum
3208 2094 3456 2149 praesens
3481 2087 3705 2145 manda-

2075 2151 2196 2199 tum
2235 2147 2442 2209 volunt
2469 2171 2650 2229 agere,
2674 2161 2875 2220 debent
2899 2147 3262 2238 cognitionem
3291 2175 3537 2247 ejusdem
3571 2198 3710 2256 quo-

2077 2251 2184 2308 que
2230 2241 2359 2310 rei,
2418 2249 2775 2315 profiteantur
2821 2241 3337 2329 adstipulationem:
3371 2271 3429 2328 Si
3459 2241 3716 2332 dubitant

370 1837 512 1894 ritus
535 1841 826 1911 cpiscopus
853 1841 1002 1896 salva
1049 1843 1409 1912 appellatione
1445 1854 1627 1903 nostra
1657 1849 1969 1919 recognovi.

373 1930 655 1988 Possidius
691 1936 963 2005 episc0pns
1008 1934 1258 1990 Ecclesia:
1283 1938 1546 1994 catholica:
1584 1941 1734 1996 dixit.
1780 1941 1971 1998 Finem

371 2024 667 2095 superﬂuis
695 2027 975 2095 imponere
997 2027 1207 2082 nolunt.
1237 2027 1303 2082 Et
1318 2031 1422 2084 alia
1441 2048 1613 2087 manu.
1643 2033 1970 2106 Recognovi.

379 2115 671 2172 Montanus
692 2119 958 2189 episc0pns
987 2120 1140 2176 dixit.
1185 2119 1266 2174 To
1295 2121 1360 2176 ad
1391 2124 1653 2180 actionem
1684 2142 1863 2182 moras
1892 2128 1977 2182 in-

377 2211 578 2266 uectis.
612 2208 682 2263 Et
709 2212 813 2265 alia
832 2229 1008 2268 manu.
1032 2213 1323 2268 Montanus
1349 2215 1635 2286 episc0pns
1663 2221 1974 2291 recognovi,

375 2302 530 2356 salvo
557 2303 958 2372 provocationis
989 2303 1208 2360 eﬂ‘ectu.

452 2393 544 2448 8|.
584 2392 920 2449 Marcellinus
950 2395 1026 2448 vir
1054 2396 1370 2451 clarissimus
1395 2397 1631 2456 tribunus
1669 2411 1717 2457 et
1745 2405 1977 2460 notarius

379 2487 530 2540 dixit.
563 2485 886 2557 Legatorum
917 2504 1165 2558 persona:
1193 2491 1266 2546 ibi
1299 2490 1514 2546 fuerant
1537 2495 1815 2567 exigenda:
1845 2540 1860 2565 ,
1892 2499 1983 2556 ubi

380 2588 598 2651 peracta
630 2581 828 2652 legatio
854 2594 959 2638 est.
1010 2584 1146 2640 Cum
1174 2596 1353 2640 autem
1401 2586 1469 2642 de
1496 2591 1809 2649 nominibus
1833 2594 1984 2664 lega-

381 2682 561 2727 torum
601 2674 1062 2731 clementissimus
1088 2686 1266 2732 tacere
1294 2677 1522 2734 voluerit
1544 2679 1862 2753 imperator,
1891 2699 1990 2743 cur

382 2767 470 2821 hic
516 2766 896 2823 desiderentur
942 2768 1154 2840 ignoro.
1208 2769 1470 2825 Emeritos
1516 2774 1789 2846 episcopus
1829 2778 1982 2832 dixit.

381 2858 487 2929 Ipsi
517 2873 622 2913 non
655 2869 868 2914 taceant
895 2901 910 2925 ,
943 2860 990 2916 si
1021 2861 1184 2916 tacuit
1209 2861 1524 2932 imperator.
1573 2864 1641 2919 Et
1675 2869 1784 2924 alia
1808 2888 1985 2926 manu.

383 2951 656 3007 Emeritos
693 2952 1015 3024 episcopus,
1046 2954 1194 3009 salva
1223 2956 1588 3025 appellatione
1627 2970 1851 3030 nostra,
1897 2978 1988 3018 re~

383 3045 634 3116 cognOvL

456 3137 548 3192 82.
582 3134 997 3193 Fortunatianus
1029 3140 1297 3213 episcopus
1328 3140 1573 3199 Ecclesiae
1605 3146 1872 3203 catholica:
1899 3149 1980 3202 di-

382 3231 477 3284 xit.
501 3231 733 3286 Causam
761 3231 943 3288 dicant
967 3274 983 3298 ,
1016 3244 1073 3289 ut
1093 3235 1206 3305 jam
1237 3235 1474 3292 diximus
1498 3279 1513 3305 ,
1547 3243 1906 3309 separationis
1930 3252 1986 3299 et

384 3323 662 3380 divisionis
688 3325 755 3381 ab
783 3326 1025 3384 Ecclesia
1056 3338 1169 3384 toto
1216 3339 1479 3387 terrarum
1513 3333 1644 3390 orbe
1674 3338 1936 3404 promissa
1964 3381 1980 3405 ,

386 3416 506 3485 lege
534 3415 768 3484 ﬁrmata,
786 3422 1110 3478 testimoniis
1124 3423 1508 3494 prophetarum
1534 3427 1653 3484 luce
1680 3429 1876 3486 clarius
1888 3430 1980 3488 de-

386 3517 686 3563 monstrata
708 3550 724 3576 ,
774 3511 1066 3586 Evangelio
1110 3533 1279 3588 usque
1307 3517 1468 3576 hodie
1495 3537 1686 3594 magna
1729 3523 1983 3582 firmitate

385 3601 677 3669 perdocta;
725 3609 779 3656 et
809 3604 1091 3661 discedant
1124 3612 1434 3666 moratorize
1468 3616 1937 3686 tergiversationes
1961 3660 1978 3687 ,

383 3701 438 3746 et
467 3695 827 3764 separationis
852 3698 1058 3754 crimen
1084 3701 1171 3756 vel
1195 3717 1320 3759 sero
1350 3716 1701 3776 cognoscant.
1755 3710 1824 3765 Et
1868 3713 1976 3766 alia

385 3801 559 3840 manu.
593 3786 925 3858 ReCOgnovi.

458 3877 546 3931 85.
582 3877 859 3934 Montanus
887 3881 1155 3953 episc0pns
1181 3886 1333 3941 dixit.
1359 3887 1490 3944 Cum
1519 3890 1756 3948 edideris
1774 3908 1837 3950 ea
1859 3911 1978 3965 quae

385 3968 726 4038 postulamus
750 4011 765 4039 ,
792 3975 1184 4033 assertionibus
1215 3980 1420 4036 nostris
1447 3998 1554 4039 non
1585 3984 1878 4042 deerimus.
1914 3988 1980 4045 Et

384 4061 491 4116 alia
517 4078 692 4116 manu.
746 4064 1027 4123 Montanus
1055 4071 1344 4142 episcopos
1391 4079 1798 4144 prosecutiones
1829 4096 1977 4137 meas

383 4155 532 4209 salvo
555 4155 930 4225 appellationis
961 4159 1161 4217 eﬂ'eCtu
1190 4168 1497 4235 recognovi.

455 4248 544 4304 84.
579 4248 914 4305 Marcellinus
943 4254 1018 4307 uir
1047 4254 1364 4312 clarissimus
1401 4259 1633 4316 tribunus
1674 4271 1721 4317 et
1749 4266 1979 4322 notarius

385 4340 533 4399 dixit.
582 4343 931 4416 Legationem
959 4363 989 4402 a
1014 4345 1310 4406 Catholicis
1338 4362 1640 4423 susceptam
1685 4355 1978 4435 imperialis

386 4439 678 4495 sanctionis
707 4447 862 4494 tenor
887 4439 1160 4510 ostendit,
1212 4447 1267 4497 in
1311 4459 1415 4515 qua
1455 4446 1800 4504 collationem
1848 4465 1978 4506 con-

2081 2344 2440 2402 proponere,
2492 2352 2549 2396 ut
2597 2359 2699 2399 nos
2745 2349 3060 2406 earumdem
3112 2360 3580 2427 propositionibus
3620 2383 3714 2425 re-

2081 2424 2364 2492 spondere
2390 2431 2676 2490 valeamus
2694 2477 2710 2503 ,
2740 2436 2920 2494 videat
2949 2424 3267 2512 praestantia
3298 2459 3386 2508 tua
3411 2471 3518 2512 non
3547 2474 3580 2515 e
3605 2424 3710 2516 no-

2083 2515 2213 2570 stris
2259 2520 2510 2587 partibus
2553 2528 2705 2583 nasci
2745 2532 3039 2600 quominus
3083 2541 3366 2607 negotium
3396 2551 3714 2609 ventiletur.

2086 2607 2298 2712 Quippe
2325 2626 2450 2712 cum
2480 2615 2581 2672 hac
2611 2634 2781 2692 agoga
2807 2622 2886 2695 (l)
2918 2633 2974 2680 et
2999 2624 3102 2684 hac
3119 2633 3533 2700 quodammodo
3547 2607 3714 2712 janua

2086 2699 2155 2754 ad
2185 2704 2389 2772 negotii
2419 2709 2614 2765 merita
2646 2712 3092 2775 descendendum
3120 2699 3230 2793 sit,
3284 2699 3712 2807 intelligit-prte-

2088 2794 2285 2848 stantia
2317 2803 2403 2851 tua
2436 2801 2520 2856 vel
2553 2813 2754 2875 negare
2787 2807 2983 2864 saltem
3015 2826 3114 2867 eos
3139 2856 3154 2882 ,
3185 2819 3269 2874 vel
3306 2794 3543 2884 reticere
3626 2830 3716 2886 vel

2090 2896 2442 2948 contemnere
2485 2900 2824 2967 respondere
2866 2907 3342 2974 propositionibus
3384 2921 3618 2987 nostris;
3653 2929 3717 2978 ut

2088 2992 2209 3032 cum
2240 2980 2355 3036 haec
2388 2981 2710 3057 adverteris,
2730 2991 2980 3060 judicare
2997 2994 3261 3066 digneris.
3295 3003 3365 3057 Et
3391 3008 3498 3062 alia
3520 3017 3704 3067 manu.

2091 3072 2363 3130 Emeritos
2387 3076 2677 3149 episcopus
2701 3124 2716 3148 ,
2765 3085 2918 3152 salvo
2955 3086 3150 3144 eﬂ'ecto
3197 3095 3586 3164 appellationis
3610 3117 3714 3160 no-

2008 3145 2054 3209 C
2088 3172 2237 3230 strae,
2265 3171 2577 3237 recognovi.

2160 3275 2250 3332 86.
2286 3277 2626 3336 Marcellinus
2652 3286 2731 3339 vir
2761 3288 3089 3346 clarissimus
3125 3293 3364 3352 tribunus
3395 3309 3444 3355 et
3476 3308 3711 3366 notarius

2085 3371 2237 3424 dixit.
2283 3371 2421 3438 Quid
2450 3377 2732 3447 petierint,
2767 3380 2858 3437 vel
2889 3382 3018 3452 quid
3047 3386 3397 3458 pertulerint,
3427 3393 3706 3466 inquirere

2085 3477 2174 3518 me
2219 3461 2420 3520 debere
2473 3481 2580 3520 non
2635 3468 2809 3539 jussit
2859 3472 3326 3537 clementissimus
3376 3461 3699 3557 imperator.

2084 3553 2262 3620 Quare
2291 3562 2471 3611 autem
2498 3559 2666 3628 petita
2693 3564 2927 3620 collatio
2952 3565 3061 3635 sit,
3108 3553 3700 3640 apertissimevdemon-

2083 3654 2310 3701 stratum
2342 3657 2458 3714 est,
2489 3648 2543 3704 id
2574 3661 2699 3721 est,
2734 3665 2798 3712 ut
2825 3659 3267 3726 superstitionem
3299 3668 3439 3724 ratio
3464 3674 3699 3734 manife-

2082 3747 2162 3791 sta
2193 3737 2458 3795 confutet.
2513 3741 2625 3798 Hoc
2651 3743 2828 3805 hodie
2847 3748 2962 3804 ﬁeri
2992 3764 3152 3820 posse
3177 3770 3285 3813 non
3317 3757 3537 3821 dubium
3568 3777 3692 3837 est;

2081 3830 2349 3900 siquidem
2381 3832 2631 3894 delectas
2660 3843 2736 3899 ab
2789 3849 3017 3914 utraque
3057 3857 3208 3917 parte
3258 3868 3518 3922 personas
3563 3830 3695 3920 con;

2083 3926 2295 3982 venisse
2321 3942 2612 3999 cognosco.
2645 3933 2809 3992 Unde
2827 3937 2974 4008 jam,
3014 3940 3155 3999 sicut
3175 3947 3375 4018 saepius
3402 3951 3689 4017 interfatus

2081 4030 2226 4084 sum,
2252 4021 2526 4092 negotium
2555 4037 2919 4096 proponatur.

2153 4130 2241 4186 87.
2282 4132 2549 4191 Emeritos
2579 4138 2855 4209 episcopus
2881 4142 3034 4200 dixit.
3089 4147 3406 4220 Petierunt,
3456 4167 3549 4214 aut
3577 4176 3688 4220 non

2081 4225 2372 4295 petierunt.
2427 4227 2618 4284 Dicant
2646 4246 2742 4300 per
2763 4248 2901 4304 quos
2948 4238 3040 4293 vel
3089 4242 3219 4311 quid
3271 4247 3564 4315 petierunt.
3617 4253 3686 4310 Et

2082 4317 2187 4371 alia
2210 4335 2385 4375 manu.
2439 4320 2713 4380 Emeritos
2745 4328 3034 4400 episcopus
3063 4373 3077 4400 ,
3129 4335 3276 4392 salva
3322 4343 3683 4412 appellatione

2081 4421 2287 4482 nostra,
2319 4417 2632 4487 recognovi.

386 4542 493 4587 stat
532 4531 698 4588 fuisse
724 4533 1069 4604 postulatam,
1093 4536 1182 4590 cui
1209 4552 1295 4592 me
1312 4535 1547 4607 judicem
1572 4540 1714 4596 idem
1739 4542 1976 4600 clemen-
2001 4536 2055 4597 D
2152 4549 2241 4606 88.
2271 4552 2492 4625 Alypius
2520 4554 2792 4629 episc0pns
2820 4557 3070 4618 Ecclesia:
3089 4565 3357 4626 catholicos
3374 4573 3526 4631 dixit.
3555 4577 3683 4634 Suf-

390 4625 628 4680 tissimus
655 4624 904 4697 princeps
931 4625 1100 4682 voluit
1132 4627 1393 4685 residere.
1428 4628 1581 4686 Unde
1622 4633 1874 4704 quoniam
1913 4634 1980 4692 de

391 4719 635 4788 personis
663 4719 960 4790 legatorum
1002 4720 1136 4775 nihil
1167 4722 1441 4792 inquirere
1474 4738 1777 4798 prmceptus
1817 4744 1934 4785 sum
1961 4772 1977 4800 ,

390 4825 492 4865 nec
517 4810 777 4867 excedere
804 4827 890 4867 me
919 4827 1080 4882 posse
1104 4815 1355 4884 praecepti
1387 4814 1615 4872 formam
1655 4829 1833 4874 vestra
1857 4837 1981 4877 san-

389 4905 546 4961 ctitas
575 4921 784 4962 mecum
816 4906 1010 4962 melius
1049 4909 1410 4976 recognoscit,
1443 4909 1977 4982 dignaminitandem

389 4994 674 5066 aliquando
718 4999 990 5068 negotium
1035 5013 1376 5069 proponere,
1430 5012 1487 5056 ut
1527 5013 1583 5060 et
1626 5005 1728 5076 ipsi
1768 5007 1981 5064 veritati

388 5099 442 5145 et
483 5090 766 5160 principali
808 5089 1035 5160 jussioni
1079 5091 1408 5148 satisfactum
1457 5109 1580 5151 esse
1625 5097 1679 5152 in
1729 5099 1979 5155 omnibus

388 5182 652 5237 videatur.

457 5277 547 5333 85.
579 5274 839 5330 Emeritos
863 5277 1130 5348 episcopus
1168 5280 1318 5335 dixit.
1361 5280 1499 5350 Quid
1530 5293 1745 5340 secreto
1789 5299 1980 5358 agatur

385 5368 664 5438 intelligis.
695 5367 776 5422 vir
796 5369 1122 5438 spectabilis,
1155 5371 1285 5428 dum
1310 5389 1425 5428 rem
1461 5375 1512 5429 in
1545 5376 1724 5432 medio
1747 5380 1978 5447 positam

384 5473 439 5520 et
469 5476 606 5533 pene
635 5462 745 5531 ipsa
779 5462 894 5518 luce
920 5463 1201 5519 clariorem
1230 5467 1418 5521 volunt
1460 5470 1674 5526 nebulis
1711 5470 1975 5541 obligare.

383 5553 740 5610 Collationem
767 5555 1046 5625 imperiale
1069 5565 1398 5626 praeceptum
1439 5559 1581 5616 inter
1607 5571 1790 5633 partes
1818 5563 1933 5620 fieri
1961 5605 1976 5631 ,

2084 4645 2195 4700 ficit
2218 4646 2328 4713 jam
2363 4647 2614 4719 rescripti
2646 4652 2914 4709 recitatio.
2960 4657 3308 4728 Agnoverunt
3337 4668 3464 4736 quid
3491 4672 3682 4730 volue-

2083 4737 2152 4792 rit
2174 4738 2334 4812 301
2366 4739 2510 4797 inter
2535 4756 2636 4798 nos
2662 4742 2860 4800 discuti
2884 4746 3344 4811 clementissimus
3364 4757 3678 4831 imperator.

2081 4828 2486 4887 Removeantur
2510 4833 2785 4903 superﬂua
2813 4879 2829 4904 ,
2857 4837 2925 4893 ad
2950 4854 3170 4898 causam
3201 4828 3507 4908 veniamus.
3539 4853 3684 4913 Con-

2081 4919 2429 4976 siderandum
2453 4933 2538 4979 est
2567 4926 2712 4982 enim
2741 4928 2872 4999 quid
2897 4941 3021 5001 agat
3050 4948 3177 5004 pars
3201 4937 3449 5010 diversa;
3488 4946 3682 5005 videli-

2085 5020 2173 5068 cet
2195 5055 2210 5080 ,
2242 5016 2697 5083 quemadmodum
2733 5020 2914 5090 priore
2935 5023 3142 5093 judicio
3173 5028 3509 5102 longitudine
3540 5056 3682 5110 pra:—

2087 5103 2368 5159 teritorum
2405 5116 2679 5174 gestorum
2709 5111 2996 5179 praetendit
3021 5114 3334 5178 dilationem
3357 5163 3376 5192 ,
3415 5125 3486 5182 ita
3514 5103 3679 5188 etiam

2086 5195 2248 5252 hodie
2274 5197 2550 5254 desiderat
2576 5203 2863 5272 superﬂuis
2891 5207 3108 5266 codices
3145 5227 3375 5274 onerare
3399 5260 3416 5288 ,
3459 5231 3515 5276 ut
3550 5223 3678 5282 item

2085 5297 2379 5344 causentttr
2418 5290 2488 5348 de
2518 5308 2669 5350 mora
2697 5296 3176 5360 describendorum
3221 5307 3306 5363 vel
3345 5310 3680 5374 edendorum

2086 5390 2382 5452 gestorum.
2436 5384 2505 5440 Et
2530 5387 2634 5442 alia
2657 5405 2830 5446 manu.
2881 5391 3212 5468 Recognovi.
3248 5400 3526 5462 Montanus
3571 5410 3682 5481 epi-

2086 5492 2274 5544 scopas
2313 5477 2465 5534 dixit.
2508 5479 2587 5536 Tu
2619 5497 2799 5540 moras
2842 5487 3072 5546 inuectis
3097 5533 3112 5558 ,
3159 5508 3278 5549 cum
3327 5513 3435 5553 non
3474 5477 3686 5570 profers

2087 5567 2232 5638 quod
2259 5584 2359 5624 nos
2395 5586 2428 5627 a
2471 5580 2524 5628 te
2549 5571 2876 5646 ﬂagitamus.
2920 5577 2989 5636 Et
3027 5584 3135 5638 alia
3173 5601 3351 5640 manu.
3401 5567 3688 5653 Montanus

455 5669 539 5740 (ί)
568 5671 764 5778 Αὲἷθθας
791 5669 1122 5778 Ξ¹ίέ¹ἐ¹¹ῗηξξ¹ἒ⁸
1151 5685 1346 5778 ifilli
1371 5673 1901 5778 ἓ;ηέ.τηέ¹⁶ἰ.ῐ¹¹.ῗ’ἑ¹.ί.ἱ
1926 5679 2044 5736 θυτί
2093 5683 2370 5751 mm“
2416 5700 2621 5758 θεθηεν
2668 5690 2869 5764 Αθοθαε
2913 5696 3094 5751 vocari
3132 5696 3208 5752 θίι
3251 5697 3424 5760 τοεεεε
3462 5721 3587 5778 quae
3629 5710 3684 5775 in

384 5743 548 5816 plano
576 5749 855 5812 cavantur,
889 5742 943 5797 in
973 5754 1107 5812 quas
1149 5757 1338 5800 aurum
1370 5743 1620 5816 proﬂuat.
1643 5763 1922 5807 BALUZIUS.
1980 5818 1983 5822 ι
