4130 6170
489 333 628 392 1379

1471 320 1700 382 GESTA
1734 321 2191 384 COLLATIONIS
2227 319 2845 384 CARTl‘lAGlNE-NSIS.

3642 321 3794 376 1580

488 457 778 525 episcopus
831 445 1268 520 prosecutioncm
1319 457 1498 500 meam
1553 443 1884 514 recognovi,
1937 442 2086 497 salvo
2113 451 2160 509 Α
2190 450 2275 498 tro
2301 444 2402 498 hoc
2428 439 2910 512 interfuridignala
2936 434 3093 492 fuerit
3119 413 3434 506 praestantia
3461 441 3567 488 tua.
3594 432 3656 486 Et
3683 436 3797 488 alia

489 544 890 620 provocationis
917 540 1131 598 cliectu.

565 637 656 694 89.
691 635 987 690 Politianus
1027 632 1298 703 episwpus
1327 629 1478 684 dixit.
1512 627 1764 684 Proxime
1812 626 2089 698 prteterita

492 730 806 803 cognitione
833 738 999 797 atque
1024 723 1415 790 controversia,
1451 721 1695 792 quamvis
1732 732 1859 776 ante
1905 736 2088 776 causa:

492 824 819 896 principium
867 822 1213 884 ventilatum,
1245 834 1352 873 non
1391 827 1577 872 nostro
1607 815 1741 872 vitio
1779 831 1954 886 neque
1994 831 2091 870 no—

493 928 605 972 stra
635 915 898 986 petitione
918 912 1234 968 dilationem
1267 909 1581 981 provenisse
1609 907 1954 963 manifestum
1982 916 2086 973 est,

489 1010 592 1066 sed
641 1009 975 1065 humanitate
1009 1006 1334 1078 judiciorum
1367 1013 1582 1059 tuorum
1606 1044 1619 1068 ,
1650 1017 1812 1073 quam
1857 1017 1965 1056 non
1995 1015 2091 1071 po-

495 1112 642 1160 teras
667 1101 971 1171 denegare:
1001 1099 1201 1169 quippe
1226 1111 1348 1152 cum
1394 1104 1711 1164 exceptores
1735 1092 1943 1147 onerati
1971 1093 2090 1146 lon-

494 1195 739 1267 gitudine
778 1192 1164 1250 controversiae
1190 1206 1254 1246 ac
1303 1189 1628 1259 prolixitate,
1681 1185 1736 1241 id
1767 1186 1930 1241 etiam
1965 1200 2092 1257 pro—

495 1287 729 1344 fessione
757 1300 854 1341 sua
873 1283 1267 1354 responderint.
1294 1280 1449 1337 Unde
1468 1279 1720 1348 quoniam
1747 1278 1846 1332 ista
1875 1285 2092 1346 peracta

495 1389 645 1445 sunt,
673 1378 774 1434 sed
804 1376 933 1433 fecit
956 1375 1083 1431 inde
1113 1374 1276 1430 hodie
1302 1373 1654 1436 mentionem,
1688 1369 1810 1424 ideo
1835 1367 1954 1424 iniec
1996 1382 2092 1422 vo-

495 1474 569 1530 lui
603 1474 889 1544 replicare.
917 1473 988 1526 At
1010 1485 1152 1525 nunc
1169 1467 1391 1524 eosdem
1417 1479 1560 1521 nunc
1588 1478 1768 1518 moras
1790 1463 2090 1526 innectere,

497 1567 721 1622 eosdem
743 1565 797 1618 in
820 1562 1073 1634 praesenti
1089 1561 1302 1617 actione
1330 1557 1632 1614 obtendere
1654 1553 1902 1620 nebulas,
1935 1567 2005 1608 ne
2025 1552 2091 1606 ad

495 1673 685 1714 eorum
715 1654 998 1712 mendacia
1031 1655 1344 1717 veniamus,
1375 1651 1489 1720 ipsa
1529 1662 1719 1704 eorum
1753 1644 2093 1702 taciturnitas

499 1759 784 1806 monstrat.
825 1746 1141 1818 Loquuntur
1168 1745 1338 1812 enim,
1359 1757 1482 1797 cum
1515 1748 1714 1806 tacent,
1744 1754 1803 1793 se
1838 1737 2012 1792 vereri
2040 1736 2094 1790 id

2190 549 2369 592 manu.
2411 535 2708 591 Petilianus
2730 532 3017 607 episcopus
3052 527 3343 600 recognovi
3369 568 3386 596 ,
3410 527 3562 583 salvo
3589 538 3801 588 nostra:

2188 629 2565 701 appellationis
2585 625 2802 684 eﬂ'ectu.

2263 721 2352 777 96.
2397 719 2736 775 Marcellinus
2762 717 2838 771 vir
2866 715 3181 771 clarissimus
3208 713 3451 769 tribunus
3483 723 3531 769 et
3561 715 3803 774 notarius

2193 815 2343 870 dixit.
2371 814 2642 872 Sanctitas
2668 821 2865 874 vestra,
2897 811 2942 864 si
2975 824 3069 864 eos
3090 807 3229 864 {also
3257 809 3360 864 hoc
3390 808 3615 866 nomine
3643 822 3807 866 asse-

2193 909 2264 962 rit
2319 917 2688 978 uuncupatos,
2746 901 3018 974 negotium
3067 915 3374 974 proponere
3427 901 3652 960 tandem
3699 899 3808 960 ali-

2192 999 2408 1073 quando
2438 999 2719 1069 dignetur;
2764 1002 3030 1066 quatenus
3071 993 3139 1050 de
3169 1001 3501 1070 praesumpto
3548 993 3808 1056 nomine,

2193 1092 2240 1147 si
2270 1091 2504 1161 potuerit
2537 1087 2905 1158 comprobari,
2936 1101 3059 1158 pars
3097 1099 3129 1141 e
3155 1085 3372 1141 diverso
3399 1085 3719 1148 consiStens
3753 1086 3810 1148 in

2194 1187 2445 1244 omnibus
2480 1183 2816 1242 confutatur.

2266 1280 2356 1336 97.
2399 1277 2663 1333 Emeritus
2687 1279 2958 1347 episcopus
2979 1273 3129 1330 dixit.
3157 1271 3362 1344 Magnis
3395 1281 3579 1327 actum
3606 1283 3693 1333 est
3716 1286 3811 1330 vo-

2199 1374 2514 1444 luminibus,
2550 1383 2604 1427 et
2645 1369 2977 1441 respondere
3015 1368 3326 1434 noluerunt,
3369 1377 3626 1421 tenentes
3654 1368 3809 1440 apud

2196 1485 2254 1523 se
2294 1467 2526 1544 quodam
2567 1462 2883 1535 praejudicio
2912 1462 3264 1525 voluntatem,
3308 1448 3378 1514 ne
3420 1460 3808 1516 satisfacerent

2191 1561 2468 1632 judicatis.
2516 1558 2581 1613 Et
2627 1574 2744 1612 cum
2784 1557 2989 1610 diceret.
3025 1552 3128 1632 (Et
3173 1553 3278 1607 alia
3307 1568 3490 1606 manu.
3532 1551 3804 1606 Emeritus

2197 1657 2505 1726 cpisc0pus,
2537 1651 2682 1706 salva
2715 1648 3073 1727 appellatione
3102 1643 3455 1716 recognovi.)
3489 1644 3807 1714 Augustinus

2199 1751 2468 1820 episcOpus
2509 1745 2759 1806 Ecclesia:
2781 1741 3047 1800 catholica?
3077 1739 3227 1794 dixit.
3268 1737 3480 1808 Quibus
3513 1737 3808 1810 judicatis?

498 1842 900 1914 preferrequod
921 1838 1346 1898 clementissimo
1371 1833 1686 1904 imperatori
1710 1829 1919 1886 mentiti
1943 1837 2090 1884 sunt.
2121 1844 2170 1906 Β
2199 1840 2268 1895 Et
2307 1840 2414 1894 alia
2438 1855 2618 1892 manu.
2662 1833 2995 1912 Recognovi.
3023 1831 3284 1886 Emeritus
3329 1829 3606 1904 cpiscopus
3647 1831 3804 1884 dixit.

497 1939 555 1990 Si
585 1936 746 2006 igitur
791 1933 913 1989 freti
939 1942 1063 1988 sunt
1087 1931 1241 1985 bona:
1279 1927 1560 2000 petitionis
1612 1925 1889 1979 voluntate
1916 1932 2090 1993 atque
2134 1975 2140 1982 ,

494 2027 708 2092 ordine,
730 2024 857 2096 quid
881 2039 1000 2079 eam
1021 2023 1274 2078 dubitant
1305 2017 1605 2074 ventilare?
1625 2017 1691 2071 Et
1719 2016 1974 2086 quoniam
2000 2028 2094 2083 po-

491 2129 663 2174 testas
715 2128 804 2172 tua
831 2115 1145 2171 meminisse
1185 2113 1440 2182 dignatur
1481 2109 1537 2164 id
1572 2110 1752 2179 priore
1781 2115 2093 2161 controver-

490 2214 572 2267 sia
595 2209 874 2280 agitatum,
897 2217 953 2262 ut
972 2217 1063 2262 aut
1081 2207 1203 2276 jure
1229 2203 1441 2274 publico
1461 2210 1703 2272 agerent,
1725 2209 1817 2254 aut
1841 2199 1974 2269 legis
1995 2197 2093 2252 do-

496 2305 714 2360 minicis
766 2301 1088 2358 auctoritate
1131 2298 1524 2354 descenderent
1566 2295 1878 2365 disputare,
1927 2291 2093 2362 idque

497 2412 598 2453 suo
629 2395 761 2452 mibi
791 2395 1090 2467 promisere
1118 2405 1411 2455 consensu,
1445 2388 1696 2444 nobilitas
1723 2395 1901 2442 autem
1923 2391 2014 2441 tua
2037 2386 2090 2442 id

495 2490 600 2547 sibi
643 2493 952 2558 exceperit,
986 2502 1016 2541 a
1047 2485 1254 2556 legibus
1283 2483 1401 2539 tolli
1447 2498 1506 2538 se
1538 2480 1764 2537 minime
1811 2488 2090 2550 oportere,

501 2595 713 2642 tuamm
753 2584 983 2654 partium
1015 2591 1120 2649 est,
1151 2582 1232 2634 vir
1279 2576 1498 2644 nobilis,
1528 2575 1585 2631 id
1635 2585 1818 2630 tenere
1842 2571 1984 2644 quod
2017 2571 2096 2627 le-

495 2696 622 2752 gum
661 2689 777 2743 est;
812 2677 1028 2733 illorum
1068 2682 1250 2729 autem
1280 2680 1364 2728 est
1388 2669 1658 2741 promissa
1691 2665 2003 2729 necessitas,
2034 2671 2095 2719 ut

494 2777 614 2845 lege
649 2773 832 2828 divina
861 2771 1094 2826 debeant
1123 2766 1382 2837 experiri.
1413 2763 1471 2818 Si
1503 2763 1660 2832 igitur
1694 2759 1836 2829 apud
1881 2765 1934 2812 te
1960 2755 2095 2827 legi-

500 2865 605 2922 bus
637 2864 868 2935 publicis
895 2862 1093 2932 agitur,
1122 2857 1374 2930 quoniam
1391 2863 1449 2910 tu
1474 2853 1685 2909 hisdem
1714 2851 2008 2922 prtesidere
2041 2860 2094 2903 te

495 2956 772 3030 professus
793 2969 874 3020 es,
905 2953 1061 3024 exige
1092 2949 1237 3020 quod
1269 2948 1414 3018 leges
1437 2944 1657 2999 habent.
1689 2942 1747 2998 Si
1778 2950 1958 2996 autem
1981 2938 2092 2995 dis-

497 3049 704 3121 putatio
734 3047 920 3118 legalis
951 3047 1002 3100 in
1045 3043 1283 3098 medium
1315 3038 1570 3104 mittitur,
1608 3037 1884 3105 interrogo
1925 3042 1976 3087 te
2008 3031 2094 3086 liic

495 3145 589 3215 qui
622 3142 900 3198 desideras
933 3139 1233 3208 dis-putare,
1265 3132 1391 3204 quid
1437 3129 1682 3202 petieris,
1709 3127 1839 3198 quid
1870 3125 2048 3196 egeris
2069 3165 2085 3191 ,

2197 1931 2295 1988 Vel
2324 1930 2453 1988 illud
2495 1925 2813 1990 reverentia:
2851 1940 2915 1980 ac
2953 1922 3229 1999 patientia:
3280 1920 3617 1998 judiciorum
3660 1935 3803 1990 pra:-

2196 2036 2345 2080 stare
2368 2023 2656 2086 dignentur
2681 2019 2761 2099 [ut
2785 2014 3174 2089 respondeant]
3203 2024 3382 2069 utrum
3410 2008 3664 2088 petitoris
3691 2013 3809 2068 loco

2198 2116 2500 2180 adsistunt,
2543 2121 2725 2168 utrum
2765 2111 2866 2184 ipsi
2899 2116 3244 2182 proponant,
3268 2114 3455 2160 utrum
3487 2106 3594 2176 ipsi
3624 2121 3726 2161 nos
3754 2105 3808 2160 in

2195 2209 2456 2284 judicium
2494 2215 2730 2272 vocent;
2761 2212 2818 2259 ut
2847 2219 2970 2260 cum
3009 2219 3075 2258 ex
3102 2199 3418 2262 eorumdem
3451 2201 3808 2270 responsione

2199 2303 2285 2356 vel
2315 2302 2417 2384 lioc
2439 2301 2711 2370 cognitum
2745 2296 2929 2362 fuerit,
2963 2294 3032 2352 ad
3059 2309 3246 2350 eorum
3287 2293 3694 2364 propositiones
3721 2307 3807 2347 re-

2198 2395 2470 2472 spondere
2499 2393 2798 2448 valeamus.
2848 2388 2916 2444 Et
2942 2388 3048 2443 alia
3089 2403 3263 2441 manu.
3293 2385 3568 2441 Emeritos
3593 2384 3809 2455 episco.

2198 2505 2324 2564 pus,
2367 2489 2513 2553 salva
2557 2483 2940 2560 appellatione,
2986 2481 3300 2552 recognovi.
3340 2478 3689 2534 Marcellinus
3735 2477 3811 2532 εἰτ-

2201 2582 2518 2638 clarissimus
2562 2579 2800 2636 tribunus
2840 2585 2888 2631 et
2918 2575 3150 2632 notarius
3176 2573 3330 2628 dixit.
3381 2569 3812 2650 Respondeatur

2199 2677 2446 2748 objectis.

2272 2771 2362 2834 98.
2381 2771 2696 2842 Augustinus
2718 2766 2986 2839 episwpus
3002 2762 3248 2825 Ecclesia:
3261 2761 3533 2818 catholicre
3549 2761 3701 2817 dixit.
3720 2760 3812 2816 Ec-

2201 2863 2390 2932 clesia,
2419 2861 2562 2932 quod
2587 2859 2774 2916 audire
2801 2871 2907 2911 non
2938 2855 3126 2921 vultis,
3168 2863 3223 2916 et
3250 2868 3482 2914 necesse
3511 2862 3600 2908 est
3627 2851 3812 2907 audia-

2201 2956 2294 3022 tis,
2323 2954 2577 3028 quoniam
2611 2959 2689 3006 tot
2727 2947 3052 3013 testimoniis
3093 2955 3148 3002 et
3176 2946 3373 3006 divinis
3415 2944 3650 3016 eloquiis
3679 2959 3811 3020 pro—

2201 3049 2462 3103 clamatur
2493 3052 2608 3099 tato
2649 3051 2912 3096 terrarum
2960 3038 3093 3094 orbe
3124 3036 3352 3104 diffusa,
3385 3036 3543 3106 cujus
3572 3051 3814 3093 commu-

2199 3142 2414 3200 nionem
2447 3137 2694 3193 videmur
2727 3144 2937 3202 tenere,
2971 3131 3120 3188 falsis
3149 3131 3627 3188 criminationibus
3655 3145 3686 3188 a
3715 3146 3809 3185 vo-

495 3238 624 3310 quid
650 3244 837 3294 contra
869 3249 956 3289 me
984 3230 1222 3288 dixeris:
1253 3243 1417 3299 quem
1458 3226 1504 3280 si
1549 3225 1808 3280 invenero
1836 3235 1964 3276 vera
2007 3218 2090 3273 di-
2121 3235 2167 3300 ρ
2199 3235 2282 3290 bis
2307 3231 2540 3305 appetita
2567 3239 2669 3286 εει,
2703 3225 2857 3285 unde
2885 3227 3094 3283 εχειίιίι
3123 3235 3299 3282 vestra
3325 3227 3630 3302 “param,
3651 3239 3809 3294 quam

460 3317 644 3390 misse
665 3374 682 3398 ,
713 3343 936 3386 necesse
964 3325 1141 3381 habeo
1166 3322 1282 3392 ejus
1315 3321 1446 3392 legis
1481 3315 1906 3387 disputationem
1944 3326 2094 3368 com-

499 3427 735 3482 mittere.
779 3422 842 3477 Si
885 3431 1067 3476 autem
1106 3429 1414 3486 cognovero
1441 3427 1472 3466 a
1500 3408 1724 3479 perﬁdia
1754 3417 1916 3477 atque
1943 3419 2096 3459 men-

498 3519 656 3576 dacio
671 3527 725 3580 te
739 3514 996 3585 coepisse,
1025 3524 1251 3567 necesse
1271 3515 1354 3563 est
1376 3517 1432 3561 ut
1460 3515 1606 3558 tuam
1629 3514 1914 3571 personam
1935 3498 2095 3566 longe

495 3629 718 3686 prorsus
761 3610 981 3666 evitem.
1032 3603 1173 3674 Quid
1227 3601 1372 3657 enim
1441 3597 1573 3652 mihi
1629 3593 1850 3666 prodest
1896 3591 2095 3650 docere

494 3704 842 3765 mendacem?
867 3702 1003 3772 Quid
1027 3698 1159 3756 mihi
1192 3695 1411 3768 prodest
1439 3689 1754 3755 refragatori
1774 3703 1836 3742 ac
1858 3686 2096 3756 refraga-

492 3810 614 3856 turo
635 3799 861 3854 reddere
881 3792 1169 3851 rationem?
1187 3789 1251 3844 Et
1269 3789 1375 3844 alia
1388 3803 1558 3842 manu.
1577 3782 1868 3839 Petilianus
1881 3779 2094 3850 episce-

492 3908 592 3962 pus
619 3891 738 3946 sine
768 3887 1082 3959 praeiudicio
1127 3879 1503 3953 appellationis
1546 3883 1747 3932 nostra:
1781 3871 2092 3942 recognovi.

565 3982 656 4038 90.
691 3979 1027 4036 Marcellinus
1055 3976 1127 4030 uir
1163 3974 1488 4028 clarissimus
1515 3970 1750 4023 tribunus
1781 3977 1827 4020 et
1861 3966 2094 4020 notarius

495 4075 646 4129 dixit.
701 4072 1054 4128 Collationem
1085 4083 1117 4122 a
1156 4063 1454 4122 Catholicis
1499 4071 1710 4118 tantum
1758 4057 2089 4129 postulatam

493 4170 663 4236 fuisse
693 4167 899 4224 reiecta
921 4161 1216 4233 imperialis
1239 4158 1449 4216 sanctio
1477 4153 1802 4214 declaravit.

565 4264 657 4320 9i.
691 4261 984 4322 Petilianus
1013 4257 1284 4328 episcopus
1323 4250 1477 4310 dixit.
1507 4245 1815 4310 Catholicos
1844 4256 1945 4304 nos
1969 4255 2092 4304 esse

490 4337 609 4416 acta
652 4356 986 4417 coiitineant.
1020 4349 1088 4406 Et
1117 4349 1223 4404 alia
1249 4361 1430 4404 manu.
1470 4341 1768 4406 Petilianus
1793 4339 2085 4410 episcopus

499 4448 815 4519 recognovi.

567 4553 659 4610 92.
693 4548 1031 4610 Marcellinus
1057 4548 1131 4600 vir
1156 4543 1474 4600 clarissimus
1519 4537 1753 4598 tribunus
1781 4543 1828 4596 et
1859 4531 2088 4588 notarius

2198 3329 2463 3385 dolemus.
2493 3325 2615 3380 Istae
2657 3321 3064 3379 criminationes
3101 3319 3290 3390 quibus
3330 3319 3593 3375 insectari
3626 3318 3810 3379 soletis

2198 3421 2498 3476 Ecclesiam
2543 3424 2675 3484 toto,
2700 3415 2842 3469 sicut
2882 3412 3147 3482 promissa
3191 3421 3300 3479 est,
3345 3411 3486 3468 orbe
3531 3410 3802 3476 dill'usam,

2199 3510 2362 3566 hodie
2389 3507 2574 3566 audire
2604 3507 2851 3562 volumus
2873 3513 3052 3558 utrum
3079 3517 3222 3558 verae
3244 3501 3376 3557 sint.
3406 3501 3466 3558 Si
3491 3503 3636 3561 enim
3667 3515 3808 3557 verze

2199 3613 2324 3658 Sunt
2356 3603 2470 3658 ista:
2501 3597 2907 3654 criminationes
2931 3609 3065 3668 quas
3097 3593 3355 3650 Ecclesia:
3382 3603 3698 3650 memorata:
3721 3595 3813 3649 ob-

2193 3696 2365 3770 jicere
2394 3691 2715 3758 consuestis,
2743 3689 2788 3744 si
2819 3703 2936 3743 eam
2965 3687 3246 3759 pollutam,
3271 3685 3628 3757 maculatam,
3653 3702 3812 3743 ever-

2199 3805 2338 3855 sam,
2368 3787 2724 3849 destructam,
2771 3791 2826 3836 et
2866 3781 3186 3835 exstinctam
3221 3779 3407 3834 nescio
3447 3767 3648 3850 quibus
3677 3795 3807 3835 nos-

2199 3881 2300 3936 tris
2331 3877 2646 3935 criminibus
2673 3875 3048 3936 demonstrare
3092 3870 3404 3942 potueritis,
3445 3870 3717 3942 supererit
3745 3880 3808 3926 ut

2198 3988 2505 4046 quaeramus
2535 3981 2719 4028 utrum
2765 3966 2905 4046 apud
2936 3982 3032 4023 vos
3060 3965 3420 4032 remanserit,
3476 3981 3636 4036 quam
3685 3965 3808 4020 ubi-

2198 4082 2301 4138 que
2333 4063 2536 4135 perisse
2555 4061 2820 4117 clamatis.
2855 4059 2914 4114 Si
2942 4066 3121 4113 autem
3144 4057 3230 4112 illa
3257 4055 3444 4126 perire
3471 4072 3578 4111 non
3607 4055 3807 4128 potuit,

2197 4164 2450 4228 superest
2477 4164 2534 4208 ut
2564 4169 2683 4208 eam
2714 4167 2809 4207 vos
2831 4149 3153 4222 agnoscatis,
3186 4155 3241 4202 et
3269 4146 3422 4203 litem
3457 4148 3668 4203 tandem
3700 4147 3810 4200 ali-

2197 4249 2411 4326 quando
2457 4246 2678 4302 iiniatis.
2715 4243 2783 4298 Et
2813 4245 2919 4300 alia
2958 4259 3131 4302 manu.
3162 4240 3504 4314 Recitgnovi.
3538 4239 3808 4298 Marcelli-

2196 4362 2291 4400 nus
2313 4344 2390 4397 vir
2415 4341 2729 4399 clarissimus
2758 4339 2988 4394 tribunus
3020 4347 3066 4398 et
3094 4335 3328 4396 notarius
3359 4334 3511 4390 dixit.
3542 4333 3808 4402 Accepis-

2194 4440 2266 4494 tis
2294 4438 2728 4514 prosecutioncm
2751 4433 2926 4508 partis
2951 4431 3216 4497 adversm,
3247 4430 3332 4485 cui
3362 4427 3686 4499 respondere
3713 4427 3810 4483 di-

2194 4530 2456 4604 gnamini.

491 4647 643 4702 dixit.
696 4643 934 4700 Necesse
981 4649 1064 4696 est
1105 4653 1193 4694 me
1237 4650 1331 4692 eos
1374 4631 1486 4713 [eo]
1531 4629 1749 4686 nomine
1778 4624 2082 4697 appellare,
2109 4622 2163 4685 D
2261 4623 2350 4679 99.
2378 4620 2634 4678 Emeritus
2669 4619 2935 4690 epist-Opus
2966 4613 3654 4688 dixit.Putoimp0rtunum
3672 4627 3810 4669 esse

489 4755 598 4818 quo
645 4754 738 4793 eos
765 4731 1026 4808 appellari
1068 4731 1236 4786 voluit
1272 4723 1731 4784 clementissimus
1767 4717 2083 4790 imperator.

558 4833 648 4890 95.
681 4830 972 4888 Petilianus
1003 4826 1267 4898 episcopus
1299 4820 1449 4876 dixit.
1484 4816 1623 4870 Ante
1666 4826 1883 4868 causam
1923 4809 2084 4864 inane

489 4939 687 4984 nomen
712 4931 794 4977 est
818 4921 944 4975 illis.
972 4917 1146 4971 Etiam
1184 4914 1251 4967 de
1278 4911 1396 4980 ipso
1421 4905 1638 4966 nomine
1663 4903 1766 4958 erit
1790 4899 2085 4970 diSputatio

491 5015 650 5074 nobis
691 5023 853 5085 atque
900 5007 1196 5068 contentio.
1237 5004 1374 5060 Tum
1417 5000 1634 5056 demum
1675 4993 1939 5058 obtinebit
1980 4990 2086 5047 hoc

490 5125 688 5168 nomen
727 5107 818 5178 qui
847 5107 1004 5162 fuerit
1033 5105 1283 5164 inventus
1329 5112 1451 5154 esse
1483 5091 1844 5150 Christianus.
1880 5087 1944 5142 Et
1983 5088 2088 5143 alia

491 5221 670 5262 manu.
700 5200 999 5257 Petilianus
1025 5197 1310 5270 episcopus
1339 5186 1650 5260 recognovi.

563 5298 652 5353 94.
681 5292 1024 5350 Marcellinus
1063 5290 1139 5343 vir
1168 5285 1490 5343 clarissimus
1515 5280 1748 5338 tribunus
1775 5284 1824 5332 et
1854 5271 2086 5329 notarius

487 5393 645 5452 dixit.
675 5391 895 5447 Certum
913 5394 995 5440 est
1024 5391 1146 5456 post
1173 5379 1415 5441 habitum
1438 5374 1743 5432 conﬂictum
1771 5385 1864 5426 eos
1881 5367 2085 5424 Catho-

483 5487 622 5548 licns
665 5478 1076 5552 nuncupandos,
1117 5474 1258 5550 apud
1297 5486 1434 5544 quos
1463 5470 1664 5528 veritas
1698 5463 1858 5524 fuerit
1886 5461 2083 5532 depre-

483 5581 675 5638 hensa.
701 5578 817 5648 Ego
841 5583 1020 5630 autem
1039 5569 1202 5630 etiam
1225 5567 1278 5623 in
1307 5565 1409 5621 bac
1431 5573 1583 5636 parte
1603 5560 1832 5616 iormam
1855 5563 2080 5612 necesse

482 5677 659 5732 habeo
703 5645 853 5744 sequi
879 5664 1264 5750 prasceptionis
1292 5669 1552 5732 augustae,
1591 5654 1644 5711 in
1691 5665 1794 5723 qua
1843 5645 2084 5704 Catholi-

483 5785 579 5825 cos
608 5784 703 5825 eos
724 5765 996 5838 appellare
1029 5762 1246 5831 dignata
1274 5762 1376 5812 est.

553 5860 645 5917 95.
667 5836 954 5917 Pctilianus
976 5854 1247 5924 episcopis
1277 5845 1427 5904 dixit.
1459 5842 1588 5903 Sine
1609 5836 1924 5912 prejudicio
1949 5850 2073 5894 nos-

2195 4716 2426 4770 alienam
2449 4726 2666 4767 causam
2688 4709 2830 4765 velle
2859 4707 3169 4773 defendere,
3194 4716 3250 4761 et
3281 4706 3333 4760 id
3365 4707 3421 4761 in
3441 4706 3675 4768 medium
3704 4722 3816 4762 ne-

2193 4808 2399 4886 gotium
2449 4806 2694 4872 mittere,
2743 4801 2887 4870 quod
2925 4808 3125 4876 praeter
3172 4797 3428 4852 ruborem
3472 4813 3579 4856 non
3624 4806 3822 4869 potest

2193 4898 2565 4968 unusquisque
2596 4895 2713 4950 sine
2741 4891 2994 4947 mandato
3022 4892 3072 4946 in
3105 4888 3308 4960 judicio
3339 4891 3626 4945 ventilare.
3660 4889 3818 4946 Pos-

2191 5008 2309 5052 sem
2356 4991 2500 5048 enim
2532 5003 2676 5053 nunc
2705 5002 2950 5042 asserere
2986 4992 3040 5040 et
3080 4982 3318 5039 clamare
3356 4982 3621 5040 adversus
3665 4982 3819 5039 istos

2190 5089 2498 5144 universum
2525 5084 2712 5140 orbem
2762 5079 3037 5148 reluctari,
3069 5076 3250 5134 reniti.
3287 5074 3410 5132 Non
3443 5075 3600 5132 vobis
3644 5091 3820 5133 man-

2190 5181 2311 5237 davi
2336 5223 2352 5247 ,
2381 5178 2450 5234 ab
2480 5176 2638 5248 linjus
2668 5171 2997 5244 cognitionis
3024 5177 3225 5226 eventu
3263 5168 3428 5239 longe
3461 5183 3582 5224 mea
3619 5169 3820 5238 posita

2190 5283 2273 5330 est
2301 5270 2649 5330 conscientia.
2699 5266 2815 5340 Ego
2844 5277 3078 5343 agnosco
3127 5261 3414 5318 victorem.
3459 5260 3816 5334 Quicumque

2190 5368 2350 5446 justis
2399 5364 2760 5438 legitimisque
2807 5374 2874 5414 ex
2904 5355 3080 5413 causis
3107 5353 3455 5414 Christianus
3494 5353 3656 5410 fuerit
3701 5368 3817 5424 ap-

2195 5462 2474 5536 probatus,
2527 5457 2620 5518 ille
2649 5469 2800 5509 meus
2823 5460 2909 5510 est
2955 5447 3276 5514 catholicus,
3324 5446 3400 5500 illi
3435 5445 3539 5500 hoc
3591 5459 3813 5502 nomen

2191 5535 2508 5624 imponitur,
2557 5547 2648 5602 ille
2677 5545 2840 5602 debet
2879 5542 2980 5598 sibi
3012 5543 3153 5596 hanc
3192 5537 3432 5614 regulam
3477 5535 3808 5601 vindicare;

2189 5642 2435 5717 quamvis
2457 5641 2570 5710 ipsa
2597 5635 2872 5693 Catholica
2889 5675 2904 5701 ,
2934 5649 3056 5704 qua:
3082 5644 3225 5686 nunc
3252 5641 3344 5697 pro
3375 5627 3812 5697 praescriptione

2187 5738 2356 5810 partis
2380 5733 2620 5790 adversae
2644 5728 2800 5810 quasi
2827 5728 2880 5782 in
2903 5724 3080 5781 fronte
3105 5721 3333 5802 quadam
3361 5719 3473 5776 rite
3499 5719 3806 5776 adversum

2187 5845 2287 5890 nos
2315 5824 2603 5900 temperari
2617 5819 2981 5896 cognoscitur,
3013 5815 3252 5876 medium
3275 5826 3402 5872 esse
3432 5812 3630 5870 debet:
3657 5818 3714 5867 et
3745 5811 3809 5866 in
