4130 6170
295 276 406 332 1581

1236 269 1469 329 CESTA
1504 263 1956 326 COLLATIONIS
1991 263 2619 325 CARTIIAGINENSIS.

3451 254 3589 321 tisse

286 386 469 460 judicio
505 384 575 441 ita
620 385 902 453 constitui,
943 395 1001 441 ut
1029 382 1133 440 hoc
1176 399 1373 440 nomen
1401 386 1574 439 victor
1618 383 1865 453 accipiat.
1897 382 1952 443 Α
1975 382 2264 453 episcopus
2296 382 2414 438 sine
2443 373 2831 451 appellationis
2856 380 3057 429 nostrcc
3087 374 3402 445 praeiudicio
3433 393 3590 433 reco-

180 478 185 483 ’
290 478 526 550 intelligit
575 478 886 547 praestantia
920 484 1008 531 tua
1060 475 1190 531 nihil
1231 476 1386 530 nobis
1429 474 1497 531 de
1546 474 1868 548 peregrinis,

290 569 406 625 nihil
435 569 592 624 nobis
619 567 690 624 de
716 568 879 638 longe
908 567 1096 638 positis
1141 567 1494 636 praeiudicare
1522 580 1704 636 posse,
1748 580 1870 619 cum

291 660 412 718 inter
442 662 599 716 Afros
626 660 733 721 hoc
778 659 1055 730 negotium
1086 659 1404 725 ventilatur;
1437 657 1532 714 sed
1570 658 1742 729 magis
1768 657 1872 712 hoc

290 753 594 823 exspectari,
621 760 680 811 ut
707 752 1039 823 quicumque
1064 766 1130 806 ex
1161 749 1395 806 veridica
1423 749 1732 820 cognitione
1760 747 1873 804 fue-

292 848 349 903 rit
368 857 675 917 superatus,
708 845 754 899 is
785 844 855 903 ab
899 842 1036 900 orbe
1064 843 1311 899 videatur
1337 856 1458 898 esse
1496 841 1749 912 reiectus.
1786 840 1873 895 ln-

292 940 518 1012 telligant
551 956 581 995 o
606 939 825 996 diverso
854 937 1138 992 venientes
1177 935 1637 1009 propositionibus
1672 934 1873 989 nostris

290 1044 344 1091 sc
364 1030 685 1102 respondere
709 1029 914 1085 debere
932 1069 947 1096 ,
981 1037 1037 1085 ut
1069 1026 1349 1084 adstantes
1378 1036 1472 1083 aut
1500 1042 1607 1082 non
1653 1026 1874 1082 adstan-

291 1136 378 1191 tes,
424 1125 549 1196 quid
581 1138 824 1195 personae
849 1131 1046 1195 gerant
1091 1121 1275 1178 dicere
1304 1137 1413 1176 non
1458 1129 1767 1186 morentur,
1813 1128 1874 1174 ut

289 1230 459 1279 eorum
507 1215 898 1271 intentionibus
940 1212 1275 1284 respondere
1323 1213 1620 1269 valeamus.
1659 1209 1731 1264 Et
1769 1210 1875 1265 alia

290 1307 747 1377 manu.;Emeritus
761 1306 1070 1378 episcopus,
1089 1306 1238 1361 salvo
1255 1306 1417 1379 3oz
1437 1305 1627 1362 ell’ectu
1644 1303 1878 1375 appella-

288 1399 433 1456 tionis
461 1410 685 1467 nostrae,
717 1399 1028 1471 recognovi.
1082 1392 1418 1457 Marcellinus
1457 1399 1536 1453 vir
1561 1397 1878 1453 clarissimus

285 1490 509 1549 tribunus
540 1501 590 1546 et
623 1492 855 1546 notarius
895 1491 1048 1553 dixit.
1080 1490 1219 1558 Quid
1264 1490 1537 1547 refertur?
1565 1490 1881 1564 Augustinus

286 1584 555 1656 episcopus
581 1583 830 1639 Ecclesia!
841 1583 1110 1639 catholicae
1128 1584 1280 1639 dixit.
1304 1583 1574 1640 Personas
1598 1583 1772 1654 primo
1790 1582 1882 1639 die

280 1676 460 1750 judieii
485 1691 608 1731 esse
636 1677 875 1731 firmatas
904 1685 960 1731 et
998 1678 1251 1748 sequenti
1279 1677 1450 1733 etiam
1477 1675 1563 1732 die
1590 1676 1883 1734 interlocu-

1974 473 2197 544 gnovi.)
2238 473 2457 547 Alypius
2501 470 2781 541 episcopus
2824 464 3074 520 Ecclesia:
3119 466 3390 523 catholica:
3435 470 3585 524 dixit.

1974 566 2084 621 Aut
2108 567 2497 637 interloquere,
2527 570 2624 617 aut
2648 560 2781 631 jube
2809 574 2910 616 nos
2931 559 3251 616 satisfacere
3283 562 3583 633 postulatis.

1973 658 2044 714 Et
2063 660 2171 716 alia
2197 677 2373 714 manu.
2407 654 2749 728 Recognovi.

2047 752 2171 809 i03.
2203 751 2548 807 Marcellinus
2571 749 2649 802 vir
2671 746 2995 802 clarissimus
3024 747 3264 804 tribunus
3284 755 3331 803 el
3353 750 3588 805 notarius

1974 846 2124 906 dixit.
2165 847 2248 903 Ad
2287 854 2568 903 transacta
2617 840 2935 898 recurritur.
2982 838 3051 894 Et
3078 841 3289 914 adjecit.
3319 840 3592 898 Catholici

1976 942 2215 997 nominis
2258 940 2523 1002 doceatur
2575 934 2840 1003 assertio,
2895 942 2950 991 et
3006 934 3138 991 illud
3193 935 3337 1011 quod
3388 951 3514 1006 pars
3558 951 3591 991 e

1976 1033 2195 1089 diverso
2239 1034 2441 1091 sistens
2489 1027 2729 1087 credidit
2776 1025 3249 1098 prosequendum,
3302 1036 3480 1082 utrum
3529 1026 3587 1082 in

1976 1126 2229 1183 omnibus
2250 1126 2503 1198 gentibus
2522 1121 2719 1183 eadem
2742 1120 3013 1177 catholica
3035 1135 3159 1181 esse
3181 1119 3397 1176 ostendi
3414 1118 3589 1193 possit

1978 1215 2249 1273 Ecclesia.

2055 1308 2181 1366 104.
2208 1305 2471 1363 Emeritus
2500 1307 2775 1380 episcOpus
2805 1304 2959 1361 dixit.
2989 1302 3046 1361 Si
3076 1303 3351 1376 proponit,
3373 1303 3591 1361 doceat.

1982 1398 2053 1456 Et
2080 1402 2188 1458 alia
2227 1418 2405 1457 manu.
2455 1401 2736 1457 Emeritus
2772 1400 3059 1472 episcopus
3100 1398 3413 1471 recognovi.
3446 1396 3595 1452 Peti-

1982 1493 2154 1550 lianus
2183 1495 2456 1566 episcopus
2486 1493 2642 1549 dixit.
2675 1492 2909 1564 Dignare
2936 1492 3289 1562 pronuntiare
3316 1490 3386 1546 de
3424 1504 3589 1562 supra

1984 1576 2418 1660 comprehensis.
2463 1585 2534 1642 Et
2565 1587 2674 1641 alia
2708 1602 2885 1641 manu.
2931 1585 3232 1642 Petilianus
3261 1581 3550 1659 episc0pus
3576 1623 3592 1648 ,

1987 1679 2132 1734 salva
2165 1679 2535 1753 appellatione
2567 1688 2786 1744 nostra,
2834 1676 3145 1749 recognovi.
3177 1674 3445 1730 Emerltus
3487 1673 3599 1738 epi-

284 1770 435 1828 tionis
450 1776 581 1825 tum.
613 1766 684 1823 Et
708 1784 827 1823 cum
843 1768 1034 1823 diceret
1060 1769 1160 1840 (Et
1180 1769 1293 1825 alia
1311 1784 1495 1823 manu.
1525 1767 1880 1838 Recognovi.)
1913 1760 1959 1821 Β
1985 1788 2175 1841 scapus
2196 1771 2349 1826 dixit.
2379 1769 2439 1833 Si
2467 1771 2760 1842 proponit,
2793 1768 3007 1825 doceat.
3038 1767 3173 1824 Nam
3213 1768 3258 1823 si
3292 1778 3601 1839 proponere

285 1860 610 1921 Marcellinus
638 1860 716 1915 vir
741 1859 1059 1916 clarissimus
1087 1864 1334 1919 tribunus
1364 1871 1415 1917 et
1459 1859 1686 1914 notarius
1724 1859 1874 1915 dixit.

284 1954 429 2012 Aliud
459 1955 738 2027 quxsitum
767 1963 871 2011 est.

351 2050 469 2108 illo.
500 2053 810 2123 Augustinus
836 2050 1105 2124 episcOpus
1132 2052 1397 2109 Ecclesia:
1430 2051 1701 2107 catholica:
1726 2049 1881 2108 dixit.

287 2145 709 2203 lnterlocutionis
748 2153 853 2201 tuae
880 2144 1047 2202 forma
1076 2147 1412 2205 declaravit.
1453 2145 1562 2202 Sed
1600 2146 1720 2218 quia
1753 2145 1885 2201 dicit

284 2254 397 2296 cum
429 2237 729 2309 peregrinis
769 2237 1081 2296 Christianis
1116 2256 1227 2296 non
1283 2257 1348 2297 se
1395 2238 1609 2295 habere
1646 2237 1884 2308 aliquam

287 2333 565 2398 rationem,
606 2330 697 2387 sed
727 2328 829 2388 hoc
867 2341 1034 2388 telum
1075 2334 1215 2404 quod
1263 2335 1499 2406 agitur,
1546 2331 1688 2386 inter
1725 2329 1886 2385 Afros

289 2425 400 2497 agi,
429 2424 676 2481 Alrorum
705 2423 1124 2483 Christianorum
1169 2426 1598 2482 Catholicorum
1635 2423 1753 2478 hare
1781 2438 1887 2479 vox
1930 2434 1939 2439 ‘

289 2527 369 2576 est
390 2518 553 2588 :,Nos
578 2519 829 2575 universo
855 2518 974 2575 orbi
1011 2518 1327 2577 Christiano
1357 2519 1757 2577 communione
1796 2532 1888 2575 co-

290 2611 571 2669 haeremus.
625 2610 772 2667 Hane
819 2610 1119 2667 Ecclesium
1172 2614 1453 2684 elegimus
1511 2610 1885 2675 retinendam,

289 2721 444 2778 quant
475 2707 528 2762 in
567 2708 646 2763 eis
689 2706 971 2777 scripturis
1006 2706 1339 2763 invenimus.
1378 2706 1624 2782 [Etcum
1652 2703 1890 2777 diceret.]

228 2796 233 2803 λ
293 2797 358 2853 Et
383 2798 526 2871 (alia
548 2816 721 2856 manu.
746 2799 1072 2871 Recognovi.
1104 2797 1409 2870 Enteritus)
1437 2799 1713 2871 episcopus
1734 2799 1888 2853 dixit.

291 2890 378 2947 Sic
396 2905 612 2963 semper
631 2891 833 2963 eligere
853 2899 908 2947 et
930 2900 1139 2947 mutare
1165 2892 1466 2948 consuesti.
1490 2889 1561 2945 Et
1582 2890 1689 2945 alia
1708 2906 1888 2944 manu.

293 2983 562 3041 Emeritus
587 2985 896 3056 episcopus,
922 2984 1069 3039 salva
1101 2985 1491 3054 appellatione,
1521 2983 1833 3052 recognovi.

365 3076 488 3137 101.
528 3077 845 3151 Augustinus
872 3076 1138 3147 cpiscopus
1164 3074 1413 3131 Ecclesiae
1438 3074 1708 3129 catholica?
1735 3073 1888 3128 dixit.

1986 1866 2262 1931 noluerit,
2315 1865 2776 1935 quemadmodum
2824 1862 3082 1919 docebit?
3134 1859 3203 1915 Et
3253 1863 3360 1916 alia
3416 1875 3596 1913 manu.

1988 1956 2266 2013 Emeritos
2288 1956 2610 2027 episcopus,
2632 1958 2788 2013 salvo
2801 1956 3001 2013 eﬂectu
3023 1952 3604 2026 appellationis-inter-

1984 2053 2179 2125 positre
2195 2093 2211 2119 ,
2243 2053 2564 2123 recognovi.

2059 2146 2188 2205 105.
2234 2144 2531 2202 Petilianus
2560 2145 2839 2217 episcopus
2874 2144 3030 2198 dixit.
3060 2142 3365 2208 Pronuntia
3391 2140 3459 2197 de
3487 2141 3604 2196 siu-

1987 2240 2151 2311 gulis.
2180 2238 2251 2293 Et
2288 2239 2396 2293 alia
2423 2253 2605 2293 manu.
2649 2237 2947 2293 Petilianus
2984 2235 3276 2306 episcopus
3305 2234 3425 2289 sine
3457 2247 3602 2303 prae-

1985 2334 2193 2406 judicio
2248 2332 2633 2402 appellationis
2687 2339 2889 2388 nostrae
2944 2327 3256 2398 recognovi.
3328 2324 3607 2381 Possidius

1987 2430 2261 2503 cpiscopus
2304 2426 2558 2483 Ecclesia
2589 2426 2861 2483 catholicx
2901 2423 3056 2481 dixit.
3092 2421 3253 2490 Quod
3296 2419 3608 2491 postulave-

1988 2531 2119 2583 runt
2157 2522 2294 2581 doce
2328 2535 2440 2578 me.
2470 2518 2542 2576 Et
2568 2520 2675 2577 alia
2710 2536 2888 2577 manu.
2934 2516 3269 2589 Recognovi.
3312 2513 3610 2571 Petiliauus

1990 2615 2265 2687 episcopus
2286 2611 2439 2669 dicit.
2466 2612 2581 2670 Hoc
2606 2611 2770 2670 nobis
2795 2612 2960 2671 debet
2988 2620 3079 2671 tua
3107 2622 3361 2680 persons.
3393 2606 3462 2665 Et
3500 2606 3613 2663 alia

1992 2724 2176 2765 stans.
2206 2706 2507 2763 Petilianus
2542 2707 2837 2778 episcopus
2863 2705 2986 2763 sine
3018 2700 3337 2775 praeiudicio
3364 2699 3609 2772 appella-

1994 2801 2159 2859 tionis
2188 2805 2393 2856 nostra
2422 2798 2741 2871 recognovi.

2068 2893 2199 2951 406.
2227 2891 2493 2957 Emerita
2518 2892 2797 2964 episcopus
2820 2892 2973 2949 dixit.
3013 2892 3257 2955 Petimus
3283 2899 3344 2945 ut
3371 2887 3520 2945 nulla
3539 2887 3617 2943 sit

1996 3002 2180 3054 mora,
2230 2994 2291 3040 ut
2337 2993 2433 3040 aut
2475 2985 2833 3057 proponentis
2877 2994 2972 3039 aut
3016 2982 3400 3053 respondentis
3439 2980 3619 3054 possit

1999 3096 2122 3143 esse
2162 3093 2420 3150 persona.
2449 3077 2913 3148 igitur-quoniam
2956 3076 3367 3148 approbandum
3394 3085 3516 3143 est,
3558 3082 3621 3130 et

294 3166 402 3225 Nos
430 3183 549 3225 eam
579 3168 879 3225 Ecclesiam
908 3167 1226 3233 retinemus,
1250 3183 1410 3238 quam
1443 3168 1498 3222 in
1524 3166 1632 3222 illis
1661 3167 1897 3243 scriptu—
1917 3143 1968 3209 (ἶ
2002 3173 2072 3228 de
2099 3186 2261 3226 causa
2282 3169 2395 3240 jam
2433 3168 2490 3223 in
2514 3143 2723 3238 judicio
2751 3143 3120 3225 ventilandum
3138 3209 3155 3236 ,
3180 3168 3400 3224 edicant
3423 3174 3613 3225 utrum

299 3262 374 3318 ris
395 3262 724 3327 invenimus,
750 3261 804 3316 in
831 3262 1029 3332 quibus
1050 3262 1212 3316 etiam
1232 3256 1890 3332 cogno‘vimusChristum.

295 3354 593 3426 Scriptum
618 3357 817 3427 quippe
842 3366 1063 3423 nostrae,
1093 3370 1324 3427 quarum
1352 3353 1660 3411 auctoritati
1681 3356 1898 3425 utrique

297 3447 604 3513 subdimur,
632 3447 903 3503 Christum
934 3458 989 3505 et
1017 3448 1315 3504 Ecclesiam
1346 3458 1616 3518 tamquam
1648 3456 1897 3503 sanctum

300 3536 687 3597 commendant
720 3540 1064 3611 coniugium,
1111 3540 1385 3596 Christum
1418 3554 1704 3619 sponsum,
1751 3541 1898 3596 illam

299 3646 580 3702 sponsam.
613 3630 716 3689 Ubi
750 3631 900 3686 illum
929 3634 1337 3710 cognoscimus,
1376 3634 1447 3689 ibi
1486 3644 1543 3689 et
1577 3634 1723 3689 illam
1751 3636 1903 3693 inve-

299 3723 422 3779 nire
465 3723 746 3780 debemus.
798 3722 856 3778 Si
887 3724 1068 3792 itaque
1111 3740 1255 3780 nunc
1298 3727 1471 3780 exorti
1519 3741 1797 3799 essemus,
1845 3736 1905 3782 et

298 3817 670 3887 cogitaremus
713 3817 768 3871 in
797 3815 979 3872 Africa
1026 3818 1113 3873 cui
1156 3818 1523 3873 communioni
1561 3818 1905 3874 Christiano—

300 3924 429 3967 rum
476 3908 675 3965 sociari
715 3908 1072 3974 deberemus,
1122 3908 1316 3979 procul
1353 3908 1515 3963 dubio
1551 3923 1670 3964 eam
1719 3916 1907 3966 tenere

299 4004 634 4062 deberemus
653 4045 668 4069 ,
699 4019 864 4075 quam
883 4001 938 4058 in
968 4002 1262 4074 Scripturis
1293 4002 1681 4070 inveniremus,
1711 4011 1766 4058 et
1795 4002 1906 4059 cri-

309 4096 625 4153 minatrices
679 4096 963 4166 opiniones
1007 4096 1287 4151 hominum
1316 4095 1639 4166 repudiare,
1691 4093 1759 4149 ad
1790 4092 1907 4149 sola

304 4190 530 4261 eloquia
553 4188 767 4253 divina,
800 4202 924 4258 quae
961 4188 1178 4243 mentiri
1223 4187 1507 4252 nesciunt,
1554 4201 1652 4241 nos
1697 4192 1904 4239 tenere.

305 4282 428 4341 Hoc
450 4283 693 4339 iecerunt
714 4280 1009 4335 Christiani
1032 4279 1170 4346 Afri,
1193 4290 1250 4336 et
1274 4280 1620 4350 appellantur
1641 4286 1696 4334 et
1716 4279 1911 4336 merito

306 4384 438 4431 sunt
463 4374 738 4443 catholici,
755 4373 869 4444 ipsa
890 4386 988 4428 sua
1004 4371 1384 4429 communione
1402 4386 1599 4427 nomen
1624 4380 1908 4439 testantes.

307 4465 580 4525 Catholon
604 4467 751 4524 enim
781 4464 1063 4521 secundum
1100 4474 1260 4519 totum
1293 4463 1508 4518 dicitur.
1539 4461 1640 4531 Qui
1670 4472 1848 4517 autem
1881 4478 1911 4516 a

2002 3273 2196 3341 petunt
2221 3273 2317 3323 aut
2356 3260 2724 3335 reapondent;
2756 3270 2818 3323 ut
2860 3277 2984 3325 eum
3015 3276 3204 3325 eorum
3250 3260 3613 3323 intentionem

2004 3358 2059 3415 in
2094 3355 2299 3430 judicio
2335 3354 2543 3427 videro,
2572 3354 2784 3419 valeam
2815 3353 3169 3425 respondere.
3202 3352 3268 3411 Et
3296 3354 3408 3411 alia
3436 3368 3617 3415 manu.

2006 3450 2281 3515 Emeritus
2311 3446 2601 3517 episcopus
2629 3446 2781 3505 salva
2816 3444 3186 3519 appellatione
3229 3454 3417 3505 nostra
3458 3458 3622 3507 reco-

2002 3559 2195 3619 gnavi.

2085 3640 2212 3701 107.
2248 3636 2590 3707 Marcellinus
2620 3637 2701 3699 vir
2740 3634 3064 3699 clarissimus
3102 3636 3344 3699 tribunus
3380 3644 3435 3695 et
3475 3643 3627 3697 uola-

2008 3734 2121 3797 rius
2147 3731 2301 3791 dixit.
2330 3729 2483 3792 iusta
2513 3733 2833 3804 poscuntur.
2860 3728 3128 3795 sanctitas
3155 3737 3335 3789 vestra
3368 3726 3626 3797 dignetur

2012 3824 2232 3889 edicere
2260 3830 2445 3885 utrum
2493 3821 2747 3893 petitoris
2794 3820 2918 3885 loco
2960 3821 3018 3883 in
3059 3819 3266 3892 judicio
3304 3819 3522 3883 adstare
3550 3820 3631 3881 vi-

2011 3917 2226 3981 deatur.

2088 4009 2212 4075 £08.
2245 4008 2568 4087 Augustinus
2588 4008 2864 4079 episcopus
2891 4002 3146 4065 Ecclesia:
3168 4005 3445 4067 catholica:
3460 4004 3625 4063 dixit.

2017 4102 2149 4166 Tuae
2185 4100 2535 4163 sublimitatis
2558 4106 2643 4159 est
2677 4098 2962 4168 judicare,
2997 4111 3097 4153 nos
3123 4094 3193 4155 ad
3218 4110 3410 4157 eorum
3442 4094 3629 4159 crimi-

2016 4193 2265 4257 nationes
2303 4191 2629 4255 rel‘ellendas
2674 4189 2908 4262 ingressi
2950 4204 3159 4249 sumus.
3207 4188 3395 4253 Solent
3434 4188 3631 4253 Eccle-

2016 4289 2154 4353 βίω
2183 4303 2341 4358 quam
2381 4297 2630 4347 tenemus
2667 4284 2899 4345 crimine
2936 4282 3248 4345 traditionis
3274 4298 3529 4355 arguere.
3560 4281 3632 4347 Et

2016 4383 2126 4443 alia
2144 4398 2321 4444 manu.
2347 4378 2681 4451 Recognovi.

2097 4472 2226 4535 109.
2259 4472 2521 4533 Emittis
2541 4471 2811 4543 cpiscopus
2827 4470 2981 4529 dixit.
3008 4470 3145 4540 Quis
3168 4485 3259 4529 me
3286 4471 3341 4531 in
3364 4470 3633 4539 judicium

311 4569 435 4618 toto
461 4571 743 4632 separatus
768 4544 888 4627 est,
930 4567 1246 4630 partemque
1290 4553 1534 4610 defendit
1564 4554 1632 4609 ab
1658 4556 1914 4611 universo
1939 4531 1997 4595 Ῑ)
2022 4531 2274 4628 mstiti
2324 4563 2409 4625 Ad
2448 4531 2605 4634 cujus
2646 4531 3058 4634 suggestionem
3098 4531 3412 4627 conﬂion
3458 4531 3636 4631 voluit

314 4654 603 4732 praecisam
623 4695 639 4722 ,
668 4668 776 4709 non
808 4654 912 4708 sibi
956 4660 1177 4723 usurpet
1220 4650 1325 4705 hoc
1352 4664 1547 4704 nomen
1566 4691 1581 4715 ,
1612 4648 1704 4705 sed
1736 4648 1919 4705 nobis-

312 4761 446 4803 cum
477 4755 655 4802 teneat
679 4746 986 4802 veritatem.
1019 4743 1086 4799 Et
1115 4744 1221 4798 alia
1250 4759 1427 4796 manu.
1453 4741 1786 4813 Recognovi.

396 4839 525 4896 ΜΗ.
556 4838 877 4895 Gaudentius
897 4839 1164 4911 episcopus
1184 4837 1335 4891 dixit.
1359 4836 1700 4892 Catholicam
1722 4849 1921 4890 nomen

317 4941 521 5005 putant
547 4934 613 4989 ad
642 4933 946 5004 provincias
976 4933 1059 4988 vel
1086 4931 1153 4987 ad
1179 4940 1369 5002 gentes
1397 4927 1769 4995 referendum,
1796 4942 1921 4982 cum

320 5025 438 5081 hoc
464 5026 537 5081 sit
559 5024 887 5081 catholicum
910 5040 1107 5080 nomen
1138 5023 1281 5095 quod
1318 5021 1671 5078 sacramentis
1702 5021 1925 5092 plenum

323 5130 443 5188 est,
473 5120 617 5191 quod
667 5117 997 5189 perfectum,
1039 5118 1184 5189 quod
1234 5116 1672 5183 immaculatum,
1719 5129 1827 5169 non
1858 5113 1927 5169 ad

325 5222 544 5285 gentes.
577 5212 709 5268 Nam
732 5211 927 5267 doceat
949 5212 1049 5268 sibi
1074 5226 1263 5268 omnes
1287 5219 1476 5283 gentes
1502 5209 1928 5279 communicare,

324 5315 392 5363 et
420 5308 612 5378 plenus
638 5312 726 5361 est
751 5304 1073 5361 catholicus.
1115 5305 1223 5362 Sed
1250 5306 1399 5376 prius
1429 5314 1514 5361 est
1544 5313 1721 5359 tanten
1748 5310 1808 5357 ut
1835 5302 1934 5358 do-

326 5411 502 5459 ceant
531 5399 659 5471 quid
692 5398 971 5469 petierint,
999 5400 1127 5473 quid
1158 5400 1480 5457 meruerint.
1512 5396 1583 5453 Et
1617 5397 1722 5452 alia
1752 5412 1935 5452 manu.

333 5492 683 5551 Gaudentius
738 5494 1051 5565 episcopus,
1110 5494 1256 5549 salva
1311 5492 1674 5562 appellatione
1727 5499 1936 5559 nostra,

336 5585 663 5657 recognovi.
692 5584 981 5643 Petilianus
1005 5588 1278 5657 episcopus
1306 5585 1457 5640 dixit.
1486 5584 1679 5653 Utrum
1707 5584 1942 5650 debeant

334 5678 516 5737 edere
560 5694 680 5751 qua:
726 5669 1070 5752 poposeimus
1098 5692 1274 5736 necne
1313 5688 1551 5736 statuere
1595 5680 1851 5752 dignare,
1882 5686 1942 5735 ut

332 5775 573 5834 scilicet.
622 5771 692 5829 Et
720 5789 839 5829 cum
867 5773 1085 5845 diceret,
1131 5770 1240 5844 (Et
1273 5770 1380 5830 alia
1422 5787 1601 5830 manu.
1645 5772 1942 5831 Petilianus

2022 4658 2142 4721 ﬁeri
2170 4656 2505 4728 imperatur?
2548 4654 2617 4713 Et
2656 4655 2766 4717 alia
2792 4671 2970 4721 manu.
3005 4655 3280 4723 Emeritus
3317 4656 3633 4727 opusopus,

2023 4751 2179 4813 salvo
2204 4749 2401 4815 allecto
2426 4747 2839 4819 appellationis,
2881 4748 3195 4818 recognovi.

2102 4844 2227 4907 ill).
2259 4843 2580 4914 Augustinus
2606 4843 2879 4914 episcopus
2905 4840 3156 4901 Ecclesia
3179 4841 3452 4903 catholica
3472 4844 3631 4911 dixit.

2025 4933 2222 4999 Solem
2262 4935 2522 4999 Ecclesiae
2558 4949 2723 5006 quam
2771 4944 3018 4997 tenentes
3058 4934 3286 5003 crinitis
3326 4936 3635 4997 traditionis

2030 5028 2302 5098 obiicere.
2330 5036 2388 5089 et
2412 5028 2598 5089 nescio
2620 5042 2852 5098 quorum
2884 5028 3122 5095 necauit
3148 5042 3272 5089 eam
3300 5031 3637 5089 contendere

2032 5134 2156 5179 esse
2176 5121 2512 5185 destructum
2536 5130 2595 5178 et
2633 5121 2981 5181 exstinctam.
3009 5118 3078 5179 Et
3114 5120 3224 5177 alia
3248 5138 3427 5179 nam.
3462 5123 3637 5180 Reco-

2032 5213 2216 5286 gnovi.
2245 5211 2507 5277 Emeritam
2533 5213 2804 5286 episcopus
2826 5212 2984 5273 dixit,
3030 5210 3149 5275 Non
3172 5211 3280 5271 hoc
3316 5229 3347 5273 ιι
3382 5224 3438 5272 to
3483 5216 3637 5284 petii.

2040 5306 2152 5373 Fac
2174 5308 2307 5373 satis
2325 5305 2604 5377 indicatis.
2635 5306 2707 5362 Et
2729 5307 3032 5369 aliumaiiu.
3056 5306 3330 5373 Emeritos
3348 5310 3641 5381 episcopus

2041 5401 2196 5469 salvo
2217 5398 2410 5465 eﬁectll
2432 5399 2814 5471 appellationis
2840 5400 3154 5471 recognovi.
3182 5400 3509 5471 Augustinus
3533 5402 3646 5472 epi-

2042 5508 2229 5569 scopus
2257 5492 2505 5559 Ecclesiae
2543 5490 2814 5557 ραιὴοιίρω
2850 5490 3005 5559 dixit,
3043 5493 3221 5563 Atque
3262 5489 3348 5553 itis
3388 5491 3647 5557 estatina-

2043 5585 2283 5641 tionibus
2309 5584 2502 5640 fallere
2526 5583 2692 5640 corda
2722 5582 3049 5654 simplicium
3066 5623 3082 5651 ,
3115 5583 3441 5651 domum
3462 5581 3645 5645 salute

2048 5677 2361 5748 satagimus.
2395 5676 2491 5741 liis
2518 5689 2619 5739 nos
2648 5677 2919 5759 permoti,
2946 5672 3302 5741 convenimus
3329 5686 3429 5737 eos
3450 5681 3515 5731 ut
3536 5688 3640 5728 no-

2048 5769 2255 5845 biscum
2283 5770 2613 5843 conferrent,
2640 5778 2698 5830 et
2720 5769 2865 5843 quod
2893 5766 3183 5827 intendunt
3207 5773 3386 5825 utrum
3408 5768 3642 5841 probare
