4130 6170
597 280 737 338 1⁸585

1548 267 1778 328 GESTA
1813 262 2272 326 COLLATIONIS
2307 258 2932 320 CARTHAGINENSIS.

3760 264 3901 322 1581

597 398 820 466 possent
868 390 920 446 in
977 385 1273 445 Ecclesiam
1324 383 1410 441 cui
1463 383 1752 440 intendunt
1817 381 2184 438 ostenderent.
2218 381 2266 440 Α
2294 379 2403 432 rius
2439 377 2592 431 dixit.
2633 374 2828 431 Edicat
2855 387 2982 446 pars
3002 371 3269 430 catholica
3300 379 3477 428 utrum
3506 389 3538 430 e
3570 373 3794 431 diverso
3832 378 3905 433 si-

598 487 771 554 Quam
796 483 1210 540 conventionem
1234 485 1473 533 nostram
1498 476 1751 546 quoniam
1784 489 1972 530 recusa
1984 482 2193 537 verant,

600 591 723 634 cum
751 589 920 645 nuper
948 574 1001 628 in
1030 571 1344 628 comitatum
1373 568 1652 625 venissent
1689 565 1909 638 quidam
1955 565 2190 632 illorum,

597 666 739 739 apud
769 675 887 721 acta
915 665 1079 720 etiam
1111 660 1449 734 prtelectoria
1481 659 1736 715 dixerunt
1762 657 1937 714 audiri
1969 671 2029 712 se
2057 656 2197 712 velle

599 770 654 815 et
677 757 874 814 discuti
902 756 1070 822 velle,
1095 755 1486 825 amplectentes
1511 765 1642 815 nos,
1681 748 1970 820 aliquando
2008 763 2197 804 eorum

598 851 668 908 de
707 851 996 907 collatione
1040 861 1368 905 consensum
1412 843 1705 916 petendum
1752 843 1820 900 ab
1870 844 2198 912 imperatore

601 943 962 1010 credidimus,
993 951 1052 996 ut
1096 939 1311 995 collatio
1350 936 1418 992 ad
1459 937 1562 992 hoc
1591 935 1748 990 ﬁeret
1789 943 1848 989 ut
1876 949 1938 989 ea
1969 932 2198 989 crimina

600 1052 722 1110 quae
763 1035 940 1092 solent
968 1033 1152 1089 dicere
1181 1032 1234 1087 in
1263 1031 1567 1087 universam
1610 1027 1908 1083 Ecclesiam
1940 1035 2032 1080 aut
2075 1038 2201 1094 pro-

601 1131 798 1188 barent
818 1170 833 1195 ,
863 1137 923 1184 ut
947 1129 1150 1184 veritas
1175 1134 1494 1198 appareret,
1529 1132 1621 1178 aut
1648 1136 1754 1177 non
1786 1121 2113 1192 probarent,
2142 1126 2202 1174 ut

607 1222 959 1278 nihilominus
980 1218 1180 1275 veritas
1206 1224 1508 1288 appareret.
1541 1215 1668 1270 Haec
1693 1213 1918 1270 crimina
1941 1213 1985 1267 si
2012 1211 2201 1266 volunt

589 1311 699 1369 'aut
715 1321 943 1384 possunt
965 1310 1257 1368 ostendere
1284 1309 1626 1380 proferantur
1646 1316 1701 1362 et
1728 1305 2197 1362 demonstrentur.

605 1409 664 1466 Si
691 1418 872 1463 autem
906 1421 1014 1462 non
1051 1411 1276 1476 possunt
1313 1414 1405 1459 aut
1435 1403 1658 1467 nolunt,
1682 1401 1792 1473 jam
1821 1411 1924 1455 tua:
1955 1399 2202 1456 sublimi-

560 1487 562 1489 ’
602 1503 728 1557 tatis
750 1509 835 1558 est
864 1499 932 1556 de
959 1515 1020 1556 re
1048 1509 1182 1565 tota,
1207 1496 1346 1552 sicut
1373 1497 1512 1551 ratio
1540 1496 1654 1566 ipsa
1681 1493 1902 1560 indicat,
1931 1492 2199 1563 judicare.

605 1596 675 1655 Et
704 1598 811 1653 alia
837 1613 1011 1652 manu.
1048 1593 1377 1666 Recognovi.

679 1691 802 1747 111.
834 1689 1174 1744 Marcellinus
1196 1688 1272 1742 vir
1297 1685 1617 1741 clarissimus
1640 1681 1874 1737 tribunus
1901 1689 1944 1734 et
1967 1678 2203 1734 notarius

2297 468 2568 525 stenlibus
2597 467 2800 538 aliquid
2830 466 3193 536 objiciendum
3217 465 3411 521 credit.

2371 559 2496 616 116.
2529 559 2853 631 Augustinus
2873 559 3140 629 episcopus
3166 556 3419 614 Ecclesia
3446 558 3722 614 catholica
3747 559 3902 618 dixit.

2295 650 2409 706 Nos
2450 651 2802 706 collationem
2840 651 3184 721 poposcimus
3211 651 3302 706 ubi
3329 651 3542 722 objecta
3583 653 3901 722 diluamus,

2298 757 2407 798 non
2427 743 2518 798 ubi
2543 741 2868 812 ohjiciamus
2890 742 3174 808 diluenda;
3199 741 3645 814 quandoquidem
3675 760 3806 800 cum
3829 745 3904 801 illi

2299 839 2517 910 objecta
2542 838 2778 909 probare
2807 852 2914 894 non
2943 838 3383 910 potnerint,quid
3416 839 3548 906 sint,
3576 840 3710 910 quid
3731 856 3909 897 rema-

2300 946 2485 1001 neant,
2518 936 2676 992 nobis
2720 952 2826 992 non
2857 935 3162 992 dicentibus
3209 934 3557 991 manifestum
3587 938 3697 992 erit
3735 939 3909 992 omni-

2300 1027 2484 1095 nibus,
2514 1037 2570 1084 et
2594 1043 2624 1083 a
2653 1036 2740 1082 tua
2763 1027 3091 1082 sublimitate
3107 1025 3459 1097 iudicabitur.
3485 1026 3648 1084 Nunc
3675 1030 3908 1100 ingressi

2305 1133 2498 1175 sumus
2525 1118 2737 1174 diluere
2762 1118 3168 1173 criminationes
3188 1132 3400 1185 eorum,
3431 1133 3569 1188 quas
3593 1120 3780 1175 solent
3811 1121 3910 1176 Ec-

2299 1213 2481 1268 clesiaa
2527 1227 2689 1282 quam
2740 1221 2987 1268 tenemus
3014 1210 3292 1282 objicere:
3329 1211 3650 1268 mandatum
3696 1229 3910 1285 quoque

2303 1306 2544 1376 ipsorum
2577 1304 2681 1360 hoc
2701 1305 2963 1362 continet.
2998 1304 3252 1360 Adversus
3283 1305 3560 1360 traditores
3592 1318 3641 1360 et
3669 1324 3910 1378 persecu-

2302 1406 2438 1452 tores
2474 1406 2699 1451 nostros.
2732 1396 3015 1466 Quondam
3056 1405 3238 1452 autem
3267 1397 3614 1464 Primianus,
3647 1401 3695 1454 si
3723 1399 3909 1472 digna-

2302 1500 2411 1560 tur,
2439 1490 2610 1550 frater
2636 1503 2823 1548 noster
2847 1503 3145 1549 conventus
3166 1508 3264 1563 pro
3309 1494 3427 1563 ipsa
3477 1495 3782 1551 collatione
3829 1512 3910 1552 re-

2303 1585 2542 1656 spondit.
2598 1583 2882 1657 Indignum
2927 1596 3002 1641 est
3044 1595 3100 1640 ut
3128 1587 3184 1639 in
3231 1603 3392 1641 unum
3445 1588 3759 1642 conveniant
3819 1591 3907 1658 ﬁlii

2303 1687 2590 1750 martyrum
2616 1689 2664 1734 et
2714 1681 2983 1750 progenies
3017 1679 3345 1734 traditarum.
3396 1679 3527 1736 Haec
3559 1683 3795 1736 crimina
3835 1683 3909 1738 di-

606 1787 759 1842 άξείι,
803 1783 1100 1854 Accepistis
1146 1780 1584 1852 prosecutionem
1630 1775 1801 1848 partis
1846 1775 2108 1831 adversa.
2145 1771 2202 1829 Si
2233 1770 2282 1832 Β
2310 1769 2507 1825 luenda
2558 1772 2920 1842 suscepimus,
2961 1781 3021 1826 ut
3048 1771 3165 1826 haec
3193 1772 3421 1828 crimina
3451 1772 3906 1832 diluanturistam

605 1878 734 1951 quid
762 1876 1018 1947 objicitis,
1038 1875 1151 1946 jam
1177 1874 1398 1944 jamque
1423 1871 1734 1942 proponite.

678 1992 802 2046 H2.
837 1989 1121 2045 Petilianus
1167 1988 1436 2058 episcOpus
1477 1985 1628 2040 dixit.
1677 1979 2200 2052 Pronuntietiprius

604 2083 857 2141 nobilitas
908 2092 996 2137 tua
1044 2087 1222 2135 utrum
1275 2086 1426 2134 recte
1475 2087 1726 2149 petamus
1771 2089 1894 2145 qua:
1941 2074 2198 2145 petimus,

604 2189 806 2240 necne;
845 2182 957 2229 tum
992 2172 1211 2228 demum
1250 2169 1332 2226 eis
1375 2169 1442 2225 ad
1473 2168 1682 2238 singula
1727 2165 2200 2236 respondebimus.

603 2267 676 2324 Et
713 2267 818 2323 alia
857 2283 1030 2322 manu.
1066 2264 1364 2321 Petilianus
1393 2262 1680 2333 episcopus
1723 2261 1842 2316 sine
1888 2258 2201 2331 praejudicio

603 2359 981 2432 appellationis
1020 2366 1221 2414 nostrae
1250 2355 1563 2427 recognovi.

679 2476 804 2532 H3.
838 2473 1174 2529 Marcellinus
1216 2471 1278 2525 V.
1318 2468 1379 2524 ϐ.
1413 2469 1648 2524 tribunus
1686 2476 1734 2522 et
1774 2465 2006 2522 notarius
2045 2465 2197 2520 dixit.

604 2569 774 2626 Recte
801 2582 900 2623 vos
927 2575 1114 2638 petere
1143 2561 1541 2635 prosecutionis
1568 2570 1766 2617 vestrae
1807 2568 1990 2616 textus
2017 2567 2203 2614 osten-

603 2661 686 2719 dit
703 2703 718 2726 ,
750 2669 806 2718 et
828 2667 978 2716 recte
1012 2656 1360 2729 respondisse
1386 2661 1593 2725 partem
1620 2669 1650 2708 e
1676 2652 1892 2707 diverso
1919 2653 2199 2706 sistentem

602 2768 794 2811 eorum
819 2751 1071 2808 similiter
1099 2745 1568 2821 prosecutionibus
1595 2742 1926 2799 declaratum
1953 2749 2056 2797 est.
2091 2739 2203 2795 Ad-

603 2853 812 2902 sertum
860 2850 945 2899 est
991 2841 1138 2897 enim
1195 2837 1339 2910 quod
1393 2833 1713 2892 criminibus
1761 2833 1950 2890 nescio
2007 2830 2201 2902 quibus

605 2935 902 2994 Ecelesiam
929 2948 1092 3006 quam
1122 2936 1344 2999 tenent,
1392 2943 1422 2982 a
1451 2928 1607 2984 vobis
1636 2925 1908 2997 hodieque
1947 2923 2204 2980 adserant

605 3029 879 3096 infestari;
910 3041 1031 3099 quae
1050 3067 1066 3093 ,
1093 3027 1138 3082 si
1165 3038 1272 3095 qua
1297 3030 1446 3088 sunt,
1477 3017 1688 3076 debetis
1712 3018 1952 3073 edicere.
1983 3016 2041 3072 Si
2070 3029 2202 3071 vero

604 3141 712 3182 non
751 3130 908 3189 sunt,
935 3129 1021 3178 est
1053 3132 1283 3176 necesse
1309 3125 1366 3172 ut
1393 3114 1462 3170 ad
1498 3113 1618 3170 haec
1644 3110 1980 3183 respondere
2008 3109 2196 3181 digne-

676 3327 1234 3405 303lM.Emeritus
1254 3325 1524 3397 episcopus
1539 3321 1692 3378 dixit.
1709 3320 1800 3378 Sic
1817 3318 1994 3390 agitur
2011 3330 2172 3373 causa
2184 3359 2198 3380 ,

605 3427 722 3482 haec
746 3423 946 3497 ljudicii
989 3421 1162 3478 forma
1214 3426 1299 3474 est
1322 3457 1338 3482 ,
1382 3417 1461 3472 sic
1488 3415 1688 3471 veritas
1724 3412 2016 3482 inquiritur
2047 3417 2106 3464 ut
2131 3409 2202 3464 de

605 3531 837 3588 persona
869 3521 1134 3569 taceatur.
1172 3510 1309 3564 Dicit
1345 3522 1435 3562 me
1477 3507 1665 3561 nescio
1688 3519 1798 3574 quo
1835 3511 2059 3558 auctore
2088 3500 2200 3555 cri-

603 3610 750 3665 mina
790 3607 845 3664 in
877 3604 1178 3661 Ecclesiam
1208 3599 1516 3665 ventilare,
1563 3609 1615 3653 et
1662 3595 1816 3664 quasi
1860 3609 1956 3665 per
2002 3592 2200 3646 famam

602 3700 891 3772 quamdam
955 3696 1220 3753 honorem
1270 3706 1428 3749 suum
1473 3689 1838 3759 meritumque
1893 3685 2229 3742 destruere.‘

603 3791 872 3864 Quidquid
916 3789 1084 3857 velit,
1115 3800 1224 3857 quo
1254 3783 1473 3841 nomine
1497 3782 1663 3849 velit,
1697 3795 1806 3851 quo
1839 3787 2016 3850 potest
2042 3792 2202 3847 argu-

604 3895 790 3941 mento
820 3884 946 3939 huic
970 3882 1074 3953 ipsi
1103 3894 1282 3936 causa:
1308 3892 1507 3934 nomen
1550 3875 1794 3946 imponat
1825 3887 2049 3929 necesse
2079 3880 2196 3939 est,

606 3987 667 4035 ut
685 3977 808 4050 quia
841 3975 1040 4032 iterum
1063 3981 1345 4044 provocat,
1375 3971 1572 4041 petitor
1601 3969 1853 4024 adsistat.
1884 3967 2076 4024 Utrum
2099 3981 2200 4037 ego

607 4070 837 4129 dixerim
864 4082 1060 4134 necne,
1087 4074 1265 4122 utrum
1308 4077 1439 4120 vere
1467 4061 1720 4127 dixerim,
1749 4073 1890 4114 anne
1918 4058 2200 4114 conﬁnxe-

608 4161 734 4228 rim,
761 4176 883 4218 cum
916 4159 1086 4230 ipsius
1110 4154 1477 4229 propositione
1491 4165 1828 4224 cognovero;
1851 4165 1974 4206 cum
1995 4164 2058 4205 ea
2079 4163 2200 4220 quae

609 4255 744 4314 mihi
774 4253 961 4326 objicit
987 4265 1115 4308 vera
1145 4263 1302 4316 esse,
1333 4258 1388 4302 et
1411 4261 1478 4302 ex
1508 4261 1597 4301 me
1625 4243 1834 4315 prolata
1868 4241 2196 4306 constiterit,
2270 4279 2280 4286 .

608 4357 736 4404 tunc
758 4346 975 4402 demum
1005 4354 1232 4398 necesse
1255 4347 1338 4394 est
1357 4335 1672 4394 eorumdem
1695 4349 1782 4390 me
1808 4332 2199 4390 intentionibus

607 4439 955 4512 respondere.
989 4435 1150 4491 Videt
1201 4447 1330 4504 ergo
1380 4430 1691 4502 praestantia
1730 4438 1818 4483 tua
1860 4429 1980 4482 sine
2003 4439 2200 4497 provo-

2306 1865 2654 1921 collationem
2681 1866 3050 1936 poposcimus.
3079 1865 3351 1923 Concessa
3377 1876 3484 1923 est.
3527 1870 3642 1924 Aut
3682 1871 3906 1940 probea-

2306 1967 2414 2024 tur,
2439 1967 2530 2013 aut
2557 1969 2880 2030 purgentur.
2913 1959 2977 2012 Et
3003 1959 3108 2014 alia
3144 1976 3320 2014 manu.
3352 1959 3698 2033 llecognovi.

2377 2051 2504 2106 117.
2551 2051 2888 2108 Marcellinus
2913 2053 2990 2106 uir
3012 2053 3331 2107 clarissimus
3353 2054 3594 2109 tribunus
3616 2065 3663 2110 et
3684 2059 3905 2111 notarius

2305 2141 2455 2196 dixit.
2492 2141 2725 2196 Mandati
2771 2143 2943 2198 series
2975 2143 3298 2199 traditorum
3347 2154 3560 2214 partem
3606 2163 3639 2202 e
3692 2148 3904 2204 diverso

2305 2235 2589 2290 sistentem
2623 2249 2745 2291 esse
2775 2235 3089 2304 proﬁtetur.
3129 2235 3492 2294 Collationem
3526 2254 3659 2295 vero
3683 2283 3698 2305 ,
3742 2241 3786 2294 si
3831 2250 3904 2296 ιιι

2306 2342 2427 2383 men
2458 2329 2766 2397 prosecutio
2787 2327 3072 2384 catholicae
3096 2329 3263 2399 partis
3289 2329 3520 2386 veritate
3541 2330 3780 2387 subnixa
3802 2343 3903 2396 est,

2305 2421 2374 2475 ab
2407 2422 2652 2492 utrisque
2685 2421 2929 2492 partibus
2975 2430 3188 2477 constat
3211 2436 3335 2479 esse
3371 2424 3726 2494 postulatam.
3761 2425 3904 2483 Unde

2304 2527 2448 2568 nunc
2479 2512 2530 2567 id
2562 2512 2703 2583 quod
2731 2513 2987 2570 mandato
3010 2513 3226 2570 videtur
3263 2529 3587 2585 expressum
3606 2558 3621 2581 ,
3649 2520 3902 2573 sanctitas

2302 2613 2484 2658 vestra
2543 2603 2956 2674 probationibus
3011 2603 3202 2661 fulcire
3252 2605 3527 2676 dignetur.
3609 2608 3904 2681 Accepistis

2304 2698 2449 2752 enim
2475 2711 2539 2752 ex
2567 2711 2756 2752 eorum
2790 2698 3267 2767 prosecutionibus
3289 2701 3466 2770 magis
3489 2715 3521 2754 a
3547 2701 3713 2757 vobis
3734 2705 3902 2773 aliqua

2303 2788 2490 2859 objici,
2522 2796 2578 2845 et
2605 2802 2668 2846 ea
2695 2790 2904 2859 objecta
2935 2805 2997 2846 se
3022 2790 3163 2846 velle
3187 2791 3416 2848 diluere.

2376 2883 2505 2939 118.
2548 2885 2842 2940 Petilianus
2882 2885 3150 2956 episcopus
3197 2885 3354 2941 dixit.
3408 2885 3782 2946 Pronuntiare
3828 2891 3903 2945 tli-

2305 2991 2476 3046 gnare
2503 2975 2572 3032 de
2620 2991 2874 3048 persona.
2915 2976 3068 3032 Tunc
3114 2978 3220 3033 itur
3273 2976 3330 3032 in
3378 2993 3629 3034 causam.
3686 2981 3756 3035 Et
3813 2985 3905 3038 alia

2301 3084 2481 3122 manu.
2518 3067 2815 3124 Petilianus
2838 3067 3129 3140 episcOpus
3168 3068 3287 3126 sine
3316 3072 3643 3140 prajudicio
3678 3075 3901 3146 appella-

2223 3154 2270 3220 C
2301 3159 2464 3216 tionis
2493 3170 2690 3218 nostra:
2717 3163 3030 3233 recognovi.

2380 3254 2506 3310 119.
2530 3255 2747 3327 Alypius
2764 3256 3035 3326 episcopus
3057 3253 3303 3311 Ecclesia
3323 3257 3601 3315 catholica
3623 3261 3778 3318 dixit.
3795 3261 3900 3318 iam

2310 3362 2419 3402 non
2447 3355 2531 3403 est
2559 3357 2864 3403 nostrarum
2910 3349 3143 3418 partium
3171 3347 3238 3404 de
3264 3349 3368 3404 hoc
3398 3350 3608 3421 aliquid
3638 3355 3900 3424 superﬂuo

2312 3439 2666 3510 respondere.
2696 3438 2763 3493 Et
2792 3439 2898 3494 alia
2927 3456 3105 3496 manu.
3133 3439 3469 3512 Recognovi.
3507 3442 3781 3499 Possidius
3806 3446 3899 3515 epi-

2304 3549 2490 3604 sc0ptts
2520 3531 2768 3588 Ecclesia:
2787 3535 3056 3589 catholica
3084 3535 3232 3589 dixit.
3266 3533 3732 3595 lntcrloculiones
3751 3556 3898 3610 supe-

2305 3625 2477 3680 riores
2511 3624 2862 3680 sublimitatis
2887 3634 2991 3680 tua:
3015 3627 3331 3693 recitantur,
3356 3636 3414 3684 et
3445 3643 3754 3701 agnoscant
3784 3632 3898 3704 quid

2305 3717 2604 3788 postulant.
2631 3716 2699 3771 Et
2722 3718 2828 3772 alia
2859 3734 3034 3773 manu.
3070 3719 3405 3790 Recognovi.

2380 3808 2509 3864 ΗΟ.
2552 3806 2892 3864 Marcellinus
2921 3812 2998 3865 uir
3036 3812 3357 3867 clarissimus
3388 3815 3625 3870 tribunus
3665 3827 3718 3871 et
3765 3828 3898 3872 nota-

2304 3901 2412 3956 rius
2431 3902 2584 3956 dixit.
2603 3901 2661 3958 Si
2677 3903 3025 3960 collationem
3052 3905 3120 3959 ab
3143 3906 3394 3977 utrisque
3423 3909 3669 3978 partibus
3694 3922 3899 3967 constat

2304 4009 2426 4050 esse
2457 3995 2806 4065 postulatam,
2833 4004 3049 4052 constat
3075 4012 3196 4053 eum
3225 4013 3349 4054 esse
3379 4001 3665 4070 petitorem
3690 4005 3781 4074 qui
3799 4004 3899 4060 cri-

2304 4102 2428 4144 men
2461 4088 2713 4144 intendit.

2377 4180 2504 4236 121.
2550 4179 2811 4238 Emeritus
2837 4184 3109 4256 episcopus
3143 4184 3297 4240 dixit.
3333 4186 3538 4244 Doceat
3562 4189 3630 4244 ab
3652 4191 3901 4262 utrisque

2304 4275 2546 4345 partibus
2574 4276 2925 4333 collationem
2969 4278 3091 4334 ess'e
3143 4279 3194 4334 in
3245 4279 3456 4349 judicio
3486 4281 3798 4354 ﬂagitatam.
3835 4285 3904 4340 Et

2303 4367 2412 4421 alia
2443 4383 2620 4422 manu.
2654 4367 2929 4425 Emeritus
2950 4370 3235 4441 episcopus
3263 4376 3575 4444 recognovi.

2378 4459 2502 4515 122.
2548 4460 2768 4533 Alypius
2816 4463 3091 4535 episcOpus
3136 4463 3385 4523 Ecclesia
3426 4466 3706 4524 Catholica
3748 4473 3898 4525 dixit.

605 4539 764 4588 eam"
817 4525 1193 4631 respondenti?
1223 4521 1713 4631 ,supemufmfsse
1751 4532 2063 4631 P‘?"s°,"‘““;
2093 4530 2196 4631 {mf
2222 4548 2277 4610 D
2303 4555 2587 4612 Docemus.
2615 4521 2712 4610 “Et
2742 4521 3055 4612 alia'man'u.
3080 4521 3414 4631 Recognovi.

606 4641 767 4698 posse
786 4635 1109 4695 quemquam
1132 4617 1238 4675 dici
1265 4615 1684 4687 respondentem
1712 4613 1814 4667 nisi
1836 4613 2012 4682 primo
2033 4608 2198 4677 fuerit

605 4723 950 4790 provocator.
984 4713 1126 4784 Ergo
1156 4709 1200 4765 si
1229 4706 1600 4780 provocatoris
1627 4705 1772 4767 loco,
1800 4703 1901 4758 hoc
1925 4711 2030 4770 est,
2054 4700 2198 4772 quod

511 4851 518 4856 ε
606 4810 806 4866 dicitur
830 4804 1100 4877 petitoris,
1126 4800 1358 4868 adsistit,
1388 4795 1633 4853 instituat
1657 4795 1948 4861 actionem,
1976 4793 2062 4849 cui
2110 4808 2200 4848 rc-

608 4900 881 4974 spondere
898 4898 1146 4954 debeam.
1167 4892 1484 4964 Saepissime
1504 4891 1650 4946 enim
1681 4889 1868 4944 dicunt
1888 4904 1986 4945 nos
2007 4903 2200 4957 super-

609 4993 731 5049 ﬂuis
757 4990 1066 5048 moratoriis
1093 4987 1192 5052 uti,
1235 5001 1304 5041 ne
1345 4982 1414 5038 ad
1442 4982 1722 5055 negotium
1748 4981 2016 5037 veniatur.
2057 4981 2198 5051 Ergo

610 5099 734 5142 cum
764 5085 864 5138 iste
889 5080 1053 5138 cardo
1082 5080 1154 5136 sit
1177 5090 1380 5144 causae,
1409 5083 1469 5130 ut
1499 5074 1545 5128 is
1574 5073 1667 5143 qui
1708 5072 1938 5128 alterum
1968 5073 2024 5127 in
2049 5073 2197 5143 judi-

613 5178 756 5234 cium
781 5183 960 5242 vocat,
989 5172 1272 5229 instituere
1299 5168 1568 5225 actionem
1588 5165 1805 5230 debeat,
1828 5176 1882 5221 et
1903 5179 2200 5237 provocare

611 5273 680 5330 ad
718 5270 1158 5343 responsionem,
1200 5249 1447 5322 advertat
1492 5261 1806 5334 praestantia
1833 5269 1921 5317 tua
1950 5275 2046 5317 eos
2076 5276 2202 5332 pro-

611 5367 767 5438 sequi
795 5364 1027 5432 debere,
1059 5371 1237 5418 utrum
1284 5358 1440 5416 nobis
1479 5357 1564 5412 vel
1594 5371 1754 5426 quam
1785 5354 2069 5410 instituant
2099 5370 2192 5410 ac-

611 5465 851 5530 tionem,
900 5468 961 5516 ut
1007 5455 1341 5529 respondere
1394 5452 1686 5524 possimus.
1740 5447 1809 5502 Et
1856 5450 1962 5503 alia
2013 5465 2189 5505 manu.

608 5556 884 5615 Emeritos
907 5553 1219 5624 episcopus,
1243 5548 1394 5604 salvo
1415 5546 1611 5602 eti’ectu
1649 5542 2030 5614 appellationis
2064 5559 2193 5601 nos-

603 5659 704 5707 tris
731 5644 1050 5719 recognovi.

606 5836 613 5842 _
680 5760 802 5818 115.
845 5754 1178 5817 Marcellinus
1219 5753 1292 5808 vir
1337 5747 1655 5806 clarissimus
1700 5747 1937 5806 tribunus
1964 5757 2014 5806 et
2039 5758 2188 5808 uota-

2301 4647 2619 4703 clarissimus
2649 4647 2885 4703 tribunus
2909 4658 2958 4703 et
2990 4651 3222 4705 notarius
3250 4650 3406 4707 dixit.
3431 4651 3544 4709 Hoc
3571 4669 3698 4725 pars
3718 4659 3905 4713 callio-

2303 4740 2402 4795 lica
2433 4739 2634 4795 docere
2661 4738 2900 4796 debebit.

2375 4835 2501 4892 125.
2544 4835 2839 4890 Adeodatus
2858 4837 3127 4907 episcopus
3148 4835 3301 4892 dixit.
3327 4835 3640 4897 Catholieos
3662 4858 3765 4897 nos
3781 4858 3902 4899 esse

2304 4923 2564 4996 scriptum
2605 4927 2694 4981 sit.
2737 4926 2807 4982 Et
2857 4931 2963 4986 alia
3011 4947 3186 4986 manu.
3242 4933 3561 4990 Adeodatus
3613 4936 3903 5005 episcopus

2305 5019 2742 5088 prosecutionem
2772 5036 2946 5078 meam
2987 5023 3138 5079 salvo
3165 5025 3548 5094 appellationis
3575 5025 3776 5081 ell‘ectu
3815 5042 3898 5080 re—

2304 5109 2554 5179 cognovi.
2592 5109 3007 5169 Fortunatianus
3031 5115 3304 5186 episcOpus
3337 5114 3588 5173 Ecclesia
3631 5118 3899 5171 catholica

2303 5200 2455 5256 dixit.
2491 5201 2802 5258 Donatistas
2831 5219 2929 5260 vos
2964 5219 3086 5262 esse
3120 5220 3186 5261 ex
3230 5205 3491 5262 Primiani
3519 5208 3779 5263 mandato
3805 5209 3897 5264 doc

2303 5309 2515 5358 cemus.
2547 5295 2614 5350 Et
2637 5297 2744 5351 alia
2770 5315 2948 5354 manu.
2981 5299 3309 5371 Recognovi.
3361 5300 3661 5356 Adeodatus
3693 5303 3894 5373 episco-

2302 5405 2397 5460 pus
2420 5388 2572 5444 dixit.
2601 5386 2992 5448 Cacilianistas
3015 5407 3110 5448 vos
3138 5408 3261 5450 esse
3291 5395 3551 5465 scriptum
3580 5395 3671 5449 sit.
3709 5394 3779 5449 Et
3797 5394 3893 5448 alia

2299 5496 2478 5536 manu.
2521 5480 2832 5539 Adeodatus
2869 5485 3158 5556 episcopus
3205 5487 3646 5556 prosecutiouem
3685 5501 3887 5550 meam,

2298 5576 2448 5631 salva
2473 5574 2874 5646 appellatione,
2901 5579 3217 5650 recognovi.

2375 5665 2498 5722 124.
2541 5664 2952 5725 Fortunatianus
3027 5672 3296 5743 episcopus
3345 5670 3600 5729 Ecclesia
3638 5670 3891 5728 catholica

2302 5756 2457 5813 dixit.
2491 5757 2545 5815 Si
2588 5760 2862 5833 praecipis,
2899 5770 3051 5833 gesta
3080 5764 3375 5821 recitamus
3403 5767 3459 5823 in
3483 5765 3691 5838 judicio
3715 5763 3892 5822 habita
