4130 6170
329 232 480 296 ιζ’)ὃὸ

1268 237 1496 295 GESTA
1533 227 1999 292 COLLATIONIS
2043 227 2685 290 CARTHAGINENSIS.

3526 245 3663 301 1586

333 357 705 427 praefecturae;
736 356 831 414 ubi
875 344 946 414 se
983 369 1107 427 pars
1154 353 1381 410 adversa
1411 351 1587 408 audiri
1643 359 1926 418 tantopere
1961 344 2026 402 A
2063 345 2186 400 rius
2217 347 2362 403 dixit.
2407 349 2486 403 Ad
2509 363 2569 404 ea
2598 362 2665 403 ex
2708 348 2908 418 quibus
2941 360 3150 409 constat
3184 368 3306 412 esse
3339 359 3657 428 transitum,

330 448 616 521 ﬂagitavit.
654 451 721 506 Et
749 450 897 517 ideo,
937 450 981 504 si
1011 449 1280 519 prircipis.
1310 446 1381 502 Et
1407 447 1513 500 alia
1540 461 1714 499 manu.
1746 442 1924 496 Reco-

328 545 514 617 gnovi.
544 544 884 600 Marcellinus
908 545 986 598 vir
1008 543 1324 597 clarissimus
1350 540 1582 595 tribunus
1609 549 1655 592 et
1680 536 1929 591 Notarius

330 637 486 695 dixit.
520 632 688 694 Gesta
732 637 915 692 habita
958 636 1012 692 in
1048 635 1254 706 judicio
1283 634 1577 689 illustrium
1601 637 1926 702 potestatum

329 737 589 800 suscepta
618 729 688 785 ab
714 726 893 784 ofﬁcio
919 728 1236 783 recitentur.

404 822 532 881 125.
567 819 856 880 Petilianus
885 823 1155 896 episcOpus
1185 820 1338 876 dixit.
1382 817 1586 874 Contra
1617 817 1736 873 haec
1775 827 1929 870 serva

327 931 452 988 quin
478 924 812 987 competunt.
858 913 927 970 Et
954 913 1060 968 alia
1085 929 1262 967 manu.
1304 911 1603 966 Petilianus
1643 909 1932 980 episcopus

327 1009 454 1066 sine
523 1007 841 1080 prtejudicio
895 1004 1278 1076 appellationis
1340 1010 1544 1058 nostrae
1612 999 1928 1072 rec0gnovi.

328 1100 672 1158 Marcellinus
702 1105 777 1155 uir
804 1099 1118 1154 clarissimus
1149 1097 1383 1150 tribunus
1424 1104 1472 1148 et
1508 1094 1743 1158 notarius
1774 1091 1928 1146 dixit.

326 1190 490 1249 Salva
533 1203 714 1248 erunt.
753 1190 1038 1245 Petilianus
1081 1189 1357 1258 episcopus
1399 1187 1556 1241 dixit.
1591 1186 1666 1239 De
1696 1197 1929 1254 persona

327 1284 641 1355 pronuntia.
673 1282 811 1351 Quid
843 1282 1118 1351 petierint,
1143 1278 1273 1350 quid
1296 1278 1667 1348 suggesserim
1691 1277 1929 1332 clemen-

327 1375 542 1431 tissimo
578 1375 919 1446 imperatori,
965 1373 1162 1445 quidve
1189 1372 1400 1426 mentiti
1441 1371 1568 1434 sint,
1603 1370 1706 1424 hoc
1736 1370 1932 1440 proda-

326 1477 435 1524 tur.
495 1469 597 1524 llic
653 1467 947 1524 Pronuntia
1003 1475 1180 1521 uttum
1240 1463 1290 1519 id
1349 1463 1621 1534 superﬂue
1650 1461 1926 1533 ﬂagitem,

324 1579 524 1620 necne.
556 1561 698 1619 Tum
734 1563 950 1620 demum
995 1561 1099 1618 itur
1127 1561 1182 1614 in
1217 1572 1458 1614 causam.
1493 1557 1561 1612 Et
1607 1557 1714 1612 alia
1745 1571 1922 1609 manu.

321 1655 966 1729 Petilianusepiscopus,
996 1653 1148 1708 salvo
1175 1651 1371 1707 merito
1394 1649 1780 1720 appellationis
1806 1662 1930 1702 nos-

323 1756 450 1814 trae,
483 1748 801 1819 recognovi.

401 1841 530 1897 126.
555 1839 897 1895 Μανεειιὶηιιε
916 1841 992 1893 vir
1020 1838 1337 1893 clarissimus
1366 1837 1600 1890 tribunus
1615 1843 1664 1889 et
1692 1834 1929 1888 notarius

323 1934 480 1990 dixit.
531 1933 886 1990 Collationem
935 1933 1100 1987 fuisse
1143 1930 1470 2000 postulatam
1524 1927 1705 1981 missis
1738 1926 1928 1996 legatis

318 2042 508 2086 sermo
537 2027 778 2084 caelestis
808 2025 1074 2091 ostendit,
1113 2025 1254 2079 hanc
1291 2023 1407 2078 fieri
1472 2021 1754 2076 evidenter
1799 2034 1926 2073 san-

323 2119 844 2192 ctione'przecepit:
875 2119 958 2175 cui
1007 2134 1095 2173 me
1136 2116 1375 2188 judicem
1425 2113 1670 2170 residere
1719 2111 1930 2182 pariter

320 2213 694 2271 constitutum
738 2219 841 2266 est.
876 2209 1155 2266 Excedere
1201 2223 1289 2263 me
1343 2205 1506 2277 huius
1550 2203 1929 2274 praeceptionis

320 2308 559 2363 formam
611 2305 778 2361 etiam
821 2303 1080 2358 sanctitas
1109 2308 1294 2357 vestra
1331 2299 1554 2354 omnino
1600 2309 1706 2350 non
1767 2307 1927 2364 pOsse

321 2414 549 2460 mecum
586 2397 780 2454 melius
803 2395 1169 2466 recognoscit.
1950 2387 1957 2389 ’

398 2493 524 2548 127.
577 2489 874 2546 Petilianus
922 2488 1193 2560 episcOpua
1243 2485 1393 2540 dixit.
1472 2482 1828 2538 Pronuntiare
1877 2488 1930 2534 te

321 2594 645 2644 constanter
676 2582 950 2647 convenit,
975 2581 1057 2636 vir
1101 2579 1302 2636 nobilis
1326 2621 1341 2645 ,
1363 2586 1542 2634 utrum
1571 2575 1803 2648 proferri
1829 2575 1926 2630 de-

325 2681 493 2737 beant
516 2676 612 2732 illa
642 2691 764 2745 quae
788 2675 1034 2730 clanculo
1059 2673 1348 2738 habentur,
1387 2686 1510 2742 quae
1537 2669 1736 2725 rubore
1775 2683 1925 2724 com—

327 2787 520 2844 pressa
545 2779 672 2826 sunt
699 2767 1077 2824 mentientium
1111 2783 1123 2819 :
1153 2773 1248 2820 aut
1285 2772 1433 2819 certe
1459 2762 1503 2817 si
1531 2760 1809 2831 superﬂue
1837 2775 1929 2830 pe-

324 2865 490 2920 timus
521 2905 536 2931 ,
590 2861 693 2918 hoc
750 2859 1058 2930 pronuntia.
1115 2857 1185 2912 Et
1229 2856 1337 2912 alia
1385 2871 1563 2910 manu.
1596 2853 1930 2925 [Petilianus

324 2953 653 3030 episcopus]
699 2953 820 3010 sine
848 2952 1165 3024 prtejudieio
1207 2949 1591 3023 appellationis
1619 2954 1818 3002 nostrae
1845 2960 1929 3000 re-

329 3050 580 3124 cognovL

2070 451 2376 509 regressum
2425 441 2542 495 ﬁeri
2594 439 2823 497 minime
2877 453 3134 513 Oportere
3178 457 3261 502 sat
3311 450 3521 505 clarum
3552 462 3655 505 cst.

2068 525 2224 586 Unde
2253 540 2307 587 ut
2334 532 2616 589 evidenter
2643 533 2895 601 petitoris
2922 551 3154 604 persona
3203 549 3558 610 monstretur,
3588 543 3654 597 il-

2061 616 2308 678 lustrium
2340 630 2665 693 potestatum
2690 633 2846 692 gesta
2879 628 3212 698 relegantur.

2133 715 2252 771 151.
2293 714 2588 771 Petilianus
2634 715 2912 786 episwpus
2969 718 3122 775 dixit.
3167 715 3504 778 Nebula'est
3551 722 3652 779 ista

2050 819 2174 876 qua:
2199 810 2538 866 obtenditur.
2587 806 2722 862 Nam
2780 811 2848 866 ab
2879 812 3032 868 initio
3060 815 3204 885 ipsos
3235 831 3358 872 esse
3395 819 3652 888 petitores

2044 909 2198 956 certo
2226 901 2345 956 loco
2393 899 2876 972 monstrabimus,
2932 920 3055 961 cum
3087 907 3399 980 dignaberis
3453 911 3521 966 de
3568 912 3654 967 bis

2040 1007 2162 1062 qua:
2203 994 2522 1063 jamdudum
2582 994 2878 1062 petivimus
2925 1009 3086 1069 atque
3136 1001 3371 1071 petimus
3415 1018 3655 1072 pronun-

2039 1083 2192 1141 tiare.
2242 1084 2310 1140 Et
2338 1087 2447 1140 alia
2473 1101 2654 1139 manu.
2692 1087 2994 1145 Petilianus
3032 1093 3322 1165 episc0pus
3350 1096 3468 1151 sine
3508 1113 3648 1166 prte-

2031 1175 2239 1245 judicio
2265 1177 2651 1249 appellationis
2683 1191 2889 1237 nostra:
2915 1187 3226 1255 recognovi.

2110 1270 2236 1324 152.
2264 1271 2609 1326 Marcellinus
2635 1272 2711 1324 vir
2725 1275 3050 1330 clarissimus
3075 1279 3314 1333 tribunus
3332 1289 3380 1333 et
3413 1284 3651 1336 notarius

2035 1359 2188 1414 dixit.
2225 1361 2400 1416 Etiam
2430 1362 2698 1417 sanctitas
2733 1377 2910 1422 vestra
2938 1385 3060 1440 quae
3095 1371 3257 1426 oﬂ‘ert
3283 1388 3380 1442 per
3397 1377 3650 1433 ordinem

2035 1450 2365 1521 retegentur.
2424 1452 2498 1506 Et
2543 1453 2754 1524 adjecit.
2800 1459 3051 1520 Patimini
3083 1478 3228 1519 nunc
3279 1465 3497 1522 interim
3527 1485 3652 1539 qua:

2033 1546 2323 1620 postulata‘
2341 1556 2468 1602 sunt
2494 1546 2565 1600 ab
2589 1547 2774 1606 ofﬁcio
2803 1556 3038 1610 recitari.

2106 1637 2232 1694 155.
2283 1637 2580 1694 Petilianus
2618 1642 2890 1714 episcOpus
2919 1646 3072 1700 dixit.
3105 1647 3410 1707 Pronuntia
3434 1694 3448 1718 ,
3477 1662 3533 1710 et
3556 1671 3652 1727 pa-

1959 1741 2009 1801 Β
2038 1729 2143 1784 tior
2187 1732 2430 1787 recitari.
2489 1730 2562 1785 Et
2607 1733 2717 1788 alia
2768 1753 2948 1791 manu.
3003 1738 3311 1798 Petilianus
3358 1749 3653 1819 episcopus

2031 1825 2182 1880 salvo
2208 1827 2404 1880 merito
2428 1826 2810 1897 appellationis
2839 1841 3042 1886 nostrae
3071 1839 3395 1905 recognovi.

2105 1916 2230 1973 154.
2261 1918 2604 1972 Marcellinus
2630 1921 2708 1974 uir
2734 1922 3057 1980 clarissimus
3083 1927 3326 1984 tribunus
3347 1941 3393 1986 et
3416 1937 3654 1990 notarius

2029 2008 2183 2064 dixit.
2213 2009 2472 2066 Petitoris
2504 2026 2739 2081 persona
2784 2027 2910 2070 tunc
2945 2029 3135 2086 aperte
3184 2025 3391 2090 poterit
3419 2027 3647 2085 demon-

2030 2101 2225 2248 ἱππί,
2256 2117 2380 2158 cum
2411 2104 2514 2159 ltoc
2560 2105 2731 2175 gestis
2776 2109 3204 2169 evidentissimis
3247 2115 3417 2174 fuerit
3451 2136 3652 2192 appro-

2067 2204 2237 2248 atum.

2067 2204 2237 2248 atum.

2105 2286 2231 2341 155.
2269 2283 2563 2342 Petilianus
2593 2289 2864 2362 episcOpus
2885 2292 3038 2348 dixit.
3062 2295 3364 2356 Pronuntia
3388 2319 3475 2360 me
3496 2317 3649 2364 recte

2032 2393 2100 2434 an
2130 2394 2238 2434 non
2271 2391 2418 2435 recte
2439 2382 2644 2452 petisse
2670 2385 2812 2453 quod
2839 2385 3041 2442 diutius
3068 2388 3330 2460 ﬂagitavi.
3363 2395 3472 2451 Res
3497 2400 3645 2454 enim

2033 2469 2192 2525 nobis
2220 2485 2344 2525 cum
2389 2473 2591 2542 papulo
2621 2483 2724 2528 est.
2760 2473 2841 2528 Tu
2886 2493 3103 2548 quoque
3141 2498 3266 2536 cum
3321 2489 3523 2556 popqu
3551 2505 3646 2544 vo-

2031 2560 2183 2616 luisti
2233 2559 2436 2617 ltabere
2469 2564 2760 2630 rationem,
2788 2565 2884 2636 qui
2911 2568 2979 2622 de
3019 2569 3231 2639 judicio
3273 2582 3368 2629 tuo
3420 2579 3642 2634 voluisti

2026 2652 2286 2723 judicari.
2337 2651 2405 2708 Et
2455 2655 2563 2709 alia
2611 2673 2788 2711 manu.
2832 2659 3134 2718 Petilianus
3182 2668 3476 2739 episcopus
3523 2674 3643 2728 sine

2033 2745 2352 2817 przejudicio
2371 2747 2753 2818 appellationis
2789 2762 2988 2808 nostra:
3011 2760 3327 2828 recognovi.

2105 2838 2230 2895 156.
2279 2839 2497 2910 Alypius
2539 2842 2811 2914 episcopus
2859 2843 3110 2902 Ecclesia:
3169 2852 3442 2907 catholica:
3489 2855 3642 2909 dixit.

2033 2930 2312 3002 Legantur
2332 2943 2503 3001 gesta.
2539 2932 2607 2988 Et
2638 2936 2743 2989 alia
2773 2953 2954 2992 manu.
2984 2937 3324 3012 Recognovi.

2109 3025 2230 3080 157.
2260 3024 2601 3081 Marcellinus
2628 3029 2706 3082 uir
2731 3029 3055 3086 clarissimus
3076 3036 3314 3091 tribunus
3333 3049 3382 3092 et
3411 3043 3644 3097 notarius

399 3115 526 3201 ᾖξε.
586 3140 999 3197 ινστεαηαιεαηηε
1044 3139 1315 3212 ερξδεορη,
1368 3134 1612 3191 Emam
1662 3132 1928 3187 εαιιιοιεεω
1955 3126 2001 3190 C
2033 3115 2187 3212 dixit.
2217 3117 2578 3174 Pronuntiare
2609 3136 2696 3175 me
2721 3122 2958 3191 postulat
2982 3127 3247 3183 sanetitas
3273 3140 3384 3197 tua,
3417 3147 3538 3187 cum
3569 3136 3637 3190 ab

325 3239 476 3295 dixit.
515 3238 571 3296 Si
603 3235 733 3309 quid
763 3245 848 3292 est
872 3234 1016 3304 quod
1039 3243 1229 3289 contra
1259 3247 1383 3298 nos,
1406 3231 1496 3285 ubi
1527 3229 1782 3284 mentitos
1803 3242 1928 3282 esse

325 3347 451 3404 pars
479 3331 708 3387 adversa
740 3329 1022 3400 designat,
1056 3327 1302 3398 proferre
1336 3322 1565 3394 poterit,
1607 3320 1716 3390 jam
1749 3319 1928 3390 prote—

327 3435 451 3490 rat;
479 3438 549 3478 ne
571 3420 858 3493 superﬂuis
878 3435 978 3476 nos
1004 3417 1441 3475 accusationibus
1461 3428 1630 3483 agens
1646 3452 1662 3478 ,
1697 3410 1927 3481 populus

328 3515 507 3572 adhuc
536 3530 727 3585 usque,
752 3514 840 3569 cui
862 3512 1150 3569 consulere
1178 3511 1456 3572 volumus,
1487 3505 1813 3576 decipiatur.
1860 3503 1928 3558 Et

327 3608 452 3665 ideo
477 3649 492 3675 ,
527 3607 572 3662 si
600 3604 856 3662 nobilitas
887 3614 975 3659 tua
1018 3603 1296 3675 praecepit,
1345 3599 1486 3672 apud
1543 3595 1922 3668 praefecturam

330 3710 486 3772 gesta
514 3697 700 3754 habita
728 3697 1040 3753 recitentur.
1076 3696 1142 3750 Et
1172 3697 1278 3751 alia
1309 3710 1482 3749 manu.
1514 3690 1848 3762 Recognovi.

403 3791 528 3847 129.
567 3789 860 3844 Petilianua
894 3787 1162 3859 episcOpus
1189 3786 1342 3839 dixit.
1375 3783 1579 3840 Ordine
1603 3797 1702 3836 suo
1733 3791 1924 3835 cuncta

326 3883 594 3955 legantur.
617 3879 886 3950 Legantur
905 3879 1078 3948 primo
1099 3893 1218 3949 quae
1247 3877 1500 3947 petimus.
1535 3872 1600 3926 Et
1617 3873 1724 3927 alia
1744 3889 1921 3926 manu.

329 3975 627 4034 Petilianus
680 3973 965 4044 episcopus
1012 3971 1132 4027 sine
1179 3967 1492 4041 prtejudicio
1544 3965 1925 4037 appellationis

328 4075 534 4126 nostrae
563 4063 876 4136 recognovi.
909 4061 1172 4118 Emerita:
1201 4061 1471 4133 episcopus
1507 4057 1658 4113 dixit.
1704 4056 1814 4112 Hoc
1841 4065 1925 4112 est

329 4161 472 4233 quod
505 4146 818 4215 volebamus
845 4157 897 4212 in
920 4156 1124 4228 judicio
1143 4155 1317 4226 prodi,
1343 4166 1522 4208 utrum
1548 4144 1924 4223 imperialibus

328 4256 546 4311 auribus
578 4250 879 4308 intimarint
915 4265 1015 4306 nos
1042 4251 1094 4304 in
1117 4249 1321 4320 judicio
1344 4245 1679 4318 praefectum
1701 4244 1787 4300 vel
1827 4259 1925 4298 vo-

329 4347 591 4403 luntarios
614 4343 914 4410 adstitisse,
942 4342 1026 4398 vel
1050 4342 1312 4412 quaesisse
1331 4337 1667 4394 conﬂictum.
1695 4337 1752 4393 Si
1778 4333 1922 4390 enim

329 4438 434 4495 ista
477 4439 733 4502 leiSSl‘S,
766 4449 979 4506 possem
1013 4442 1061 4488 te
1088 4432 1422 4503 digestorum
1474 4428 1580 4484 ﬁde
1623 4428 1676 4483 in
1717 4425 1924 4498 judicio

2033 3208 2139 3262 alia
2160 3223 2243 3278 pat
2260 3217 2311 3262 te
2328 3218 2476 3278 gesta
2503 3214 2811 3268 necessaria
2835 3215 3254 3284 probationibus
3269 3224 3634 3292 publicentur.

2034 3298 2189 3355 Unde
2232 3299 2336 3354 hoc
2364 3299 2484 3357 ﬁeri
2509 3304 2744 3372 patiatur
2767 3306 3028 3362 sanctitas
3071 3317 3185 3366 tua.
3223 3313 3358 3368 Tum
3387 3316 3630 3384 demum,

2034 3405 2215 3449 utrum
2243 3393 2310 3449 de
2339 3403 2491 3464 parte
2539 3398 2740 3468 negotii
2793 3403 3138 3469 pronuntiari
3193 3405 3421 3477 debeat,
3450 3411 3635 3466 existi-

2032 3486 2214 3541 mabo.

2107 3579 2230 3636 158.
2292 3579 2580 3636 Petilianus
2620 3584 2889 3654 episcopus
2930 3585 3083 3641 dixit.
3134 3589 3297 3647 Aliud
3354 3595 3628 3663 ostendit,

2031 3687 2156 3728 cum
2189 3673 2334 3728 aliud
2364 3675 2654 3744 postulem.
2684 3674 3034 3733 Conscientia
3070 3681 3185 3750 ipsa
3214 3684 3429 3753 publica
3461 3695 3630 3752 tenet,

2032 3779 2133 3819 nec
2187 3765 2377 3820 tacebo
2426 3765 2653 3820 ulterius
2681 3807 2696 3833 ,
2738 3781 2838 3822 nec
2885 3767 3159 3835 diﬂ'erant,
3186 3773 3268 3828 vir
3307 3775 3503 3832 nobilis
3530 3820 3543 3842 ,
3580 3788 3630 3834 te

2032 3855 2208 3925 ipsum
2250 3855 2446 3926 populo
2487 3855 2653 3914 fuisse
2679 3857 2873 3914 edictis
2900 3859 3271 3932 frequentibus
3308 3867 3628 3938 pollicitum,

2031 3950 2291 4024 quidquid
2328 3948 2614 4006 auditurus
2641 3964 2813 4018 esses,
2867 3952 3008 4009 inter
3029 3955 3399 4028 disceptantes
3425 3965 3632 4021 scilicet

2033 4055 2237 4117 partes,
2256 4054 2306 4101 te
2329 4059 2546 4101 rursum
2566 4044 2760 4101 edictis
2784 4046 3243 4118 subsequentibus
3265 4054 3627 4122 prolaturum.

2031 4137 2113 4192 Tu
2143 4136 2247 4191 hoc
2273 4135 2500 4202 videris,
2532 4144 2636 4189 tute
2666 4136 3086 4193 existimationis
3112 4150 3196 4195 est
3229 4157 3413 4206 causa,
3449 4155 3626 4202 utrum

2031 4238 2141 4283 tam
2195 4227 2359 4282 facile
2409 4241 2498 4280 me
2528 4241 2723 4296 cogere
2753 4226 2953 4281 debeas
2979 4228 3047 4284 de
3073 4244 3251 4286 causa:
3283 4234 3492 4290 meritis
3517 4237 3628 4292 dis-

2031 4332 2262 4395 putare,
2308 4335 2430 4377 cum
2477 4320 2532 4376 id
2576 4320 2709 4376 mihi
2759 4320 3102 4378 adversarius
3150 4340 3304 4383 meus
3349 4333 3628 4400 negaverit

2030 4416 2172 4488 quod
2214 4431 2314 4487 ego
2349 4429 2680 4486 magnOpere
2719 4414 2934 4484 postulo
2962 4430 3083 4472 esse
3114 4419 3476 4488 prodendum.
3505 4425 3625 4494 Ipse

329 4532 629 4586 confutare.
669 4529 726 4586 Si
757 4538 937 4585 autem
963 4542 1070 4583 non
1091 4525 1344 4587 dixisses,
1381 4521 1691 4594 intelligatis
1713 4521 1802 4592 qui
1827 4535 1920 4576 co-

2035 4509 2250 4574 videris,
2281 4509 2399 4577 ipse
2428 4507 2532 4562 hoc
2554 4506 2830 4577 quomodo
2860 4507 3095 4563 volueris
3116 4511 3376 4568 aestimes.
3408 4515 3523 4586 Ego
3551 4528 3619 4571 ta-

330 4622 506 4694 gnitor
533 4622 691 4676 datus
719 4629 803 4675 cst
827 4620 893 4676 de
919 4619 1174 4674 omnibus
1219 4633 1279 4672 se
1306 4615 1669 4685 imperatoria:
1716 4614 1923 4670 notioni

330 4717 532 4772 referre
560 4724 836 4785 Oportere.
861 4713 1026 4784 Igitur
1046 4711 1304 4783 quoniam
1335 4707 1741 4764 evidentissime
1777 4721 1925 4762 com-

333 4811 624 4881 probamus
656 4811 789 4864 istos
826 4809 1024 4864 docere
1074 4808 1298 4862 minime
1317 4806 1572 4870 valuisse,
1603 4803 1688 4860 vel
1715 4817 1780 4859 ea
1808 4817 1927 4873 quae

332 4901 677 4973 imperatoris
715 4901 936 4975 auribus
968 4901 1251 4955 intimasse
1287 4913 1346 4952 se
1393 4895 1599 4962 dicunt,
1632 4894 1714 4950 vel
1745 4902 1925 4947 utrum

333 4995 512 5062 ierint,
534 4994 616 5050 vel
635 4994 852 5063 quando
875 4994 1053 5060 ierint,
1073 4991 1157 5048 vel
1185 5005 1306 5044 cum
1337 5004 1443 5058 quo
1464 4988 1716 5042 mandato
1739 4984 1920 5051 ierint,

332 5086 436 5144 hoc
467 5089 640 5159 ipsum
674 5094 912 5154 potestas
940 5097 1027 5140 tua
1042 5085 1292 5157 judicare
1313 5083 1601 5152 dignetur;
1626 5077 1789 5151 30h.
1805 5088 1862 5133 ut
1880 5078 1926 5132 si

333 5195 524 5256 putant
544 5195 830 5253 personam
862 5189 1101 5234 nostram
1133 5189 1402 5248 tamquam
1427 5175 1716 5246 petitorum
1751 5174 1819 5228 de
1839 5187 1929 5226 ac-

336 5285 514 5331 torum
542 5271 886 5329 confectione
906 5286 1024 5341 qua:
1049 5271 1188 5342 apud
1209 5267 1605 5325 illustrissimas
1628 5273 1926 5336 potestates

331 5379 460 5426 sunt
508 5365 714 5432 habita,
747 5365 799 5420 in
829 5364 1032 5434 judicio
1054 5364 1446 5434 comprobare,
1475 5376 1597 5416 cum
1629 5375 1696 5415 ex
1726 5359 1926 5412 recita-

333 5463 484 5517 tione
510 5467 783 5528 gestorum
805 5455 965 5512 fuerit
989 5457 1370 5528 approbatum,
1395 5453 1642 5524 judicare
1667 5447 1926 5520 digneris.

336 5551 405 5607 Et
426 5551 531 5606 alia
560 5567 732 5604 manu.
759 5550 1035 5624 Emeritus
1053 5549 1369 5620 epiSCOpus,
1393 5545 1544 5601 salva
1567 5541 1930 5616 appellatione

339 5655 552 5712 nostra,
577 5644 889 5714 recognovi.

412 5736 535 5795 150.
579 5732 916 5790 Marcellinus
953 5731 1028 5786 vir
1078 5729 1392 5785 clarissimus
1439 5727 1670 5784 tribunus
1694 5733 1742 5782 et
1789 5732 1935 5781 nota-

745 5830 1015 5891 ΡΛτιιοι..
1067 5823 1178 5885 Xl.

2028 4619 2154 4658 men
2189 4614 2335 4659 tuam
2363 4601 2617 4656 desidero
2657 4600 2939 4671 providere
2964 4605 3330 4671 prmstantiam
3361 4609 3489 4678 quid
3524 4611 3626 4668 hoc

2029 4694 2151 4748 loco
2178 4693 2400 4749 sentias.
2437 4691 2566 4746 Mihi
2598 4691 2700 4746 hoc
2726 4691 2967 4762 expedit,
3013 4693 3141 4748 nolo
3167 4710 3198 4749 a
3236 4698 3434 4766 populo
3456 4701 3624 4757 denu-

2029 4786 2152 4851 tari,
2187 4783 2332 4854 quod
2357 4784 2795 4854 practermiscrim
2827 4783 2904 4848 id,
2929 4793 2980 4837 et
3002 4785 3250 4841 eumdem
3280 4788 3458 4846 locum
3489 4810 3630 4862 prae-

2033 4875 2383 4943 termiserim,
2417 4875 2502 4931 ubi
2534 4875 2750 4930 occulte
2789 4875 2942 4930 video
2975 4877 3080 4946 tegi
3118 4879 3458 4938 mendacium
3483 4890 3625 4955 quod

2032 4967 2232 5025 debeat
2260 4967 2543 5039 publicari.
2571 4966 2806 5022 Proinde
2835 4977 2913 5035 tu,
2939 4968 3022 5022 vir
3044 4970 3367 5044 nobilis,qui
3391 4979 3620 5036 medium

2032 5069 2191 5118 tenes
2222 5061 2326 5116 hoc
2356 5061 2475 5116 loco
2501 5075 2812 5128 personam,
2835 5075 3051 5117 assume
3076 5062 3224 5119 illam
3251 5083 3440 5137 puram
3465 5075 3623 5130 inno-

2035 5166 2356 5226 centemque
2411 5153 2814 5220 constantiam,
2861 5169 2961 5210 nec
3011 5153 3225 5212 dubites
3280 5167 3630 5230 pronuntiare

2037 5249 2183 5322 quod
2229 5250 2374 5304 licet.
2419 5247 2606 5319 Neque
2630 5247 2774 5301 enim
2821 5245 2902 5301 fas
2945 5257 3132 5315 estut,
3167 5266 3288 5307 cum
3315 5256 3631 5315 mihisatis-

2034 5344 2234 5399 factum
2258 5357 2366 5396 non
2390 5341 2571 5405 fuerit,
2595 5354 2697 5409 ego
2715 5354 2877 5410 cogar
2899 5339 2966 5395 ad
2989 5341 3179 5398 intima
3203 5359 3381 5401 causae
3401 5348 3629 5408 descen-

2035 5435 2188 5492 dere.
2234 5433 2390 5489 Unde
2428 5432 2646 5504 quidem
2690 5447 3018 5502 magnopere
3071 5452 3367 5506 praesumo;
3423 5443 3518 5497 sed
3567 5462 3630 5500 ea

2037 5547 2158 5603 qua:
2183 5535 2380 5599 expeto
2406 5543 2514 5582 non
2539 5526 2715 5581 debeo
2753 5527 3050 5596 praeterire.
3085 5527 3156 5583 Et
3182 5531 3286 5584 alia
3315 5549 3493 5586 manu.
3530 5536 3630 5592 Pe-

2040 5623 2260 5678 mianus
2292 5619 2594 5690 Episcopus
2619 5617 2769 5674 salvo
2798 5620 2993 5676 merito
3021 5621 3397 5690 appellationis
3429 5639 3632 5686 nostra:

2043 5713 2354 5788 recognovi.

3152 5802 3230 5866 [th
