4130 6170
496 257 634 317 i381
1424 235 1651 297 casm
1691 226 2149 293 COLLATIONIS
2183 217 2807 289 CARTliAGlNENSlS.
3652 213 3804 276 rasa

572 375 699 432 159.
733 367 1072 426 Marcellinus
1094 363 1168 418 vir
1191 358 1514 416 clarissimus
1533 356 1767 412 tribunus
1790 363 1836 409 et
1861 352 2091 407 Notarius
2117 351 2174 414 Α
2195 353 2546 410 descendam.
2569 349 2638 404 Et
2665 349 2772 404 alia
2800 361 2973 402 manu.
2990 336 3642 413 Petilianuslepiscows]
3664 351 3800 407 pro—

501 431 650 525 dixit.
684 465 756 522 Ut
795 457 1104 532 diligentius
1129 452 1334 510 adverti
1366 451 1538 523 possit
1563 447 1693 520 quid
1715 446 1912 503 debeat
1951 443 2096 516 judi-
2195 447 2534 505 secutionem
2578 459 2754 500 meam
2783 439 3143 514 appellatione
3191 433 3454 493 incolumi
3480 431 3804 501 recognovi.

501 563 634 627 cari,
669 554 946 630 patiamini
972 559 1122 623 gesta
1153 547 1392 605 recitari.

2218 543 2538 599 Marcellinus
2567 541 2644 596 vir
2669 537 2990 594 clarissimus
3015 533 3247 590 tribunus
3289 539 3341 586 so
3378 527 3614 584 notarius
3641 526 3806 584 dixit.

755 622 1042 702 Petilianus
1089 644 1362 714 episcopus
1390 637 1539 693 dixit.
1584 635 1702 691 Non
1739 635 1784 688 is
1828 641 1913 689 est
1960 630 2098 688 ordo
2195 636 2316 692 Non
2343 648 2568 706 possum
2593 631 2660 687 de
2687 644 2755 687 eo
2775 629 3022 700 judicare
3048 625 3189 698 quod
3225 622 3572 680 necdum“;
3599 632 3806 688 appro.

499 755 802 820 gestorum,
834 749 892 796 ut
924 740 1038 793 haec
1069 736 1322 808 primitus
1343 731 1666 788 recitentur.
1688 727 1761 781 Et
1783 727 1890 782 alia
1918 741 2094 779 manu.
2198 731 2405 786 barum.
2434 726 2726 782 Petilianus
2753 723 3026 794 episcopus
3043 719 3196 776 dixit.
3218 717 3419 776 Utrum
3443 721 3602 772 recte
3625 720 3812 783 petam

505 811 805 895 i’etilianus
838 833 1129 903 episcopus
1158 827 1306 884 salva
1342 832 1528 880 nostra
1553 820 1916 892 appellatione
1945 831 2099 872 reco—
2199 827 2360 901 pmdi
2387 833 2644 897 οροτιειοθ
2681 821 2736 878 id
2770 819 2914 894 quod
2940 818 3191 875 chncuto
3220 811 3545 888 ίωρεηωρί
3582 823 3812 880 sumes-

503 931 688 1004 gnovi.
715 900 1050 984 Marcellinus
1076 925 1153 976 vir
1182 920 1500 977 clarissimus
1527 917 1758 971 tribunus
1787 924 1837 969 et
1869 912 2100 968 notarius

2218 921 2377 978 terint
2395 962 2410 987 ,
2439 918 2546 974 hoc
2572 915 2886 989 pronuntia.
2918 912 2987 968 Et
3024 912 3331 990 alia'manu.
3369 903 3676 962 Petilliam
3694 900 3820 970 epi-

505 985 656 1081 3555:.
687 1021 830 1078 Nihil
860 1019 1024 1076 debet
1050 1017 1292 1088 partibus
1334 1011 1611 1082 denegari.
1646 1008 1939 1063 Adeodatus
1986 1005 2100 1075 epi-

2218 985 2404 1084 scopus
2453 985 2595 1066 hante
2638 1005 3070 1080 prosecutionem
3102 985 3274 1059 meam
3303 996 3678 1069 appellatione
3724 994 3821 1048 in-

507 1133 691 1192 scapus
718 1116 871 1198 dixit.
905 1112 963 1168 Si
991 1086 1125 1166 nillil
1158 1109 1398 1180 partibus
1445 1103 1820 1174 denegandum
1853 1109 1960 1167 est,
1984 1107 2104 1154 tan—
2204 1105 2404 1162 columi
2433 1101 2744 1173 recognovi,
2772 1097 3108 1153 Marcellinus
3126 1094 3207 1149 uir
3229 1090 3555 1148 clarissimus
3576 1086 3823 1142 tribum

504 1190 630 1267 dem
689 1195 846 1263 nobis
897 1200 1304 1261 concedendum
1375 1206 1456 1254 est
1503 1196 1650 1268 quod
1716 1190 2100 1265 ﬂagitavimus.

507 1299 810 1358 Ostendant
835 1297 1183 1369 legationem.
1210 1291 1396 1364 Neque
1422 1289 1568 1346 enim
1598 1286 1756 1342 nudis
1783 1285 1963 1340 verbis
1987 1283 2106 1336 hmc

511 1394 682 1466 potuit
705 1390 916 1464 concipi
941 1387 1160 1460 legatio.
1185 1385 1398 1455 Scripta
1429 1393 1587 1448 sunt;
1618 1379 2096 1442 demonstrentur,

510 1486 808 1558 prodantur
833 1483 887 1538 in
914 1481 1207 1553 publicum.
1242 1476 1534 1532 Videamus
1565 1485 1746 1529 utrum
1777 1471 1897 1557 lucc
1918 1478 2107 1526 contra

509 1598 611 1639 nos
636 1596 766 1637 vera
789 1594 855 1634 an
879 1578 1014 1633 falsa
1040 1578 1148 1633 sint
1176 1575 1321 1630 ﬁcta.
1367 1571 1435 1627 Et
1462 1571 1568 1626 alia
1594 1585 1770 1624 manu.
1799 1548 2110 1623 Adeodatus

510 1677 799 1746 episcopus
840 1687 1013 1729 meam
1057 1668 1500 1740 prosecutionem
1551 1664 1700 1739 salva
1745 1660 2109 1732 appellatione

2206 1209 2254 1255 et
2279 1197 2512 1253 notarius
2529 1195 2681 1250 dixit.
2701 1191 2969 1248 Clanculo
2993 1184 3307 1260 imperatori
3329 1181 3470 1239 nihil
3497 1186 3824 1252 suggestum

2209 1309 2352 1360 esse,
2385 1291 2454 1348 ad
2501 1292 2789 1346 universos
2811 1285 3027 1358 iudices
3055 1284 3198 1339 data:
3223 1277 3529 1336 sanctioais
3553 1271 3784 1360 Uerum}
3801 1313 3824 1340 ,

2209 1395 2265 1442 et
2291 1385 2363 1440 ad
2386 1399 2562 1440 meam
2589 1394 2807 1460 quoque
2833 1375 3267 1435 mediocritatem
3292 1370 3470 1442 ipsius
3494 1359 3827 1424 recitatioe

2210 1481 2576 1534 monstratum
2623 1482 2730 1530 est.
2783 1470 2941 1528 Unde
2987 1483 3111 1524 cum
3161 1481 3231 1522 ex
3257 1461 3496 1520 lectione
3534 1467 3823 1531 gestorum

2211 1584 2519 1643 cognovero
2567 1566 2699 1640 quid
2727 1565 2956 1622 debeam
2999 1561 3270 1634 judicare,
3303 1558 3427 1615 sine
3455 1554 3632 1613 dubio
3667 1551 3825 1623 judi-

2213 1663 2371 1721 cabo.

512 1741 826 1838 recognovi.
859 1761 1200 1819 Marcellinus
1227 1761 1303 1815 vir
1337 1757 1653 1814 clarissimus
1680 1753 1912 1808 tribunus
1939 1760 1988 1806 et
2014 1765 2112 1804 no-
2140 1741 2189 1807 Β
2289 1756 2414 1813 ui,
2459 1752 2722 1810 Martiali;
2750 1758 2989 1824 επεριοι-
3013 1746 3263 1804 recitavit,
3307 1741 3640 1813 Exemplum
3671 1745 3830 1794 acto.

512 1861 674 1932 tarius
705 1858 855 1912 dixit.
887 1855 1005 1912 Jam
1035 1853 1377 1926 pronuntiavi
1403 1859 1566 1921 atque
1597 1845 1839 1917 jndicavi
1877 1843 2109 1898 formam

511 1969 599 2010 me
623 1954 886 2009 excedere
926 1937 1032 2005 non
1058 1961 1218 2019 posse
1239 1943 1539 2015 imperialis
1569 1939 1797 1996 oraculi.
1828 1937 1940 1994 Nec
1963 1935 2111 1992 enim

511 2052 565 2107 in
585 2049 788 2119 judicio
819 2061 942 2102 meo
972 2045 1277 2115 legatorum
1322 2047 1536 2094 certum
1563 2045 1647 2091 est
1685 2034 1883 2090 discuti
1911 2030 2114 2088 debere

515 2157 795 2215 personas.
832 2139 986 2196 Unde
1028 2145 1182 2207 gesta
1229 2133 1578 2202 relegantur,
1620 2137 1678 2184 ut
1703 2128 1822 2198 quis
1866 2124 2114 2197 petitoris

512 2240 632 2295 loco
659 2236 907 2299 adsistat,
933 2232 1132 2287 clarius
1152 2228 1580 2284 demonstretur.
1603 2222 1896 2278 Adeodatus
1918 2221 2117 2292 episco-

512 2348 609 2402 pus
633 2329 782 2384 dixit.
812 2326 927 2382 Hoc
956 2308 1250 2394 imperator
1274 2334 1380 2374 non
1412 2317 1687 2389 praecepit,
1709 2326 1764 2370 ut
1787 2325 1937 2387 gesta
1990 2313 2116 2368 illu-

509 2425 702 2482 strium
731 2426 1060 2493 potestatum
1092 2416 1144 2470 in
1170 2413 1375 2484 judicio
1389 2409 1718 2482 prodantur;
1741 2417 1796 2464 et
1826 2416 2004 2463 tamen
2020 2406 2116 2462 da-

515 2527 601 2573 tur
657 2515 900 2570 adversae
949 2509 1087 2582 parti
1141 2505 1359 2562 licentia
1389 2501 1677 2574 prodendi.
1720 2499 1964 2556 Produnt
2009 2497 2117 2569 ipsi

512 2625 634 2682 qua:
674 2607 898 2670 volunt,
927 2601 1084 2658 nobis
1116 2614 1224 2654 non
1257 2597 1454 2652 sinitur
1481 2595 1731 2665 accipere
1764 2593 1908 2664 quod
1938 2591 2116 2663 posci-

514 2718 658 2760 mus.
692 2698 761 2753 Et
785 2698 892 2752 alia
917 2711 1094 2750 manu.
1132 2689 1443 2747 Adeodatus
1464 2689 1755 2759 episc0pus
1777 2686 2116 2757 prosecutio-

517 2811 640 2852 nem
671 2806 848 2848 meam
879 2787 1026 2843 salva
1055 2783 1420 2856 appellatione
1442 2779 1754 2851 recognovi.
1775 2777 2116 2845 Marcellinus

514 2891 589 2944 vir
616 2885 937 2942 clarissimus
968 2879 1202 2934 tribunus
1227 2885 1275 2931 et
1302 2875 1537 2930 notarius
1569 2873 1720 2927 dixit.
1751 2872 1818 2927 Et
1852 2871 2115 2928 sanctitas

515 2991 606 3036 tua
621 2987 974 3047 quaecumque
990 2977 1142 3042 gesta
1166 2967 1445 3032 obtulerit,
1467 2965 1550 3020 vel
1571 2964 1897 3035 prolatnram
1919 2978 1977 3019 se
1994 2977 2116 3018 esse

515 3069 800 3144 promittit,
832 3078 1056 3120 necesse
1085 3070 1169 3117 est
1205 3069 1262 3114 ut
1289 3056 1476 3113 eadem
1511 3057 1842 3127 relegantur.
1876 3055 2117 3109 Adeoda-

513 3176 593 3220 tus
632 3162 903 3234 episcOpus
933 3156 1091 3212 dixit.
1159 3153 1527 3222 Quaecumque
1575 3165 1755 3206 causas
1804 3148 2119 3205 necessaria

515 3266 662 3324 sunt,
700 3253 886 3325 negari
920 3265 1025 3306 non
1065 3248 1284 3304 debent.
1317 3244 1386 3299 Et
1428 3243 1535 3298 alia
1581 3260 1758 3298 manu.
1803 3241 2119 3302 Adeodatus

513 3350 800 3419 episcopus
845 3341 1287 3415 prosecutionem
1335 3351 1510 3392 meam
1556 3335 1706 3391 salva
1750 3334 2118 3406 appellatione

515 3437 825 3510 recognovi.
864 3434 1201 3489 Marcellinus
1241 3433 1317 3484 vir
1343 3430 1666 3485 clarissimus
1695 3430 1928 3483 tribunus
1952 3437 2001 3482 et
2025 3444 2118 3482 no-

516 3533 679 3586 tarius
709 3530 858 3582 dixit.
894 3528 1092 3581 Patere
1138 3525 1301 3594 igitur
1346 3530 1406 3576 ut
1451 3523 1554 3577 hoc
1584 3521 1728 3590 quod
1766 3536 1948 3576 causae
1990 3537 2117 3592 pro-

516 3625 648 3695 pria:
706 3619 1076 3678 necessarium
1134 3615 1268 3671 dicit
1319 3629 1446 3686 pars
1475 3629 1508 3669 e
1535 3613 1754 3670 diverso
1787 3613 2018 3681 sistens,
2046 3615 2116 3672 ab

516 3717 697 3773 ofﬁcio
734 3715 1015 3770 recitetur.
1057 3708 1354 3764 Adcodatus
1387 3707 1660 3786 episcopus
1708 3707 1859 3762 dixit.
1905 3708 2116 3764 Conce-

517 3810 649 3864 dere
676 3823 783 3862 non
820 3821 1040 3876 possunt
1071 3812 1131 3858 ut
1164 3819 1224 3858 ea
1255 3817 1376 3872 quae
1411 3802 1600 3856 volunt
1638 3803 1689 3856 in
1711 3801 1918 3872 judicio
1941 3803 2116 3858 venti-

515 3902 651 3965 lent,
671 3898 773 3953 nisi
793 3913 854 3952 ea
872 3912 992 3966 qum
1013 3896 1081 3950 de
1108 3895 1238 3964 ipsis
1260 3894 1500 3964 ﬂagitavi
1528 3893 1579 3947 in
1602 3883 1808 3963 judicio
1831 3893 2115 3966 depromp-

517 3991 708 4045 scrint.
738 3987 806 4042 Et
843 3988 948 4042 alia
976 4002 1154 4040 manu.
1189 3983 1501 4039 Adeodatus
1527 3987 1815 4055 cpiscopus
1851 4002 2116 4056 prosecu-

516 4085 718 4141 tionem
745 4097 918 4138 meam
943 4081 1089 4135 salva
1114 4077 1480 4150 appellatione
1505 4079 1816 4149 recognovi.
1861 4079 2116 4154 Augusti-

515 4196 610 4233 nus
654 4177 923 4249 episcopus
953 4172 1200 4227 Ecclesia:
1229 4171 1497 4227 catholica:
1537 4172 1689 4228 dixit.
1744 4172 1852 4229 Nos
1897 4175 1999 4230 ista
2043 4175 2115 4232 de

515 4271 748 4328 archivis
789 4267 1116 4336 accepimus.
1153 4264 1210 4321 Si
1239 4263 1368 4336 quid
1409 4273 1493 4320 est
1518 4265 1662 4335 quod
1701 4274 1756 4320 et
1781 4275 1835 4321 tu
1863 4269 2114 4339 accipere

513 4366 764 4439 potuisti,
809 4364 855 4418 si
887 4359 1223 4417 recitandum
1254 4360 1588 4432 p0posceris,
1614 4367 1669 4416 et
1701 4375 1732 4414 a
1762 4361 1916 4416 nobis
1947 4361 2114 4417 fuerit

2217 1864 2335 1905 rum
2385 1847 2696 1903 habitorum
2742 1845 2844 1901 sub
2872 1842 2962 1898 die
2990 1840 3150 1898 tertio
3175 1836 3442 1894 kalendas
3493 1832 3831 1890 Februarias

2217 1942 2516 2006 Ravennae,
2546 1939 2608 1994 D.
2640 1937 2707 1994 N.
2735 1935 2975 1992 Arcadio
3001 1933 3104 1990 PP.
3153 1931 3399 2003 Augusto
3429 1937 3486 1984 et
3533 1926 3720 1982 Probo
3747 1939 3830 1989 sv,

2217 2035 2379 2108 305
2405 2031 2743 2088 consulibus.
2773 2029 2842 2084 Et
2871 2045 2988 2083 cum
3015 2025 3275 2090 recitaret,
3303 2021 3602 2077 Petilianis
3622 2018 3828 2089 episco-

2220 2146 2314 2202 pus
2335 2116 2563 2183 dixit.'Si
2583 2126 2763 2198 jubes,
2795 2133 2986 2180 contra
3011 2122 3114 2177 hoc
3136 2116 3378 2174 advertit
3398 2113 3715 2171 sublimitas
3738 2119 3830 2163 tua

2219 2241 2327 2280 non
2350 2224 2529 2280 adhuc
2557 2219 2895 2278 satisfactum
2926 2215 3281 2290 petitionibus
3307 2211 3515 2269 nostris
3535 2253 3549 2276 ,
3584 2217 3644 2264 ut
3669 2221 3831 2263 erce-

2219 2321 2405 2392 ptione
2436 2334 2627 2376 eorum
2659 2295 2939 2374 constaret
2985 2315 3133 2384 ipsos
3178 2325 3302 2367 esse
3329 2309 3614 2381 petitores,
3640 2306 3836 2373 ipsos-.

2219 2428 2326 2483 que
2357 2411 2641 2468 intendere
2676 2420 2932 2481 oportere
2973 2422 3094 2478 qua:
3122 2401 3429 2476 obiicienda
3457 2413 3580 2456 esse
3599 2406 3833 2469 putave-

2220 2514 2372 2560 runt.
2401 2503 2470 2558 Et
2496 2503 2604 2558 alia
2626 2518 2802 2557 manu.
2845 2499 3149 2555 Peti'lianus
3167 2495 3462 2568 episcopus
3484 2487 3826 2564 prosecutio-

2222 2615 2345 2656 ncm
2439 2613 2618 2654 meam
2712 2593 3079 2666 appellatione
3164 2588 3427 2646 incolumi
3510 2579 3829 2653 recognovi.

2221 2694 2561 2750 Marcellinus
2590 2695 2666 2747 vir
2712 2691 3032 2746 clarissimus
3062 2685 3296 2742 tribunus
3323 2693 3372 2738 et
3403 2679 3642 2736 notarius
3671 2676 3823 2730 dixit.

2220 2788 2339 2846 Jam
2373 2803 2515 2850 nunc
2541 2801 2610 2842 ex
2641 2784 2878 2841 lectione
2916 2790 3197 2852 gestorum
3225 2776 3318 2848 qui
3349 2773 3560 2847 petitor
3600 2768 3832 2824 adsistat

2222 2881 2506 2938 evidenter
2532 2887 2829 2952 aperteque
2856 2871 3270 2931 monstrabitur.
3308 2867 3607 2922 Pctilianus
3629 2863 3830 2934 cpisco-

2223 2991 2321 3045 pus
2340 2973 2492 3028 dixit.
2522 2971 2662 3027 Sunt
2691 2970 2851 3041 longe
2879 2967 3129 3039 primitus
3156 2970 3310 3036 gesta
3329 2959 3608 3023 confecta,
3632 2955 3833 3024 quibus

2223 3067 2535 3141 spectabilis
2555 3066 2659 3122 viri
2689 3061 3055 3136 proconsulis.
3087 3059 3158 3115 Et
3179 3074 3296 3112 cum
3327 3055 3544 3119 diceret,
3573 3051 3595 3123 (
3620 3048 3689 3104 Et
3729 3048 3833 3102 alia

2224 3178 2400 3217 manu.
2435 3159 2731 3215 Pctilianus
2759 3156 3050 3227 episcopus
3072 3149 3387 3224 recognovi.
3416 3145 3698 3201 Possidius
3720 3141 3829 3210 epi-

2223 3271 2409 3325 sc0pus
2457 3251 2708 3307 Ecclesia:
2749 3249 3016 3304 catholica:
3053 3248 3206 3301 dixit.
3246 3241 3674 3299 Prosecutiones
3705 3247 3833 3290 suas

2222 3347 2518 3411 formidat,
2572 3344 2696 3400 ideo
2724 3352 2877 3414 gesta
2904 3341 3122 3399 recitari
3155 3353 3264 3394 non
3292 3333 3589 3406 permittit.
3615 3329 3686 3384 Et
3713 3341 3831 3382 cast

2223 3441 2438 3506 diceret,
2465 3436 2556 3513 (Et
2583 3437 2689 3491 alia
2716 3451 2890 3490 manu.
2926 3429 3284 3503 Recognovi.)
3305 3426 3605 3482 Petilianis
3635 3422 3832 3489 episco-

2222 3551 2319 3607 pus
2349 3534 2499 3588 dixit.
2550 3531 2688 3588 Sunt
2715 3539 2866 3602 gesta
2897 3529 3078 3584 habita
3107 3527 3160 3581 in
3187 3521 3396 3595 judicio
3426 3514 3826 3598 proconsulari,

2224 3625 2407 3680 habita
2454 3623 2616 3680 etiam
2664 3624 2718 3678 in
2745 3621 2957 3692 judicio
2978 3617 3198 3675 vicariae
3227 3613 3604 3686 praefecturis,
3629 3607 3829 3680 quibus

2225 3719 2385 3775 nobis
2416 3717 2649 3789 plurima
2679 3714 2976 3772 intendisse
3025 3719 3419 3769 monstrantur.
3472 3707 3615 3763 Sunt
3659 3703 3828 3758 etiam

2222 3811 2332 3868 alia
2389 3828 2511 3883 quae
2569 3811 2640 3867 de
2715 3808 3150 3865 clementissimo
3218 3804 3592 3874 imperatore,
3651 3797 3829 3853 eidem

2224 3905 2437 3961 scilicet
2481 3904 2808 3959 mentientes
2834 3943 2850 3969 ,
2882 3900 3044 3971 longe
3065 3909 3194 3954 ante
3223 3896 3304 3968 (l)
3336 3893 3650 3966 petiverunt
3681 3883 3832 3962 [per]

2221 3997 2556 4052 adsistentes
2585 4010 2648 4050 ac
2677 3993 3066 4064 supplicantes,
3089 3988 3297 4045 scilicet
3320 3984 3616 4041 Theasium
3643 3991 3700 4036 et
3722 3978 3835 4033 Eu—

2223 4086 2444 4144 vodinm
2467 4084 2572 4160 (“2),
2607 4086 2731 4142 illos
2774 4085 2986 4140 scilicet
3027 4097 3163 4154 quos
3194 4091 3565 4151 praecursores
3591 4085 3648 4130 et
3673 4071 3837 4128 navi-

2221 4190 2442 4252 gatores
2491 4194 2711 4250 semper
2764 4177 3006 4242 habent,
3035 4175 3301 4243 furiisque
3325 4186 3442 4226 suae
3470 4170 3691 4240 legatos,
3725 4162 3830 4234 qui

2222 4281 2484 4346 expetant
2509 4271 2828 4344 sanguinem
2850 4311 2866 4340 ,
2905 4277 3170 4340 eXpetant
3195 4265 3636 4340 proscriptiones,
3659 4261 3859 4314 incuc-

2223 4368 2362 4422 tiant
2387 4377 2586 4433 melus,
2619 4365 2856 4438 pericula
2889 4363 3158 4436 ingerant,
3195 4361 3449 4416 homines
3476 4371 3574 4428 per
3603 4353 3842 4424 provin-

511 4458 929 4560 contradictum,
949 4454 1163 4560 iniquos
1184 4452 1402 4560 deputa,
1429 4461 1481 4506 et
1505 4453 1676 4508 vicem
1703 4453 1889 4510 redde.
1912 4454 1982 4508 Et
2003 4456 2113 4509 alia
2135 4497 2190 4560 Β
2220 4461 2338 4515 cias
2385 4459 2632 4515 diversas
2676 4458 2944 4514 occidant.
2993 4457 3119 4511 Haec
3152 4454 3337 4510 omnia
3371 4451 3536 4523 igitur
3557 4445 3844 4519 principio

514 4546 1038 4616 manu.Recognovi.
1066 4543 1402 4599 Marcellinus
1430 4546 1506 4598 vir
1533 4545 1852 4600 clarissimus
1871 4545 2111 4601 tribunus

511 4653 559 4700 et
586 4642 816 4698 notarius
844 4639 998 4694 dixit.
1031 4636 1405 4707 Suspicionem
1430 4636 1648 4706 judiciis
1677 4635 1834 4705 lacis,
1868 4639 2010 4710 quod
2039 4653 2106 4696 ea

509 4751 618 4797 non
646 4731 872 4806 pateris,
905 4745 1025 4785 cum
1054 4739 1108 4784 et
1135 4729 1230 4783 tibi
1264 4727 1346 4783 fas
1375 4729 1446 4783 sit
1477 4729 1726 4784 universa
1758 4745 1877 4800 quae
1920 4732 2106 4801 inges-

513 4829 648 4883 seris
689 4825 986 4897 publicare.
1056 4820 1212 4876 Unde
1265 4819 1480 4874 tandem
1530 4820 1843 4896 aliquando
1881 4837 1942 4878 ea
1982 4839 2108 4894 qum

511 4919 690 4974 oblata
745 4921 874 4971 sunt
919 4911 1236 4967 recilcntur.
1300 4910 1591 4965 Petilianus
1639 4914 1907 4983 episcopus
1951 4915 2106 4974 dixit.

509 5009 761 5068 Noluisse
789 5007 1139 5078 pronuntiare
1164 5013 1489 5076 potestatem
1512 5014 1657 5060 tuam
1677 5007 1819 5078 quod
1848 5009 2108 5080 petimus,

506 5115 625 5161 acta
653 5102 989 5158 contineant.
1025 5099 1268 5155 Ulterius
1319 5113 1425 5153 non
1481 5113 1766 5170 possumus
1796 5103 1996 5174 aliquid
2024 5104 2108 5159 di-

509 5213 654 5264 cere,
688 5193 921 5249 maxime
961 5206 1090 5247 cum
1138 5191 1348 5246 videam
1379 5194 1703 5260 poteStatem
1748 5196 1903 5249 tuam
1954 5194 2106 5251 aliud

503 5290 646 5346 velle
668 5329 684 5356 ,
726 5301 847 5342 cum
877 5299 976 5354 ego
1020 5284 1162 5338 aliud
1194 5283 1454 5357 ﬂagitem.
1501 5284 1798 5342 Pronuntia
1829 5287 2108 5359 superﬂue

405 5394 408 5396 ‘
507 5396 594 5437 me
636 5378 910 5450 postulare
950 5376 1089 5447 quod
1124 5386 1278 5446 peto,
1311 5377 1380 5430 sit
1408 5375 1550 5443 quod
1581 5386 1827 5446 teneam,
1857 5381 1927 5435 sit
1955 5379 2102 5452 quod

463 5542 466 5546 ,
505 5473 734 5548 populus
765 5473 996 5528 noverit.
1037 5469 1172 5524 Tum
1215 5471 1432 5526 demum
1473 5471 1540 5526 ad
1581 5472 1891 5527 necessaria
1919 5489 2102 5532 causa:

572 5612 654 5682 (l)
686 5608 864 5689 Longe
899 5614 1036 5689 ante.
1088 5605 1250 5689 Anno
1270 5601 1399 5689 49;,
1439 5620 1560 5689 cum
1608 5606 1661 5662 in
1682 5606 1912 5689 concilio
1955 5607 2098 5689 Car—

499 5673 818 5748 thaginensi
835 5677 1169 5748 decreta_est
1191 5673 1686 5748 legatidadversus
1715 5678 2050 5746 Donatistas.

571 5743 651 5823 (Ξ)
674 5749 954 5805 Theasium
975 5757 1021 5803 et
1048 5743 1360 5801 Euvodium.
1387 5745 1598 5814 Quibus
1619 5750 1673 5805 in
1694 5749 1839 5809 dicto
1859 5743 2099 5810 cOncilio

2219 4554 2459 4625 praecipe
2486 4552 2725 4608 recitari.
2745 4552 2880 4613 Tum
2911 4553 3127 4606 demum
3148 4563 3245 4604 eos
3271 4545 3518 4601 invenies
3538 4540 3840 4612 petitores.

2223 4645 2297 4700 Et
2340 4648 2448 4702 alia
2486 4663 2662 4701 manu.
2696 4644 2996 4700 Petilianus
3045 4643 3336 4715 episcopus
3383 4637 3846 4709 prosecutionem

2226 4754 2403 4796 meam
2435 4738 2582 4794 Salva
2609 4738 2976 4808 appellatione
3007 4733 3324 4812 recognovi.

2299 4833 2421 4888 142.
2446 4833 2731 4888 Possidius
2759 4831 3032 4903 episcOpus
3071 4827 3319 4884 Ecclesia:
3349 4824 3623 4880 catholica:
3664 4821 3840 4875 dixit.

2218 4923 2344 4992 Qua
2385 4924 2723 4995 impatientia
2751 4933 2806 4980 et
2855 4924 3085 4979 tumultu
3130 4927 3297 4992 agant
3322 4919 3397 4975 sit
3438 4926 3698 4974 testatum
3750 4914 3845 4970 his

2213 5021 2392 5088 gestis
2413 5060 2426 5084 ,
2459 5019 2878 5078 interlocutione
2899 5016 3200 5078 nobilitatis
3229 5022 3355 5069 tuas.
3396 5011 3633 5068 Causam
3674 5009 3845 5064 enim

2215 5113 2356 5168 satis
2386 5112 2610 5178 timent,
2641 5113 2708 5168 ad
2754 5111 2909 5183 cujus
2936 5113 3188 5167 meritum
3231 5107 3460 5162 omnino
3483 5102 3843 5160 descendere

2216 5206 2435 5287 nolunt.
2467 5205 2586 5262 Non
2628 5207 2738 5262 sint
2761 5221 2932 5263 vacua
2980 5204 3159 5262 omnia
3187 5216 3310 5274 quae
3353 5216 3384 5255 a
3434 5197 3684 5283 partibus
3735 5211 3859 5250 uo-

2217 5283 2353 5366 stris
2378 5302 2428 5355 in
2456 5295 2936 5372 prosecutionibus
2973 5284 3120 5356 tanta
3149 5299 3290 5354 dicta
3314 5275 3445 5351 sunt
3471 5293 3540 5351 de
3567 5289 3849 5350 Ecclesia:

2222 5392 2324 5447 Dei
2353 5393 2799 5462 promissionibus
2822 5401 2879 5448 et
2905 5374 3356 5457 exbibitionibus.
3387 5384 3531 5455 Quid
3557 5375 3850 5452 tergiver—

2220 5491 2435 5547 santur,
2491 5482 2617 5554 quid
2660 5483 2844 5539 nescio
2894 5465 3017 5554 qua:
3066 5479 3299 5536 forensia
3353 5472 3663 5532 rimantur?
3708 5471 3848 5528 hin

2209 5619 2692 5688 commonitorium
2722 5618 2910 5674 datum
2935 5627 3016 5675 est
3036 5658 3051 5688 ,
3078 5616 3224 5688 quod
3252 5621 3430 5672 exstat
3456 5611 3515 5668 in
3533 5613 3666 5672 cod.
3690 5612 3844 5676 Cass.

2214 5687 2372 5754 Eccl.
2403 5689 2674 5756 Africaine
2703 5704 2754 5747 c.
2786 5690 2877 5758 95.
