4130 6170
373 243 517 305 .539
1325 240 1555 309 cassa
1584 228 2044 299 GULLATIONIS
2078 229 2721 311 CARTHAGINENSIS.
3565 253 3707 319 ista

369 352 625 423 dignetur
653 352 914 413 nobilitas
954 361 1045 410 tua
1072 352 1430 425 pronuntiare
1467 351 1662 411 faciem
1687 346 1961 409 defensiu-
1990 349 2043 413 Α
2127 346 2276 440 7155.
2330 347 2636 409 Petilianus
2708 352 2986 431 episcOpus
3034 359 3188 419 dixit.
3239 362 3325 425 Me
3377 366 3435 425 id
3493 373 3699 440 puisse

370 445 458 502 nis
482 461 692 503 eorum.
732 448 797 502 Et
828 450 934 503 alia
964 465 1141 507 manu.
1170 447 1499 523 Recognovi.
1916 439 1924 448 ’
2072 439 2256 498 adhuc
2289 444 2536 501 recalent
2564 453 2751 515 8081³,
2784 456 2846 507 ιιι
2868 465 2933 511 ea
2964 469 3088 527 qua:
3121 458 3440 532 imperatori
3492 439 3713 529 mentiti

446 541 572 597 145.
617 541 911 603 Petilianus
936 546 1209 616 episcopus
1233 542 1387 610 dixit,
1416 540 1624 609 Ordine
1645 554 1746 599 suo
1769 556 1800 596 a
1820 539 1969 613 prin-
2073 543 2205 593 sunt
2242 534 2570 604 proferant,
2597 538 2784 609 legant
2813 559 2935 617 quae
2962 548 3283 620 objecerunt
3302 597 3318 625 ,
3357 550 3552 617 contra
3593 560 3709 619 hinc

371 632 516 705 cipio
542 645 738 695 cuncta
761 637 1082 695 recitentur.
1114 635 1250 693 Tum
1291 635 1513 703 demunt
1542 634 1788 695 invenies
1825 633 1969 702 peti—
2077 625 2406 728 huiusmodi
2458 629 2729 728 nebulas,
2782 645 2845 694 ut
2884 640 3090 698 vellent
3132 656 3252 704 acta
3299 650 3548 723 relegere
3590 670 3715 728 quae
3788 674 3797 680 ·

373 738 572 827 torem.
607 729 672 789 Et
698 731 806 787 alia
831 747 1010 827 manu.
1044 729 1340 827 l’etilianus
1380 730 1673 827 episcopus
1715 740 1978 827 prosecth
2076 727 2208 827 ξιιηι
2268 720 2465 785 habita
2618 726 2828 799 iudicio
2876 735 3246 811 prtrfecturae,
3295 744 3380 803 his
3420 720 3553 820 quae
3603 720 3710 827 ego

372 821 578 916 tionem
606 838 781 885 meam
809 824 1177 897 appellatione
1200 822 1460 916 incolumi
1484 821 1795 894 recognovi.
1840 912 1849 916 _
2078 812 2250 881 longe
2302 814 2938 916 ρὴωιιι-ιῖχεηιίίιυὶοτθι
2991 828 3204 902 Igitur,
3258 837 3340 894 vir
3391 812 3720 916 ndbilisfSi

458 915 584 976 141.
609 916 929 990 Augustinus
948 916 1224 987 episcopus
1245 914 1496 972 Ecclesia:
1518 914 1791 973 catholica:
1815 912 1974 968 dixit.
2083 914 2250 1001 telth
2274 922 2340 967 se
2365 908 2439 965 ita
2484 908 2659 971 habet
2681 930 2859 979 causa
2896 922 3039 983 sicut
3061 929 3129 985 ιιι)
3155 930 3311 995 tumo
3350 936 3569 1001 “dum.
3599 908 3727 1001 tisse

374 1014 434 1073 Si
466 1028 495 1068 a
526 1010 795 1106 principio
826 1009 1081 1106 [cuncta-
1095 1006 1376 1106 recitanda
1404 1006 1569 1106 suntj
1600 1022 1664 1062 ex
1697 1021 1804 1079 quo
2089 998 2411 1106 formatus,
2432 1014 2540 1059 aut
2564 1004 2831 1075 jacturam
2876 1016 3245 1083 chartularum
3288 1028 3520 1093 istarum
3550 998 3729 1106 publi;

375 1121 495 1167 sam
527 1104 593 1171 ad
620 1105 1012 1175 imperatorem
1042 1100 1461 1193 Constantinum
1491 1100 1760 1163 miserunt
1792 1098 1982 1193 crimi-
2086 1109 2277 1193 carum
2298 1094 2549 1193 faciant,
2574 1113 2629 1158 et
2648 1104 2715 1161 ad
2738 1107 2962 1179 legalem
2987 1112 3440 1188 disceptationem
3465 1094 3724 1193 veniant;

379 1212 508 1254 “"m
539 1194 819 1288 (3‘93"in
861 1194 997 1267 lube
1040 1193 1283 1288 reeilali-
1334 1192 1553 1288 [Qualia
1580 1208 1760 1288 ξηαηωο
1802 1192 1984 1288 Bosa-
2088 1195 2184 1288 ξω
2210 1188 2259 1245 Si
2302 1184 2399 1245 his
2424 1189 2612 1288 litbus
2639 1197 2713 1263 uti
2744 1174 3087 1271 desiderant,
3119 1174 3488 1288 faciant-legis.

375 1288 588 1382 gum".
616 1286 1037 1382 “unum?”
1084 1286 1355 1382 “ﬁt???”
1401 1283 1647 1382 Ε⁶⁶¹⁸Ϋί⁶⁸
1712 1283 1987 1382 mimum
2084 1277 2386 1382 jacf'm‘m'
2434 1277 2515 1336 δέ
2539 1285 2844 1349 “ﬁamus.
2878 1292 3176 1356 Pontianus
3198 1276 3498 1378 episcopus
3529 1276 3724 1382 prose;

378 1382 531 1437 dixit.
561 1381 697 1451 Quia
727 1380 979 1436 voluistis
1009 1380 1077 1435 de
1130 1379 1402 1448 prioribus
1430 1377 1599 1471 gestis
1646 1376 1985 1437 mentionem
2091 1374 2587 1471 cntionemmeam
2615 1383 2984 1453 appellatione
3009 1389 3269 1451 incolumi
3286 1374 3609 1471 recognovi.

374 1475 579 1537 facere.
613 1474 683 1533 Et
706 1491 823 1541 cunt
854 1474 1045 1535 diceret
1083 1472 1178 1547 (Et
1206 1472 1317 1531 alia
1342 1489 1521 1535 manu.
1542 1470 1907 1548 Recognovi),
2155 1466 2295 1532 154.
2330 1464 2687 1532 Marcellinus
2702 1477 2781 1533 uir
2806 1479 3387 1544 clarissimustrt'htnus
3403 1464 3455 1546 el
3485 1499 3724 1559 notarius

455 1571 582 1629 115.
613 1567 957 1656 Marcellinus
982 1568 1058 1623 vir
1086 1566 1648 1629 clarissimustribuaus
1675 1577 1724 1623 et
1750 1562 1989 1629 notarius
2095 1559 2250 1619 dicit.
2284 1563 2716 1627 Procousularia
2742 1580 2892 1642 gesta
2938 1583 2996 1631 et
3037 1575 3219 1633 habita
3265 1579 3323 1636 in
3351 1582 3564 1652 judicio
3589 1586 3718 1645 in".

379 1663 533 1724 dixit.
570 1661 700 1718 Haec
723 1672 879 1733 gesta
905 1676 1027 1731 qua:
1047 1658 1271 1723 recitari
1301 1659 1542 1730 poStulat
1575 1658 1836 1719 sanctitas
1864 1671 1990 1712 ves—
2018 1744 2054 1748 _
2094 1656 2293 1715 strium
2318 1665 2669 1729 potestatum
2687 1705 2704 1730 ,
2732 1663 2970 1723 ofﬁcium
3007 1667 3297 1741 diligenter
3334 1674 3630 1748 inspiciat,
3657 1693 3718 1740 ut

379 1763 465 1813 ιη
488 1794 505 1821 ,
563 1753 867 1822 posteriora
922 1759 1053 1813 sunt
1103 1750 1188 1815 his
1220 1750 1409 1823 gestis
1458 1765 1581 1822 qua:
1619 1749 1820 1809 obtulit
1861 1760 1990 1820 pars
2018 1744 2066 1807 Β
2094 1762 2160 1806 ea
2190 1764 2313 1820 qua:
2335 1749 2520 1821 priora
2545 1763 2706 1823 sunt,
2733 1756 2989 1826 primitus
3014 1762 3338 1835 recitentur.

378 1846 647 1905 catholica
666 1886 685 1912 ,
713 1860 778 1899 an
808 1843 1035 1915 priora?

453 1938 579 1999 116.
616 1937 907 1995 Petilianus
947 1937 1226 2008 episcopus
1252 1936 1406 1994 dixit.
1457 1934 1579 1995 Non
1606 1944 1691 1995 est
1733 1933 1990 2007 equidem

382 2048 510 2104 pars
551 2030 813 2089 catholica
834 2073 849 2100 ,
880 2029 980 2089 nisi
1012 2046 1134 2101 qua:
1159 2030 1328 2101 hujus
1356 2028 1780 2089 conﬂictationis
1803 2043 1992 2100 sump-

378 2125 516 2181 serit
537 2123 790 2195 palmam.
817 2122 984 2194 lgitur
1012 2124 1265 2195 cupimus
1299 2121 1527 2180 recitari
1553 2137 1675 2193 quae
1702 2122 1757 2178 in
1780 2120 1990 2193 judicio

379 2218 754 2291 proconsulari
803 2228 860 2277 et
902 2220 1123 2277 vicaria:
1172 2219 1522 2292 praefectum
1577 2218 1644 2276 ab
1691 2218 1826 2289 ipsis
1863 2225 1992 2275 sunt

375 2324 503 2371 ante
542 2313 757 2385 longius
799 2322 1049 2384 prompta
1101 2324 1269 2385 atque
1310 2314 1506 2385 petita.
1563 2311 1633 2367 Et
1660 2311 1767 2367 alia
1805 2327 1986 2368 manu.

374 2406 673 2469 Pctilianus
720 2406 1011 2478 episcopus
1039 2408 1489 2477 prosecutionem
1522 2419 1698 2463 meam
1746 2404 1992 2476 appella-

372 2501 523 2557 tione
594 2494 848 2557 incolumi
926 2501 1242 2570 recognovi.
1348 2499 1641 2557 Possidius
1714 2499 1989 2571 episcopus

372 2592 618 2650 Ecclesiw
636 2593 904 2651 catholicae
925 2592 1079 2649 dixit.
1102 2592 1159 2649 Si
1180 2593 1251 2650 de
1282 2608 1463 2653 causa
1494 2605 1857 2663 praesumeres
1876 2632 1891 2657 ,
1919 2591 1987 2651 ad

370 2701 549 2743 causa:
577 2687 825 2742 meritum
851 2687 1088 2743 venires.
1124 2685 1189 2739 Et
1211 2688 1330 2743 alia
1360 2702 1552 2742 manu.
1585 2683 1914 2755 Recognovi.

445 2780 569 2837 M7.
604 2778 938 2837 Marcellinus
960 2779 1036 2836 uir
1056 2778 1393 2838 clarissimus
1420 2778 1661 2847 tribunus
1680 2788 1728 2833 ct
1754 2777 1990 2833 notarius

373 2874 525 2931 dicit.
582 2873 715 2933 Sine
768 2872 1081 2945 praeiudicio
1133 2873 1456 2933 catholicos
1523 2872 1683 2940 dico,
1756 2886 1990 2942 sequens

374 2968 831 3039 nuncupationem
881 2966 1300 3025 clementissimi
1356 2965 1646 3037 principis.
1700 2964 1854 3022 Unde
1924 2979 1986 3020 ea

374 3070 527 3135 gesta
556 3077 676 3132 (tum
700 3061 1009 3134 antiquiora
1046 3069 1207 3130 sunt,
1237 3062 1290 3118 si
1316 3063 1530 3134 placet,
1571 3059 1641 3117 ab
1683 3058 1865 3115 officio
1902 3072 1987 3114 re-

375 3160 633 3213 citentur.

452 3250 578 3309 NS.
613 3247 889 3307 Possidius
933 3246 1220 3320 Episcopus
1264 3246 1517 3304 Ecclesiae
1544 3245 1810 3302 catholica:
1830 3243 1982 3299 dixit.

377 3344 675 3400 Otierimus
713 3341 1088 3415 antiquissima
1120 3355 1241 3408 qua:
1268 3342 1510 3410 petimus
1540 3339 1744 3410 suscipi
1771 3337 1839 3394 ab
1866 3337 1986 3394 oili-

380 3435 491 3491 cio.
520 3435 804 3505 Praecipiat
826 3435 1087 3492 nobilitas
1117 3443 1204 3490 tua
1226 3449 1291 3490 ea
1324 3432 1569 3491 recitari.

459 3525 586 3583 N9.
620 3524 913 3582 Petilianus
962 3527 1238 3598 episcopus
1282 3526 1435 3582 dixit.
1484 3524 1674 3582 S'rhoc
1724 3522 1983 3596 potestati

386 3634 495 3678 tum
523 3620 839 3677 mandatum
887 3629 1006 3687 est,
1039 3622 1085 3676 si
1133 3636 1239 3676 non
1274 3629 1624 3678 recesserunt
1653 3619 1721 3676 ab
1747 3619 1834 3677 his
1862 3632 1983 3691 quae

380 3716 701 3788 jamdudum
726 3716 1096 3787 promiserant
1124 3730 1184 3770 se
1210 3715 1458 3785 legaliter
1498 3730 1659 3786 agere
1688 3717 1978 3785 oportere,

385 3809 551 3866 redde
583 3809 742 3866 nobis
765 3808 915 3863 illam
958 3806 1187 3878 primam
1237 3808 1643 3877 objectionem,
1687 3806 1840 3876 cujus
1879 3805 1983 3860 visi

309 3964 315 3975 ε
384 3900 786 3973 quodammodo
824 3916 1011 3957 sumus
1055 3902 1158 3957 sub
1189 3901 1352 3971 hnjus
1381 3898 1731 3970 exceptionis
1770 3898 1983 3954 ratione

385 3993 583 4050 fecisse
602 3993 893 4065 jacturam.
920 3993 977 4050 Si
1008 3993 1170 4064 igitur
1199 3993 1266 4049 ad
1311 3995 1485 4065 legem
1514 4006 1576 4049 se
1595 3994 1820 4056 retinet,
1860 4005 1982 4059 per-

385 4084 533 4141 videt
554 4084 865 4156 prtestantia
893 4093 981 4140 tua
1018 4084 1331 4141 nullatenus
1356 4098 1452 4139 eos
1479 4082 1674 4138 harum
1701 4080 1981 4137 chartula-

385 4194 506 4235 rum
542 4192 680 4250 quas
724 4178 1034 4249 proferunt,
1071 4176 1272 4232 facere
1297 4190 1460 4246 posse
1500 4176 1858 4231 mentionem.
1910 4172 1981 4228 Et

385 4286 528 4329 nunc
552 4271 715 4327 etiam
745 4280 906 4341 atque
926 4269 1089 4326 etiam
1120 4268 1305 4339 ﬂagito
1332 4276 1389 4321 ut
1421 4277 1673 4337 premant
1719 4266 1850 4337 quid
1879 4266 1982 4321 cli-

381 4376 506 4437 gant
528 4406 543 4433 ,
574 4373 755 4421 utrum
781 4365 984 4421 forensi
1011 4364 1227 4420 actione
1255 4377 1469 4418 mecum
1493 4371 1691 4432 agant,
1715 4377 1784 4417 an
1813 4362 1976 4431 legali

381 4458 786 4515 concertatione
833 4458 1160 4530 disceptent.
1196 4456 1264 4513 Et
1309 4457 1416 4511 alia
1460 4472 1642 4511 manta.
1678 4454 1978 4513 Petilianus

2169 1844 2297 1901 155.
2327 1844 2649 1917 Augustinus
2670 1824 2942 1922 cpiscopus
2968 1851 3218 1913 Ecclesia
3245 1824 3529 1920 catholica
3549 1860 3709 1925 dixit.

2094 1936 2175 1996 Ad
2207 1954 2271 1995 ea
2301 1955 2426 2009 qua:
2442 1952 2731 2011 prosecuta
2758 1954 2845 2007 est
2868 1948 3035 2004 modo
3072 1964 3204 2021 pars
3228 1952 3453 2012 diversa
3476 2000 3491 2024 ,
3525 1964 3714 2031 paucis

2091 2034 2343 2093 advertat
2390 2036 2694 2094 sublimitas
2735 2047 2851 2096 tua.
2897 2042 3008 2099 Nos
3048 2044 3356 2105 Ecclesium
3380 2052 3713 2113 catholicam

2091 2130 2375 2197 retinere,
2424 2133 2537 2201 ipsa
2595 2142 2799 2190 nostrae
2856 2136 3263 2195 communionis
3317 2145 3713 2207 testificatione

2094 2232 2466 2279 monstramus
2483 2265 2498 2290 ,
2521 2240 2683 2294 quam
2703 2225 3003 2283 Ecclesiam
3031 2229 3264 2299 probare
3288 2233 3707 2306 descendimus,

2093 2313 2144 2371 si
2209 2314 2580 2384 permittant,‘
2611 2331 2720 2372 non
2770 2319 3088 2376 rumoribus
3158 2322 3459 2397 humanis,
3528 2348 3710 2404 neque

2094 2408 2406 2467 errantibus
2433 2410 2817 2481 opinionibus,
2861 2412 2958 2469 sed
3000 2412 3205 2471 divinis
3253 2419 3493 2492 eloquiis
3522 2425 3711 2483 declaa-

2094 2513 2288 2559 ratam.
2334 2499 2405 2558 Ut
2434 2513 2615 2559 autem
2648 2503 2825 2574 leges,
2874 2505 2963 2561 vel
3001 2515 3178 2577 gesta,
3211 2511 3296 2565 vel
3343 2527 3711 2588 quaecumque

2094 2598 2164 2655 de
2194 2599 2433 2657 archivis
2463 2599 2673 2670 prolata
2701 2598 2997 2657 offeramus
3018 2601 3073 2656 in
3102 2601 3204 2659 hac
3231 2606 3537 2667 collatione
3565 2614 3706 2669 reci-

2097 2692 2259 2747 tanda
2282 2733 2297 2757 ,
2329 2691 2435 2762 ipsi
2464 2704 2664 2763 cogunt
2688 2694 2780 2765 qui
2832 2694 3032 2751 talibus
3062 2706 3253 2767 agunt.
3281 2699 3422 2757 Nam
3452 2705 3497 2759 si
3524 2722 3708 2763 remo~

2096 2784 2166 2839 tis
2192 2783 2570 2855 hujuscemodi
2614 2784 2867 2841 omnibus
2895 2785 3100 2843 chartis
3148 2790 3367 2849 nollent
3404 2795 3709 2855 Ecclesiam

2095 2875 2199 2931 nisi
2223 2877 2277 2931 in
2302 2875 2600 2947 Scripturis
2621 2877 2854 2945 adverti,
2879 2878 3012 2934 nihil
3043 2879 3355 2951 vellemus,
3390 2886 3525 2942 nihil
3555 2890 3707 2949 aliud

2095 2978 2434 3040 optaremus.
2463 2967 2707 3025 Crimina
2753 2970 2941 3026 dicunt
2980 2972 3316 3033 traditionis.
3360 2978 3438 3035 Ea
3470 2982 3705 3041 crimina

2099 3062 2408 3117 traditionis
2459 3071 2551 3117 aut
2607 3078 2714 3118 non
2779 3063 3013 3133 probant
3064 3065 3353 3137 archivis,
3438 3083 3494 3129 et
3567 3076 3706 3135 nihil

1910 3176 1917 3183 ν
2013 3142 2061 3213 C
2088 3154 2316 3220 dicunt;
2342 3164 2436 3209 aut
2465 3156 2730 3224 probant,
2766 3163 2823 3212 et
2846 3157 3082 3214 archivis
3118 3174 3220 3216 nos
3245 3162 3495 3222 vicissim
3537 3183 3702 3240 agere

2089 3245 2449 3316 compellunt.
2481 3246 2669 3318 Itaque
2715 3249 2958 3319 pervidet
3011 3254 3331 3321 praestantia
3372 3265 3460 3313 tua
3505 3245 3702 3319 distinc-

2088 3337 2335 3409 guendas
2363 3352 2487 3393 esse
2513 3352 2709 3394 causas
2731 3380 2746 3405 ,
2777 3339 2994 3410 quando
3016 3356 3280 3413 cogamur
3303 3347 3543 3416 publicis
3565 3352 3701 3424 legi—

2088 3431 2192 3487 hns
2239 3443 2436 3500 agere;
2478 3430 2699 3499 quando
2721 3438 2903 3489 autem
2934 3433 3169 3493 velimus
3220 3444 3275 3491 et
3314 3447 3568 3509 optemus
3602 3459 3701 3500 ne.

2087 3522 2295 3595 gotium
2326 3520 2586 3578 Ecclesia:
2610 3538 2715 3578 non
2751 3523 2855 3580 nisi
2881 3527 3081 3582 divinis
3120 3526 3356 3599 eloquiis
3386 3536 3693 3593 terminari.

2090 3613 2159 3668 Et
2185 3615 2293 3669 alia
2318 3613 2482 3685 306
2503 3630 2680 3669 manu.
2711 3613 3044 3687 Recogttovi.
3078 3617 3374 3677 Petilianus
3417 3625 3696 3697 episcopus

2090 3707 2386 3775 ὦπίτριήά
2399 3706 2623 3776 elegerit
2643 3706 2805 3763 dicat.
2822 3709 2997 3765 Ambo
3016 3712 3159 3767 enim
3188 3722 3377 3771 tenere
3399 3733 3504 3774 non
3534 3733 3695 3790 pote-

2091 3810 2217 3856 runt
2246 3797 2337 3853 .Et
2364 3799 2471 3854 alia
2498 3816 2674 3855 manu.
2705 3800 2997 3858 Petilianns
3024 3804 3313 3876 episcopus
3355 3816 3692 3880 prosecutio—

2090 3909 2214 3949 nem
2246 3908 2422 3949 meam
2457 3893 2716 3948 incolumi
2740 3895 3105 3965 appellatione
3138 3904 3460 3972 recognovi.

2162 3987 2289 4044 156.
2321 3985 2663 4043 Marcellinus
2679 3988 2756 4042 vir
2777 3990 3100 4046 clarissimus
3122 3992 3357 4050 tribunus
3372 4006 3420 4052 et
3448 4002 3687 4058 notarius

2088 4081 2241 4135 dixit.
2294 4077 2709 4150 Apertissimam
2741 4084 3185 4149 prosecutionem
3222 4088 3395 4155 partis
3441 4090 3688 4147 adversa:

2090 4170 2257 4226 fuisse
2280 4170 2412 4225 satis
2449 4169 2657 4225 clarum
2703 4180 2787 4226 est
2817 4191 2830 4224 :
2856 4172 2909 4226 in
2938 4188 3043 4243 qua
3075 4173 3128 4229 id
3164 4174 3379 4233 videtur
3405 4189 3687 4238 ostensum

2091 4262 2220 4317 utsi
2250 4260 2558 4317 traditionis
2603 4264 2811 4320 crimen
2858 4263 3132 4334 objicitur,
3175 4268 3323 4338 quod
3350 4271 3469 4327 sine
3514 4273 3684 4332 dubio

2088 4353 2299 4426 legibus
2323 4353 2523 4409 divinis
2553 4369 2661 4411 non
2692 4364 2873 4425 potest
2895 4358 3217 4428 approbari,
3261 4361 3357 4417 sed
3400 4373 3683 4434 gestorum

2087 4448 2195 4505 ﬁde
2224 4449 2540 4520 diligentius
2567 4449 2839 4518 inveniri,
2873 4459 2987 4507 tum
3016 4451 3237 4509 demum
3257 4456 3427 4525 gestis
3451 4460 3688 4529 publicis

383 4557 671 4628 episcopus
717 4558 1161 4629 prosecutionem
1203 4569 1380 4611 meam
1430 4554 1687 4612 incolumi
1734 4553 1979 4625 appella-
2004 4537 2061 4599 Ῑ)
2085 4544 2267 4599 omnia
2293 4554 2643 4615 peraguntur.
2679 4542 2775 4599 Sin
2802 4559 2932 4601 vero
2959 4561 3119 4603 causa
3145 4548 3273 4605 fidei
3294 4553 3524 4621 coeperit
3571 4556 3682 4626 agi,

382 4650 527 4707 tione
551 4651 866 4723 recognovi.

456 4743 579 4799 150.
616 4741 959 4799 Marcellinus
983 4742 1062 4798 uir
1077 4741 1392 4797 clarissimus
1415 4739 1650 4795 tribunus
1670 4748 1716 4794 et
1743 4740 1974 4794 notarius

383 4834 532 4893 dixit.
564 4837 839 4908 Suscipiat
866 4836 1104 4893 officium
1153 4851 1277 4908 quas
1317 4835 1387 4890 ab
1428 4834 1676 4905 utrisque
1724 4834 1973 4906 partibus

381 4931 701 4997 oﬂeruntur,
731 4941 784 4987 et
814 4931 1066 4987 conferat
1089 4936 1339 5000 tempus,
1388 4936 1447 4983 ut
1484 4941 1607 4998 quae
1643 4926 1825 4997 priora
1854 4940 1980 4983 esse

381 5022 718 5089 constiterit,
748 5022 938 5080 eadem
966 5021 1287 5079 recitentur.

455 5119 582 5176 151.
617 5117 913 5173 Petilianus
938 5118 1209 5189 episcopus
1239 5112 1392 5171 dicit.
1417 5110 1632 5168 Sensim
1675 5112 1730 5167 in
1756 5126 1976 5168 causam

378 5209 711 5267 inducimur.
748 5207 813 5263 Et
840 5208 945 5263 alia
974 5225 1150 5264 manu.
1190 5206 1488 5281 Petilianus
1532 5203 1822 5276 episcopus
1854 5219 1978 5275 pro-

381 5298 720 5363 scontionem
751 5318 927 5358 meam
948 5290 1312 5375 appellatione
1334 5299 1591 5357 incolumi
1623 5300 1937 5369 recognovi.

445 5397 582 5453 15%.
612 5394 886 5451 Possidius
913 5397 1185 5468 cpiscopus
1206 5392 1460 5450 Ecclesia:
1488 5392 1759 5447 catholica
1782 5392 1934 5447 dixit.

380 5488 537 5558 Quod
561 5488 797 5560 petistis,
836 5488 1135 5546 offerimus.
1180 5486 1299 5542 Non
1327 5501 1423 5541 vos
1451 5487 1713 5556 pteniteat
1753 5486 1975 5555 petisse.

380 5583 614 5653 Antiqua
661 5594 815 5655 gesta
866 5583 1114 5637 voluistis
1158 5580 1400 5637 recitari.
1452 5580 1581 5637 llaec
1629 5581 1683 5637 in
1728 5580 1978 5636 manibus

382 5675 652 5733 habemus
676 5718 692 5744 ,
717 5677 905 5747 jubeat
942 5674 1198 5730 nobilitas
1240 5682 1327 5728 tua
1354 5672 1503 5744 quod
1528 5673 1810 5730 offerimus
1838 5671 1985 5729 reci-‘

387 5768 511 5827 tari.
548 5768 619 5825 Et
642 5769 749 5827 alia
770 5784 945 5825 manu.
979 5765 1312 5843 Recognovi.

2088 4647 2220 4695 tunc
2250 4639 2315 4694 ad
2346 4653 2408 4694 ea
2436 4628 2557 4709 quae
2581 4638 2787 4695 veteris
2814 4649 2869 4695 et
2898 4640 3022 4695 novi
3049 4639 3385 4699 Testamenti
3416 4639 3685 4718 exemplis

2085 4732 2330 4789 docenda
2378 4742 2503 4787 sunt
2549 4732 2823 4789 venietur.
2870 4731 3028 4789 Unde
3078 4736 3338 4792 sanctitas
3380 4728 3604 4808 vestra,
3634 4740 3683 4798 si

2086 4817 2399 4896 petitionem
2446 4840 2598 4881 suam
2644 4826 3189 4899 prosecutioncmque
3226 4830 3471 4889 adversm
3514 4838 3687 4906 partis

2085 4918 2198 4973 vult
2244 4918 2669 4990 professionibus
2723 4918 3008 4985 rohorari,
3049 4918 3330 4978 evidenter
3389 4928 3680 5000 ostendat,

2084 5022 2266 5069 utrum
2313 5011 2615 5068 traditionis
2651 5013 2890 5077 crimen,
2934 5012 3078 5083 quod
3104 5014 3326 5085 probari
3369 5020 3682 5078 nullatenus

2082 5112 2296 5175 potest,
2324 5102 2427 5158 nisi
2462 5103 2782 5175 quibusdam
2833 5103 3263 5163 evidentissimis
3304 5109 3679 5181 documentis,

2086 5200 2169 5272 agi
2198 5200 2252 5255 in
2274 5199 2478 5271 judicio
2508 5188 2813 5265 desideret,
2846 5214 2914 5254 an
2950 5206 3155 5255 tantum
3185 5201 3555 5263 ildeicausain
3586 5221 3684 5262 cu.

2083 5294 2163 5365 pit
2190 5293 2243 5347 in
2264 5286 2469 5363 judicio
2515 5290 2904 5370 mediocritatis
2931 5301 3069 5349 metu
3105 5292 3333 5365 disquiri
3381 5303 3544 5370 atque
3568 5304 3682 5355 tern

2082 5402 2299 5442 minari.
2430 5426 2435 5430 .
2547 5460 2550 5463 Δ
3402 5441 3405 5444 ,

2156 5479 2281 5537 157.
2314 5479 2575 5536 Emeritns
2625 5480 2896 5554 cpis‘copus
2948 5482 3099 5539 dixit.
3160 5483 3294 5551 Quae
3346 5484 3416 5541 ad
3460 5501 3679 5544 causam

2083 5563 2386 5645 pertinent,
2438 5572 2639 5644 saepius
2682 5572 2781 5631 me
2823 5575 3092 5645 replicare
3127 5574 3246 5630 non
3294 5575 3479 5647 pudet.
3529 5579 3684 5638 Adeo

2082 5670 2228 5725 enim
2276 5676 2332 5723 et
2377 5668 2435 5727 in
2460 5667 2632 5739 prima
2689 5666 2867 5723 fronte
2910 5668 3112 5739 negotii
3144 5667 3595 5742 postulati-imus,
3625 5683 3685 5732 ut

2084 5760 2400 5827 mandatum
2444 5760 2751 5833 legatorum
2791 5772 3017 5818 suorum
3045 5761 3166 5816 luce
3204 5758 3427 5819 clarius.
3453 5763 3679 5835 demo“.
