  <div class='ocr_page' id='page_1' title='image "/cluster/home/n/w/nwhite01/storage/ocr_20150623/11/hvd.32044096580402/713.png"; bbox 0 0 4134 6186; ppageno 0'>
   <div class='ocr_carea' id='block_1_1' title="bbox 492 295 626 352">
    <p class='ocr_par' dir='ltr' id='par_1_1' title="bbox 492 295 626 352">
     <span class='ocr_line' id='line_1_1' title="bbox 492 295 626 352; baseline 0.007 -3"><span class='ocrx_word' id='word_1_1' title='bbox 492 295 626 352; x_wconf 73' lang='grc'><strong>1391</strong></span> 
     </span>
    </p>
   </div>
   <div class='ocr_carea' id='block_1_2' title="bbox 1402 284 2817 346">
    <p class='ocr_par' dir='ltr' id='par_1_2' title="bbox 1402 284 2817 346">
     <span class='ocr_line' id='line_1_2' title="bbox 1402 284 2817 346; baseline -0.001 0"><span class='ocrx_word' id='word_1_2' title='bbox 1402 289 1404 291; x_wconf 66' lang='grc'><em>’</em></span> <span class='ocrx_word' id='word_1_3' title='bbox 1437 284 1668 346; x_wconf 78' lang='lat' dir='ltr'><strong>GESTA</strong></span> <span class='ocrx_word' id='word_1_4' title='bbox 1706 284 2163 344; x_wconf 86' lang='lat' dir='ltr'><strong>COLLATIONIS</strong></span> <span class='ocrx_word' id='word_1_5' title='bbox 2199 285 2817 346; x_wconf 82' lang='lat' dir='ltr'><strong>CARTHAGINENSIS.</strong></span> 
     </span>
    </p>
   </div>
   <div class='ocr_carea' id='block_1_3' title="bbox 3631 283 3774 345">
    <p class='ocr_par' dir='ltr' id='par_1_3' title="bbox 3631 283 3774 345">
     <span class='ocr_line' id='line_1_3' title="bbox 3631 283 3774 345; baseline -0.021 -2"><span class='ocrx_word' id='word_1_6' title='bbox 3631 283 3774 345; x_wconf 69' lang='lat' dir='ltr'><strong>i392</strong></span> 
     </span>
    </p>
   </div>
   <div class='ocr_carea' id='block_1_4' title="bbox 491 404 3779 477">
    <p class='ocr_par' dir='ltr' id='par_1_4' title="bbox 491 404 3779 477">
     <span class='ocr_line' id='line_1_4' title="bbox 491 404 3779 477; baseline -0.004 -7"><span class='ocrx_word' id='word_1_7' title='bbox 491 421 764 477; x_wconf 86' lang='lat' dir='ltr'><strong>strarent;</strong></span> <span class='ocrx_word' id='word_1_8' title='bbox 797 424 864 466; x_wconf 89' lang='lat' dir='ltr'><strong>ne</strong></span> <span class='ocrx_word' id='word_1_9' title='bbox 885 424 1008 465; x_wconf 92' lang='lat' dir='ltr'><strong>cum</strong></span> <span class='ocrx_word' id='word_1_10' title='bbox 1036 407 1151 463; x_wconf 76' lang='lat' dir='ltr'><strong>htec</strong></span> <span class='ocrx_word' id='word_1_11' title='bbox 1178 405 1230 461; x_wconf 93' lang='lat' dir='ltr'><strong>in</strong></span> <span class='ocrx_word' id='word_1_12' title='bbox 1253 404 1516 476; x_wconf 87' lang='lat' dir='ltr'><strong>judicium</strong></span> <span class='ocrx_word' id='word_1_13' title='bbox 1549 407 1912 470; x_wconf 87' lang='lat' dir='ltr'><strong>mitterentur,</strong></span> <span class='ocrx_word' id='word_1_14' title='bbox 1949 404 2084 460; x_wconf 87' lang='lat' dir='ltr'><strong>forte</strong></span> <span class='ocrx_word' id='word_1_15' title='bbox 2113 408 2160 467; x_wconf 85' lang='grc' dir='ltr'><strong>Α</strong></span> <span class='ocrx_word' id='word_1_16' title='bbox 2190 405 2331 475; x_wconf 89' lang='lat' dir='ltr'><strong>quod</strong></span> <span class='ocrx_word' id='word_1_17' title='bbox 2374 416 2558 462; x_wconf 84' lang='lat' dir='ltr'><strong>nostro</strong></span> <span class='ocrx_word' id='word_1_18' title='bbox 2589 407 2840 460; x_wconf 87' lang='lat' dir='ltr'><strong>mandato</strong></span> <span class='ocrx_word' id='word_1_19' title='bbox 2873 404 3476 476; x_wconf 72' lang='lat' dir='ltr'><strong>snliscriptionibusque</strong></span> <span class='ocrx_word' id='word_1_20' title='bbox 3517 405 3779 459; x_wconf 86' lang='lat' dir='ltr'><strong>ﬁrmatum</strong></span> 
     </span>
    </p>
   </div>
   <div class='ocr_carea' id='block_1_5' title="bbox 488 499 2081 563">
    <p class='ocr_par' dir='ltr' id='par_1_5' title="bbox 488 499 2081 563">
     <span class='ocr_line' id='line_1_5' title="bbox 488 499 2081 563; baseline -0.007 -1"><span class='ocrx_word' id='word_1_21' title='bbox 488 513 801 562; x_wconf 84' lang='lat' dir='ltr'><strong>retinerent.</strong></span> <span class='ocrx_word' id='word_1_22' title='bbox 835 503 1065 557; x_wconf 86' lang='lat' dir='ltr'><strong>Possunt</strong></span> <span class='ocrx_word' id='word_1_23' title='bbox 1092 499 1235 553; x_wconf 88' lang='lat' dir='ltr'><strong>enim</strong></span> <span class='ocrx_word' id='word_1_24' title='bbox 1269 499 1452 554; x_wconf 87' lang='lat' dir='ltr'>dicere</span> <span class='ocrx_word' id='word_1_25' title='bbox 1483 516 1496 550; x_wconf 92' lang='lat'>:</span> <span class='ocrx_word' id='word_1_26' title='bbox 1531 499 1634 553; x_wconf 88' lang='lat' dir='ltr'><strong>alia</strong></span> <span class='ocrx_word' id='word_1_27' title='bbox 1675 499 2081 563; x_wconf 78' lang='lat' dir='ltr'><strong>mandavimus,</strong></span> 
     </span>
    </p>
   </div>
   <div class='ocr_carea' id='block_1_6' title="bbox 492 588 2085 659">
    <p class='ocr_par' dir='ltr' id='par_1_6' title="bbox 492 588 2085 659">
     <span class='ocr_line' id='line_1_6' title="bbox 492 588 2085 659; baseline -0.008 -5"><span class='ocrx_word' id='word_1_28' title='bbox 492 611 602 654; x_wconf 87' lang='lat' dir='ltr'><strong>non</strong></span> <span class='ocrx_word' id='word_1_29' title='bbox 635 595 823 651; x_wconf 72' lang='lat' dir='ltr'><strong>eadem</strong></span> <span class='ocrx_word' id='word_1_30' title='bbox 863 591 1176 648; x_wconf 81' lang='lat' dir='ltr'><strong>censuimus</strong></span> <span class='ocrx_word' id='word_1_31' title='bbox 1209 632 1224 656; x_wconf 87' lang='lat'><strong>,</strong></span> <span class='ocrx_word' id='word_1_32' title='bbox 1280 606 1381 646; x_wconf 91' lang='lat' dir='ltr'><strong>nec</strong></span> <span class='ocrx_word' id='word_1_33' title='bbox 1424 589 1653 659; x_wconf 88' lang='lat' dir='ltr'><strong>petenda</strong></span> <span class='ocrx_word' id='word_1_34' title='bbox 1712 591 1779 642; x_wconf 91' lang='lat' dir='ltr'><strong>ab</strong></span> <span class='ocrx_word' id='word_1_35' title='bbox 1819 588 2085 658; x_wconf 85' lang='lat' dir='ltr'><strong>imperiali</strong></span> 
     </span>
    </p>
   </div>
   <div class='ocr_carea' id='block_1_7' title="bbox 489 680 2088 762">
    <p class='ocr_par' dir='ltr' id='par_1_7' title="bbox 489 680 2088 762">
     <span class='ocr_line' id='line_1_7' title="bbox 489 680 2088 762; baseline -0.007 -18"><span class='ocrx_word' id='word_1_36' title='bbox 489 698 766 762; x_wconf 66' lang='lat' dir='ltr'><strong>praecepto</strong></span> <span class='ocrx_word' id='word_1_37' title='bbox 812 686 1205 741; x_wconf 84' lang='lat' dir='ltr'><strong>consensimus.</strong></span> <span class='ocrx_word' id='word_1_38' title='bbox 1266 682 1421 738; x_wconf 81' lang='lat' dir='ltr'><strong>Sicut</strong></span> <span class='ocrx_word' id='word_1_39' title='bbox 1469 682 1611 738; x_wconf 92' lang='lat' dir='ltr'><strong>enim</strong></span> <span class='ocrx_word' id='word_1_40' title='bbox 1667 697 1832 736; x_wconf 93' lang='lat' dir='ltr'><strong>nunc.</strong></span> <span class='ocrx_word' id='word_1_41' title='bbox 1881 680 1942 734; x_wconf 84' lang='lat' dir='ltr'><strong>Et</strong></span> <span class='ocrx_word' id='word_1_42' title='bbox 1973 697 2088 734; x_wconf 89' lang='lat' dir='ltr'><strong>cum</strong></span> 
     </span>
    </p>
   </div>
   <div class='ocr_carea' id='block_1_8' title="bbox 494 773 2088 853">
    <p class='ocr_par' dir='ltr' id='par_1_8' title="bbox 494 773 2088 853">
     <span class='ocr_line' id='line_1_8' title="bbox 494 773 2088 853; baseline -0.006 -17"><span class='ocrx_word' id='word_1_43' title='bbox 494 783 683 836; x_wconf 86' lang='lat' dir='ltr'><strong>diceret</strong></span> <span class='ocrx_word' id='word_1_44' title='bbox 720 778 813 853; x_wconf 85' lang='lat' dir='ltr'><strong>(Et</strong></span> <span class='ocrx_word' id='word_1_45' title='bbox 841 779 949 832; x_wconf 88' lang='lat' dir='ltr'><strong>alia</strong></span> <span class='ocrx_word' id='word_1_46' title='bbox 998 794 1178 831; x_wconf 87' lang='lat' dir='ltr'><strong>manu.</strong></span> <span class='ocrx_word' id='word_1_47' title='bbox 1211 776 1481 831; x_wconf 80' lang='lat' dir='ltr'><strong>Emeritos</strong></span> <span class='ocrx_word' id='word_1_48' title='bbox 1499 774 1790 846; x_wconf 80' lang='lat' dir='ltr'><strong>episcopus</strong></span> <span class='ocrx_word' id='word_1_49' title='bbox 1817 773 1967 828; x_wconf 87' lang='lat' dir='ltr'><strong>salva</strong></span> <span class='ocrx_word' id='word_1_50' title='bbox 1988 787 2088 843; x_wconf 90' lang='lat' dir='ltr'><strong>ap-</strong></span> 
     </span>
    </p>
   </div>
   <div class='ocr_carea' id='block_1_9' title="bbox 493 871 1148 946">
    <p class='ocr_par' dir='ltr' id='par_1_9' title="bbox 493 871 1148 946">
     <span class='ocr_line' id='line_1_9' title="bbox 493 871 1148 946; baseline -0.006 -17"><span class='ocrx_word' id='word_1_51' title='bbox 493 874 786 946; x_wconf 86' lang='lat' dir='ltr'><strong>pellatione</strong></span> <span class='ocrx_word' id='word_1_52' title='bbox 813 871 1148 942; x_wconf 72' lang='lat' dir='ltr'><strong>recognovi),</strong></span> 
     </span>
    </p>
   </div>
   <div class='ocr_carea' id='block_1_10' title="bbox 567 961 2091 1022">
    <p class='ocr_par' dir='ltr' id='par_1_10' title="bbox 567 961 2091 1022">
     <span class='ocr_line' id='line_1_10' title="bbox 567 961 2091 1022; baseline -0.004 0"><span class='ocrx_word' id='word_1_53' title='bbox 567 966 694 1022; x_wconf 84' lang='grc'><strong>158.</strong></span> <span class='ocrx_word' id='word_1_54' title='bbox 724 964 1060 1019; x_wconf 80' lang='lat' dir='ltr'><strong>Marcellinus</strong></span> <span class='ocrx_word' id='word_1_55' title='bbox 1082 965 1158 1017; x_wconf 84' lang='lat' dir='ltr'><strong>vir</strong></span> <span class='ocrx_word' id='word_1_56' title='bbox 1178 963 1496 1017; x_wconf 83' lang='lat' dir='ltr'><strong>clarissimus</strong></span> <span class='ocrx_word' id='word_1_57' title='bbox 1525 963 1763 1017; x_wconf 87' lang='lat' dir='ltr'><strong>tribunus</strong></span> <span class='ocrx_word' id='word_1_58' title='bbox 1783 971 1830 1017; x_wconf 88' lang='lat' dir='ltr'><strong>et</strong></span> <span class='ocrx_word' id='word_1_59' title='bbox 1857 961 2091 1016; x_wconf 75' lang='lat' dir='ltr'><strong>notarius</strong></span> 
     </span>
    </p>
   </div>
   <div class='ocr_carea' id='block_1_11' title="bbox 496 1057 2092 1127">
    <p class='ocr_par' dir='ltr' id='par_1_11' title="bbox 496 1057 2092 1127">
     <span class='ocr_line' id='line_1_11' title="bbox 496 1057 2092 1127; baseline -0.004 -12"><span class='ocrx_word' id='word_1_60' title='bbox 496 1061 646 1115; x_wconf 90' lang='lat' dir='ltr'><strong>dixit.</strong></span> <span class='ocrx_word' id='word_1_61' title='bbox 678 1059 800 1113; x_wconf 75' lang='lat' dir='ltr'><strong>Haec</strong></span> <span class='ocrx_word' id='word_1_62' title='bbox 830 1059 1203 1113; x_wconf 89' lang='lat' dir='ltr'><strong>universorum</strong></span> <span class='ocrx_word' id='word_1_63' title='bbox 1236 1057 1727 1127; x_wconf 87' lang='lat' dir='ltr'><strong>subscriptionibus</strong></span> <span class='ocrx_word' id='word_1_64' title='bbox 1763 1063 1978 1110; x_wconf 84' lang='lat' dir='ltr'><strong>constat</strong></span> <span class='ocrx_word' id='word_1_65' title='bbox 2007 1069 2092 1109; x_wconf 86' lang='lat' dir='ltr'><strong>es-</strong></span> 
     </span>
    </p>
   </div>
   <div class='ocr_carea' id='block_1_12' title="bbox 586 1151 859 1206">
    <p class='ocr_par' dir='ltr' id='par_1_12' title="bbox 586 1151 859 1206">
     <span class='ocr_line' id='line_1_12' title="bbox 586 1151 859 1206; baseline -0.007 0"><span class='ocrx_word' id='word_1_66' title='bbox 586 1151 859 1206; x_wconf 85' lang='lat' dir='ltr'><strong>mandata.</strong></span> 
     </span>
    </p>
   </div>
   <div class='ocr_carea' id='block_1_13' title="bbox 497 1167 2096 1299">
    <p class='ocr_par' dir='ltr' id='par_1_13' title="bbox 497 1167 2096 1299">
     <span class='ocr_line' id='line_1_13' title="bbox 586 1167 859 1206; baseline -0.007 0"><span class='ocrx_word' id='word_1_67' title='bbox 586 1167 859 1206; x_wconf 83' lang='lat' dir='ltr'><strong>mandata.</strong></span> 
     </span>
     <span class='ocr_line' id='line_1_14' title="bbox 497 1167 2096 1299; baseline -0.004 -12"><span class='ocrx_word' id='word_1_68' title='bbox 497 1167 698 1287; x_wconf 64' lang='lat' dir='ltr'><strong>se459.</strong></span> <span class='ocrx_word' id='word_1_69' title='bbox 733 1227 990 1284; x_wconf 80' lang='lat' dir='ltr'><strong>Enteritus</strong></span> <span class='ocrx_word' id='word_1_70' title='bbox 1017 1231 1291 1299; x_wconf 80' lang='lat' dir='ltr'><strong>episcOpus</strong></span> <span class='ocrx_word' id='word_1_71' title='bbox 1337 1228 1488 1284; x_wconf 86' lang='lat' dir='ltr'><strong>dixit.</strong></span> <span class='ocrx_word' id='word_1_72' title='bbox 1541 1228 1806 1296; x_wconf 83' lang='lat' dir='ltr'><strong>Quoniam</strong></span> <span class='ocrx_word' id='word_1_73' title='bbox 1838 1227 1943 1282; x_wconf 92' lang='lat' dir='ltr'><strong>duo</strong></span> <span class='ocrx_word' id='word_1_74' title='bbox 1969 1235 2096 1282; x_wconf 91' lang='lat' dir='ltr'><strong>sunt</strong></span> 
     </span>
    </p>
   </div>
   <div class='ocr_carea' id='block_1_14' title="bbox 496 1321 2094 1397">
    <p class='ocr_par' dir='ltr' id='par_1_14' title="bbox 496 1321 2094 1397">
     <span class='ocr_line' id='line_1_15' title="bbox 496 1321 2094 1397; baseline -0.004 -15"><span class='ocrx_word' id='word_1_75' title='bbox 496 1327 712 1397; x_wconf 87' lang='lat' dir='ltr'><strong>negotia</strong></span> <span class='ocrx_word' id='word_1_76' title='bbox 734 1365 750 1391; x_wconf 91' lang='lat'><strong>,</strong></span> <span class='ocrx_word' id='word_1_77' title='bbox 779 1324 887 1379; x_wconf 91' lang='lat' dir='ltr'><strong>duo</strong></span> <span class='ocrx_word' id='word_1_78' title='bbox 926 1323 1126 1378; x_wconf 86' lang='lat' dir='ltr'><strong>debent</strong></span> <span class='ocrx_word' id='word_1_79' title='bbox 1153 1338 1275 1378; x_wconf 91' lang='lat' dir='ltr'><strong>esse</strong></span> <span class='ocrx_word' id='word_1_80' title='bbox 1298 1323 1572 1376; x_wconf 89' lang='lat' dir='ltr'><strong>mandata.</strong></span> <span class='ocrx_word' id='word_1_81' title='bbox 1616 1321 1924 1376; x_wconf 83' lang='lat' dir='ltr'><strong>Mandatum</strong></span> <span class='ocrx_word' id='word_1_82' title='bbox 1949 1322 2094 1392; x_wconf 89' lang='lat' dir='ltr'><strong>quod</strong></span> 
     </span>
    </p>
   </div>
   <div class='ocr_carea' id='block_1_15' title="bbox 495 1415 2093 1489">
    <p class='ocr_par' dir='ltr' id='par_1_15' title="bbox 495 1415 2093 1489">
     <span class='ocr_line' id='line_1_16' title="bbox 495 1415 2093 1489; baseline -0.003 -15"><span class='ocrx_word' id='word_1_83' title='bbox 495 1420 553 1474; x_wconf 89' lang='lat' dir='ltr'><strong>in</strong></span> <span class='ocrx_word' id='word_1_84' title='bbox 604 1418 822 1489; x_wconf 90' lang='lat' dir='ltr'><strong>negotio</strong></span> <span class='ocrx_word' id='word_1_85' title='bbox 869 1418 1122 1486; x_wconf 60' lang='lat' dir='ltr'><strong>persenti</strong></span> <span class='ocrx_word' id='word_1_86' title='bbox 1167 1417 1448 1470; x_wconf 88' lang='lat' dir='ltr'><strong>recitatum</strong></span> <span class='ocrx_word' id='word_1_87' title='bbox 1472 1458 1487 1482; x_wconf 93' lang='lat'><strong>,</strong></span> <span class='ocrx_word' id='word_1_88' title='bbox 1517 1415 1652 1472; x_wconf 87' lang='lat' dir='ltr'><strong>actis</strong></span> <span class='ocrx_word' id='word_1_89' title='bbox 1685 1417 1944 1470; x_wconf 89' lang='lat' dir='ltr'><strong>insertum</strong></span> <span class='ocrx_word' id='word_1_90' title='bbox 1971 1424 2093 1481; x_wconf 90' lang='lat' dir='ltr'><strong>est;</strong></span> 
     </span>
    </p>
   </div>
   <div class='ocr_carea' id='block_1_16' title="bbox 497 1507 2097 1579">
    <p class='ocr_par' dir='ltr' id='par_1_16' title="bbox 497 1507 2097 1579">
     <span class='ocr_line' id='line_1_17' title="bbox 497 1507 2097 1579; baseline -0.004 -13"><span class='ocrx_word' id='word_1_91' title='bbox 497 1510 812 1566; x_wconf 88' lang='lat' dir='ltr'><strong>mandatum</strong></span> <span class='ocrx_word' id='word_1_92' title='bbox 844 1523 976 1563; x_wconf 89' lang='lat' dir='ltr'><strong>vero</strong></span> <span class='ocrx_word' id='word_1_93' title='bbox 1005 1507 1154 1578; x_wconf 92' lang='lat' dir='ltr'><strong>quod</strong></span> <span class='ocrx_word' id='word_1_94' title='bbox 1187 1508 1380 1579; x_wconf 77' lang='lat' dir='ltr'><strong>legatis</strong></span> <span class='ocrx_word' id='word_1_95' title='bbox 1400 1507 1610 1563; x_wconf 88' lang='lat' dir='ltr'><strong>videtur</strong></span> <span class='ocrx_word' id='word_1_96' title='bbox 1637 1507 1915 1570; x_wconf 84' lang='lat' dir='ltr'><strong>traditum,</strong></span> <span class='ocrx_word' id='word_1_97' title='bbox 1948 1507 2097 1562; x_wconf 90' lang='lat' dir='ltr'><strong>nullo</strong></span> 
     </span>
    </p>
   </div>
   <div class='ocr_carea' id='block_1_17' title="bbox 497 1601 2098 1670">
    <p class='ocr_par' dir='ltr' id='par_1_17' title="bbox 497 1601 2098 1670">
     <span class='ocr_line' id='line_1_18' title="bbox 497 1601 2098 1670; baseline -0.001 -13"><span class='ocrx_word' id='word_1_98' title='bbox 497 1601 553 1657; x_wconf 89' lang='lat' dir='ltr'><strong>in</strong></span> <span class='ocrx_word' id='word_1_99' title='bbox 599 1601 762 1657; x_wconf 92' lang='lat' dir='ltr'><strong>modo</strong></span> <span class='ocrx_word' id='word_1_100' title='bbox 815 1601 1099 1656; x_wconf 81' lang='lat' dir='ltr'><strong>recitatum</strong></span> <span class='ocrx_word' id='word_1_101' title='bbox 1154 1611 1257 1655; x_wconf 89' lang='lat' dir='ltr'><strong>est.</strong></span> <span class='ocrx_word' id='word_1_102' title='bbox 1314 1601 1580 1656; x_wconf 88' lang='lat' dir='ltr'><strong>Debemus</strong></span> <span class='ocrx_word' id='word_1_103' title='bbox 1635 1617 1763 1670; x_wconf 88' lang='lat' dir='ltr'><strong>ergo</strong></span> <span class='ocrx_word' id='word_1_104' title='bbox 1816 1602 2098 1656; x_wconf 75' lang='lat' dir='ltr'><strong>advertere</strong></span> 
     </span>
    </p>
   </div>
   <div class='ocr_carea' id='block_1_18' title="bbox 498 1693 2100 1763">
    <p class='ocr_par' dir='ltr' id='par_1_18' title="bbox 498 1693 2100 1763">
     <span class='ocr_line' id='line_1_19' title="bbox 498 1693 2100 1763; baseline -0.002 -13"><span class='ocrx_word' id='word_1_105' title='bbox 498 1706 678 1750; x_wconf 89' lang='lat' dir='ltr'><strong>utrum</strong></span> <span class='ocrx_word' id='word_1_106' title='bbox 711 1702 766 1749; x_wconf 92' lang='lat' dir='ltr'><strong>et</strong></span> <span class='ocrx_word' id='word_1_107' title='bbox 791 1693 894 1747; x_wconf 87' lang='lat' dir='ltr'><strong>hoc</strong></span> <span class='ocrx_word' id='word_1_108' title='bbox 921 1705 1049 1748; x_wconf 88' lang='lat' dir='ltr'><strong>ante</strong></span> <span class='ocrx_word' id='word_1_109' title='bbox 1070 1735 1086 1759; x_wconf 95' lang='lat'><strong>,</strong></span> <span class='ocrx_word' id='word_1_110' title='bbox 1139 1702 1200 1748; x_wconf 89' lang='lat' dir='ltr'><strong>ut</strong></span> <span class='ocrx_word' id='word_1_111' title='bbox 1229 1694 1602 1763; x_wconf 80' lang='lat' dir='ltr'><strong>imperialibus</strong></span> <span class='ocrx_word' id='word_1_112' title='bbox 1654 1695 1876 1748; x_wconf 89' lang='lat' dir='ltr'><strong>auribus</strong></span> <span class='ocrx_word' id='word_1_113' title='bbox 1919 1694 2100 1749; x_wconf 85' lang='lat' dir='ltr'><strong>defer-</strong></span> 
     </span>
    </p>
   </div>
   <div class='ocr_carea' id='block_1_19' title="bbox 2189 497 3116 568">
    <p class='ocr_par' dir='ltr' id='par_1_19' title="bbox 2189 497 3116 568">
     <span class='ocr_line' id='line_1_20' title="bbox 2189 497 3116 568; baseline 0 -16"><span class='ocrx_word' id='word_1_114' title='bbox 2189 508 2291 552; x_wconf 87' lang='lat' dir='ltr'><strong>est.</strong></span> <span class='ocrx_word' id='word_1_115' title='bbox 2323 497 2389 551; x_wconf 88' lang='lat' dir='ltr'><strong>Et</strong></span> <span class='ocrx_word' id='word_1_116' title='bbox 2411 501 2516 552; x_wconf 86' lang='lat' dir='ltr'><strong>alia</strong></span> <span class='ocrx_word' id='word_1_117' title='bbox 2545 516 2723 554; x_wconf 86' lang='lat' dir='ltr'><strong>manu.</strong></span> <span class='ocrx_word' id='word_1_118' title='bbox 2781 498 3116 568; x_wconf 78' lang='lat' dir='ltr'><strong>Rccognovi.</strong></span> 
     </span>
    </p>
   </div>
   <div class='ocr_carea' id='block_1_20' title="bbox 2264 591 3792 664">
    <p class='ocr_par' dir='ltr' id='par_1_20' title="bbox 2264 591 3792 664">
     <span class='ocr_line' id='line_1_21' title="bbox 2264 591 3792 664; baseline 0.001 -19"><span class='ocrx_word' id='word_1_119' title='bbox 2264 591 2386 646; x_wconf 79' lang='grc'><strong>165.</strong></span> <span class='ocrx_word' id='word_1_120' title='bbox 2422 591 2718 646; x_wconf 82' lang='lat' dir='ltr'><strong>Adeodatus</strong></span> <span class='ocrx_word' id='word_1_121' title='bbox 2737 595 3012 662; x_wconf 84' lang='lat' dir='ltr'><strong>episcopus</strong></span> <span class='ocrx_word' id='word_1_122' title='bbox 3036 591 3189 646; x_wconf 75' lang='lat' dir='ltr'><strong>dixit.</strong></span> <span class='ocrx_word' id='word_1_123' title='bbox 3211 592 3330 646; x_wconf 83' lang='lat' dir='ltr'><strong>Non</strong></span> <span class='ocrx_word' id='word_1_124' title='bbox 3355 600 3585 664; x_wconf 88' lang='lat' dir='ltr'><strong>possunt</strong></span> <span class='ocrx_word' id='word_1_125' title='bbox 3609 593 3660 646; x_wconf 91' lang='lat' dir='ltr'><strong>in</strong></span> <span class='ocrx_word' id='word_1_126' title='bbox 3686 607 3792 646; x_wconf 91' lang='lat' dir='ltr'><strong>uno</strong></span> 
     </span>
    </p>
   </div>
   <div class='ocr_carea' id='block_1_21' title="bbox 2191 685 3789 757">
    <p class='ocr_par' dir='ltr' id='par_1_21' title="bbox 2191 685 3789 757">
     <span class='ocr_line' id='line_1_22' title="bbox 2191 685 3789 757; baseline -0.001 -16"><span class='ocrx_word' id='word_1_127' title='bbox 2191 685 2446 741; x_wconf 90' lang='lat' dir='ltr'><strong>mandato</strong></span> <span class='ocrx_word' id='word_1_128' title='bbox 2487 685 2702 741; x_wconf 88' lang='lat' dir='ltr'><strong>diversa</strong></span> <span class='ocrx_word' id='word_1_129' title='bbox 2735 686 2981 740; x_wconf 89' lang='lat' dir='ltr'><strong>mandari</strong></span> <span class='ocrx_word' id='word_1_130' title='bbox 3035 686 3271 757; x_wconf 82' lang='lat' dir='ltr'><strong>negotia.</strong></span> <span class='ocrx_word' id='word_1_131' title='bbox 3315 686 3424 742; x_wconf 89' lang='lat' dir='ltr'><strong>Sed</strong></span> <span class='ocrx_word' id='word_1_132' title='bbox 3464 687 3510 740; x_wconf 88' lang='lat' dir='ltr'><strong>si</strong></span> <span class='ocrx_word' id='word_1_133' title='bbox 3564 687 3789 740; x_wconf 78' lang='lat' dir='ltr'><strong>forsitan</strong></span> 
     </span>
    </p>
   </div>
   <div class='ocr_carea' id='block_1_22' title="bbox 2193 777 3790 848">
    <p class='ocr_par' dir='ltr' id='par_1_22' title="bbox 2193 777 3790 848">
     <span class='ocr_line' id='line_1_23' title="bbox 2193 777 3790 848; baseline 0 -16"><span class='ocrx_word' id='word_1_134' title='bbox 2193 777 2383 833; x_wconf 89' lang='lat' dir='ltr'><strong>eadem</strong></span> <span class='ocrx_word' id='word_1_135' title='bbox 2415 794 2533 848; x_wconf 66' lang='lat' dir='ltr'><strong>quae</strong></span> <span class='ocrx_word' id='word_1_136' title='bbox 2564 778 2827 833; x_wconf 88' lang='lat' dir='ltr'><strong>adversus</strong></span> <span class='ocrx_word' id='word_1_137' title='bbox 2871 793 2969 833; x_wconf 91' lang='lat' dir='ltr'><strong>nos</strong></span> <span class='ocrx_word' id='word_1_138' title='bbox 3001 779 3499 841; x_wconf 87' lang='lat' dir='ltr'><strong>mandastis,etiam</strong></span> <span class='ocrx_word' id='word_1_139' title='bbox 3528 777 3790 833; x_wconf 87' lang='lat' dir='ltr'><strong>adversus</strong></span> 
     </span>
    </p>
   </div>
   <div class='ocr_carea' id='block_1_23' title="bbox 2194 870 3802 942">
    <p class='ocr_par' dir='ltr' id='par_1_23' title="bbox 2194 870 3802 942">
     <span class='ocr_line' id='line_1_24' title="bbox 2194 870 3802 942; baseline 0.001 -18"><span class='ocrx_word' id='word_1_140' title='bbox 2194 870 2328 925; x_wconf 90' lang='lat' dir='ltr'><strong>alias</strong></span> <span class='ocrx_word' id='word_1_141' title='bbox 2356 872 2664 942; x_wconf 82' lang='lat' dir='ltr'><strong>provincias</strong></span> <span class='ocrx_word' id='word_1_142' title='bbox 2694 870 2980 927; x_wconf 78' lang='lat' dir='ltr'><strong>mandasse</strong></span> <span class='ocrx_word' id='word_1_143' title='bbox 3009 881 3057 926; x_wconf 90' lang='lat' dir='ltr'><strong>te</strong></span> <span class='ocrx_word' id='word_1_144' title='bbox 3079 879 3332 937; x_wconf 91' lang='lat' dir='ltr'><strong>constat,</strong></span> <span class='ocrx_word' id='word_1_145' title='bbox 3359 871 3501 927; x_wconf 86' lang='lat' dir='ltr'><strong>bene</strong></span> <span class='ocrx_word' id='word_1_146' title='bbox 3531 871 3664 925; x_wconf 79' lang='lat' dir='ltr'><strong>facis</strong></span> <span class='ocrx_word' id='word_1_147' title='bbox 3693 889 3802 926; x_wconf 88' lang='lat' dir='ltr'><strong>non</strong></span> 
     </span>
    </p>
   </div>
   <div class='ocr_carea' id='block_1_24' title="bbox 2194 964 3805 1034">
    <p class='ocr_par' dir='ltr' id='par_1_24' title="bbox 2194 964 3805 1034">
     <span class='ocr_line' id='line_1_25' title="bbox 2194 964 3805 1034; baseline 0.001 -16"><span class='ocrx_word' id='word_1_148' title='bbox 2194 964 2450 1034; x_wconf 85' lang='lat' dir='ltr'><strong>prodere.</strong></span> <span class='ocrx_word' id='word_1_149' title='bbox 2481 964 2598 1018; x_wconf 86' lang='lat' dir='ltr'><strong>Non</strong></span> <span class='ocrx_word' id='word_1_150' title='bbox 2652 972 2704 1018; x_wconf 91' lang='lat' dir='ltr'><strong>te</strong></span> <span class='ocrx_word' id='word_1_151' title='bbox 2761 979 2891 1034; x_wconf 88' lang='lat' dir='ltr'><strong>ergo</strong></span> <span class='ocrx_word' id='word_1_152' title='bbox 2949 965 2999 1018; x_wconf 92' lang='lat' dir='ltr'><strong>in</strong></span> <span class='ocrx_word' id='word_1_153' title='bbox 3053 964 3290 1019; x_wconf 90' lang='lat' dir='ltr'><strong>medium</strong></span> <span class='ocrx_word' id='word_1_154' title='bbox 3341 964 3609 1034; x_wconf 82' lang='lat' dir='ltr'><strong>proferas.</strong></span> <span class='ocrx_word' id='word_1_155' title='bbox 3655 966 3805 1032; x_wconf 84' lang='lat' dir='ltr'><strong>Quo-</strong></span> 
     </span>
    </p>
   </div>
   <div class='ocr_carea' id='block_1_25' title="bbox 2199 1058 3810 1129">
    <p class='ocr_par' dir='ltr' id='par_1_25' title="bbox 2199 1058 3810 1129">
     <span class='ocr_line' id='line_1_26' title="bbox 2199 1058 3810 1129; baseline 0.001 -16"><span class='ocrx_word' id='word_1_156' title='bbox 2199 1059 2344 1113; x_wconf 89' lang='lat' dir='ltr'><strong>niam</strong></span> <span class='ocrx_word' id='word_1_157' title='bbox 2388 1074 2473 1113; x_wconf 90' lang='lat' dir='ltr'><strong>me</strong></span> <span class='ocrx_word' id='word_1_158' title='bbox 2507 1058 2738 1128; x_wconf 88' lang='lat' dir='ltr'><strong>primum</strong></span> <span class='ocrx_word' id='word_1_159' title='bbox 2764 1058 2980 1129; x_wconf 84' lang='lat' dir='ltr'><strong>insequi</strong></span> <span class='ocrx_word' id='word_1_160' title='bbox 3008 1058 3314 1126; x_wconf 89' lang='lat' dir='ltr'><strong>desideras,</strong></span> <span class='ocrx_word' id='word_1_161' title='bbox 3340 1073 3527 1115; x_wconf 89' lang='lat' dir='ltr'><strong>servas</strong></span> <span class='ocrx_word' id='word_1_162' title='bbox 3550 1058 3653 1114; x_wconf 90' lang='lat' dir='ltr'><strong>hoc</strong></span> <span class='ocrx_word' id='word_1_163' title='bbox 3685 1059 3810 1115; x_wconf 88' lang='lat' dir='ltr'><strong>aliis</strong></span> 
     </span>
    </p>
   </div>
   <div class='ocr_carea' id='block_1_26' title="bbox 2203 1151 3808 1224">
    <p class='ocr_par' dir='ltr' id='par_1_26' title="bbox 2203 1151 3808 1224">
     <span class='ocr_line' id='line_1_27' title="bbox 2203 1151 3808 1224; baseline 0.001 -17"><span class='ocrx_word' id='word_1_164' title='bbox 2203 1152 2515 1223; x_wconf 86' lang='lat' dir='ltr'><strong>provinciis.</strong></span> <span class='ocrx_word' id='word_1_165' title='bbox 2561 1151 2862 1208; x_wconf 90' lang='lat' dir='ltr'><strong>Ostendisti</strong></span> <span class='ocrx_word' id='word_1_166' title='bbox 2914 1153 3041 1222; x_wconf 89' lang='lat' dir='ltr'><strong>quid</strong></span> <span class='ocrx_word' id='word_1_167' title='bbox 3077 1151 3289 1220; x_wconf 81' lang='lat' dir='ltr'><strong>fecisti,</strong></span> <span class='ocrx_word' id='word_1_168' title='bbox 3341 1153 3632 1209; x_wconf 89' lang='lat' dir='ltr'><strong>ostendisti</strong></span> <span class='ocrx_word' id='word_1_169' title='bbox 3677 1153 3808 1224; x_wconf 85' lang='lat' dir='ltr'><strong>quid</strong></span> 
     </span>
    </p>
   </div>
   <div class='ocr_carea' id='block_1_27' title="bbox 2198 1243 3804 1311">
    <p class='ocr_par' dir='ltr' id='par_1_27' title="bbox 2198 1243 3804 1311">
     <span class='ocr_line' id='line_1_28' title="bbox 2198 1243 3804 1311; baseline 0.001 -11"><span class='ocrx_word' id='word_1_170' title='bbox 2198 1245 2366 1300; x_wconf 89' lang='lat' dir='ltr'><strong>celes.</strong></span> <span class='ocrx_word' id='word_1_171' title='bbox 2417 1243 2602 1300; x_wconf 85' lang='lat' dir='ltr'><strong>Teneo</strong></span> <span class='ocrx_word' id='word_1_172' title='bbox 2641 1255 2792 1300; x_wconf 91' lang='lat' dir='ltr'><strong>tuum</strong></span> <span class='ocrx_word' id='word_1_173' title='bbox 2847 1245 3231 1311; x_wconf 85' lang='lat' dir='ltr'><strong>mendacium,</strong></span> <span class='ocrx_word' id='word_1_174' title='bbox 3281 1254 3440 1302; x_wconf 87' lang='lat' dir='ltr'><strong>teneo</strong></span> <span class='ocrx_word' id='word_1_175' title='bbox 3489 1245 3804 1302; x_wconf 85' lang='lat' dir='ltr'><strong>falsitatem.</strong></span> 
     </span>
    </p>
   </div>
   <div class='ocr_carea' id='block_1_28' title="bbox 2199 1336 3811 1412">
    <p class='ocr_par' dir='ltr' id='par_1_28' title="bbox 2199 1336 3811 1412">
     <span class='ocr_line' id='line_1_29' title="bbox 2199 1336 3811 1412; baseline 0.004 -22"><span class='ocrx_word' id='word_1_176' title='bbox 2199 1336 2268 1391; x_wconf 88' lang='lat' dir='ltr'><strong>Et</strong></span> <span class='ocrx_word' id='word_1_177' title='bbox 2297 1339 2406 1392; x_wconf 86' lang='lat' dir='ltr'><strong>alia</strong></span> <span class='ocrx_word' id='word_1_178' title='bbox 2435 1356 2609 1392; x_wconf 86' lang='lat' dir='ltr'><strong>manu.</strong></span> <span class='ocrx_word' id='word_1_179' title='bbox 2645 1338 2960 1395; x_wconf 82' lang='lat' dir='ltr'><strong>Adeodatus</strong></span> <span class='ocrx_word' id='word_1_180' title='bbox 2987 1341 3277 1412; x_wconf 83' lang='lat' dir='ltr'><strong>episcopus</strong></span> <span class='ocrx_word' id='word_1_181' title='bbox 3307 1341 3454 1396; x_wconf 87' lang='lat' dir='ltr'><strong>salva</strong></span> <span class='ocrx_word' id='word_1_182' title='bbox 3481 1341 3811 1412; x_wconf 76' lang='lat' dir='ltr'><strong>appellatio-</strong></span> 
     </span>
    </p>
   </div>
   <div class='ocr_carea' id='block_1_29' title="bbox 2201 1434 2615 1503">
    <p class='ocr_par' dir='ltr' id='par_1_29' title="bbox 2201 1434 2615 1503">
     <span class='ocr_line' id='line_1_30' title="bbox 2201 1434 2615 1503; baseline 0 -15"><span class='ocrx_word' id='word_1_183' title='bbox 2201 1448 2269 1489; x_wconf 88' lang='lat' dir='ltr'><strong>ne</strong></span> <span class='ocrx_word' id='word_1_184' title='bbox 2297 1434 2615 1503; x_wconf 79' lang='lat' dir='ltr'><strong>recognovi.</strong></span> 
     </span>
    </p>
   </div>
   <div class='ocr_carea' id='block_1_30' title="bbox 2275 1523 3808 1581">
    <p class='ocr_par' dir='ltr' id='par_1_30' title="bbox 2275 1523 3808 1581">
     <span class='ocr_line' id='line_1_31' title="bbox 2275 1523 3808 1581; baseline 0.001 -3"><span class='ocrx_word' id='word_1_185' title='bbox 2275 1525 2396 1580; x_wconf 68' lang='grc'><strong>161.</strong></span> <span class='ocrx_word' id='word_1_186' title='bbox 2431 1523 2770 1580; x_wconf 79' lang='lat' dir='ltr'><strong>Marcellinus</strong></span> <span class='ocrx_word' id='word_1_187' title='bbox 2794 1523 2871 1578; x_wconf 84' lang='lat' dir='ltr'><strong>vir</strong></span> <span class='ocrx_word' id='word_1_188' title='bbox 2898 1525 3219 1580; x_wconf 81' lang='lat' dir='ltr'><strong>clarissimus</strong></span> <span class='ocrx_word' id='word_1_189' title='bbox 3238 1525 3478 1581; x_wconf 73' lang='lat' dir='ltr'><strong>tribunus</strong></span> <span class='ocrx_word' id='word_1_190' title='bbox 3504 1535 3553 1580; x_wconf 86' lang='lat' dir='ltr'><strong>et</strong></span> <span class='ocrx_word' id='word_1_191' title='bbox 3577 1527 3808 1580; x_wconf 85' lang='lat' dir='ltr'><strong>notarius</strong></span> 
     </span>
    </p>
   </div>
   <div class='ocr_carea' id='block_1_31' title="bbox 2202 1616 3812 1688">
    <p class='ocr_par' dir='ltr' id='par_1_31' title="bbox 2202 1616 3812 1688">
     <span class='ocr_line' id='line_1_32' title="bbox 2202 1616 3812 1688; baseline 0.001 -17"><span class='ocrx_word' id='word_1_192' title='bbox 2202 1617 2356 1671; x_wconf 81' lang='lat' dir='ltr'><strong>dixit.</strong></span> <span class='ocrx_word' id='word_1_193' title='bbox 2389 1616 2905 1671; x_wconf 72' lang='lat' dir='ltr'><strong>Prosecutione‘sua</strong></span> <span class='ocrx_word' id='word_1_194' title='bbox 2924 1656 2940 1682; x_wconf 96' lang='lat'><strong>,</strong></span> <span class='ocrx_word' id='word_1_195' title='bbox 2966 1616 3049 1670; x_wconf 89' lang='lat' dir='ltr'><strong>vir</strong></span> <span class='ocrx_word' id='word_1_196' title='bbox 3079 1617 3440 1681; x_wconf 85' lang='lat' dir='ltr'><strong>venerabilis,</strong></span> <span class='ocrx_word' id='word_1_197' title='bbox 3483 1619 3528 1672; x_wconf 92' lang='lat' dir='ltr'><strong>si</strong></span> <span class='ocrx_word' id='word_1_198' title='bbox 3557 1619 3812 1688; x_wconf 91' lang='lat' dir='ltr'><strong>dignatur</strong></span> 
     </span>
    </p>
   </div>
   <div class='ocr_carea' id='block_1_32' title="bbox 2203 1708 3809 1779">
    <p class='ocr_par' dir='ltr' id='par_1_32' title="bbox 2203 1708 3809 1779">
     <span class='ocr_line' id='line_1_33' title="bbox 2203 1708 3809 1779; baseline 0.002 -16"><span class='ocrx_word' id='word_1_199' title='bbox 2203 1710 2462 1764; x_wconf 85' lang='lat' dir='ltr'><strong>sanctitas</strong></span> <span class='ocrx_word' id='word_1_200' title='bbox 2493 1719 2582 1763; x_wconf 89' lang='lat' dir='ltr'><strong>tua</strong></span> <span class='ocrx_word' id='word_1_201' title='bbox 2613 1709 2906 1779; x_wconf 76' lang='lat' dir='ltr'><strong>diligenter</strong></span> <span class='ocrx_word' id='word_1_202' title='bbox 2936 1709 3220 1763; x_wconf 84' lang='lat' dir='ltr'><strong>advertere</strong></span> <span class='ocrx_word' id='word_1_203' title='bbox 3246 1750 3260 1773; x_wconf 94' lang='lat'><strong>,</strong></span> <span class='ocrx_word' id='word_1_204' title='bbox 3290 1723 3398 1764; x_wconf 91' lang='lat' dir='ltr'><strong>non</strong></span> <span class='ocrx_word' id='word_1_205' title='bbox 3432 1708 3722 1764; x_wconf 87' lang='lat' dir='ltr'><strong>adversum</strong></span> <span class='ocrx_word' id='word_1_206' title='bbox 3755 1720 3809 1766; x_wconf 82' lang='lat' dir='ltr'><strong>te</strong></span> 
     </span>
    </p>
   </div>
   <div class='ocr_carea' id='block_1_33' title="bbox 495 1786 3804 1872">
    <p class='ocr_par' dir='ltr' id='par_1_33' title="bbox 495 1786 3804 1872">
     <span class='ocr_line' id='line_1_34' title="bbox 495 1786 3804 1872; baseline -0.001 -28"><span class='ocrx_word' id='word_1_207' title='bbox 495 1797 648 1844; x_wconf 85' lang='lat' dir='ltr'><strong>retur</strong></span> <span class='ocrx_word' id='word_1_208' title='bbox 673 1830 686 1854; x_wconf 88' lang='lat'><strong>,</strong></span> <span class='ocrx_word' id='word_1_209' title='bbox 715 1787 786 1843; x_wconf 91' lang='lat' dir='ltr'><strong>ab</strong></span> <span class='ocrx_word' id='word_1_210' title='bbox 815 1786 1007 1842; x_wconf 87' lang='lat' dir='ltr'><strong>iisdem</strong></span> <span class='ocrx_word' id='word_1_211' title='bbox 1047 1787 1261 1842; x_wconf 88' lang='lat' dir='ltr'><strong>videtur</strong></span> <span class='ocrx_word' id='word_1_212' title='bbox 1297 1802 1420 1844; x_wconf 89' lang='lat' dir='ltr'><strong>esse</strong></span> <span class='ocrx_word' id='word_1_213' title='bbox 1449 1789 1849 1858; x_wconf 89' lang='lat' dir='ltr'><strong>conscriptum;</strong></span> <span class='ocrx_word' id='word_1_214' title='bbox 1885 1799 1944 1843; x_wconf 92' lang='lat' dir='ltr'><strong>ut</strong></span> <span class='ocrx_word' id='word_1_215' title='bbox 1969 1804 2090 1844; x_wconf 92' lang='lat' dir='ltr'><strong>cum</strong></span> <span class='ocrx_word' id='word_1_216' title='bbox 2125 1801 2170 1860; x_wconf 80' lang='grc' dir='ltr'><strong>Β</strong></span> <span class='ocrx_word' id='word_1_217' title='bbox 2198 1800 2403 1870; x_wconf 72' lang='lat' dir='ltr'><strong>aliquid</strong></span> <span class='ocrx_word' id='word_1_218' title='bbox 2433 1815 2490 1854; x_wconf 81' lang='lat' dir='ltr'><strong>se</strong></span> <span class='ocrx_word' id='word_1_219' title='bbox 2523 1799 2843 1868; x_wconf 65' lang='lat' dir='ltr'><strong>mandasse,</strong></span> <span class='ocrx_word' id='word_1_220' title='bbox 2887 1800 2982 1856; x_wconf 72' lang='lat' dir='ltr'><strong>sed</strong></span> <span class='ocrx_word' id='word_1_221' title='bbox 3031 1815 3094 1856; x_wconf 75' lang='lat' dir='ltr'><strong>ea</strong></span> <span class='ocrx_word' id='word_1_222' title='bbox 3130 1814 3254 1871; x_wconf 60' lang='lat' dir='ltr'><strong>qua),</strong></span> <span class='ocrx_word' id='word_1_223' title='bbox 3283 1800 3346 1854; x_wconf 78' lang='lat' dir='ltr'><strong>ad</strong></span> <span class='ocrx_word' id='word_1_224' title='bbox 3385 1812 3437 1856; x_wconf 79' lang='lat' dir='ltr'><strong>le</strong></span> <span class='ocrx_word' id='word_1_225' title='bbox 3485 1816 3595 1855; x_wconf 83' lang='grc' dir='ltr'><strong>ηοη</strong></span> <span class='ocrx_word' id='word_1_226' title='bbox 3635 1803 3804 1872; x_wconf 67' lang='lat' dir='ltr'><strong>pel-li-</strong></span> 
     </span>
    </p>
   </div>
   <div class='ocr_carea' id='block_1_34' title="bbox 498 1879 2094 1950">
    <p class='ocr_par' dir='ltr' id='par_1_34' title="bbox 498 1879 2094 1950">
     <span class='ocr_line' id='line_1_35' title="bbox 498 1879 2094 1950; baseline -0.001 -13"><span class='ocrx_word' id='word_1_227' title='bbox 498 1889 724 1950; x_wconf 88' lang='lat' dir='ltr'><strong>utraque</strong></span> <span class='ocrx_word' id='word_1_228' title='bbox 751 1880 1001 1934; x_wconf 90' lang='lat' dir='ltr'><strong>mandata</strong></span> <span class='ocrx_word' id='word_1_229' title='bbox 1049 1880 1102 1934; x_wconf 90' lang='lat' dir='ltr'><strong>in</strong></span> <span class='ocrx_word' id='word_1_230' title='bbox 1127 1879 1332 1948; x_wconf 86' lang='lat' dir='ltr'><strong>judicio</strong></span> <span class='ocrx_word' id='word_1_231' title='bbox 1373 1879 1577 1935; x_wconf 86' lang='lat' dir='ltr'><strong>fuerint</strong></span> <span class='ocrx_word' id='word_1_232' title='bbox 1606 1882 1826 1935; x_wconf 88' lang='lat' dir='ltr'><strong>recitata</strong></span> <span class='ocrx_word' id='word_1_233' title='bbox 1849 1925 1863 1948; x_wconf 91' lang='lat'><strong>,</strong></span> <span class='ocrx_word' id='word_1_234' title='bbox 1913 1889 2094 1936; x_wconf 91' lang='lat' dir='ltr'><strong>utrum</strong></span> 
     </span>
    </p>
   </div>
   <div class='ocr_carea' id='block_1_35' title="bbox 497 1972 2097 2041">
    <p class='ocr_par' dir='ltr' id='par_1_35' title="bbox 497 1972 2097 2041">
     <span class='ocr_line' id='line_1_36' title="bbox 497 1972 2097 2041; baseline -0.001 -13"><span class='ocrx_word' id='word_1_235' title='bbox 497 1989 662 2029; x_wconf 87' lang='lat' dir='ltr'><strong>unam</strong></span> <span class='ocrx_word' id='word_1_236' title='bbox 692 1973 979 2027; x_wconf 87' lang='lat' dir='ltr'><strong>habuerint</strong></span> <span class='ocrx_word' id='word_1_237' title='bbox 1018 1973 1384 2037; x_wconf 84' lang='lat' dir='ltr'><strong>voluntatem,</strong></span> <span class='ocrx_word' id='word_1_238' title='bbox 1425 1972 1671 2041; x_wconf 88' lang='lat' dir='ltr'><strong>judicare</strong></span> <span class='ocrx_word' id='word_1_239' title='bbox 1716 1973 1977 2039; x_wconf 73' lang='lat' dir='ltr'><strong>digneris.</strong></span> <span class='ocrx_word' id='word_1_240' title='bbox 2025 1973 2097 2026; x_wconf 88' lang='lat' dir='ltr'><strong>Et</strong></span> 
     </span>
    </p>
   </div>
   <div class='ocr_carea' id='block_1_36' title="bbox 497 2064 2095 2137">
    <p class='ocr_par' dir='ltr' id='par_1_36' title="bbox 497 2064 2095 2137">
     <span class='ocr_line' id='line_1_37' title="bbox 497 2064 2095 2137; baseline 0.001 -17"><span class='ocrx_word' id='word_1_241' title='bbox 497 2067 605 2120; x_wconf 88' lang='lat' dir='ltr'><strong>alia</strong></span> <span class='ocrx_word' id='word_1_242' title='bbox 631 2083 810 2120; x_wconf 87' lang='lat' dir='ltr'><strong>manu.</strong></span> <span class='ocrx_word' id='word_1_243' title='bbox 864 2064 1135 2119; x_wconf 86' lang='lat' dir='ltr'><strong>Emeritus</strong></span> <span class='ocrx_word' id='word_1_244' title='bbox 1164 2067 1451 2135; x_wconf 83' lang='lat' dir='ltr'><strong>episcOpus</strong></span> <span class='ocrx_word' id='word_1_245' title='bbox 1495 2067 1647 2120; x_wconf 87' lang='lat' dir='ltr'><strong>salvo</strong></span> <span class='ocrx_word' id='word_1_246' title='bbox 1683 2065 1879 2121; x_wconf 72' lang='lat' dir='ltr'><strong>eﬁectu</strong></span> <span class='ocrx_word' id='word_1_247' title='bbox 1907 2067 2095 2137; x_wconf 85' lang='lat' dir='ltr'><strong>appel-</strong></span> 
     </span>
    </p>
   </div>
   <div class='ocr_carea' id='block_1_37' title="bbox 499 2159 1066 2224">
    <p class='ocr_par' dir='ltr' id='par_1_37' title="bbox 499 2159 1066 2224">
     <span class='ocr_line' id='line_1_38' title="bbox 499 2159 1066 2224; baseline -0.011 -8"><span class='ocrx_word' id='word_1_248' title='bbox 499 2159 722 2216; x_wconf 88' lang='lat' dir='ltr'><strong>lationis</strong></span> <span class='ocrx_word' id='word_1_249' title='bbox 753 2159 1066 2224; x_wconf 74' lang='lat' dir='ltr'><strong>recognovi.</strong></span> 
     </span>
    </p>
   </div>
   <div class='ocr_carea' id='block_1_38' title="bbox 571 2248 2090 2321">
    <p class='ocr_par' dir='ltr' id='par_1_38' title="bbox 571 2248 2090 2321">
     <span class='ocr_line' id='line_1_39' title="bbox 571 2248 2090 2321; baseline -0.001 -16"><span class='ocrx_word' id='word_1_250' title='bbox 571 2251 693 2308; x_wconf 82' lang='grc'><strong>160.</strong></span> <span class='ocrx_word' id='word_1_251' title='bbox 727 2249 1043 2319; x_wconf 75' lang='lat' dir='ltr'><strong>Augustinus</strong></span> <span class='ocrx_word' id='word_1_252' title='bbox 1073 2249 1348 2321; x_wconf 79' lang='lat' dir='ltr'><strong>episcOpus</strong></span> <span class='ocrx_word' id='word_1_253' title='bbox 1374 2248 1622 2304; x_wconf 70' lang='lat' dir='ltr'><strong>Ecclesia:</strong></span> <span class='ocrx_word' id='word_1_254' title='bbox 1647 2250 1917 2304; x_wconf 72' lang='lat' dir='ltr'><strong>catholica!</strong></span> <span class='ocrx_word' id='word_1_255' title='bbox 1939 2248 2090 2304; x_wconf 88' lang='lat' dir='ltr'><strong>dixit.</strong></span> 
     </span>
    </p>
   </div>
   <div class='ocr_carea' id='block_1_39' title="bbox 496 2341 2098 2413">
    <p class='ocr_par' dir='ltr' id='par_1_39' title="bbox 496 2341 2098 2413">
     <span class='ocr_line' id='line_1_40' title="bbox 496 2341 2098 2413; baseline -0.004 -12"><span class='ocrx_word' id='word_1_256' title='bbox 496 2344 618 2401; x_wconf 84' lang='lat' dir='ltr'><strong>Jam</strong></span> <span class='ocrx_word' id='word_1_257' title='bbox 664 2346 825 2398; x_wconf 84' lang='lat' dir='ltr'><strong>toties</strong></span> <span class='ocrx_word' id='word_1_258' title='bbox 860 2343 1341 2398; x_wconf 86' lang='lat' dir='ltr'><strong>conclamavimus.</strong></span> <span class='ocrx_word' id='word_1_259' title='bbox 1373 2342 1683 2397; x_wconf 88' lang='lat' dir='ltr'><strong>Mandatum</strong></span> <span class='ocrx_word' id='word_1_260' title='bbox 1727 2342 1868 2413; x_wconf 89' lang='lat' dir='ltr'><strong>quod</strong></span> <span class='ocrx_word' id='word_1_261' title='bbox 1919 2341 2098 2412; x_wconf 76' lang='lat' dir='ltr'><strong>injun-</strong></span> 
     </span>
    </p>
   </div>
   <div class='ocr_carea' id='block_1_40' title="bbox 495 2434 2096 2505">
    <p class='ocr_par' dir='ltr' id='par_1_40' title="bbox 495 2434 2096 2505">
     <span class='ocr_line' id='line_1_41' title="bbox 495 2434 2096 2505; baseline -0.003 -12"><span class='ocrx_word' id='word_1_262' title='bbox 495 2447 642 2493; x_wconf 90' lang='lat' dir='ltr'><strong>ctum</strong></span> <span class='ocrx_word' id='word_1_263' title='bbox 669 2447 753 2492; x_wconf 85' lang='lat' dir='ltr'><strong>est</strong></span> <span class='ocrx_word' id='word_1_264' title='bbox 778 2435 970 2505; x_wconf 75' lang='lat' dir='ltr'><strong>legatis</strong></span> <span class='ocrx_word' id='word_1_265' title='bbox 995 2434 1376 2504; x_wconf 86' lang='lat' dir='ltr'><strong>episcoporum</strong></span> <span class='ocrx_word' id='word_1_266' title='bbox 1405 2475 1420 2496; x_wconf 93' lang='lat'><strong>,</strong></span> <span class='ocrx_word' id='word_1_267' title='bbox 1453 2435 1522 2489; x_wconf 90' lang='lat' dir='ltr'><strong>ab</strong></span> <span class='ocrx_word' id='word_1_268' title='bbox 1551 2435 1825 2504; x_wconf 88' lang='lat' dir='ltr'><strong>episcopis</strong></span> <span class='ocrx_word' id='word_1_269' title='bbox 1853 2434 2096 2503; x_wconf 84' lang='lat' dir='ltr'><strong>ﬂagitant</strong></span> 
     </span>
    </p>
   </div>
   <div class='ocr_carea' id='block_1_41' title="bbox 492 2527 2092 2599">
    <p class='ocr_par' dir='ltr' id='par_1_41' title="bbox 492 2527 2092 2599">
     <span class='ocr_line' id='line_1_42' title="bbox 492 2527 2092 2599; baseline -0.003 -12"><span class='ocrx_word' id='word_1_270' title='bbox 492 2531 596 2588; x_wconf 83' lang='lat' dir='ltr'><strong>sibi</strong></span> <span class='ocrx_word' id='word_1_271' title='bbox 629 2529 867 2585; x_wconf 88' lang='lat' dir='ltr'><strong>recitari.</strong></span> <span class='ocrx_word' id='word_1_272' title='bbox 921 2528 1032 2583; x_wconf 83' lang='lat' dir='ltr'><strong>Hoc</strong></span> <span class='ocrx_word' id='word_1_273' title='bbox 1062 2537 1146 2584; x_wconf 87' lang='lat' dir='ltr'><strong>est</strong></span> <span class='ocrx_word' id='word_1_274' title='bbox 1197 2527 1372 2582; x_wconf 88' lang='lat' dir='ltr'><strong>aliena</strong></span> <span class='ocrx_word' id='word_1_275' title='bbox 1426 2529 1708 2599; x_wconf 85' lang='lat' dir='ltr'><strong>requirere</strong></span> <span class='ocrx_word' id='word_1_276' title='bbox 1756 2528 1823 2581; x_wconf 90' lang='lat' dir='ltr'><strong>ad</strong></span> <span class='ocrx_word' id='word_1_277' title='bbox 1873 2542 2092 2582; x_wconf 86' lang='lat' dir='ltr'><strong>causam</strong></span> 
     </span>
    </p>
   </div>
   <div class='ocr_carea' id='block_1_42' title="bbox 495 2619 2091 2694">
    <p class='ocr_par' dir='ltr' id='par_1_42' title="bbox 495 2619 2091 2694">
     <span class='ocr_line' id='line_1_43' title="bbox 495 2619 2091 2694; baseline -0.005 -15"><span class='ocrx_word' id='word_1_278' title='bbox 495 2639 604 2679; x_wconf 84' lang='lat' dir='ltr'><strong>non</strong></span> <span class='ocrx_word' id='word_1_279' title='bbox 633 2623 978 2694; x_wconf 84' lang='lat' dir='ltr'><strong>pertinentia.</strong></span> <span class='ocrx_word' id='word_1_280' title='bbox 1011 2621 1320 2675; x_wconf 79' lang='lat' dir='ltr'><strong>Mandatum</strong></span> <span class='ocrx_word' id='word_1_281' title='bbox 1369 2621 1509 2690; x_wconf 92' lang='lat' dir='ltr'><strong>quod</strong></span> <span class='ocrx_word' id='word_1_282' title='bbox 1543 2620 1700 2674; x_wconf 90' lang='lat' dir='ltr'><strong>nobis</strong></span> <span class='ocrx_word' id='word_1_283' title='bbox 1728 2628 1951 2690; x_wconf 90' lang='lat' dir='ltr'><strong>propter</strong></span> <span class='ocrx_word' id='word_1_284' title='bbox 1977 2619 2091 2673; x_wconf 83' lang='lat' dir='ltr'><strong>col-</strong></span> 
     </span>
    </p>
   </div>
   <div class='ocr_carea' id='block_1_43' title="bbox 493 2710 2096 2783">
    <p class='ocr_par' dir='ltr' id='par_1_43' title="bbox 493 2710 2096 2783">
     <span class='ocr_line' id='line_1_44' title="bbox 493 2710 2096 2783; baseline -0.004 -11"><span class='ocrx_word' id='word_1_285' title='bbox 493 2717 753 2772; x_wconf 88' lang='lat' dir='ltr'><strong>lationem</strong></span> <span class='ocrx_word' id='word_1_286' title='bbox 775 2729 897 2770; x_wconf 91' lang='lat' dir='ltr'><strong>eum</strong></span> <span class='ocrx_word' id='word_1_287' title='bbox 922 2713 1006 2768; x_wconf 90' lang='lat' dir='ltr'><strong>bis</strong></span> <span class='ocrx_word' id='word_1_288' title='bbox 1037 2713 1336 2767; x_wconf 83' lang='lat' dir='ltr'><strong>faciendam</strong></span> <span class='ocrx_word' id='word_1_289' title='bbox 1361 2713 1657 2783; x_wconf 88' lang='lat' dir='ltr'><strong>injunctum</strong></span> <span class='ocrx_word' id='word_1_290' title='bbox 1686 2723 1767 2766; x_wconf 89' lang='lat' dir='ltr'><strong>est</strong></span> <span class='ocrx_word' id='word_1_291' title='bbox 1784 2751 1800 2777; x_wconf 91' lang='lat'><strong>,</strong></span> <span class='ocrx_word' id='word_1_292' title='bbox 1828 2712 1929 2766; x_wconf 93' lang='lat' dir='ltr'><strong>hoc</strong></span> <span class='ocrx_word' id='word_1_293' title='bbox 1955 2710 2096 2767; x_wconf 83' lang='lat' dir='ltr'><strong>reci-</strong></span> 
     </span>
    </p>
   </div>
   <div class='ocr_carea' id='block_1_44' title="bbox 496 2803 2095 2874">
    <p class='ocr_par' dir='ltr' id='par_1_44' title="bbox 496 2803 2095 2874">
     <span class='ocr_line' id='line_1_45' title="bbox 496 2803 2095 2874; baseline -0.005 -8"><span class='ocrx_word' id='word_1_294' title='bbox 496 2819 668 2866; x_wconf 87' lang='lat' dir='ltr'><strong>talum</strong></span> <span class='ocrx_word' id='word_1_295' title='bbox 713 2816 833 2874; x_wconf 92' lang='lat' dir='ltr'><strong>est,</strong></span> <span class='ocrx_word' id='word_1_296' title='bbox 870 2808 973 2861; x_wconf 91' lang='lat' dir='ltr'><strong>hoc</strong></span> <span class='ocrx_word' id='word_1_297' title='bbox 992 2806 1073 2861; x_wconf 89' lang='lat' dir='ltr'><strong>eis</strong></span> <span class='ocrx_word' id='word_1_298' title='bbox 1102 2806 1352 2861; x_wconf 90' lang='lat' dir='ltr'><strong>sufﬁciat.</strong></span> <span class='ocrx_word' id='word_1_299' title='bbox 1382 2806 1519 2874; x_wconf 89' lang='lat' dir='ltr'><strong>Quid</strong></span> <span class='ocrx_word' id='word_1_300' title='bbox 1546 2807 1590 2860; x_wconf 92' lang='lat' dir='ltr'><strong>si</strong></span> <span class='ocrx_word' id='word_1_301' title='bbox 1621 2806 1765 2860; x_wconf 92' lang='lat' dir='ltr'><strong>enim</strong></span> <span class='ocrx_word' id='word_1_302' title='bbox 1812 2804 1988 2874; x_wconf 91' lang='lat' dir='ltr'><strong>aliqua</strong></span> <span class='ocrx_word' id='word_1_303' title='bbox 2019 2803 2095 2858; x_wconf 91' lang='lat' dir='ltr'><strong>le-</strong></span> 
     </span>
    </p>
   </div>
   <div class='ocr_carea' id='block_1_45' title="bbox 495 2897 2092 2974">
    <p class='ocr_par' dir='ltr' id='par_1_45' title="bbox 495 2897 2092 2974">
     <span class='ocr_line' id='line_1_46' title="bbox 495 2897 2092 2974; baseline -0.006 -16"><span class='ocrx_word' id='word_1_304' title='bbox 495 2904 634 2974; x_wconf 90' lang='lat' dir='ltr'><strong>gatis</strong></span> <span class='ocrx_word' id='word_1_305' title='bbox 676 2900 926 2956; x_wconf 87' lang='lat' dir='ltr'><strong>mandata</strong></span> <span class='ocrx_word' id='word_1_306' title='bbox 957 2910 1116 2964; x_wconf 86' lang='lat' dir='ltr'><strong>sunt,</strong></span> <span class='ocrx_word' id='word_1_307' title='bbox 1149 2899 1214 2953; x_wconf 88' lang='lat' dir='ltr'><strong>ad</strong></span> <span class='ocrx_word' id='word_1_308' title='bbox 1247 2913 1464 2954; x_wconf 86' lang='lat' dir='ltr'><strong>causam</strong></span> <span class='ocrx_word' id='word_1_309' title='bbox 1510 2897 1729 2968; x_wconf 87' lang='lat' dir='ltr'><strong>quidem</strong></span> <span class='ocrx_word' id='word_1_310' title='bbox 1778 2897 1935 2951; x_wconf 88' lang='lat' dir='ltr'><strong>istam</strong></span> <span class='ocrx_word' id='word_1_311' title='bbox 1986 2909 2092 2950; x_wconf 91' lang='lat' dir='ltr'><strong>non</strong></span> 
     </span>
    </p>
   </div>
   <div class='ocr_carea' id='block_1_46' title="bbox 494 2986 2096 3067">
    <p class='ocr_par' dir='ltr' id='par_1_46' title="bbox 494 2986 2096 3067">
     <span class='ocr_line' id='line_1_47' title="bbox 494 2986 2096 3067; baseline -0.007 -15"><span class='ocrx_word' id='word_1_312' title='bbox 494 2995 822 3067; x_wconf 88' lang='lat' dir='ltr'><strong>pertinentia</strong></span> <span class='ocrx_word' id='word_1_313' title='bbox 847 3036 862 3061; x_wconf 92' lang='lat'><strong>,</strong></span> <span class='ocrx_word' id='word_1_314' title='bbox 897 2993 992 3049; x_wconf 87' lang='lat' dir='ltr'><strong>sed</strong></span> <span class='ocrx_word' id='word_1_315' title='bbox 1022 3009 1141 3063; x_wconf 73' lang='lat' dir='ltr'><strong>qua:</strong></span> <span class='ocrx_word' id='word_1_316' title='bbox 1168 2993 1316 3062; x_wconf 88' lang='lat' dir='ltr'><strong>ipsos</strong></span> <span class='ocrx_word' id='word_1_317' title='bbox 1360 2991 1501 3045; x_wconf 78' lang='lat' dir='ltr'><strong>scire</strong></span> <span class='ocrx_word' id='word_1_318' title='bbox 1534 2989 1830 3044; x_wconf 87' lang='lat' dir='ltr'><strong>nolumus?</strong></span> <span class='ocrx_word' id='word_1_319' title='bbox 1883 2986 2096 3044; x_wconf 89' lang='lat' dir='ltr'><strong>Sufﬁcit</strong></span> 
     </span>
    </p>
   </div>
   <div class='ocr_carea' id='block_1_47' title="bbox 496 3083 2092 3159">
    <p class='ocr_par' dir='ltr' id='par_1_47' title="bbox 496 3083 2092 3159">
     <span class='ocr_line' id='line_1_48' title="bbox 496 3083 2092 3159; baseline -0.006 -17"><span class='ocrx_word' id='word_1_320' title='bbox 496 3087 642 3159; x_wconf 89' lang='lat' dir='ltr'><strong>quod</strong></span> <span class='ocrx_word' id='word_1_321' title='bbox 671 3089 970 3156; x_wconf 87' lang='lat' dir='ltr'><strong>imperator</strong></span> <span class='ocrx_word' id='word_1_322' title='bbox 992 3085 1336 3141; x_wconf 80' lang='lat' dir='ltr'><strong>collationem</strong></span> <span class='ocrx_word' id='word_1_323' title='bbox 1363 3097 1461 3138; x_wconf 91' lang='lat' dir='ltr'><strong>nos</strong></span> <span class='ocrx_word' id='word_1_324' title='bbox 1490 3083 1690 3152; x_wconf 89' lang='lat' dir='ltr'><strong>petisse</strong></span> <span class='ocrx_word' id='word_1_325' title='bbox 1719 3096 1818 3136; x_wconf 90' lang='lat' dir='ltr'><strong>suo</strong></span> <span class='ocrx_word' id='word_1_326' title='bbox 1850 3083 2092 3136; x_wconf 82' lang='lat' dir='ltr'><strong>testimo-</strong></span> 
     </span>
    </p>
   </div>
   <div class='ocr_carea' id='block_1_48' title="bbox 2200 1894 3808 1966">
    <p class='ocr_par' dir='ltr' id='par_1_48' title="bbox 2200 1894 3808 1966">
     <span class='ocr_line' id='line_1_49' title="bbox 2200 1894 3808 1966; baseline 0.001 -18"><span class='ocrx_word' id='word_1_327' title='bbox 2200 1905 2363 1950; x_wconf 89' lang='lat' dir='ltr'><strong>neant</strong></span> <span class='ocrx_word' id='word_1_328' title='bbox 2412 1895 2630 1966; x_wconf 89' lang='lat' dir='ltr'><strong>propria</strong></span> <span class='ocrx_word' id='word_1_329' title='bbox 2681 1897 3065 1966; x_wconf 85' lang='lat' dir='ltr'><strong>prosecutione</strong></span> <span class='ocrx_word' id='word_1_330' title='bbox 3113 1894 3364 1965; x_wconf 80' lang='lat' dir='ltr'><strong>signavit.</strong></span> <span class='ocrx_word' id='word_1_331' title='bbox 3415 1895 3553 1949; x_wconf 88' lang='lat' dir='ltr'><strong>Illud</strong></span> <span class='ocrx_word' id='word_1_332' title='bbox 3601 1904 3808 1950; x_wconf 86' lang='lat' dir='ltr'><strong>tantum</strong></span> 
     </span>
    </p>
   </div>
   <div class='ocr_carea' id='block_1_49' title="bbox 2201 1986 3809 2054">
    <p class='ocr_par' dir='ltr' id='par_1_49' title="bbox 2201 1986 3809 2054">
     <span class='ocr_line' id='line_1_50' title="bbox 2201 1986 3809 2054; baseline 0.001 -12"><span class='ocrx_word' id='word_1_333' title='bbox 2201 1986 2482 2042; x_wconf 87' lang='lat' dir='ltr'><strong>evidenter</strong></span> <span class='ocrx_word' id='word_1_334' title='bbox 2503 1987 2788 2044; x_wconf 84' lang='lat' dir='ltr'><strong>confessus</strong></span> <span class='ocrx_word' id='word_1_335' title='bbox 2811 1999 2922 2054; x_wconf 90' lang='lat' dir='ltr'><strong>est,</strong></span> <span class='ocrx_word' id='word_1_336' title='bbox 2949 1988 3293 2042; x_wconf 84' lang='lat' dir='ltr'><strong>collationem</strong></span> <span class='ocrx_word' id='word_1_337' title='bbox 3321 2002 3381 2042; x_wconf 88' lang='lat' dir='ltr'><strong>se</strong></span> <span class='ocrx_word' id='word_1_338' title='bbox 3403 1987 3661 2043; x_wconf 90' lang='lat' dir='ltr'><strong>omnibus</strong></span> <span class='ocrx_word' id='word_1_339' title='bbox 3693 2005 3809 2044; x_wconf 85' lang='lat' dir='ltr'><strong>mo-</strong></span> 
     </span>
    </p>
   </div>
   <div class='ocr_carea' id='block_1_50' title="bbox 2199 2081 3807 2152">
    <p class='ocr_par' dir='ltr' id='par_1_50' title="bbox 2199 2081 3807 2152">
     <span class='ocr_line' id='line_1_51' title="bbox 2199 2081 3807 2152; baseline 0 -15"><span class='ocrx_word' id='word_1_340' title='bbox 2199 2081 2283 2137; x_wconf 90' lang='lat' dir='ltr'><strong>dis</strong></span> <span class='ocrx_word' id='word_1_341' title='bbox 2333 2082 2674 2152; x_wconf 85' lang='lat' dir='ltr'><strong>postulasse,</strong></span> <span class='ocrx_word' id='word_1_342' title='bbox 2723 2092 2778 2138; x_wconf 92' lang='lat' dir='ltr'><strong>et</strong></span> <span class='ocrx_word' id='word_1_343' title='bbox 2833 2081 2973 2137; x_wconf 89' lang='lat' dir='ltr'><strong>hanc</strong></span> <span class='ocrx_word' id='word_1_344' title='bbox 3021 2081 3187 2136; x_wconf 85' lang='lat' dir='ltr'><strong>fuisse</strong></span> <span class='ocrx_word' id='word_1_345' title='bbox 3233 2096 3573 2136; x_wconf 86' lang='lat' dir='ltr'><strong>concessam.</strong></span> <span class='ocrx_word' id='word_1_346' title='bbox 3655 2081 3807 2138; x_wconf 86' lang='lat' dir='ltr'><strong>Unde</strong></span> 
     </span>
    </p>
   </div>
   <div class='ocr_carea' id='block_1_51' title="bbox 2198 2171 3803 2241">
    <p class='ocr_par' dir='ltr' id='par_1_51' title="bbox 2198 2171 3803 2241">
     <span class='ocr_line' id='line_1_52' title="bbox 2198 2171 3803 2241; baseline -0.001 -12"><span class='ocrx_word' id='word_1_347' title='bbox 2198 2174 2346 2229; x_wconf 92' lang='lat' dir='ltr'><strong>illius</strong></span> <span class='ocrx_word' id='word_1_348' title='bbox 2402 2175 2674 2239; x_wconf 87' lang='lat' dir='ltr'><strong>mandati,</strong></span> <span class='ocrx_word' id='word_1_349' title='bbox 2720 2190 2790 2228; x_wconf 90' lang='lat' dir='ltr'><strong>ne</strong></span> <span class='ocrx_word' id='word_1_350' title='bbox 2847 2173 3116 2229; x_wconf 78' lang='lat' dir='ltr'><strong>excedere</strong></span> <span class='ocrx_word' id='word_1_351' title='bbox 3163 2173 3444 2228; x_wconf 86' lang='lat' dir='ltr'><strong>videamur</strong></span> <span class='ocrx_word' id='word_1_352' title='bbox 3509 2171 3803 2241; x_wconf 84' lang='lat' dir='ltr'><strong>imperialis</strong></span> 
     </span>
    </p>
   </div>
   <div class='ocr_carea' id='block_1_52' title="bbox 2200 2262 3795 2336">
    <p class='ocr_par' dir='ltr' id='par_1_52' title="bbox 2200 2262 3795 2336">
     <span class='ocr_line' id='line_1_53' title="bbox 2200 2262 3795 2336; baseline -0.005 -15"><span class='ocrx_word' id='word_1_353' title='bbox 2200 2268 2454 2336; x_wconf 63' lang='lat' dir='ltr'><strong>praecepti</strong></span> <span class='ocrx_word' id='word_1_354' title='bbox 2482 2266 2733 2330; x_wconf 88' lang='lat' dir='ltr'><strong>formam,</strong></span> <span class='ocrx_word' id='word_1_355' title='bbox 2757 2266 3088 2320; x_wconf 88' lang='lat' dir='ltr'><strong>mentionem</strong></span> <span class='ocrx_word' id='word_1_356' title='bbox 3126 2265 3238 2319; x_wconf 90' lang='lat' dir='ltr'><strong>ﬁeri</strong></span> <span class='ocrx_word' id='word_1_357' title='bbox 3267 2262 3432 2319; x_wconf 87' lang='lat' dir='ltr'><strong>video</strong></span> <span class='ocrx_word' id='word_1_358' title='bbox 3459 2279 3558 2317; x_wconf 91' lang='lat' dir='ltr'><strong>non</strong></span> <span class='ocrx_word' id='word_1_359' title='bbox 3577 2263 3795 2318; x_wconf 78' lang='lat' dir='ltr'><strong>debere.</strong></span> 
     </span>
    </p>
   </div>
   <div class='ocr_carea' id='block_1_53' title="bbox 2197 2355 3794 2429">
    <p class='ocr_par' dir='ltr' id='par_1_53' title="bbox 2197 2355 3794 2429">
     <span class='ocr_line' id='line_1_54' title="bbox 2197 2355 3794 2429; baseline -0.004 -15"><span class='ocrx_word' id='word_1_360' title='bbox 2197 2359 2540 2429; x_wconf 83' lang='lat' dir='ltr'><strong>Quapropter</strong></span> <span class='ocrx_word' id='word_1_361' title='bbox 2586 2359 2651 2413; x_wconf 91' lang='lat' dir='ltr'><strong>ad</strong></span> <span class='ocrx_word' id='word_1_362' title='bbox 2700 2374 2760 2412; x_wconf 88' lang='lat' dir='ltr'><strong>ea</strong></span> <span class='ocrx_word' id='word_1_363' title='bbox 2815 2372 2938 2427; x_wconf 62' lang='lat' dir='ltr'><strong>quae</strong></span> <span class='ocrx_word' id='word_1_364' title='bbox 2986 2356 3279 2426; x_wconf 69' lang='lat' dir='ltr'><strong>quaesivit,</strong></span> <span class='ocrx_word' id='word_1_365' title='bbox 3325 2355 3581 2409; x_wconf 88' lang='lat' dir='ltr'><strong>sanctitas</strong></span> <span class='ocrx_word' id='word_1_366' title='bbox 3616 2362 3794 2409; x_wconf 82' lang='lat' dir='ltr'><strong>vestra</strong></span> 
     </span>
    </p>
   </div>
   <div class='ocr_carea' id='block_1_54' title="bbox 2196 2447 3799 2521">
    <p class='ocr_par' dir='ltr' id='par_1_54' title="bbox 2196 2447 3799 2521">
     <span class='ocr_line' id='line_1_55' title="bbox 2196 2447 3799 2521; baseline -0.003 -15"><span class='ocrx_word' id='word_1_367' title='bbox 2196 2452 2534 2521; x_wconf 87' lang='lat' dir='ltr'><strong>respondere</strong></span> <span class='ocrx_word' id='word_1_368' title='bbox 2555 2451 2827 2517; x_wconf 85' lang='lat' dir='ltr'><strong>dignetur,</strong></span> <span class='ocrx_word' id='word_1_369' title='bbox 2855 2459 3035 2505; x_wconf 87' lang='lat' dir='ltr'><strong>utrum</strong></span> <span class='ocrx_word' id='word_1_370' title='bbox 3059 2449 3370 2504; x_wconf 87' lang='lat' dir='ltr'><strong>traditionis</strong></span> <span class='ocrx_word' id='word_1_371' title='bbox 3390 2449 3596 2503; x_wconf 89' lang='lat' dir='ltr'><strong>crimen</strong></span> <span class='ocrx_word' id='word_1_372' title='bbox 3625 2491 3638 2514; x_wconf 90' lang='lat'><strong>,</strong></span> <span class='ocrx_word' id='word_1_373' title='bbox 3659 2447 3799 2518; x_wconf 87' lang='lat' dir='ltr'><strong>quod</strong></span> 
     </span>
    </p>
   </div>
   <div class='ocr_carea' id='block_1_55' title="bbox 2197 2539 3801 2612">
    <p class='ocr_par' dir='ltr' id='par_1_55' title="bbox 2197 2539 3801 2612">
     <span class='ocr_line' id='line_1_56' title="bbox 2197 2539 3801 2612; baseline -0.002 -16"><span class='ocrx_word' id='word_1_374' title='bbox 2197 2543 2437 2598; x_wconf 90' lang='lat' dir='ltr'><strong>archivis</strong></span> <span class='ocrx_word' id='word_1_375' title='bbox 2479 2542 2708 2612; x_wconf 83' lang='lat' dir='ltr'><strong>publicis</strong></span> <span class='ocrx_word' id='word_1_376' title='bbox 2752 2543 2953 2612; x_wconf 90' lang='lat' dir='ltr'><strong>poterit</strong></span> <span class='ocrx_word' id='word_1_377' title='bbox 3003 2541 3332 2604; x_wconf 90' lang='lat' dir='ltr'><strong>monstrari,</strong></span> <span class='ocrx_word' id='word_1_378' title='bbox 3375 2539 3460 2610; x_wconf 88' lang='lat' dir='ltr'><strong>agi</strong></span> <span class='ocrx_word' id='word_1_379' title='bbox 3505 2541 3556 2592; x_wconf 93' lang='lat' dir='ltr'><strong>iu</strong></span> <span class='ocrx_word' id='word_1_380' title='bbox 3599 2539 3801 2608; x_wconf 87' lang='lat' dir='ltr'><strong>judicio</strong></span> 
     </span>
    </p>
   </div>
   <div class='ocr_carea' id='block_1_56' title="bbox 2197 2632 3800 2703">
    <p class='ocr_par' dir='ltr' id='par_1_56' title="bbox 2197 2632 3800 2703">
     <span class='ocr_line' id='line_1_57' title="bbox 2197 2632 3800 2703; baseline -0.001 -14"><span class='ocrx_word' id='word_1_381' title='bbox 2197 2635 2376 2691; x_wconf 88' lang='lat' dir='ltr'><strong>velitis</strong></span> <span class='ocrx_word' id='word_1_382' title='bbox 2397 2678 2412 2703; x_wconf 91' lang='lat'><strong>,</strong></span> <span class='ocrx_word' id='word_1_383' title='bbox 2437 2652 2502 2689; x_wconf 90' lang='lat' dir='ltr'><strong>an</strong></span> <span class='ocrx_word' id='word_1_384' title='bbox 2536 2635 2800 2693; x_wconf 79' lang='lat' dir='ltr'><strong>Ecclesize</strong></span> <span class='ocrx_word' id='word_1_385' title='bbox 2830 2643 2886 2690; x_wconf 92' lang='lat' dir='ltr'><strong>et</strong></span> <span class='ocrx_word' id='word_1_386' title='bbox 2913 2635 3039 2691; x_wconf 86' lang='lat' dir='ltr'><strong>fidei</strong></span> <span class='ocrx_word' id='word_1_387' title='bbox 3073 2644 3283 2690; x_wconf 91' lang='lat' dir='ltr'><strong>tantum</strong></span> <span class='ocrx_word' id='word_1_388' title='bbox 3329 2648 3551 2689; x_wconf 90' lang='lat' dir='ltr'><strong>causam</strong></span> <span class='ocrx_word' id='word_1_389' title='bbox 3573 2632 3800 2703; x_wconf 86' lang='lat' dir='ltr'><strong>cupiatis</strong></span> 
     </span>
    </p>
   </div>
   <div class='ocr_carea' id='block_1_57' title="bbox 2196 2728 2418 2798">
    <p class='ocr_par' dir='ltr' id='par_1_57' title="bbox 2196 2728 2418 2798">
     <span class='ocr_line' id='line_1_58' title="bbox 2196 2728 2418 2798; baseline 0 -16"><span class='ocrx_word' id='word_1_390' title='bbox 2196 2728 2418 2798; x_wconf 86' lang='lat' dir='ltr'><strong>inquiri.</strong></span> 
     </span>
    </p>
   </div>
   <div class='ocr_carea' id='block_1_58' title="bbox 2269 2817 3799 2890">
    <p class='ocr_par' dir='ltr' id='par_1_58' title="bbox 2269 2817 3799 2890">
     <span class='ocr_line' id='line_1_59' title="bbox 2269 2817 3799 2890; baseline -0.003 -16"><span class='ocrx_word' id='word_1_391' title='bbox 2269 2821 2394 2876; x_wconf 78' lang='grc'><strong>165.</strong></span> <span class='ocrx_word' id='word_1_392' title='bbox 2445 2820 2735 2875; x_wconf 84' lang='lat' dir='ltr'><strong>Petilianus</strong></span> <span class='ocrx_word' id='word_1_393' title='bbox 2786 2820 3079 2890; x_wconf 81' lang='lat' dir='ltr'><strong>Episcopus</strong></span> <span class='ocrx_word' id='word_1_394' title='bbox 3126 2819 3282 2874; x_wconf 87' lang='lat' dir='ltr'><strong>dixit.</strong></span> <span class='ocrx_word' id='word_1_395' title='bbox 3359 2817 3583 2874; x_wconf 85' lang='lat' dir='ltr'><strong>Urbane</strong></span> <span class='ocrx_word' id='word_1_396' title='bbox 3648 2817 3799 2872; x_wconf 89' lang='lat' dir='ltr'><strong>nobis</strong></span> 
     </span>
    </p>
   </div>
   <div class='ocr_carea' id='block_1_59' title="bbox 2193 2910 3798 2981">
    <p class='ocr_par' dir='ltr' id='par_1_59' title="bbox 2193 2910 3798 2981">
     <span class='ocr_line' id='line_1_60' title="bbox 2193 2910 3798 2981; baseline -0.002 -17"><span class='ocrx_word' id='word_1_397' title='bbox 2193 2910 2454 2976; x_wconf 91' lang='lat' dir='ltr'><strong>illuditur,</strong></span> <span class='ocrx_word' id='word_1_398' title='bbox 2486 2921 2542 2965; x_wconf 91' lang='lat' dir='ltr'><strong>ut</strong></span> <span class='ocrx_word' id='word_1_399' title='bbox 2571 2926 2694 2966; x_wconf 92' lang='lat' dir='ltr'><strong>cum</strong></span> <span class='ocrx_word' id='word_1_400' title='bbox 2723 2911 2824 2981; x_wconf 91' lang='lat' dir='ltr'><strong>ipsi</strong></span> <span class='ocrx_word' id='word_1_401' title='bbox 2853 2913 2962 2965; x_wconf 92' lang='lat' dir='ltr'><strong>sint</strong></span> <span class='ocrx_word' id='word_1_402' title='bbox 2990 2912 3248 2980; x_wconf 91' lang='lat' dir='ltr'><strong>petitores</strong></span> <span class='ocrx_word' id='word_1_403' title='bbox 3269 2952 3285 2977; x_wconf 89' lang='lat'><strong>,</strong></span> <span class='ocrx_word' id='word_1_404' title='bbox 3315 2925 3649 2980; x_wconf 86' lang='lat' dir='ltr'><strong>semperque</strong></span> <span class='ocrx_word' id='word_1_405' title='bbox 3676 2923 3798 2963; x_wconf 88' lang='lat' dir='ltr'><strong>nos-</strong></span> 
     </span>
    </p>
   </div>
   <div class='ocr_carea' id='block_1_60' title="bbox 2195 3003 3799 3074">
    <p class='ocr_par' dir='ltr' id='par_1_60' title="bbox 2195 3003 3799 3074">
     <span class='ocr_line' id='line_1_61' title="bbox 2195 3003 3799 3074; baseline -0.001 -17"><span class='ocrx_word' id='word_1_406' title='bbox 2195 3011 2332 3057; x_wconf 92' lang='lat' dir='ltr'><strong>tram</strong></span> <span class='ocrx_word' id='word_1_407' title='bbox 2381 3019 2566 3073; x_wconf 88' lang='lat' dir='ltr'><strong>pacem</strong></span> <span class='ocrx_word' id='word_1_408' title='bbox 2615 3003 3041 3074; x_wconf 88' lang='lat' dir='ltr'><strong>lnquietaverint</strong></span> <span class='ocrx_word' id='word_1_409' title='bbox 3079 3013 3243 3074; x_wconf 85' lang='lat' dir='ltr'><strong>atque</strong></span> <span class='ocrx_word' id='word_1_410' title='bbox 3287 3005 3673 3070; x_wconf 88' lang='lat' dir='ltr'><strong>turbaverint,</strong></span> <span class='ocrx_word' id='word_1_411' title='bbox 3705 3016 3799 3056; x_wconf 90' lang='lat' dir='ltr'><strong>nos</strong></span> 
     </span>
    </p>
   </div>
   <div class='ocr_carea' id='block_1_61' title="bbox 2195 3097 3800 3168">
    <p class='ocr_par' dir='ltr' id='par_1_61' title="bbox 2195 3097 3800 3168">
     <span class='ocr_line' id='line_1_62' title="bbox 2195 3097 3800 3168; baseline 0 -18"><span class='ocrx_word' id='word_1_412' title='bbox 2195 3097 2316 3152; x_wconf 89' lang='lat' dir='ltr'><strong>loco</strong></span> <span class='ocrx_word' id='word_1_413' title='bbox 2349 3102 2636 3167; x_wconf 79' lang='lat' dir='ltr'><strong>petitorum</strong></span> <span class='ocrx_word' id='word_1_414' title='bbox 2669 3099 3090 3164; x_wconf 90' lang='lat' dir='ltr'><strong>constituamur,</strong></span> <span class='ocrx_word' id='word_1_415' title='bbox 3121 3113 3244 3153; x_wconf 89' lang='lat' dir='ltr'><strong>cum</strong></span> <span class='ocrx_word' id='word_1_416' title='bbox 3277 3099 3427 3168; x_wconf 90' lang='lat' dir='ltr'><strong>pacis</strong></span> <span class='ocrx_word' id='word_1_417' title='bbox 3463 3109 3518 3153; x_wconf 87' lang='lat' dir='ltr'><strong>et</strong></span> <span class='ocrx_word' id='word_1_418' title='bbox 3544 3097 3800 3153; x_wconf 66' lang='lat' dir='ltr'><strong>Ecclesia:</strong></span> 
     </span>
    </p>
   </div>
   <div class='ocr_carea' id='block_1_62' title="bbox 494 3174 3804 3261">
    <p class='ocr_par' dir='ltr' id='par_1_62' title="bbox 494 3174 3804 3261">
     <span class='ocr_line' id='line_1_63' title="bbox 494 3174 3804 3261; baseline -0 -19"><span class='ocrx_word' id='word_1_419' title='bbox 494 3181 590 3235; x_wconf 76' lang='lat' dir='ltr'><strong>nio</strong></span> <span class='ocrx_word' id='word_1_420' title='bbox 620 3180 936 3234; x_wconf 64' lang='lat' dir='ltr'><strong>declaravit.</strong></span> <span class='ocrx_word' id='word_1_421' title='bbox 965 3179 1090 3234; x_wconf 63' lang='lat' dir='ltr'><strong>HIBC</strong></span> <span class='ocrx_word' id='word_1_422' title='bbox 1117 3192 1380 3233; x_wconf 73' lang='lat' dir='ltr'><strong>Concessa</strong></span> <span class='ocrx_word' id='word_1_423' title='bbox 1401 3185 1516 3241; x_wconf 67' lang='lat' dir='ltr'><strong>est.</strong></span> <span class='ocrx_word' id='word_1_424' title='bbox 1552 3176 1619 3228; x_wconf 72' lang='lat' dir='ltr'><strong>ad</strong></span> <span class='ocrx_word' id='word_1_425' title='bbox 1649 3174 1789 3228; x_wconf 72' lang='grc' dir='ltr'><strong>11³ηο</strong></span> <span class='ocrx_word' id='word_1_426' title='bbox 1815 3176 2084 3240; x_wconf 66' lang='grc' dir='ltr'><strong>νθηῖηιυεν</strong></span> <span class='ocrx_word' id='word_1_427' title='bbox 2115 3182 2160 3244; x_wconf 92' lang='lat' dir='ltr'>C</span> <span class='ocrx_word' id='word_1_428' title='bbox 2194 3190 2287 3244; x_wconf 91' lang='lat' dir='ltr'><strong>Dei</strong></span> <span class='ocrx_word' id='word_1_429' title='bbox 2323 3206 2671 3258; x_wconf 89' lang='lat' dir='ltr'><strong>possessores</strong></span> <span class='ocrx_word' id='word_1_430' title='bbox 2707 3207 2925 3261; x_wconf 87' lang='lat' dir='ltr'><strong>semper</strong></span> <span class='ocrx_word' id='word_1_431' title='bbox 2951 3191 3216 3246; x_wconf 87' lang='lat' dir='ltr'><strong>fuerimus</strong></span> <span class='ocrx_word' id='word_1_432' title='bbox 3239 3205 3300 3245; x_wconf 91' lang='lat' dir='ltr'><strong>ac</strong></span> <span class='ocrx_word' id='word_1_433' title='bbox 3327 3191 3520 3244; x_wconf 90' lang='lat' dir='ltr'><strong>simus.</strong></span> <span class='ocrx_word' id='word_1_434' title='bbox 3548 3190 3684 3245; x_wconf 79' lang='lat' dir='ltr'><strong>Peto</strong></span> <span class='ocrx_word' id='word_1_435' title='bbox 3711 3189 3804 3256; x_wconf 80' lang='lat' dir='ltr'><strong>igi-</strong></span> 
     </span>
    </p>
   </div>
   <div class='ocr_carea' id='block_1_63' title="bbox 491 3270 2092 3345">
    <p class='ocr_par' dir='ltr' id='par_1_63' title="bbox 491 3270 2092 3345">
     <span class='ocr_line' id='line_1_64' title="bbox 491 3270 2092 3345; baseline -0.005 -15"><span class='ocrx_word' id='word_1_436' title='bbox 491 3273 612 3330; x_wconf 68' lang='lat' dir='ltr'><strong>haec</strong></span> <span class='ocrx_word' id='word_1_437' title='bbox 657 3274 948 3344; x_wconf 85' lang='lat' dir='ltr'><strong>aliquando</strong></span> <span class='ocrx_word' id='word_1_438' title='bbox 993 3283 1202 3345; x_wconf 81' lang='lat' dir='ltr'><strong>agatur,</strong></span> <span class='ocrx_word' id='word_1_439' title='bbox 1250 3271 1464 3328; x_wconf 90' lang='lat' dir='ltr'><strong>veritati</strong></span> <span class='ocrx_word' id='word_1_440' title='bbox 1506 3287 1668 3326; x_wconf 87' lang='lat' dir='ltr'><strong>aures</strong></span> <span class='ocrx_word' id='word_1_441' title='bbox 1697 3270 1974 3325; x_wconf 86' lang='lat' dir='ltr'><strong>hominum</strong></span> <span class='ocrx_word' id='word_1_442' title='bbox 1999 3283 2092 3340; x_wconf 84' lang='lat' dir='ltr'><strong>pa-</strong></span> 
     </span>
    </p>
   </div>
   <div class='ocr_carea' id='block_1_64' title="bbox 491 3366 1439 3437">
    <p class='ocr_par' dir='ltr' id='par_1_64' title="bbox 491 3366 1439 3437">
     <span class='ocr_line' id='line_1_65' title="bbox 491 3366 1439 3437; baseline -0.005 -14"><span class='ocrx_word' id='word_1_443' title='bbox 491 3375 629 3423; x_wconf 83' lang='lat' dir='ltr'><strong>tent.</strong></span> <span class='ocrx_word' id='word_1_444' title='bbox 661 3366 729 3421; x_wconf 86' lang='lat' dir='ltr'><strong>Et</strong></span> <span class='ocrx_word' id='word_1_445' title='bbox 758 3369 864 3422; x_wconf 87' lang='lat' dir='ltr'><strong>alia</strong></span> <span class='ocrx_word' id='word_1_446' title='bbox 893 3384 1068 3422; x_wconf 85' lang='lat' dir='ltr'><strong>manu.</strong></span> <span class='ocrx_word' id='word_1_447' title='bbox 1110 3367 1439 3437; x_wconf 80' lang='lat' dir='ltr'><strong>Recognovi.</strong></span> 
     </span>
    </p>
   </div>
   <div class='ocr_carea' id='block_1_65' title="bbox 567 3453 2091 3527">
    <p class='ocr_par' dir='ltr' id='par_1_65' title="bbox 567 3453 2091 3527">
     <span class='ocr_line' id='line_1_66' title="bbox 567 3453 2091 3527; baseline -0.004 -15"><span class='ocrx_word' id='word_1_448' title='bbox 567 3458 694 3513; x_wconf 90' lang='grc'><strong>161.</strong></span> <span class='ocrx_word' id='word_1_449' title='bbox 721 3457 1016 3511; x_wconf 81' lang='lat' dir='ltr'><strong>Adeodatus</strong></span> <span class='ocrx_word' id='word_1_450' title='bbox 1042 3459 1316 3527; x_wconf 83' lang='lat' dir='ltr'><strong>episcopus</strong></span> <span class='ocrx_word' id='word_1_451' title='bbox 1364 3456 1516 3509; x_wconf 87' lang='lat' dir='ltr'><strong>dixit.</strong></span> <span class='ocrx_word' id='word_1_452' title='bbox 1547 3453 1848 3510; x_wconf 82' lang='lat' dir='ltr'><strong>Confessus</strong></span> <span class='ocrx_word' id='word_1_453' title='bbox 1883 3469 1942 3508; x_wconf 89' lang='lat' dir='ltr'><strong>es</strong></span> <span class='ocrx_word' id='word_1_454' title='bbox 1970 3468 2091 3523; x_wconf 73' lang='lat' dir='ltr'><strong>qua:</strong></span> 
     </span>
    </p>
   </div>
   <div class='ocr_carea' id='block_1_66' title="bbox 492 3547 2090 3606">
    <p class='ocr_par' dir='ltr' id='par_1_66' title="bbox 492 3547 2090 3606">
     <span class='ocr_line' id='line_1_67' title="bbox 492 3547 2090 3606; baseline -0.004 -1"><span class='ocrx_word' id='word_1_455' title='bbox 492 3549 622 3606; x_wconf 88' lang='lat' dir='ltr'><strong>olim</strong></span> <span class='ocrx_word' id='word_1_456' title='bbox 656 3550 888 3604; x_wconf 81' lang='lat' dir='ltr'><strong>tacuisti.</strong></span> <span class='ocrx_word' id='word_1_457' title='bbox 921 3549 1215 3604; x_wconf 85' lang='lat' dir='ltr'><strong>Ostendisti</strong></span> <span class='ocrx_word' id='word_1_458' title='bbox 1247 3557 1297 3602; x_wconf 88' lang='lat' dir='ltr'><strong>te</strong></span> <span class='ocrx_word' id='word_1_459' title='bbox 1321 3552 1486 3601; x_wconf 89' lang='lat' dir='ltr'><strong>multa</strong></span> <span class='ocrx_word' id='word_1_460' title='bbox 1519 3547 1784 3602; x_wconf 86' lang='lat' dir='ltr'><strong>adversus</strong></span> <span class='ocrx_word' id='word_1_461' title='bbox 1813 3562 1913 3601; x_wconf 92' lang='lat' dir='ltr'><strong>nos</strong></span> <span class='ocrx_word' id='word_1_462' title='bbox 1936 3561 2090 3600; x_wconf 91' lang='lat' dir='ltr'><strong>man-</strong></span> 
     </span>
    </p>
   </div>
   <div class='ocr_carea' id='block_1_67' title="bbox 493 3637 2088 3712">
    <p class='ocr_par' dir='ltr' id='par_1_67' title="bbox 493 3637 2088 3712">
     <span class='ocr_line' id='line_1_68' title="bbox 493 3637 2088 3712; baseline -0.004 -14"><span class='ocrx_word' id='word_1_463' title='bbox 493 3643 686 3708; x_wconf 86' lang='lat' dir='ltr'><strong>dasse,</strong></span> <span class='ocrx_word' id='word_1_464' title='bbox 711 3657 832 3712; x_wconf 66' lang='lat' dir='ltr'><strong>qua:</strong></span> <span class='ocrx_word' id='word_1_465' title='bbox 856 3640 1002 3696; x_wconf 87' lang='lat' dir='ltr'><strong>scire</strong></span> <span class='ocrx_word' id='word_1_466' title='bbox 1044 3657 1151 3694; x_wconf 90' lang='lat' dir='ltr'><strong>non</strong></span> <span class='ocrx_word' id='word_1_467' title='bbox 1181 3639 1339 3694; x_wconf 86' lang='lat' dir='ltr'><strong>facile</strong></span> <span class='ocrx_word' id='word_1_468' title='bbox 1368 3639 1685 3694; x_wconf 85' lang='lat' dir='ltr'><strong>debeamus.</strong></span> <span class='ocrx_word' id='word_1_469' title='bbox 1718 3637 1872 3694; x_wconf 88' lang='lat' dir='ltr'><strong>Unde</strong></span> <span class='ocrx_word' id='word_1_470' title='bbox 1895 3637 2088 3693; x_wconf 88' lang='lat' dir='ltr'><strong>adver-</strong></span> 
     </span>
    </p>
   </div>
   <div class='ocr_carea' id='block_1_68' title="bbox 495 3731 2092 3806">
    <p class='ocr_par' dir='ltr' id='par_1_68' title="bbox 495 3731 2092 3806">
     <span class='ocr_line' id='line_1_69' title="bbox 495 3731 2092 3806; baseline -0.004 -14"><span class='ocrx_word' id='word_1_471' title='bbox 495 3737 559 3792; x_wconf 90' lang='lat' dir='ltr'><strong>tit</strong></span> <span class='ocrx_word' id='word_1_472' title='bbox 591 3737 894 3792; x_wconf 88' lang='lat' dir='ltr'><strong>sublimitas</strong></span> <span class='ocrx_word' id='word_1_473' title='bbox 923 3744 1043 3800; x_wconf 88' lang='lat' dir='ltr'><strong>tua,</strong></span> <span class='ocrx_word' id='word_1_474' title='bbox 1070 3734 1196 3806; x_wconf 90' lang='lat' dir='ltr'><strong>quid</strong></span> <span class='ocrx_word' id='word_1_475' title='bbox 1229 3749 1296 3790; x_wconf 82' lang='lat' dir='ltr'><strong>ex</strong></span> <span class='ocrx_word' id='word_1_476' title='bbox 1335 3733 1456 3804; x_wconf 84' lang='lat' dir='ltr'><strong>ejus</strong></span> <span class='ocrx_word' id='word_1_477' title='bbox 1487 3733 1866 3803; x_wconf 87' lang='lat' dir='ltr'><strong>prosecutione</strong></span> <span class='ocrx_word' id='word_1_478' title='bbox 1889 3731 2092 3786; x_wconf 80' lang='lat' dir='ltr'><strong>debea-</strong></span> 
     </span>
    </p>
   </div>
   <div class='ocr_carea' id='block_1_69' title="bbox 493 3825 2092 3898">
    <p class='ocr_par' dir='ltr' id='par_1_69' title="bbox 493 3825 2092 3898">
     <span class='ocr_line' id='line_1_70' title="bbox 493 3825 2092 3898; baseline -0.004 -14"><span class='ocrx_word' id='word_1_479' title='bbox 493 3843 617 3884; x_wconf 89' lang='lat' dir='ltr'><strong>mus</strong></span> <span class='ocrx_word' id='word_1_480' title='bbox 647 3829 954 3891; x_wconf 86' lang='lat' dir='ltr'><strong>advertere,</strong></span> <span class='ocrx_word' id='word_1_481' title='bbox 977 3827 1107 3898; x_wconf 89' lang='lat' dir='ltr'><strong>quid</strong></span> <span class='ocrx_word' id='word_1_482' title='bbox 1132 3826 1258 3881; x_wconf 88' lang='lat' dir='ltr'><strong>illttd</strong></span> <span class='ocrx_word' id='word_1_483' title='bbox 1286 3825 1594 3882; x_wconf 87' lang='lat' dir='ltr'><strong>mandatum</strong></span> <span class='ocrx_word' id='word_1_484' title='bbox 1644 3826 1884 3880; x_wconf 89' lang='lat' dir='ltr'><strong>continet</strong></span> <span class='ocrx_word' id='word_1_485' title='bbox 1904 3866 1919 3890; x_wconf 93' lang='lat'><strong>,</strong></span> <span class='ocrx_word' id='word_1_486' title='bbox 1948 3825 2092 3895; x_wconf 90' lang='lat' dir='ltr'><strong>quod</strong></span> 
     </span>
    </p>
   </div>
   <div class='ocr_carea' id='block_1_70' title="bbox 495 3918 2089 3974">
    <p class='ocr_par' dir='ltr' id='par_1_70' title="bbox 495 3918 2089 3974">
     <span class='ocr_line' id='line_1_71' title="bbox 495 3918 2089 3974; baseline -0.001 -1"><span class='ocrx_word' id='word_1_487' title='bbox 495 3929 686 3974; x_wconf 89' lang='lat' dir='ltr'><strong>contra</strong></span> <span class='ocrx_word' id='word_1_488' title='bbox 742 3935 842 3973; x_wconf 88' lang='lat' dir='ltr'><strong>nos</strong></span> <span class='ocrx_word' id='word_1_489' title='bbox 893 3918 1206 3972; x_wconf 90' lang='lat' dir='ltr'><strong>mandatum</strong></span> <span class='ocrx_word' id='word_1_490' title='bbox 1237 3919 1377 3972; x_wconf 89' lang='lat' dir='ltr'><strong>scire</strong></span> <span class='ocrx_word' id='word_1_491' title='bbox 1423 3933 1527 3972; x_wconf 92' lang='lat' dir='ltr'><strong>non</strong></span> <span class='ocrx_word' id='word_1_492' title='bbox 1580 3918 1736 3972; x_wconf 85' lang='lat' dir='ltr'><strong>facile</strong></span> <span class='ocrx_word' id='word_1_493' title='bbox 1775 3918 2089 3973; x_wconf 86' lang='lat' dir='ltr'><strong>debeamus.</strong></span> 
     </span>
    </p>
   </div>
   <div class='ocr_carea' id='block_1_71' title="bbox 495 4008 2092 4078">
    <p class='ocr_par' dir='ltr' id='par_1_71' title="bbox 495 4008 2092 4078">
     <span class='ocr_line' id='line_1_72' title="bbox 495 4008 2092 4078; baseline -0.001 -14"><span class='ocrx_word' id='word_1_494' title='bbox 495 4009 566 4064; x_wconf 89' lang='lat' dir='ltr'><strong>Et</strong></span> <span class='ocrx_word' id='word_1_495' title='bbox 605 4011 711 4064; x_wconf 90' lang='lat' dir='ltr'><strong>alia</strong></span> <span class='ocrx_word' id='word_1_496' title='bbox 754 4026 932 4064; x_wconf 87' lang='lat' dir='ltr'><strong>manu.</strong></span> <span class='ocrx_word' id='word_1_497' title='bbox 983 4009 1296 4066; x_wconf 86' lang='lat' dir='ltr'><strong>Adeodatus</strong></span> <span class='ocrx_word' id='word_1_498' title='bbox 1336 4010 1623 4078; x_wconf 81' lang='lat' dir='ltr'><strong>episcOpus</strong></span> <span class='ocrx_word' id='word_1_499' title='bbox 1655 4008 2092 4077; x_wconf 89' lang='lat' dir='ltr'><strong>prosecutionem</strong></span> 
     </span>
    </p>
   </div>
   <div class='ocr_carea' id='block_1_72' title="bbox 492 4093 1898 4175">
    <p class='ocr_par' dir='ltr' id='par_1_72' title="bbox 492 4093 1898 4175">
     <span class='ocr_line' id='line_1_73' title="bbox 492 4093 1898 4175; baseline -0.007 -11"><span class='ocrx_word' id='word_1_500' title='bbox 492 4121 671 4164; x_wconf 86' lang='lat' dir='ltr'><strong>meam</strong></span> <span class='ocrx_word' id='word_1_501' title='bbox 703 4108 848 4162; x_wconf 90' lang='lat' dir='ltr'><strong>salva</strong></span> <span class='ocrx_word' id='word_1_502' title='bbox 879 4105 1586 4175; x_wconf 68' lang='lat' dir='ltr'><strong>appellationerecngnovi.</strong></span> <span class='ocrx_word' id='word_1_503' title='bbox 1895 4093 1898 4096; x_wconf 62' lang='grc'><em>’</em></span> 
     </span>
    </p>
   </div>
   <div class='ocr_carea' id='block_1_73' title="bbox 570 4195 2088 4269">
    <p class='ocr_par' dir='ltr' id='par_1_73' title="bbox 570 4195 2088 4269">
     <span class='ocr_line' id='line_1_74' title="bbox 570 4195 2088 4269; baseline -0.002 -15"><span class='ocrx_word' id='word_1_504' title='bbox 570 4198 694 4254; x_wconf 73' lang='grc'><strong>162.</strong></span> <span class='ocrx_word' id='word_1_505' title='bbox 729 4198 1045 4269; x_wconf 85' lang='lat' dir='ltr'><strong>Augustinus</strong></span> <span class='ocrx_word' id='word_1_506' title='bbox 1076 4199 1347 4269; x_wconf 80' lang='lat' dir='ltr'><strong>episcopus</strong></span> <span class='ocrx_word' id='word_1_507' title='bbox 1374 4195 1622 4253; x_wconf 75' lang='lat' dir='ltr'><strong>Ecclesia:</strong></span> <span class='ocrx_word' id='word_1_508' title='bbox 1647 4198 1918 4253; x_wconf 69' lang='lat' dir='ltr'><strong>catholicae</strong></span> <span class='ocrx_word' id='word_1_509' title='bbox 1938 4198 2088 4253; x_wconf 87' lang='lat' dir='ltr'><strong>dixit.</strong></span> 
     </span>
    </p>
   </div>
   <div class='ocr_carea' id='block_1_74' title="bbox 495 4289 2093 4357">
    <p class='ocr_par' dir='ltr' id='par_1_74' title="bbox 495 4289 2093 4357">
     <span class='ocr_line' id='line_1_75' title="bbox 495 4289 2093 4357; baseline -0.002 -10"><span class='ocrx_word' id='word_1_510' title='bbox 495 4290 613 4347; x_wconf 78' lang='lat' dir='ltr'><strong>Non</strong></span> <span class='ocrx_word' id='word_1_511' title='bbox 647 4290 749 4345; x_wconf 90' lang='lat' dir='ltr'><strong>hoc</strong></span> <span class='ocrx_word' id='word_1_512' title='bbox 781 4291 929 4357; x_wconf 82' lang='lat' dir='ltr'><strong>dixi,</strong></span> <span class='ocrx_word' id='word_1_513' title='bbox 964 4305 1071 4344; x_wconf 92' lang='lat' dir='ltr'><strong>non</strong></span> <span class='ocrx_word' id='word_1_514' title='bbox 1101 4289 1380 4344; x_wconf 91' lang='lat' dir='ltr'><strong>advertisti</strong></span> <span class='ocrx_word' id='word_1_515' title='bbox 1409 4331 1423 4356; x_wconf 91' lang='lat'><strong>,</strong></span> <span class='ocrx_word' id='word_1_516' title='bbox 1455 4299 1546 4344; x_wconf 91' lang='lat' dir='ltr'><strong>aut</strong></span> <span class='ocrx_word' id='word_1_517' title='bbox 1589 4289 1897 4344; x_wconf 81' lang='lat' dir='ltr'><strong>dissimulas</strong></span> <span class='ocrx_word' id='word_1_518' title='bbox 1921 4300 1972 4345; x_wconf 89' lang='lat' dir='ltr'><strong>te</strong></span> <span class='ocrx_word' id='word_1_519' title='bbox 1998 4305 2093 4344; x_wconf 91' lang='lat' dir='ltr'><strong>au-</strong></span> 
     </span>
    </p>
   </div>
   <div class='ocr_carea' id='block_1_75' title="bbox 494 4381 2092 4452">
    <p class='ocr_par' dir='ltr' id='par_1_75' title="bbox 494 4381 2092 4452">
     <span class='ocr_line' id='line_1_76' title="bbox 494 4381 2092 4452; baseline -0.002 -13"><span class='ocrx_word' id='word_1_520' title='bbox 494 4384 641 4439; x_wconf 91' lang='lat' dir='ltr'><strong>disse</strong></span> <span class='ocrx_word' id='word_1_521' title='bbox 683 4382 826 4452; x_wconf 88' lang='lat' dir='ltr'><strong>quod</strong></span> <span class='ocrx_word' id='word_1_522' title='bbox 874 4382 1007 4437; x_wconf 79' lang='lat' dir='ltr'><strong>dixi.</strong></span> <span class='ocrx_word' id='word_1_523' title='bbox 1063 4381 1232 4448; x_wconf 87' lang='lat' dir='ltr'><strong>Audi,</strong></span> <span class='ocrx_word' id='word_1_524' title='bbox 1281 4382 1493 4452; x_wconf 91' lang='lat' dir='ltr'><strong>planius</strong></span> <span class='ocrx_word' id='word_1_525' title='bbox 1545 4381 1650 4436; x_wconf 87' lang='lat' dir='ltr'><strong>hoc</strong></span> <span class='ocrx_word' id='word_1_526' title='bbox 1703 4382 1965 4447; x_wconf 88' lang='lat' dir='ltr'><strong>dicimus,</strong></span> <span class='ocrx_word' id='word_1_527' title='bbox 2024 4397 2092 4436; x_wconf 88' lang='lat' dir='ltr'><strong>ne</strong></span> 
     </span>
    </p>
   </div>
   <div class='ocr_carea' id='block_1_76' title="bbox 492 4473 2091 4545">
    <p class='ocr_par' dir='ltr' id='par_1_76' title="bbox 492 4473 2091 4545">
     <span class='ocr_line' id='line_1_77' title="bbox 492 4473 2091 4545; baseline -0.003 -14"><span class='ocrx_word' id='word_1_528' title='bbox 492 4475 639 4531; x_wconf 78' lang='lat' dir='ltr'><strong>forte</strong></span> <span class='ocrx_word' id='word_1_529' title='bbox 666 4475 820 4545; x_wconf 87' lang='lat' dir='ltr'><strong>culpa</strong></span> <span class='ocrx_word' id='word_1_530' title='bbox 852 4491 969 4530; x_wconf 88' lang='lat' dir='ltr'><strong>mea</strong></span> <span class='ocrx_word' id='word_1_531' title='bbox 1003 4489 1114 4530; x_wconf 91' lang='lat' dir='ltr'><strong>non</strong></span> <span class='ocrx_word' id='word_1_532' title='bbox 1163 4475 1496 4530; x_wconf 80' lang='lat' dir='ltr'><strong>intellexeris</strong></span> <span class='ocrx_word' id='word_1_533' title='bbox 1519 4516 1534 4540; x_wconf 98' lang='lat'><strong>,</strong></span> <span class='ocrx_word' id='word_1_534' title='bbox 1566 4473 1694 4528; x_wconf 92' lang='lat' dir='ltr'><strong>dum</strong></span> <span class='ocrx_word' id='word_1_535' title='bbox 1719 4473 1771 4529; x_wconf 94' lang='lat' dir='ltr'><strong>id</strong></span> <span class='ocrx_word' id='word_1_536' title='bbox 1809 4473 2091 4530; x_wconf 87' lang='lat' dir='ltr'><strong>obscurius</strong></span> 
     </span>
    </p>
   </div>
   <div class='ocr_carea' id='block_1_77' title="bbox 2193 3282 3804 3339">
    <p class='ocr_par' dir='ltr' id='par_1_77' title="bbox 2193 3282 3804 3339">
     <span class='ocr_line' id='line_1_78' title="bbox 2193 3282 3804 3339; baseline -0.002 -3"><span class='ocrx_word' id='word_1_537' title='bbox 2193 3291 2280 3337; x_wconf 92' lang='lat' dir='ltr'><strong>tur</strong></span> <span class='ocrx_word' id='word_1_538' title='bbox 2304 3283 2635 3338; x_wconf 85' lang='lat' dir='ltr'><strong>nobilitatem</strong></span> <span class='ocrx_word' id='word_1_539' title='bbox 2668 3292 2812 3338; x_wconf 90' lang='lat' dir='ltr'><strong>tuam</strong></span> <span class='ocrx_word' id='word_1_540' title='bbox 2833 3295 2890 3337; x_wconf 93' lang='lat' dir='ltr'><strong>ut</strong></span> <span class='ocrx_word' id='word_1_541' title='bbox 2919 3283 3063 3339; x_wconf 88' lang='lat' dir='ltr'><strong>hunc</strong></span> <span class='ocrx_word' id='word_1_542' title='bbox 3090 3283 3337 3338; x_wconf 89' lang='lat' dir='ltr'><strong>ordinem</strong></span> <span class='ocrx_word' id='word_1_543' title='bbox 3361 3297 3574 3337; x_wconf 88' lang='lat' dir='ltr'><strong>serves.</strong></span> <span class='ocrx_word' id='word_1_544' title='bbox 3613 3282 3804 3336; x_wconf 84' lang='lat' dir='ltr'><strong>Osten-</strong></span> 
     </span>
    </p>
   </div>
   <div class='ocr_carea' id='block_1_78' title="bbox 2193 3374 3805 3446">
    <p class='ocr_par' dir='ltr' id='par_1_78' title="bbox 2193 3374 3805 3446">
     <span class='ocr_line' id='line_1_79' title="bbox 2193 3374 3805 3446; baseline -0.002 -17"><span class='ocrx_word' id='word_1_545' title='bbox 2193 3374 2324 3430; x_wconf 90' lang='lat' dir='ltr'><strong>dant</strong></span> <span class='ocrx_word' id='word_1_546' title='bbox 2353 3376 2478 3446; x_wconf 90' lang='lat' dir='ltr'><strong>quid</strong></span> <span class='ocrx_word' id='word_1_547' title='bbox 2513 3377 2763 3446; x_wconf 88' lang='lat' dir='ltr'><strong>egerint,</strong></span> <span class='ocrx_word' id='word_1_548' title='bbox 2817 3377 2888 3431; x_wconf 87' lang='lat' dir='ltr'><strong>ibi</strong></span> <span class='ocrx_word' id='word_1_549' title='bbox 2943 3377 3189 3432; x_wconf 89' lang='lat' dir='ltr'><strong>invenies</strong></span> <span class='ocrx_word' id='word_1_550' title='bbox 3235 3378 3524 3446; x_wconf 85' lang='lat' dir='ltr'><strong>petitores.</strong></span> <span class='ocrx_word' id='word_1_551' title='bbox 3590 3375 3657 3428; x_wconf 83' lang='lat' dir='ltr'><strong>Et</strong></span> <span class='ocrx_word' id='word_1_552' title='bbox 3703 3374 3805 3427; x_wconf 74' lang='lat' dir='ltr'><strong>alia</strong></span> 
     </span>
    </p>
   </div>
   <div class='ocr_carea' id='block_1_79' title="bbox 2191 3469 3806 3540">
    <p class='ocr_par' dir='ltr' id='par_1_79' title="bbox 2191 3469 3806 3540">
     <span class='ocr_line' id='line_1_80' title="bbox 2191 3469 3806 3540; baseline 0.001 -21"><span class='ocrx_word' id='word_1_553' title='bbox 2191 3483 2368 3522; x_wconf 86' lang='lat' dir='ltr'><strong>manu.</strong></span> <span class='ocrx_word' id='word_1_554' title='bbox 2399 3469 2698 3524; x_wconf 86' lang='lat' dir='ltr'><strong>Petilianus</strong></span> <span class='ocrx_word' id='word_1_555' title='bbox 2727 3469 3020 3540; x_wconf 88' lang='lat' dir='ltr'><strong>episcopus</strong></span> <span class='ocrx_word' id='word_1_556' title='bbox 3059 3469 3206 3523; x_wconf 87' lang='lat' dir='ltr'><strong>salva</strong></span> <span class='ocrx_word' id='word_1_557' title='bbox 3248 3469 3627 3538; x_wconf 82' lang='lat' dir='ltr'><strong>appellatione</strong></span> <span class='ocrx_word' id='word_1_558' title='bbox 3654 3482 3806 3522; x_wconf 82' lang='lat' dir='ltr'><strong>reco-</strong></span> 
     </span>
    </p>
   </div>
   <div class='ocr_carea' id='block_1_80' title="bbox 2193 3562 2378 3629">
    <p class='ocr_par' dir='ltr' id='par_1_80' title="bbox 2193 3562 2378 3629">
     <span class='ocr_line' id='line_1_81' title="bbox 2193 3562 2378 3629; baseline 0.011 -15"><span class='ocrx_word' id='word_1_559' title='bbox 2193 3562 2378 3629; x_wconf 69' lang='lat' dir='ltr'><strong>gnovL</strong></span> 
     </span>
    </p>
   </div>
   <div class='ocr_carea' id='block_1_81' title="bbox 2267 3641 3808 3697">
    <p class='ocr_par' dir='ltr' id='par_1_81' title="bbox 2267 3641 3808 3697">
     <span class='ocr_line' id='line_1_82' title="bbox 2267 3641 3808 3697; baseline -0.001 -3"><span class='ocrx_word' id='word_1_560' title='bbox 2267 3641 2390 3696; x_wconf 87' lang='grc'><strong>166.</strong></span> <span class='ocrx_word' id='word_1_561' title='bbox 2425 3641 2762 3697; x_wconf 80' lang='lat' dir='ltr'><strong>Marcellinus</strong></span> <span class='ocrx_word' id='word_1_562' title='bbox 2783 3643 2861 3696; x_wconf 80' lang='lat' dir='ltr'><strong>uir</strong></span> <span class='ocrx_word' id='word_1_563' title='bbox 2880 3643 3201 3697; x_wconf 86' lang='lat' dir='ltr'><strong>clarissimus</strong></span> <span class='ocrx_word' id='word_1_564' title='bbox 3223 3641 3458 3696; x_wconf 86' lang='lat' dir='ltr'><strong>tribunus</strong></span> <span class='ocrx_word' id='word_1_565' title='bbox 3493 3653 3542 3695; x_wconf 85' lang='lat' dir='ltr'><strong>et</strong></span> <span class='ocrx_word' id='word_1_566' title='bbox 3571 3641 3808 3695; x_wconf 77' lang='lat' dir='ltr'><strong>notarius</strong></span> 
     </span>
    </p>
   </div>
   <div class='ocr_carea' id='block_1_82' title="bbox 2195 3733 3810 3805">
    <p class='ocr_par' dir='ltr' id='par_1_82' title="bbox 2195 3733 3810 3805">
     <span class='ocr_line' id='line_1_83' title="bbox 2195 3733 3810 3805; baseline -0.001 -18"><span class='ocrx_word' id='word_1_567' title='bbox 2195 3733 2348 3788; x_wconf 81' lang='lat' dir='ltr'><strong>dixit.</strong></span> <span class='ocrx_word' id='word_1_568' title='bbox 2375 3733 2431 3790; x_wconf 89' lang='lat' dir='ltr'><strong>Si</strong></span> <span class='ocrx_word' id='word_1_569' title='bbox 2455 3737 2717 3790; x_wconf 87' lang='lat' dir='ltr'><strong>sanctitas</strong></span> <span class='ocrx_word' id='word_1_570' title='bbox 2770 3743 2859 3789; x_wconf 90' lang='lat' dir='ltr'><strong>tua</strong></span> <span class='ocrx_word' id='word_1_571' title='bbox 2895 3735 3280 3804; x_wconf 87' lang='lat' dir='ltr'><strong>permitteret,</strong></span> <span class='ocrx_word' id='word_1_572' title='bbox 3330 3734 3422 3788; x_wconf 89' lang='lat' dir='ltr'><strong>vel</strong></span> <span class='ocrx_word' id='word_1_573' title='bbox 3462 3735 3810 3805; x_wconf 81' lang='lat' dir='ltr'><strong>permisisset</strong></span> 
     </span>
    </p>
   </div>
   <div class='ocr_carea' id='block_1_83' title="bbox 2194 3826 3804 3898">
    <p class='ocr_par' dir='ltr' id='par_1_83' title="bbox 2194 3826 3804 3898">
     <span class='ocr_line' id='line_1_84' title="bbox 2194 3826 3804 3898; baseline -0.001 -18"><span class='ocrx_word' id='word_1_574' title='bbox 2194 3835 2342 3895; x_wconf 87' lang='lat' dir='ltr'><strong>gesta</strong></span> <span class='ocrx_word' id='word_1_575' title='bbox 2370 3827 2584 3882; x_wconf 86' lang='lat' dir='ltr'><strong>recitari</strong></span> <span class='ocrx_word' id='word_1_576' title='bbox 2607 3868 2622 3893; x_wconf 87' lang='lat'><strong>,</strong></span> <span class='ocrx_word' id='word_1_577' title='bbox 2644 3828 2752 3897; x_wconf 89' lang='lat' dir='ltr'><strong>jam</strong></span> <span class='ocrx_word' id='word_1_578' title='bbox 2779 3827 2908 3882; x_wconf 92' lang='lat' dir='ltr'><strong>olim</strong></span> <span class='ocrx_word' id='word_1_579' title='bbox 2931 3828 3020 3898; x_wconf 89' lang='lat' dir='ltr'><strong>qui</strong></span> <span class='ocrx_word' id='word_1_580' title='bbox 3055 3827 3304 3897; x_wconf 82' lang='lat' dir='ltr'><strong>petitoris</strong></span> <span class='ocrx_word' id='word_1_581' title='bbox 3330 3827 3453 3881; x_wconf 90' lang='lat' dir='ltr'><strong>loco</strong></span> <span class='ocrx_word' id='word_1_582' title='bbox 3476 3826 3804 3888; x_wconf 86' lang='lat' dir='ltr'><strong>adsisteret,</strong></span> 
     </span>
    </p>
   </div>
   <div class='ocr_carea' id='block_1_84' title="bbox 2197 3919 3810 3991">
    <p class='ocr_par' dir='ltr' id='par_1_84' title="bbox 2197 3919 3810 3991">
     <span class='ocr_line' id='line_1_85' title="bbox 2197 3919 3810 3991; baseline -0.001 -17"><span class='ocrx_word' id='word_1_583' title='bbox 2197 3919 2462 3988; x_wconf 81' lang='lat' dir='ltr'><strong>pomisset</strong></span> <span class='ocrx_word' id='word_1_584' title='bbox 2483 3919 2717 3975; x_wconf 90' lang='lat' dir='ltr'><strong>ostendi.</strong></span> <span class='ocrx_word' id='word_1_585' title='bbox 2767 3919 2920 3976; x_wconf 91' lang='lat' dir='ltr'><strong>Unde</strong></span> <span class='ocrx_word' id='word_1_586' title='bbox 2943 3921 3027 3976; x_wconf 90' lang='lat' dir='ltr'><strong>vel</strong></span> <span class='ocrx_word' id='word_1_587' title='bbox 3051 3935 3194 3975; x_wconf 91' lang='lat' dir='ltr'><strong>nunc</strong></span> <span class='ocrx_word' id='word_1_588' title='bbox 3235 3920 3544 3990; x_wconf 86' lang='lat' dir='ltr'><strong>antiquiora</strong></span> <span class='ocrx_word' id='word_1_589' title='bbox 3572 3965 3589 3991; x_wconf 90' lang='lat'><strong>,</strong></span> <span class='ocrx_word' id='word_1_590' title='bbox 3638 3931 3701 3975; x_wconf 87' lang='lat' dir='ltr'><strong>ut</strong></span> <span class='ocrx_word' id='word_1_591' title='bbox 3728 3921 3810 3974; x_wconf 85' lang='lat' dir='ltr'><strong>iu-</strong></span> 
     </span>
    </p>
   </div>
   <div class='ocr_carea' id='block_1_85' title="bbox 2197 4013 3806 4084">
    <p class='ocr_par' dir='ltr' id='par_1_85' title="bbox 2197 4013 3806 4084">
     <span class='ocr_line' id='line_1_86' title="bbox 2197 4013 3806 4084; baseline 0 -17"><span class='ocrx_word' id='word_1_592' title='bbox 2197 4013 2424 4067; x_wconf 89' lang='lat' dir='ltr'><strong>terfatus</strong></span> <span class='ocrx_word' id='word_1_593' title='bbox 2449 4028 2566 4067; x_wconf 92' lang='lat' dir='ltr'><strong>sum</strong></span> <span class='ocrx_word' id='word_1_594' title='bbox 2589 4056 2604 4080; x_wconf 94' lang='lat'><strong>,</strong></span> <span class='ocrx_word' id='word_1_595' title='bbox 2634 4024 2787 4084; x_wconf 83' lang='lat' dir='ltr'><strong>gesta</strong></span> <span class='ocrx_word' id='word_1_596' title='bbox 2818 4018 3130 4068; x_wconf 90' lang='lat' dir='ltr'><strong>recitentur.</strong></span> <span class='ocrx_word' id='word_1_597' title='bbox 3169 4013 3466 4069; x_wconf 78' lang='lat' dir='ltr'><strong>Petilianus</strong></span> <span class='ocrx_word' id='word_1_598' title='bbox 3511 4013 3806 4084; x_wconf 71' lang='lat' dir='ltr'><strong>Episcopus</strong></span> 
     </span>
    </p>
   </div>
   <div class='ocr_carea' id='block_1_86' title="bbox 2196 4105 3802 4178">
    <p class='ocr_par' dir='ltr' id='par_1_86' title="bbox 2196 4105 3802 4178">
     <span class='ocr_line' id='line_1_87' title="bbox 2196 4105 3802 4178; baseline -0.001 -19"><span class='ocrx_word' id='word_1_599' title='bbox 2196 4107 2348 4161; x_wconf 87' lang='lat' dir='ltr'><strong>dixit.</strong></span> <span class='ocrx_word' id='word_1_600' title='bbox 2381 4105 2641 4162; x_wconf 90' lang='lat' dir='ltr'><strong>Ordinem</strong></span> <span class='ocrx_word' id='word_1_601' title='bbox 2673 4122 2832 4162; x_wconf 89' lang='lat' dir='ltr'><strong>serva</strong></span> <span class='ocrx_word' id='word_1_602' title='bbox 2865 4116 3168 4178; x_wconf 84' lang='lat' dir='ltr'><strong>gestorum.</strong></span> <span class='ocrx_word' id='word_1_603' title='bbox 3201 4106 3268 4159; x_wconf 87' lang='lat' dir='ltr'><strong>Et</strong></span> <span class='ocrx_word' id='word_1_604' title='bbox 3299 4107 3410 4160; x_wconf 87' lang='lat' dir='ltr'><strong>alia</strong></span> <span class='ocrx_word' id='word_1_605' title='bbox 3435 4123 3616 4160; x_wconf 85' lang='lat' dir='ltr'><strong>manu.</strong></span> <span class='ocrx_word' id='word_1_606' title='bbox 3658 4106 3802 4159; x_wconf 81' lang='lat' dir='ltr'><strong>Peti-</strong></span> 
     </span>
    </p>
   </div>
   <div class='ocr_carea' id='block_1_87' title="bbox 2194 4198 3798 4270">
    <p class='ocr_par' dir='ltr' id='par_1_87' title="bbox 2194 4198 3798 4270">
     <span class='ocr_line' id='line_1_88' title="bbox 2194 4198 3798 4270; baseline -0.002 -17"><span class='ocrx_word' id='word_1_607' title='bbox 2194 4199 2367 4254; x_wconf 76' lang='lat' dir='ltr'><strong>lianus</strong></span> <span class='ocrx_word' id='word_1_608' title='bbox 2395 4201 2682 4270; x_wconf 89' lang='lat' dir='ltr'><strong>episeopns</strong></span> <span class='ocrx_word' id='word_1_609' title='bbox 2729 4201 3161 4270; x_wconf 86' lang='lat' dir='ltr'><strong>prosecutionem</strong></span> <span class='ocrx_word' id='word_1_610' title='bbox 3209 4213 3388 4254; x_wconf 88' lang='lat' dir='ltr'><strong>meam</strong></span> <span class='ocrx_word' id='word_1_611' title='bbox 3433 4198 3798 4270; x_wconf 76' lang='lat' dir='ltr'><strong>appellatione</strong></span> 
     </span>
    </p>
   </div>
   <div class='ocr_carea' id='block_1_88' title="bbox 2163 4293 2808 4369">
    <p class='ocr_par' dir='ltr' id='par_1_88' title="bbox 2163 4293 2808 4369">
     <span class='ocr_line' id='line_1_89' title="bbox 2163 4293 2808 4369; baseline -0.002 -20"><span class='ocrx_word' id='word_1_612' title='bbox 2163 4361 2176 4369; x_wconf 25' lang='grc' dir='ltr'><strong><em>ί</em></strong></span> <span class='ocrx_word' id='word_1_613' title='bbox 2195 4293 2453 4349; x_wconf 91' lang='lat' dir='ltr'><strong>incolumi</strong></span> <span class='ocrx_word' id='word_1_614' title='bbox 2494 4294 2808 4364; x_wconf 87' lang='lat' dir='ltr'><strong>recognovi.</strong></span> 
     </span>
    </p>
   </div>
   <div class='ocr_carea' id='block_1_89' title="bbox 2269 4384 3809 4441">
    <p class='ocr_par' dir='ltr' id='par_1_89' title="bbox 2269 4384 3809 4441">
     <span class='ocr_line' id='line_1_90' title="bbox 2269 4384 3809 4441; baseline 0.001 -3"><span class='ocrx_word' id='word_1_615' title='bbox 2269 4384 2394 4438; x_wconf 88' lang='grc'><strong>167.</strong></span> <span class='ocrx_word' id='word_1_616' title='bbox 2425 4384 2760 4440; x_wconf 81' lang='lat' dir='ltr'><strong>Marcellinus</strong></span> <span class='ocrx_word' id='word_1_617' title='bbox 2781 4386 2856 4440; x_wconf 80' lang='lat' dir='ltr'><strong>uir</strong></span> <span class='ocrx_word' id='word_1_618' title='bbox 2885 4386 3205 4441; x_wconf 83' lang='lat' dir='ltr'><strong>clarissimus</strong></span> <span class='ocrx_word' id='word_1_619' title='bbox 3232 4384 3473 4440; x_wconf 80' lang='lat' dir='ltr'><strong>tribunus</strong></span> <span class='ocrx_word' id='word_1_620' title='bbox 3501 4395 3547 4440; x_wconf 87' lang='lat' dir='ltr'><strong>et</strong></span> <span class='ocrx_word' id='word_1_621' title='bbox 3569 4387 3809 4440; x_wconf 68' lang='lat' dir='ltr'><strong>notarius</strong></span> 
     </span>
    </p>
   </div>
   <div class='ocr_carea' id='block_1_90' title="bbox 2195 4477 3814 4550">
    <p class='ocr_par' dir='ltr' id='par_1_90' title="bbox 2195 4477 3814 4550">
     <span class='ocr_line' id='line_1_91' title="bbox 2195 4477 3814 4550; baseline 0.002 -20"><span class='ocrx_word' id='word_1_622' title='bbox 2195 4477 2346 4533; x_wconf 84' lang='lat' dir='ltr'><strong>dixit.</strong></span> <span class='ocrx_word' id='word_1_623' title='bbox 2378 4479 2578 4532; x_wconf 83' lang='lat' dir='ltr'><strong>Eorum</strong></span> <span class='ocrx_word' id='word_1_624' title='bbox 2608 4487 2886 4549; x_wconf 89' lang='lat' dir='ltr'><strong>gestorum</strong></span> <span class='ocrx_word' id='word_1_625' title='bbox 2929 4495 3051 4550; x_wconf 74' lang='lat' dir='ltr'><strong>qua:</strong></span> <span class='ocrx_word' id='word_1_626' title='bbox 3101 4494 3129 4530; x_wconf 91' lang='lat' dir='ltr'><strong>a</strong></span> <span class='ocrx_word' id='word_1_627' title='bbox 3171 4478 3421 4548; x_wconf 89' lang='lat' dir='ltr'><strong>partibus</strong></span> <span class='ocrx_word' id='word_1_628' title='bbox 3459 4478 3773 4534; x_wconf 81' lang='lat' dir='ltr'><strong>oﬂ&#39;eruntur</strong></span> <span class='ocrx_word' id='word_1_629' title='bbox 3799 4521 3814 4543; x_wconf 93' lang='lat'><strong>,</strong></span> 
     </span>
    </p>
   </div>
   <div class='ocr_carea' id='block_1_91' title="bbox 494 4557 3819 4645">
    <p class='ocr_par' dir='ltr' id='par_1_91' title="bbox 494 4557 3819 4645">
     <span class='ocr_line' id='line_1_92' title="bbox 494 4557 3819 4645; baseline -0.001 -15"><span class='ocrx_word' id='word_1_630' title='bbox 494 4573 828 4645; x_wconf 84' lang='lat' dir='ltr'><strong>aliquantum</strong></span> <span class='ocrx_word' id='word_1_631' title='bbox 875 4574 984 4629; x_wconf 81' lang='lat' dir='ltr'><strong>dixi</strong></span> <span class='ocrx_word' id='word_1_632' title='bbox 1021 4572 1204 4628; x_wconf 86' lang='lat' dir='ltr'><strong>studio</strong></span> <span class='ocrx_word' id='word_1_633' title='bbox 1247 4572 1530 4628; x_wconf 86' lang='lat' dir='ltr'><strong>brevitatis</strong></span> <span class='ocrx_word' id='word_1_634' title='bbox 1557 4613 1571 4637; x_wconf 89' lang='lat'><strong>,</strong></span> <span class='ocrx_word' id='word_1_635' title='bbox 1621 4571 1764 4640; x_wconf 89' lang='lat' dir='ltr'><strong>quod</strong></span> <span class='ocrx_word' id='word_1_636' title='bbox 1809 4571 2090 4640; x_wconf 89' lang='lat' dir='ltr'><strong>percipere</strong></span> <span class='ocrx_word' id='word_1_637' title='bbox 2116 4557 2171 4618; x_wconf 84' lang='lat' dir='ltr'><strong>D</strong></span> <span class='ocrx_word' id='word_1_638' title='bbox 2199 4571 2252 4626; x_wconf 92' lang='lat' dir='ltr'><strong>id</strong></span> <span class='ocrx_word' id='word_1_639' title='bbox 2273 4580 2357 4628; x_wconf 88' lang='lat' dir='ltr'><strong>est</strong></span> <span class='ocrx_word' id='word_1_640' title='bbox 2385 4574 2852 4642; x_wconf 89' lang='lat' dir='ltr'><strong>proconsularium</strong></span> <span class='ocrx_word' id='word_1_641' title='bbox 2881 4583 2937 4629; x_wconf 90' lang='lat' dir='ltr'><strong>et</strong></span> <span class='ocrx_word' id='word_1_642' title='bbox 2965 4573 3353 4629; x_wconf 69' lang='lat' dir='ltr'><strong>illustrissima:</strong></span> <span class='ocrx_word' id='word_1_643' title='bbox 3382 4573 3530 4629; x_wconf 88' lang='lat' dir='ltr'><strong>sedis</strong></span> <span class='ocrx_word' id='word_1_644' title='bbox 3549 4613 3568 4639; x_wconf 92' lang='lat'><strong>,</strong></span> <span class='ocrx_word' id='word_1_645' title='bbox 3593 4584 3819 4645; x_wconf 86' lang='lat' dir='ltr'><strong>tempo-</strong></span> 
     </span>
    </p>
   </div>
   <div class='ocr_carea' id='block_1_92' title="bbox 493 4663 2092 4739">
    <p class='ocr_par' dir='ltr' id='par_1_92' title="bbox 493 4663 2092 4739">
     <span class='ocr_line' id='line_1_93' title="bbox 493 4663 2092 4739; baseline -0.005 -13"><span class='ocrx_word' id='word_1_646' title='bbox 493 4667 826 4739; x_wconf 89' lang='lat' dir='ltr'><strong>neqniveris.</strong></span> <span class='ocrx_word' id='word_1_647' title='bbox 851 4665 1050 4722; x_wconf 87' lang='lat' dir='ltr'><strong>Notum</strong></span> <span class='ocrx_word' id='word_1_648' title='bbox 1081 4665 1433 4720; x_wconf 83' lang='lat' dir='ltr'><strong>estomnibus</strong></span> <span class='ocrx_word' id='word_1_649' title='bbox 1447 4663 1644 4718; x_wconf 89' lang='lat' dir='ltr'><strong>multas</strong></span> <span class='ocrx_word' id='word_1_650' title='bbox 1671 4677 1863 4717; x_wconf 87' lang='lat' dir='ltr'><strong>causas</strong></span> <span class='ocrx_word' id='word_1_651' title='bbox 1892 4663 2092 4718; x_wconf 90' lang='lat' dir='ltr'><strong>habere</strong></span> 
     </span>
    </p>
   </div>
   <div class='ocr_carea' id='block_1_93' title="bbox 493 4755 2092 4828">
    <p class='ocr_par' dir='ltr' id='par_1_93' title="bbox 493 4755 2092 4828">
     <span class='ocr_line' id='line_1_94' title="bbox 493 4755 2092 4828; baseline -0.006 -9"><span class='ocrx_word' id='word_1_652' title='bbox 493 4761 796 4819; x_wconf 85' lang='lat' dir='ltr'><strong>Ecclesiam</strong></span> <span class='ocrx_word' id='word_1_653' title='bbox 814 4801 829 4826; x_wconf 90' lang='lat'><strong>,</strong></span> <span class='ocrx_word' id='word_1_654' title='bbox 863 4768 918 4815; x_wconf 89' lang='lat' dir='ltr'><strong>et</strong></span> <span class='ocrx_word' id='word_1_655' title='bbox 935 4774 1087 4814; x_wconf 79' lang='lat' dir='ltr'><strong>suam</strong></span> <span class='ocrx_word' id='word_1_656' title='bbox 1111 4800 1126 4824; x_wconf 92' lang='lat'><strong>,</strong></span> <span class='ocrx_word' id='word_1_657' title='bbox 1152 4767 1206 4813; x_wconf 88' lang='lat' dir='ltr'><strong>et</strong></span> <span class='ocrx_word' id='word_1_658' title='bbox 1225 4758 1550 4828; x_wconf 88' lang='lat' dir='ltr'><strong>privatarum</strong></span> <span class='ocrx_word' id='word_1_659' title='bbox 1582 4770 1937 4824; x_wconf 86' lang='lat' dir='ltr'><strong>personarum</strong></span> <span class='ocrx_word' id='word_1_660' title='bbox 1963 4755 2092 4809; x_wconf 89' lang='lat' dir='ltr'><strong>sibi-</strong></span> 
     </span>
    </p>
   </div>
   <div class='ocr_carea' id='block_1_94' title="bbox 494 4847 2092 4919">
    <p class='ocr_par' dir='ltr' id='par_1_94' title="bbox 494 4847 2092 4919">
     <span class='ocr_line' id='line_1_95' title="bbox 494 4847 2092 4919; baseline -0.008 -10"><span class='ocrx_word' id='word_1_661' title='bbox 494 4861 610 4909; x_wconf 88' lang='lat' dir='ltr'><strong>met</strong></span> <span class='ocrx_word' id='word_1_662' title='bbox 637 4854 1080 4918; x_wconf 88' lang='lat' dir='ltr'><strong>commissarum;</strong></span> <span class='ocrx_word' id='word_1_663' title='bbox 1122 4861 1176 4906; x_wconf 86' lang='lat' dir='ltr'><strong>et</strong></span> <span class='ocrx_word' id='word_1_664' title='bbox 1221 4858 1400 4919; x_wconf 88' lang='lat' dir='ltr'><strong>potest</strong></span> <span class='ocrx_word' id='word_1_665' title='bbox 1449 4848 1566 4903; x_wconf 87' lang='lat' dir='ltr'><strong>ﬁeri</strong></span> <span class='ocrx_word' id='word_1_666' title='bbox 1597 4856 1654 4902; x_wconf 90' lang='lat' dir='ltr'><strong>ut</strong></span> <span class='ocrx_word' id='word_1_667' title='bbox 1697 4847 1766 4902; x_wconf 91' lang='lat' dir='ltr'><strong>ad</strong></span> <span class='ocrx_word' id='word_1_668' title='bbox 1802 4848 2092 4918; x_wconf 84' lang='lat' dir='ltr'><strong>episcopo.</strong></span> 
     </span>
    </p>
   </div>
   <div class='ocr_carea' id='block_1_95' title="bbox 493 4941 2092 5012">
    <p class='ocr_par' dir='ltr' id='par_1_95' title="bbox 493 4941 2092 5012">
     <span class='ocr_line' id='line_1_96' title="bbox 493 4941 2092 5012; baseline -0.003 -10"><span class='ocrx_word' id='word_1_669' title='bbox 493 4959 615 5002; x_wconf 86' lang='lat' dir='ltr'><strong>rum</strong></span> <span class='ocrx_word' id='word_1_670' title='bbox 649 4945 1091 4999; x_wconf 91' lang='lat' dir='ltr'><strong>intercessionem</strong></span> <span class='ocrx_word' id='word_1_671' title='bbox 1118 4943 1286 4998; x_wconf 91' lang='lat' dir='ltr'><strong>multa</strong></span> <span class='ocrx_word' id='word_1_672' title='bbox 1333 4942 1656 5012; x_wconf 89' lang='lat' dir='ltr'><strong>pertineant.</strong></span> <span class='ocrx_word' id='word_1_673' title='bbox 1690 4941 1911 4997; x_wconf 89' lang='lat' dir='ltr'><strong>Secreta</strong></span> <span class='ocrx_word' id='word_1_674' title='bbox 1937 4941 2092 4998; x_wconf 90' lang='lat' dir='ltr'><strong>nobis</strong></span> 
     </span>
    </p>
   </div>
   <div class='ocr_carea' id='block_1_96' title="bbox 495 5034 2087 5104">
    <p class='ocr_par' dir='ltr' id='par_1_96' title="bbox 495 5034 2087 5104">
     <span class='ocr_line' id='line_1_97' title="bbox 495 5034 2087 5104; baseline -0.002 -14"><span class='ocrx_word' id='word_1_675' title='bbox 495 5034 906 5090; x_wconf 87' lang='lat' dir='ltr'><strong>committuntur</strong></span> <span class='ocrx_word' id='word_1_676' title='bbox 944 5034 1280 5104; x_wconf 81' lang='lat' dir='ltr'><strong>negotiorum</strong></span> <span class='ocrx_word' id='word_1_677' title='bbox 1327 5040 1382 5088; x_wconf 91' lang='lat' dir='ltr'><strong>et</strong></span> <span class='ocrx_word' id='word_1_678' title='bbox 1426 5047 1710 5086; x_wconf 88' lang='lat' dir='ltr'><strong>causarum</strong></span> <span class='ocrx_word' id='word_1_679' title='bbox 1755 5034 2087 5101; x_wconf 89' lang='lat' dir='ltr'><strong>alienarum,</strong></span> 
     </span>
    </p>
   </div>
   <div class='ocr_carea' id='block_1_97' title="bbox 496 5123 2085 5196">
    <p class='ocr_par' dir='ltr' id='par_1_97' title="bbox 496 5123 2085 5196">
     <span class='ocr_line' id='line_1_98' title="bbox 496 5123 2085 5196; baseline -0.002 -15"><span class='ocrx_word' id='word_1_680' title='bbox 496 5125 553 5181; x_wconf 89' lang='lat' dir='ltr'><strong>in</strong></span> <span class='ocrx_word' id='word_1_681' title='bbox 575 5123 772 5196; x_wconf 84' lang='lat' dir='ltr'><strong>quibus</strong></span> <span class='ocrx_word' id='word_1_682' title='bbox 814 5132 997 5178; x_wconf 89' lang='lat' dir='ltr'><strong>nostra</strong></span> <span class='ocrx_word' id='word_1_683' title='bbox 1041 5124 1367 5179; x_wconf 78' lang='lat' dir='ltr'><strong>interventio</strong></span> <span class='ocrx_word' id='word_1_684' title='bbox 1413 5137 1559 5192; x_wconf 65' lang='lat' dir='ltr'><strong>saepe</strong></span> <span class='ocrx_word' id='word_1_685' title='bbox 1592 5124 1912 5191; x_wconf 89' lang='lat' dir='ltr'><strong>postulatur,</strong></span> <span class='ocrx_word' id='word_1_686' title='bbox 1959 5140 2085 5194; x_wconf 85' lang='lat' dir='ltr'><strong>pro-</strong></span> 
     </span>
    </p>
   </div>
   <div class='ocr_carea' id='block_1_98' title="bbox 497 5216 2088 5290">
    <p class='ocr_par' dir='ltr' id='par_1_98' title="bbox 497 5216 2088 5290">
     <span class='ocr_line' id='line_1_99' title="bbox 497 5216 2088 5290; baseline -0.002 -17"><span class='ocrx_word' id='word_1_687' title='bbox 497 5231 616 5290; x_wconf 87' lang='lat' dir='ltr'><strong>pter</strong></span> <span class='ocrx_word' id='word_1_688' title='bbox 637 5233 758 5290; x_wconf 64' lang='lat' dir='ltr'><strong>qua:</strong></span> <span class='ocrx_word' id='word_1_689' title='bbox 785 5216 1044 5271; x_wconf 78' lang='lat' dir='ltr'><strong>auxilium</strong></span> <span class='ocrx_word' id='word_1_690' title='bbox 1091 5217 1160 5272; x_wconf 92' lang='lat' dir='ltr'><strong>ab</strong></span> <span class='ocrx_word' id='word_1_691' title='bbox 1197 5217 1438 5288; x_wconf 88' lang='lat' dir='ltr'><strong>Ecclesia</strong></span> <span class='ocrx_word' id='word_1_692' title='bbox 1468 5217 1726 5286; x_wconf 90' lang='lat' dir='ltr'><strong>poscitur.</strong></span> <span class='ocrx_word' id='word_1_693' title='bbox 1781 5217 1907 5271; x_wconf 73' lang='lat' dir='ltr'><strong>Haec</strong></span> <span class='ocrx_word' id='word_1_694' title='bbox 1960 5232 2088 5286; x_wconf 73' lang='lat' dir='ltr'><strong>pro-</strong></span> 
     </span>
    </p>
   </div>
   <div class='ocr_carea' id='block_1_99' title="bbox 492 5310 2090 5380">
    <p class='ocr_par' dir='ltr' id='par_1_99' title="bbox 492 5310 2090 5380">
     <span class='ocr_line' id='line_1_100' title="bbox 492 5310 2090 5380; baseline -0.004 -11"><span class='ocrx_word' id='word_1_695' title='bbox 492 5312 669 5369; x_wconf 88' lang='lat' dir='ltr'><strong>denda</strong></span> <span class='ocrx_word' id='word_1_696' title='bbox 728 5327 834 5365; x_wconf 91' lang='lat' dir='ltr'><strong>non</strong></span> <span class='ocrx_word' id='word_1_697' title='bbox 886 5318 1046 5374; x_wconf 88' lang='lat' dir='ltr'><strong>sunt,</strong></span> <span class='ocrx_word' id='word_1_698' title='bbox 1078 5325 1145 5364; x_wconf 92' lang='lat' dir='ltr'><strong>ne</strong></span> <span class='ocrx_word' id='word_1_699' title='bbox 1194 5311 1496 5380; x_wconf 90' lang='lat' dir='ltr'><strong>proditores</strong></span> <span class='ocrx_word' id='word_1_700' title='bbox 1541 5311 1896 5365; x_wconf 87' lang='lat' dir='ltr'><strong>inveniamur.</strong></span> <span class='ocrx_word' id='word_1_701' title='bbox 1930 5310 2090 5365; x_wconf 80' lang='lat' dir='ltr'><strong>Suffi-</strong></span> 
     </span>
    </p>
   </div>
   <div class='ocr_carea' id='block_1_100' title="bbox 493 5399 2085 5473">
    <p class='ocr_par' dir='ltr' id='par_1_100' title="bbox 493 5399 2085 5473">
     <span class='ocr_line' id='line_1_101' title="bbox 493 5399 2085 5473; baseline -0.003 -13"><span class='ocrx_word' id='word_1_702' title='bbox 493 5404 688 5460; x_wconf 89' lang='lat' dir='ltr'><strong>cittibi</strong></span> <span class='ocrx_word' id='word_1_703' title='bbox 720 5401 862 5473; x_wconf 91' lang='lat' dir='ltr'><strong>quod</strong></span> <span class='ocrx_word' id='word_1_704' title='bbox 904 5399 1251 5455; x_wconf 82' lang='lat' dir='ltr'><strong>collationem</strong></span> <span class='ocrx_word' id='word_1_705' title='bbox 1303 5418 1388 5456; x_wconf 88' lang='lat' dir='ltr'><strong>me</strong></span> <span class='ocrx_word' id='word_1_706' title='bbox 1439 5403 1636 5471; x_wconf 89' lang='lat' dir='ltr'><strong>petisse</strong></span> <span class='ocrx_word' id='word_1_707' title='bbox 1696 5403 1747 5455; x_wconf 90' lang='lat' dir='ltr'><strong>in</strong></span> <span class='ocrx_word' id='word_1_708' title='bbox 1793 5417 1954 5456; x_wconf 90' lang='lat' dir='ltr'><strong>causa</strong></span> <span class='ocrx_word' id='word_1_709' title='bbox 1998 5414 2085 5456; x_wconf 88' lang='lat' dir='ltr'><strong>tua</strong></span> 
     </span>
    </p>
   </div>
   <div class='ocr_carea' id='block_1_101' title="bbox 489 5491 2084 5567">
    <p class='ocr_par' dir='ltr' id='par_1_101' title="bbox 489 5491 2084 5567">
     <span class='ocr_line' id='line_1_102' title="bbox 489 5491 2084 5567; baseline -0.004 -14"><span class='ocrx_word' id='word_1_710' title='bbox 489 5499 606 5567; x_wconf 88' lang='lat' dir='ltr'><strong>ipse</strong></span> <span class='ocrx_word' id='word_1_711' title='bbox 640 5497 792 5552; x_wconf 89' lang='lat' dir='ltr'><strong>testis</strong></span> <span class='ocrx_word' id='word_1_712' title='bbox 823 5505 904 5549; x_wconf 87' lang='lat' dir='ltr'><strong>est</strong></span> <span class='ocrx_word' id='word_1_713' title='bbox 938 5491 1396 5548; x_wconf 77' lang='lat' dir='ltr'><strong>clementissimus</strong></span> <span class='ocrx_word' id='word_1_714' title='bbox 1425 5495 1736 5563; x_wconf 85' lang='lat' dir='ltr'><strong>imperator.</strong></span> <span class='ocrx_word' id='word_1_715' title='bbox 1767 5492 1908 5545; x_wconf 86' lang='lat' dir='ltr'><strong>Nihil</strong></span> <span class='ocrx_word' id='word_1_716' title='bbox 1943 5494 2084 5547; x_wconf 89' lang='lat' dir='ltr'><strong>ultra</strong></span> 
     </span>
    </p>
   </div>
   <div class='ocr_carea' id='block_1_102' title="bbox 493 5585 2084 5661">
    <p class='ocr_par' dir='ltr' id='par_1_102' title="bbox 493 5585 2084 5661">
     <span class='ocr_line' id='line_1_103' title="bbox 493 5585 2084 5661; baseline -0.001 -18"><span class='ocrx_word' id='word_1_717' title='bbox 493 5605 740 5661; x_wconf 66' lang='lat' dir='ltr'><strong>qnarras.</strong></span> <span class='ocrx_word' id='word_1_718' title='bbox 781 5589 825 5643; x_wconf 87' lang='lat' dir='ltr'><strong>si</strong></span> <span class='ocrx_word' id='word_1_719' title='bbox 860 5587 1068 5657; x_wconf 86' lang='lat' dir='ltr'><strong>negotia</strong></span> <span class='ocrx_word' id='word_1_720' title='bbox 1099 5586 1272 5640; x_wconf 89' lang='lat' dir='ltr'><strong>aliena</strong></span> <span class='ocrx_word' id='word_1_721' title='bbox 1311 5601 1417 5640; x_wconf 90' lang='lat' dir='ltr'><strong>non</strong></span> <span class='ocrx_word' id='word_1_722' title='bbox 1466 5589 1684 5654; x_wconf 66' lang='grc' dir='ltr'><strong>(μιεῖξΐίς.</strong></span> <span class='ocrx_word' id='word_1_723' title='bbox 1735 5585 1961 5657; x_wconf 67' lang='grc' dir='ltr'><strong>Νυεοιίο</strong></span> <span class='ocrx_word' id='word_1_724' title='bbox 1994 5595 2084 5641; x_wconf 92' lang='lat' dir='ltr'><strong>tuo</strong></span> 
     </span>
    </p>
   </div>
   <div class='ocr_carea' id='block_1_103' title="bbox 495 5679 2078 5754">
    <p class='ocr_par' dir='ltr' id='par_1_103' title="bbox 495 5679 2078 5754">
     <span class='ocr_line' id='line_1_104' title="bbox 495 5679 2078 5754; baseline -0.004 -16"><span class='ocrx_word' id='word_1_725' title='bbox 495 5685 702 5739; x_wconf 85' lang='lat' dir='ltr'><strong>sufﬁcit</strong></span> <span class='ocrx_word' id='word_1_726' title='bbox 724 5684 866 5754; x_wconf 90' lang='lat' dir='ltr'><strong>quod</strong></span> <span class='ocrx_word' id='word_1_727' title='bbox 891 5683 960 5739; x_wconf 92' lang='lat' dir='ltr'><strong>de</strong></span> <span class='ocrx_word' id='word_1_728' title='bbox 986 5683 1102 5752; x_wconf 90' lang='lat' dir='ltr'><strong>ipsa</strong></span> <span class='ocrx_word' id='word_1_729' title='bbox 1127 5679 1471 5751; x_wconf 89' lang='lat' dir='ltr'><strong>imperatoris</strong></span> <span class='ocrx_word' id='word_1_730' title='bbox 1501 5679 1618 5752; x_wconf 87' lang='lat' dir='ltr'><strong>lege</strong></span> <span class='ocrx_word' id='word_1_731' title='bbox 1648 5679 1930 5735; x_wconf 90' lang='lat' dir='ltr'><strong>recitatum</strong></span> <span class='ocrx_word' id='word_1_732' title='bbox 1959 5686 2078 5744; x_wconf 92' lang='lat' dir='ltr'><strong>est,</strong></span> 
     </span>
    </p>
   </div>
   <div class='ocr_carea' id='block_1_104' title="bbox 2197 4666 2594 4721">
    <p class='ocr_par' dir='ltr' id='par_1_104' title="bbox 2197 4666 2594 4721">
     <span class='ocr_line' id='line_1_105' title="bbox 2197 4666 2594 4721; baseline 0.008 -3"><span class='ocrx_word' id='word_1_733' title='bbox 2197 4679 2254 4719; x_wconf 89' lang='lat' dir='ltr'><strong>ra</strong></span> <span class='ocrx_word' id='word_1_734' title='bbox 2280 4666 2594 4721; x_wconf 90' lang='lat' dir='ltr'><strong>recitentur.</strong></span> 
     </span>
    </p>
   </div>
   <div class='ocr_carea' id='block_1_105' title="bbox 2272 4758 3818 4829">
    <p class='ocr_par' dir='ltr' id='par_1_105' title="bbox 2272 4758 3818 4829">
     <span class='ocr_line' id='line_1_106' title="bbox 2272 4758 3818 4829; baseline 0.002 -16"><span class='ocrx_word' id='word_1_735' title='bbox 2272 4758 2396 4813; x_wconf 89' lang='grc'><strong>168.</strong></span> <span class='ocrx_word' id='word_1_736' title='bbox 2435 4758 2699 4813; x_wconf 79' lang='lat' dir='ltr'><strong>Possidius</strong></span> <span class='ocrx_word' id='word_1_737' title='bbox 2741 4759 3012 4829; x_wconf 75' lang='lat' dir='ltr'><strong>episcopus</strong></span> <span class='ocrx_word' id='word_1_738' title='bbox 3053 4759 3303 4815; x_wconf 63' lang='lat' dir='ltr'><strong>Ecclesia</strong></span> <span class='ocrx_word' id='word_1_739' title='bbox 3352 4762 3631 4818; x_wconf 79' lang='lat' dir='ltr'><strong>catholica:</strong></span> <span class='ocrx_word' id='word_1_740' title='bbox 3657 4764 3818 4818; x_wconf 69' lang='lat' dir='ltr'><strong>dixit.</strong></span> 
     </span>
    </p>
   </div>
   <div class='ocr_carea' id='block_1_106' title="bbox 2199 4848 3824 4920">
    <p class='ocr_par' dir='ltr' id='par_1_106' title="bbox 2199 4848 3824 4920">
     <span class='ocr_line' id='line_1_107' title="bbox 2199 4848 3824 4920; baseline 0.004 -16"><span class='ocrx_word' id='word_1_741' title='bbox 2199 4848 2488 4904; x_wconf 75' lang='lat' dir='ltr'><strong>Olferitnus</strong></span> <span class='ocrx_word' id='word_1_742' title='bbox 2518 4851 2734 4906; x_wconf 89' lang='lat' dir='ltr'><strong>chartas</strong></span> <span class='ocrx_word' id='word_1_743' title='bbox 2756 4851 3092 4920; x_wconf 80' lang='lat' dir='ltr'><strong>antiquiores</strong></span> <span class='ocrx_word' id='word_1_744' title='bbox 3136 4853 3338 4906; x_wconf 89' lang='lat' dir='ltr'><strong>nostris</strong></span> <span class='ocrx_word' id='word_1_745' title='bbox 3385 4853 3824 4911; x_wconf 86' lang='lat' dir='ltr'><strong>deﬁnitionibus</strong></span> 
     </span>
    </p>
   </div>
   <div class='ocr_carea' id='block_1_107' title="bbox 2198 4939 3823 5020">
    <p class='ocr_par' dir='ltr' id='par_1_107' title="bbox 2198 4939 3823 5020">
     <span class='ocr_line' id='line_1_108' title="bbox 2198 4939 3823 5020; baseline 0.006 -25"><span class='ocrx_word' id='word_1_746' title='bbox 2198 4941 2525 5011; x_wconf 86' lang='lat' dir='ltr'><strong>profuturas.</strong></span> <span class='ocrx_word' id='word_1_747' title='bbox 2561 4939 2627 4996; x_wconf 85' lang='lat' dir='ltr'><strong>Et</strong></span> <span class='ocrx_word' id='word_1_748' title='bbox 2653 4943 2756 4996; x_wconf 90' lang='lat' dir='ltr'><strong>alia</strong></span> <span class='ocrx_word' id='word_1_749' title='bbox 2783 4960 2959 4998; x_wconf 88' lang='lat' dir='ltr'><strong>manu.</strong></span> <span class='ocrx_word' id='word_1_750' title='bbox 2992 4943 3316 5013; x_wconf 77' lang='lat' dir='ltr'><strong>Recognovi.</strong></span> <span class='ocrx_word' id='word_1_751' title='bbox 3374 4943 3676 5002; x_wconf 76' lang='lat' dir='ltr'><strong>Montanus</strong></span> <span class='ocrx_word' id='word_1_752' title='bbox 3703 4951 3823 5020; x_wconf 80' lang='lat' dir='ltr'><strong>epi-</strong></span> 
     </span>
    </p>
   </div>
   <div class='ocr_carea' id='block_1_108' title="bbox 2195 5037 3828 5111">
    <p class='ocr_par' dir='ltr' id='par_1_108' title="bbox 2195 5037 3828 5111">
     <span class='ocr_line' id='line_1_109' title="bbox 2195 5037 3828 5111; baseline 0.009 -23"><span class='ocrx_word' id='word_1_753' title='bbox 2195 5053 2383 5107; x_wconf 85' lang='lat' dir='ltr'><strong>scopus</strong></span> <span class='ocrx_word' id='word_1_754' title='bbox 2423 5037 2573 5091; x_wconf 83' lang='lat' dir='ltr'><strong>dixit.</strong></span> <span class='ocrx_word' id='word_1_755' title='bbox 2606 5039 2662 5095; x_wconf 91' lang='lat' dir='ltr'><strong>Si</strong></span> <span class='ocrx_word' id='word_1_756' title='bbox 2683 5039 2841 5109; x_wconf 85' lang='lat' dir='ltr'><strong>jttbes</strong></span> <span class='ocrx_word' id='word_1_757' title='bbox 2865 5082 2881 5108; x_wconf 83' lang='lat'><strong>,</strong></span> <span class='ocrx_word' id='word_1_758' title='bbox 2905 5041 2976 5097; x_wconf 89' lang='lat' dir='ltr'><strong>de</strong></span> <span class='ocrx_word' id='word_1_759' title='bbox 3003 5042 3189 5097; x_wconf 87' lang='lat' dir='ltr'><strong>codice</strong></span> <span class='ocrx_word' id='word_1_760' title='bbox 3219 5039 3362 5111; x_wconf 84' lang='lat' dir='ltr'><strong>lego.</strong></span> <span class='ocrx_word' id='word_1_761' title='bbox 3387 5041 3455 5096; x_wconf 87' lang='lat' dir='ltr'><strong>Et</strong></span> <span class='ocrx_word' id='word_1_762' title='bbox 3481 5043 3592 5098; x_wconf 80' lang='lat' dir='ltr'><strong>alia</strong></span> <span class='ocrx_word' id='word_1_763' title='bbox 3625 5063 3828 5102; x_wconf 76' lang='lat' dir='ltr'><strong>manu.</strong></span> 
     </span>
    </p>
   </div>
   <div class='ocr_carea' id='block_1_109' title="bbox 2195 5128 3826 5210">
    <p class='ocr_par' dir='ltr' id='par_1_109' title="bbox 2195 5128 3826 5210">
     <span class='ocr_line' id='line_1_110' title="bbox 2195 5128 3826 5210; baseline 0.009 -28"><span class='ocrx_word' id='word_1_764' title='bbox 2195 5128 2482 5184; x_wconf 88' lang='lat' dir='ltr'><strong>Montanus</strong></span> <span class='ocrx_word' id='word_1_765' title='bbox 2513 5130 2798 5201; x_wconf 90' lang='lat' dir='ltr'><strong>episcopus</strong></span> <span class='ocrx_word' id='word_1_766' title='bbox 2849 5135 3290 5204; x_wconf 88' lang='lat' dir='ltr'><strong>prosecutionem</strong></span> <span class='ocrx_word' id='word_1_767' title='bbox 3333 5150 3514 5191; x_wconf 89' lang='lat' dir='ltr'><strong>meam</strong></span> <span class='ocrx_word' id='word_1_768' title='bbox 3557 5141 3826 5210; x_wconf 85' lang='lat' dir='ltr'><strong>appella-</strong></span> 
     </span>
    </p>
   </div>
   <div class='ocr_carea' id='block_1_110' title="bbox 2198 5219 2968 5293">
    <p class='ocr_par' dir='ltr' id='par_1_110' title="bbox 2198 5219 2968 5293">
     <span class='ocr_line' id='line_1_111' title="bbox 2198 5219 2968 5293; baseline 0.009 -21"><span class='ocrx_word' id='word_1_769' title='bbox 2198 5219 2342 5275; x_wconf 87' lang='lat' dir='ltr'><strong>tione</strong></span> <span class='ocrx_word' id='word_1_770' title='bbox 2371 5222 2625 5276; x_wconf 88' lang='lat' dir='ltr'><strong>incolumi</strong></span> <span class='ocrx_word' id='word_1_771' title='bbox 2653 5227 2968 5293; x_wconf 84' lang='lat' dir='ltr'><strong>recognovi.</strong></span> 
     </span>
    </p>
   </div>
   <div class='ocr_carea' id='block_1_111' title="bbox 2271 5312 3831 5380">
    <p class='ocr_par' dir='ltr' id='par_1_111' title="bbox 2271 5312 3831 5380">
     <span class='ocr_line' id='line_1_112' title="bbox 2271 5312 3831 5380; baseline 0.01 -15"><span class='ocrx_word' id='word_1_772' title='bbox 2271 5313 2389 5367; x_wconf 63' lang='lat' dir='ltr'><strong>lti9.</strong></span> <span class='ocrx_word' id='word_1_773' title='bbox 2427 5312 2766 5370; x_wconf 83' lang='lat' dir='ltr'><strong>Marcellinus</strong></span> <span class='ocrx_word' id='word_1_774' title='bbox 2786 5317 2863 5369; x_wconf 86' lang='lat' dir='ltr'><strong>vir</strong></span> <span class='ocrx_word' id='word_1_775' title='bbox 2889 5316 3206 5370; x_wconf 76' lang='lat' dir='ltr'><strong>clarissimus</strong></span> <span class='ocrx_word' id='word_1_776' title='bbox 3236 5317 3474 5372; x_wconf 86' lang='lat' dir='ltr'><strong>tribunus</strong></span> <span class='ocrx_word' id='word_1_777' title='bbox 3495 5330 3541 5373; x_wconf 88' lang='lat' dir='ltr'><strong>et</strong></span> <span class='ocrx_word' id='word_1_778' title='bbox 3566 5326 3831 5380; x_wconf 80' lang='lat' dir='ltr'><strong>notarius</strong></span> 
     </span>
    </p>
   </div>
   <div class='ocr_carea' id='block_1_112' title="bbox 2197 5402 3834 5482">
    <p class='ocr_par' dir='ltr' id='par_1_112' title="bbox 2197 5402 3834 5482">
     <span class='ocr_line' id='line_1_113' title="bbox 2197 5402 3834 5482; baseline 0.011 -27"><span class='ocrx_word' id='word_1_779' title='bbox 2197 5402 2349 5460; x_wconf 82' lang='lat' dir='ltr'><strong>dixit.</strong></span> <span class='ocrx_word' id='word_1_780' title='bbox 2373 5403 2524 5458; x_wconf 81' lang='lat' dir='ltr'><strong>Sient</strong></span> <span class='ocrx_word' id='word_1_781' title='bbox 2553 5407 2746 5472; x_wconf 91' lang='lat' dir='ltr'><strong>statui,</strong></span> <span class='ocrx_word' id='word_1_782' title='bbox 2776 5407 2844 5461; x_wconf 90' lang='lat' dir='ltr'><strong>ab</strong></span> <span class='ocrx_word' id='word_1_783' title='bbox 2884 5407 3066 5463; x_wconf 89' lang='lat' dir='ltr'><strong>otﬁeio</strong></span> <span class='ocrx_word' id='word_1_784' title='bbox 3099 5410 3380 5465; x_wconf 90' lang='lat' dir='ltr'><strong>recitetnr.</strong></span> <span class='ocrx_word' id='word_1_785' title='bbox 3415 5409 3704 5482; x_wconf 77' lang='lat' dir='ltr'><strong>Navigius</strong></span> <span class='ocrx_word' id='word_1_786' title='bbox 3734 5418 3834 5472; x_wconf 79' lang='lat' dir='ltr'><strong>od-</strong></span> 
     </span>
    </p>
   </div>
   <div class='ocr_carea' id='block_1_113' title="bbox 2182 5497 3828 5567">
    <p class='ocr_par' dir='ltr' id='par_1_113' title="bbox 2182 5497 3828 5567">
     <span class='ocr_line' id='line_1_114' title="bbox 2182 5497 3828 5567; baseline 0.008 -19"><span class='ocrx_word' id='word_1_787' title='bbox 2182 5497 2334 5567; x_wconf 84' lang='lat' dir='ltr'><strong>jutor</strong></span> <span class='ocrx_word' id='word_1_788' title='bbox 2383 5513 2710 5552; x_wconf 88' lang='lat' dir='ltr'><strong>numerorum</strong></span> <span class='ocrx_word' id='word_1_789' title='bbox 2756 5500 3004 5553; x_wconf 81' lang='lat' dir='ltr'><strong>recitavit.</strong></span> <span class='ocrx_word' id='word_1_790' title='bbox 3042 5500 3170 5556; x_wconf 74' lang='lat' dir='ltr'><strong>POst</strong></span> <span class='ocrx_word' id='word_1_791' title='bbox 3207 5503 3551 5556; x_wconf 80' lang='lat' dir='ltr'><strong>causulatutn</strong></span> <span class='ocrx_word' id='word_1_792' title='bbox 3621 5507 3698 5561; x_wconf 85' lang='grc' dir='ltr'><strong>Ι).</strong></span> <span class='ocrx_word' id='word_1_793' title='bbox 3762 5509 3828 5565; x_wconf 77' lang='grc' dir='ltr'><strong>Ν.</strong></span> 
     </span>
    </p>
   </div>
   <div class='ocr_carea' id='block_1_114' title="bbox 2192 5585 3831 5664">
    <p class='ocr_par' dir='ltr' id='par_1_114' title="bbox 2192 5585 3831 5664">
     <span class='ocr_line' id='line_1_115' title="bbox 2192 5585 3831 5664; baseline 0.011 -24"><span class='ocrx_word' id='word_1_794' title='bbox 2192 5585 2486 5643; x_wconf 86' lang='lat' dir='ltr'><strong>Theodosii</strong></span> <span class='ocrx_word' id='word_1_795' title='bbox 2527 5589 2753 5659; x_wconf 85' lang='lat' dir='ltr'><strong>Augusti</strong></span> <span class='ocrx_word' id='word_1_796' title='bbox 2807 5589 2919 5662; x_wconf 85' lang='grc'><strong>(1),</strong></span> <span class='ocrx_word' id='word_1_797' title='bbox 2976 5592 3158 5648; x_wconf 88' lang='lat' dir='ltr'><strong>idibus</strong></span> <span class='ocrx_word' id='word_1_798' title='bbox 3188 5593 3524 5664; x_wconf 88' lang='lat' dir='ltr'><strong>Septembris</strong></span> <span class='ocrx_word' id='word_1_799' title='bbox 3570 5597 3831 5657; x_wconf 53' lang='lat' dir='ltr'><strong>Cartha-</strong></span> 
     </span>
    </p>
   </div>
   <div class='ocr_carea' id='block_1_115' title="bbox 2189 5681 2862 5750">
    <p class='ocr_par' dir='ltr' id='par_1_115' title="bbox 2189 5681 2862 5750">
     <span class='ocr_line' id='line_1_116' title="bbox 2189 5681 2862 5750; baseline 0.004 -16"><span class='ocrx_word' id='word_1_800' title='bbox 2189 5681 2334 5750; x_wconf 88' lang='lat' dir='ltr'><strong>gine.</strong></span> <span class='ocrx_word' id='word_1_801' title='bbox 2366 5681 2434 5736; x_wconf 85' lang='lat' dir='ltr'><strong>Et</strong></span> <span class='ocrx_word' id='word_1_802' title='bbox 2460 5699 2575 5736; x_wconf 89' lang='lat' dir='ltr'><strong>cum</strong></span> <span class='ocrx_word' id='word_1_803' title='bbox 2603 5686 2862 5747; x_wconf 86' lang='lat' dir='ltr'><strong>recitaret,</strong></span> 
     </span>
    </p>
   </div>
   <div class='ocr_carea' id='block_1_116' title="bbox 497 5789 3498 5886">
    <p class='ocr_par' dir='ltr' id='par_1_116' title="bbox 497 5789 3498 5886">
     <span class='ocr_line' id='line_1_117' title="bbox 497 5789 3498 5886; baseline 0.004 -39"><span class='ocrx_word' id='word_1_804' title='bbox 497 5825 502 5831; x_wconf 92' lang='lat'><strong>-</strong></span> <span class='ocrx_word' id='word_1_805' title='bbox 561 5794 642 5864; x_wconf 81' lang='grc'><strong>(1)</strong></span> <span class='ocrx_word' id='word_1_806' title='bbox 685 5794 998 5886; x_wconf 54' lang='grc' dir='ltr'>μθεεηάιιω</span> <span class='ocrx_word' id='word_1_807' title='bbox 1042 5793 1113 5849; x_wconf 87' lang='lat' dir='ltr'><strong>D.</strong></span> <span class='ocrx_word' id='word_1_808' title='bbox 1150 5791 1224 5849; x_wconf 88' lang='lat' dir='ltr'><strong>N.</strong></span> <span class='ocrx_word' id='word_1_809' title='bbox 1256 5790 1547 5849; x_wconf 82' lang='lat' dir='ltr'><strong>Theodosio</strong></span> <span class='ocrx_word' id='word_1_810' title='bbox 1591 5789 1712 5846; x_wconf 86' lang='lat' dir='ltr'><strong>PP.</strong></span> <span class='ocrx_word' id='word_1_811' title='bbox 1756 5790 1990 5862; x_wconf 79' lang='lat' dir='ltr'><strong>Augusto</strong></span> <span class='ocrx_word' id='word_1_812' title='bbox 2017 5803 2065 5848; x_wconf 85' lang='lat' dir='ltr'><strong>et</strong></span> <span class='ocrx_word' id='word_1_813' title='bbox 2112 5791 2398 5851; x_wconf 82' lang='lat' dir='ltr'><strong>Rumorido</strong></span> <span class='ocrx_word' id='word_1_814' title='bbox 2425 5811 2473 5853; x_wconf 86' lang='grc' dir='ltr'><strong>υ.</strong></span> <span class='ocrx_word' id='word_1_815' title='bbox 2505 5815 2551 5854; x_wconf 92' lang='lat' dir='ltr'><strong>c.</strong></span> <span class='ocrx_word' id='word_1_816' title='bbox 2581 5813 2738 5865; x_wconf 79' lang='lat' dir='ltr'><strong>coss.,</strong></span> <span class='ocrx_word' id='word_1_817' title='bbox 2769 5807 2822 5852; x_wconf 86' lang='lat' dir='ltr'><strong>ut</strong></span> <span class='ocrx_word' id='word_1_818' title='bbox 2852 5797 2988 5868; x_wconf 81' lang='lat' dir='ltr'><strong>infra</strong></span> <span class='ocrx_word' id='word_1_819' title='bbox 3013 5840 3029 5868; x_wconf 94' lang='lat'><strong>,</strong></span> <span class='ocrx_word' id='word_1_820' title='bbox 3070 5816 3241 5857; x_wconf 86' lang='lat' dir='ltr'><strong>anuus</strong></span> <span class='ocrx_word' id='word_1_821' title='bbox 3267 5810 3341 5856; x_wconf 76' lang='lat' dir='ltr'><strong>est</strong></span> <span class='ocrx_word' id='word_1_822' title='bbox 3368 5801 3498 5868; x_wconf 69' lang='grc'><strong>405,</strong></span> 
     </span>
    </p>
   </div>
  </div>
