4134 6186
396 268 420 323 1
432 263 539 322 395

1357 264 1589 324 GESTA
1626 264 2083 326 COLLATIONIS
2122 266 2748 332 CARTHAGINENSIS.

3561 279 3702 338 1591

465 380 638 453 307
672 378 802 435 170.
836 379 1057 451 Alypius
1079 378 1347 451 episcOpus
1366 379 1616 435 Ecclesia:
1642 380 1910 437 catholica:
1923 382 2006 436 di-
2035 385 2092 447 Α
2190 385 2311 440 175.
2344 381 2633 443 Petilianus
2662 392 2932 464 episc0pus
2960 394 3113 449 dixit.
3146 394 3349 451 Petitur
3373 403 3455 452 est
3484 397 3573 467 qui
3605 411 3702 467 pe—

391 476 493 531 xit.
517 475 842 545 Autiquiora
869 474 1210 544 proferimus.
1236 472 1303 528 Et
1325 474 1431 528 alia
1461 491 1636 529 manu.
1668 473 2000 546 Ret-cgnovi.

391 567 740 624 Marcellinus
776 569 852 621 uir
888 568 1204 623 clarissimus
1236 568 1468 622 tribunus
1512 576 1559 622 et
1586 567 1818 622 notarius
1847 568 1999 622 dixit.

383 662 611 719 Interim
642 663 747 717 ista
780 675 903 731 qua:
928 661 1232 729 antiquiora
1260 669 1389 715 sunt
1415 667 1568 732 gesta
1601 660 1654 713 in
1683 659 1813 715 sede
1843 660 1996 715 illus-

382 756 549 810 trimu
584 752 768 808 habita
800 759 1168 824 potestatum,
1206 752 1449 821 patimini
1502 752 1836 820 relegantur.
1876 749 1999 805 Na-

380 850 553 922 vigius
592 850 805 922 adjutor
853 861 1189 901 numerorum
1236 845 1489 899 recitavit.
1538 848 1599 898 ι).
1647 844 1709 898 Ν.
1762 845 2001 901 Arcadio

380 945 636 1014 Augusto
661 956 714 996 vr
743 951 799 995 et
831 939 1016 995 Probo
1043 938 1160 993 viro
1189 938 1495 993 clarissimo
1524 937 1845 994 consulibus
1869 938 1993 1010 (An.

381 1036 541 1109 ωδ).
575 1037 788 1092 Etcum
822 1035 1084 1097 recitaret,

457 1131 587 1185 171.
624 1127 966 1184 Marcellinus
994 1126 1073 1180 uir
1110 1123 1425 1181 clarissimus
1468 1124 1701 1180 tribunus
1744 1135 1791 1179 et
1824 1123 1996 1178 Nota-

378 1223 491 1276 rius
539 1222 694 1277 dixit.
735 1221 868 1290 Quin
908 1219 1091 1291 priora
1128 1228 1275 1284 sunt,
1307 1220 1373 1273 ab
1403 1219 1582 1274 officio
1613 1226 1991 1290 suggerantur.

456 1313 585 1367 172.
625 1313 944 1383 Ruﬁnianus
965 1309 1139 1365 scriba
1156 1311 1251 1364 viri
1272 1309 1545 1365 clarissimi
1566 1313 1819 1366 curatoris
1841 1310 1993 1364 dixit.

374 1401 453 1456 Ea
486 1410 617 1457 sunt
666 1402 848 1473 priora
900 1417 1023 1473 quae
1050 1402 1104 1456 in
1135 1401 1323 1457 codice
1359 1401 1542 1457 oblato
1593 1401 1657 1473 (a
1684 1399 1994 1472 Donatistis)

371 1496 762 1551 continentur.

448 1588 582 1643 175.
634 1587 860 1659 Alypius
915 1588 1187 1660 episcOpus
1226 1586 1480 1641 Ecclesia:
1526 1585 1792 1641 catholica:
1837 1585 1989 1640 dixit.

370 1678 520 1733 Ecce
563 1680 874 1748 antiquiora
923 1678 1274 1749 proferimus.
1326 1678 1397 1732 Et
1438 1679 1545 1732 alia
1583 1694 1758 1733 manu.
1811 1678 1992 1734 Reco-

363 1771 555 1842 gnovi.
588 1770 901 1840 Rufinianus
922 1772 1091 1826 scriba
1130 1774 1231 1828 viri
1256 1772 1541 1828 clarissimi
1565 1775 1816 1829 curatoris
1832 1773 1983 1828 dixit.
2019 1769 2065 1830 Β

366 1862 694 1932 Siquidem,
746 1862 886 1916 sicut
939 1869 1360 1933 suggessimus,
1416 1864 1756 1919 consulatum
1813 1865 1993 1920 conti-

367 1948 536 2011 neant
567 1954 853 2010 Theodosii
875 1954 1098 2027 Augusti
1127 1968 1184 2012 et
1205 1956 1509 2019 Rumoridi
1535 1956 1633 2011 viri
1660 1959 1953 2013 clarissimi
1974 1999 1990 2024 ,

365 2051 474 2105 alia
503 2065 634 2106 vero
662 2050 995 2106 cousulatmu
1024 2054 1366 2110 contineant
1393 2052 1462 2106 ι).
1511 2049 1576 2107 Ν.
1607 2051 1834 2108 Arcadii
1856 2066 1911 2106 vt
1936 2062 1992 2110 et

364 2141 535 2198 Probi
564 2143 663 2198 viri
692 2142 998 2198 clarissimi.

445 2234 572 2290 174.
606 2233 935 2291 Marcellinus
980 2238 1056 2292 uir
1095 2240 1449 2295 clarissimus
1488 2237 1721 2293 tribunus
1748 2247 1798 2293 et
1842 2248 1991 2293 nota-

365 2331 475 2386 rius
501 2330 652 2385 dixit.
686 2332 757 2385 Ea
782 2346 897 2401 qum
930 2332 1232 2403 antiquiora
1279 2340 1420 2390 sunt
1455 2332 1776 2388 recitentur.
1823 2330 1991 2387 Navi-

366 2425 485 2498 gius
539 2424 744 2494 adjutor
773 2440 1099 2479 numerorum
1124 2426 1307 2497 ofﬁcii
1346 2427 1449 2482 viri
1480 2425 1755 2480 clarissimi
1786 2435 1834 2480 et
1864 2442 1986 2495 spe-

372 2520 576 2576 ctabilis
624 2520 813 2588 vicarii.
846 2521 1096 2575 recitavit.
1141 2520 1493 2591 Equitatem
1540 2528 1684 2576 tuam
1714 2519 1984 2591 petimus,

368 2612 669 2685 Septimius
694 2613 775 2667 vir
801 2613 1119 2681 clarissime,
1148 2614 1558 2683 proconsulqu
1582 2628 1791 2669 summe
1814 2614 1986 2671 subli-

370 2707 495 2763 mis.
522 2705 688 2761 Multa
712 2713 892 2762 contra
921 2705 1150 2770 divinas,
1186 2703 1573 2776 humanasque
1601 2704 1751 2775 leges
1777 2704 1846 2759 ab
1874 2703 1986 2762 ha:-

370 2801 553 2857 reticis
597 2798 666 2854 de
714 2808 863 2868 parte
906 2797 1101 2854 Donati
1131 2797 1381 2854 Ecclesia
1428 2797 1696 2854 catholica
1727 2798 1981 2865 sustinet,

369 2911 495 2967 quae
519 2894 567 2950 si
596 2893 683 2950 vel
728 2892 1086 2950 anteriurihus
1115 2894 1197 2947 vel
1241 2894 1648 2950 recentioribus
1687 2894 1983 2963 imperiali-

369 2988 472 3045 bus
502 2988 674 3059 jussis
717 2987 1048 3058 prohibenda
1096 2996 1152 3042 et
1191 2988 1433 3044 tollenda
1466 2989 1785 3060 postulanda
1816 2988 1983 3044 velle-

371 3097 493 3137 mus
514 3125 529 3149 ,
566 3095 905 3150 nequaquam
937 3079 1140 3136 audere
1175 3080 1445 3138 deberent
1476 3084 1543 3138 de
1580 3082 1781 3138 nostris
1809 3083 1979 3138 actio-

2110 480 2213 542 tit,
2258 492 2327 532 an
2377 479 2505 548 quid
2560 484 2888 539 vocabitur?
2918 482 2988 538 Et
3030 487 3135 540 alia
3182 502 3361 542 manu.
3402 487 3701 545 Petilianus

2107 571 2395 641 episcopus
2452 575 2885 641 prosecutionem
2922 592 3099 635 meam
3141 581 3507 651 appellatione
3551 582 3701 637 inco-

2106 661 2233 719 lumi
2264 667 2579 736 recognovi.

2178 756 2302 812 176.
2337 758 2649 831 Augustinus
2679 763 2949 834 episcopus
2975 762 3224 821 Ecclesiae
3241 766 3513 822 catholica:
3535 767 3687 822 dixit.

2104 846 2231 903 Haec
2272 850 2657 918 postulavimus
2682 895 2698 920 ,
2744 853 2838 907 sed
2880 855 3314 922 praecedentibus
3346 858 3547 914 vestris
3592 857 3700 914 cri—

2104 941 2491 997 minationibus
2516 952 2572 998 et
2593 944 3051 1001 accusationibus.
3079 946 3214 1002 Nam
3252 950 3579 1020 proferimus
3607 965 3705 1011 an—

2103 1033 2397 1102 tiquissima
2427 1047 2578 1106 gesta
2599 1077 2615 1102 ,
2642 1037 2839 1105 quibus
2864 1040 3030 1095 vestri
3062 1040 3299 1109 majores
3329 1050 3459 1097 tunc
3481 1043 3535 1097 in
3567 1052 3704 1097 tem-

2101 1141 2233 1195 pore
2277 1125 2344 1182 ad
2395 1127 2685 1182 Anulinum
2737 1138 3001 1184 venerunt
3045 1133 3430 1200 proconsulem
3461 1174 3476 1199 ,
3517 1143 3575 1188 et
3623 1129 3708 1186 illi

2096 1214 2317 1285 chartas
2362 1217 2413 1271 iu
2448 1218 2643 1288 quibus
2668 1218 2917 1275 dicereut
2946 1221 3210 1292 majorum
3252 1233 3572 1279 nostrorum
3603 1220 3718 1279 cri-

2100 1306 2243 1359 mina
2286 1322 2408 1363 esse
2447 1311 2753 1378 conscripta
2783 1309 3132 1379 obtulerunt,
3167 1324 3222 1369 et
3269 1322 3614 1385 rugaverunt
3664 1324 3727 1375 ut

2095 1398 2318 1454 easdem
2340 1399 2406 1455 ad
2433 1398 2845 1458 Constantinum
2875 1404 3263 1475 imperatorem
3296 1407 3572 1465 misisset.
3612 1408 3731 1473 Has

2095 1490 2414 1559 oll'erimus,
2446 1502 2501 1546 et
2541 1494 2774 1562 petimus
2806 1496 3143 1551 nobilitatem
3175 1506 3325 1552 tuam
3364 1508 3425 1554 ut
3458 1514 3564 1555 eas
3599 1516 3735 1565 sus.

2093 1580 2203 1651 cipi
2243 1583 2313 1637 ab
2357 1584 2538 1638 ofﬁcio
2578 1592 2633 1639 et
2680 1599 2744 1640 ex
2787 1586 2979 1642 ordine
3027 1588 3244 1644 recitari
3289 1589 3617 1663 praecipias.
3655 1599 3731 1658 Ει

2093 1676 2202 1730 alia
2232 1693 2413 1732 manu.
2448 1678 2772 1749 Recoguovi.

2168 1769 2295 1825 177.
2327 1768 2663 1827 Marcellinus
2684 1773 2762 1827 uir
2785 1773 3103 1831 clarissimus
3129 1777 3368 1833 tribunus
3397 1788 3445 1832 et
3468 1786 3715 1839 notarius

2101 1863 2257 1918 dixit.
2288 1863 2530 1919 Libellus
2555 1866 2714 1921 datus
2733 1882 2763 1921 a
2791 1868 2943 1923 vobis
2969 1870 3250 1925 evidenter
3270 1873 3514 1929 ostendit
3533 1876 3713 1932 schis-

2097 1959 2262 2012 matis
2288 1965 2343 2012 et
2384 1957 2660 2014 lia-reseas
2697 1962 2905 2017 crimen
2936 1962 3213 2032 objectum
3241 1981 3256 2046 ἦ
3288 1965 3435 2036 quod
3470 1967 3713 2045 probare

2095 2063 2195 2105 vos
2220 2050 2497 2105 convenit.

2169 2140 2294 2195 178.
2329 2138 2604 2197 Possidius
2632 2144 2899 2216 episcOpus
2940 2143 3193 2203 Ecclesia:
3240 2150 3513 2206 catholica:
3546 2148 3704 2203 dixit.

2094 2229 2287 2287 Omnia
2321 2232 2725 2301 probabuntur,
2759 2237 2802 2289 si
2832 2250 2894 2291 ea
2917 2252 3038 2306 qua:
3062 2239 3397 2309 obtulimus,
3424 2253 3478 2298 et
3499 2233 3733 2304 suscipi.

2093 2340 2151 2386 et
2187 2330 2258 2385 ab
2300 2330 2477 2387 ofﬁcio
2504 2334 2720 2388 recitari
2761 2336 3056 2405 praecipere
3098 2335 3271 2394 fueris
3311 2339 3594 2410 dignatus.
3632 2328 3704 2385 Et

2093 2422 2201 2477 alia
2227 2438 2403 2477 manu.
2440 2423 2765 2496 Recognovi.

2167 2516 2291 2571 179.
2338 2514 2674 2572 Marcellinus
2712 2516 2773 2572 V.
2809 2517 2870 2574 C.
2910 2519 3145 2575 tribunus
3175 2530 3226 2577 et
3265 2523 3515 2578 notarius
3553 2512 3719 2571 dixit.

2091 2608 2357 2668 Universa
2386 2625 2482 2680 per
2514 2612 2757 2667 ordinem
2788 2612 3102 2669 recitentur.

2167 2702 2290 2758 180.
2327 2701 2579 2758 Emeritus
2607 2704 2876 2777 episcopus
2900 2704 3053 2759 dixit.
3079 2704 3223 2777 Ergo
3253 2707 3376 2765 loco
3396 2715 3498 2763 est
3522 2703 3737 2778 petito-

2089 2796 2184 2852 ris.
2237 2795 2305 2851 Et
2324 2797 2432 2851 alia
2477 2814 2652 2851 manu.
2706 2797 2983 2854 Emeritos
3032 2799 3331 2872 episcopus
3380 2784 3729 2874 recognovi.

2090 2889 2367 2946 Possidius
2423 2892 2694 2963 episcopus
2748 2890 2994 2948 Ecclesia:
3040 2896 3315 2952 catholica:
3363 2897 3526 2953 dixit.
3587 2898 3726 2965 Cum

2085 2986 2290 3042 charue
2334 2985 2537 3041 fuerint
2583 2988 2854 3052 recitatze,
2886 2988 3085 3058 petitor
3114 2988 3334 3046 facilius
3370 2991 3717 3061 invenietur.

2086 3080 2155 3135 Et
2180 3083 2288 3137 alia
2322 3099 2499 3137 manu.
2538 3082 2869 3152 neeugnuvi.
2902 3081 3243 3138 Marcellinus
3269 3086 3349 3140 vir
3374 3087 3711 3154 clarissimus

374 3179 536 3234 nibus
564 3177 823 3248 conqueri
844 3217 860 3242 ,
890 3176 1128 3232 scientes
1152 3190 1246 3240 se,
1274 3190 1399 3230 cum
1430 3177 1576 3232 nulla
1607 3176 1695 3232 tali
1730 3178 1847 3248 lege
1882 3177 1981 3232 ad-
2005 3161 2052 3225 C
2086 3172 2325 3229 tribunus
2352 3181 2403 3227 et
2432 3173 2664 3228 notarius
2690 3172 2843 3228 dixit.
2877 3172 3030 3228 Licet
3055 3189 3120 3231 ex
3157 3175 3244 3230 his
3286 3178 3465 3247 gestis
3502 3186 3705 3250 petito-

367 3271 722 3342 juvarentur,
755 3268 1139 3325 schismaticos
1178 3275 1361 3322 tamen
1401 3283 1530 3324 suos
1556 3268 1982 3324 Maximianistas

374 3377 471 3433 per
496 3362 740 3437 iudicum
765 3361 916 3432 jussa
948 3360 1084 3418 locis
1112 3374 1177 3415 ac
1216 3358 1439 3416 sedibus
1469 3376 1662 3416 eorum
1700 3360 1980 3431 pellendos

373 3451 858 3522 exturbandosque
913 3467 1158 3508 curasse.
1216 3448 1605 3507 Verumtamen
1659 3466 1760 3507 nos
1812 3451 1975 3506 saluti

374 3561 565 3602 eorum
606 3553 665 3602 et
691 3556 889 3600 nostra:
916 3546 1304 3603 existimationi
1338 3546 1562 3616 par-ilice
1584 3545 1939 3602 consulentes
1959 3587 1975 3613 ,

376 3650 602 3712 propter
650 3639 970 3693 charitatem
1019 3655 1126 3710 qua
1171 3637 1464 3694 Christiani
1504 3655 1736 3705 sumus,
1781 3639 1978 3695 leniter

376 3747 473 3790 eos
501 3731 753 3787 volumus
782 3714 1121 3798 admonere
1140 3744 1197 3786 ut
1228 3748 1467 3786 errorem
1501 3750 1657 3787 suum
1684 3731 1975 3802 cogitando

376 3836 432 3881 et
467 3823 812 3895 agnoscendo
851 3838 960 3878 non
1002 3824 1308 3895 negligant;
1352 3830 1445 3877 aut
1476 3823 1519 3877 si
1567 3832 1756 3893 putant
1794 3837 1853 3876 se
1882 3823 1978 3876 ha-

380 3916 509 3972 bere
544 3916 743 3988 aliquid
773 3915 1044 3983 veritatis.
1086 3933 1192 3974 non
1238 3933 1356 3973 eam
1399 3917 1616 3972 furiosis
1644 3916 1977 3973 Circumcel-

376 4011 581 4067 lionum
637 4010 910 4067 violentiis
960 4022 1146 4068 contra
1205 4012 1478 4083 publicam
1535 4012 1771 4082 quietem
1802 4052 1817 4075 ,
1875 4010 1973 4066 sed

379 4104 666 4175 tranquilla
703 4105 931 4159 rationis
973 4105 1277 4160 redditione
1302 4103 1615 4160 defendant.
1639 4103 1796 4161 Unde
1839 4105 1975 4174 peti-

377 4213 497 4251 tuus
536 4198 920 4251 sublimitatem
961 4205 1106 4251 tuam
1154 4208 1210 4252 ut
1248 4214 1371 4252 cum
1404 4211 1499 4252 eos
1538 4198 1605 4251 de
1637 4197 1739 4251 hac
1788 4212 1846 4251 re
1876 4211 1973 4265 per

377 4291 728 4360 magistratus
757 4289 872 4344 sive
901 4290 952 4343 itt
980 4290 1320 4355 civitatibus,
1352 4288 1467 4343 sive
1493 4289 1549 4342 in
1576 4287 1973 4358 pertinentibus

375 4382 663 4437 territoriis
684 4378 981 4436 admonere
1012 4381 1345 4437 voluerimus
1364 4422 1379 4447 ,
1407 4381 1617 4451 copiam
1653 4381 1809 4435 nobis
1833 4395 1972 4450 prte-

374 4473 488 4527 beri
528 4485 800 4545 gesuirum
825 4513 841 4537 ,
868 4482 925 4529 et
950 4490 1048 4529 eos
1078 4490 1145 4529 ex
1175 4472 1493 4543 allegatione
1521 4481 1705 4527 nostra
1745 4471 1973 4527 honeste

373 4567 666 4622 convenire
704 4568 987 4639 praecipias
1019 4586 1034 4623 :
1075 4566 1217 4637 quod
1248 4563 1568 4631 consecuti,
1608 4579 1832 4636 agamus
1876 4580 1971 4620 ex-

371 4664 637 4719 cellentia:
679 4674 783 4718 tua:
835 4663 978 4733 apud
1011 4664 1177 4717 Deum
1228 4663 1425 4717 uberes
1463 4661 1687 4732 gratias.
1722 4660 1854 4716 Data
1901 4660 1972 4718 ab

322 4822 323 4825 η
373 4760 637 4816 universis
685 4752 1285 4830 episcopis‘catholicis
1330 4771 1397 4812 ex
1469 4753 1701 4810 concilio
1743 4752 1970 4810 Cartha-

368 4853 577 4921 gineusi
624 4851 794 4925 (Anni
837 4850 1005 4923 405),
1059 4852 1119 4905 D.
1170 4849 1235 4905 N.
1268 4848 1577 4905 Theodosio
1616 4850 1862 4918 Augusto
1910 4854 1965 4902 et

372 4946 670 5003 Rumorido
711 4946 829 5002 viro
868 4946 1171 5002 clarissimo
1213 4943 1532 4999 consulibus
1557 4984 1572 5010 ,
1610 4941 1789 4998 idibus
1829 4939 1967 5010 Sep.

373 5040 595 5095 tcmbris
631 5036 982 5108 Carthagine.
1017 5038 1335 5109 Septiminus
1371 5036 1448 5089 vir
1486 5033 1806 5088 clarissimus
1847 5049 1969 5103 pro-

371 5135 552 5189 consul
577 5133 732 5187 dixit.
767 5132 820 5185 lu
845 5133 1089 5201 quolibet
1116 5132 1236 5187 loco
1259 5129 1594 5185 antistitibus
1612 5122 1765 5193 ‘legis
1801 5141 1970 5183 vene-

370 5228 558 5283 rabilis
578 5228 649 5281 ob
675 5225 912 5294 quietem
950 5224 1163 5296 imperii
1191 5231 1468 5295 gestorum
1506 5219 1966 5276 conticiendurum

371 5320 625 5374 tribuitur
664 5316 930 5380 facultas;
966 5316 1067 5370 hoc
1096 5314 1259 5371 etiam
1293 5325 1483 5370 tenore
1522 5311 1683 5380 huius
1722 5326 1965 5381 prmcepo

370 5413 538 5467 tionis
578 5410 809 5466 limitato
829 5452 843 5476 ,
872 5418 933 5465 ut
958 5411 1258 5479 intelligant
1280 5423 1339 5463 se
1369 5408 1536 5462 devia:
1570 5405 1745 5477 plebis
1768 5405 1968 5475 magis-

375 5505 474 5559 tris
524 5502 811 5557 salubriter
870 5503 1178 5572 petentibus
1223 5498 1451 5570 propriae
1482 5498 1845 5568 persuasionis
1883 5512 1968 5550 ra-

369 5596 589 5651 tiocinia
640 5595 990 5664 persulvere‘,
1045 5599 1104 5644 ut
1156 5591 1316 5646 rebus
1368 5590 1419 5643 iu
1471 5589 1649 5645 medio
1705 5588 1963 5657 prolatis,

368 5685 545 5744 amica
580 5685 712 5751 legis
744 5684 1044 5740 moderatio
1087 5692 1371 5746 servetur,
1410 5681 1792 5751 superstitione
1836 5693 1965 5752 sup-

372 5782 545 5856 plosa.
576 5778 694 5845 Quo
720 5779 952 5843 recitato,

2082 3282 2203 3321 rum
2246 3267 2367 3322 loco
2408 3265 2624 3321 adstare
2653 3265 2976 3332 videantur,
3011 3275 3193 3322 tamen
3243 3269 3446 3324 melius
3476 3280 3531 3327 et
3576 3279 3697 3333 evi-

2082 3357 2301 3413 dentius
2328 3357 2718 3427 approbabitur
2745 3373 2868 3412 cum
2898 3358 3078 3413 omnia
3110 3360 3320 3415 fuerint
3348 3362 3612 3421 recitata.

2154 3450 2279 3505 181.
2330 3446 2620 3504 Petilianus
2664 3450 2933 3522 episcopus
2986 3450 3135 3504 dixit.
3189 3452 3245 3506 Si
3298 3453 3350 3506 in
3405 3453 3687 3515 forensem

2078 3542 2390 3600 conﬂictum
2422 3542 2751 3598 revertimur
2773 3584 2790 3611 ,
2823 3552 3039 3599 constat
3066 3559 3164 3601 eos
3194 3545 3328 3618 legis
3364 3549 3564 3606 divinae
3604 3556 3688 3610 fe-

2078 3636 2218 3692 cisse
2234 3634 2523 3706 jacturam.
2551 3635 2932 3705 Respondeant
2955 3637 3120 3705 igitur
3143 3640 3306 3694 etiam
3331 3651 3494 3712 atque
3515 3644 3683 3702 etiam

2077 3726 2220 3795 quod
2251 3727 2405 3797 exegi
2432 3768 2447 3791 ,
2485 3736 2664 3780 utrum
2694 3727 2903 3797 legibus
2939 3728 3171 3797 publicis
3208 3741 3369 3801 agant
3395 3774 3410 3798 ,
3442 3749 3509 3789 an
3541 3736 3680 3808 legis

2079 3816 2275 3874 divinre
2307 3816 2584 3873 conﬂictu.
2615 3818 2834 3888 Eligant
2858 3819 3086 3874 alterum
3108 3821 3178 3877 de
3202 3822 3434 3882 duobus.
3456 3827 3683 3886 Utrum-

2076 3924 2184 3981 que
2212 3910 2354 3965 enim
2382 3918 2571 3965 tenere
2595 3925 2702 3965 non
2737 3920 2982 3979 pussunt.
3014 3912 3082 3967 Et
3116 3914 3224 3970 alia
3254 3935 3428 3974 manu.
3461 3920 3684 3978 Petilia-

2078 4017 2181 4057 nus
2213 4003 2506 4073 episcopus
2534 4004 2682 4059 salva
2714 4006 3076 4075 appellatione
3107 4013 3416 4079 recognovi.

2150 4095 2274 4150 182.
2310 4094 2647 4150 Marcellinus
2669 4099 2746 4149 vir
2772 4096 3086 4153 clarissimus
3111 4101 3347 4156 tribunus
3372 4113 3422 4157 et
3443 4106 3680 4161 notarius

2076 4188 2229 4243 dixit.
2276 4187 2404 4242 Haec
2453 4203 2576 4258 quae
2623 4190 2884 4244 sanctitas
2928 4201 3102 4245 vestra
3147 4193 3341 4248 obtulit
3386 4196 3678 4267 relegenda

2074 4297 2182 4338 non
2209 4284 2530 4354 ambigitur,
2563 4284 2686 4355 quia
2717 4285 2770 4339 iu
2794 4285 3001 4354 judicio
3047 4286 3146 4341 viri
3175 4290 3490 4356 spectabilis
3538 4306 3665 4361 pro-

2075 4376 2314 4431 consulis
2334 4383 2455 4432 acta
2483 4386 2608 4431 sunt
2630 4419 2646 4443 ,
2681 4376 2748 4432 ad
2774 4378 3045 4434 forensem
3073 4380 3523 4450 disceptationem
3550 4362 3676 4440 abs-

2077 4482 2183 4537 que
2212 4468 2379 4523 dubio
2404 4469 2697 4537 pertinere.
2731 4469 2884 4526 Unde
2909 4512 2924 4538 ,
2949 4471 3086 4527 sicut
3117 4472 3403 4530 interfatus
3433 4492 3551 4531 sum
3571 4517 3586 4541 ,
3612 4483 3675 4533 ut

1998 4539 2387 4631 1)diligentius
2436 4562 2754 4618 ostendatur
2800 4563 2891 4632 qui
2945 4564 3064 4620 loco
3110 4567 3360 4637 petitoris
3407 4539 3672 4635 adsistat,

2077 4654 2239 4709 etiam
2274 4654 2359 4709 illa
2398 4654 2643 4725 patimini
2675 4657 2914 4712 recitari.

2150 4747 2273 4802 185.
2307 4745 2596 4807 Petilianus
2634 4750 2909 4818 episcopus
2971 4748 3120 4802 dixit.
3156 4745 3358 4806 Contra
3388 4751 3488 4807 ista
3535 4766 3674 4823 prte-

2076 4842 2276 4895 scriho.
2306 4840 2361 4895 Si
2388 4839 2620 4897 forensis
2649 4851 2733 4897 est
2753 4844 2930 4900 actio.
2965 4843 3125 4912 hujus
3164 4846 3422 4916 temporis
3450 4864 3671 4906 causam

2076 4931 2265 4987 audire
2296 4945 2599 5002 prateeptus
2634 4950 2728 5000 es,
2770 4935 2855 4990 vir
2901 4918 3115 4992 nobilis.
3161 4937 3219 4992 Si
3266 4940 3585 5010 simpliciter
3612 4951 3672 4999 et

2073 5027 2443 5083 ecclesiastico
2489 5044 2643 5084 more
2688 5044 2776 5085 res
2823 5029 3069 5101 geritur,
3114 5032 3446 5103 acquiescam
3496 5036 3548 5090 in
3603 5051 3669 5090 ea

2075 5135 2199 5190 quae
2226 5119 2345 5190 lege
2371 5119 2549 5175 divina
2590 5121 2971 5190 proferuntur,
3003 5123 3086 5177 vel
3126 5139 3155 5179 a
3188 5140 3307 5193 me,
3342 5127 3424 5182 vel
3453 5142 3481 5180 a
3516 5135 3670 5197 parte

2073 5211 2311 5266 diversa.
2357 5210 2412 5267 Si
2458 5224 2637 5273 autem
2683 5227 2958 5280 annosus,
3000 5214 3352 5288 antiquasque
3393 5218 3672 5276 chartulas

2074 5304 2299 5373 cupiunt
2328 5300 2557 5361 recitare
2575 5346 2590 5371 ,
2625 5304 2798 5361 habeo
2827 5322 2927 5378 pro
2960 5322 3049 5364 me
3075 5310 3274 5364 validas
3304 5312 3671 5382 praescriptio-

2079 5411 2210 5462 nes,
2241 5397 2412 5452 recito
2439 5397 2569 5453 illud
2594 5410 2807 5468 tempus
2843 5400 3000 5470 cujus
3027 5404 3420 5458 contestatione
3449 5414 3670 5473 praeter-

2078 5478 2392 5545 missionem
2418 5491 2636 5547 interim
2666 5492 2788 5547 feci.
2818 5494 3054 5565 Lapsum
3080 5510 3236 5551 CaUSa
3270 5498 3487 5549 incurrit
3507 5537 3522 5562 ,
3557 5511 3668 5553 non

2070 5593 2250 5652 potest
2290 5598 2477 5638 rursus
2530 5584 2725 5639 audiri.
2768 5584 2835 5638 Et
2878 5588 2985 5641 alia
3014 5605 3191 5642 manu.
3223 5588 3516 5642 Petiliauus
3544 5591 3664 5659 epi-

2071 5690 2270 5746 scopus
2300 5678 2448 5731 salva
2481 5672 2842 5750 appellatione
2873 5681 3179 5749 recognovi.
3212 5680 3524 5750 Augustinus
3554 5684 3666 5752 epi-

2072 5784 2259 5840 sc0pus
2302 5769 2543 5828 Ecclesia:
2588 5773 3035 5848 catlaolichixit'.
3077 5771 3316 5827 Crimina
3363 5773 3667 5833 traditionis
