4134 6186
523 304 663 361 Π)θὸ

1466 282 1695 361 ossis
1737 286 2194 359 coniunctus
2227 280 2855 362 ἤεικιιτὴιλειηκιηειε.

3678 294 3831 361 i593

518 424 801 494 objiciunt.
838 419 903 476 Et
932 422 1036 477 alia
1078 424 1255 474 manu.
1304 416 1633 490 Recognttvi.
1679 404 1969 474 Petiiitm‘us
2013 419 2124 489 θρῖα
2148 433 2202 494 Α
2226 426 2353 475 sunt
2374 464 2389 489 ,
2414 416 2703 491 jn‘dicanda
2727 433 2811 478 est
2838 421 3084 478 Ecclesia
3115 422 3211 478 Dei
3233 421 3444 493 perisse
3471 440 3483 477 :
3512 408 3609 477 sed
3639 424 3830 478 tamen

525 528 711 587 scapus
736 515 887 569 dixit.
917 510 1030 569 Huc
1058 526 1237 569 causae
1264 521 1369 567 cst.
1400 508 1468 565 Et
1488 511 1594 567 alia
1617 514 1793 566 manu.
1820 508 2122 566 Petilianns

529 607 816 679 episcopus
860 605 1006 660 salva
1049 600 1419 675 appellatione
1457 602 1768 674 recognovi.
1809 600 2122 672 Augustinus

454 752 464 760 .
529 702 801 771 episcopus
832 696 1079 753 Ecclesia:
1100 698 1366 753 catholica:
1394 696 1544 751 dixit.
1578 694 1764 751 Redde
1788 693 1996 761 vicem,
2027 704 2124 748 au-

527 791 673 850 ditus
694 800 753 849 'es
771 837 786 861 ,
821 798 943 846 cum
972 788 1387 861 ‘prbsequereris
1404 831 1418 856 ,
1445 788 1604 844 nobis
1634 786 1978 858 patientibus.
2005 784 2123 840 Cri-

524 886 669 945 mina
717 883 1022 942 traditionis
1072 880 1332 939 Ecclesiae
1376 888 1538 954 quam
1587 888 1840 936 tenemus
1880 877 2123 948 objicere

524 984 944 1036 consueverunt.
979 974 1045 1030 Et
1091 976 1197 1030 alia
1240 990 1419 1030 manu.
1467 970 1796 1043 Recognovi.
1832 970 2123 1025 Petilianus

527 1073 797 1145 episcdpus
833 1062 984 1123 dixit.
1019 1064 1290 1138 Legaliter
1312 1065 1419 1136 agit
1441 1107 1457 1132 ,
1493 1080 1560 1120 an
1599 1070 1751 1119 more
1778 1061 2024 1118 forensi?
2050 1058 2124 1114 Et

526 1164 633 1219 aiio
662 1166 837 1217 ntat'ttt.
868 1158 1169 1217 Petilianus
1194 1159 1481 1229 episcopos
1503 1156 1817 1227 recognovi.
1853 1152 2125 1209 Possidius

530 1257 798 1329 episcopus
829 1246 1074 1307 Ecclesia:
1099 1250 1366 1306 Catholica:
1408 1249 1561 1303 dixit.
1592 1245 1748 1303 Prior
1776 1246 1989 1303 chartas
2029 1242 2127 1300 ob-

530 1348 724 1405 tuli5ti.
751 1342 819 1401 Et
847 1346 955 1401 alia
978 1354 1154 1401 manu.
1177 1336 1508 1412 Recognovi.
1540 1334 1827 1397 Petilianus
1857 1340 2128 1410 episcopus

532 1444 686 1498 dixit.
732 1436 919 1497 Redde
964 1439 1093 1494 mihi
1146 1438 1378 1508 teinpus.
1425 1434 1737 1492 Calculetur
1782 1428 2019 1490 Officium
2060 1428 2128 1489 de

534 1537 900 1608 temporibus,
933 1543 1112 1590 utrum
1146 1532 1412 1589 hodierna
1444 1526 1533 1587 ‘die
1562 1545 1723 1587 causa
1754 1527 1981 1584 dicenda
2019 1528 2126 1595 sit,

535 1635 580 1687 si
611 1629 679 1686 ad
717 1628 964 1701 forenses
994 1627 1374 1685 descendimus
1414 1625 1678 1681 actiones.
1710 1620 1781 1676 Et
1808 1621 1915 1676 alia
1957 1636 2133 1675 manu.

538 1723 841 1780 Petilianus
889 1721 1175 1792 episcopus
1224 1717 1589 1790 appellatione
1635 1713 1895 1771 incolumi
1939 1714 2132 1783 recog-

536 1815 748 1963 ῃοῖἓιί.
782 1902 1116 1961 Marcellinus
1144 1904 1220 1959 vir
1244 1900 1557 1958 clarissimus
1584 1900 1816 1955 tribunus
1836 1908 1882 1954 et
1908 1894 2139 1954 notarius

535 1996 684 2058 dixit.
718 1996 898 2055 Etiam
927 2006 1103 2054 veStt-a
1144 1992 1405 2053 sanctitas
1451 1995 1503 2048 in
1552 1995 1654 2049 hac
1697 2002 1855 2065 parte
1891 1991 2140 2062 judicare

538 2093 782 2149 deberet.
810 2090 1036 2146 Constat
1075 2090 1220 2145 enim
1251 2103 1320 2144 ex
1347 2100 1614 2143 consensu
1659 2083 1940 2155 utriusque
1969 2082 2141 2153 partis

534 2172 799 2257 judicium
818 2181 989 2238 TuisSe
1011 2178 1261 2237 dilatum.
1285 2178 1393 2236 Ciir
1415 2186 1556 2234 nunc
1578 2176 1854 2248 superﬂuo
1878 2176 2140 2248 temporis

540 2274 1015 2350 prmScriptionem
1047 2272 1405 2346 objiciendam
1434 2286 1555 2329 esse
1586 2266 1839 2338 creditis,
1863 2282 1985 2325 cum
2015 2283 2138 2326 eam

539 2376 755 2432 Constet
778 2378 843 2430 ea
875 2387 1144 2429 consensu
1175 2370 1410 2443 partium
1447 2367 1618 2425 fuisse
1646 2364 1955 2423 seclusam?
1985 2364 2141 2423 Unde

536 2485 682 2526 nunc
726 2484 789 2525 ea
827 2484 949 2540 quas
975 2467 1043 2523 ad
1088 2480 1307 2522 causam
1348 2462 1661 2536 pertinent,
1706 2454 1892 2533 peragi
1936 2458 2141 2516 debere

538 2562 887 2621 manifestum
915 2569 1021 2619 est.

610 2656 775 2729 θῦε
803 2655 927 2711 185.
963 2650 1253 2709 Petiliat’t‘us
1280 2650 1549 2725 episcopus
1580 2648 1733 2704 dixit.
1763 2644 1898 2717 Quia
1935 2640 2041 2719 ipsi
2078 2662 2141 2704 se

539 2749 607 2806 ad
662 2746 897 2805 forensia
945 2747 1336 2812 contulerunt,
1383 2738 1507 2800 ideo
1557 2741 1793 2798 forensia
1839 2740 2134 2813 postulavi.

535 2839 949 2913 Respondeatur
971 2839 1103 2894 mihi
1124 2838 1192 2894 ad
1220 2846 1282 2893 ea
1315 2851 1436 2908 qua:
1467 2833 1703 2907 postulo.
1732 2830 1957 2890 Forensi
1986 2838 2141 2889 more

541 2925 685 3006 agit,
715 2938 781 2988 an
826 2924 1236 2989 ecclesiastico?
1256 2922 1325 2986 Et
1353 2929 1459 2984 alia
1483 2920 1657 2983 inanti.
1710 2922 2003 2985 Petilianus
2026 2928 2143 2999 epl-

541 3026 743 3096 scopbs
782 3022 1146 3095 appellatiOne
1175 3021 1434 3077 incolumi
1468 3018 1773 3091 recognovi.

614 3104 741 3174 i86.
776 3106 1114 3172 Marcellinus
1142 3115 1222 3169 uir
1244 3114 1567 3169 clarissimus
1587 3113 1819 3167 tribunus
1846 3121 1893 3167 et
1910 3108 2141 3167 notarius

2227 512 2391 567 etiam
2418 513 2659 582 ipsorum
2686 522 2905 569 causam
2946 522 3218 584 tamquam
3254 513 3483 569 fratrum
3512 520 3833 570 nostrorum

2228 602 2551 676 sbscipimus
2570 649 2584 673 ,
2622 616 2677 662 et
2706 606 2751 662 si
2784 600 2938 663 nobis
2970 606 3180 663 ostendi
3208 608 3484 679 potuerint
3509 607 3797 665 criminOsi
3819 652 3835 677 ,

2183 762 2197 771 .
2229 697 2394 754 hodie
2433 699 2559 755 illos
2588 701 3033 764 anatltemamus;
3074 710 3180 757 non
3230 708 3410 758 tamen
3449 702 3677 773 propter
3712 702 3839 759 illos

2229 786 2533 847 Ecclesiam
2565 807 2595 846 a
2626 791 2735 848 Deo
2752 793 3073 862 prbmissam
3110 804 3166 850 et
3194 791 3494 849 exhibitam
3526 793 3840 851 deserimus

2230 892 2322 939 aut
2354 876 2729 955 relinquimus.
2763 880 2871 956 lpsi
2907 900 3036 956 ergo
3059 884 3262 956 eligant
3286 883 3434 956 quod
3464 884 3683 941 volunt.
3718 882 3841 942 Non

2232 970 2493 1046 objiciunt
2518 975 2748 1033 crimina
2786 976 3093 1033 hominibus
3118 1019 3131 1044 ,
3176 980 3232 1032 et
3273 970 3481 1033 charte
3518 977 3837 1034 cessabunt.

2231 1068 2358 1124 Sola
2395 1067 2578 1123 divina
2607 1070 2855 1139 loquetur
2879 1055 3206 1137 ductoritas;
3238 1071 3352 1126 sol‘a
3380 1070 3473 1126 Dei
3505 1070 3796 1140 Scriptura
3821 1113 3837 1139 ,

2233 1158 2321 1215 cui
2344 1160 2559 1232 utrique
2588 1160 2898 1227 subdimur,
2925 1164 2976 1218 in
3008 1160 3246 1219 medium
3269 1161 3602 1234 probaretur.
3632 1162 3703 1217 Et
3732 1165 3843 1219 alia

2234 1268 2413 1307 manu.
2446 1250 2774 1326 Recognovi.
2804 1254 3140 1312 Marcellinus
3161 1254 3238 1312 vir
3259 1258 3577 1313 clarissimus
3603 1259 3843 1313 tribunus

2236 1354 2284 1399 et
2311 1346 2544 1400 notarius
2570 1346 2722 1402 dixit.
2756 1347 2894 1417 Quid
2926 1348 3158 1404 refertur
3182 1348 3307 1404 his?

2312 1432 2434 1493 188.
2469 1428 2732 1494 Emeritos
2773 1441 3043 1511 episcopus
3075 1441 3236 1511 partis
3280 1440 3478 1496 Donati
3518 1442 3672 1497 dixit.
3709 1441 3843 1499 Pro-

2239 1529 2362 1586 lixze
2390 1533 2623 1587 orationi
2651 1534 2985 1607 respondere
3010 1549 3121 1590 non
3155 1548 3399 1606 possum.
3441 1532 3653 1591 Tamen
3693 1550 3842 1592 sum—

2239 1624 2426 1680 matim
2447 1630 2553 1695 ,.ut
2586 1627 2772 1695 valeo,
2819 1640 2939 1699 qua:
2984 1626 3258 1698 superﬂue
3298 1629 3352 1683 in
3380 1620 3651 1700 judicium
3679 1630 3839 1685 missa

2232 1722 2369 1772 sant
2387 1714 2680 1786 ventilabo,
2699 1732 2821 1774 cum
2842 1716 3149 1789 optationes
3172 1732 3199 1774 a
3217 1721 3419 1776 nostris
3446 1718 3695 1792 partibus
3720 1734 3842 1793 pro-

2166 1830 2215 1891 B
2244 1809 2450 1879 positas
2478 1820 2548 1866 ne
2573 1808 2661 1867 vel
2698 1811 2990 1868 reiectione
3015 1809 3383 1881 confundant,
3425 1818 3491 1868 ut
3528 1818 3709 1886 neque
3745 1828 3835 1871 ve-

2247 1896 2350 1955 lint
2378 1914 2499 1957 esse
2527 1899 2787 1972 petitores
2804 1943 2820 1969 ,
2849 1914 3025 1974 neque
3060 1918 3121 1960 se
3148 1903 3330 1960 dicant
3365 1916 3732 1976 responset-es
3752 1905 3842 1960 ad-

2244 2001 2424 2059 stare,
2457 1992 2847 2067 intulerintque
2873 1995 3071 2051 nostris
3092 1997 3336 2066 partibus
3367 2001 3837 2068 prosecutionem,

2244 2092 2307 2139 ut
2345 2083 2388 2139 si
2422 2084 2658 2142 forensis
2696 2087 2897 2158 regulae
2924 2084 3173 2144 ordinem
3208 2097 3428 2158 tenent,
3461 2090 3839 2147 cundttioualis

2244 2175 2355 2232 diei
2399 2192 2508 2232 non
2560 2179 2812 2234 omittam
2862 2179 3091 2236 internis
3136 2180 3388 2237 sensibus
3432 2182 3748 2250 notionem;
3796 2184 3840 2239 si

2243 2275 2425 2325 autem
2462 2269 2722 2341 legalibus
2746 2271 2918 2343 magis
2944 2272 3170 2343 cupiunt
3195 2274 3247 2328 in
3270 2272 3481 2345 judicio
3500 2274 3833 2343 conluctari,

2253 2360 2455 2417 divinis
2481 2360 2779 2432 Scripturis
2822 2377 2921 2419 nos
2966 2362 3048 2420 eis
3087 2378 3314 2420 necesse
3360 2372 3449 2422 est
3490 2367 3840 2437 respondete.

2244 2454 2487 2511 Primum
2530 2462 2615 2512 est
2655 2460 2834 2512 autem
2874 2457 3019 2529 quod
3060 2458 3113 2513 in
3157 2458 3366 2529 judicio
3406 2459 3746 2531 ﬂagitamus,
3786 2468 3843 2516 ut

2244 2552 2499 2622 quoniam
2528 2552 2595 2609 de
2622 2553 3000 2609 mandatorum
3045 2568 3272 2610 suorum
3307 2554 3641 2627 allegatione
3669 2556 3725 2612 in
3757 2556 3843 2626 ju-

2243 2644 2388 2701 dicio
2414 2645 2669 2702 vacillant
2693 2688 2708 2713 ,
2746 2646 2950 2717 quippe
2988 2660 3113 2703 cum
3160 2654 3326 2704 unum
3375 2649 3657 2722 legentes,
3699 2649 3841 2704 aliud

2243 2745 2481 2807 negent,
2531 2736 2823 2808 dicantque
2860 2746 3039 2794 tamen
3083 2752 3144 2795 se
3185 2739 3396 2810 legatos
3434 2740 3506 2795 ad
3539 2740 3843 2811 imperiales

2243 2843 2403 2885 aures
2427 2829 2732 2886 destinasse
2766 2838 2922 2887 antea
2943 2872 2960 2898 ,
2991 2836 3351 2903 secutumque
3386 2840 3477 2889 est
3512 2832 3803 2889 identidem
3823 2874 3839 2900 ,

2242 2928 2305 2977 ut
2355 2934 2423 2977 ex
2477 2926 2827 2993 responsione
2883 2930 3160 2993 gestorum
3211 2924 3453 2981 dilucide
3504 2926 3788 2982 claruisset
3818 2968 3835 2993 .

2242 3022 2424 3069 utrum
2466 3028 2565 3069 nos
2605 3015 2994 3085 inquietatores
3028 3028 3310 3083 essemus,
3347 3018 3731 3089 an;inquietati
3776 3017 3839 3073 ad

2236 3106 2500 3176 judicium
2531 3108 2838 3163 veniremus
2859 3149 2874 3174 ,
2906 3107 2991 3165 his
3015 3117 3095 3164 tot
3125 3109 3592 3180 propositionibus
3619 3126 3839 3184 respon-

541 3212 694 3268 dixit.
744 3206 1159 3282 Respondentur
1202 3204 1448 3279 objectis.
1500 3202 1817 3279 Augustinus
1867 3204 2136 3277 episcopus
2163 3219 2209 3283 ρ
2242 3201 2375 3256 dere
2400 3201 2647 3257 nolentes
2669 3242 2685 3268 ,
2713 3202 2779 3257 ad
2810 3203 2913 3257 alia
2945 3216 3005 3258 se
3032 3204 3214 3259 nescio
3237 3218 3343 3274 qua
3372 3207 3839 3277 argumentatione

538 3308 785 3363 Ecclesia:
811 3305 1076 3362 catholica:
1097 3300 1249 3358 dixit.
1281 3302 1339 3359 Si
1370 3303 1666 3372 patiantur,
1692 3300 1947 3356 Ecclesia:
1973 3310 2133 3370 quam

540 3412 788 3458 tenemus
814 3399 977 3473 (sicut
1009 3398 1199 3453 omnes
1226 3396 1493 3451 noverunt
1514 3436 1529 3458 ,
1562 3402 1792 3462 Quorum
1815 3388 1991 3448 solent
2019 3391 2137 3445 ani-

539 3509 658 3549 mos
707 3493 819 3547 suis
862 3490 1158 3546 sollicitare
1205 3480 1680 3543 erin‘tinationibus
1705 3529 1721 3552 ,
1761 3496 1816 3541 et
1854 3482 2017 3540 etiam
2050 3486 2133 3540 sui

539 3576 778 3640 mandati
839 3582 1028 3637 tenore
1058 3572 1475 3649 declararunt):
1512 3574 1772 3632 Ecclesiae
1798 3617 1813 3642 ,
1870 3577 2086 3646 inquam
2116 3618 2132 3644 ,

538 3672 702 3748 quain
729 3676 1009 3739 tenemus,
1043 3666 1274 3727 crimina
1305 3664 1483 3725 solent
1519 3668 1832 3725 traditionis
1870 3667 2130 3739 objicerc.

540 3762 608 3824 Et
642 3768 748 3824 alia
782 3772 958 3823 manu.
991 3763 1320 3838 Recognovi.
1352 3762 1644 3819 Petilianus
1671 3764 1940 3834 episcopus
1970 3763 2135 3830 partis

540 3857 732 3916 Donati
763 3861 913 3914 dixit.
946 3856 1310 3914 Preliteantur
1341 3854 1405 3910 ad
1443 3854 1686 3926 quaesita.
1730 3848 2133 3909 ProfessiOnem

540 3934 859 4023 petivimus,
892 3958 997 4003 non
1026 3942 1359 4002 conflictum.
1399 3945 1465 3999 Et
1493 3947 1598 4000 alia
1628 3952 1804 3999 manu.
1838 3938 2134 3999 Politianus

540 4043 828 4112 episcopus
853 4034 1218 4110 appellatione
1244 4035 1504 4091 incolumi
1528 4035 1843 4106 recognovi.

612 4126 735 4193 187.
769 4124 1086 4208 Augustinus
1116 4132 1385 4202 episCOpus
1416 4120 1666 4185 Ecclesite
1694 4127 1961 4184 catholica:
1981 4124 2131 4184 dixit.

541 4227 597 4284 Si
652 4218 845 4283 horum
894 4225 1182 4282 criminum
1226 4216 1494 4294 iacturam
1533 4220 1778 4289 faciunt,
1826 4220 1894 4278 de
1931 4212 2136 4278 chartis

539 4318 768 4394 publicis
795 4319 929 4376 nihil
960 4316 1306 4391 proferimus.
1335 4314 1391 4374 Si
1418 4325 1599 4372 autem
1640 4316 1693 4370 in
1726 4314 1915 4371 eadem
1943 4312 2134 4371 crimi-

538 4415 762 4470 natione
804 4400 1106 4482 persistunt
1131 4452 1145 4475 ,
1176 4409 1379 4465 chartis
1420 4407 1651 4480 publicis
1690 4408 1950 4464 docemus
1994 4408 2134 4463 hanc

537 4516 757 4563 causam
795 4503 925 4559 olim
954 4517 1075 4559 esse
1110 4499 1351 4570 ﬁnitam,
1384 4516 1486 4555 nec
1512 4506 1694 4556 tamen
1721 4510 1816 4557 eos
1845 4500 1913 4555 ab
1942 4496 2135 4569 hujus-

2242 3291 2538 3363 dejiciunt,
2580 3309 2800 3364 quaeso,
2835 3295 2917 3350 vir
2947 3295 3180 3365 nobilis,
3213 3299 3562 3353 constituant
3584 3299 3835 3370 gradum,

2240 3383 2425 3440 dicant
2463 3400 2524 3441 se
2565 3400 2672 3457 quo
2701 3385 2895 3451 ordine
2923 3400 3098 3458 quave
3127 3386 3344 3444 actione
3370 3390 3425 3444 in
3468 3390 3681 3460 judicio
3718 3405 3839 3445 eou-

2240 3478 2456 3534 sistant.
2495 3477 2605 3535 Nos
2634 3479 2810 3546 enim,
2846 3475 2939 3550 qui
2981 3479 3199 3535 adducti
3235 3493 3427 3536 sumus
3472 3482 3543 3537 ad
3574 3484 3838 3554 discepta-

2240 3572 2440 3625 tionem
2462 3611 2477 3638 ,
2511 3569 2758 3641 petitoris
2791 3571 2910 3627 loco
2933 3571 3152 3628 adstare
3191 3584 3297 3628 non
3325 3588 3648 3646 possumus.
3691 3575 3838 3646 Ipsos

2240 3674 2469 3720 necesse
2515 3672 2600 3720 est
2648 3676 2992 3737 proponere,
3040 3675 3098 3723 ut
3139 3682 3329 3723 eorum
3378 3671 3839 3741 propositionibus

2239 3769 2362 3824 pars
2389 3765 2572 3811 nostra
2606 3759 2780 3811 valeat
2807 3759 3158 3828 respondere.
3188 3759 3252 3814 Et
3287 3759 3396 3816 alia
3417 3778 3599 3818 manu.
3637 3764 3840 3820 Emeri-

2240 3854 2325 3904 tus
2355 3848 2648 3920 episcopus
2668 3848 2816 3905 salva
2843 3851 3205 3921 appellatione
3235 3854 3553 3924 recognovi.

2310 3943 2437 3999 £89.
2467 3936 2788 4016 Augustinus
2814 3944 3083 4017 episcopus
3114 3944 3361 4003 Ecctcsfte
3385 3950 3657 4005 catholica
3681 3950 3832 4008 dixit.

2237 4035 2295 4093 Si
2337 4032 2581 4106 petitoris
2620 4037 2743 4092 loco
2778 4034 3050 4093 adsistunt
3090 4038 3183 4108 qui
3222 4038 3456 4096 crimina
3495 4042 3707 4114 objecta
3738 4043 3835 4097 dc-

2235 4117 2659 4190 fenduntjtute
2710 4126 3009 4185 nobilitatis
3051 4135 3138 4185 est
3184 4132 3566 4201 pronuntiare.
3616 4132 3682 4187 Β
3727 4136 3835 4187 alia

2235 4232 2414 4271 manu.
2443 4216 2776 4288 Recognovi.

2313 4308 2438 4366 190.
2475 4306 2812 4365 Marcellinus
2848 4310 2928 4365 uir
2969 4310 3288 4367 clarissimus
3317 4314 3557 4369 tribunus
3592 4322 3636 4368 et
3672 4325 3836 4370 uou-

2235 4400 2348 4455 rius
2371 4399 2526 4456 dixit.
2556 4400 2732 4457 Etiam
2764 4401 3144 4471 prosecutione
3171 4403 3273 4459 viri
3318 4406 3644 4463 venerabilis
3684 4407 3837 4463 Peti-

2235 4495 2363 4552 liani
2386 4497 2440 4552 id
2475 4505 2692 4553 constat
2720 4495 2889 4553 fuisse
2929 4497 3196 4568 signatum
3217 4540 3233 4567 ,
3267 4506 3329 4554 ut
3372 4510 3548 4556 utrum
3588 4516 3718 4572 pars
3744 4517 3837 4559 ca-

536 4592 684 4659 lnodi
730 4595 1053 4670 objicie'ndis
1082 4592 1398 4651 criminibus
1434 4593 1753 4650 cessavisse.
1786 4589 1942 4649 Unde
1983 4606 2130 4648 nunc
2156 4603 2208 4663 ι)
2235 4590 2435 4646 tholica
2461 4632 2475 4658 ,
2528 4589 2672 4661 quod
2723 4604 2921 4645 nomen
2972 4590 3089 4646 sine
3134 4590 3458 4661 prejudicio
3509 4591 3693 4648 dicere
3753 4609 3839 4652 me

534 4694 882 4753 collationem
913 4692 1069 4746 istam
1102 4688 1477 4759 peposcimus,
1508 4690 1617 4741 non
1640 4693 1699 4741 ut
1729 4682 1878 4740 illam
1907 4697 2127 4740 causam

536 4785 846 4847 traditionis
874 4784 1033 4856 quam
1063 4772 1356 4837 Caeciliano
1379 4788 1436 4836 et
1474 4779 1592 4849 ejus
1635 4774 1856 4849 collegis
1901 4777 2129 4848 objicie-

533 4884 703 4951 bant,
732 4872 1093 4949 suscipiamus
1126 4875 1307 4931 denuo
1335 4874 1651 4939 finiendam,
1671 4871 1766 4928 sed
1790 4870 2129 4929 demOnstre—

534 4998 657 5038 mus
687 4979 818 5035 olim
846 4982 968 5033 esse
1006 4976 1210 5033 finitam
1233 5016 1247 5040 ,
1282 4974 1340 5028 ut
1376 4968 1483 5028 hoc
1524 4976 1914 5042 cognoscentes
1940 4971 2124 5041 populi

532 5072 625 5147 qui
678 5071 963 5135 nesciunt,
1015 5078 1067 5124 et
1108 5068 1333 5123 istorum
1410 5058 1586 5120 adhuc
1658 5058 2126 5119 criminationibus

535 5158 949 5225 commoventur
970 5204 985 5229 ,
1016 5159 1235 5216 tandem
1269 5157 1556 5229 aliquando
1577 5160 1907 5227 cognoscant
1935 5155 1988 5209 in
2018 5156 2123 5225 qua

535 5252 787 5317 Ec'clesi'a
817 5252 1126 5312 christianos
1165 5250 1356 5308 salutis
1399 5254 1540 5308 viam
1582 5250 1875 5322 requirant.
1910 5246 1968 5307 Si
1999 5254 2129 5320 ergo

534 5354 602 5409 de
634 5338 874 5406 Ecclesia
905 5342 1166 5415 quieritur
1187 5344 1306 5415 'qutc
1332 5340 1432 5409 sit,
1463 5352 1662 5414 quanta
1687 5343 1786 5410 sit,
1813 5340 1989 5413 qualis
2018 5342 2123 5411 sit,

529 5443 646 5500 sola
675 5438 855 5497 dit-ina
884 5427 1195 5492 testimonia
1226 5430 1293 5491 ad
1315 5448 1434 5492 eam
1462 5428 1942 5490 demonstrandam
1972 5428 2125 5489 suffi-

522 5532 694 5593 eient.
729 5531 783 5589 Si
828 5526 1077 5587 homines
1120 5520 1434 5599 appellant,
1472 5528 1517 5583 si
1549 5522 1860 5581 hominibus
1892 5522 2122 5581 crimina

525 5613 816 5682 intendunt
836 5668 851 5693 ,
879 5616 1226 5693 quamquam
1250 5610 1512 5673 Ecclesia:
1553 5610 1713 5673 causa
1743 5612 1811 5673 ab
1839 5614 2122 5674 hominum

526 5716 689 5773 causa
715 5712 1089 5787 distinguenda
1118 5720 1236 5781 est,
1268 5724 1370 5767 nec
1408 5707 1461 5765 in
1501 5704 1812 5768 hominibus
1853 5724 1979 5783 spes
2019 5714 2120 5782 po-

534 5802 709 5876 nenda
737 5821 820 5878 est
862 5800 1157 5889 Ecclesiae,
1210 5804 1259 5870 si
1308 5800 1438 5885 boni
1483 5816 1607 5866 sunt
1633 5849 1647 5877 ,
1696 5822 1875 5889 neque
1919 5802 1966 5869 si
1995 5806 2124 5881 ntali

2222 4683 2426 4738 multis
2460 4681 2970 4738 interlocutionibus
3008 4680 3282 4752 patefeci,
3326 4682 3450 4754 jure
3489 4684 3710 4755 publico
3752 4686 3839 4758 agi

2230 4777 2430 4843 vellet,
2457 4790 2521 4830 an
2544 4785 2694 4833 certe
2720 4775 2920 4831 divinis
2945 4775 3299 4842 testimoniis,
3324 4777 3608 4833 evidenter
3634 4786 3829 4835 osten-

2232 4868 2404 4925 deret.
2452 4866 2560 4925 Scd
2603 4868 2783 4924 denuo
2808 4865 2876 4922 ad
2906 4866 3128 4938 qumsita
3158 4880 3483 4938 reaponsum
3509 4879 3591 4925 est
3612 4912 3627 4937 ,
3656 4869 3735 4925 ita
3780 4880 3839 4928 ut

2230 4961 2642 5021 evidentissima
2686 4971 3121 5028 monstraretur,
3167 4962 3216 5017 si
3253 4963 3488 5019 crimina
3534 4978 3642 5020 non
3680 4966 3832 5037 obji-

2228 5066 2482 5114 cerentur
2502 5097 2518 5124 ,
2550 5071 2580 5112 a
2607 5050 2947 5113 documentis
2978 5054 3208 5126 publicis
3237 5054 3633 5113 discedendum
3658 5099 3676 5125 ,
3704 5074 3833 5130 qua:

2226 5146 2449 5221 probari
2477 5162 2585 5204 non
2616 5161 2775 5219 posse
2808 5147 2968 5203 aliter
2992 5147 3094 5203 nisi
3126 5145 3467 5217 publicorum
3494 5158 3707 5205 certum
3740 5158 3827 5207 est

2230 5244 2577 5300 attestatione
2601 5251 2875 5314 gestorum
2902 5259 2916 5296 :
2948 5241 3032 5297 sin
3056 5255 3369 5296 verocausa
3394 5241 3658 5299 Ecclesia:
3686 5251 3832 5300 ttae-

2228 5345 2475 5405 taretur,
2508 5336 2704 5408 legalia
2742 5344 2952 5393 tantum
2980 5335 3292 5391 testimonia
3322 5335 3721 5406 proferrentur.
3754 5338 3831 5395 De

2231 5433 2430 5505 quibus
2460 5431 2587 5505 quid
2608 5429 2824 5500 placeat
2849 5470 2863 5496 ,
2893 5429 3201 5485 evidentius
3227 5429 3564 5500 designetur.

2301 5524 2425 5582 191.
2458 5521 2745 5579 Petiliattus
2770 5521 3041 5593 episcopus
3059 5521 3214 5578 dixit.
3241 5521 3358 5578 Duo
3381 5532 3512 5578 sunt
3534 5534 3659 5595 qua:
3689 5540 3830 5595 pra.

2229 5623 2311 5673 ter
2337 5624 2533 5673 caetera
2568 5628 2598 5671 ο
2623 5614 2729 5672 diei
2762 5614 2920 5684 hujus
2948 5614 3214 5686 principio
3239 5613 3506 5686 cepimus
3535 5617 3818 5675 ventitare.

2226 5709 2401 5769 Unum
2428 5752 2444 5779 ,
2489 5716 2547 5767 ut
2570 5709 2690 5781 .ipsi
2736 5710 2995 5782 legissent
3034 5709 3167 5781 quid
3212 5711 3539 5796 imperatori
3570 5712 3818 5769 ciemu-

2233 5807 2445 5879 tissitno
2474 5806 2877 5901 suggesserim;
2921 5803 3107 5881 aliud,
3147 5813 3329 5881 utrum
3368 5805 3816 5888 disceptationem
