4134 6186
362 305 386 358 1
397 303 502 361 597

1326 297 1554 356 GESTA
1581 294 2054 356 COMuATlONIS
2087 292 2716 360 CARTHAGWENSIS.

3529 313 3676 370 ηυξ-8

359 417 499 490 legis
526 415 736 472 divina
761 422 953 472 unum
981 413 1202 486 cupiant
1223 452 1241 481 ,
1278 427 1348 469 an
1385 411 1632 484 publicas
1665 413 1843 486 leges.
1879 413 1964 470 De
1990 412 2048 476 Α
2070 417 2288 468 sentum
2320 413 2803 484 partesjudioiario
2818 423 3009 496 animo
3029 424 3515 482 defensarebiune
3539 443 3674 497 prm-

358 519 592 583 utroque
635 507 774 564 nihil
823 507 955 562 mihi
997 513 1187 576 aperte
1236 519 1560 577 responsum
1601 513 1710 561 est.
1744 505 1811 560 Et
1854 505 1965 560 alia

356 621 540 662 manu.
585 601 892 660 Petilianus
943 600 1236 674 episcopus
1287 599 1654 672 appellatione
1700 599 1963 658 incolumi

353 697 673 771 recognovi.
1817 697 1823 708 '

428 791 559 848 192.
593 787 864 844 Possidius
901 784 1175 857 episcopus
1215 782 1461 839 Ecclesiae
1494 782 1763 839 catholica:
1805 783 1960 839 dixit.

354 882 442 940 Ad
470 882 660 938 omnia
683 891 805 937 esse
825 891 1147 949 responsum
1175 875 1460 948 superiora
1483 884 1756 933 testantur
1775 885 1960 948 gesta.

354 975 423 1031 Et
454 977 566 1031 alia
594 991 776 1030 manu.
804 970 1138 1042 Recognovi.

428 1070 559 1127 195.
592 1067 889 1123 Petilianus
914 1065 1189 1136 ερίσσορκε
1219 1063 1372 1118 dixit.
1405 1062 1658 1119 Pervidet
1684 1062 1848 1135 igitur
1869 1076 1964 1118 su-

349 1162 595 1218 blimitas
623 1169 711 1216 tua
755 1158 962 1215 sensim
1001 1171 1104 1212 nos
1137 1155 1205 1211 ad
1241 1170 1423 1211 causa;
1468 1155 1682 1210 interna
1719 1153 1915 1210 deduci
1945 1169 1961 1207 :

344 1255 600 1328 pervidet
638 1254 730 1310 illa
761 1262 849 1308 tua
879 1251 1199 1322 praestantia
1237 1259 1398 1320 atque
1425 1248 1687 1305 vivacitas
1719 1262 1920 1304 sensus
1943 1285 1961 1314 ,

343 1350 528 1420 magis
558 1347 693 1404 mihi
738 1345 1258 1402 interlocutionibus
1304 1343 1606 1399 nobilitatis
1647 1351 1754 1398 tua:
1797 1355 1962 1412 quam

339 1441 806 1513 responsionibus
825 1437 1267 1496 adversariorum
1293 1436 1462 1494 fuisse
1491 1449 1832 1508 responsum.
1859 1434 1966 1508 lgi-

337 1544 433 1591 tur
461 1533 778 1592 evidentius
815 1530 1022 1602 aliquid
1061 1530 1392 1586 decernatur
1413 1571 1431 1598 ,
1461 1528 1772 1585 evident-ius
1821 1539 1961 1584 con-

336 1640 489 1697 stet,
524 1627 772 1684 noverim
802 1624 1182 1698 quidﬁebeam
1221 1621 1573 1694 respondere.
1607 1622 1734 1678 Mitti
1773 1621 1918 1678 enim
1943 1660 1958 1689 ,

334 1725 485 1780 sicut
515 1733 612 1778 tua
640 1721 894 1779 meminit
938 1719 1232 1787 nobilitas,
1273 1717 1416 1774 idem
1457 1733 1486 1771 a
1533 1717 1777 1789 partibus
1821 1715 1961 1772 meis

2071 511 2261 561 sentes
2303 516 2450 561 sunt.
2489 506 2602 578 ipsi
2665 511 2799 568 mihi
2843 517 3240 588 respondeant,
3283 517 3385 588 ipsi
3427 518 3674 588 edicam,

2071 594 2177 666 ipsi
2200 595 2269 650 ad
2291 606 2523 669 utraque
2546 616 2674 673 quae
2706 609 2987 676 proposui,
3020 609 3352 681 respondere
3381 626 3488 667 non
3516 612 3672 668 dilic-

2067 700 2214 748 ra-nt.
2246 691 2316 747 Et
2338 695 2444 750 alia
2478 699 2656 750 manu.
2696 697 2994 758 Petilianus
3025 704 3322 774 episcopus
3356 707 3668 776 recognovi.

2069 781 2346 839 Possidius
2373 788 2644 860 episcopus
2673 788 2920 848 Ecclesia:
2959 795 3232 850 catholica:
3260 796 3411 852 dixit.
3435 796 3546 852 Nec
3577 813 3663 854 re-

2067 877 2342 947 spondere
2389 893 2485 936 nos
2531 881 2822 952 permittis.
2858 883 3152 942 Petilianus
3201 888 3469 959 episcopus
3517 890 3670 943 dixit.

2068 967 2244 1024 Tuum
2316 981 2401 1026 est
2457 974 2811 1042 pronuntiare
2860 977 2988 1048 quid
3041 977 3272 1045 audias;
3313 979 3531 1035 illorum
3587 991 3671 1036 est

2066 1077 2229 1134 agere
2250 1079 2470 1121 causam
2494 1067 2586 1137 qui
2611 1067 2874 1125 adversus
2900 1086 2988 1126 me
3011 1070 3132 1126 loco
3158 1073 3424 1143 petitoris.
3458 1073 3526 1128 Et
3558 1091 3672 1129 cum

2066 1154 2257 1210 diceret
2328 1158 2436 1229 (Et
2473 1157 2587 1212 alia
2635 1175 2814 1215 manu.
2867 1162 3166 1219 Petilianus
3205 1164 3491 1236 episcopus
3520 1182 3673 1223 reco-

2064 1248 2226 1318 gnovi
2247 1250 2286 1318 ),
2370 1299 2373 1301 _
2897 1309 2900 1312 ,

2138 1339 2266 1395 196.
2312 1341 2650 1398 Marcellinus
2693 1345 2772 1398 uir
2814 1345 3133 1404 clarissimus
3158 1350 3391 1405 tribunus
3421 1360 3467 1404 et
3517 1361 3668 1407 nota-

2063 1432 2174 1488 rius
2205 1435 2360 1489 dixit.
2401 1435 2515 1492 Hoc
2557 1438 2946 1506 pronuntiavit,
3003 1450 3060 1495 ut
3104 1456 3170 1497 ex
3237 1451 3512 1513 gestorum
3589 1445 3668 1500 le-

2072 1528 2257 1584 Ctione
2279 1529 2397 1586 hare
2421 1531 2608 1586 omnia
2639 1531 2853 1603 possint
2871 1533 3164 1605 diligenter
3178 1537 3422 1608 agnosci.
3438 1537 3662 1593 Petilia-

2065 1638 2164 1676 nus
2185 1623 2457 1697 episcOpus
2485 1623 2637 1679 dixit.
2670 1625 2777 1695 Ipsi
2810 1626 3016 1693 dicant,
3051 1627 3154 1698 ipsi
3185 1630 3564 1699 proﬁteantur.
3601 1632 3664 1686 lit

2064 1715 2173 1770 alia
2215 1733 2398 1773 manu.
2443 1716 2734 1773 Petilianus
2781 1721 3074 1792 episcOpus
3125 1719 3383 1778 incolumi
3429 1723 3668 1795 appella-

337 1815 666 1872 mandatum
696 1822 780 1869 est
800 1855 816 1881 ,
845 1821 905 1868 ut
940 1811 1171 1882 objectis
1206 1809 1564 1881 respondeam
1585 1850 1602 1878 ,
1633 1824 1739 1864 non
1773 1817 1833 1863 ut
1855 1806 1958 1863 ob-
1985 1801 2036 1863 Β
2066 1809 2210 1864 tione
2240 1810 2553 1881 recognovi.

336 1908 529 1979 jiciam
561 1905 790 1977 aliquid.
823 1902 941 1960 Non
967 1903 1116 1959 enim
1149 1903 1275 1958 loco
1302 1901 1553 1972 petitoris
1583 1899 1792 1956 adsisto
1811 1941 1826 1966 ,
1851 1897 1957 1954 sed

345 1999 694 2070 responsuri.
725 1996 830 2064 Qui
873 1995 1074 2066 saepius
1116 1993 1258 2065 apud
1307 1991 1655 2065 imperatoris
1698 2005 1859 2046 aures
1895 1997 1960 2046 et

343 2106 532 2148 coram
549 2089 708 2146 orntti
739 2087 938 2160 populo
962 2101 1098 2142 sane
1127 2084 1272 2157 apud
1303 2099 1364 2140 se
1393 2083 1724 2150 constituto,
1758 2083 1813 2136 in
1843 2081 1956 2137 cri-

349 2197 476 2239 men
523 2196 624 2237 nos
666 2179 1031 2250 invidiamque
1061 2169 1376 2245 deducutit,
1419 2183 1482 2232 ut
1527 2175 1811 2232 haereticos
1856 2185 1958 2231 no-

348 2274 562 2329 minent
583 2314 597 2339 ,
617 2282 684 2329 ut
712 2271 1087 2326 schismaticos
1121 2283 1345 2340 quoque
1387 2268 1697 2339 appellent,
1727 2266 1832 2322 hoc
1855 2265 1958 2322 do-

348 2357 547 2432 ceant,
591 2365 696 2420 hoc
738 2363 924 2430 diluo,
976 2363 1104 2418 huic
1150 2363 1229 2418 rei
1283 2373 1653 2431 reSpoasurus
1701 2374 1863 2428 sum,
1909 2362 1956 2417 si

350 2458 516 2514 modo
537 2473 597 2514 se
623 2457 688 2512 ad
719 2457 915 2529 legalia
941 2465 1270 2512 convertant
1289 2497 1304 2524 ,
1332 2455 1616 2527 ipsiusque
1646 2455 1784 2527 legis
1803 2469 1959 2526 quae.

354 2563 476 2606 rant
507 2565 772 2622 responsa
809 2557 976 2620 atque
1001 2549 1221 2619 judicia.
1253 2549 1350 2604 Sin
1379 2563 1510 2604 vero
1549 2558 1792 2619 utraque
1823 2547 1959 2603 mis-

349 2650 512 2709 cent,
551 2642 854 2698 evidentius
885 2641 1221 2712 designetur.
1267 2639 1520 2696 Noverim
1561 2656 1739 2712 genus
1783 2642 1956 2696 actio-

348 2737 465 2804 nis,
502 2749 662 2792 nemo
693 2751 778 2791 me
810 2734 1176 2806 reprehendat
1215 2734 1267 2789 in
1295 2734 1551 2804 publico,
1601 2749 1766 2791 nemo

345 2845 526 2887 causae
565 2829 839 2885 inﬁrmum
867 2843 992 2884 esse
1015 2828 1224 2898 jndieet
1262 2827 1613 2885 defensorem
1634 2871 1650 2896 ,
1680 2839 1850 2884 nemo
1869 2828 1958 2900 ju-

343 2923 484 2979 dicet
523 2923 797 2992 obliquum
820 2962 834 2988 ,
881 2935 1044 2978 nemo
1073 2919 1447 2976 adversarium
1478 2920 1742 2980 dolosum
1772 2936 1836 2977 ac
1884 2923 1955 2978 li-

345 3016 644 3073 centiosum
665 3055 682 3083 ,
708 3015 796 3070 cui
828 3015 1010 3070 omnia
1037 3014 1462 3084 permittuntur;
1505 3021 1571 3070 ut.
1606 3031 1734 3072 cum
1765 3014 1839 3070 de
1868 3015 1956 3072 his

342 3112 485 3183 justa
522 3118 683 3180 atque
713 3108 982 3165 evidentia
1027 3107 1410 3180 requirantur,
1453 3107 1632 3166 libeat
1671 3108 1781 3164 illis
1819 3107 1958 3164 deli-

345 3214 466 3261 cate
493 3203 769 3275 quotnodo
810 3202 1082 3258 voluerint
1121 3201 1350 3256 nebulas
1381 3213 1444 3254 ac
1473 3203 1738 3258 tenebras
1767 3200 1958 3257 obten-

346 3298 478 3354 dere
497 3337 512 3365 ,
541 3307 599 3353 ut
638 3297 811 3353 veniri
844 3311 948 3352 non
985 3296 1160 3366 possit
1185 3295 1253 3350 ad
1279 3293 1564 3350 cardinem
1590 3295 1857 3352 veritatis.
1894 3293 1958 3349 Et

349 3393 456 3446 alia
485 3409 660 3447 manu.
693 3391 992 3448 Petilianus
1020 3389 1312 3462 episcopus
1339 3388 1717 3460 appellatione
1747 3389 1956 3445 incolus

352 3484 426 3539 mi
455 3484 765 3554 recognovi.

431 3575 553 3630 194.
590 3574 922 3630 Marcellinus
943 3577 1024 3630 uir
1049 3576 1366 3632 clarissimus
1385 3573 1627 3632 tribunus
1655 3586 1704 3633 et
1724 3576 1958 3631 notarius

353 3667 508 3722 dixit.
555 3666 670 3720 Duo
713 3673 841 3722 sunt
885 3677 1006 3736 quas
1051 3666 1314 3722 sanctitas
1350 3674 1444 3720 tua
1484 3667 1722 3724 credidit
1768 3675 1958 3738 postu-

355 3761 549 3828 landa;
591 3774 756 3815 unum
783 3801 799 3826 ,
843 3768 901 3814 ut
939 3758 1261 3813 mandatum
1315 3759 1367 3813 in
1411 3773 1524 3828 quo
1571 3761 1733 3830 legati
1760 3758 1959 3814 delecti

355 3863 484 3908 sunt
511 3867 542 3907 a
582 3862 738 3922 parte
765 3868 798 3908 e
839 3849 1056 3906 diverso
1085 3849 1315 3904 sistente
1353 3848 1737 3918 relegeretur;
1769 3849 1913 3904 aliud
1939 3889 1956 3917 ,

357 3952 539 3999 utrum
577 3957 608 3996 a
648 3941 846 3998 divinis
886 3942 1098 4011 legibus
1139 3939 1499 4007 recederent,
1543 3939 1960 3996 evidentissime

357 4036 814 4094 demunstrarent.
861 4033 1156 4090 Peli/ianus
1185 4034 1462 4107 episcopus
1502 4034 1654 4089 dixit.
1709 4033 1958 4102 Respon—

355 4131 522 4187 deant
561 4129 798 4186 breviter
825 4128 892 4183 ad
935 4138 1248 4198 utrumque.
1292 4125 1362 4181 Et
1389 4127 1496 4181 alia
1522 4143 1705 4181 manu.
1739 4126 1961 4181 Petilia-

359 4239 460 4280 nus
485 4225 776 4294 episc0pus
805 4221 1114 4292 recognovi.
1150 4220 1488 4275 Hareellinus
1515 4220 1592 4274 vir
1634 4220 1960 4278 clarissim-us

361 4317 593 4372 tribunus
631 4325 682 4372 et
722 4315 957 4370 notarius
985 4313 1136 4369 dixit.
1173 4311 1274 4370 Uni
1308 4311 1404 4378 rei,
1437 4311 1691 4382 quoniam
1719 4326 1840 4367 mea
1873 4313 1956 4367 in-

362 4419 596 4478 tererat,
629 4411 744 4481 ipse
773 4407 1050 4479 respondi.
1085 4406 1196 4462 Nec
1239 4404 1382 4460 enim
1409 4406 1474 4460 de
1507 4404 1590 4460 his
1635 4405 1828 4475 legatis
1860 4419 1958 4475 po-

361 4511 530 4558 teram
554 4502 836 4569 dubitare,
865 4501 935 4556 de
963 4514 1194 4570 quorum
1228 4497 1494 4568 legatione
1519 4500 1962 4567 pronuntiaverat

2137 1901 2262 1958 197.
2331 1903 2654 1974 Augustinus
2725 1904 3000 1976 episcOpus
3071 1905 3322 1962 Ecclesia
3397 1908 3669 1963 catholij

2062 1993 2214 2048 dixit.
2265 1993 2385 2048 Jam
2429 1994 2670 2050 diximus
2734 1996 2877 2053 unde
2923 2012 3145 2066 agamus
3195 1999 3410 2068 potius,
3459 2001 3511 2055 id
3558 2011 3665 2068 est,

2061 2093 2242 2141 utrum
2287 2086 2519 2157 publicis
2572 2087 2912 2143 documentis
2951 2103 3022 2144 an
3068 2088 3268 2145 divinis
3315 2093 3662 2149 testimoniis.

2061 2176 2121 2233 In
2147 2188 2330 2233 vestra
2365 2187 2454 2234 est
2484 2180 2721 2249 positum
2743 2189 3038 2251 potestate.
3084 2180 3141 2238 Si
3185 2183 3329 2238 enim
3360 2199 3388 2237 a
3415 2185 3666 2241 crimini-

2064 2269 2164 2324 bus
2188 2269 2470 2327 hominum
2502 2272 2734 2327 cessatis
2756 2313 2772 2338 ,
2805 2281 2861 2327 et
2883 2287 2984 2328 nos
3009 2274 3348 2330 cessabimus
3376 2291 3406 2331 a
3441 2276 3671 2347 publicis

2062 2361 2432 2426 documentis,
2459 2373 2514 2419 et
2553 2365 2726 2419 solam
2753 2364 3012 2421 Ecclesiae
3035 2381 3254 2422 causam
3277 2369 3481 2426 divinis
3514 2371 3668 2427 testi-

2062 2457 2263 2513 moniis
2287 2471 2618 2514 asseremus.
2653 2457 2708 2513 Si
2740 2466 2920 2513 autem
2954 2458 3023 2513 ab
3047 2459 3327 2516 hominum
3347 2462 3668 2520 criminibus

2061 2563 2170 2604 non
2195 2549 2477 2614 desistitis,
2509 2563 2734 2604 necesse
2761 2559 2845 2604 est
2874 2563 2974 2604 nos
3003 2560 3051 2605 et
3081 2565 3112 2604 a
3138 2551 3292 2606 vobis
3314 2552 3529 2622 publica
3557 2553 3664 2608 do-

2059 2653 2314 2699 cumenta
2365 2642 2612 2712 ﬂagitare
2637 2683 2651 2707 ,
2680 2651 2734 2697 et
2759 2650 2949 2698 contra
2977 2657 3077 2698 vos
3099 2644 3316 2714 publica
3340 2645 3668 2704 documenta

2062 2736 2328 2806 proferre.
2374 2734 2490 2791 Hoc
2523 2744 2702 2790 autem
2755 2750 2878 2790 cum
2915 2735 3184 2806 cognitori
3227 2736 3663 2806 insinuaremus,

2061 2830 2187 2899 quia
2218 2829 2296 2883 illi
2328 2827 2395 2882 de
2423 2826 2589 2882 corde
2617 2843 2722 2882 non
2764 2836 2848 2882 est
2877 2841 3165 2882 excussum
3190 2827 3580 2898 multiplicibus
3609 2841 3665 2886 et

2063 2920 2355 2992 superﬂuis
2385 2920 2858 2990 prosecutionibus
2899 2919 3113 2985 vestris,
3145 2920 3269 2976 ideo
3299 2920 3454 2976 vobis
3480 2921 3590 2991 jam
3635 2939 3667 2978 a

2063 3013 2219 3067 nobis
2250 3011 2368 3067 lucc
2385 3020 2507 3066 acta
2557 3025 2678 3067 esse
2727 3011 2842 3081 ipse
2891 3010 3295 3083 respondebat,
3327 3027 3438 3068 non
3481 3023 3666 3084 partes

2061 3114 2281 3161 nostras
2305 3119 2497 3174 agens,
2540 3095 2635 3159 sed
2667 3118 2814 3170 suas,
2847 3105 2933 3159 cui
2955 3103 3068 3174 jam
3096 3103 3492 3161 insinuavimus
3519 3106 3669 3178 ejus-

1984 3197 2030 3261 C
2063 3214 2168 3269 que
2193 3199 2344 3254 cordi
2403 3197 2617 3266 penitus
2651 3196 2932 3254 infiximus
2983 3197 3113 3268 quid
3159 3198 3422 3256 dicamus.
3452 3198 3520 3254 Et
3557 3203 3666 3258 alia

2062 3305 2244 3345 manu.
2273 3289 2604 3360 Recognovi.

2139 3384 2262 3440 198.
2308 3383 2606 3440 Adeodatus
2633 3384 2904 3455 episcopus
2946 3383 3096 3439 dixit.
3133 3385 3250 3454 Quo
3279 3384 3469 3441 ordine
3501 3401 3665 3458 agere

2060 3475 2356 3532 debeamus
2431 3477 2486 3532 in
2545 3487 2726 3533 nostra
2780 3491 2887 3532 non
2943 3485 3028 3534 est
3081 3479 3312 3548 positum
3367 3489 3657 3549 potestate,

2061 3586 2184 3625 cum
2209 3573 2388 3642 ipsum
2429 3571 2618 3628 venire
2645 3570 2698 3626 in
2723 3579 3207 3642 nostra'potestate
3234 3586 3342 3628 non
3377 3572 3562 3631 fuerit.
3593 3575 3661 3632 Et

2061 3665 2170 3719 alia
2206 3683 2382 3721 manu.
2432 3665 2741 3722 Adeodatus
2776 3666 3065 3737 episcopus
3111 3668 3256 3722 salva
3297 3668 3662 3740 appellatione

2065 3758 2378 3826 recognovi.

2139 3849 2266 3906 199.
2341 3851 2661 3922 Augustinus
2750 3851 3020 3924 episcopus
3087 3851 3338 3908 Ecclesiae
3393 3853 3662 3912 catholica:

2064 3940 2217 3997 dixit.
2255 3944 2394 4014 Ergo
2425 3941 2492 3996 ad
2542 3941 2868 4013 interrogata
2927 3943 3275 4014 respondete.
3314 3943 3587 4002 Receditis
3627 3963 3660 4004 a

2064 4034 2380 4090 criminibus
2414 4032 2759 4088 traditionis?
2790 4034 3175 4106 Respondeant
3202 4035 3271 4091 ad
3299 4037 3461 4093 breve
3489 4040 3659 4096 inter—

2063 4136 2311 4196 rogatum
2357 4133 2626 4180 nostrum.
2673 4124 2875 4180 Facitis
2906 4126 3177 4196 jacturam
3204 4127 3491 4183 criminum
3536 4147 3657 4201 qua:

2065 4217 2253 4272 soletis
2280 4217 2518 4285 objicere
2540 4215 2830 4270 Cteciliano
2862 4225 2917 4271 et
2943 4217 3168 4287 collegis
3195 4217 3335 4288 ejus,
3367 4235 3436 4273 an
3483 4221 3538 4276 in
3567 4237 3658 4278 ea-

2063 4309 2187 4364 dem
2232 4307 2610 4363 criminatione
2658 4308 2994 4377 persistitis‘l
3022 4307 3092 4362 Et
3121 4311 3227 4364 alia
3272 4325 3451 4365 manu.
3486 4313 3660 4371 Reco-

2061 4405 2245 4475 guovi.
2281 4402 2615 4458 Marcellinus
2662 4403 2740 4457 vir
2779 4403 3097 4461 clarissimus
3147 4405 3384 4464 tribunus
3417 4417 3465 4465 et
3510 4421 3658 4468 nota-

2053 4499 2174 4552 rius
2202 4497 2354 4552 dixit.
2388 4495 2471 4552 Ad
2501 4495 2729 4566 quaesita
2763 4498 3108 4567 respondete.

359 4595 818 4653 clementissimus
845 4593 1176 4664 imperator,
1209 4607 1276 4646 ne
1307 4590 1359 4644 in
1404 4589 1521 4660 ejus
1563 4589 1818 4659 injuriam
1871 4605 1959 4645 re-
1986 4593 2040 4653 D
2138 4589 2263 4645 200.
2309 4588 2569 4643 Emeritus
2619 4589 2892 4660 episcOpus
2946 4592 3095 4645 dixit.
3140 4591 3311 4649 Breve
3334 4607 3492 4651 suum
3524 4597 3660 4654 dicit

359 4691 537 4746 fricari
581 4689 746 4761 309
787 4687 988 4758 aliquid
1037 4684 1336 4741 videretur.
1388 4682 1547 4738 Aliud
1592 4697 1721 4738 vero
1767 4698 1952 4739 eorum

358 4791 572 4840 constat
615 4781 1086 4853 prosecutionibus
1127 4777 1408 4835 deﬁnitum
1436 4818 1451 4843 ,
1503 4776 1702 4847 quibus
1738 4775 1790 4830 id
1837 4777 1951 4832 evi-

355 4879 550 4934 denter
571 4887 857 4932 osteusum
885 4883 972 4932 est
993 4913 1010 4940 ,
1038 4874 1179 4930 velle
1215 4887 1276 4927 se
1305 4885 1335 4926 a
1364 4870 1577 4939 publico
1603 4869 1722 4940 jure
1751 4870 1853 4925 sub
1887 4885 1952 4924 ea

356 4970 672 5028 conditione
709 4968 1027 5036 discedere,
1058 4967 1103 5022 si
1140 4966 1208 5021 de
1252 4978 1604 5035 personarum
1634 4961 1954 5018 criminibus

359 5062 634 5119 tacet-etis.
662 5060 818 5117 Unde
839 5059 1098 5132 quoniam
1135 5057 1266 5114 hinc
1309 5055 1596 5112 conflictus
1639 5063 1844 5110 tantum
1875 5069 1960 5110 re-

361 5155 627 5210 mansisse
654 5153 1036 5223 cognoscitur,
1068 5149 1246 5222 utqui
1285 5146 1530 5220 petitoris
1571 5148 1692 5201 loco
1732 5147 1961 5201 adsistat

356 5245 768 5302 evidentissime
791 5243 1225 5308 demonStretur,
1257 5241 1512 5313 quoniam
1543 5247 1692 5310 gesta
1719 5253 1749 5292 a
1774 5247 1958 5293 vestra

361 5349 516 5408 parte
559 5338 740 5393 oblata
789 5335 1010 5392 recitata
1053 5345 1220 5400 sunt,
1275 5333 1518 5404 patimini
1565 5331 1747 5388 denuo
1794 5332 1956 5387 etiam

363 5445 424 5483 ea
454 5444 576 5500 qua:
618 5444 647 5482 a
690 5428 901 5484 diversa
946 5438 1098 5500 parte
1135 5426 1464 5491 ot'l'erentur,
1506 5423 1576 5480 ab
1611 5422 1789 5478 ofﬁcio
1819 5424 1959 5478 reci-

363 5523 492 5577 tari.

440 5613 567 5670 195.
613 5613 900 5669 Petilianus
947 5613 1216 5682 episcomts
1265 5609 1416 5664 dixit.
1449 5610 1618 5679 Cujus
1646 5615 1794 5679 gesta
1836 5616 1962 5665 sunt

362 5721 492 5777 qua:
522 5721 550 5759 a
582 5705 825 5776 partibus
853 5703 995 5760 meis
1031 5701 1254 5756 recitata
1297 5701 1464 5755 sunt?
1488 5701 1544 5756 Si
1582 5701 1836 5756 absentes
1875 5714 1962 5756 es-

365 5808 492 5877 sent
529 5813 561 5876 e
623 5797 842 5868 diverso
877 5794 1170 5867 sistentes,
1194 5793 1340 5851 licuit
1373 5792 1488 5863 tibi,
1517 5793 1598 5858 vir
1621 5792 1840 5861 nobilis,
1867 5792 1962 5850 ab-

2065 4694 2187 4736 esse
2225 4681 2572 4751 postulatum,
2617 4679 2781 4737 breve
2821 4691 3067 4738 nostrum
3097 4683 3257 4741 debet
3282 4700 3405 4743 esse
3431 4704 3656 4761 respon-

2065 4788 2206 4830 sum.
2241 4774 2430 4830 Omnis
2451 4774 2594 4830 actio
2618 4774 2756 4832 duas
2775 4777 2913 4832 solet
2939 4779 3216 4848 suscipere
3246 4795 3530 4850 personas,
3563 4799 3656 4855 pe-

2065 4867 2242 4923 titoris
2291 4878 2346 4923 et
2391 4885 2421 4923 e
2462 4869 2680 4925 diverso
2727 4871 3124 4940 respondentis.
3168 4873 3304 4928 Cum
3352 4873 3468 4932 haec
3497 4892 3659 4936 causa

2063 4975 2219 5016 suum
2244 4962 2490 5017 ordinem
2519 4971 2718 5029 teneat,
2752 4964 3172 5034 conﬂictumque
3200 4965 3493 5034 desideret,
3528 4971 3657 5040 quid

2063 5061 2150 5108 est
2177 5054 2318 5124 quod
2343 5062 2468 5110 ante
2499 5055 2759 5125 principia
2799 5057 3022 5126 negotii,
3057 5059 3211 5127 quasi
3243 5060 3490 5129 quaedam
3521 5063 3657 5120 mihi

2063 5145 2262 5200 electio
2283 5162 2351 5201 ex
2372 5146 2599 5200 adversa
2625 5160 2776 5216 parte
2800 5150 3138 5218 proponitur,
3169 5160 3224 5206 ut
3251 5151 3450 5219 dicam,
3477 5163 3658 5210 utrum

2063 5238 2381 5292 criminibus
2438 5239 2717 5293 intentatis
2771 5238 3042 5296 Caeciliani
3092 5241 3350 5314 refrager,
3383 5253 3546 5316 atque
3583 5245 3658 5302 ab

2069 5327 2259 5383 iisdem
2284 5345 2404 5399 quae
2430 5329 2736 5401 objeceram
2775 5333 2963 5388 sileam
2988 5374 3002 5400 ,
3031 5349 3097 5389 an
3133 5335 3345 5406 objecta
3370 5336 3423 5390 in
3449 5337 3656 5406 judicio

2069 5420 2274 5476 valeam
2297 5422 2664 5478 conﬁrmare?
2691 5413 2961 5481 Memento
2979 5427 3220 5496 judicum
3253 5445 3486 5496 summe,
3515 5432 3660 5488 sicut

2067 5514 2301 5581 adsoles,
2335 5517 2422 5583 qui
2459 5516 2529 5570 sit
2564 5517 2698 5570 ordo
2728 5518 2960 5575 dicendi.
2999 5521 3166 5576 Nemo
3193 5523 3336 5576 enim
3367 5523 3654 5581 adversum

2066 5621 2124 5662 se
2169 5609 2402 5663 adstanti
2441 5609 2571 5663 dicit
2603 5627 2615 5663 :
2649 5610 2797 5682 Elige
2817 5613 2909 5667 tibi
2951 5622 3125 5668 utrum
3155 5628 3240 5667 me
3267 5627 3489 5668 accusas
3534 5630 3662 5672 nec-

2071 5717 2159 5755 ne.
2215 5701 2386 5757 Nemo
2427 5701 2560 5758 dicit
2594 5721 2605 5756 :
2641 5702 3010 5761 lntentaturus
3041 5719 3101 5760 es
3135 5704 3363 5769 crimen,
3407 5719 3475 5760 an
3525 5707 3660 5765 nihil

2073 5793 2207 5854 mihi
2269 5795 2324 5852 in
2391 5795 2596 5870 judicio
2649 5797 2928 5856 oblaturus
2977 5811 3070 5863 es,
3154 5805 3209 5856 et
3274 5797 3662 5876 intentionibus
