4134 6186
526 286 549 342 l
564 286 668 344 599

1458 283 1688 340 GESTA
1727 281 2188 342 COLLATIONIS
2225 283 2851 344 CARTIIAGINENSIS.

3671 288 3822 346 H00

519 406 626 461 tuis
658 414 865 461 mutum
896 403 1168 476 quoddam
1197 402 1472 460 silentium
1505 402 1811 471 imponens,
1842 400 2020 456 inanis
2047 414 2110 456 ac
2138 402 2192 464 Α
2217 417 2324 457 non
2372 417 2586 468 recuso,
2612 403 2656 458 si
2690 403 2793 458 hoc
2825 410 3005 473 potest
3051 417 3172 458 esse
3229 403 3594 461 retinendum.
3643 403 3821 462 Serva

519 501 640 555 sine
689 502 900 555 ratione
927 498 992 554 de
1024 507 1132 553 tam
1181 498 1491 570 longinquis
1535 495 1843 568 regionibus
1907 495 2120 550 venisse

519 591 750 660 dicaris,
791 607 912 647 cum
960 591 1026 645 ad
1079 591 1181 646 hoc
1218 607 1319 663 ego
1359 591 1652 654 adsis-tam,
1683 599 1743 645 ut
1786 591 1830 644 si
1885 603 1971 644 me
2000 588 2116 659 ipse

519 684 719 738 dixerit
767 684 858 738 illa
906 684 1111 740 dixisse
1149 700 1270 755 quae
1299 684 1539 756 graviter
1576 683 1719 739 ferre
1742 693 1834 738 aut
1865 681 2117 752 imperia-

518 777 661 832 libus
689 777 943 845 auribus,
985 787 1076 831 aut
1108 777 1160 831 in
1195 792 1292 832 suo
1325 777 1580 832 mandato
1613 775 1968 846 subscripsit,
2004 785 2118 830 tum

519 869 737 925 demum
789 870 981 940 eligant
1032 880 1192 941 atque
1245 871 1647 938 re5p0ttdeam,
1706 876 1884 922 utrum
1955 867 2117 923 velim

519 962 908 1018 intentionibus
952 963 1192 1032 ejusdem
1239 965 1534 1020 secundum
1570 962 1963 1032 prosecutionis
2003 977 2118 1017 sure

521 1063 767 1110 tenorem
801 1055 973 1126 legum
1004 1055 1418 1109 conﬁrmatione
1441 1054 1691 1108 robustus
1720 1054 1980 1109 accedere
2001 1095 2014 1118 ,
2047 1066 2113 1104 an

517 1162 607 1202 me
637 1148 704 1202 ab
737 1147 837 1202 hac
861 1147 1077 1202 actione
1120 1162 1420 1202 removere.
1455 1145 1614 1201 Videt
1660 1146 1968 1216 praestantia
2025 1153 2114 1199 tua

520 1255 607 1294 me
645 1240 975 1311 respondere
1019 1255 1123 1294 non
1172 1255 1366 1311 posse.
1417 1255 1538 1295 cum
1592 1240 1859 1294 incertum
1893 1238 2112 1305 dixerit,

518 1348 642 1387 cum
674 1333 806 1387 niltil
840 1333 946 1387 tale
979 1335 1318 1402 proposuerit
1343 1333 1427 1387 cui
1461 1332 1686 1388 debeam
1720 1347 1979 1387 revocare
2023 1346 2114 1386 re-

519 1440 798 1495 sponsum.
834 1425 961 1480 Dico
989 1427 1132 1480 enim
1162 1441 1286 1481 eum
1336 1434 1513 1481 utrum
1568 1425 1767 1495 petitor
1789 1440 1855 1477 an
1888 1434 2115 1494 respon-

519 1532 611 1572 sor
641 1526 762 1572 stet.
791 1518 887 1572 Ille
916 1518 1046 1573 ntilti
1073 1516 1200 1572 dicit
1234 1535 1247 1572 :
1280 1517 1336 1572 Si
1363 1515 1635 1571 Caeciliani
1685 1530 1901 1569 causam
1943 1515 2114 1569 inter-

518 1610 762 1672 miseris,
804 1619 931 1663 tunc
975 1610 1172 1679 petitor
1202 1623 1353 1673 sum;
1383 1609 1426 1662 si
1459 1615 1638 1662 autem
1674 1621 1778 1661 non
1811 1606 2118 1676 praetermi-

516 1702 652 1757 seris
673 1742 689 1767 ,
723 1715 947 1757 necesse
978 1710 1061 1755 est
1089 1717 1177 1756 me
1215 1698 1548 1770 respondere
1581 1699 1648 1753 ad
1677 1714 1739 1754 ea
1769 1713 1888 1768 quae
1927 1696 2115 1753 viden-

2221 495 2352 549 milti
2403 495 2653 564 primitus
2709 505 2948 564 tempora
2988 494 3164 566 legum
3190 538 3205 562 ,
3240 505 3512 552 statuatur
3536 498 3676 554 dies.
3712 500 3823 555 Re-

2221 585 2488 656 spondeat
2535 585 2774 640 oiﬁcium
2816 584 2885 641 de
2924 585 3012 640 die
3043 601 3223 643 causa:
3246 599 3610 658 cognoscatur
3639 590 3824 658 lapsus

2221 676 2408 731 fuisse.
2463 677 2597 731 llinc
2641 677 2815 746 iudica
2845 717 2862 742 ,
2899 677 3026 734 hinc
3053 678 3221 736 debes
3273 679 3419 736 ferre
3468 683 3821 738 sententiam.

2219 768 2498 840 Siquidem
2541 780 2730 825 contra
2759 786 2844 828 me
2869 774 3190 827 sententiam
3224 771 3400 829 ferres
3421 816 3436 840 ,
3463 777 3508 830 si
3553 775 3692 831 forte
3720 778 3822 834 de-

2220 861 2465 918 fuissem.
2502 861 2568 916 Et
2608 863 2712 917 alia
2753 881 2929 918 manu.
2986 865 3284 921 Petilianus
3330 867 3623 937 episcopus
3671 869 3822 926 salva

2218 955 2588 1025 appellatione
2613 957 2932 1026 recognovi.

2289 1046 2418 1103 204.
2459 1047 2780 1116 Augustinus
2806 1049 3073 1118 episcopus
3097 1049 3348 1105 Ecclesia:
3366 1051 3646 1108 catholica:
3665 1054 3820 1111 dixit.

2218 1142 2272 1198 Si
2306 1143 2395 1200 die
2414 1145 2630 1201 decimo
2658 1149 2844 1216 quinto
2869 1158 3156 1214 venerunt,
3195 1158 3254 1202 ttt
3301 1147 3366 1203 ad
3415 1149 3827 1220 quartamdeci-

2221 1253 2365 1292 mum
2424 1247 2812 1308 occurrerent,
2843 1256 3011 1308 quare
3041 1250 3241 1297 octavo
3272 1240 3540 1298 kalendas
3561 1242 3826 1300 constite-

2220 1330 2384 1384 runt?
2409 1329 2476 1384 Et
2501 1331 2609 1384 alia
2637 1348 2816 1386 manu.
2853 1331 3184 1403 Recognovi.

2291 1421 2418 1477 205.
2469 1421 2758 1477 Petilianus
2800 1425 3068 1495 episc0pus
3112 1425 3266 1480 dixit.
3315 1425 3436 1481 Non
3487 1426 3821 1497 inquietasti,

2220 1513 2354 1568 scivi
2380 1515 2548 1587 310
2575 1523 2628 1570 te
2650 1516 2883 1586 lapsum,
2913 1517 3188 1587 superﬂue
3222 1519 3504 1588 ingressus
3535 1535 3652 1575 sum
3679 1520 3823 1589 judi-

2221 1605 2390 1670 cium,
2416 1606 2507 1675 qui
2537 1606 2747 1661 intrare
2773 1624 2878 1662 non
2909 1606 3068 1662 debui
3103 1619 3225 1679 post
3253 1609 3398 1664 diem
3431 1611 3574 1679 lapsi
3600 1612 3818 1682 negotii.

2223 1696 2291 1750 Et
2321 1697 2428 1751 alia
2457 1714 2635 1752 manu.
2659 1697 2957 1754 Petilianus
2987 1701 3298 1772 episcopus,
3331 1703 3704 1772 appellatione
3739 1709 3821 1759 in-

520 1805 609 1851 tur
648 1795 881 1865 objecta.
916 1796 972 1850 Si
1005 1795 1163 1849 times
1205 1794 1476 1850 Cxciliani
1518 1808 1734 1848 causam
1762 1832 1777 1856 ,
1813 1794 2116 1863 metuisque
2150 1797 2198 1856 B
2222 1790 2426 1846 eolumi
2452 1793 2765 1862 recognovi.

519 1889 613 1943 tibi
660 1889 860 1960 aliquid
913 1889 1206 1958 objectum,
1259 1897 1314 1942 tu
1347 1902 1667 1958 proponere,
1732 1896 1786 1940 tu
1841 1886 2120 1940 instituere

518 1984 787 2038 actionem
803 1983 854 2037 in
865 1982 1072 2052 judicio
1082 1981 1326 2037 debebis.
1345 1980 1582 2035 Adtralte
1599 1994 1683 2034 me
1704 1989 1759 2033 et
1781 1979 1833 2032 in
1849 1978 2118 2047 publicum

518 2074 750 2128 colloca.
787 2074 880 2128 Dic
913 2088 999 2128 me
1037 2072 1255 2142 aliquod
1286 2071 1382 2125 tibi
1416 2072 1629 2126 crimen
1655 2069 1797 2142 quod
1842 2069 1910 2123 ad
1959 2083 2120 2124 aures

518 2165 900 2235 imperatorias
930 2164 1208 2233 detulisti,
1270 2179 1364 2234 per
1417 2163 1687 2235 publicam
1729 2161 2118 2218 conscientiam

517 2258 955 2314 commendasse.
1008 2258 1142 2314 Cum
1199 2272 1300 2328 ego
1351 2266 1531 2312 autem
1560 2257 1631 2312 de
1656 2267 1706 2312 te
1734 2255 1907 2326 magis
1948 2271 2116 2326 expe-

520 2363 630 2407 tam
680 2351 806 2421 quid
859 2351 1118 2417 audieris,
1163 2349 1290 2422 quid
1337 2364 1426 2405 me
1453 2348 1846 2418 dixisse,quid
1876 2363 1964 2402 me
1987 2347 2118 2402 insi-

518 2459 718 2500 nuasse
774 2443 993 2514 judiciis
1035 2443 1284 2510 intintes,
1337 2457 1436 2498 cur
1488 2443 1713 2506 metuis,
1769 2457 1867 2496 cur
1912 2442 2120 2496 vereris

517 2538 786 2593 actionem
813 2538 968 2592 istam
992 2538 1044 2592 in
1065 2537 1270 2606 judicio
1303 2535 1555 2591 ﬁrmare?
1584 2534 1852 2590 Nimirum
1879 2535 2007 2589 illud
2038 2545 2120 2589 at-

523 2631 721 2698 tendis,
754 2647 824 2686 ne
855 2631 1102 2701 petitoris
1151 2631 1454 2701 suscipiens
1504 2644 1791 2700 personam
1822 2671 1837 2695 ,
1861 2645 2036 2700 eaque
2063 2629 2118 2684 in

516 2725 781 2796 judicium
804 2725 993 2788 mittis,
1027 2733 1120 2779 aut
1146 2734 1388 2794 accepta,
1417 2731 1511 2778 aut
1533 2721 1698 2789 dicta,
1722 2731 1814 2777 aut
1842 2721 1909 2777 ab
1935 2723 2118 2792 aliquo

519 2819 857 2890 promulgata
891 2818 1092 2874 docere
1129 2817 1182 2872 in
1202 2815 1410 2887 judicio
1451 2815 1815 2885 compellaris.
1857 2813 2114 2882 Attende,

517 2911 600 2966 vir
625 2910 842 2972 nobilis,
876 2911 930 2966 in
959 2925 1070 2981 quo
1095 2919 1240 2966 statu
1270 2909 1338 2963 sit
1362 2909 1463 2964 ista
1486 2923 1644 2964 causa
1667 2949 1682 2974 ,
1714 2923 1837 2963 cum
1876 2922 1996 2978 ego,
2023 2907 2115 2978 qui

514 3005 725 3076 pulsor,
753 3004 1068 3074 petitionem
1119 3003 1336 3058 illorum
1388 3003 1560 3074 promi
1599 3003 1654 3056 in
1694 3002 1973 3071 judicium
2018 3019 2114 3074 pe-

518 3107 651 3162 tam,
683 3111 888 3167 eosque
909 3112 1012 3167 qua
1041 3111 1260 3167 possum
1288 3095 1657 3168 postulatione
1679 3094 1946 3166 deprecor
1970 3111 2117 3151 sem-

2294 1882 2421 1937 206.
2467 1883 2782 1954 Augustinus
2803 1885 3074 1957 episcOpus
3107 1885 3353 1942 Ecclesia
3371 1889 3645 1945 catholica:
3671 1891 3819 1946 dixit.

2223 1975 2402 2043 Quare
2444 1976 2508 2030 ad
2552 1976 2808 2032 kalendas
2851 1993 2912 2033 se
2942 1979 3192 2049 promisit
3217 1981 3538 2037 adfuturum
3565 1999 3688 2039 esse
3709 1983 3821 2039 Pri—

2225 2068 2475 2122 tnianus?
2502 2067 2571 2122 Et
2597 2070 2703 2124 alia
2730 2087 2907 2125 manu.
2936 2072 3267 2143 Recognovi.
3300 2075 3524 2146 Alypius
3552 2080 3820 2148 episcopus

2226 2161 2478 2218 Ecclesia
2499 2164 2768 2220 catholica:
2815 2166 2967 2221 dixit.
2992 2167 3107 2223 Hoc
3128 2168 3259 2238 jube
3289 2170 3533 2228 recitari.
3565 2172 3818 2240 Quamvis

2225 2254 2326 2309 ista
2382 2265 2654 2311 transacta
2708 2261 2848 2325 sint,
2873 2261 3120 2330 quamvis
3157 2260 3224 2316 ad
3255 2261 3564 2319 illusionem
3593 2267 3815 2334 papula-

2225 2361 2341 2400 runt
2368 2346 2465 2401 has
2489 2348 2716 2404 nebulas
2743 2349 2950 2420 injiciat
2997 2366 3124 2422 pars
3145 2352 3360 2410 diversa
3383 2397 3400 2423 ,
3458 2367 3626 2411 tamen
3652 2358 3816 2413 etiam

2225 2439 2328 2495 hoc
2359 2441 2595 2510 petimus
2615 2482 2630 2506 ,
2680 2443 2968 2514 praecipias
2999 2445 3249 2511 recitari,
3285 2459 3344 2502 ut
3373 2447 3457 2504 sic
3505 2450 3698 2504 saltem
3725 2464 3818 2504 co-

2221 2543 2520 2602 gnoscant,
2574 2549 2736 2613 quam
2787 2536 3138 2606 impudenter
3182 2538 3301 2594 haec
3347 2540 3550 2596 iterum
3581 2551 3820 2613 repetant

2221 2640 2343 2696 quae
2369 2627 2479 2696 jam
2511 2636 2637 2684 ante
2666 2612 2982 2686 transmissa
3013 2640 3159 2688 sunt.
3190 2631 3258 2686 Et
3287 2635 3396 2689 alia
3432 2652 3614 2691 ntanu.
3647 2612 3815 2694 Reco-

2219 2719 2404 2789 gnovL

2293 2813 2421 2868 207.
2447 2813 2736 2871 Petilianus
2754 2819 3027 2890 episcopus
3053 2820 3208 2876 dixit.
3244 2822 3381 2878 Dum
3432 2838 3542 2880 non
3571 2826 3653 2881 vis
3673 2825 3817 2882 desi-

2222 2924 2388 2979 gnare
2441 2910 2674 2967 alterum
2705 2913 2776 2968 de
2830 2913 3073 2982 duobus,
3102 2918 3262 2972 ambo
3289 2927 3522 2982 tenens,
3557 2919 3688 2975 iacis
3733 2936 3817 2976 tne

2220 3003 2414 3059 eadem
2445 3015 2714 3076 repetere.
2749 3004 2818 3059 Et
2849 3007 2957 3061 alia
2983 3024 3158 3063 manu.
3207 3009 3509 3066 Petilianus
3538 3012 3817 3083 episcopus

2221 3093 2581 3164 appellatione
2609 3095 2870 3153 incolumi
2900 3101 3214 3171 recognovi.
3430 3095 3436 3104 ’

514 3205 616 3261 per
644 3205 710 3245 ne
737 3188 1048 3244 moratoriis
1076 3188 1143 3243 ad
1191 3188 1389 3258 negotii
1441 3186 1720 3242 cardinem
1766 3188 1953 3242 venire
2011 3187 2110 3242 mi—
2137 3186 2183 3251 C
2285 3185 2765 3243 208.Fortunatius
2785 3191 3062 3264 episcOpus
3089 3192 3339 3249 Ecclesia:
3363 3197 3644 3252 catholica
3668 3199 3813 3252 dixit.

515 3282 662 3336 nime
685 3281 1079 3352 permittamnr.
1104 3279 1218 3334 Non
1250 3295 1378 3350 ergo
1398 3295 1465 3334 ex
1495 3288 1677 3334 nostra
1705 3286 1854 3349 parte
1867 3290 1946 3333 est
1969 3277 2112 3348 quod

513 3373 692 3428 adhuc
723 3387 891 3443 usque
920 3372 1052 3427 nihil
1084 3371 1154 3427 de
1191 3371 1407 3441 negotio
1455 3381 1665 3440 gestum
1733 3381 1851 3435 est,
1899 3384 2021 3424 cum
2067 3367 2112 3424 si

517 3480 802 3538 personam
855 3479 1006 3520 suam
1049 3463 1270 3534 judiciis
1314 3463 1598 3518 adstruere
1637 3461 1958 3526 voluissent,
2011 3477 2110 3515 nc-

513 3572 669 3614 cesse
705 3570 804 3610 nos
845 3566 962 3610 erat
1006 3555 1236 3624 objectis
1291 3555 1436 3609 illico
1487 3553 1836 3622 reSpondere.
1896 3552 1962 3606 Et
2005 3553 2113 3606 alia

519 3668 699 3706 manu.
728 3650 1005 3707 Emeritns
1042 3648 1330 3719 episcopus
1373 3645 1518 3700 salva
1563 3643 1926 3717 appellatione
1966 3660 2112 3700 reco-

516 3744 698 3815 gnovL
1677 3741 1681 3747 ’
2072 3782 2091 3798 .

583 3835 709 3890 201.
754 3836 1074 3906 Augustinus
1102 3833 1372 3903 episcopus
1403 3831 1643 3887 Ecclesiae
1667 3832 1936 3885 catholica:
1957 3829 2108 3885 dixit.

510 3925 556 3982 Ο
579 3927 746 3981 breve
777 3927 1140 3996 responsum!
1171 3924 1344 3990 Quam
1384 3924 1610 3978 multum
1643 3922 1858 3986 dicitur,
1892 3921 1981 3975 ubi
2024 3923 2108 3975 itt-

509 4021 684 4075 veniri
728 4034 833 4073 non
880 4026 1056 4089 potest
1105 4015 1231 4088 quid
1279 4016 1523 4070 dicatur!
1574 4016 1817 4070 Breviter
1855 4016 2108 4084 reSpondi

509 4131 612 4186 ego
641 4113 1098 4185 postulationibus
1125 4112 1250 4167 tuis.
1283 4110 1512 4164 Voluisti
1542 4125 1606 4164 ex
1632 4124 1718 4163 me
1739 4110 1902 4175 scire,
1929 4119 2108 4165 utrum

509 4211 771 4282 legalibus
799 4208 1123 4263 tesuimoniis
1146 4206 1342 4262 divinis
1368 4222 1547 4278 agam,
1572 4221 1638 4260 an
1662 4206 1893 4276 publicis
1917 4208 2104 4276 gestis.

506 4301 836 4372 Respondi:
866 4301 921 4357 Si
952 4301 1164 4356 recedis
1193 4316 1222 4352 a
1258 4299 1576 4353 criminibus
1597 4314 1716 4368 qua:
1748 4315 1854 4354 non
1883 4308 2110 4371 possunt

507 4395 613 4451 nisi
642 4393 811 4463 gestis
839 4393 1064 4463 publicis
1099 4391 1400 4455 declarari,
1445 4389 1640 4446 recedo
1669 4406 1700 4445 a
1732 4391 1962 4460 publicis
2016 4406 2108 4461 ge-

509 4489 646 4553 stis,
690 4494 744 4540 et
789 4487 922 4540 solis
973 4485 1173 4540 divinis
1217 4484 1544 4540 testimoniis
1574 4499 1815 4540 asseram
1882 4500 2102 4540 causam

507 4579 766 4636 Ecclesia:
799 4593 960 4650 quant
999 4576 1253 4633 defendo.
1283 4577 1338 4633 Si
1366 4586 1545 4632 autent
1583 4587 1636 4631 tu
1679 4579 1746 4631 ab
1777 4578 1881 4632 illis
1919 4577 2102 4632 crimi-
2133 4588 2188 4648 D

502 4672 815 4730 nationibus
868 4688 975 4728 non
1018 4672 1102 4728 vis
1151 4669 1438 4736 recedere,
1471 4684 1572 4724 nec
1605 4685 1708 4739 ego
1747 4670 2002 4725 recedam
2033 4670 2100 4725 ab

503 4767 584 4824 eis
609 4767 949 4822 documentis
975 4766 1168 4836 quibus
1199 4772 1250 4819 te
1272 4761 1553 4818 ostendam
1594 4762 1724 4817 falsa
1753 4763 1983 4818 crimina
2015 4763 2098 4818 vel

501 4860 658 4916 nobis
683 4861 768 4914 vel
809 4860 911 4929 ipsi
971 4857 1231 4914 Ecclesiae
1267 4871 1428 4928 quam
1479 4854 1776 4910 retinemus
1833 4855 2093 4926 oltjicere.

502 4949 570 5005 Et
598 4952 701 5004 alia
727 4967 905 5004 manu.
937 4949 1268 5022 Recognovi.

565 5041 693 5097 202.
721 5040 1054 5097 Marcellinus
1072 5044 1151 5098 vir
1179 5042 1502 5096 clarissimus
1521 5041 1754 5095 tribunus
1783 5051 1830 5095 et
1858 5042 2096 5096 notarius

497 5134 648 5188 dixit.
684 5132 764 5187 Ad
792 5131 908 5187 btec
938 5133 1096 5202 plene
1122 5143 1336 5190 constat
1394 5147 1515 5189 esse
1563 5149 1910 5204 responsum.
1959 5135 2093 5204 Qua:

494 5232 675 5279 autem
709 5237 836 5295 pars
864 5224 984 5277 loco
1021 5227 1267 5292 petitoris
1304 5225 1530 5282 adsistat
1568 5227 1696 5281 sciri
1729 5227 1954 5281 omnino
1982 5243 2089 5282 non

493 5315 712 5385 p0terit,
744 5314 845 5369 nisi
875 5329 941 5369 ex
983 5317 1296 5372 recitatione
1334 5326 1646 5386 gestorum;
1680 5335 1824 5387 quae,
1872 5329 1930 5374 ut
1979 5330 2090 5374 sta-

494 5408 592 5473 tui,
631 5405 884 5476 quoniam
936 5419 964 5458 a
1010 5413 1161 5476 parte
1213 5418 1387 5462 vestra
1426 5424 1545 5479 qua:
1576 5409 1757 5465 oblata
1787 5421 1932 5478 sunt,
1959 5425 2090 5466 con-

490 5508 599 5554 stat
629 5513 750 5553 esse
773 5499 1018 5564 recitata,
1052 5499 1264 5554 tandem
1295 5501 1583 5572 aliquando
1607 5503 1976 5574 perlegantur.

561 5592 689 5647 205.
732 5591 1025 5647 Petilianus
1065 5591 1332 5661 episcopus
1363 5593 1514 5648 dixit.
1559 5594 1731 5651 Nemo
1783 5597 1889 5650 duo
1939 5597 2090 5668 eligit

487 5683 558 5737 de
579 5685 805 5740 duribus.
834 5683 968 5738 Cum
989 5699 1119 5754 ergo
1151 5686 1525 5756 proposuerint
1551 5697 1609 5742 ut
1633 5688 1864 5743 alterum
1891 5687 2085 5757 elegis-

481 5787 584 5841 set,
620 5779 709 5832 ille
737 5779 837 5835 sibi
867 5779 1026 5835 ambo
1055 5778 1367 5836 eVidentius
1394 5777 1707 5836 vindicavit.
1737 5781 1852 5839 Non
1885 5782 2072 5848 timeo,

2218 3278 2408 3334 Sciunt
2433 3295 2493 3336 se
2519 3282 2570 3336 in
2595 3296 2754 3337 causa
2785 3283 3044 3340 Ecclesiae
3067 3284 3196 3340 nihil
3224 3287 3452 3343 habere.
3484 3288 3614 3346 Ideo
3643 3306 3815 3345 mora-

2217 3373 2370 3428 toriis
2400 3381 2584 3444 agunt.
2609 3374 2952 3444 Quapropter
2974 3379 3228 3446 quoniam
3263 3378 3354 3434 illa
3402 3381 3518 3451 jam
3549 3392 3815 3438 transacta

2217 3473 2376 3532 sunt,
2403 3474 2464 3521 ut
2509 3478 2866 3539 cognoscatur
2923 3471 3015 3539 qui
3059 3473 3128 3526 sit
3169 3473 3392 3542 petitor,
3419 3475 3555 3546 jube
3607 3479 3818 3550 antiqua

2216 3568 2362 3629 gesta
2396 3560 2635 3615 recitari.
2668 3559 2736 3614 Et
2763 3561 3075 3617 alin‘manu.
3123 3564 3459 3635 Rccognovi.

2288 3649 2414 3707 9.09.
2446 3651 2737 3709 Petilianus
2765 3655 3038 3727 episcopus
3060 3656 3213 3710 dixit.
3238 3657 3299 3714 Si
3340 3657 3559 3730 legibus
3592 3661 3818 3732 publicis

2214 3747 2288 3800 uti
2323 3747 2432 3813 vis,
2465 3748 2756 3817 praescribo
2782 3763 2850 3803 ne
2877 3749 3046 3819 legas.
3072 3749 3141 3804 Et
3169 3750 3277 3806 alia
3303 3769 3487 3809 manu.
3521 3755 3818 3813 Petilianus

2215 3841 2503 3911 episcOpus
2530 3841 2894 3910 appellatione
2924 3843 3178 3898 incolumi
3211 3847 3530 3917 recognovi,

2286 3934 2412 3988 210.
2447 3932 2786 3989 Marcellinus
2811 3935 2889 3988 vir
2912 3936 3231 3991 clarissimus
3258 3938 3503 3995 tribunus
3523 3949 3572 3994 et
3593 3940 3818 3994 notarius

2215 4026 2364 4079 dixit.
2399 4022 2596 4079 Contra
2620 4041 2921 4082 consensus
2950 4028 3198 4099 proprios
3224 4027 3375 4099 quod
3416 4030 3625 4099 legibus
3671 4031 3814 4086 inhi-

2215 4119 2392 4183 betur,
2423 4121 2608 4173 venire
2637 4119 2938 4176 desideras.
2974 4121 3052 4177 Ex
3096 4136 3376 4178 consensu
3404 4124 3553 4180 enim
3582 4126 3811 4196 partium

2212 4220 2426 4267 constat
2451 4212 2682 4283 primum
2707 4213 2932 4269 dilatum
2960 4214 3126 4270 fuisse
3151 4214 3418 4284 judicium
3445 4259 3462 4284 ,
3494 4227 3552 4272 ut
3573 4218 3670 4271 alio
3692 4216 3810 4280 die,

2211 4308 2297 4364 vel
2326 4307 2486 4364 tertio
2505 4349 2518 4372 ,
2553 4309 2639 4363 vel
2669 4318 2818 4364 certe
2847 4321 2967 4379 post
2995 4310 3287 4366 editionem
3315 4323 3614 4381 gestorum,
3644 4327 3819 4383 nego-

2213 4400 2344 4454 tium
2381 4409 2723 4456 tractaretur.
2760 4402 2947 4469 Unde,
2981 4413 3037 4458 ut
3061 4405 3182 4472 quis
3236 4403 3363 4460 loco
3402 4407 3645 4475 petitoris
3666 4406 3822 4462 adsi-

2212 4503 2319 4548 stat
2345 4493 2658 4564 diligentius
2684 4495 3017 4564 declaretur,
3055 4508 3206 4568 gesta
3232 4505 3560 4555 recitentur.

2282 4587 2410 4642 2H.
2445 4586 2737 4642 Petilianus
2783 4591 3056 4659 episcopus
3079 4591 3234 4645 dixit.
3267 4591 3556 4648 Servarem
3580 4606 3826 4649 consen-

2209 4693 2359 4744 sum,
2394 4679 2440 4733 si
2481 4690 2532 4735 et
2576 4679 2679 4750 ipsi
2708 4691 3011 4737 servarent.
3040 4681 3108 4736 Et
3137 4682 3244 4736 alia
3287 4700 3466 4738 manu.
3511 4685 3827 4742 Petilianus

2207 4771 2494 4841 episcopus
2521 4771 2888 4842 appellatione
2916 4773 3172 4829 incolumi
3200 4777 3516 4845 recognovi.

2277 4863 2405 4918 212.
2435 4863 2777 4918 Marcellinus
2801 4866 2876 4919 vir
2901 4865 3216 4920 clarissimus
3238 4867 3477 4923 tribunus
3505 4878 3553 4923 et
3578 4873 3827 4925 notarius

2203 4957 2358 5011 dixit.
2411 4956 2725 5012 Recitentur
2773 4967 2946 5030 gesta.
3005 4959 3303 5014 Adeodatus
3349 4963 3627 5036 episcopus
3651 4965 3821 5020 dixit.

2204 5044 2407 5102 Contra
2460 5045 2578 5102 haec
2633 5063 2787 5103 serva
2841 5063 2963 5120 quae
3009 5059 3348 5119 competunt.
3376 5049 3446 5105 Et
3477 5055 3586 5107 alia
3626 5071 3820 5114 niam.

2205 5140 2517 5195 Adeodatus
2564 5141 2854 5210 episcopus
2908 5141 3272 5212 appellatione
3327 5145 3586 5200 incolumi
3644 5162 3821 5204 reco-

2201 5234 2384 5302 gnovi.
2421 5231 2757 5288 Marcellinus
2777 5233 2856 5286 uir
2881 5233 3206 5289 clarissimus
3233 5235 3475 5292 tribunus
3498 5248 3546 5292 et
3573 5243 3825 5296 notarius

2199 5324 2351 5377 dixit.
2385 5325 2460 5378 Ea
2490 5339 2611 5394 quat
2665 5324 2859 5379 rationi
2887 5333 2945 5380 et
2983 5325 3225 5397 aequitati
3270 5337 3586 5398 competere
3617 5321 3828 5399 potue-

2198 5418 2310 5474 rint
2328 5462 2340 5482 ,
2375 5419 2524 5473 salva
2551 5425 2731 5472 erunt.

2266 5509 2394 5564 215.
2429 5509 2721 5563 Adeodatus
2747 5510 3017 5579 episcopus
3046 5510 3199 5567 dixit.
3236 5512 3293 5568 Si
3322 5512 3466 5567 enim
3500 5528 3823 5572 consensus

2193 5601 2498 5656 servandus
2549 5609 2666 5666 est,
2721 5610 2776 5657 et
2818 5602 3087 5656 retinendi
3142 5619 3331 5658 stnnns
3355 5603 3420 5656 ad
3465 5619 3820 5664 consensum

2192 5703 2436 5747 nostrum
2459 5735 2473 5758 ,
2509 5693 2710 5748 debent
2735 5696 2892 5749 etiam
2921 5694 3079 5749 nobis
3126 5698 3227 5765 ipsi
3259 5695 3416 5751 tidem
3449 5699 3536 5751 sui
3569 5714 3819 5758 Consen-

2188 5801 2281 5844 sns
2307 5823 2324 5854 ,
2365 5786 2537 5857 quise
2565 5786 2772 5857 legibus
2794 5783 2986 5842 divinis
3009 5794 3229 5845 acturos
3250 5773 3377 5846 esse
3397 5792 3807 5861 promiserunt.
