4134 6186
315 306 444 363 Hm
1247 305 1467 364 GESTA
1500 304 1943 364 COLLATIONIS
1976 305 2634 372 CAR’I‘HAGINENSIS.
3513 325 3652 382 1402

311 420 377 478 Et
405 423 514 477 alia
531 436 714 476 manu.
745 418 1060 476 Adeodatus
1089 420 1376 493 episcopus
1421 423 1782 494 appellatione
1821 424 1901 479 in.
1928 426 1982 487 Α
2005 423 2170 478 alium
2194 423 2333 479 Sine
2361 423 2552 497 sigillo
2569 431 2942 492 cohaerentem
2966 438 3142 495 eidem
3157 441 3335 498 altum.
3363 441 3650 497 Datumdie

307 516 504 571 colnmi
535 513 852 585 recognovi.
2006 515 2234 572 decimo
2261 519 2520 587 septimo
2551 523 2906 584 kalendarum
2936 529 3192 589 Maiarum
3218 533 3556 604 Carthagine,
3580 533 3640 588 Ι).

375 605 505 662 214.
541 607 863 678 Augustinus
887 606 1163 677 episcopus
1191 606 1438 664 Ecclesia:
1465 609 1733 666 catholica:
1755 610 1902 666 dixit.
2114 605 2528 669 Constantino
2570 618 2812 688 Augusto
2849 637 2903 676 ιιι
2931 625 3168 681 consule.
3199 627 3312 692 Quo
3341 627 3568 690 recitato,

305 697 410 754 Sed
441 714 665 755 causam
694 699 954 753 Ecclesia:
974 741 991 765 ,
1027 714 1132 755 non
1173 717 1389 757 causam
1417 702 1686 760 Czeciliani
1715 715 1769 760 et
1797 703 1908 760 col-

303 793 543 864 legarum
568 793 721 864 ejus,
755 793 953 861 quibus
996 793 1224 850 crimina
1255 797 1550 854 intenditis.
1588 800 1724 854 Ecce
1759 799 1908 869 polli-

301 903 512 955 cemur,
543 896 598 942 et
625 889 826 943 totiens
857 887 1183 958 pollicemur
1208 893 1459 960 quotiens
1511 904 1760 950 exactum
1791 894 1907 952 fue-

299 980 363 1036 rit
389 997 419 1035 a
445 981 634 1046 nobis,
663 990 717 1036 et
743 995 868 1035 cum
901 994 1008 1035 non
1039 983 1293 1053 exigitur,
1318 984 1613 1054 offerimus,
1647 986 1905 1044 Ecclesizc

297 1086 520 1128 causam
547 1089 655 1129 non
682 1072 790 1129 nisi
819 1073 1024 1128 divinis
1050 1075 1374 1132 testimoniis
1398 1078 1709 1146 ﬁrmamus,
1741 1079 1907 1135 doce-

295 1182 458 1234 mus,
487 1168 858 1233 ostendimus;
915 1166 1193 1224 Caeciliani
1219 1179 1400 1227 autem
1439 1181 1494 1227 et
1541 1172 1908 1242 quorumlibet

294 1256 582 1314 hominum
612 1276 720 1315 non
749 1260 855 1315 nisi
885 1259 973 1316 bis
1000 1257 1346 1318 documentis
1374 1263 1568 1334 quibus
1592 1265 1773 1320 solent
1801 1266 1902 1322 ista

289 1350 375 1405 vel
406 1351 779 1408 demonstrari
807 1395 821 1420 ,
850 1352 933 1408 vel
965 1352 1209 1423 purgari.
1244 1352 1313 1408 Et
1341 1355 1449 1410 alia
1496 1371 1677 1410 manu.
1731 1355 1905 1413 Reco-

283 1443 473 1514 gnovi.

351 1536 486 1592 215.
518 1537 858 1593 Marcellinus
879 1538 957 1592 uir
983 1540 1307 1595 clarissimus
1335 1542 1573 1597 tribunus
1594 1553 1640 1597 et
1667 1545 1904 1599 notarius

281 1627 437 1683 dixit.
472 1628 583 1684 Ista
637 1629 972 1700 frequentius
1020 1632 1164 1688 dicta
1220 1642 1374 1689 sunt.
1435 1635 1590 1691 Unde
1645 1638 1900 1706 quoniam

2076 699 2217 756 221.
2303 696 2609 763 Petilianus
2647 712 2910 783 episcopus
2953 714 3103 769 dixit.
3145 715 3276 784 Quis
3303 723 3387 770 est
3416 715 3518 769 iste
3547 710 3640 782 qui

2009 793 2161 865 agit?
2193 787 2516 854 (ΣεΕείΙίεηί
2539 799 2678 857 illius
2699 814 2778 857 est
2801 845 2815 869 ,
2845 819 2911 858 an
2943 820 3050 860 non
3070 806 3092 860 ?
3114 805 3183 860 Et
3209 807 3501 859 aliamanu.
3537 803 3640 858 Pe-

2009 887 2249 942 tilianus
2289 887 2585 961 episcopus
2607 894 2753 950 salva
2780 897 3134 965 appellatione
3159 896 3471 967 recognovi.

2077 976 2215 1032 222.
2256 968 2592 1052 Augustinus
2615 986 2882 1056 episcOpus
2909 987 3152 1042 Ecclesia:
3177 989 3455 1042 catholica:
3474 985 3628 1039 dixit.

2008 1071 2086 1128 Ne
2125 1064 2299 1126 vobis
2336 1072 2529 1132 dicatis
2549 1088 2756 1148 patrem
2788 1081 2840 1134 in
2887 1089 3024 1134 terra
3053 1122 3067 1146 ,
3099 1081 3258 1135 simul
3290 1079 3627 1144 audivimus,

2007 1167 2167 1222 simul
2203 1164 2477 1237 legimus,
2511 1171 2670 1227 simul
2712 1172 2922 1242 p0pulis
2965 1172 3348 1242 prmdicamus.
3377 1169 3517 1236 Quid
3557 1168 3628 1225 de

2008 1275 2097 1315 me
2137 1260 2354 1331 quaeris
2381 1271 2557 1317 utrum
2591 1264 2691 1318 sim
2746 1262 2885 1317 filius
2911 1263 3230 1318 Caeciliani?
3263 1260 3620 1326 Caecilianus,

2007 1353 2052 1409 si
2105 1353 2376 1409 innocens
2426 1354 2546 1421 fuit,
2597 1356 2829 1427 gaudeat
2880 1356 2948 1410 de
2997 1371 3092 1410 sua
3146 1355 3505 1419 innocentia,
3539 1369 3627 1411 me

2006 1445 2407 1518 congaudente,
2441 1463 2547 1503 non
2577 1449 2628 1503 in
2654 1450 2773 1517 ejus
2805 1449 3107 1502 innocentia
3136 1462 3224 1503 me
3251 1462 3412 1517 spem
3444 1460 3620 1501 meam

2006 1539 2341 1610 ponente.Si
2367 1550 2544 1596 autem
2567 1556 2770 1596 nocens
2800 1541 2918 1606 fuit,
2948 1540 3089 1612 quod
3110 1539 3355 1596 fortasse
3378 1537 3623 1596 discussa

2003 1646 2163 1689 causa
2195 1634 2281 1690 vel
2305 1635 2406 1700 sic,
2432 1634 2513 1690 vel
2544 1635 2700 1689 aliter
2728 1633 3045 1698 declarabit,
3071 1631 3338 1687 sustinuit
3365 1646 3488 1687 eum
3520 1631 3626 1687 Ec-

282 1728 498 1773 constat
528 1720 779 1790 primitus
809 1722 1054 1788 petitoris
1086 1714 1389 1796 personam
1421 1726 1622 1782 debere
1649 1728 1899 1798 disquiri,

2004 1726 2165 1780 clesia
2193 1742 2352 1798 quam
2374 1736 2554 1791 teneo,
2580 1736 2637 1781 ut
2667 1746 2692 1778 a
2721 1725 3164 1782 similitudinibus
3186 1724 3489 1780 dominicis
3512 1739 3621 1781 non

287 1817 441 1880 gesta
466 1811 784 1866 recitantur.
811 1810 1078 1871 Martialis
1131 1827 1384 1888 exceptor
1410 1819 1660 1872 recitavit.
1717 1819 1905 1891 Incipit
1935 1821 1982 1880 B
2009 1819 2280 1881 recedam,
2303 1819 2444 1874 sicut
2467 1819 2674 1888 paleam
2700 1820 2752 1872 in
2781 1817 3079 1883 area,sicut
3098 1815 3149 1870 in
3169 1815 3387 1871 eisdem
3408 1816 3624 1886 pascuis

284 1901 478 1958 relatio
532 1902 744 1957 Anolini
770 1908 1104 1973 proconsulis
1132 1952 1148 1974 ,
1195 1911 1293 1965 ubi
1329 1909 1574 1965 ostendit
1599 1911 1904 1966 Donatistas

285 1995 563 2052 Caeciliani
616 2010 832 2052 causam
889 2000 954 2053 ad
1024 2000 1440 2074 imperatorem
1490 2003 1901 2061 Constantinum

287 2089 568 2146 detulisse.
600 2089 665 2144 Et
689 2107 800 2145 cum
829 2095 1058 2150 recitaret
1084 2139 1099 2164 ,

356 2181 484 2239 216.
531 2182 802 2239 Montanus
839 2186 1103 2260 episcOpns
1133 2191 1310 2246 dixit.
1372 2189 1448 2248 Ut
1477 2189 1604 2261 quid
1640 2189 1744 2247 iste
1775 2193 1903 2248 titu-

291 2274 373 2332 lus
402 2275 640 2349 legitur?
668 2275 731 2332 Et
756 2279 857 2333 alia
884 2295 1052 2335 manu.
1081 2283 1406 2340 Montanus
1438 2284 1727 2355 cpiscopus
1753 2284 1900 2341 Salva

294 2371 650 2442 appellatione
693 2375 997 2444 recognovi.
1035 2375 1401 2433 Marcellinus
1452 2379 1530 2432 vir
1585 2378 1903 2432 clarissimus

297 2470 530 2524 tribunus
556 2479 601 2524 et
629 2471 855 2526 notarius
881 2472 1030 2527 dixit.
1065 2473 1272 2528 Neuter
1305 2474 1506 2528 titulus
1535 2475 1672 2528 actis
1695 2475 1904 2528 insere-

298 2571 406 2620 tur.
443 2564 705 2620 Martialis
729 2577 965 2638 exceptor
1002 2569 1254 2622 recitavit.
1287 2568 1562 2638 Augustis
1593 2569 1796 2624 nostris
1820 2569 1896 2624 A-

298 2657 513 2712 nolinus
561 2658 643 2714 vir
691 2659 1022 2716 clarissimus
1073 2661 1378 2732 proconsul
1411 2660 1630 2716 Africae.
1685 2663 1900 2732 Scripta

299 2751 541 2808 caelestia
563 2753 856 2822 Maiestatis
879 2764 1078 2810 vestra:
1107 2763 1332 2824 accepta
1357 2765 1521 2825 atque
1541 2753 1763 2810 adorata
1785 2756 1902 2811 Cac-

299 2845 496 2901 ciliano
525 2857 580 2902 et
621 2846 704 2900 bis
732 2847 821 2916 qui
853 2847 953 2902 sub
991 2846 1182 2903 eodem
1229 2855 1434 2918 agunt,
1479 2847 1680 2918 quique
1710 2848 1900 2904 clerici

300 2939 644 3010 appellantttr
665 2981 679 3004 ,
707 2939 927 2996 dev0tio
956 2956 1072 2996 mea
1105 2940 1247 3011 apud
1283 2952 1400 2996 aeta
1441 2942 1719 3010 parvitatis
1762 2957 1900 2998 mete

300 3031 576 3088 insinuare
605 3035 834 3088 curavit.
860 3031 1070 3088 Etcum
1095 3034 1356 3095 recitaret,
1789 3087 1798 3092 _

368 3124 493 3179 2l7.
553 3121 834 3178 Petiliauus
861 3125 1130 3197 episcopus
1157 3124 1310 3178 dixit.
1345 3122 1501 3180 Unde
1531 3125 1635 3180 ltoc
1669 3124 1895 3196 profert,

2011 1911 2222 1976 luedos,
2255 1913 2395 1966 sicut
2418 1911 2688 1967 ineisdcm
2715 1910 2919 1966 retibus
2940 1910 3114 1980 pisces
3146 1908 3365 1974 malos;
3397 1924 3504 1964 non
3543 1919 3626 1966 ta-

2009 2021 2129 2060 men
2159 2013 2381 2075 propter
2398 2004 2568 2059 malos
2588 2018 2686 2058 nos
2706 2013 2798 2058 aut
2814 2019 2992 2058 aream
3007 2001 3343 2057 dominicam
3362 2002 3622 2059 deserere

2008 2099 2290 2166 debemus,
2323 2108 2416 2154 aut
2445 2099 2577 2155 retia
2603 2097 2872 2153 dominica
2903 2095 3102 2151 nefaria
3120 2095 3480 2152 animositate
3507 2096 3622 2152 dis-

2011 2194 2285 2250 sensionis
2310 2193 2658 2263 abrumpere,
2677 2202 2732 2248 et
2754 2191 2807 2246 in
2829 2207 2979 2246 mare
3003 2200 3130 2246 ante
3163 2198 3391 2261 tempus
3422 2191 3621 2247 littoris

2007 2283 2278 2358 prosilire.
2314 2286 2383 2341 Et
2416 2287 2521 2340 alia
2570 2302 2746 2339 manu.
2790 2283 3122 2355 Recognovi.

2077 2381 2205 2436 225.
2250 2379 2587 2435 Marcellinus
2608 2379 2685 2433 vir
2711 2379 3028 2433 clarissimus
3049 2377 3293 2433 tribunus
3314 2388 3362 2433 et
3385 2378 3621 2433 notarius

2009 2473 2160 2528 dixit.
2191 2475 2282 2530 Sic
2308 2484 2366 2527 ut
2397 2481 2660 2550 statutum
2685 2481 2770 2527 est
2795 2471 2974 2527 omnia
2996 2472 3333 2542 relegantur.
3363 2472 3625 2527 Emeritus

2007 2569 2277 2638 epismpus
2304 2567 2461 2620 dixit.
2495 2563 2627 2620 lube
2667 2580 2766 2620 nos
2793 2565 3065 2635 prosequi.
3107 2562 3175 2618 Et
3205 2565 3317 2620 alia
3342 2581 3525 2619 manu.
3550 2560 3624 2615 E-

2008 2660 2233 2714 meritns
2254 2661 2544 2729 episcopus
2562 2657 2868 2727 recognovi.
2903 2656 3243 2712 Marcellinus
3283 2657 3351 2713 V.
3374 2656 3438 2712 C.
3455 2652 3625 2710 tribu-

2007 2770 2105 2808 nus
2135 2763 2182 2807 et
2210 2753 2446 2808 notarius
2486 2749 2639 2804 dixit.
2667 2751 2840 2820 Agite.
2868 2747 3127 2803 Emeritus
3149 2750 3430 2820 episcOpus
3462 2745 3623 2801 dixit.

2010 2845 2253 2902 Recitata
2277 2845 2542 2914 scriptura
2558 2857 2718 2914 quam
2735 2857 2859 2912 pars
2877 2842 3101 2898 adversa
3135 2844 3379 2912 protulit.
3407 2841 3484 2897 Et
3514 2854 3634 2894 cum

2007 2939 2194 2994 diceret
2225 2935 2317 3011 (Et
2338 2936 2444 2992 alia
2471 2952 2648 2990 manu.
2669 2936 2934 2990 Emeritus
2951 2935 3244 3005 episcopus
3267 2935 3634 3008 recognovi),

2077 3031 2208 3087 224.
2255 3030 2672 3086 Fortunatianus
2713 3030 2982 3102 episcOpus
3029 3028 3282 3085 Ecclesiae
3333 3031 3628 3091 catholica:

2006 3125 2157 3180 dixit.
2189 3125 2323 3194 Quis
2347 3123 2522 3196 possit
2547 3139 2666 3179 esse
2698 3122 2910 3193 petitor,
2937 3122 3018 3177 Itis
3040 3123 3206 3193 gestis
3228 3126 3435 3194 poterit
3461 3124 3619 3187 inve-

300 3229 363 3270 ιιι
395 3213 614 3285 publico
640 3216 863 3282 scrinio,
893 3231 960 3271 an
989 3217 1060 3272 de
1087 3215 1220 3271 suo?
1246 3214 1313 3269 Et
1337 3216 1444 3270 alia
1467 3233 1643 3270 manu.
1677 3216 1898 3273 Petilia-
1923 3211 1969 3275 C
2007 3218 2130 3273 niri.
2157 3217 2222 3271 Et
2247 3219 2352 3273 alia
2377 3233 2556 3271 manu.
2589 3216 2918 3287 Recognovi.

299 3319 400 3362 nus
429 3307 718 3378 episcopus
748 3309 1056 3377 recognovi.

367 3399 494 3454 218.
544 3401 862 3470 Augustinus
883 3403 1153 3472 episcopus
1185 3398 1432 3454 Ecclesia:
1452 3400 1890 3459 catholicwdixit.

296 3491 485 3562 Legat,
516 3502 569 3545 ct
600 3502 726 3547 tunc
756 3495 822 3549 de
850 3495 1005 3549 nobis
1036 3495 1217 3563 exigat
1247 3491 1408 3562 hujus
1438 3491 1692 3549 lectionis
1722 3493 1897 3550 llrmi-

297 3594 483 3642 tatem.
517 3583 586 3640 Et
607 3585 712 3639 alia
740 3603 916 3641 manu.
943 3587 1275 3660 Recognovi.

367 3677 497 3732 219.
530 3675 864 3732 Marcellinus
894 3679 971 3732 vir
1000 3679 1322 3733 clarissimus
1339 3679 1576 3734 tribunus
1593 3690 1642 3734 et
1658 3681 1896 3736 notarius

294 3769 430 3826 dixit
447 3773 610 3826 :Antc
625 3770 913 3826 lectionem
930 3771 1072 3827 unde
1087 3771 1332 3842 proferas
1343 3772 1626 3828 evidenter
1643 3775 1894 3831 ostende.

365 3864 492 3921 220.
549 3865 869 3936 Augustinus
889 3867 1160 3937 episcOpus
1182 3864 1430 3920 Ecclesia:
1452 3866 1722 3922 catholicae
1743 3869 1895 3924 dixit.

293 3958 354 4015 Si
402 3958 526 4013 inde
568 3958 841 4026 dubitant,
878 3960 1097 4014 archiva
1145 3959 1485 4029 proconsulis
1526 3962 1893 4031 requirantur.

294 4053 365 4108 Et
385 4053 491 4107 alia
520 4069 697 4108 manu.
739 4053 1070 4125 Recognovi.
1109 4052 1450 4109 Marcellinus
1476 4056 1554 4110 uir
1579 4053 1899 4113 clarissimus

282 4147 531 4201 .tribunus
561 4156 608 4200 et
630 4149 863 4202 notarius
899 4147 1052 4200 dixit.
1080 4146 1344 4214 Quoniam
1373 4147 1425 4201 in
1456 4148 1694 4203 arcbivis
1721 4150 1898 4218 publi-

292 4239 374 4293 cis
420 4254 483 4294 ea
526 4254 648 4310 quae
692 4240 991 4294 recitantur
1021 4239 1201 4294 inesse
1232 4238 1443 4302 dixisti,
1476 4241 1617 4294 sicut
1654 4251 1897 4309 coeperat

291 4331 560 4400 ollicinm,
591 4331 771 4386 omnia
803 4332 1042 4402 relegere
1071 4328 1308 4385 debebit.
1340 4328 1603 4385 Martialis
1636 4342 1893 4402 exceptor.

293 4440 362 4480 ex
401 4425 750 4498 superioribus
796 4426 950 4498 gestis
992 4423 1243 4477 recitauit.
1295 4422 1636 4493 Eosdemqnc
1682 4426 1894 4480 hortata

291 4527 412 4579 est,
454 4527 514 4574 ut
553 4519 759 4574 unitate
796 4532 1066 4573 consensu
1113 4516 1355 4571 omnium
1391 4516 1529 4570 facta
1564 4516 1706 4588 [cum
1747 4517 1894 4572 omni

2073 3311 2233 3385 311
2273 3311 2401 3366 225.
2445 3309 2708 3365 Enteritus
2735 3311 3004 3380 episcopus
3029 3310 3179 3363 dixit.
3205 3309 3450 3366 Recitata
3474 3316 3612 3372 scri-

2001 3416 2158 3478 ptura
2186 3421 2344 3477 quam
2374 3422 2497 3477 pars
2527 3405 2750 3460 adversa
2774 3403 3012 3474 protulit,
3040 3419 3264 3459 consors
3293 3408 3603 3477 meusjnsta

2003 3501 2385 3569 prosecutione
2397 3499 2629 3571 signavit
2641 3513 2832 3553 nomen
2848 3497 2948 3551 sibi
2968 3497 3246 3566 imponere
3259 3497 3458 3554 debere
3475 3518 3599 3558 cuiu

2000 3591 2092 3662 qui
2117 3607 2336 3648 causam
2358 3591 2606 3649 defendit
2635 3592 2687 3645 in
2725 3589 2928 3659 judicio
2953 3588 3248 3643 Carciliani.
3283 3588 3388 3644 Sed
3426 3599 3602 3646 arcta-

2002 3692 2088 3740 tus
2112 3686 2196 3741 his
2215 3687 2370 3742 nodis
2391 3687 2615 3741 veniens
2636 3701 2666 3738 e
2687 3683 2929 3746 diverso,
2953 3682 3105 3752 quasi
3124 3682 3356 3751 quodam
3393 3682 3600 3740 lubrico

2004 3776 2191 3848 lugere
2215 3789 2375 3850 atque
2407 3778 2547 3833 elabi
2587 3785 2834 3839 conatur;
2877 3774 3010 3828 duas
3036 3773 3089 3828 in
3111 3773 3331 3844 judiciis
3361 3773 3598 3830 inferens

2005 3885 2266 3940 personas
2285 3881 2335 3926 et
2357 3871 2602 3942 geminas
2622 3869 2885 3924 actiones.
2906 3867 3040 3922 Dicit
3062 3869 3224 3921 enim.
3243 3867 3299 3924 Si
3321 3867 3594 3923 Carciliani

2001 3977 2232 4033 persona
2264 3980 2361 4035 pro
2391 3963 2617 4033 objectis
2663 3961 2980 4018 criminibus
3011 3961 3206 4032 pouerit
3235 3963 3463 4026 destrui,
3493 3961 3594 4018 Ec—

1998 4056 2204 4124 clesize,
2239 4058 2433 4129 inquit,
2469 4056 2598 4111 nihil
2631 4056 2826 4118 oberit,
2866 4070 2986 4109 cum
3023 4055 3179 4109 unius
3212 4056 3442 4109 hominis
3470 4071 3592 4124 per-

2000 4163 2129 4203 sona
2173 4150 2444 4204 destructa
2475 4148 2690 4202 adstare
2745 4147 2990 4201 videatur
3017 4149 3067 4201 in
3100 4147 3225 4204 fide.
3281 4147 3420 4214 Quid
3465 4163 3594 4218 ergo

2000 4253 2136 4306 Opus
2165 4250 2268 4302 est,
2298 4239 2382 4294 vir
2425 4239 2692 4301 sublimis,
2719 4238 2990 4292 (Imciliani
3019 4253 3236 4292 causam
3270 4239 3320 4292 in
3359 4239 3592 4294 medium

1937 4332 1942 4346 ³
1999 4333 2236 4396 tnittere,
2267 4333 2312 4388 si
2342 4331 2475 4385 nihil
2498 4333 2651 4387 obest
2681 4331 2784 4394 his,
2816 4333 2856 4384 si
2883 4331 3012 4386 nihil
3033 4333 3290 4386 adversus
3313 4348 3408 4387 eos
3432 4333 3591 4400 facit;

1998 4432 2091 4478 aut
2117 4440 2214 4479 cur
2256 4424 2308 4479 in
2349 4423 2553 4493 judicio
2595 4423 2907 4480 defenditur
2953 4427 3033 4480 vel
3092 4426 3414 4480 accusatur?
3458 4424 3590 4480 Cum

2000 4518 2145 4573 enim
2173 4516 2314 4574 dicat
2346 4533 2521 4588 neque
2544 4519 2642 4573 sibi
2676 4519 2870 4574 obesse
2893 4518 3132 4588 ejusdem
3158 4531 3384 4590 reatum,
3415 4533 3591 4589 neque

289 4610 538 4684 omnino]
578 4626 804 4667 munere
832 4609 852 4684 [
879 4607 1236 4681 indulgentia]
1272 4608 1574 4679 Majestatis
1604 4622 1797 4666 vestra:
1822 4611 1890 4664 li-
1917 4607 1971 4668 l)
1999 4625 2158 4680 posse
2185 4611 2418 4682 aliquam
2448 4611 2697 4666 nebulam
2718 4612 2798 4667 vel
2829 4612 3095 4667 maculam
3121 4612 3380 4667 Ecclesia.-
3410 4615 3593 4667 innec-

289 4703 464 4759 berati
496 4718 616 4759 esse
649 4704 954 4770 videantur,
986 4701 1263 4757 Catholica
1295 4701 1584 4768 custodita,
1618 4702 1888 4757 sanctitati

289 4797 426 4868 legis
455 4799 632 4853 debita
661 4799 982 4862 reverentia,
1018 4812 1082 4852 ac
1117 4796 1318 4851 divinis
1362 4796 1523 4852 rebus
1567 4796 1887 4852 inserviant.

291 4891 491 4946 Verum
523 4901 643 4962 post
673 4905 878 4962 paucos
905 4889 1024 4944 dies
1045 4891 1374 4944 exstiterunt
1394 4888 1634 4957 quidam,
1656 4888 1888 4942 adunata

287 4998 475 5040 secum
521 4984 701 5054 populi
752 4981 1133 5048 multitudine,
1165 4980 1257 5050 qui
1299 4977 1588 5036 Caeciliano
1618 4981 1894 5037 contradi-

285 5076 519 5132 cendum
562 5085 833 5146 putarent,
865 5075 1066 5145 quique
1096 5074 1409 5128 fasciculum
1441 5072 1496 5127 in
1522 5074 1668 5128 aluta
1699 5075 1883 5144 signa-

286 5177 428 5234 tum,
451 5178 506 5223 et
533 5167 779 5223 libellum
801 5167 919 5222 sine
945 5167 1100 5237 signo
1115 5165 1430 5222 obtulerunt
1451 5165 1704 5220 dicationi
1726 5181 1884 5232 mem,

284 5273 450 5332 atque
483 5259 760 5330 impendio
802 5259 1138 5329 postularunt
1169 5269 1227 5315 ut
1258 5258 1326 5314 ad
1366 5273 1583 5314 sacrum
1620 5272 1684 5312 ac
1722 5273 1889 5314 vene-

1997 4712 2134 4767 tere,
2157 4702 2308 4758 vides
2338 4718 2471 4773 ergo
2519 4704 2790 4774 superﬂue
2824 4702 3096 4759 Ca-ciliani
3144 4718 3338 4758 nomen
3372 4704 3425 4758 in
3452 4703 3594 4771 judi-

1994 4795 2137 4849 cium
2159 4796 2405 4860 missum,
2439 4811 2562 4850 cum
2595 4796 2695 4851 hac
2722 4798 2874 4867 quasi
2915 4799 3278 4868 peremptoria
3310 4798 3592 4867 prtescrip-

1994 4886 2142 4942 tione
2186 4896 2477 4942 excusatus
2521 4905 2644 4944 esse
2687 4889 2956 4955 videatur,
3002 4899 3058 4944 ut
3103 4891 3147 4945 si
3199 4906 3326 4945 reus
3378 4891 3468 4956 sit,
3521 4891 3592 4947 ab

1993 4977 2232 5033 Ecclesia
2265 4977 2511 5034 videatur
2555 4993 2876 5046 extraneos;
2913 4982 2958 5036 si
2991 4983 3270 5047 innocens,
3305 4985 3455 5054 quasi
3487 4985 3587 5040 ob-

1988 5069 2149 5140 jectis
2176 5069 2491 5124 criminibus
2537 5083 2798 5143 purgatus
2830 5086 2990 5145 atque
3043 5075 3324 5140 liberatus,
3357 5077 3494 5132 bene
3536 5078 3590 5132 in

1993 5163 2236 5218 Ecclesia
2270 5178 2365 5216 sua
2414 5165 2630 5219 stetisse
2663 5167 2926 5222 videatur.
2961 5167 3172 5236 Judica,
3206 5169 3288 5224 vir
3317 5171 3588 5236 sublimis,

1991 5271 2160 5310 unum
2187 5269 2284 5310 eos
2315 5262 2503 5312 tenere
2525 5258 2757 5324 debere;
2789 5261 2834 5314 si
2857 5259 3128 5316 Cteciliani
3159 5279 3373 5318 causam
3406 5263 3593 5319 defen-

282 5354 517 5410 rabilem
558 5351 876 5407 comitatum
921 5352 1157 5408 numinis
1197 5351 1368 5406 vestri
1407 5350 1697 5420 dirigerem
1721 5391 1736 5416 ,
1767 5364 1889 5419 qua:
1989 5347 2144 5417 dunt,
2179 5349 2461 5418 superbire
2487 5364 2546 5406 se
2571 5361 2624 5406 et
2664 5355 2912 5422 prosequi
2944 5369 3010 5410 ea
3051 5372 3168 5426 qua:
3198 5357 3248 5410 in
3272 5356 3473 5426 judicio
3495 5357 3591 5412 ad-

284 5455 546 5504 manente
567 5445 854 5502 Cmciliano
882 5447 935 5501 in
955 5454 1098 5502 statu
1127 5461 1250 5513 suo,
1277 5445 1538 5516 subjectis
1567 5443 1904 5500 corumdem'

284 5540 428 5595 actis
448 5580 464 5604 ,
488 5553 596 5608 quo
621 5549 812 5595 cuncta
848 5538 1102 5608 Maiestas
1131 5547 1311 5592 vestra
1343 5539 1512 5607 possit
1537 5536 1882 5609 dignoscere,

283 5631 530 5704 parvitas
549 5646 664 5686 mea
687 5632 921 5702 dirigere
941 5630 1171 5685 curavit.
1186 5629 1488 5685 Transmisi
1503 5630 1885 5699 Iibellosdnos,

282 5741 456 5780 unum
493 5723 544 5777 in
575 5722 718 5776 aluta
749 5725 1014 5793 signatum
1044 5723 1112 5776 ita
1161 5737 1174 5772 ε
1202 5719 1431 5775 Libellus
1454 5720 1699 5777 Ecclesia:
1716 5721 1892 5775 catho-

282 5818 406 5874 lirte
423 5816 696 5873 criminum
719 5812 982 5870 Creeiliani
1011 5813 1230 5870 traditus
1242 5831 1274 5867 a
1288 5822 1435 5884 parte
1462 5811 1731 5885 Maiorini.
1759 5813 1890 5869 Item

1992 5456 2180 5498 versus
2209 5441 2558 5499 Casciliamun
2588 5444 2657 5500 de
2684 5447 2914 5509 veritate
2947 5461 3287 5517 promuntur.
3317 5451 3372 5505 Si
3407 5457 3585 5504 autem

1992 5533 2180 5591 dicunt
2222 5537 2416 5593 obesse
2462 5539 2563 5594 sibi
2601 5541 2822 5596 omnino
2868 5559 2972 5598 non
3024 5558 3183 5614 posse
3233 5544 3358 5610 quid
3401 5544 3591 5599 fecerit

1990 5626 2338 5698 Caecilianus,
2367 5632 2494 5702 quid
2525 5648 2662 5702 Opus
2701 5646 2778 5690 est
2807 5635 3081 5693 Cmcilinni
3125 5651 3344 5691 causam
3379 5637 3430 5690 in
3477 5653 3591 5689 ntr-

1993 5721 2140 5777 dium
2168 5723 2408 5790 mittere,
2437 5740 2560 5779 cunt
2591 5728 2667 5781 eis
2698 5728 2890 5786 obesse
2923 5745 3026 5782 non
3061 5729 3231 5796 possit
3259 5728 3303 5779 si
3350 5728 3510 5784 fuerit
3533 5730 3585 5785 in

1993 5811 2198 5885 judicio
2240 5829 2372 5872 reus
2420 5818 2893 5878 manifestissimus
2940 5818 3330 5890 deprehensus.
3380 5819 3450 5877 Et
3489 5823 3594 5879 alia
