4134 6186
546 257 684 317 i381

1473 238 1700 300 GESTA
1740 231 2198 297 COLLATIONIS
2232 224 2853 294 οΑιιτιιΑειΝΕΝειε.

3702 220 3836 284 1588

621 377 749 432 159.
783 368 1122 427 Marcellinus
1143 365 1218 420 vir
1241 360 1562 418 clarissimus
1583 359 1816 414 tribunus
1839 367 1886 412 et
1910 356 2141 412 notarius
2167 356 2224 419 Α
2244 358 2592 416 descendam.
2615 355 2684 410 Et
2711 355 2818 410 alia
2846 368 3020 408 manu.
3036 345 3692 420 Petilianuslepiscopus]
3713 360 3834 416 pro-

550 470 701 524 dixit.
734 465 804 523 Ut
844 459 1152 532 diligentius
1177 454 1382 511 adverti
1415 453 1586 524 possit
1612 450 1742 524 quid
1764 449 1962 506 debeat
2000 447 2144 520 judi-

549 563 684 627 cari,
718 555 995 630 patiamini
1020 561 1170 624 gesta
1201 549 1440 607 recitari.

624 652 751 708 140.
804 649 1090 703 Petilianus
1137 646 1410 717 episcopus
1439 640 1587 695 dixit.
1633 637 1752 694 Non
1787 639 1833 692 is
1877 645 1962 692 est
2009 635 2146 692 ordo

546 755 850 820 gestorum,
883 751 940 797 ut
971 741 1086 794 hate
1117 737 1370 809 primitus
1391 734 1713 790 recitentur.
1737 729 1810 784 Et
1831 731 1939 786 alia
1966 745 2142 783 ntanu.

552 837 853 896 Pctilianus
886 834 1176 904 episcopus
1206 829 1353 885 salva
1390 835 1574 881 nostra
1602 823 1964 896 appellatione
1991 835 2147 877 reco—

550 933 736 1004 gnovi.
763 927 1098 985 Marcellinus
1124 926 1200 978 vir
1229 922 1547 978 clarissimus
1574 919 1806 974 tribunus
1835 927 1884 972 et
1916 917 2149 971 notarius

551 1026 703 1081 dixit.
733 1023 877 1078 Nihil
907 1021 1072 1077 debet
1097 1019 1339 1090 partibus
1381 1013 1658 1084 denegari.
1693 1011 1986 1066 Adeodatus
2033 1009 2147 1080 epi-

553 1134 738 1192 scOpus
764 1116 917 1171 dixit.
952 1113 1010 1170 Si
1038 1112 1172 1168 nihil
1204 1111 1446 1182 partibus
1491 1105 1867 1177 denegandum
1899 1113 2006 1171 est,
2031 1111 2151 1158 tan-

550 1210 676 1267 dem
735 1208 892 1264 nobis
943 1203 1351 1262 concedendum
1422 1208 1502 1257 est
1549 1198 1696 1270 quod
1763 1194 2146 1268 ﬂagitavimus.

553 1300 856 1359 Ostendam
881 1298 1229 1370 legationem.
1256 1294 1442 1364 Neque
1468 1291 1614 1348 enim
1643 1289 1802 1345 nudis
1829 1289 2010 1344 verbis
2034 1286 2152 1340 hcce

557 1395 728 1466 potuit
750 1391 962 1464 concipi
987 1389 1205 1460 legatio.
1229 1387 1443 1457 Scripta
1475 1396 1632 1451 sunt;
1664 1382 2141 1447 demonstrentur,

556 1487 854 1558 prodantur
878 1484 932 1539 in
960 1483 1252 1554 publicum.
1286 1478 1579 1534 Videamus
1611 1487 1791 1531 utrum
1823 1475 1943 1558 lucc
1964 1481 2153 1529 contra

555 1599 657 1639 nos
683 1597 812 1638 vera
834 1595 900 1636 an
924 1552 1058 1634 falsa
1085 1580 1193 1634 sint
1222 1577 1366 1632 ﬁcta.
1411 1573 1480 1628 Et
1507 1573 1613 1628 alia
1638 1587 1816 1627 manu.
1844 1552 2156 1626 Adeodatus

555 1677 844 1747 episcOpus
885 1688 1058 1729 meam
1101 1669 1546 1742 prosecutionem
1595 1667 1745 1743 salva
1789 1663 2155 1735 appellatione

2243 453 2580 510 secutionem
2624 465 2799 505 meam
2829 445 3191 520 appellatione
3239 441 3504 500 incolumi
3529 440 3836 510 recognovi.

2245 549 2585 606 Marcellinus
2612 547 2690 601 uir
2715 544 3038 600 clarissimus-
3063 541 3296 597 tribuntts
3338 547 3391 594 et
3427 535 3662 592 notarius
3691 534 3838 592 dixit.

2244 641 2362 697 Non
2390 653 2614 712 possum
2639 637 2706 693 de
2733 650 2801 693 eo
2821 635 3070 706 judicare
3096 632 3237 705 quod
3272 630 3516 688 necdum
3532 637 3619 684 est
3646 641 3838 697 appro.

2247 736 2452 791 batum.
2480 731 2772 788 Petilianus
2799 730 3074 802 episcopus
3091 727 3244 783 dixit.
3267 725 3468 783 Utrum
3492 729 3649 779 recte
3672 728 3842 791 petam

2248 833 2406 906 prodi
2434 839 2691 903 oportere
2727 827 2782 885 id
2817 825 2960 900 quod
2985 825 3240 892 clanculo
3269 818 3592 895 imperatori
3629 831 3841 888 sugges-

2251 926 2457 993 serint,
2487 923 2593 980 hoc
2619 921 2932 995 pronuntia.
2965 918 3034 974 Et
3071 919 3380 996 alianutnu.
3417 911 3722 970 Petiliam
3738 908 3847 978 cpi.

2251 1033 2450 1089 scepus
2501 1017 2642 1072 hanc
2685 1011 3118 1086 prosecutionem
3149 1024 3322 1066 meam
3352 1004 3724 1077 appellatione
3765 1002 3847 1056 in-

2251 1109 2450 1166 columi
2480 1106 2792 1179 recognovi.
2818 1103 3155 1159 Marcellinus
3173 1102 3254 1156 uir
3277 1098 3601 1155 elarissinttts
3622 1094 3848 1150 tribunus

2253 1213 2302 1260 et
2326 1202 2559 1258 notarius
2576 1201 2727 1256 dixit.
2747 1197 3014 1254 Clanculo
3038 1191 3354 1267 imperatori
3377 1189 3516 1246 nihil
3543 1194 3848 1260 suggestum

2255 1313 2398 1364 esse,
2431 1297 2501 1353 ad
2549 1297 2835 1352 universos
2856 1291 3072 1364 iudices
3101 1291 3246 1346 data:
3270 1285 3574 1344 sanetionis
3599 1279 3846 1356 {forma},

2256 1400 2310 1447 et
2337 1390 2406 1446 ad
2432 1404 2610 1445 meam
2637 1400 2852 1466 quoque
2878 1383 3313 1441 mediocritatem
3338 1378 3514 1450 ipsius
3541 1366 3849 1431 recitatione

2255 1487 2624 1538 monstratum
2670 1487 2775 1536 est.
2828 1476 2986 1534 Unde
3031 1489 3156 1530 cum
3207 1488 3276 1529 ex
3304 1469 3542 1528 lectione
3580 1475 3846 1539 gestorum

2256 1589 2566 1648 cognovero
2613 1572 2744 1646 quid
2772 1571 3000 1629 debeam
3042 1568 3315 1641 judicare,
3348 1565 3473 1623 sine
3501 1562 3674 1620 dubio
3710 1559 3846 1631 iudi-

2258 1668 2415 1726 cabo.
3124 1692 3128 1695 ι

557 1766 871 1838 recognovi.
904 1763 1244 1820 Marcellinus
1271 1763 1347 1816 vir
1381 1759 1698 1816 clarissimus
1725 1756 1957 1812 tribunus
1984 1764 2033 1810 et
2059 1769 2156 1808 no—
2185 1749 2234 1811 Β
2335 1761 2458 1818 in.
2505 1757 2767 1815 Martiali;
2795 1765 3032 1830 επεριοτ
3057 1753 3308 1810 recitauit.
3351 1748 3684 1821 Exemplum
3711 1754 3849 1802 acto-

557 1861 719 1931 tarius
750 1859 900 1913 dixit.
931 1856 1050 1912 Jam
1080 1855 1421 1927 pronuntiavi
1448 1861 1610 1923 atque
1641 1849 1883 1920 iudicavi
1922 1846 2154 1902 formam

556 1970 644 2009 me
667 1954 931 2010 excedere
971 1967 1076 2007 non
1102 1963 1262 2020 posse
1284 1945 1583 2018 imperialis
1614 1942 1842 1999 oraculi.
1873 1940 1985 1997 Nec
2007 1939 2156 1996 enim

555 2052 609 2107 in
629 2049 832 2120 judicio
864 2063 986 2103 meo
1017 2047 1321 2116 legatorum
1367 2051 1580 2097 certum
1608 2047 1690 2094 est
1729 2037 1927 2093 discuti
1956 2034 2158 2091 debere

557 2158 839 2216 personas.
876 2139 1030 2197 Unde
1072 2146 1226 2209 gesta
1273 2136 1622 2204 relegantur,
1664 2141 1722 2188 ut
1747 2131 1866 2201 quis
1911 2127 2159 2201 petitoris

556 2241 676 2296 loco
703 2237 950 2300 adsistat,
976 2234 1176 2289 clarius
1197 2230 1624 2286 demonSIretur.
1646 2226 1941 2281 Adeodatus
1963 2226 2161 2296 episco—

556 2348 652 2403 pus
677 2330 826 2384 dixit.
855 2327 971 2383 Hoc
1000 2310 1293 2395 imperator
1319 2337 1424 2376 non
1456 2320 1730 2392 prmepit,
1753 2330 1808 2374 ut
1831 2329 1981 2391 gesta
2034 2318 2159 2374 illu-

553 2426 744 2482 strium
775 2427 1104 2494 potestatum
1136 2418 1187 2472 in
1213 2415 1418 2485 judicio
1433 2411 1762 2484 prodantur;
1785 2420 1840 2468 et
1869 2420 2048 2468 tamen
2063 2411 2160 2466 da-

558 2527 643 2572 tur
699 2515 944 2570 adversa:
992 2511 1131 2583 parti
1185 2507 1402 2563 licentia
1431 2504 1720 2577 prodendi.
1763 2503 2008 2560 Produnt
2053 2501 2160 2574 ipsi

555 2625 677 2682 quae
717 2607 941 2671 volunt,
971 2603 1128 2659 nobis
1159 2617 1267 2656 non
1300 2599 1497 2654 sinitur
1525 2598 1774 2668 accipere
1807 2596 1951 2668 quod
1981 2596 2160 2668 posci-

557 2718 701 2760 mus.
734 2699 804 2754 Et
829 2699 934 2753 alia
961 2713 1137 2751 manu.
1175 2691 1486 2749 Adeodatns
1507 2692 1798 2762 episcOpus
1820 2691 2159 2761 prosecutio-

559 2811 683 2852 nem
713 2807 890 2849 meam
922 2789 1068 2845 salva
1099 2785 1463 2858 appellatione
1486 2783 1797 2854 recognovi.
1817 2781 2159 2849 Marcellinus

556 2891 632 2945 vir
659 2885 980 2943 clarissimus
1010 2881 1244 2935 tribunus
1269 2889 1317 2934 et
1345 2877 1578 2932 notarius
1611 2877 1762 2931 dixit.
1793 2876 1861 2931 Et
1895 2876 2157 2932 sanctitas

557 2992 648 3037 tua
663 2989 1016 3048 quaecumque
1032 2981 1183 3044 gesta
1207 2971 1488 3037 obtulerit,
1509 2969 1592 3024 vel
1613 2968 1939 3039 prolaturum
1960 2982 2019 3023 se
2036 2982 2158 3023 esse

556 3069 842 3144 promittit,
873 3080 1097 3122 necesse
1126 3073 1211 3119 est
1246 3072 1304 3117 ut
1331 3059 1518 3116 eadem
1554 3061 1884 3131 relegantur.
1917 3059 2158 3114 Adeoda-

555 3177 634 3222 tus
673 3163 945 3236 episcOpus
975 3158 1132 3214 dixit.
1201 3155 1568 3226 Quaecumque
1617 3169 1795 3210 causae
1845 3153 2160 3208 necessaria

556 3267 703 3326 sunt,
741 3255 926 3327 negari
961 3267 1066 3308 non
1107 3249 1326 3306 debent.
1360 3247 1427 3302 Et
1469 3247 1576 3302 alia
1623 3264 1799 3302 manu.
1843 3244 2160 3304 Adeodatus

554 3352 840 3420 episcopus
886 3342 1328 3416 prosecutionem
1377 3355 1552 3396 meam
1597 3339 1747 3394 salva
1791 3339 2159 3410 appellatione

555 3439 866 3511 recognovi.
904 3436 1242 3491 Marcellinus
1281 3436 1357 3488 vir
1384 3434 1706 3488 clarissimus
1735 3434 1968 3487 tribunus
1993 3442 2040 3486 et
2065 3449 2160 3487 no-

556 3535 720 3587 tarius
749 3532 899 3585 dixit.
935 3529 1133 3583 Patere
1178 3527 1342 3597 igitur
1387 3534 1447 3580 ut
1491 3526 1594 3580 hoc
1625 3525 1768 3595 quod
1806 3541 1988 3582 causa:
2030 3542 2157 3597 pro-

555 3626 689 3696 priae
745 3621 1117 3679 necessarium
1175 3618 1309 3673 dicit
1360 3632 1486 3688 pars
1515 3633 1548 3673 e
1575 3617 1794 3674 diverso
1827 3618 2058 3685 sistens,
2087 3619 2157 3676 ab

556 3717 736 3774 ofﬁcio
774 3716 1055 3772 recitetur.
1096 3711 1395 3766 Adeodalus
1427 3711 1700 3788 episcOpus
1747 3711 1899 3766 dixit.
1945 3712 2156 3768 Conce-

557 3811 688 3865 dere
715 3825 823 3863 non
860 3823 1080 3878 possum
1111 3815 1170 3860 ut
1204 3821 1264 3861 ea
1295 3820 1416 3875 qua:
1451 3805 1640 3859 volunt
1678 3806 1729 3860 in
1750 3805 1957 3877 judicio
1980 3808 2156 3863 venti-

554 3903 691 3966 lent,
710 3900 813 3955 nisi
832 3914 894 3954 ea
911 3914 1032 3967 qum
1053 3897 1121 3951 de
1148 3897 1278 3966 ipsis
1300 3897 1539 3967 ﬂagitavi
1567 3897 1619 3951 in
1642 3887 1847 3966 judicio
1870 3898 2155 3970 depromp-

556 3992 747 4046 scrint.
777 3989 846 4043 Et
883 3989 987 4043 alia
1015 4005 1193 4041 manu.
1228 3986 1540 4042 Adeodatus
1566 3990 1854 4060 episcopus
1890 4006 2156 4060 prosecu-

555 4086 757 4142 tionem
785 4098 958 4139 meam
983 4083 1128 4137 salva
1153 4081 1519 4153 appellatione
1544 4084 1856 4152 recognovi.
1901 4084 2156 4158 Augusti-

553 4197 648 4234 nus
693 4178 962 4249 episcOpus
992 4173 1239 4229 Ecclesia:
1268 4175 1536 4230 catholica:
1575 4176 1727 4232 dixit.
1782 4176 1890 4233 Nos
1935 4179 2038 4234 ista
2082 4179 2154 4236 de

554 4271 788 4329 archivis
828 4269 1154 4338 accepimus.
1191 4266 1249 4323 Si
1278 4266 1407 4338 quid
1447 4277 1531 4323 est
1557 4268 1702 4338 quod
1740 4279 1794 4324 et
1819 4279 1873 4325 tu
1901 4272 2152 4344 accipere

552 4367 804 4439 potuisti,
847 4365 893 4419 si
925 4360 1262 4419 recitandum
1292 4363 1626 4436 poposceris,
1653 4371 1708 4419 et
1739 4379 1770 4419 a
1801 4365 1953 4420 nobis
1984 4365 2153 4421 fuerit

550 4459 967 4521 contradictum,
987 4456 1201 4526 iniquos
1222 4454 1440 4526 deputa,
1467 4465 1519 4509 et
1543 4457 1714 4511 vicem
1741 4457 1928 4514 redde.
1950 4457 2020 4512 Et
2041 4460 2152 4514 alia

552 4547 1076 4619 ntanu.Recognovi.
1104 4545 1440 4602 Marcellinus
1468 4549 1544 4601 vir
1571 4549 1890 4603 clarissimus
1909 4550 2149 4605 tribunus

550 4655 597 4700 et
624 4643 853 4700 notarius
882 4640 1034 4696 dixit.
1068 4638 1443 4709 Suspicionem
1468 4640 1686 4709 judiciis
1714 4641 1871 4709 facis,
1906 4643 2048 4713 quod
2077 4657 2144 4700 ea

547 4752 656 4794 non
685 4733 910 4807 pateris,
942 4747 1062 4788 cum
1091 4741 1145 4786 et
1171 4731 1268 4787 tibi
1302 4730 1384 4787 fas
1413 4733 1484 4786 sit
1515 4732 1764 4788 universa
1795 4750 1914 4803 quia:
1957 4736 2144 4806 inges-

550 4831 686 4884 seris
728 4826 1023 4898 publicare.
1093 4822 1249 4879 Unde
1302 4823 1519 4877 tandem
1567 4824 1880 4900 aliquando
1918 4842 1980 4882 ea
2020 4844 2146 4898 qua:

548 4920 727 4974 oblata
783 4924 911 4972 sunt
956 4915 1273 4970 recitentur.
1337 4913 1628 4969 Petilianus
1677 4917 1945 4987 episcopus
1988 4919 2144 4978 dixit.

547 5010 798 5069 Noluisse
826 5010 1176 5078 pronuntiare
1201 5016 1526 5079 potestatem
1551 5017 1694 5064 tuam
1714 5010 1855 5081 quod
1885 5013 2145 5086 petimus,

543 5115 662 5161 acta
690 5103 1025 5158 contineant.
1062 5102 1304 5157 Ulterius
1356 5115 1462 5156 non
1518 5117 1803 5173 possumus
1833 5107 2034 5179 aliquid
2061 5109 2147 5163 di-

546 5213 691 5265 cere,
725 5194 958 5249 maxime
1004 5210 1126 5248 cum
1175 5194 1385 5249 videam
1415 5199 1739 5262 poteStatem
1795 5204 1940 5252 tuam
1991 5199 2144 5256 aliud

540 5288 683 5346 velle
706 5329 722 5355 ,
763 5302 883 5342 cum
913 5299 1013 5354 ego
1057 5286 1198 5340 aliud
1230 5285 1491 5358 ﬂagitem.
1537 5287 1834 5365 Pronuntia
1865 5291 2144 5363 snperﬂue

445 5394 447 5396 ·
544 5396 630 5438 me
673 5377 947 5450 postulare
987 5376 1127 5445 quod
1162 5371 1314 5445 peto,
1347 5379 1416 5433 sit
1444 5379 1586 5446 quod
1617 5389 1863 5450 teneam,
1893 5385 1964 5440 sit
1991 5384 2138 5456 quod

501 5542 503 5544 η
541 5473 770 5548 papulas
801 5470 1035 5527 noverit.
1075 5467 1210 5524 Tum
1251 5471 1468 5528 demum
1509 5475 1575 5530 ad
1617 5477 1928 5532 necessaria
1955 5494 2138 5538 causae

608 5612 691 5682 (1)
721 5608 899 5690 Longe
935 5612 1072 5690 amt.
1125 5605 1286 5690 Auno
1307 5603 1435 5690 69;,
1475 5622 1597 5690 cum
1644 5609 1697 5664 in
1718 5610 1948 5690 concilio
1994 5611 2134 5670 Cara

534 5676 852 5750 thaginensi
869 5678 1205 5750 decreta_est
1226 5676 1722 5750 legatioAadversus
1752 5681 2084 5742 Donatistas.

606 5745 686 5824 (Ξ)
710 5751 988 5808 Theasium
1009 5759 1056 5805 et
1082 5745 1395 5805 Euvodium.
1422 5747 1633 5816 Quibus
1655 5753 1708 5808 in
1730 5752 1875 5811 dicto
1895 5756 2134 5814 concilio

2261 1869 2379 1910 rum
2429 1851 2740 1908 habitorum
2787 1851 2888 1906 sub
2915 1849 3007 1905 die
3034 1847 3195 1904 tertio
3220 1843 3488 1901 kalendas
3538 1840 3850 1898 Februarias

2261 1947 2560 2011 Ravennae,
2592 1945 2654 2000 D.
2685 1942 2751 1999 Ν.
2779 1941 3017 1999 Arcadio
3045 1940 3149 1996 PP.
3198 1937 3443 2010 Augusto
3475 1945 3532 1992 et
3579 1933 3756 1990 Probe
3780 1946 3850 1997 tv,

2261 2040 2423 2113 305
2449 2037 2786 2094 consulibus.
2817 2035 2886 2090 Et
2915 2051 3032 2089 cum
3060 2032 3319 2097 recitaret,
3345 2028 3644 2084 Petilianis
3665 2026 3848 2097 cpisco-

2263 2151 2359 2208 pus
2379 2121 2609 2188 dixit.‘Si
2627 2132 2806 2203 jubes,
2839 2140 3028 2186 contra
3055 2129 3160 2183 hoc
3181 2124 3422 2182 advertit
3442 2121 3750 2178 sublimitas
3771 2127 3850 2170 tua

2263 2246 2371 2286 non
2394 2229 2574 2284 adhuc
2601 2225 2938 2284 satisfactum
2968 2223 3324 2298 petitionibus
3351 2219 3560 2276 nostris
3579 2260 3593 2282 ,
3627 2225 3684 2272 ut
3707 2228 3852 2271 exce‘

2263 2326 2448 2398 ptione
2479 2340 2670 2381 eorum
2702 2303 2980 2380 constaret
3027 2321 3177 2391 ipsos
3221 2332 3344 2374 esse
3374 2318 3654 2389 petitores,
3678 2314 3858 2380 ipsos-.

2262 2433 2369 2488 que
2400 2417 2684 2473 intendere
2719 2426 2974 2487 oportere
3015 2429 3139 2484 quae
3166 2409 3474 2482 obiicienda
3501 2421 3622 2464 esse
3639 2415 3854 2477 putave-

2263 2520 2416 2566 runt.
2445 2509 2513 2564 Et
2539 2509 2648 2564 alia
2669 2524 2845 2563 manu.
2887 2505 3193 2562 Peti‘lianus
3211 2503 3508 2575 episcopus
3529 2495 3848 2572 prosecutio-

2264 2621 2388 2660 nem
2481 2618 2660 2659 meam
2754 2599 3123 2673 appellatione
3207 2595 3472 2653 incolumi
3554 2586 3851 2660 recognovi.

2264 2699 2604 2756 Marcellinus
2632 2701 2708 2753 vir
2755 2697 3075 2752 darissimus
3105 2693 3339 2750 tribunus
3365 2700 3416 2745 et
3447 2687 3681 2744 notarius
3709 2682 3845 2737 dixit.

2263 2793 2382 2851 Jam
2415 2809 2558 2849 nunc
2585 2807 2653 2848 ex
2684 2791 2920 2847 lectione
2959 2797 3239 2859 gestorum
3268 2783 3360 2855 qui
3393 2781 3604 2854 petitor
3640 2776 3853 2832 adsistat

2264 2887 2548 2942 evidenter
2575 2894 2872 2956 aperteque
2899 2878 3313 2937 monstrabitur.
3351 2874 3647 2930 Petilianus
3669 2869 3853 2941 episco-

2265 2997 2363 3050 pus
2383 2979 2535 3033 dixit.
2565 2976 2704 3033 Sunt
2732 2976 2892 3047 longe
2921 2974 3172 3046 primitus
3198 2977 3352 3043 gesta
3373 2967 3648 3030 confecta,
3672 2961 3856 3031 quibus

2265 3072 2578 3144 spectabilis
2598 3072 2700 3127 viri
2731 3068 3097 3142 proconsulis.
3129 3065 3338 3121 Etcum
3370 3063 3586 3126 diceret,
3616 3056 3726 3132 (Et
3762 3054 3856 3108 alia

2267 3183 2442 3221 manu.
2477 3165 2773 3220 Pctilianus
2799 3162 3092 3233 episcopus
3113 3156 3429 3230 recognovi.
3458 3153 3734 3209 Possidius
3757 3148 3853 3218 epi-

2265 3277 2452 3330 scopus
2499 3256 2750 3313 Ecclesia:
2790 3255 3058 3310 catholici:
3096 3254 3248 3308 dixit.
3289 3249 3713 3307 Prosecutiones
3742 3253 3857 3298 suas

2264 3352 2560 3418 formidat,
2614 3350 2738 3406 ideo
2766 3358 2919 3420 gesta
2945 3348 3164 3404 recitari
3196 3359 3307 3401 non
3335 3340 3631 3414 permittit.
3659 3337 3726 3391 Et
3752 3348 3857 3389 all

2265 3446 2480 3512 diceret,
2507 3442 2599 3519 (Et
2625 3443 2731 3498 alia
2758 3457 2931 3496 manu.
2966 3437 3326 3511 Recognovi.)
3348 3434 3648 3490 Petiliam
3678 3429 3857 3498 episco-

2264 3557 2361 3612 pus
2391 3539 2540 3594 dixit.
2592 3537 2730 3594 Sunt
2756 3545 2908 3608 gesta
2939 3536 3120 3590 habita
3148 3533 3200 3588 in
3227 3529 3438 3602 judicio
3467 3520 3854 3600 proconsulari,

2265 3631 2450 3685 habita
2496 3629 2659 3684 etiam
2705 3630 2759 3684 in
2786 3628 2998 3698 judicio
3019 3623 3238 3682 vicariae
3268 3621 3650 3694 praefecturae,
3674 3615 3857 3688 quibus

2266 3725 2426 3780 nobis
2457 3723 2690 3794 plurima
2719 3721 3017 3779 intendisse
3065 3727 3460 3775 monstrantur.
3513 3714 3660 3770 Sunt
3705 3710 3858 3766 etiam

2263 3817 2374 3873 alia
2430 3834 2552 3888 quae
2611 3817 2680 3873 de
2755 3815 3190 3872 clementissimo
3259 3812 3638 3883 imperatore,
3698 3804 3858 3861 eidem

2264 3910 2478 3966 scilicet
2521 3910 2848 3966 mentientes
2874 3949 2890 3975 ,
2923 3907 3084 3977 longe
3104 3916 3234 3961 ante
3263 3903 3344 3976 (ι)
3377 3901 3698 3974 petiverunt
3726 3889 3858 3972 [per]

2261 4002 2596 4057 adsistentes
2625 4016 2688 4056 ac
2717 4000 3105 4071 supplicantes,
3129 3996 3338 4052 scilicet
3361 3992 3664 4049 Theasium
3691 3999 3744 4044 et
3765 3986 3863 4041 Eu-

2263 4092 2483 4149 vodinm
2507 4091 2612 4166 (2),
2646 4092 2770 4148 illos
2814 4091 3025 4147 scilicet
3066 4104 3203 4160 quos
3234 4100 3609 4159 praecursores
3637 4093 3696 4140 et
3721 4077 3865 4136 nari-

2260 4195 2481 4257 gatores
2530 4200 2750 4256 semper
2804 4183 3007 4239 habent
3030 4224 3044 4248 ,
3074 4181 3341 4251 {urinaque
3365 4194 3482 4234 sure
3510 4178 3736 4248 legatos,
3767 4168 3857 4241 qui

2261 4287 2524 4351 expetant
2549 4277 2868 4350 sanguinem
2889 4318 2905 4346 ,
2944 4284 3209 4347 eXpetant
3235 4273 3685 4347 proscriptiones,
3707 4269 3863 4323 incuc

2262 4373 2400 4428 tiant
2426 4383 2624 4439 metus,
2657 4371 2895 4444 pericula
2927 4371 3196 4442 ingerent,
3235 4368 3488 4424 homines
3515 4380 3619 4436 per
3650 4361 3868 4433 provin-

2259 4465 2376 4520 cias
2423 4464 2670 4520 diversas
2714 4464 2982 4520 occidant.
3031 4463 3157 4518 Haec
3191 4461 3377 4518 omnia
3410 4460 3576 4530 igitur
3599 4451 3872 4528 principio

2258 4559 2498 4630 praecipe
2525 4557 2763 4614 recitari.
2783 4558 2919 4616 Tum
2949 4559 3165 4613 demum
3186 4570 3284 4612 eos
3311 4553 3555 4608 invenies
3578 4549 3868 4621 petitores.

2260 4649 2336 4705 Et
2378 4652 2486 4706 alia
2524 4669 2699 4706 manu.
2734 4650 3034 4706 Petilianus
3081 4649 3375 4722 episcopus
3423 4646 3873 4717 prosecutionem

2264 4759 2441 4801 meam
2473 4744 2618 4800 salva
2646 4744 3014 4815 appellatione
3043 4740 3362 4814 recognovi.

2337 4838 2459 4894 142.
2498 4839 2768 4894 Possidius
2795 4838 3068 4910 episcapus
3106 4835 3358 4891 Ecclesia:
3387 4831 3674 4888 catholica:
3719 4828 3869 4884 dixit.

2256 4928 2382 4996 Qua
2422 4931 2760 5000 impatientia
2787 4939 2843 4986 et
2892 4931 3121 4985 tumultu
3166 4936 3334 4999 agant
3359 4927 3435 4983 sit
3477 4935 3751 4982 testatum
3795 4923 3871 4977 bis

2251 5024 2463 5092 gestis,
2497 5023 2914 5086 interlocutione
2936 5023 3237 5080 nobilitatis
3266 5030 3393 5077 tute.
3434 5019 3686 5077 Causam
3731 5017 3872 5075 enim

2253 5117 2392 5173 satis
2423 5117 2646 5183 timent,
2679 5119 2744 5174 ad
2790 5119 2945 5190 cujus
2973 5119 3226 5173 meritum
3267 5116 3497 5170 omnino
3519 5112 3869 5169 descendere

2253 5211 2472 5292 nolunt.
2504 5211 2623 5268 Non
2665 5212 2774 5268 sint
2798 5227 2968 5270 vacua
3015 5211 3196 5269 omnia
3225 5224 3348 5281 qua:
3391 5225 3421 5263 a
3471 5207 3740 5291 partibus
3781 5219 3883 5259 no—

2252 5289 2390 5371 stris
2415 5307 2465 5360 in
2493 5307 2973 5385 prosecutionibus
3008 5317 3155 5362 tanta
3183 5306 3327 5362 dicta
3351 5283 3483 5359 sunt
3508 5301 3576 5359 de
3609 5297 3874 5358 Ecclesia:

2259 5397 2359 5452 Dei
2389 5398 2835 5466 promissionibus
2859 5408 2915 5455 et
2941 5397 3393 5472 exbibitionibus.
3424 5392 3566 5463 Quid
3597 5387 3875 5464 tergiver-

2256 5496 2472 5554 santur,
2527 5488 2652 5560 quid
2695 5489 2881 5544 nescio
2929 5504 3052 5560 qua:
3100 5487 3335 5543 forensia
3389 5482 3719 5540 rimantur?
3761 5480 3874 5537 hut

2245 5624 2726 5695 commonitorium
2757 5623 2945 5679 datum
2969 5633 3085 5693 est,
3113 5623 3259 5695 quod
3289 5628 3466 5680 exstat
3492 5619 3550 5676 in
3568 5622 3718 5680 cod.
3745 5622 3872 5679 Can.

2251 5692 2408 5760 Eccl.
2439 5694 2708 5764 Africaine
2739 5710 2788 5754 c.
2821 5697 2912 5762 95.
