4134 6186
388 280 531 343 1589

1342 274 1569 343 essu
1598 270 2062 339 coLLATtouts
2096 265 2749 351 CARTIIAGINENSIS.

3569 287 3705 349 1590

383 388 640 460 dignetur
667 389 930 453 nobilitas
970 398 1063 447 tua
1090 389 1445 462 pronuntiare
1480 387 1679 451 faciem
1705 386 1981 449 defensio-
2011 389 2061 455 Α
2159 385 2285 447 155.
2345 383 2665 453 Petiliam“
2736 394 3003 469 ερὶεεοραε
3050 398 3199 461 dixit
3248 400 3331 461 Me
3381 402 3436 461 id
3492 406 3692 472 petisse

385 483 473 539 nis
497 499 707 540 eorum.
747 484 812 539 Et
844 486 951 540 alia
980 502 1157 547 manu.
1187 484 1514 560 Recognovi.

460 579 587 635 115.
632 579 926 643 Petilianus
952 583 1225 653 episcopus
1249 580 1401 647 dixit,
1430 577 1638 647 Ordine
1661 593 1765 637 suo
1788 595 1820 635 a
1841 580 1989 653 prin-

385 670 530 742 cipio
557 682 753 733 cuncta
777 675 1099 733 recitentur.
1130 673 1266 731 Tum
1305 673 1527 739 demum
1555 672 1807 731 invenies
1845 673 1986 742 peti-

387 775 586 823 torem.
621 766 686 825 Et
713 768 821 824 alia
846 785 1025 825 manu.
1060 767 1354 825 Petilianus
1394 767 1688 837 episcopus
1731 780 1995 836 prosecu-v.

385 859 591 919 tionem
619 876 795 919 meam
823 862 1192 935 appellatione
1216 860 1475 923 incolumi
1499 860 1812 931 recognovi.

396 958 397 961 “
471 953 597 1013 Ml.
621 954 943 1027 Augustinus
962 954 1238 1024 episcopus
1260 953 1511 1009 Ecclesia:
1533 952 1807 1011 catholicis
1832 952 1988 1010 dixit.

387 1052 447 1109 Si
477 1067 507 1105 a
539 1047 805 1121 principio
837 1045 1077 1121 [cuncta
1108 1045 1400 1110 recitanda,
1419 1043 1583 1119 sunt]
1614 1060 1678 1101 ex
1712 1060 1820 1117 quo
1860 1060 1990 1103 ceu-.-

386 1158 505 1205 Sam
537 1141 604 1199 ad
630 1142 1025 1211 imperatorem
1054 1138 1475 1203 Constantinum
1506 1138 1775 1201 miserunt
1807 1139 1993 1199 crimi—

389 1249 519 1291 num
549 1231 830 1299 Carciliani
873 1231 1010 1303 juhe
1053 1230 1295 1293 recitari.
1347 1231 1417 1285 Et
1462 1231 1567 1286 alia
1593 1247 1775 1289 manu.
1818 1230 1994 1291 Reco-

385 1325 575 1398 guovi.
626 1322 1047 1393 Fortunatianus
1096 1323 1367 1396 episcopus
1412 1321 1661 1385 Ecclesia:
1726 1322 1995 1385 catholicis

387 1418 542 1473 dixit.
572 1417 708 1486 Quia
738 1416 991 1473 voluistis
1021 1416 1089 1472 de
1142 1416 1414 1485 prioribus
1443 1414 1612 1486 gestis
1659 1414 1993 1471 mentionem

384 1510 589 1573 facere.
623 1509 693 1567 Et
716 1527 835 1577 cunt
865 1510 1058 1571 diceret
1095 1508 1191 1583 (Et
1219 1509 1329 1569 alia
1354 1526 1533 1573 manu.
1555 1507 1920 1584 Recognovi),

466 1606 593 1663 145.
624 1603 969 1667 Marcellinus
994 1604 1070 1659 vir
1097 1603 1661 1667 clarissimustribuuus
1689 1614 1738 1659 et
1763 1600 1996 1659 notarius

388 1698 543 1759 dixit.
580 1696 710 1753 Haec
734 1688 890 1769 gesta
916 1712 1037 1767 qua:
1059 1695 1282 1759 recitari
1314 1695 1556 1767 postulat
1589 1694 1849 1751 sanctitas
1877 1709 1998 1750 ves—

2090 480 2265 538 adbuc
2298 479 2565 537 recalent
2592 495 2772 557 gesta,
2806 497 2947 549 utea
2978 507 3096 565 qua:
3130 496 3436 567 imperatori
3486 498 3700 557 mentiti

2091 584 2215 635 sunt
2250 569 2594 645 proferant,
2622 580 2799 652 legant
2828 599 2944 657 quae
2969 585 3312 657 objecerunt,
3352 597 3538 649 contra
3579 588 3694 649 Haec

2093 662 2419 741 hujusmodi
2474 670 2739 741 nebulas,
2792 684 2850 735 ut
2889 677 3085 733 vellent
3127 691 3243 737 aeta
3290 681 3531 751 relegere
3571 694 3694 752 quae
3769 698 3777 705 ’

2092 771 2215 821 sunt
2272 758 2474 821 habita
2521 764 2578 821 in
2624 767 2827 841 judicio
2872 771 3231 842 praefecturae,
3280 774 3364 830 bis
3409 792 3531 847 quas
3581 793 3686 849 ego

2094 855 2254 926 longe
2304 855 2562 924 praetuli,
2603 860 2926 930 antiquiora.
2977 862 3186 933 Igitur,
3242 867 3323 923 vir
3372 869 3599 938 nobilis,
3645 852 3695 927 si

2096 958 2253 1015 tenor
2276 963 2341 1011 se
2368 946 2436 1005 ita
2477 949 2646 1011 habet
2668 969 2843 1015 causa:
2879 956 3019 1015 sicut
3041 960 3109 1016 ah
3135 959 3290 1021 initio
3330 962 3544 1025 videtur
3573 978 3700 1021 csse

2100 1042 2407 1124 formatus,
2428 1056 2524 1101 aut
2546 1045 2811 1116 jacturam
2855 1049 3223 1112 cbartularum
3266 1055 3495 1117 istarum
3524 1058 3703 1128 publi-

2096 1153 2283 1193 carum
2301 1137 2527 1207 faciant,
2552 1150 2606 1196 et
2625 1141 2692 1196 ad
2716 1142 2938 1213 legalem
2964 1143 3418 1216 disceptationem
3441 1152 3700 1218 veniant;

2097 1239 2192 1289 aut
2218 1230 2265 1287 si
2305 1229 2395 1286 his
2420 1231 2587 1289 rebus
2616 1233 2691 1297 uti
2722 1233 3065 1302 desiderant,
3098 1238 3301 1296 iaciant
3327 1241 3464 1313 legis
3497 1242 3701 1315 divinis

2091 1319 2383 1390 iacturam.
2429 1321 2496 1378 Et
2519 1323 2627 1381 alia
2646 1340 2823 1381 manu.
2857 1324 3157 1386 Politianus
3180 1330 3487 1407 episcopus
3510 1350 3704 1406 prose.

2098 1414 2371 1472 cntionem
2394 1430 2569 1471 meam
2598 1417 2968 1488 appellatione
2993 1420 3256 1479 incolumi
3273 1430 3593 1498 recognovi.

2174 1505 2299 1565 154.
2332 1506 2673 1566 Marcellinus
2688 1510 2769 1567 uir
2793 1512 3119 1571 clarissimus
3135 1514 3377 1572 tribunus
3393 1527 3442 1573 et
3473 1524 3709 1583 notarius

2101 1597 2255 1655 dixit.
2289 1600 2709 1661 Procousularia
2734 1614 2884 1676 gesta
2930 1615 2988 1665 et
3028 1607 3213 1664 habita
3260 1609 3318 1667 in
3347 1610 3555 1682 judicio
3580 1612 3706 1670 illm

2102 1694 2299 1751 strium
2322 1704 2663 1765 potestatum
2685 1739 2702 1765 ,
2729 1697 2966 1756 olﬁcium
3003 1700 3295 1773 diligenter
3333 1705 3623 1778 inspiciat,
3649 1719 3711 1766 ut

389 1798 475 1849 tra
497 1829 515 1856 ,
574 1789 879 1858 posteriora
934 1796 1065 1849 sunt
1114 1787 1201 1851 his
1252 1788 1421 1860 gestis
1471 1802 1593 1859 qua:
1632 1785 1833 1845 obtulit
1873 1798 1999 1857 pars
2027 1781 2074 1845 B
2102 1798 2167 1842 ea
2197 1800 2319 1856 quae
2341 1787 2522 1858 priora
2546 1798 2706 1858 sunt,
2733 1791 2987 1861 primitus
3013 1795 3339 1855 recitentur.

386 1882 657 1940 catholica
675 1923 695 1949 ,
722 1897 789 1936 an
818 1880 1046 1952 priora?

462 1974 589 2035 146.
626 1974 916 2033 Petitiarms
957 1975 1238 2045 episcOpus
1265 1974 1417 2031 dixit.
1468 1970 1591 2031 Non
1619 1979 1703 2033 est
1746 1970 1999 2044 equidem

391 2084 520 2140 pars
561 2067 822 2125 catholica
843 2110 859 2137 ,
890 2066 990 2127 nisi
1022 2083 1144 2139 quae
1170 2068 1339 2138 hujus
1367 2064 1792 2125 couﬁictationis
1814 2079 2001 2136 sump-

387 2161 525 2218 serit
546 2160 799 2232 palmam.
826 2159 995 2231 Igitur
1022 2161 1276 2232 cupimus
1309 2158 1538 2217 recitari
1565 2173 1687 2229 quae
1715 2158 1769 2213 in
1791 2157 2000 2229 judicio

386 2255 763 2327 proconsulari
811 2265 868 2313 et
910 2257 1132 2314 vicaria:
1181 2256 1532 2328 prufecturaa
1588 2254 1656 2312 ab
1703 2254 1836 2325 ipsis
1874 2261 2002 2311 sunt

383 2359 511 2409 ante
551 2349 765 2422 longius
807 2360 1057 2421 prompta
1109 2362 1276 2422 atque
1315 2350 1514 2423 petita.
1573 2347 1644 2403 Et
1672 2348 1778 2403 alia
1816 2364 1996 2405 manu.

381 2442 681 2501 Politianus
728 2443 1015 2514 episcopus
1045 2445 1497 2513 prosecutionem
1530 2455 1709 2497 meam
1757 2441 2002 2513 appella-

380 2537 531 2594 tione
602 2536 853 2594 incolumi
932 2539 1244 2607 recognovi.
1353 2536 1651 2595 Possidius
1726 2536 1999 2607 episcopus

380 2629 627 2686 Ecclesia:
644 2630 909 2687 catholicas
930 2630 1083 2686 dixit.
1107 2630 1163 2686 Si
1184 2630 1251 2687 de
1278 2645 1465 2688 causa
1497 2642 1868 2701 prmsumeres
1887 2669 1902 2694 ,
1930 2627 1998 2687 ad

377 2738 558 2780 causa:
585 2724 831 2779 meritum
857 2723 1093 2779 venires.
1128 2723 1192 2777 Et
1214 2724 1326 2778 alia
1364 2741 1554 2779 manu.
1591 2720 1924 2792 Recognovi.

454 2817 578 2874 M7.
614 2815 946 2874 Marcellinus
967 2816 1043 2873 uir
1062 2816 1393 2874 clarissimus
1418 2818 1672 2885 tribunus
1691 2824 1739 2870 et
1765 2814 2001 2869 notarius

383 2911 535 2968 dixit.
592 2910 724 2970 Sine
777 2910 1089 2982 prtejudieio
1141 2910 1452 2969 catholicos
1517 2912 1694 2977 dico,
1768 2923 2001 2980 sequens

384 3004 841 3076 nuncupationem
891 3003 1298 3063 clementissimi
1357 3004 1655 3076 principis.
1711 3001 1866 3059 Unde
1936 3015 1999 3057 ea

385 3106 539 3172 gesta
567 3114 688 3169 (tum
712 3098 1020 3171 antiquiora
1057 3106 1219 3167 sunt,
1247 3098 1294 3154 si
1318 3098 1529 3169 placet,
1575 3098 1650 3154 ab
1694 3095 1879 3153 ol'ﬁcio
1914 3109 1999 3151 rc-

386 3197 645 3249 citentur.

464 3286 590 3345 NB.
625 3285 901 3343 Possidius
946 3284 1233 3358 EpiscOpus
1274 3282 1521 3341 Ecclesiae
1548 3282 1822 3340 catholica:
1843 3280 1994 3335 dixit.

389 3380 687 3436 Oti‘erimus
725 3378 1101 3451 antiquissima
1132 3392 1253 3446 quze
1279 3378 1516 3447 petimus
1546 3376 1757 3447 suscipi
1784 3374 1851 3431 ab
1879 3374 1999 3432 ofﬁ-

392 3472 504 3528 cio.
532 3471 816 3541 Praecipiet
838 3471 1098 3528 nobilitas
1129 3480 1215 3527 tua
1237 3486 1301 3527 ea
1334 3471 1577 3527 recitari.

471 3561 599 3619 149.
632 3560 924 3617 Petilianus
974 3564 1248 3635 episcopus
1292 3562 1444 3618 dixit.
1492 3561 1561 3619 S'r
1582 3562 1686 3618 hoc
1738 3559 1997 3633 potestati

397 3671 506 3714 tum
534 3656 851 3713 mandatum
898 3666 1018 3725 est,
1049 3659 1094 3713 si
1143 3673 1249 3713 non
1284 3666 1634 3714 recesserunt
1664 3656 1735 3711 ab
1760 3655 1847 3713 his
1876 3670 1997 3727 quae

390 3752 713 3825 jamdudum
739 3752 1106 3823 promiserant
1134 3767 1195 3808 se
1221 3752 1467 3822 legaliter
1506 3766 1670 3822 agere
1700 3753 1993 3821 oportere',

394 3846 562 3902 redde
594 3844 753 3902 nobis
778 3844 927 3900 illam
970 3843 1197 3914 primam
1248 3844 1614 3913 objectionem
1639 3885 1654 3910 ,
1698 3843 1854 3914 cujus
1894 3843 1997 3899 visi

319 3998 325 4013 λ
394 3936 798 4010 quodammodo
836 3953 1022 3993 sumus
1067 3938 1168 3993 sub
1199 3937 1361 4007 hujus
1391 3936 1743 4007 exceptionis
1783 3936 1997 3993 ratione

396 4030 594 4088 fecisse
613 4030 904 4102 iacturam.
931 4030 988 4087 Si
1018 4029 1179 4101 igitur
1208 4028 1276 4085 ad
1322 4030 1495 4100 legem
1524 4043 1587 4087 se
1606 4031 1834 4094 retinet,
1873 4043 1995 4098 per.

395 4121 544 4178 videt
565 4121 875 4193 prmetautia
904 4130 991 4178 tua
1028 4121 1341 4177 nullatenus
1366 4135 1462 4175 eos
1491 4119 1685 4175 harum
1713 4118 1995 4175 chartula-

395 4232 517 4273 rum
553 4229 691 4287 quas
734 4215 1044 4285 proferunt,
1082 4213 1282 4269 Iacere
1308 4227 1470 4283 posse
1511 4213 1872 4269 mentionem.
1924 4211 1995 4266 Et

395 4323 538 4366 nunc
562 4308 726 4365 etiam
756 4317 916 4377 atque
937 4307 1099 4362 etiam
1130 4306 1315 4377 ﬂagito
1342 4313 1400 4359 ut
1431 4314 1684 4375 premant
1731 4303 1864 4375 quid
1893 4304 1996 4360 eli-

391 4413 515 4474 gant
538 4443 553 4470 ,
584 4411 765 4458 utrum
792 4401 993 4458 forensi
1021 4402 1237 4457 actione
1264 4414 1479 4455 mecum
1503 4410 1701 4470 agant,
1726 4414 1795 4456 an
1825 4399 1990 4469 legali

391 4495 796 4552 concertatione
843 4494 1170 4566 disceptent.
1205 4493 1274 4550 Et
1320 4495 1427 4548 alia
1470 4510 1651 4549 manu.
1688 4494 1992 4552 Petilianus

2178 1879 2305 1937 155.
2334 1856 2652 1954 Augustinus
2673 1856 2944 1958 cpiscopus
2970 1885 3220 1946 Ecclesia:
3547 1892 3706 1954 dixit.

2104 1972 2184 2030 Ad
2215 1990 2279 2031 ea
2310 1990 2433 2045 quas
2448 1988 2735 2047 prosecuta
2762 1989 2849 2041 est
2872 1982 3039 2039 modo
3076 1998 3208 2055 pars
3233 1986 3455 2045 diversa
3478 2032 3491 2057 ,
3525 1993 3713 2063 paucis

2102 2070 2352 2128 advertat
2398 2072 2701 2131 sublimitas
2740 2083 2857 2132 tua.
2902 2077 3012 2134 Nos
3053 2078 3361 2139 Ecclesiam
3385 2084 3714 2144 catholicam

2102 2165 2384 2233 retinere,
2432 2169 2546 2237 ipsa
2604 2178 2806 2227 nostra:
2862 2171 3270 2231 communionis
3323 2178 3716 2239 testiﬁcatione

2104 2268 2475 2315 monstramus
2492 2302 2507 2327 ,
2530 2276 2691 2331 quam
2710 2262 3010 2319 Ecclesiam
3036 2265 3272 2335 probare
3296 2268 3711 2339 descendimus.

2104 2349 2154 2407 si
2220 2350 2589 2420 permittant,’
2620 2368 2729 2409 non
2779 2354 3094 2411 rumoribus
3166 2358 3465 2431 humanis,
3534 2381 3715 2438 neque

2104 2444 2416 2503 errantibus
2443 2447 2826 2518 opinionibus,
2870 2449 2967 2506 sed
3008 2449 3214 2508 divinis
3261 2455 3499 2528 eloquiis
3529 2459 3717 2517 declaa-

2105 2549 2298 2595 ratam.
2345 2537 2416 2596 Ut
2445 2550 2624 2597 autem
2657 2540 2833 2612 leges,
2883 2542 2972 2598 vel
3009 2551 3187 2615 gesta,
3220 2547 3304 2602 vel
3351 2562 3717 2623 quascumque

2106 2635 2175 2692 de
2206 2637 2444 2694 archivis
2473 2637 2682 2708 prolata
2710 2636 3005 2695 offeramus
3027 2637 3080 2693 in
3110 2638 3213 2696 hac
3240 2642 3545 2703 collatione
3572 2648 3713 2704 reci-

2108 2729 2270 2785 tanda
2293 2772 2308 2794 ,
2339 2729 2446 2800 ipsi
2474 2742 2673 2801 cogunt
2697 2731 2789 2801 qui
2840 2730 3041 2787 talibus
3070 2743 3262 2804 agunt.
3290 2735 3430 2793 Nam
3460 2741 3507 2795 si
3532 2756 3715 2799 remo-

2108 2821 2177 2876 tis
2204 2820 2581 2891 hujuscemodi
2624 2821 2875 2877 omnibus
2903 2822 3109 2880 chartis
3158 2826 3375 2885 nollent
3413 2831 3715 2890 Ecclesium

2106 2912 2209 2968 nisi
2235 2915 2287 2969 in
2313 2912 2609 2985 Scripturis
2630 2914 2862 2981 adverti,
2887 2915 3021 2971 nihil
3052 2916 3363 2987 vellemus,
3398 2923 3533 2979 nihil
3562 2925 3715 2985 aliud

2107 3015 2445 3077 optaremus.
2473 3004 2715 3062 Crimina
2760 3007 2949 3063 dicunt
2989 3009 3323 3069 traditionis.
3367 3014 3446 3071 Ea
3478 3018 3713 3076 crimina

2110 3098 2418 3154 traditionis
2468 3109 2560 3155 aut
2615 3115 2722 3155 non
2787 3101 3022 3171 probant
3074 3102 3360 3174 archivis,
3446 3120 3502 3166 et
3574 3112 3713 3169 nihil

2025 3179 2072 3249 C
2105 3192 2326 3258 dicunt;
2353 3201 2446 3247 aut
2475 3194 2739 3262 probant,
2775 3200 2832 3249 et
2855 3194 3091 3251 archivis
3128 3211 3230 3253 nos
3254 3199 3502 3258 vicissim
3545 3219 3709 3276 agere

2102 3283 2458 3354 compellunt.
2490 3284 2677 3356 Itaque
2723 3287 2968 3357 pervidet
3020 3290 3337 3359 prmatautia
3379 3302 3467 3349 tua
3513 3295 3709 3354 distin~

2101 3375 2346 3447 guendas
2374 3391 2496 3431 esse
2523 3391 2716 3433 causas
2739 3418 2754 3443 ,
2785 3377 3004 3448 quando
3025 3393 3289 3450 cogamur
3317 3383 3551 3452 publicis
3572 3387 3708 3460 legio

2102 3468 2204 3527 bus
2252 3482 2446 3539 agere;
2488 3468 2707 3537 quando
2730 3476 2912 3526 autem
2944 3469 3179 3529 velimus
3229 3480 3284 3528 et
3323 3484 3576 3546 aptemus
3609 3495 3707 3537 nes

2100 3561 2307 3633 gotium
2338 3559 2595 3617 Ecclesia:
2619 3577 2723 3617 non
2760 3562 2863 3618 nisi
2889 3564 3090 3619 divinis
3130 3564 3364 3637 eloquiis
3395 3573 3701 3629 terminari.

2103 3651 2172 3707 Et
2199 3654 2305 3708 alia
2329 3652 2493 3724 306
2512 3669 2689 3707 manu.
2720 3652 3053 3725 Recoguovi.
3086 3653 3383 3714 Petilianus
3425 3662 3703 3733 episcopus

2103 3746 2397 3814 dixit.Qiud
2410 3745 2632 3815 elegerit
2652 3745 2813 3801 dicat.
2831 3747 3005 3802 Ambo
3025 3748 3167 3803 enim
3197 3759 3385 3809 tenere
3406 3770 3513 3811 non
3543 3770 3703 3827 pote-

2104 3849 2230 3895 runt
2259 3836 2349 3892 .Et
2375 3838 2481 3893 alia
2508 3855 2682 3893 manu.
2714 3838 3006 3895 Petilianns
3033 3841 3322 3913 episcopus
3364 3852 3702 3917 prosecution

2104 3948 2227 3989 nem
2259 3947 2432 3988 meam
2467 3931 2724 3986 incolumi
2749 3932 3113 4003 appellatione
3147 3941 3470 4009 recognovi.

2176 4026 2301 4082 156.
2332 4024 2672 4082 Marcellinus
2687 4026 2765 4081 vir
2786 4026 3108 4082 clarissimus
3131 4030 3367 4088 tribunus
3383 4044 3430 4089 et
3459 4039 3697 4096 notarius

2102 4120 2254 4174 dixit.
2306 4116 2717 4189 Aperlissimam
2750 4122 3195 4187 prosecutionem
3232 4125 3406 4192 partis
3452 4128 3698 4185 adversas

2103 4210 2269 4265 fuisse
2292 4209 2422 4264 satis
2459 4208 2665 4263 clarum
2712 4218 2795 4264 est
2825 4229 2838 4262 :
2865 4209 2917 4263 in
2948 4226 3052 4282 qua
3084 4210 3137 4266 id
3174 4212 3389 4273 videtur
3415 4227 3696 4276 ostensum

2104 4300 2232 4356 utsi
2263 4299 2566 4355 traditionis
2611 4302 2819 4357 crimen
2866 4302 3141 4373 ohjicitur,
3184 4307 3333 4377 quod
3361 4309 3479 4365 sine
3524 4312 3694 4370 dubio

2101 4393 2309 4465 lcgibus
2333 4392 2531 4449 divinis
2562 4407 2669 4449 non
2700 4402 2882 4464 potest
2904 4396 3227 4467 approbari,
3270 4401 3366 4457 sed
3410 4412 3692 4473 gestorum

2100 4487 2207 4544 ﬁde
2235 4488 2549 4559 diligentius
2575 4488 2848 4558 inveniri,
2882 4497 2996 4546 tum
3025 4490 3246 4548 demum
3267 4495 3437 4564 gemis
3461 4498 3697 4569 publicis

392 4595 680 4665 cpiscopus
727 4594 1171 4666 prosecutionem
1213 4606 1390 4648 meam
1440 4591 1697 4649 incolumi
1744 4592 1991 4664 appella-

2097 4582 2277 4637 omnia
2304 4594 2651 4655 peragantur.
2687 4582 2783 4640 Sin
2811 4598 2941 4639 vero
2969 4600 3128 4641 causa
3156 4586 3282 4643 ﬁdei
3304 4592 3533 4660 cmperit
3580 4594 3690 4665 agi,

391 4687 535 4743 tione
561 4688 875 4760 recognovi.

465 4780 588 4836 150.
625 4778 967 4836 Marcellinus
992 4780 1072 4835 vir
1086 4778 1401 4835 clarissimus
1425 4776 1659 4832 tribunus
1679 4787 1726 4832 et
1753 4778 1985 4833 notarius

392 4871 542 4930 dixit.
574 4873 849 4945 Suscipiat
875 4874 1113 4930 ofﬁcium
1162 4888 1286 4945 qure
1326 4872 1397 4928 ab
1438 4871 1686 4943 utrisque
1733 4873 1983 4944 partibus

390 4968 710 5034 oﬂ'eruntur,
741 4978 793 5024 et
823 4968 1074 5024 conferat
1097 4974 1348 5037 tempus,
1397 4973 1456 5021 ut
1494 4978 1617 5036 qure
1652 4965 1834 5036 priora
1863 4980 1989 5023 esse

390 5059 727 5127 constiterit,
758 5058 948 5117 eadem
976 5058 1295 5116 recitentur.

464 5155 591 5212 151.
625 5154 922 5210 Petilianus
948 5154 1218 5225 episcopus
1248 5151 1401 5208 dixit.
1426 5147 1641 5206 Sensim
1685 5150 1739 5205 in
1766 5165 1984 5207 causam

388 5245 720 5304 inducimur.
756 5245 821 5301 Et
849 5245 954 5300 alia
984 5262 1160 5301 manu.
1199 5244 1497 5301 Petilianus
1542 5241 1830 5315 episcopus
1861 5258 1986 5314 pros

390 5336 728 5406 mentionem
760 5355 936 5395 meam
958 5340 1320 5413 appellatione
1343 5336 1601 5395 incolumi
1633 5338 1945 5408 recognovi.

454 5434 590 5490 152.
620 5432 894 5489 Possidius
922 5434 1194 5505 episcopus
1216 5429 1470 5488 Ecclesiae
1497 5430 1766 5486 catholica
1791 5431 1941 5485 dixit.

389 5525 545 5595 Quod
569 5526 805 5597 petistis,
844 5526 1145 5583 oﬁ'erimus.
1189 5524 1308 5581 Non
1335 5539 1431 5580 vos
1462 5526 1721 5594 paeniteat
1761 5524 1982 5594 petisse.

388 5620 622 5690 Antiqua
669 5631 822 5693 gesta
875 5621 1125 5675 voluistis
1169 5619 1409 5675 recitari.
1462 5618 1589 5675 Haec
1638 5619 1691 5674 in
1736 5619 1985 5675 manibus

391 5712 660 5770 habemus
684 5755 700 5781 ,
725 5715 914 5784 jubeat
951 5711 1207 5767 nobilitas
1249 5720 1336 5766 tua
1362 5710 1515 5782 quod
1537 5710 1817 5768 olferimus
1845 5710 1991 5767 reci-

395 5806 519 5863 tari.
556 5805 625 5863 Et
651 5806 758 5863 alia
778 5822 956 5863 mauu.
990 5804 1320 5880 Recognovi.

2100 4686 2230 4734 tunc
2261 4679 2325 4734 ad
2356 4694 2417 4735 ea
2445 4693 2566 4749 quae
2591 4678 2795 4735 veteris
2822 4688 2876 4734 et
2906 4680 3031 4734 novi
3059 4678 3395 4738 Testamenti
3426 4678 3692 4757 exemplis

2097 4771 2341 4829 docenda
2388 4781 2513 4827 sunt
2558 4772 2831 4828 venietur.
2878 4770 3037 4829 Unde
3088 4775 3347 4830 sanctitas
3388 4768 3613 4847 vestra,
3642 4780 3692 4838 si

2096 4857 2409 4936 petitionem
2456 4878 2607 4921 suam
2652 4866 3199 4939 prosecutioncmque
3236 4870 3479 4928 adversae
3522 4877 3695 4945 partis

2094 4958 2209 5012 vult
2254 4957 2679 5029 professionibus
2732 4958 3017 5027 roborari,
3059 4958 3339 5017 evidenter
3398 4968 3688 5039 ostendat,

2094 5061 2277 5109 utrum
2323 5051 2625 5108 traditionis
2660 5053 2899 5117 crimen,
2943 5053 3087 5124 quod
3114 5054 3335 5125 probari
3379 5058 3689 5118 nullatenus

2091 5152 2306 5215 potest,
2334 5141 2436 5198 nisi
2471 5143 2792 5215 quibusdam
2843 5143 3272 5202 evidentissimis
3313 5148 3686 5219 documentis,

2094 5239 2178 5311 agi
2207 5238 2261 5294 in
2284 5238 2488 5309 judicio
2517 5238 2823 5305 desideret,
2856 5253 2924 5294 an
2959 5246 3164 5295 tantum
3195 5240 3563 5304 ﬁdeicausain
3594 5261 3691 5302 cu.

2091 5332 2172 5404 pit
2199 5331 2252 5386 in
2273 5324 2479 5402 judicio
2519 5330 2914 5394 mediocritatis
2940 5346 3077 5389 meas
3113 5332 3342 5405 disquiri
3390 5342 3552 5409 atque
3577 5344 3690 5394 ter-

2091 5440 2308 5481 minari.
2442 5466 2445 5470 -
2968 5442 2972 5446 ’

2165 5519 2291 5577 157.
2323 5518 2584 5575 Emeritus
2635 5520 2905 5592 cpiscopus
2957 5521 3107 5578 dixit.
3169 5522 3302 5589 Quae
3355 5523 3425 5579 ad
3468 5540 3687 5584 causam

2092 5614 2395 5685 pertinent,
2448 5611 2649 5683 saepius
2693 5628 2790 5670 me.
2832 5614 3101 5684 replicare
3147 5613 3254 5669 non
3302 5614 3487 5685 pudet.
3536 5617 3692 5677 Adeo

2090 5709 2237 5764 enim
2284 5716 2341 5762 et
2386 5707 2445 5765 in
2468 5707 2641 5778 prima
2699 5705 2876 5762 fronte
2919 5707 3119 5777 negotii
3152 5704 3603 5780 postulauimus,
3633 5721 3694 5770 ut

2092 5799 2413 5867 mandatum
2453 5799 2761 5872 legatorum
2800 5810 3029 5857 suorum
3053 5799 3174 5855 luce
3212 5796 3415 5857 clarius
3461 5800 3689 5865 demon.
