4134 6186
507 297 642 353 1591

1452 288 1684 348 GESTA
1721 287 2178 347 COLLATIONIS
2215 289 2834 351 CARTHAGINENSIS.

3654 290 3795 350 159;).

506 422 778 478 strarent;
813 425 879 467 ne
900 426 1022 467 cum
1051 410 1167 465 htec
1193 409 1245 464 in
1268 407 1531 479 judicium
1565 411 1927 474 mitterentur,
1963 408 2100 464 forte
2127 412 2175 471 Α
2205 409 2347 479 quod
2391 420 2574 465 nostro
2604 412 2857 465 mandato
2889 409 3496 482 snbscriptionibusque
3537 410 3799 465 firmatum

503 514 816 563 retinerent.
850 504 1080 559 Possunt
1107 502 1248 556 enim
1283 502 1466 557 dicere
1498 519 1511 553 :
1546 502 1648 556 alia
1691 502 2095 568 mandavimus,

507 613 616 655 non
650 597 838 653 eadem
877 593 1192 650 censuimus
1224 635 1238 660 ,
1295 609 1395 648 nec
1438 593 1668 662 petenda
1727 594 1793 646 ab
1834 592 2100 662 imperiali

503 700 780 764 praecepto
827 689 1220 743 consensimus.
1280 684 1436 741 Sicut
1483 685 1625 741 enim
1681 701 1846 740 nunc.
1895 683 1956 738 Et
1988 700 2104 737 cum

507 784 698 837 diceret
733 781 827 854 (Et
855 782 963 834 alia
1012 797 1192 834 manu.
1225 779 1496 834 Emeritos
1514 777 1804 848 episcopus
1831 777 1981 832 salva
2002 791 2102 847 ap-

506 876 800 947 pellatione
825 872 1162 945 recognovi).

580 968 707 1024 158.
737 966 1074 1022 Marcellinus
1096 967 1172 1019 vir
1192 965 1511 1020 clarissimus
1539 965 1777 1020 tribunus
1797 975 1844 1020 et
1871 965 2106 1019 notarius

508 1063 659 1117 dixit.
691 1061 814 1115 Hac
843 1061 1217 1115 universorum
1249 1059 1741 1130 subscriptionibus
1777 1067 1992 1114 constat
2021 1073 2105 1112 es.

509 1169 572 1210 se
599 1153 872 1208 mandata.

581 1233 710 1289 159.
746 1229 1004 1286 Emeritus
1031 1233 1305 1301 episcopus
1351 1231 1502 1286 dixit.
1555 1231 1820 1299 Quoniam
1851 1230 1956 1285 duo
1982 1239 2110 1285 sunt

507 1329 724 1399 negotia
747 1367 763 1392 ,
792 1325 900 1380 duo
939 1326 1140 1380 debent
1167 1341 1288 1380 esse
1312 1325 1586 1379 mandata.
1630 1323 1938 1378 Mandatum
1963 1324 2107 1395 quod

506 1423 565 1476 in
616 1420 834 1492 negotio
882 1420 1135 1488 prxsenti
1179 1419 1462 1473 recitatum
1485 1461 1501 1484 ,
1529 1418 1666 1474 actis
1699 1420 1958 1473 insertum
1984 1427 2107 1483 est;

509 1512 824 1568 mandatum
857 1526 990 1566 vero
1019 1509 1169 1580 quod
1201 1510 1394 1581 legatis
1413 1510 1622 1566 videtur
1650 1509 1928 1573 traditum,
1961 1510 2110 1564 nullo

509 1603 565 1658 in
612 1603 775 1659 modo
828 1603 1112 1658 recitatum
1168 1613 1270 1658 est.
1328 1604 1593 1658 Debemus
1648 1621 1777 1674 ergo
1829 1604 2111 1660 advertere

510 1708 692 1752 utrum
723 1695 907 1751 ethoc
935 1707 1062 1750 ante
1084 1737 1099 1761 ,
1153 1703 1213 1750 ut
1242 1697 1615 1765 imperialibus
1667 1698 1888 1752 auribus
1931 1697 2114 1752 defer-

2204 511 2308 556 esl.
2339 501 2405 555 Et
2427 505 2532 556 alia
2562 521 2740 558 manu.
2799 503 3133 573 Recognovi.

2279 595 2403 650 163.
2437 595 2734 650 Adeodatas
2753 599 3027 666 episcOpus
3051 597 3206 652 dixit.
3229 597 3346 652 Non
3371 607 3604 669 possunt
3629 599 3680 652 in
3705 613 3810 652 uno

2206 689 2462 745 mandato
2503 689 2717 745 diversa
2751 691 2996 745 mandari
3050 691 3288 762 negotia.
3332 692 3440 748 Sed
3482 693 3528 747 si
3584 693 3807 746 forsitan

2207 781 2398 837 eadem
2430 798 2548 852 qua
2580 782 2843 838 adversus
2886 798 2984 838 nos
3016 784 3516 846 mandastis,etiam
3546 783 3807 839 adversus

2209 874 2344 928 alias
2371 876 2680 946 provincias
2710 875 2994 932 mandasse
3023 886 3072 932 te
3094 885 3348 943 constat,
3375 877 3518 933 bene
3549 877 3683 932 facis
3710 895 3817 932 non

2208 968 2464 1038 prodere.
2496 968 2614 1022 Non
2668 977 2720 1023 te
2777 984 2906 1040 ergo
2963 970 3014 1023 in
3067 970 3308 1025 medium
3357 970 3626 1040 proferas.
3671 973 3821 1037 Quo-

2213 1062 2359 1116 niam
2403 1079 2488 1117 me
2522 1063 2754 1132 primum
2780 1063 2995 1134 insequi
3023 1063 3331 1132 desideras,
3356 1079 3544 1120 servas
3567 1064 3669 1120 hoc
3701 1065 3825 1121 aliis

2216 1155 2530 1226 provinciis.
2576 1156 2876 1212 Ostendisti
2929 1158 3055 1228 quid
3090 1157 3305 1226 fecisti,
3357 1158 3645 1215 ostendisti
3691 1160 3822 1230 quid

2211 1248 2379 1303 celes.
2431 1247 2618 1305 Teneo
2656 1259 2807 1304 tuum
2861 1250 3247 1316 mendacium,
3297 1260 3456 1307 teneo
3506 1251 3818 1308 falsitatem.

2214 1340 2282 1394 Et
2311 1342 2420 1396 alia
2448 1359 2624 1397 manu.
2661 1343 2975 1400 Adeodatus
3001 1347 3293 1417 episccipus
3323 1346 3472 1401 salva
3499 1347 3822 1418 appellatio-

2214 1451 2283 1492 ne
2311 1438 2630 1506 recognovi.

2289 1528 2410 1583 161.
2444 1527 2784 1584 Marcellinus
2809 1528 2884 1582 uir
2912 1529 3233 1584 clarissimus
3253 1531 3496 1587 tribunus
3520 1541 3568 1585 et
3591 1533 3818 1587 notarius

2215 1620 2368 1674 dixit.
2402 1620 2795 1675 Prosecutione
2824 1635 2919 1675 sua
2939 1661 2954 1687 ,
2980 1622 3062 1676 vir
3092 1622 3457 1687 venerabilis,
3499 1624 3544 1678 si
3573 1624 3818 1695 dignatur

2216 1714 2474 1768 sanctitas
2507 1723 2595 1768 tua
2627 1712 2921 1784 diligenter
2950 1714 3233 1768 advertere
3260 1756 3274 1778 ,
3304 1729 3414 1769 non
3449 1714 3732 1770 adversum
3765 1726 3816 1772 te

507 1799 660 1846 retur
686 1833 699 1856 ,
729 1789 799 1845 ab
829 1788 1020 1844 iisdem
1060 1789 1274 1845 videtur
1311 1805 1432 1846 esse
1462 1792 1862 1860 conscriptum;
1897 1802 1957 1846 ut
1983 1807 2103 1846 cum
2138 1804 2184 1864 Β
2211 1804 2416 1874 aliquid
2445 1819 2504 1858 se
2537 1803 2857 1873 mandasse,
2901 1805 2995 1862 sed
3045 1821 3106 1861 ea
3143 1819 3267 1876 qua;
3297 1805 3362 1860 ad
3401 1817 3453 1862 le
3500 1822 3608 1861 non
3646 1809 3812 1878 pel-li-

511 1891 737 1952 utraque
765 1882 1013 1936 mandata
1062 1883 1115 1936 in
1140 1882 1344 1950 judicio
1387 1882 1590 1938 fuerint
1619 1885 1839 1938 recitata
1861 1929 1875 1952 ,
1925 1893 2107 1939 utrum

509 1991 674 2031 unam
705 1975 993 2029 habuerint
1031 1975 1398 2039 voluntatem,
1438 1975 1683 2044 judicare
1729 1976 1990 2042 digneris.
2038 1976 2110 2030 Et

509 2069 618 2122 alia
644 2085 823 2122 manu.
877 2066 1148 2121 Emeritos
1177 2069 1463 2138 episcopus
1508 2070 1660 2124 salvo
1695 2068 1891 2124 effectu
1920 2071 2108 2140 appel-

511 2161 734 2217 lationis
766 2160 1079 2226 recognovi.

583 2253 705 2310 160.
740 2251 1056 2322 Augustinus
1085 2252 1360 2323 episwpus
1386 2251 1634 2306 Ecclesia
1659 2253 1929 2307 catholica
1952 2251 2102 2308 dixit.

508 2345 630 2402 Jam
676 2348 837 2400 toties
873 2345 1354 2400 conclamavimus.
1386 2345 1695 2400 Mandatum
1739 2345 1880 2416 quod
1931 2345 2110 2416 injun-

506 2447 654 2494 ctum
682 2448 766 2492 est
791 2437 982 2507 legatis
1007 2437 1388 2507 episcoporum
1417 2477 1432 2499 ,
1465 2438 1534 2492 ab
1563 2438 1837 2507 episcopis
1865 2437 2108 2506 flagitant

504 2531 608 2588 sibi
641 2531 879 2587 recitari.
932 2530 1045 2585 Hoc
1074 2539 1159 2586 est
1209 2530 1384 2585 aliena
1439 2532 1720 2602 requirere
1768 2531 1834 2584 ad
1886 2546 2104 2585 causam

507 2640 616 2680 non
646 2625 991 2695 pertinentia.
1023 2623 1332 2677 Mandatum
1380 2623 1522 2692 quod
1555 2623 1712 2677 nobis
1741 2630 1963 2692 propter
1989 2623 2102 2676 Col-

505 2717 766 2774 latiouem
788 2732 909 2771 cum
934 2715 1018 2770 his
1048 2715 1348 2769 faciendam
1373 2716 1668 2785 injunctum
1697 2725 1811 2780 est,
1840 2714 1941 2768 hoc
1968 2714 2108 2770 reci-

507 2820 681 2866 latum
724 2818 808 2864 est
832 2851 844 2875 ,
881 2810 985 2863 hoc
1004 2809 1085 2863 eis
1113 2808 1364 2863 sufficiat.
1393 2808 1530 2876 Quid
1557 2809 1602 2863 si
1633 2809 1776 2863 enim
1824 2807 2000 2878 aliqua
2030 2806 2106 2860 le-

506 2905 645 2975 gatis
687 2901 937 2957 mandata
969 2912 1128 2965 sunt,
1159 2901 1226 2955 ad
1258 2915 1476 2956 causam
1521 2899 1741 2971 quidem
1789 2900 1947 2954 istam
1997 2912 2103 2953 non

505 2997 833 3068 pertinentia
858 3038 873 3063 ,
908 2995 1004 3051 sed
1033 3010 1153 3065 qua:
1179 2995 1327 3064 ipsos
1371 2994 1513 3048 scire
1545 2993 1842 3047 nolumus?
1893 2990 2106 3047 Sufficit

507 3089 652 3160 quod
682 3091 981 3158 imperator
1003 3087 1348 3142 collationem
1373 3100 1472 3139 nos
1502 3086 1701 3154 petisse
1729 3099 1828 3138 suo
1861 3086 2102 3138 testimo~

2213 1909 2376 1954 neant
2425 1900 2643 1970 propria
2695 1903 3078 1970 prosecutione
3126 1899 3380 1971 signavit.
3432 1901 3568 1955 Illud
3614 1910 3815 1956 tantum

2213 1991 2496 2046 evidenter
2517 1991 2802 2048 confessus
2824 2004 2905 2048 εει
2922 2037 2936 2059 ,
2962 1993 3307 2048 collationem
3335 2009 3396 2048 se
3418 1993 3670 2048 omnibus
3701 2010 3815 2049 mo-

2212 2085 2296 2141 dis
2345 2087 2687 2156 postulasse,
2737 2097 2792 2142 et
2846 2086 2986 2142 hanc
3034 2086 3200 2142 fuisse
3245 2101 3584 2142 concessam.
3663 2086 3812 2144 Unde

2210 2178 2358 2233 illius
2414 2180 2687 2243 mandati,
2733 2194 2802 2233 ne
2861 2177 3128 2234 excedere
3175 2178 3458 2233 videamur
3521 2177 3809 2246 itnperialis

2211 2273 2467 2340 praecepti
2494 2270 2745 2335 formam,
2770 2271 3100 2325 mentionem
3139 2271 3250 2324 fieri
3280 2267 3446 2325 video
3472 2268 3800 2323 nondcbere.

2209 2363 2552 2433 Quapropter
2599 2363 2663 2417 ad
2712 2378 2772 2418 ea
2827 2377 2949 2432 qua
2998 2362 3292 2431 quasivit,
3338 2361 3592 2415 sanctitas
3625 2369 3799 2415 vestra

2207 2456 2546 2524 respondere
2567 2455 2838 2522 dignetur,
2866 2465 3046 2510 utrum
3070 2455 3384 2510 traditionis
3403 2455 3606 2509 crimen
3635 2497 3648 2519 ,
3668 2453 3804 2524 quod

2208 2548 2448 2602 archivis
2489 2547 2719 2616 publicis
2764 2548 2964 2617 poterit
3015 2547 3344 2610 monstrari,
3388 2545 3473 2616 agi
3517 2546 3567 2599 in
3609 2544 3806 2614 judicio

2208 2639 2388 2695 velitis
2408 2682 2423 2707 ,
2448 2657 2513 2694 an
2547 2640 2812 2697 Ecclesiae
2841 2648 2897 2695 et
2924 2639 3049 2696 fidei
3083 2649 3296 2695 tantum
3341 2654 3562 2695 causam
3584 2639 3804 2709 cupiatis

2207 2732 2428 2802 inquiri.

2280 2825 2404 2879 165.
2457 2823 2746 2878 l’etilianus
2797 2825 3089 2896 Episcopus
3136 2825 3294 2880 dixit.
3372 2823 3594 2880 Urbane
3657 2823 3802 2878 nobis

2204 2913 2464 2979 illuditur,
2497 2925 2553 2969 ut
2581 2930 2705 2970 cum
2734 2917 2835 2985 ipsi
2863 2917 2972 2970 sint
3000 2917 3259 2986 petitores
3280 2957 3296 2982 ,
3327 2931 3659 2986 semperque
3685 2930 3801 2969 nos-

2207 3015 2344 3060 tram
2392 3023 2578 3077 pacem
2627 3008 3052 3079 lnquietaverint
3089 3019 3253 3080 atque
3298 3010 3683 3076 turbaverint,
3713 3022 3802 3062 nos

2205 3100 2327 3156 loco
2359 3106 2647 3171 petitorum
2681 3103 3100 3170 constituamur,
3132 3119 3255 3158 cum
3288 3105 3439 3174 pacis
3474 3115 3530 3159 et
3556 3103 3802 3159 Ecclesia:

505 3183 601 3238 nio
631 3181 947 3235 declaravit.
976 3181 1101 3235 Haec
1129 3193 1391 3234 concessa
1413 3187 1528 3243 est,
1563 3178 1630 3231 ad
1660 3177 1798 3231 hanc
1827 3180 2095 3242 venimus,
2126 3185 2170 3247 ο
2205 3193 2298 3248 Dei
2334 3210 2682 3262 possessores
2717 3211 2936 3266 semper
2962 3196 3226 3251 fuerimus
3249 3211 3311 3250 ac
3339 3196 3533 3251 simus.
3561 3196 3692 3250 Ρθιο
3719 3194 3804 3262 ξεί-

502 3275 623 3332 bac
667 3276 959 3345 aliquando
1005 3284 1213 3347 agatur,
1261 3273 1474 3329 veritati
1517 3289 1678 3329 aures
1708 3273 1984 3328 hominum
2010 3287 2102 3342 pa-

502 3376 639 3424 tent.
671 3367 740 3422 Et
769 3369 874 3424 alia
904 3386 1079 3423 manu.
1120 3368 1450 3439 Recognovi.

577 3459 704 3514 161.
732 3459 1027 3513 Adeodatus
1053 3461 1327 3529 episwpus
1375 3458 1526 3512 dixit.
1558 3456 1858 3512 Confessus
1893 3472 1952 3511 es
1980 3471 2101 3526 qua:

503 3551 632 3608 olim
666 3551 899 3606 tacuisti.
932 3551 1226 3606 Ostendisti
1258 3559 1308 3603 te
1332 3555 1498 3603 multa
1529 3549 1794 3604 adversus
1823 3565 1922 3604 nos
1945 3565 2100 3603 man-

504 3645 696 3710 dasse,
720 3658 842 3714 qua
867 3642 1012 3697 scire
1055 3658 1162 3696 non
1192 3641 1350 3696 facile
1379 3641 1695 3696 debeamus.
1728 3640 1882 3696 Unde
1904 3641 2098 3696 adver-

504 3739 569 3794 tit
601 3739 904 3794 sublimitas
932 3747 1053 3802 tua,
1081 3735 1207 3808 quid
1240 3752 1306 3791 ex
1346 3736 1466 3806 ejus
1498 3735 1874 3805 prosecutione
1899 3734 2101 3790 debea-

503 3845 628 3886 mus
657 3831 964 3893 advertere,
987 3828 1117 3899 quid
1143 3828 1269 3883 illud
1297 3827 1604 3883 mandatum
1654 3828 1928 3894 continet,
1957 3828 2102 3899 quod

505 3930 695 3975 contra
753 3936 852 3974 nos
903 3919 1216 3974 mandatum
1248 3920 1388 3974 scire
1433 3935 1537 3973 non
1589 3920 1745 3974 facile
1785 3921 2098 3976 debeamus.

505 4010 576 4065 Et
615 4012 721 4066 alia
764 4027 941 4065 manu.
993 4010 1306 4066 Adeodatus
1347 4011 1632 4080 episcopus
1664 4011 2101 4079 prosecutionem

503 4123 680 4166 meam
713 4108 858 4162 salva
889 4106 1595 4176 appellatione-recognovi.

579 4199 704 4254 162.
738 4199 1055 4270 Augustinus
1085 4199 1357 4270 episcopus
1384 4197 1632 4256 Ecclesia
1656 4200 1927 4256 catholica
1947 4201 2098 4255 dixit.

505 4291 623 4347 Non
656 4291 758 4346 hoc
790 4291 901 4347 dixi
923 4333 939 4358 ,
973 4305 1081 4345 non
1110 4290 1390 4346 advertisti
1418 4332 1433 4358 ,
1465 4302 1556 4346 aut
1599 4291 1906 4347 dissimulas
1930 4303 1981 4347 te
2007 4308 2102 4347 au-

503 4384 650 4440 disse
692 4383 835 4453 quod
883 4383 1017 4438 dixi.
1073 4383 1242 4450 Audi,
1291 4384 1502 4454 planius
1554 4383 1658 4439 hoc
1713 4384 1974 4450 dicimus,
2033 4401 2102 4440 ne

501 4475 650 4532 forte
676 4476 830 4546 culpa
862 4492 979 4532 mea
1012 4490 1122 4531 non
1173 4477 1505 4532 intellexeris
1527 4517 1544 4543 ,
1575 4475 1702 4530 dum
1728 4476 1780 4532 id
1817 4476 2101 4533 obscurius

2203 3295 2290 3341 tur
2314 3287 2646 3342 nobilitatem
2679 3297 2822 3342 tuam
2844 3300 2902 3342 ut
2929 3288 3074 3344 hunc
3101 3287 3347 3344 ordinem
3371 3303 3586 3344 serves.
3624 3287 3803 3342 Osten-

2203 3377 2334 3434 dant
2364 3380 2490 3450 quid
2523 3381 2774 3450 egerint,
2828 3382 2900 3435 ibi
2953 3383 3200 3437 invenies
3247 3384 3537 3452 petitores.
3602 3381 3666 3435 Et
3711 3379 3804 3433 alia

2201 3487 2378 3525 manu.
2409 3472 2708 3528 Petilianus
2738 3473 3030 3544 episcopus
3070 3474 3217 3528 salva
3258 3475 3637 3544 appellatione
3663 3487 3804 3528 reco-

2203 3565 2388 3633 gnovL

2276 3645 2401 3700 166.
2436 3644 2772 3701 Marcellinus
2793 3648 2872 3700 uir
2891 3647 3210 3702 clarissimus
3232 3646 3471 3702 tribunus
3506 3659 3554 3702 et
3582 3648 3804 3702 notarius

2204 3736 2358 3791 dixit.
2385 3737 2442 3794 Si
2466 3741 2728 3794 sanctitas
2781 3748 2869 3794 tua
2905 3741 3290 3809 permitteret,
3341 3740 3433 3796 vel
3473 3741 3808 3811 permisisset

2203 3839 2352 3899 gesta
2379 3831 2595 3885 recitari
2619 3873 2634 3897 ,
2654 3833 2763 3901 jam
2789 3832 2919 3886 olim
2942 3833 3030 3903 qui
3065 3833 3314 3902 petitoris
3341 3833 3465 3888 loco
3487 3833 3801 3895 adsisteret,

2206 3924 2472 3992 potuisset
2493 3924 2728 3980 ostendi.
2777 3924 2931 3980 Unde
2954 3926 3038 3981 vel
3062 3941 3204 3981 nunc
3245 3927 3555 3996 antiquiora
3581 3971 3597 3997 ,
3646 3936 3704 3981 ut
3730 3926 3807 3980 in-

2207 4017 2433 4071 terfatus
2459 4033 2576 4072 sum
2600 4061 2614 4086 ,
2645 4029 2797 4088 gesta
2827 4023 3140 4074 recitentur.
3178 4019 3476 4075 Petilianus
3521 4019 3802 4090 Episcopus

2205 4110 2358 4164 dixit.
2390 4110 2651 4166 Ordinem
2684 4127 2842 4168 serva
2875 4121 3177 4184 gestorum.
3209 4111 3279 4165 Et
3309 4113 3420 4166 alia
3445 4129 3624 4167 manu.
3666 4111 3799 4166 Peti-

2203 4203 2377 4258 lianus
2405 4205 2692 4274 episcopus
2738 4207 3170 4276 prosecutionem
3219 4219 3398 4260 meam
3443 4203 3796 4276 appellatione

2174 4364 2186 4373 ν
2205 4297 2462 4353 incolumi
2504 4300 2791 4368 recognovi
2804 4341 2817 4353 .

2278 4389 2403 4443 167.
2435 4389 2770 4445 Marcellinus
2790 4390 2865 4445 uir
2894 4391 3215 4446 clarissimus
3242 4391 3482 4446 tribunus
3509 4401 3556 4446 et
3576 4392 3801 4445 notarius

2205 4481 2356 4537 dixit.
2387 4483 2587 4537 Eorum
2617 4491 2895 4554 gestorum
2937 4499 3061 4553 qua:
3110 4499 3139 4535 a
3181 4483 3429 4554 partibus
3467 4483 3766 4540 offeruntur
3789 4525 3804 4547 ,

504 4573 838 4646 aliquantum
885 4575 993 4630 dixi
1029 4573 1214 4630 studio
1257 4574 1539 4630 brevitatis
1565 4615 1580 4639 ,
1631 4574 1772 4643 quod
1817 4574 2099 4643 percipere
2126 4561 2180 4621 D
2208 4574 2261 4629 id
2282 4583 2366 4630 est
2395 4579 2860 4646 proconsularium
2890 4587 2945 4632 et
2973 4577 3362 4634 illustrissima
3390 4578 3574 4645 sedis,
3598 4589 3808 4649 tempo-

501 4669 834 4740 neqniveris.
861 4667 1058 4723 Notum
1091 4667 1442 4722 estomnibus
1456 4666 1652 4720 multas
1679 4680 1871 4720 causas
1900 4666 2102 4722 habere

501 4763 805 4821 Ecclesiam
823 4801 838 4827 ,
872 4769 928 4816 et
943 4775 1096 4816 suam
1121 4801 1135 4825 ,
1161 4769 1215 4815 et
1234 4761 1559 4830 privatarum
1591 4772 1945 4827 personarum
1971 4757 2101 4812 sibi-

501 4864 618 4912 met
645 4855 1089 4919 commissarum;
1131 4863 1185 4907 et
1231 4859 1408 4920 potest
1458 4850 1575 4905 fieri
1605 4857 1663 4903 ut
1706 4849 1774 4905 ad
1811 4852 2100 4920 episcopo.

500 4962 623 5005 rum
657 4946 1100 5001 intercessionem
1127 4945 1295 4999 multa
1341 4943 1665 5014 pertineant.
1699 4942 1918 4999 Secreta
1945 4944 2100 5001 nobis

502 5036 914 5092 committuntur
952 5035 1288 5106 negotiorum
1335 5042 1390 5090 et
1435 5049 1718 5089 causarum
1763 5035 2094 5105 alienarum,

502 5128 560 5184 in
583 5126 779 5198 quibus
823 5135 1005 5181 nostra
1049 5127 1376 5182 inlerventio
1421 5140 1567 5196 sape
1600 5127 1920 5194 postulatur,
1967 5143 2092 5197 pro-

503 5233 624 5292 pter
644 5236 765 5292 quae
791 5219 1052 5274 auxilium
1099 5220 1168 5274 ab
1206 5219 1447 5290 Ecclesia
1477 5219 1734 5289 poscitur.
1789 5219 1916 5274 Hmc
1968 5236 2095 5290 pro-

500 5314 676 5371 denda
735 5329 841 5367 non
893 5320 1053 5377 sunt,
1085 5328 1152 5367 ne
1201 5314 1503 5382 proditores
1549 5313 1905 5368 inveniamur.
1938 5313 2098 5369 Suffi-

500 5406 695 5461 cittibi
728 5403 870 5474 quod
911 5402 1259 5457 collationem
1310 5421 1396 5459 me
1446 5406 1644 5474 petisse
1701 5406 1754 5458 in
1801 5420 1962 5459 causa
2005 5418 2093 5458 tua

497 5501 614 5568 ipse
647 5498 799 5553 tesus
831 5507 912 5550 εει
945 5493 1404 5551 clementissimus
1433 5497 1743 5566 imperator.
1776 5495 1916 5548 Nihil
1949 5497 2091 5551 ultra

499 5607 746 5662 quaeras,
789 5591 833 5645 si
867 5589 1076 5659 negotia
1106 5588 1280 5642 aliena
1318 5604 1425 5643 non
1473 5591 1690 5657 qumris.
1741 5588 1968 5659 Ni-gotio
2000 5599 2091 5645 tuo

502 5686 708 5741 sufﬁcit
731 5685 873 5756 quod
898 5684 966 5740 de
993 5684 1109 5754 ipsa
1135 5681 1478 5753 imperatoris
1509 5683 1626 5754 lege
1655 5682 1936 5738 recitatum
1966 5689 2049 5738 est
2069 5723 2085 5748 ,

2206 4683 2263 4722 ra
2288 4669 2602 4725 recitentur.

2281 4761 2405 4816 168.
2443 4761 2708 4818 Possidius
2749 4764 3021 4834 episcopus
3063 4763 3312 4820 Ecclesia
3360 4767 3632 4822 catholica
3655 4768 3804 4822 dixit.

2208 4851 2496 4908 Offerimus
2526 4855 2742 4910 chartas
2765 4856 3100 4924 antiquiores
3143 4858 3347 4912 nostris
3393 4858 3809 4914 definitionibus

2207 4944 2533 5014 profuturas.
2569 4943 2635 5000 Et
2661 4948 2765 5001 alia
2792 4964 2966 5002 manu.
3000 4948 3324 5018 Recognovi.
3382 4948 3670 5006 Montanus
3696 4953 3808 5022 epi-

2203 5057 2392 5110 scopus
2429 5041 2581 5096 dixit.
2614 5042 2669 5100 Si
2690 5043 2848 5113 jubes
2872 5086 2888 5112 ,
2912 5045 2982 5101 de
3012 5046 3195 5102 codice
3226 5045 3370 5117 lego.
3393 5046 3462 5101 Et
3487 5049 3594 5102 alia
3623 5065 3810 5103 manu.

2203 5132 2489 5188 Montanus
2521 5134 2806 5205 episcopus
2855 5139 3297 5208 prosecutionem
3341 5155 3521 5196 meam
3564 5143 3809 5213 appella-

2206 5223 2350 5278 tione
2379 5225 2632 5280 incolumi
2660 5231 2975 5298 recognovi.

2280 5317 2397 5372 169.
2434 5316 2773 5374 Marcellinus
2793 5321 2870 5374 uir
2895 5321 3210 5376 clarissimus
3243 5323 3480 5378 tribunus
3500 5335 3548 5379 ct
3572 5326 3812 5380 notarius

2205 5405 2356 5463 dixit.
2381 5407 2530 5462 Sient
2559 5412 2753 5476 statui,
2783 5412 2851 5466 ab
2891 5412 3074 5468 olficio
3105 5415 3387 5470 recitetur.
3420 5414 3690 5488 Navigius
3718 5419 3815 5473 ad—

2189 5501 2342 5570 jutor
2391 5517 2717 5554 numerorum
2763 5505 3010 5558 recitauit.
3048 5505 3175 5561 Pust
3212 5508 3557 5561 causulatuni
3613 5509 3685 5564 Ι).
3742 5509 3808 5565 Ν.

2199 5588 2493 5647 Theodosii
2534 5592 2760 5664 Augusti
2813 5594 2925 5667 (1),
2982 5597 3162 5654 idibus
3193 5598 3529 5670 Septembris
3572 5601 3810 5657 Cartha-

2195 5685 2341 5754 gine.
2373 5685 2440 5739 Et
2466 5703 2581 5740 cum
2609 5689 2868 5752 recitaret,

503 5827 509 5832 -
567 5795 648 5866 (1)
691 5796 1005 5888 Legendum
1050 5793 1121 5851 D.
1158 5792 1211 5851 Ν
1219 5836 1232 5851 .
1263 5792 1554 5852 Theodosio
1598 5792 1718 5850 PP.
1762 5793 1996 5864 Augusto
2023 5806 2072 5850 et
2118 5794 2404 5855 Runiorido
2431 5815 2479 5856 υ.
2511 5819 2557 5857 c.
2587 5817 2744 5869 coss.,
2775 5813 2828 5857 ut
2858 5802 2995 5874 infra
3019 5846 3035 5874 ,
3076 5821 3248 5863 annus
3275 5816 3348 5862 est
3374 5807 3502 5875 105,
