4134 6186
395 239 417 294 1
430 236 532 293 595

394 448 493 502 xit.
519 446 828 516 Autiquiora
856 446 1192 515 proferimus.
1219 442 1285 496 Et
1308 441 1413 495 alia
1443 457 1618 494 manu.
1651 437 1986 508 Recognovi.

396 539 732 594 Marcellinus
767 540 840 592 vir
877 538 1187 592 clarissimus
1219 537 1451 589 tribunus
1495 543 1541 586 et
1569 531 1802 586 notarius
1832 531 1985 584 dixit.

389 633 610 688 Interim
640 634 740 687 ista
773 646 891 702 quze
916 632 1216 699 antiquiora
1245 637 1373 682 sunt
1400 633 1552 698 gesta
1585 625 1638 678 iit
1668 623 1797 678 sede
1829 622 1982 676 illus-

389 727 550 779 triutn
585 723 762 778 habita
794 730 1153 794 potestatum,
1192 719 1434 791 patimini
1487 718 1822 785 relegantur.
1863 712 1985 767 Na-

388 820 553 892 vigius
592 821 798 892 adjutor
845 832 1175 870 numerorum
1223 813 1475 868 recitavit.
1526 815 1586 864 υ.
1634 809 1696 862 Ν.
1750 808 1988 864 Arcadio

390 916 633 983 Augusto
659 927 708 966 vr
739 921 792 964 et
823 910 1004 964 Probo
1032 910 1148 964 viro
1177 906 1484 962 clarissimo
1513 902 1833 958 consulibus
1857 902 1980 973 (An.

389 1007 540 1078 40b).
573 1007 780 1061 Etcum
815 1005 1072 1067 recitaret,

462 1101 584 1154 171.
621 1097 957 1153 Marcellinus
985 1097 1063 1150 vir
1101 1094 1415 1150 clarissimus
1459 1093 1691 1147 tribunus
1734 1100 1780 1144 et
1815 1088 1986 1142 Nota-

386 1193 492 1246 rius
539 1192 689 1246 dixit.
730 1191 861 1259 Quze
902 1189 1082 1259 priora
1119 1198 1266 1253 sunt,
1299 1189 1364 1240 :tb
1394 1188 1573 1242 oftieio
1605 1192 1982 1256 suggerantur.

459 1283 582 1337 172.
621 1283 937 1352 Ruﬁnianus
959 1280 1130 1334 scriba
1149 1281 1243 1334 uiri
1265 1278 1536 1333 clarissimi
1558 1280 1810 1332 curatoris
1833 1276 1986 1330 dixit.

381 1373 456 1428 Ea
488 1382 612 1428 sunt
663 1372 842 1443 priora
895 1387 1016 1442 quas
1043 1373 1096 1426 in
1129 1371 1316 1427 codice
1352 1370 1534 1425 oblato
1586 1370 1648 1442 (a
1676 1364 1988 1436 Donatistis)

379 1467 756 1522 continentur.

453 1561 578 1615 115.
631 1559 854 1630 Alypius
911 1559 1182 1630 episcOpus
1223 1556 1472 1610 Ecclesia:
1519 1554 1784 1610 catholica:
1830 1553 1986 1607 dixit.

377 1651 520 1706 Ecce
561 1652 869 1720 antiquiora
919 1649 1269 1720 proferimus.
1321 1648 1388 1702 Et
1428 1649 1536 1702 alia
1575 1665 1750 1702 manu.
1804 1646 1990 1700 Reco-

369 1744 553 1814 gnovi.
585 1744 897 1812 Rufinianus
919 1743 1089 1796 scriba
1130 1745 1227 1797 viri
1253 1743 1530 1797 clarissimi
1556 1743 1808 1796 curatoris
1825 1741 1981 1794 dixit.
2019 1735 2065 1794 B

371 1835 692 1904 Siquidem,
745 1836 885 1888 sicut
939 1840 1352 1904 suggessimus,
1407 1835 1747 1889 consulatum
1805 1831 1993 1886 conti-

369 1922 534 1983 neant
566 1928 853 1982 Theodosii
876 1927 1103 1998 Augusti
1134 1938 1189 1981 et
1211 1927 1495 1982 Rumoridi
1523 1927 1622 1982 viri
1650 1925 1990 1987 clarissimi,

364 2023 472 2076 alia
501 2038 631 2078 vero
661 2023 1000 2078 consulatum
1031 2023 1356 2078 contineant
1383 2022 1447 2076 D.
1498 2021 1562 2077 N.
1596 2020 1826 2076 Arcadii
1851 2032 1907 2072 vr
1936 2027 1992 2074 et

362 2113 530 2169 Probi
561 2115 659 2169 viri
691 2115 1002 2169 clarissimi.

441 2206 566 2260 174.
603 2205 936 2262 Marcellinus
983 2209 1062 2262 vir
1102 2209 1431 2262 clarissimus
1471 2208 1710 2262 tribunus
1739 2216 1791 2261 et
1838 2213 1989 2258 nota-

356 2301 466 2355 rius
493 2301 643 2354 dixit.
678 2303 750 2355 lia
777 2318 895 2371 quat
929 2303 1234 2373 antiquiora
1270 2311 1400 2358 sunt
1436 2303 1768 2359 recitentur.
1819 2296 1988 2352 Naui-

355 2395 473 2466 gius
528 2394 734 2464 adjutor
763 2411 1095 2449 numerorum
1123 2396 1290 2466 ofﬁcii
1329 2397 1426 2450 viri
1457 2395 1745 2450 clarissimi
1781 2401 1829 2446 et
1861 2408 1981 2460 spe-

358 2489 561 2544 ctabilis
609 2490 796 2556 vicarii,
833 2491 1084 2545 recitavit.
1133 2491 1464 2560 Aiquitatem
1514 2500 1663 2546 tuam
1697 2486 1978 2561 petimus,

352 2582 652 2654 Septimine
679 2583 758 2636 vir
783 2583 1100 2652 clarissime,
1136 2585 1525 2654 procmtsulum
1550 2597 1785 2638 summe
1811 2581 1980 2638 subli-

353 2676 476 2732 mis.
505 2675 667 2730 Multa
693 2683 871 2730 contra
900 2676 1128 2740 divinas,
1165 2674 1537 2745 humanasque
1567 2675 1731 2744 leges
1766 2672 1841 2727 ab
1869 2673 1979 2730 ba:-

353 2771 534 2825 reticis
578 2767 646 2823 de
695 2778 840 2838 parte
885 2768 1075 2823 Donati
1107 2768 1346 2823 Ecclesia
1393 2769 1662 2822 catholica
1701 2768 1973 2834 sustinet,

353 2880 475 2935 qua:
501 2863 547 2919 si
577 2863 662 2919 vel
707 2862 1060 2920 auterioribus
1089 2867 1170 2918 vel
1215 2865 1610 2919 recentioribus
1655 2864 1976 2932 imperiali-

354 2957 455 3013 bus
485 2958 654 3027 jussis
697 2957 1024 3028 prohibenda
1073 2968 1128 3012 et
1167 2958 1402 3013 tollenda
1434 2958 1777 3030 postulanda
1810 2960 1975 3016 velle-

357 3067 476 3106 mus
499 3095 512 3118 ,
551 3065 885 3120 nequaquam
917 3051 1118 3107 audere
1154 3052 1417 3107 deberent
1448 3053 1514 3107 de
1552 3051 1770 3106 nostris
1801 3056 1970 3110 actio-

1340 230 1568 290 GESTA
1606 227 2069 288 COLLATIONIS
2110 229 2192 287 CA
2204 230 2782 297 RTHAGINENSIS.

465 351 629 424 307
664 350 787 406 ιτο.
822 349 1040 421 Alypius
1063 350 1328 422 episcopus
1349 346 1596 400 Ecclesia:
1623 344 1894 399 catholica:
1909 345 1992 398 di-
2021 349 2078 410 Α

3625 272 3769 330 1591

2124 443 2159 462 ﬁ
2179 346 2316 462 171:5:
2335 343 2668 462 Petilianus
2701 359 2980 462 epioscOpus
3011 369 3168 427 dixit.
3203 373 3412 436 Petitur
3437 393 3520 440 est
3550 390 3640 458 qui
3674 407 3770 462 pe-

2097 443 2202 542 tit“,
2249 453 2318 491 an
2371 442 2511 508 quid
2577 451 2938 509 vocabitur?
2972 457 3042 514 Et
3086 465 3192 518 alia
3241 485 3426 529 manu,
3470 442 3771 543 paimggs

2095 534 2390 636 episcOpus
2454 544 2940 636 prosecutionem
2979 569 3158 614 meam
3203 534 3772 636 appellationeiiit—co:

2094 625 2228 680 lumi
2260 631 2608 696 recognovi.

2094 809 2234 911 Hauc
2277 813 2711 916 postplavitnus
2739 865 2754 890 ,
2801 829 2895 882 sed
2939 837 3377 900 prwcedentibus
3409 809 3765 916 vestris—:1:-

2096 903 2522 1005 minationibus
2549 919 2608 963 et
2636 920 3110 982 accusationibus.
3140 930 3274 988 Nam
3313 903 3767 1007 proferimus

2097 997 2620 1099 tiquissimaAgesta
2648 1048 2666 1072 ,
2697 1012 2894 1076 quibus
2923 1022 3086 1075 vestri
3120 997 3356 1094 majores
3387 997 3762 1099 tuncitt‘teinu-

2097 1101 2252 1192 ppre
2298 1087 2739 1190 adAnulinum
2793 1119 3056 1165 venerunt
3100 1087 3757 1192 proconsulem;"et-‘ilii

2094 1175 2334 1276 cltartas
2381 1181 2434 1236 in
2477 1189 2691 1255 qmbus
2719 1193 2967 1252 dicereut
2997 1204 3261 1273 majorum
3303 1175 3623 1274 nostror'utii

2097 1283 2257 1373 mina
2301 1286 2426 1373 esse
2462 1286 2797 1373 conscripta
2829 1287 3179 1362 obtulerunt,
3216 1310 3268 1353 et
3315 1318 3644 1373 rogaverunt
3693 1326 3752 1372 ut

2093 1361 2327 1463 eisdem
2350 1365 2420 1420 ad
2451 1366 2885 1434 Constantinum
2917 1383 3304 1454 imperatorem
3337 1361 3744 1463 misisse—lxii;

2094 1453 2423 1558 olferimus,
2461 1471 2520 1515 et
2568 1469 2809 1534 petimus
2842 1453 3180 1532 nobilitatem
3213 1489 3358 1538 tuam
3399 1497 3457 1542 ut

2093 1545 2205 1649 cipi
2247 1548 2316 1602 ab
2361 1553 2559 1609 ofﬁcio
2603 1567 2660 1612 et
2708 1574 2772 1614 ex
2817 1564 3010 1619 ordine
3059 1570 3275 1625 recitari
3318 1545 3736 1649 przecipiasfli‘t

2093 1642 2203 1695 alia
2233 1659 2415 1702 manu.
2454 1649 2793 1722 Recognovi.

2168 1736 2293 1792 177.
2326 1737 2679 1800 Marcellinus
2701 1747 2780 1800 vir
2802 1749 3126 1806 clarissimus
3152 1757 3386 1814 tribunus
3415 1773 3463 1815 et
3486 1770 3725 1822 notarius

2101 1830 2254 1885 dixit.
2284 1832 2533 1892 Libellus
2561 1839 2724 1894 datus
2744 1856 2774 1894 a
2805 1843 2958 1898 vobis
2987 1847 3268 1904 evidenter
3286 1856 3527 1910 ostendit
3547 1860 3724 1916 schis-

2097 1929 2256 1982 matis
2284 1938 2338 1982 et
2381 1929 2665 1986 lia-reseos
2705 1937 2916 1991 crimen
2949 1938 3226 2008 objectum
3255 1960 3268 2014 ;
3300 1946 3445 2014 quod
3481 1951 3724 2018 probare

2094 2032 2191 2074 vos
2216 2023 2494 2078 convenit.
3567 2023 3571 2026 “

2166 2111 2287 2166 178.
2325 2110 2603 2168 Possidius
2633 2117 2906 2189 cpiscOpus
2949 2118 3200 2178 Ecclesia:
3248 2129 3518 2185 catholica:
3551 2133 3708 2192 dixit.

2091 2199 2280 2256 Omnia
2314 2205 2692 2272 probabuntur
2711 2249 2726 2272 ,
2762 2211 2805 2262 si
2837 2225 2899 2264 ea
2923 2227 3044 2280 qua:
3070 2215 3398 2285 obtulimus,
3426 2233 3479 2276 et
3501 2226 3710 2295 suscipi

2089 2311 2145 2355 et
2181 2302 2250 2356 ab
2294 2303 2472 2358 officio
2501 2305 2722 2360 recitari
2764 2310 3061 2378 przecipere
3104 2311 3272 2369 fueris
3313 2316 3586 2386 dignatus.
3625 2320 3698 2376 Et

2088 2394 2194 2447 alia
2221 2411 2397 2448 manu.
2435 2395 2766 2467 Recoguovi.

2162 2487 2283 2542 179.
2332 2487 2674 2543 Marcellinus
2715 2489 2775 2544 V.
2811 2491 2873 2546 (Ι.
2914 2493 3147 2550 tribunus
3177 2505 3226 2551 et
3263 2501 3501 2556 notarius
3539 2503 3697 2559 dixit.

2086 2579 2350 2638 Universa
2381 2598 2477 2650 per
2510 2585 2758 2639 ordinem
2791 2586 3104 2642 recitentur.

2162 2673 2282 2728 l80.
2321 2673 2576 2729 Emeritus
2605 2677 2878 2749 episcOpus
2903 2679 3054 2733 dixit.
3081 2680 3221 2751 Ergo
3251 2682 3368 2739 loco
3389 2694 3472 2741 est
3499 2687 3702 2757 petito-

2083 2767 2177 2822 ris.
2231 2766 2298 2821 Et
2318 2769 2424 2821 alia
2473 2785 2650 2823 manu.
2709 2771 2983 2828 Emeritos
3034 2774 3322 2846 episcopus
3372 2783 3691 2851 recognovi.

2083 2861 2360 2916 Possidius
2418 2863 2694 2934 episcopus
2749 2864 2995 2922 Ecclesia:
3041 2871 3307 2926 catholica:
3355 2873 3502 2928 dixit.
3554 2875 3693 2933 Cum

2079 2958 2283 3012 cliartze
2329 2956 2531 3012 fuerint
2579 2962 2853 3027 recitatae,
2886 2964 3084 3032 petitor
3115 2964 3325 3021 facilius
3362 2966 3688 3025 invenietur.

2079 3052 2148 3107 Et
2174 3054 2281 3108 alia
2317 3070 2493 3109 manu.
2533 3055 2868 3125 lleCognovi.
2902 3057 3238 3114 Marcellinus
3264 3062 3341 3115 vir
3366 3063 3688 3118 clarissimus

361 3149 520 3204 nibus
549 3147 806 3217 conqueri
828 3188 843 3212 ,
874 3147 1109 3202 scientes
1134 3161 1193 3201 se
1212 3189 1227 3211 ,
1255 3161 1376 3200 cum
1407 3147 1553 3201 ttulla
1583 3146 1676 3200 tali
1714 3147 1838 3219 lege
1874 3150 1972 3204 ad-
1997 3133 2044 3196 C
2079 3144 2317 3198 tribunus
2345 3154 2395 3198 et
2426 3147 2662 3200 notarius
2689 3147 2842 3202 dixit.
2878 3149 3029 3204 Licet
3055 3166 3118 3207 ex
3156 3152 3240 3206 Itis
3281 3155 3451 3222 gestis
3490 3155 3687 3225 petito-

355 3241 708 3312 juvarentur,
742 3239 1122 3294 scltismaticos
1161 3248 1343 3292 tamen
1383 3253 1512 3292 suos
1539 3238 1973 3296 Maximianistas

362 3348 459 3403 per
485 3332 727 3403 iudicum
754 3332 902 3401 jussa
934 3331 1070 3388 locis
1099 3345 1162 3384 ac
1203 3329 1423 3385 sedibus
1455 3346 1647 3385 eorum
1688 3333 1972 3399 pellendos

363 3421 846 3491 exturbandosque
901 3437 1146 3477 curasse.
1204 3420 1593 3476 Verumtamen
1647 3436 1748 3476 nos
1803 3424 1968 3478 saluti

364 3532 554 3572 eorum
597 3523 654 3571 et
681 3526 878 3570 nostra:
905 3515 1291 3572 existimationi
1327 3516 1550 3584 par-ilice
1574 3516 1930 3573 consulentes
1952 3560 1967 3586 ,

367 3621 592 3682 propter
641 3609 959 3662 charitatem
1010 3624 1115 3679 qua
1160 3608 1452 3663 Christiani
1494 3623 1726 3674 sumus,
1772 3611 1970 3666 leniter

367 3719 463 3760 eos
492 3702 744 3756 volumus
773 3700 1098 3766 admonere,
1130 3714 1187 3755 ut
1217 3717 1456 3756 errorem
1491 3719 1646 3754 suum
1675 3704 1966 3772 cogitando

367 3807 422 3852 et
457 3793 803 3864 agnoscendo
843 3809 950 3847 non
993 3795 1297 3864 negligant;
1343 3800 1434 3846 aut
1466 3793 1509 3846 si
1557 3803 1746 3862 putant
1785 3808 1844 3848 se
1874 3796 1969 3848 Ita-

371 3887 499 3942 bere
535 3886 734 3958 aliquid
765 3886 1034 3952 veritatis,
1077 3903 1182 3943 non
1229 3903 1346 3942 eam
1390 3888 1606 3941 furiosis
1635 3886 1968 3944 Circumcel-

368 3981 572 4037 liouum
629 3981 900 4036 violentiis
951 3991 1136 4036 contra
1196 3982 1468 4052 publicam
1527 3982 1808 4051 quietem,
1868 3983 1965 4038 sed

371 4074 657 4145 tranquilla
695 4075 921 4128 rationis
964 4075 1267 4129 redditione
1293 4074 1606 4129 defendant.
1631 4073 1787 4130 Unde
1832 4077 1967 4144 peti-

369 4184 488 4220 tuus
528 4168 911 4221 sublimitatem
953 4175 1097 4221 tuam
1145 4178 1200 4221 ut
1239 4183 1362 4220 cum
1396 4182 1490 4222 eos
1530 4167 1596 4219 de
1629 4167 1730 4220 hac
1780 4184 1837 4221 re
1869 4183 1966 4236 per

369 4261 719 4330 magisttatus
749 4259 862 4313 sive
893 4260 943 4312 in
972 4260 1311 4324 civitatibus,
1345 4257 1459 4312 sive
1485 4260 1540 4311 in
1569 4258 1965 4327 pertinentibus

367 4352 654 4406 territoriis
677 4352 972 4406 admonere
1004 4351 1336 4406 voluerimus
1357 4393 1371 4416 ,
1400 4352 1610 4420 eopiaut
1646 4353 1800 4404 nobis
1825 4368 1963 4420 prac-

367 4443 478 4497 beri
520 4455 791 4514 gestorum
817 4483 832 4506 ,
859 4452 916 4498 et
942 4459 1039 4498 eos
1071 4459 1135 4498 ex
1167 4442 1484 4512 allegatioue
1513 4451 1696 4496 ttOstra
1737 4442 1965 4498 honeste

365 4537 658 4592 convenire
697 4538 978 4608 praecipias
1011 4555 1025 4592 :
1067 4536 1208 4606 quod
1240 4534 1560 4600 consecuti,
1601 4550 1824 4605 agamus
1869 4551 1963 4590 ex-

364 4635 628 4688 cellentia:
671 4644 774 4688 tute
827 4633 970 4702 apud
1003 4633 1168 4686 Deum
1221 4633 1417 4686 uberes
1456 4631 1678 4701 gratias.
1714 4630 1846 4685 Data
1893 4632 1963 4687 ab

366 4730 628 4785 universis
677 4730 944 4798 episcopis
996 4726 1276 4782 catholicis
1323 4741 1388 4780 ex
1461 4723 1692 4779 concilio
1735 4723 1962 4780 Cartha-

363 4823 569 4890 giniensi
615 4821 784 4893 (Anni
829 4819 996 4891 405),
1051 4821 1110 4874 1).
1162 4818 1226 4874 Ν.
1261 4817 1568 4874 Theodosio
1609 4819 1854 4888 Augusto
1902 4827 1956 4872 et

367 4916 661 4972 llumorido
701 4916 818 4970 viro
859 4915 1162 4970 clarissimo
1205 4913 1524 4968 consulibus
1549 4954 1564 4978 ,
1602 4911 1781 4967 idibus
1821 4909 1958 4980 Sep-

367 5009 586 5063 tembris
623 5006 972 5077 Carthagine.
1008 5008 1327 5077 Septiminus
1364 5007 1440 5059 vir
1478 5003 1798 5057 clarissimus
1839 5020 1960 5073 pro-

364 5104 544 5156 consul
569 5102 723 5155 dixit.
758 5101 810 5153 lu
836 5102 1078 5170 quolibet
1108 5102 1228 5155 loco
1251 5099 1584 5154 antistitibus
1624 5098 1756 5162 legis
1793 5111 1960 5152 vene-

363 5197 551 5250 rabilis
571 5197 641 5249 ob
667 5195 902 5262 quietem
941 5193 1153 5265 imperii
1183 5202 1460 5264 gestorum
1498 5189 1957 5245 conficiendorum

365 5289 617 5342 tribuitur
656 5284 920 5347 facultas;
957 5286 1057 5339 ltoc
1087 5285 1250 5340 etiam
1285 5296 1475 5339 tenore
1515 5281 1673 5349 hujus
1714 5297 1956 5350 praecep-

363 5382 529 5436 tionis
569 5379 833 5444 limitato,
863 5387 923 5433 ut
951 5379 1248 5448 intelligant
1271 5393 1329 5432 se
1360 5378 1527 5431 deviae
1563 5375 1736 5446 plebis
1760 5375 1959 5444 magis-

367 5474 465 5528 tris
516 5472 801 5526 salubriter
860 5472 1168 5540 petentibus
1215 5469 1442 5540 propria:
1473 5468 1836 5538 persuasionis
1876 5483 1960 5520 ra-

362 5565 579 5620 tiocinia
632 5564 980 5632 persolvere,
1037 5569 1094 5614 ut
1148 5562 1308 5615 rebus
1360 5561 1410 5612 iu
1462 5560 1639 5615 medio
1696 5558 1954 5627 prolatis,

361 5655 534 5712 amica
572 5655 702 5719 legis
735 5653 1034 5709 moderatio
1077 5663 1361 5715 servetur,
1402 5652 1782 5721 superstitione
1828 5664 1956 5721 sup-

365 5750 536 5822 plosa.
567 5747 684 5814 Quo
710 5749 943 5812 recitato,

2076 3254 2196 3293 rum
2241 3239 2360 3293 loco
2401 3237 2621 3294 adstare
2651 3241 2974 3307 videantur,
3010 3251 3190 3298 tamen
3239 3245 3435 3300 melius
3466 3256 3520 3301 et
3563 3248 3684 3303 evi-

2075 3330 2294 3386 dentius
2323 3330 2716 3400 approbabitur
2743 3349 2865 3387 cum
2896 3335 3076 3389 omnia
3109 3338 3312 3391 fuerint
3342 3338 3602 3394 recitata.

2149 3421 2273 3476 181.
2324 3419 2617 3478 Petilianus
2663 3426 2930 3498 episcopus
2983 3428 3132 3481 dixit.
3187 3429 3242 3483 Si
3293 3430 3343 3483 in
3399 3430 3678 3486 forensem

2073 3515 2382 3572 conflictum
2416 3519 2748 3574 revertimur
2771 3561 2787 3586 ,
2821 3530 3035 3576 constat
3063 3537 3160 3578 eos
3191 3523 3322 3594 legis
3358 3527 3557 3582 divina:
3598 3531 3680 3584 fe-

2073 3609 2212 3664 cisse
2230 3607 2516 3678 jacturatn.
2546 3611 2928 3681 ReSpondeant
2952 3615 3116 3683 igitur
3140 3619 3300 3670 etiam
3325 3629 3487 3688 atque
3509 3621 3676 3676 etiam

2072 3698 2214 3768 quod
2246 3702 2440 3770 exegi,
2479 3712 2660 3756 utrum
2692 3704 2898 3773 legibus
2936 3705 3166 3774 publicis
3204 3718 3404 3778 agant,
3436 3726 3502 3764 an
3536 3711 3672 3783 legis

2073 3790 2268 3846 divime
2301 3792 2578 3848 conﬂictu.
2612 3795 2828 3864 Eligant
2854 3796 3081 3852 alterum
3104 3799 3172 3854 de
3197 3799 3427 3858 duobus.
3450 3803 3676 3862 Utrum-

2071 3897 2178 3954 que
2207 3883 2348 3938 enim
2376 3893 2564 3940 tenere
2590 3903 2697 3942 non
2733 3898 2976 3956 possunt.
3010 3890 3076 3944 Et
3111 3892 3218 3947 alia
3250 3911 3422 3950 manu.
3457 3896 3677 3954 Petilia-

2072 3990 2175 4030 nus
2209 3977 2499 4047 episcopus
2529 3981 2677 4034 salva
2710 3983 3070 4052 appellatione
3102 3990 3410 4056 reciignovi.

2146 4068 2268 4122 182.
2304 4068 2642 4125 Marcellinus
2665 4076 2741 4125 vir
2767 4074 3080 4129 clarissimus
3106 4079 3341 4132 tribunus
3367 4090 3414 4133 et
3438 4083 3672 4136 notarius

2069 4161 2223 4215 dixit.
2270 4160 2397 4215 Hzec
2447 4178 2570 4232 quae
2619 4167 2877 4220 sanctitas
2922 4177 3095 4221 vestra
3141 4170 3334 4224 obtulit
3380 4173 3671 4243 relegenda

2067 4271 2174 4310 non
2202 4257 2523 4327 ambigitur,
2557 4261 2680 4330 quia
2711 4261 2763 4314 iu
2788 4261 2994 4330 judicio
3041 4263 3138 4318 viri
3169 4267 3483 4332 spectabilis
3531 4283 3657 4336 pro-

2067 4349 2307 4402 consulis
2328 4357 2448 4405 acta
2477 4362 2601 4405 sunt
2624 4395 2638 4418 ,
2675 4353 2740 4407 ad
2767 4354 3038 4409 forensem
3066 4356 3353 4426 disceptati
3378 4375 3516 4415 utem
3543 4339 3668 4415 abs-

2070 4455 2175 4509 que
2206 4441 2372 4496 dubio
2397 4444 2690 4510 pertinere.
2725 4444 2876 4500 Unde
2902 4488 2916 4512 ,
2943 4448 3078 4501 sicut
3110 4449 3396 4505 interfatus
3426 4469 3543 4507 sum
3564 4495 3578 4517 ,
3605 4460 3667 4509 ut

1991 4511 2380 4602 Ddiligentius
2429 4537 2747 4592 ostendatur
2793 4538 2882 4606 qui
2939 4539 3056 4594 loco
3103 4543 3352 4610 petitoris
3401 4511 3664 4611 adsistat,

2069 4625 2231 4680 etiam
2268 4627 2351 4680 illa
2391 4628 2636 4697 patimini
2669 4631 2906 4686 recitari.

2145 4719 2265 4774 185.
2301 4718 2588 4774 Petilianus
2627 4724 2900 4792 episcopus
2963 4723 3112 4777 dixit.
3149 4721 3349 4780 Contra
3381 4727 3480 4780 ista
3528 4743 3666 4798 prte-

2069 4815 2268 4867 scrilio.
2299 4813 2353 4868 Si
2381 4813 2612 4870 forensis
2641 4825 2725 4870 est
2747 4819 2921 4873 actio.
2958 4818 3116 4886 lnijus
3156 4821 3414 4890 temporis
3443 4839 3662 4882 causam

2067 4903 2256 4959 audire
2289 4920 2591 4974 prmeeptus
2627 4925 2720 4973 es,
2764 4909 2846 4963 vir
2893 4909 3106 4966 nobilis.
3153 4912 3210 4966 Si
3257 4915 3576 4985 simpliciter
3605 4928 3663 4975 et

2065 5000 2434 5055 ecclesiastico
2483 5017 2634 5056 more
2681 5018 2767 5057 res
2815 5003 3059 5073 geritur,
3105 5008 3438 5078 acquiescam
3489 5012 3540 5066 in
3595 5028 3660 5067 ea

2068 5107 2190 5160 quae
2219 5091 2336 5161 lege
2363 5092 2541 5147 divina
2583 5095 2961 5162 proferuntur,
2994 5097 3076 5152 vel
3117 5115 3145 5153 a
3179 5116 3298 5168 me,
3334 5104 3415 5157 vel
3445 5119 3473 5156 a
3508 5113 3661 5172 parte

2065 5183 2302 5237 diversa.
2349 5182 2403 5238 Si
2451 5197 2628 5240 autem
2675 5201 2948 5254 annosae,
2990 5189 3343 5264 antiquasque
3384 5194 3662 5253 chartulas

2066 5275 2290 5343 cupiunt
2320 5277 2548 5332 recitare
2567 5319 2581 5342 ,
2617 5277 2789 5333 ltabeo
2820 5296 2918 5351 pro
2951 5297 3039 5338 me
3066 5286 3264 5340 validas
3295 5289 3661 5358 pra-scriptio-

2071 5382 2202 5432 nes,
2233 5369 2404 5423 recito
2432 5369 2560 5424 illud
2586 5383 2798 5440 tempus
2835 5374 2990 5443 cujus
3017 5381 3410 5434 contestatione
3440 5392 3659 5450 praeter-

2070 5462 2383 5516 missionem
2412 5462 2626 5519 interim
2658 5466 2778 5519 feci.
2811 5468 3044 5538 Lapsum
3071 5487 3226 5526 causa
3260 5475 3512 5538 incurrit,
3547 5489 3657 5530 non

2063 5564 2241 5622 potest
2282 5569 2469 5609 rursos
2523 5557 2716 5611 audiri.
2761 5557 2826 5612 Et
2869 5563 2976 5615 alia
3005 5580 3180 5616 manu.
3213 5564 3505 5617 Petilianus
3534 5568 3652 5635 epi-

2064 5661 2262 5716 seopus
2293 5649 2440 5702 salva
2473 5647 2832 5721 appellatione
2865 5656 3168 5723 recognovi.
3202 5655 3512 5724 Augustinus
3543 5661 3654 5727 epi-

2064 5755 2249 5810 sc0pus
2294 5741 2534 5799 Ecclesia:
2580 5747 3024 5821 catholictc_dixit.
3067 5746 3306 5801 Crimina
3353 5749 3656 5808 traditionis
