4134 6186
619 272 760 328 1595

1563 252 1791 331 etesia
1835 256 2291 331 COLLATIONIS
2324 253 2956 336 itantitictnnivsm.

3686 284 3784 352 i593

615 391 897 461 objiciunt.
934 386 999 444 Et
1028 390 1132 445 alia
1174 392 1352 443 manu.
1400 384 1730 459 Rccogiitivi.
1776 376 2066 445 Pctt'liumi's
2110 392 2221 460 epi-t
2244 405 2299 466 Α
2323 396 2486 461 sinit,
2511 386 2803 464 jn’dlcanda
2827 407 2911 452 est
2940 395 3182 453 Ecclesia
3211 398 3297 455 Dei
3317 402 3501 471 perisse
3524 422 3536 460 :
3560 394 3637 462 scd
3657 408 3786 468 tamen

622 494 806 553 scapus
832 483 983 536 dixit.
1013 476 1127 536 Hoc
1154 496 1332 537 causae
1358 490 1465 536 est.
1496 478 1565 535 Et
1585 481 1691 536 alia
1714 482 1890 536 inanti.
1916 480 2218 538 Petilianus

625 574 911 645 episcopus
955 572 1102 628 salva
1144 572 1515 643 appellatione
1553 573 1864 643 recognovi.
1904 570 2218 643 Augustinus

550 718 560 726 .
625 669 896 738 episcopus
927 664 1175 720 Ecclesia:
1196 666 1461 721 catholica:
1489 666 1640 720 dixit.
1674 664 1859 721 Redde
1885 664 2092 732 vicem,
2122 674 2219 719 au-

623 757 769 816 ditus
788 770 848 815 'es
866 803 881 827 ,
916 766 1039 813 cum
1068 756 1513 829 'prosequereris,
1541 758 1699 813 nobis
1729 756 2073 827 patientibus.
2101 756 2218 811 Cri-

619 853 764 911 mina
812 850 1116 908 traditiOnis
1167 850 1427 908 Ecclesia:
1471 858 1633 923 quam
1682 858 1935 906 tenemus
1974 849 2217 919 obiicere

619 952 1039 1002 consueverunt.
1075 942 1141 998 Et
1186 944 1292 998 alia
1335 954 1513 999 manu.
1562 940 1891 1013 Recoguovl.
1927 940 2217 995 Petilianus

621 1039 891 1111 episcttpus
927 1030 1078 1091 dixit.
1113 1032 1384 1106 Legalite‘r
1409 1034 1551 1105 agit,
1588 1050 1654 1089 an
1693 1040 1845 1089 more
1872 1032 2118 1088 forensi?
2145 1029 2218 1086 Et

621 1131 727 1185 aiia
756 1132 931 1184 litanti.
963 1124 1262 1184 Petilianus
1289 1128 1575 1198 cpiscopus
1598 1126 1912 1197 recognovi.
1946 1123 2218 1179 Possidius

623 1224 892 1295 episcopus
923 1214 1168 1275 Esclesiw
1193 1218 1460 1274 catholica:
1502 1218 1655 1273 dixit.
1686 1214 1842 1273 Prior
1870 1217 2083 1273 chartas
2122 1213 2221 1271 ob-

622 1315 817 1370 tulisti.
844 1308 912 1367 Et
941 1313 1048 1368 tilia
1072 1329 1248 1369 manu.
1270 1306 1602 1381 Recognovi.
1634 1304 1921 1366 Petilianus
1950 1311 2221 1381 episcopus

625 1410 779 1464 dicit.
826 1404 1012 1464 Redde
1057 1406 1186 1462 mihi
1240 1406 1472 1477 tempus.
1518 1404 1829 1462 Calcul'etur
1875 1400 2112 1459 ‘oflicium
2153 1398 2222 1460 de

627 1503 993 1575 temporibus,
1026 1511 1206 1557 utrum
1239 1500 1505 1557 hodierna
1538 1501 1627 1557 'die
1656 1506 1816 1557 causa
1847 1498 2074 1554 dicenda
2112 1499 2219 1568 sit,

627 1602 673 1654 si
704 1597 770 1654 ad
810 1594 1057 1652 forenses
1086 1595 1467 1652 descendimus
1507 1594 1771 1650 actiones.
1803 1592 1873 1647 Et
1901 1591 2007 1647 alia
2050 1606 2226 1646 manu.

630 1690 933 1746 Petilianus
981 1689 1268 1760 episcopus
1318 1686 1682 1758 appellatione
1728 1684 1988 1740 incolumi
2031 1682 2226 1754 recog-

627 1782 776 1839 novt

711 1870 838 1931 184.
872 1870 1207 1929 Marcellinus
1236 1873 1313 1927 vir
1336 1864 1649 1926 clarissimus
1676 1870 1908 1924 tribunus
1928 1878 1975 1925 et
2000 1867 2233 1925 notarius

625 1964 775 2025 dixit.
809 1964 989 2022 Etiam
1019 1970 1195 2022 vesu-a
1236 1963 1497 2021 sanctitas
1543 1965 1596 2018 iit
1644 1964 1746 2019 hac
1789 1972 1948 2034 parte
1983 1962 2233 2033 judicare

627 2060 873 2116 deberet.
901 2058 1126 2113 Constat
1166 2058 1312 2113 enim
1343 2072 1411 2112 ex
1438 2070 1705 2112 consensu
1750 2053 2032 2125 utriusque
2060 2054 2233 2124 partis

624 2138 889 2224 judicium
909 2148 1080 2206 fuisse
1103 2147 1351 2205 dilatum.
1377 2148 1484 2205 C'tir
1506 2156 1647 2203 nunc
1669 2146 1946 2218 superﬂuo
1970 2147 2232 2219 temporis

629 2241 1105 2318 praescriptionem
1137 2240 1495 2313 objiciendam
1525 2256 1647 2297 esse
1676 2238 1930 2308 creditis,
1955 2252 2077 2296 cum
2107 2255 2229 2297 eam

628 2346 845 2399 constet
868 2346 932 2398 es
965 2356 1235 2397 consensu
1266 2338 1500 2411 partium
1537 2336 1709 2395 fuisse
1737 2334 2046 2393 seclusam?
2075 2335 2232 2394 Unde

626 2452 772 2493 nunc
816 2452 879 2492 ea
917 2452 1039 2508 quas
1064 2435 1133 2492 ad
1178 2448 1398 2491 causam
1438 2431 1712 2505 pertinent
1737 2474 1752 2501 ,
1797 2426 1983 2503 peragi
2027 2429 2231 2487 debere

627 2528 977 2588 manifestum
1006 2537 1110 2587 est.

700 2624 864 2696 308
892 2622 1017 2679 185.
1053 2616 1343 2677 Petiliat'ttts
1370 2620 1639 2694 episcOpus
1669 2617 1823 2674 dixit.
1853 2616 1989 2688 Quia
2026 2612 2132 2689 ipsi
2166 2624 2230 2675 'se

629 2717 697 2773 ad
751 2714 987 2772 forensia
1035 2715 1425 2781 contulerunt,
1472 2706 1597 2770 ideo
1647 2708 1883 2768 forensia
1929 2712 2223 2783 postulavi.

626 2806 1039 2880 Respondeatur
1061 2807 1192 2862 mihi
1214 2806 1281 2862 ad
1309 2814 1371 2862 ea
1404 2818 1525 2876 quae
1556 2803 1792 2875 postulo.
1822 2800 2046 2860 Forensi
2076 2810 2230 2860 more

630 2899 775 2973 agit,
804 2904 871 2955 a'n
915 2892 1325 2957 ecclesiastico?
1345 2892 1413 2955 Et
1442 2899 1547 2954 alia
1571 2890 1747 2953 manu.
1799 2892 2093 2955 Politianus
2116 2899 2232 2970 epi-

631 3000 832 3063 scopus
871 2991 1235 3063 appellatiune
1264 2989 1523 3046 ineolunti
1556 2988 1862 3060 recognovi.

704 3072 829 3140 186.
866 3074 1203 3140 Marcellinus
1231 3083 1310 3138 bir
1332 3082 1654 3138 clarissimus
1675 3082 1907 3137 tribunus
1935 3091 1981 3137 et
1998 3080 2229 3139 notarius

2322 484 2489 540 etiam
2516 485 2759 556 ipsorum
2786 494 3006 543 causam
3044 496 3304 560 tamquam
3337 492 3535 550 iratrutu
3560 506 3787 559 nostrorum

2324 575 2651 649 suScipitniJS
2670 622 2684 645 ,
2722 589 2776 635 et
2805 578 2850 636 si
2884 576 3037 637 nobis
3069 584 3270 639 ostendi
3296 586 3535 656 potuerint
3556 591 3789 664 criminosi,

2279 734 2293 741 _
2324 670 2491 727 ltodie
2530 671 2658 727 illos
2688 675 3131 739 anatltemamus;
3170 682 3270 733 non
3315 684 3475 737 tamen
3508 694 3685 755 propter
3710 687 3790 746 illos

2324 758 2631 820 Ecclesiam
2664 781 2693 819 a
2724 764 2833 822 Deo
2851 768 3169 836 prbmissam
3204 781 3257 826 et
3282 768 3545 830 exhibitura
3570 774 3793 835 deserimus

2324 864 2419 911 aut
2452 850 2826 928 relinquimus.
2861 856 2968 930 Ipsi
3005 874 3133 931 ergo
3155 860 3344 932 elimat
3366 863 3496 933 quod
3521 865 3689 921 volunt.
3712 865 3793 926 Non

2326 944 2591 1018 objicient
2614 949 2844 1007 crimina
2883 948 3187 1008 hominibus
3210 995 3224 1019 ,
3265 956 3317 1009 et
3355 946 3534 1011 chartae
3564 958 3793 1015 cessabunt.

2325 1040 2454 1095 Sola
2491 1040 2675 1096 divina
2704 1043 2951 1113 loquetur
2975 1030 3293 1112 a'uctoritas;
3323 1048 3427 1102 sola
3451 1049 3528 1104 Dei
3555 1049 3792 1119 Scriptura,

2327 1130 2417 1187 cui
2440 1133 2656 1205 utrique
2686 1134 2994 1202 subdimur,
3021 1139 3071 1193 in
3104 1135 3331 1195 medium
3352 1138 3632 1210 proferetur.
3654 1140 3704 1196 Et
3724 1144 3796 1197 alia

2329 1240 2508 1279 manu.
2540 1224 2870 1298 Recognovi.
2899 1229 3232 1288 Marcellinus
3251 1232 3323 1287 vir
3343 1235 3613 1290 clarissimus
3632 1237 3797 1291 tribuunt

2330 1325 2380 1370 et
2407 1318 2639 1373 notarius
2666 1318 2818 1375 dixit.
2851 1320 2989 1391 Quid
3020 1323 3249 1380 refertur
3271 1324 3387 1380 itis?

2408 1402 2529 1466 188.
2564 1402 2827 1467 Emeritus
2868 1415 3137 1486 episcopus
3170 1417 3323 1487 partis
3364 1416 3535 1472 Donati
3567 1418 3683 1473 dixit
3709 1417 3799 1474 Pro-

2332 1500 2456 1558 lixae
2484 1505 2717 1560 orationi
2746 1508 3078 1580 respondere
3104 1525 3212 1565 non
3246 1524 3469 1581 possunt.
3504 1508 3670 1567 Tamen
3697 1526 3797 1567 sum-

2332 1597 2648 1667 matim,.ut
2681 1600 2866 1669 valeo,
2913 1614 3032 1672 quas
3078 1602 3345 1674 superﬂue
3382 1605 3430 1659 iu
3455 1596 3670 1675 judicium
3688 1604 3796 1658 missa

2326 1693 2462 1743 aunt
2481 1686 2774 1759 ventilabo,
2793 1704 2915 1748 cum
2936 1692 3240 1763 Opt‘athnes
3262 1708 3289 1750 a
3306 1697 3489 1751 nostris
3510 1692 3699 1767 partibus
3716 1702 3799 1765 pro-

2259 1800 2309 1863 B
2338 1782 2543 1851 positas
2571 1792 2642 1839 ne
2666 1781 2755 1841 vel
2792 1785 3082 1843 reiectione
3108 1784 3459 1856 confundant,
3495 1796 3547 1843 ut
3577 1790 3711 1859 neque
3735 1798 3795 1841 re-

2340 1870 2442 1927 lint
2471 1887 2591 1930 esse
2620 1873 2879 1945 petitores
2897 1917 2914 1944 ,
2942 1888 3117 1949 neque
3153 1892 3213 1935 se
3239 1878 3413 1935 dicant
3443 1890 3725 1950 responsores
3740 1876 3799 1930 ad-

2337 1972 2485 2021 stare
2501 2006 2516 2031 ,
2549 1966 2939 2041 intulerintque
2965 1971 3164 2027 nostris
3184 1972 3419 2041 partibus
3446 1972 3798 2043 prosecutionem,

2336 2064 2399 2110 ut
2436 2057 2480 2111 si
2514 2056 2749 2115 forensis
2787 2061 2988 2132 regulae
3015 2058 3263 2119 ordinem
3298 2071 3496 2131 tenent,
3523 2060 3799 2118 conditionalis

2335 2146 2445 2204 diei
2490 2164 2599 2205 non
2651 2153 2903 2208 omittam
2954 2154 3183 2211 internis
3228 2155 3464 2212 sensibus
3501 2152 3738 2217 notionem;
3773 2150 3801 2204 si

2334 2247 2515 2297 autem
2552 2242 2812 2314 legalibus
2835 2245 3009 2318 magis
3035 2248 3261 2317 cupiunt
3286 2248 3337 2302 in
3357 2246 3539 2319 judicio
3554 2241 3797 2308 cunluctari,

2344 2332 2545 2389 divinis
2571 2333 2869 2406 Scripturis
2912 2351 3011 2393 nos
3057 2338 3139 2395 eis
3180 2354 3400 2395 necesse
3441 2345 3515 2395 est
3547 2334 3803 2406 respondere.

2332 2426 2576 2484 Primum
2620 2436 2705 2485 est
2744 2434 2925 2486 autem
2964 2432 3109 2503 quod
3151 2433 3207 2488 in
3250 2433 3445 2504 judicio
3479 2431 3738 2502 ﬂagitamus,
3765 2431 3804 2478 ut

2333 2525 2588 2594 quoniam
2617 2525 2684 2582 de
2712 2527 3090 2583 mandatorum
3136 2542 3361 2585 suorum
3394 2525 3666 2599 allegatioue
3685 2522 3725 2578 in
3748 2520 3806 2589 ju-

2332 2616 2477 2674 dicio
2502 2618 2797 2687 vacillant,
2834 2620 3040 2691 quippe
3078 2634 3206 2678 cum
3253 2628 3411 2679 unum
3453 2621 3676 2693 legentes,
3706 2610 3805 2667 aliud

2333 2717 2570 2779 negent,
2620 2709 2912 2782 dicantque
2950 2720 3131 2768 tamen
3177 2728 3239 2770 se
3278 2713 3473 2785 legatos
3504 2709 3562 2766 ad
3588 2703 3807 2777 imperiales

2332 2814 2491 2857 aures
2516 2802 2820 2860 destinasse
2855 2812 3011 2861 antea
3033 2847 3050 2873 ,
3081 2812 3433 2877 secutumque
3463 2811 3538 2860 est
3566 2797 3805 2858 identidem,

2332 2900 2394 2949 ut
2443 2906 2511 2949 ex
2566 2899 2916 2966 responsione
2970 2905 3254 2968 gestorum
3305 2895 3521 2954 dilucide
3562 2890 3805 2951 claruissel.

2331 2994 2513 3041 utrum
2554 3000 2653 3043 nos
2693 2988 3083 3058 inquietatores
3120 3002 3398 3056 essemus,
3430 2980 3732 3056 an'jnquietati
3763 2974 3806 3029 ad

2324 3078 2588 3148 judicium
2620 3082 2926 3137 veniremus
2947 3122 2963 3149 ,
2995 3080 3080 3140 bis
3104 3093 3188 3139 tot
3218 3078 3633 3155 propositionibus
3653 3086 3808 3144 restim!-

630 3174 783 3235 dixit.
834 3174 1247 3249 Respondentur
1290 3174 1536 3248 objectis.
1588 3172 1905 3249 Augustinus
1955 3176 2225 3247 episcopus
2252 3191 2297 3255 ρ
2330 3173 2462 3228 dere
2489 3174 2735 3231 nolentes
2758 3216 2772 3242 ,
2801 3176 2867 3231 ad
2899 3177 3002 3231 alia
3034 3191 3094 3232 se
3121 3179 3308 3234 nescio
3331 3191 3429 3248 qua
3453 3167 3808 3245 argumentatione

626 3274 873 3329 Ecclesia:
899 3272 1164 3330 catholica:
1185 3270 1337 3327 dixit.
1369 3270 1428 3327 Si
1458 3273 1753 3341 patiantur,
1780 3270 2035 3327 Ecclesia:
2061 3278 2222 3342 quam

630 3378 876 3425 tenemus
902 3367 1065 3441 (sicut
1097 3370 1287 3421 omnes
1314 3366 1581 3419 noverunt
1603 3406 1617 3427 ,
1650 3372 1879 3432 Quorum
1903 3361 2079 3419 solent
2107 3363 2225 3417 aui-

628 3476 746 3515 mos
794 3460 907 3514 suis
950 3458 1246 3514 sollicitare
1293 3450 1767 3512 criminationibus
1793 3498 1808 3521 ,
1849 3466 1904 3511 et
1942 3454 2105 3510 etiam
2138 3457 2221 3511 sui

627 3540 865 3607 mandati
926 3548 1115 3604 tenere
1145 3540 1485 3602 declararunt
1507 3540 1563 3617 )’;
1599 3542 1859 3601 Ecclesiae
1885 3587 1900 3612 ,
1958 3548 2174 3617 inquam
2204 3589 2219 3615 ,

625 3640 788 3714 quain
817 3642 1096 3706 tenemus,
1131 3636 1361 3696 crimina
1392 3634 1571 3693 'solcttt
1606 3637 1919 3694 traditionis
1957 3638 2217 3710 objice'rc.

627 3728 695 3791 Et
729 3736 834 3791 alia
869 3740 1044 3791 manu.
1078 3730 1407 3805 Re'coguovi.
1440 3730 1730 3788 Petilianus
1758 3733 2026 3804 episcopus
2057 3734 2222 3800 partis

626 3823 819 3882 Donati
848 3824 998 3881 dixit.
1032 3826 1397 3881 Proiitcantur
1428 3823 1492 3879 ad
1529 3822 1773 3895 quaesita.
1817 3822 2219 3879 Professionetn

626 3903 945 3989 petivimus,
978 3922 1083 3971 non
1113 3914 1446 3971 conﬂictum.
1486 3913 1551 3968 Et
1579 3917 1685 3969 alia
1714 3922 1889 3968 manu.
1924 3913 2220 3969 Petilianus

626 4009 914 4079 episcopus
939 3999 1305 4078 appellatione
1331 4004 1590 4060 incolumi
1614 4005 1928 4076 recognovi.

698 4094 820 4159 187.
855 4086 1171 4175 Augustinus
1201 4100 1471 4171 episwpus
1501 4090 1751 4154 Ecclesia!
1779 4097 2047 4155 catholica!
2066 4096 2216 4155 dixit.

626 4190 683 4251 Si
737 4184 930 4250 horum
979 4192 1267 4250 criminum
1311 4184 1579 4262 iacturam
1618 4190 1863 4259 faciunt,
1910 4191 1978 4248 de
2016 4181 2220 4250 chartis

624 4287 853 4361 publicis
880 4286 1014 4343 niltil
1045 4284 1391 4358 proferimus.
1420 4284 1476 4342 Si
1503 4294 1684 4341 autem
1724 4286 1777 4340 in
1810 4285 2000 4341 eadem
2028 4284 2218 4342 crinit-

624 4381 847 4436 natione
889 4368 1230 4449 persistuot,
1260 4377 1463 4433 chartis
1504 4377 1734 4448 publicis
1774 4378 2034 4435 docemus
2078 4380 2218 4434 hanc

623 4486 843 4529 causam
880 4470 1010 4526 olim
1039 4485 1160 4525 esse
1196 4467 1435 4538 ﬁnitam,
1468 4484 1569 4524 nec
1594 4474 1778 4526 tamen
1804 4484 1900 4527 eos
1929 4471 1997 4526 ab
2026 4468 2218 4540 hujus-

2330 3263 2625 3335 dejiciunt,
2668 3282 2887 3337 qumso,
2922 3270 3005 3324 vir
3036 3270 3275 3340 nobilis,
3306 3259 3807 3334 constituautgradtlm.

2327 3355 2513 3413 dicant
2551 3374 2612 3415 se
2653 3372 2759 3430 quo
2788 3359 2983 3425 ordine
3011 3376 3190 3432 quave
3219 3360 3430 3418 actione
3453 3362 3501 3414 in
3536 3353 3701 3427 judicio
3726 3361 3808 3402 cos-

2328 3450 2543 3507 sistaot.
2582 3450 2693 3508 Nos
2721 3453 2897 3520 enim,
2933 3450 3025 3524 qui
3069 3455 3292 3511 adducti
3329 3465 3505 3509 sumus
3542 3448 3601 3505 ad
3624 3446 3810 3511 discepta-

2327 3544 2527 3598 tionem
2549 3584 2565 3611 ,
2598 3543 2845 3614 petitoris
2877 3546 2997 3601 loco
3020 3546 3245 3603 adstare
3284 3558 3387 3602 non
3414 3552 3679 3618 possumus.
3710 3534 3809 3601 ΙΡδθε

2327 3646 2555 3693 necesse
2602 3645 2687 3693 cst
2734 3648 3039 3711 preponere
3063 3683 3078 3708 ,
3129 3650 3189 3698 ut
3233 3656 3418 3698 eorum
3463 3629 3813 3711 propositiouilms

2326 3738 2448 3796 pars
2476 3739 2658 3784 nostra
2692 3732 2865 3785 valeat
2893 3733 3252 3803 respondere.
3281 3733 3345 3788 Et
3378 3730 3477 3787 alia
3498 3743 3645 3784 manu.
3674 3716 3813 3778 Emeri-

2326 3826 2412 3876 tus
2441 3820 2733 3893 episcopus
2754 3821 2902 3879 salva
2928 3826 3298 3895 appellatione
3328 3820 3613 3895 recognovi.

2397 3916 2524 3972 189.
2554 3910 2873 3989 Augustinus
2900 3919 3174 3991 episcopus
3207 3919 3447 3975 Ecctesite
3469 3914 3691 3972 catholica
3708 3903 3809 3960 dixit.

2323 4008 2381 4065 Si
2423 4005 2668 4078 petitoris
2705 4010 2828 4065 loco
2864 4006 3139 4068 adsistunt
3182 4012 3275 4083 qui
3316 4011 3532 4069 crimina
3566 4004 3728 4077 objecta
3747 3995 3812 4050 ἀεο

2320 4092 2743 4163 ΐθηᾱιιιιι,ἰιιω
2795 4098 3094 4160 nobilitatis
3140 4111 3231 4160 est
3276 4101 3623 4175 pronuntiare.
3662 4090 3711 4146 Et
3740 4086 3812 4138 ιω

2320 4204 2499 4244 manu.
2528 4188 2862 4261 Recognovi.

2397 4281 2523 4338 190.
2559 4280 2896 4339 Marcellinus
2932 4284 3012 4339 uir
3053 4285 3377 4342 clarissimus
3406 4282 3619 4338 tribunus
3645 4283 3681 4329 ει
3708 4276 3814 4323 ποω-

2320 4372 2432 4427 rius
2454 4372 2610 4429 dixit.
2641 4373 2815 4430 Etiam
2847 4376 3235 4445 prosecutione
3263 4377 3363 4432 viri
3407 4368 3689 4431 venerabilis
3715 4357 3817 4419 Peti-

2319 4468 2447 4524 liani
2470 4469 2523 4525 id
2558 4478 2775 4525 constat
2803 4469 2972 4528 fuisse
3012 4472 3324 4543 signatum,
3358 4478 3416 4527 ut
3456 4479 3613 4525 utrum
3644 4471 3740 4533 pars
3756 4467 3817 4509 ει·

620 4556 769 4623 inodi
815 4560 1137 4635 objiciendis
1166 4560 1481 4619 criminibus
1518 4562 1836 4620 cessavisse.
1869 4560 2026 4619 Unde
2067 4576 2213 4620 nunc
2240 4575 2291 4635 D
2318 4562 2518 4618 tholica
2543 4605 2558 4630 ,
2611 4561 2754 4634 quod
2805 4576 3004 4619 nomen
3054 4566 3178 4621 sine
3225 4561 3535 4636 praejudicio
3579 4556 3726 4613 dicere
3764 4556 3821 4642 ωε

618 4659 967 4717 collationem
998 4658 1153 4712 istam
1186 4656 1560 4726 puposcimus,
1591 4660 1700 4711 non
1724 4658 1783 4710 ut
1812 4650 1961 4710 illam
1990 4668 2210 4711 causam
2304 4655 2509 4710 multis
2541 4655 3052 4713 interlocutionibus
3090 4655 3371 4727 patefeci,
3411 4653 3526 4725 jure
3561 4644 3738 4720 publico
3764 4649 3821 4704 εει

620 4750 930 4812 traditionis
958 4750 1117 4822 quam
1147 4738 1439 4805 Caeciliano
1462 4756 1520 4805 et
1558 4748 1675 4817 ejus
1718 4746 1939 4820 collegis
1984 4747 2211 4819 objicie-

617 4850 748 4906 bant
770 4891 786 4917 ,
815 4837 1176 4917 suscipiamus
1209 4843 1391 4899 denuo
1419 4843 1733 4908 ﬁniendam,
1753 4841 1849 4898 sed
1873 4840 2211 4900 demonstre-

617 4965 740 5005 mus
769 4947 901 5002 olim
928 4959 1051 5001 esse
1089 4943 1293 5000 finitam
1316 4984 1330 5008 ,
1364 4944 1424 4996 ut
1459 4938 1566 4997 hoc
1606 4940 1997 5012 cognoscentes
2022 4942 2207 5012 papuli

615 5039 707 5114 qui
760 5038 1046 5103 nesciunt,
1098 5046 1150 5091 et
1190 5035 1417 5091 istorum
1492 5026 1668 5089 adhuc
1740 5028 2207 5089 criminationibus

616 5126 1031 5191 commoventur
1051 5173 1066 5197 ,
1098 5127 1317 5184 tandem
1352 5124 1638 5198 aliquando
1659 5128 1988 5197 cognoscant
2016 5127 2069 5180 in
2099 5130 2204 5196 qua

616 5222 867 5284 Ecclesia
898 5221 1208 5281 cltristianze
1247 5218 1438 5277 salutis
1481 5222 1622 5277 viam
1663 5220 1957 5292 requirant.
1990 5219 2050 5278 Si
2080 5226 2210 5292 ergo

615 5320 683 5374 de
714 5308 956 5373 Ecclesia
987 5310 1248 5383 quieritur
1269 5329 1388 5384 quae
1415 5310 1513 5379 sit,
1544 5322 1743 5384 quanta
1768 5313 1867 5380 sit,
1894 5312 2070 5384 qualis
2098 5313 2203 5382 sit,

610 5409 727 5466 sola
756 5405 937 5463 divina
966 5396 1277 5459 testimonia
1308 5402 1375 5459 ad
1397 5418 1516 5461 eam
1543 5398 2022 5460 demonstrandam
2052 5401 2204 5460 sum-

602 5500 775 5559 ‘ci'ent.
810 5497 866 5555 Si
910 5494 1159 5552 itotnines
1203 5489 1476 5566 appellant
1500 5538 1515 5563 ,
1553 5498 1597 5552 si
1630 5490 1940 5551 hominibus
1972 5496 2202 5553 crimina

605 5581 897 5649 intendunt
917 5634 932 5659 ,
961 5586 1308 5660 quamQuam-
1331 5579 1592 5642 Ecclesia:
1633 5580 1793 5643 causa
1823 5582 1891 5643 ab
1920 5584 2201 5644 hominum

608 5698 768 5740 causa
796 5679 1170 5754 distinguenda
1199 5687 1317 5748 est,
1348 5693 1449 5735 nec
1488 5676 1541 5733 in
1582 5674 1891 5737 hominibus
1933 5694 2059 5754 spes
2098 5684 2199 5752 po-

613 5772 789 5843 nenda
817 5788 901 5845 eSt
942 5768 1237 5856 Ecclesiae,
1291 5770 1339 5838 si
1388 5770 1518 5853 boni
1563 5787 1686 5835 sunt
1712 5819 1727 5846 ,
1775 5792 1954 5859 neque
1997 5772 2045 5838 si
2074 5777 2203 5851 ntali

2314 4749 2512 4817 vellet,
2539 4762 2603 4803 an
2626 4758 2776 4806 certe
2802 4749 3003 4805 divinis
3027 4749 3386 4814 testimoniis,
3409 4744 3663 4803 evidenter
3685 4738 3816 4791 esten.

2314 4841 2485 4897 deret.
2532 4840 2642 4898 Sed
2685 4840 2865 4897 denuo
2889 4840 2959 4897 ad
2988 4841 3215 4913 quaesita
3246 4851 3555 4911 responsum
3579 4841 3678 4896 est,
3702 4827 3755 4881 ita
3783 4826 3822 4873 It

2312 4934 2723 4994 evidentissima
2768 4945 3168 4993 monstraretur
3192 4978 3208 5003 ,
3256 4936 3304 4992 si
3341 4932 3561 4989 crimina
3602 4939 3693 4983 non
3722 4916 3820 4986 tibi“

2310 5038 2562 5086 carentur
2583 5070 2599 5097 ,
2630 5044 2661 5085 a
2688 5024 3029 5086 documentis
3059 5030 3295 5101 publicis
3324 5020 3685 5083 dimetiendum
3706 5055 3719 5081 ,
3738 5018 3821 5080 illi”

2307 5118 2529 5193 Ῑποῢπί
2558 5134 2665 5177 non
2696 5130 2856 5192 pouse
2889 5121 3048 5178 aliter
3072 5122 3177 5177 nisi
3212 5118 3543 5192 publicorum
3566 5117 3742 5169 certum
3762 5103 3819 5155 esi

2311 5217 2657 5272 attestatione
2681 5224 2956 5287 gestorum
2983 5233 2998 5270 :
3030 5216 3110 5271 sin
3137 5230 3274 5271 vero
3289 5227 3450 5269 causa
3474 5203 3707 5268 Βοοιωίε
3726 5205 3823 5287 "‘9'

2308 5317 2554 5378 taretur,
2588 5286 2783 5380 legalis
2822 5318 3033 5366 tantum
3058 5307 3377 5364 testimonia
3406 5301 3753 5377 proferrentur.
3773 5286 3825 5341 De

2311 5404 2510 5476 quibus
2539 5403 2666 5477 quid
2688 5402 2905 5473 placeat
2929 5444 2945 5470 ,
2974 5403 3287 5459 evidentius
3313 5401 3629 5469 designetur.

2381 5496 2505 5553 191.
2538 5494 2824 5552 Politianus
2849 5496 3117 5568 episcopus
3138 5495 3300 5551 dixit.
3326 5493 3440 5549 Duo
3462 5495 3584 5545 sunt
3604 5496 3710 5557 qua
3732 5485 3827 5549 μισ

2308 5595 2391 5645 ter
2416 5598 2612 5646 caetera
2646 5602 2675 5644 a
2701 5588 2807 5645 diei
2841 5588 3000 5658 hujus
3028 5586 3300 5660 principio
3325 5582 3577 5656 coepimus
3605 5571 3820 5633 ventilare.

2306 5681 2480 5740 Unum
2507 5724 2523 5752 ,
2568 5684 2768 5754 utipsi
2814 5684 3072 5756 legissent
3110 5682 3251 5754 quid
3296 5674 3610 5767 imperatori
3638 5671 3823 5767 διφυί*-

2313 5778 2524 5852 tissimo
2554 5780 2956 5873 suggesserim;
3000 5775 3146 5849 aliud
3169 5818 3187 5855 ,
3230 5764 3413 5853 utrum
3451 5764 3822 5853 disceptation!!!
