4134 6186
322 312 456 371 1597
1285 293 1515 352 GESTA
1543 292 1958 352 COLL‘AI‘IONI

2062 289 2685 354 CARTHAG‘INENSIS.
3510 291 3657 349 “£8

321 427 457 500 legis
483 423 688 481 divina
709 428 904 477 tenere
932 415 1157 488 cupiant
1177 451 1197 480 ,
1233 425 1306 467 an
1345 407 1594 481 publicas
1629 408 1808 480 leges.
1842 409 1926 466 De
1951 410 2008 473 Α
2030 418 2255 466 sentum
2287 407 2774 482 partesjudioiario
2789 404 2982 476 animo
3001 404 3498 462 defensarelb‘unc
3521 423 3657 476 pra!-

323 495 550 592 utroque
593 513 728 572 nihil
773 511 907 568 mihi
949 513 1142 579 aperte
1191 516 1520 575 responsum
1563 509 1672 556 est.
1707 500 1775 556 Et
1818 502 1927 556 alia
2031 511 2228 559 sentes
2272 513 2420 560 sunt.
2463 495 2586 572 ipsi
2641 499 2773 555 mihi
2817 497 3222 569 respondeant,
3266 498 3368 569 ipsi
3411 498 3656 568 edicunt,

322 590 500 672 manu.
545 608 845 668 Petilisnus
896 603 1190 677 episcopus
1243 595 1616 670 appellatione
1662 594 1926 652 incolumi
2032 593 2140 664 ipsi
2165 595 2237 650 ad
2261 604 2502 664 utraque
2525 608 2653 665 qua:
2685 590 2964 661 proposui,
2996 590 3338 662 respondere
3365 607 3473 647 non
3493 592 3655 648 ditl‘e-

320 704 634 779 rectignovi.
1552 777 1560 779 _
1622 778 1644 779 η
1779 690 1787 702 ’
2030 700 2181 746 rant.
2215 690 2416 746 Elatia
2457 691 2638 742 manu.
2677 684 2971 740 Petilianus
3005 685 3306 756 episcopus
3341 687 3651 757 recognovi.

392 775 522 856 19'2.
555 793 821 851 Possidius
858 788 1130 861 episcopus
1170 779 1419 838 Ecclesia:
1452 777 1725 834 catholica:
1761 779 1923 834 dixit.
2031 779 2316 838 Possidius
2345 782 2626 853 episwpus
2654 775 2899 832 Ecclesiae
2937 776 3214 832 catholica:
3242 777 3395 832 dixit.
3418 776 3529 832 Nec
3560 792 3644 832 re-

324 891 409 950 Λᾶ
436 890 623 946 omnia
646 899 765 943 esse
785 893 1103 953 responsum
1131 872 1419 947 superiora
1441 878 1718 928 testantur
1737 880 1922 942 gesta.
2031 875 2312 945 spondere
2359 887 2464 929 nos
2511 866 2800 944 permittis.
2836 865 3132 923 Petilianus
3180 869 3452 940 episcopus
3499 869 3652 923 dixit.

327 985 391 1041 Et
422 985 531 1040 alia
560 997 738 1037 manu.
766 971 1096 1046 Recognovi.
2032 964 2214 1022 Tuum
2287 976 2372 1022 est
2433 959 2789 1035 pronuntia-re
2837 959 2964 1030 quid
3018 958 3253 1027 audias;
3295 959 3512 1015 illorum
3568 970 3651 1015 est

1903 1087 1927 1099 -
2031 1073 2199 1130 agere
2221 1075 2445 1117 causam
2470 1056 2562 1129 qui
2589 1052 2851 1109 adversus
2876 1069 2964 1109 me
2986 1053 3109 1108 loco
3136 1053 3406 1125 petitoris.
3438 1052 3507 1107 Et
3539 1070 3652 1107 cum

2031 1151 2228 1208 diceret
2299 1153 2408 1224 (Et
2451 1147 2563 1202 alia
2611 1160 2790 1199 manu.
2845 1145 3144 1202 Petilianus
3184 1145 3471 1217 episcopus
3501 1161 3653 1201 reco—

2069 1258 2195 1298 ηονι

2069 1258 2195 1298 now

2029 1257 2065 1314 8
2106 1247 2256 1391 196?,
2281 1328 2626 1390 Marcellinus
2670 1329 2750 1383 uir
2791 1292 3110 1386 clarissimus
3135 1331 3371 1386 tribunus
3401 1339 3447 1384 et
3497 1338 3647 1385 nota-

2029 1427 2144 1483 rius
2175 1430 2331 1483 dixit.
2374 1425 2491 1480 Hoc
2533 1423 2923 1491 pronuntiavit,
2979 1433 3037 1479 ut
3082 1439 3148 1480 es
3216 1431 3492 1494 gestorum
3569 1423 3647 1478 le-

2039 1522 2226 1578 Ctione
2249 1522 2372 1578 hate
2399 1516 2587 1572 omnia
2618 1517 2833 1589 possint
2850 1517 3143 1589 diligenter
3157 1517 3404 1590 agnosci.
3421 1515 3642 1572 Petilia-

327 1651 468 1708 stet,
501 1635 746 1694 noverim
775 1607 1154 1702 quidjdebeam
1191 1616 1542 1691 respondere.
1576 1615 1702 1672 Mihi
1741 1613 1884 1670 enim
1908 1653 1924 1681 ,
2035 1630 2135 1667 nus
2155 1615 2439 1685 episcopus
2466 1607 2619 1665 dixit.
2652 1611 2762 1682 Ipsi
2793 1611 2997 1678 dicant,
3032 1611 3136 1682 ipsi
3167 1611 3546 1683 profiteantur.
3583 1609 3646 1663 Et

327 1699 467 1793 sicut
495 1743 589 1789 tua
615 1699 870 1787 meminit
907 1699 1206 1786 nobilitas,
1247 1715 1388 1771 idem
1428 1727 1457 1766 a
1503 1711 1746 1783 partibus
1790 1707 1928 1764 meis
2033 1705 2143 1759 alia
2185 1720 2384 1760 manu.
2429 1699 2722 1761 Petilianus
2769 1708 3058 1778 episcOpus
3109 1703 3368 1760 incolumi
3414 1701 3652 1774 appella-

329 1826 644 1885 mandatum
673 1829 794 1888 est,
823 1828 883 1874 ut
918 1813 1148 1886 objectis
1183 1803 1537 1878 respondeam
1557 1844 1574 1872 ,
1604 1818 1710 1858 non
1743 1810 1803 1856 ut
1823 1799 1925 1856 ob-
1953 1793 2004 1854 Β
2036 1799 2181 1853 tione
2212 1797 2543 1862 recognovi.

327 1920 512 1991 jiciam
542 1885 922 1986 aliquidiNOn
949 1885 1095 1963 enim
1129 1903 1253 1958 loco
1281 1896 1528 1991 petitoris
1555 1893 1796 1991 adsisto,
1822 1890 1926 1947 sed
2059 1981 2070 1991 .
2109 1888 2283 1991 4.97..
2327 1885 2650 1960 Augustinus
2722 1893 2992 1966 episcopus
3065 1891 3312 1948 Ecclesiae
3388 1887 3657 1944 catholij

335 1977 676 2081 responsuri.
706 2003 812 2072 Qui
855 1999 1057 2070 sapius
1098 1991 1240 2066 apud
1288 1986 1631 2081 imperatoris
1673 2000 1831 2041 aures
1866 1990 1931 2040 et
2033 1980 2185 2036 ἀὶωίεο
2248 1977 2392 2033 Jam
2435 1981 2672 2041 diximus
2736 1987 2878 2044 unde
2922 2001 3141 2056 agamus
3189 1985 3405 2056 potius,
3452 1983 3504 2038 id
3551 1991 3657 2049 est,

333 2071 517 2159 cor-am
535 2097 691 2155 ornni
721 2071 922 2166 populo
947 2103 1083 2145 sane
1113 2083 1257 2157 apud
1288 2095 1347 2137 se
1376 2079 1701 2146 constituto,
1733 2078 1787 2132 in
1817 2076 1929 2132 cri-
2035 2082 2223 2130 utrum
2284 2071 2525 2139 publicis
2577 2077 2917 2136 documentis
2955 2095 3025 2135 an
3070 2078 3266 2136 divinis
3313 2075 3657 2133 testimoniis.

339 2209 463 2250 men
508 2205 610 2246 nos
651 2165 1017 2255 invidiamque
1047 2167 1362 2242 deducunt,
1402 2179 1466 2228 ui
1510 2170 1788 2227 lml'elicos
1832 2179 1934 2226 ιδοω
2037 2165 2096 2223 1η
2121 2171 2332 2220 Vebll‘a
2372 2177 2462 2224 est
2490 2172 2733 2240 positum
2755 2182 3044 2244 potestate.
3089 2171 3146 2230 Si
3188 2172 3332 2229 enim
3362 2187 3390 2226 a
3417 2171 3663 2228 crimini—

337 2285 550 2340 minent
570 2323 584 2349 ,
602 2290 671 2337 ut
699 2275 1074 2334 schismaticos
1109 2281 1335 2341 quoque
1375 2263 1681 2335 appellent,
1709 2262 1812 2319 hoc
1834 2261 1937 2317 do-
2044 2259 2142 2314 bus
2165 2256 2477 2318 hominum
2509 2266 2747 2321 cessatis
2770 2308 2786 2333 ,
2818 2275 2874 2322 et
2895 2281 2994 2322 nos
3020 2266 3353 2322 cessabimus
3381 2281 3411 2321 a
3445 2265 3672 2337 publicis

337 2367 535 2442 ceant,
579 2373 684 2428 hoc
726 2370 913 2436 diluo,
965 2365 1093 2422 huic
1139 2363 1218 2418 rei
1275 2367 1640 2428 reSponsurus
1687 2370 1804 2412 sum
1830 2396 1847 2424 ,
1891 2355 1938 2411 si
2044 2351 2434 2418 documentis,
2461 2366 2517 2411 et
2556 2358 2740 2412 solam
2768 2359 3024 2416 Ecclesiae
3047 2375 3263 2416 causam
3287 2360 3488 2417 divinis
3519 2359 3672 2417 testi-

339 2468 505 2525 m°d°
525 2482 586 2523 δε
611 2465 678 2521 ad
708 2463 904 2536 168³1⁵³
931 2464 1262 2517 οοηνθνιθηί
1281 2497 1296 2522 9
1325 2453 1606 2525 ίρείίίδίίυθ
1634 2451 1771 2523 ἰθείε
1789 2464 1944 2521 αυεβα
2048 2446 2250 2504 moniis
2275 2461 2623 2507 asseremus.
2661 2451 2722 2508 Si
2754 2462 2934 2508 autem
2969 2453 3037 2509 ab
3061 2454 3338 2510 hominum
3357 2455 3675 2512 criminibus

324 1263 567 1340 pervidet
604 1261 696 1317 illa
727 1268 814 1314 tua
845 1251 1162 1326 praestantia
1199 1257 1361 1318 atque
1387 1241 1650 1298 vivacitas
1683 1255 1884 1296 sensus
1906 1279 1924 1308 ,

327 1337 499 1430 magis
527 1355 660 1412 mihi
705 1345 1222 1409 interlocutionibus
1269 1337 1571 1396 nobilitatis
1611 1345 1719 1391 tua:
1763 1349 1925 1404 quam

327 1427 775 1524 responsionibus
794 1439 1234 1501 adversariorum
1259 1433 1427 1490 fuisse
1456 1440 1798 1501 responsum.
1823 1427 1930 1500 lgi-

327 1521 750 1603 tur—evidentius
787 1533 993 1608 aliquid
1031 1532 1398 1592 decernatur,
1429 1521 1739 1578 evidentius
1789 1531 1926 1576 con-

343 2573 466 2618 rant
496 2572 762 2631 responsa
798 2563 966 2625 atque
991 2551 1212 2623 judicia.
1245 2548 1344 2604 Sin
1373 2560 1506 2601 vero
1541 2553 1780 2615 utraque
1811 2542 1946 2598 mis-

341 2661 503 2719 cent,
542 2649 845 2706 evidentius
875 2646 1212 2716 designetur.
1260 2637 1518 2695 Noverim
1557 2652 1730 2708 genus
1774 2637 1947 2690 actio-

341 2748 457 2814 nis,
494 2758 655 2801 nemo
685 2757 770 2797 me
803 2737 1168 2811 reprehendat
1208 2735 1262 2789 in
1292 2731 1551 2804 publico,
1598 2745 1758 2786 nemo
1787 2728 1950 2806 bona

340 2854 520 2898 causae
560 2835 833 2893 inﬁrmum
863 2847 986 2889 esse
1009 2831 1219 2902 indicet
1259 2826 1612 2882 defensorem
1633 2866 1648 2891 ,
1678 2835 1843 2879 nemo
1864 2823 1952 2893 ju-

339 2934 480 2990 dicet
519 2930 794 3000 obliquum
817 2967 832 2994 ,
879 2939 1040 2982 nemo
1069 2919 1449 2979 adversarium
1483 2918 1736 2975 dolosam
1767 2931 1831 2972 ac
1879 2916 1951 2971 li-

343 3026 644 3083 centiosum
663 3061 682 3089 ,
708 3021 796 3076 cui
829 3018 1010 3075 omnia
1036 3015 1470 3088 permittuntur;
1515 3019 1575 3066 ut
1608 3025 1730 3066 cum
1760 3009 1834 3064 de
1863 3007 1952 3063 his

342 3122 485 3194 justa
522 3126 685 3187 atque
715 3103 985 3171 evidentia
1029 3108 1418 3182 requirantur,
1462 3104 1634 3161 libeat
1673 3103 1777 3159 illis
1815 3101 1955 3157 deli-

2050 2553 2159 2594 non
2183 2537 2474 2606 desistitis,
2506 2555 2745 2598 necesse
2773 2555 2858 2600 est
2887 2559 2988 2600 nos
3017 2555 3065 2600 et
3096 2561 3126 2600 a
3152 2547 3304 2602 vobis
3326 2547 3539 2618 publica
3567 2547 3671 2602 do-

2050 2642 2305 2688 cumenta
2357 2633 2613 2703 ﬂagitare
2639 2677 2656 2702 ,
2687 2646 2744 2693 et
2769 2645 2963 2694 contra
2990 2653 3091 2694 vos
3114 2640 3330 2710 publica
3353 2642 3677 2698 documenta

2054 2725 2321 2796 proferre.
2367 2725 2484 2781 Hoc
2519 2737 2708 2784 autem
2763 2745 2889 2785 cum
2927 2731 3199 2801 cognitori
3241 2734 3672 2804 insinuaremus,

2056 2819 2183 2889 quia
2212 2816 2291 2871 illi
2323 2816 2389 2871 de
2417 2817 2586 2874 conde
2614 2836 2727 2876 non
2771 2830 2857 2877 est
2887 2837 3178 2878 excussum
3203 2826 3592 2897 multiplicibus
3620 2838 3674 2883 et

2059 2908 2350 2980 superﬂuis
2379 2913 2866 2978 prosecutionibus
2907 2915 3124 2981 vestris,
3157 2917 3281 2974 ideo
3313 2919 3466 2976 vobis
3491 2921 3602 2992 jam
3645 2936 3676 2976 a

2060 3001 2216 3056 nobis
2247 2998 2364 3054 haec
2381 3007 2504 3054 acta
2553 3016 2680 3093 esse
2731 3003 2848 3073 ipse
2898 3007 3306 3078 respondebat,
3339 3028 3449 3068 non
3492 3024 3675 3084 partes

2060 3101 2278 3149 nostras
2303 3105 2495 3160 agens,
2538 3093 2636 3148 sed
2669 3109 2820 3162 suas,
2852 3097 2940 3151 cui
2961 3096 3076 3167 jam
3104 3099 3502 3162 insinuavimus
3529 3107 3677 3178 ejus-

345 3185 466 3271 cate
492 3185 772 3282 quomodo
813 3205 1086 3262 voluerint
1125 3200 1359 3257 nebulas
1389 3211 1452 3252 ac
1483 3199 1735 3254 tenebras
1763 3194 1956 3252 obten-
1982 3189 2028 3252 C
2062 3201 2166 3257 (lue
2191 3185 2340 3239 οοτάί
2399 3185 2616 3252 Pennus
2653 3185 2938 3246 ίηίίιίιηυε
2989 3191 3120 3261 quid
3166 3195 3430 3255 dicamus.
3460 3198 3530 3255 Et
3565 3203 3673 3257 alia

347 3308 514 3373 dere,
544 3313 602 3360 ut
640 3301 815 3358 veniri
848 3315 952 3355 non
989 3297 1166 3370 possit
1194 3294 1263 3348 ad
1289 3292 1568 3349 cardinem
1592 3288 1854 3347 veritatis.
1890 3285 1954 3340 Et

351 3401 458 3456 alia
487 3414 665 3453 manu.
696 3395 997 3452 Petilianus
1025 3392 1322 3463 episcopus
1349 3387 1715 3459 appellatione
1743 3381 1954 3439 incolu~

355 3493 428 3548 mi
458 3488 770 3560 recognovi.

434 3583 557 3638 194.
594 3579 927 3634 Marodlinus
948 3580 1029 3633 vir
1055 3576 1373 3634 clarissimus
1393 3574 1628 3629 tribunus
1655 3579 1702 3626 et
1722 3567 1955 3624 notarius

357 3675 513 3730 dixit.
559 3672 675 3726 Duo
718 3676 846 3726 sunt
890 3681 1012 3739 quas
1057 3665 1321 3722 sanctitas
1357 3674 1450 3720 tua
1489 3661 1720 3720 credidit
1766 3667 1954 3730 postu-

358 3769 554 3834 landa;
595 3779 761 3820 unum
788 3805 804 3831 ,
848 3771 906 3818 ut
943 3759 1268 3816 mandatum
1321 3759 1372 3812 in
1415 3773 1526 3828 quo
1571 3757 1730 3825 legati
1757 3749 1956 3808 delecti

360 3869 488 3915 sunt
517 3874 547 3912 a
587 3866 742 3926 parte
771 3872 802 3912 e
845 3853 1062 3910 diverso
1089 3850 1320 3905 sistente
1357 3848 1736 3917 relegeretttr;
1767 3840 1910 3897 aliud
1935 3879 1953 3908 ,

361 3960 545 4008 utrum
582 3963 613 4001 a
653 3946 850 4002 divinis
890 3944 1102 4014 legibus
1143 3938 1501 4007 recederent,
1544 3931 1957 3993 evidentissime

363 4045 818 4101 demonstrarent.
865 4037 1160 4093 Peli/ianus
1189 4034 1464 4106 episcopus
1503 4030 1656 4086 dixit.
1710 4027 1956 4094 Respon-

362 4138 528 4194 deaut
565 4133 803 4190 breviter
829 4131 896 4186 ad
938 4141 1252 4198 utrumque.
1296 4125 1366 4180 Et
1393 4126 1498 4180 alia
1525 4138 1707 4177 manu.
1741 4117 1960 4174 Petilia-

365 4247 467 4288 nus
491 4230 782 4300 episcopus
810 4223 1118 4294 recognovi.
1155 4220 1492 4274 Marcellinus
1518 4217 1594 4271 uir
1637 4212 1961 4268 clarissimus

367 4325 598 4380 tribunus
638 4330 687 4376 et
727 4319 962 4374 notarius
989 4314 1140 4370 dixit.
1178 4311 1278 4369 Uni
1313 4310 1408 4377 rei,
1441 4307 1695 4380 quoniam
1723 4318 1843 4359 mea
1875 4304 1958 4358 itt-

369 4426 603 4484 tererat,
634 4416 750 4486 ipse
778 4409 1055 4482 respondi.
1090 4406 1201 4462 Nec
1244 4403 1386 4459 enim
1413 4405 1479 4459 de
1511 4401 1594 4457 his
1640 4398 1833 4469 legatis
1863 4410 1962 4467 po-

369 4521 536 4566 teram
561 4507 841 4573 dubitare,
871 4503 940 4559 de
969 4514 1199 4572 quorum
1233 4497 1500 4568 legatione
1524 4493 1966 4565 pronuntiaverat

367 4600 824 4660 clementissimus
851 4596 1182 4666 imperator,
1215 4606 1282 4645 ne
1313 4589 1366 4644 in
1411 4587 1528 4658 ejus
1570 4584 1824 4655 injuriam
1878 4597 1965 4636 re—
1992 4583 2045 4643 D

367 4697 545 4754 fricari
589 4695 753 4767 309
795 4689 996 4761 aliquid
1044 4685 1344 4742 videretur.
1396 4679 1555 4736 Aliud
1599 4691 1729 4733 vero
1774 4690 1959 4732 eorum

368 4798 582 4849 constat
623 4783 1094 4860 prosecutionibus
1135 4776 1417 4835 deﬁnitum
1445 4816 1460 4841 ,
1511 4771 1710 4844 quibus
1746 4769 1798 4823 id
1844 4767 1959 4823 evi-

367 4888 560 4944 denter
581 4893 866 4938 ostensum
895 4885 982 4935 est
1003 4915 1019 4943 ,
1046 4873 1188 4930 velle
1220 4885 1285 4926 se
1314 4885 1345 4925 a
1373 4867 1586 4938 publico
1612 4865 1731 4935 jure
1761 4863 1862 4918 sub
1897 4876 1960 4916 ea

369 4978 683 5036 conditione
720 4972 1037 5037 discedere,
1068 4969 1113 5023 si
1150 4966 1218 5021 de
1261 4974 1614 5034 personarum
1644 4954 1963 5011 criminibus

373 5069 647 5128 taceretis.
673 5065 828 5123 Unde
851 5061 1108 5135 quoniam
1145 5057 1277 5113 hinc
1321 5053 1607 5110 conﬂictus
1649 5056 1856 5104 tantum
1886 5061 1970 5103 re-

375 5163 641 5219 mansisse
667 5157 1048 5228 cognoscitur,
1079 5149 1258 5221 utqui
1297 5143 1542 5220 petitoris
1584 5144 1704 5197 loco
1744 5139 1972 5194 adsistat

370 5251 782 5312 evidentissime
805 5247 1206 5302 demonstretur
1223 5283 1238 5307 ,
1271 5239 1525 5312 quoniam
1556 5242 1706 5306 gesta
1731 5247 1762 5286 a
1787 5239 1969 5287 vestra

377 5357 532 5418 parte
574 5344 756 5400 oblata
803 5338 1025 5394 recitata
1067 5344 1233 5400 sunt,
1289 5331 1532 5403 patimini
1579 5327 1760 5384 denuo
1807 5325 1969 5380 etiam

380 5416 441 5493 ea
471 5451 593 5508 quae
634 5450 663 5488 a
707 5432 918 5488 diversa
961 5439 1113 5501 parte
1149 5425 1478 5488 oﬂ‘erentur,
1521 5420 1590 5476 ab
1626 5416 1803 5474 oflicio
1832 5416 1972 5471 reci-

381 5531 510 5585 tri.

459 5621 586 5677 195.
630 5619 918 5674 Petitianus
965 5614 1232 5683 episcomts
1281 5608 1432 5662 dixit.
1466 5607 1635 5675 Cujus
1662 5609 1810 5674 gesta
1851 5609 1977 5657 sunt

383 5729 512 5785 quae
541 5729 570 5766 a
602 5710 844 5783 partibus
873 5704 1013 5762 meis
1049 5700 1272 5756 recitata
1314 5698 1480 5753 sunt?
1505 5697 1561 5753 Si
1599 5696 1852 5751 absentes
1892 5707 1978 5749 es-

387 5815 512 5876 sent
550 5820 582 5883 e
645 5802 862 5874 diverso
897 5796 1188 5872 sistentes,
1211 5791 1359 5848 licuit
1391 5789 1506 5860 tibi,
1535 5789 1616 5856 vir
1639 5786 1857 5856 nobilis,
1885 5785 1979 5843 ab-

2060 3293 2240 3332 manu.
2270 3276 2604 3346 Recognovi.

2136 3371 2259 3426 198.
2304 3369 2606 3426 Adeodatus
2633 3372 2906 3444 episcopus
2949 3375 3100 3431 dixit.
3137 3379 3254 3448 Quo
3284 3381 3475 3439 ordine
3507 3400 3670 3456 agere

2057 3463 2350 3520 debeamus
2423 3462 2484 3520 in
2545 3475 2727 3521 nostra
2780 3480 2888 3522 non
2944 3477 3030 3525 est
3083 3473 3316 3542 positum
3372 3486 3663 3547 potestate,

2058 3574 2180 3613 cum
2205 3559 2381 3628 ipsum
2421 3559 2698 3626 venirevin
2723 3569 3210 3634 nostra'potestate
3237 3582 3346 3624 non
3382 3570 3568 3628 fuerit.
3598 3572 3667 3628 Et

2057 3653 2166 3707 alia
2200 3668 2376 3755 manu.
2424 3653 2740 3711 Adeodatus
2776 3657 3066 3729 episcopus
3113 3661 3259 3716 salva
3299 3665 3667 3735 appellatione

2060 3757 2372 3813 recognow.

2135 3836 2261 3893 199.
2336 3837 2660 3907 Augustinus
2749 3842 3020 3915 episcopus
3087 3843 3340 3903 Ecclesia:
3396 3849 3666 3906 catholica:

2061 3929 2213 3985 dixit.
2250 3930 2390 4000 Ergo
2421 3929 2490 3983 ad
2540 3931 2868 4003 interrogata
2926 3935 3277 4004 respondete.
3316 3939 3592 3996 Receditis
3631 3956 3665 3997 a

2061 4021 2378 4077 criminibus
2411 4022 2758 4078 traditionis?
2789 4025 3176 4096 Respondeant
3203 4028 3272 4083 ad
3300 4030 3464 4087 breve
3491 4034 3664 4088 inter-

2062 4123 2310 4183 rogatum
2357 4121 2626 4168 nostrum.
2673 4114 2875 4169 Facitis
2906 4116 3179 4185 jacturam
3205 4119 3494 4175 criminum
3540 4138 3662 4192 qua:

2065 4206 2253 4260 soletis
2279 4202 2518 4270 objicere
2539 4204 2830 4259 Caeciliano
2863 4215 2918 4260 et
2944 4207 3170 4276 collegis
3197 4209 3338 4278 ejus,
3370 4226 3440 4265 an
3487 4211 3542 4266 in
3571 4227 3662 4268 ea.

2063 4297 2188 4352 dem
2233 4294 2611 4349 criminatione
2659 4297 2996 4365 persistitis‘t
3024 4296 3095 4352 Et
3123 4301 3230 4353 alia
3275 4316 3455 4356 manu.
3489 4303 3665 4360 Recoo

2061 4392 2247 4463 gnovi.
2283 4388 2617 4444 Marcellinus
2664 4391 2741 4444 vir
2780 4391 3100 4449 clarissimus
3150 4395 3387 4454 tribunus
3421 4407 3469 4455 et
3513 4410 3663 4457 nota-

2056 4487 2176 4540 rius
2205 4484 2357 4539 dixit.
2391 4481 2474 4538 Ad
2503 4483 2732 4553 quaesita
2766 4486 3112 4555 respondete.

2142 4577 2267 4632 9.00.
2313 4574 2573 4630 Emeritus
2623 4576 2896 4647 episcopus
2950 4578 3098 4632 dixit.
3144 4579 3315 4638 Breve
3339 4596 3496 4640 suum
3529 4585 3665 4643 dicit

2071 4683 2192 4724 esse
2230 4667 2577 4738 postulatum,
2621 4667 2786 4724 breve
2824 4678 3072 4725 nostrum
3101 4671 3261 4728 debet
3286 4689 3410 4731 esse
3435 4692 3661 4749 respon-

2071 4778 2212 4818 sum.
2247 4761 2436 4817 Omnis
2457 4762 2599 4817 actio
2623 4762 2760 4819 duas
2779 4765 2918 4819 solet
2944 4766 3222 4835 suscipere
3251 4783 3536 4838 personas,
3569 4786 3662 4842 pe-

2073 4857 2248 4912 titoris
2298 4865 2354 4911 et
2397 4872 2427 4911 e
2468 4856 2686 4912 diverso
2733 4858 3130 4928 respondentis.
3174 4860 3310 4916 Cum
3358 4861 3475 4920 haec
3503 4879 3666 4922 causa

2073 4965 2228 5005 suum
2252 4949 2497 5005 ordinem
2526 4959 2725 5016 teneat,
2758 4952 3178 5022 conﬂictumque
3206 4953 3501 5021 desideret,
3535 4958 3665 5026 quid

2073 5051 2160 5098 est
2186 5043 2327 5113 quod
2351 5049 2477 5097 ante
2507 5043 2766 5112 principia
2807 5044 3029 5113 negotii,
3063 5046 3219 5114 quasi
3250 5047 3498 5116 qumdam
3530 5050 3665 5106 mihi

2074 5134 2272 5190 electio
2293 5150 2360 5189 ex
2381 5134 2608 5188 adversa
2633 5147 2785 5203 parte
2809 5136 3146 5204 proponitur,
3176 5146 3232 5192 ut
3259 5137 3459 5206 dicam,
3485 5149 3666 5196 utrum

2075 5227 2390 5282 criminibus
2448 5226 2726 5280 intentatis
2779 5224 3049 5282 Caeciliani
3101 5228 3359 5301 refrager,
3393 5240 3554 5302 atque
3593 5232 3666 5288 ab

2081 5319 2270 5374 iisdem
2295 5334 2415 5389 quae
2441 5317 2746 5388 obieceram
2784 5319 2973 5374 sileam
2997 5360 3011 5386 ,
3039 5336 3106 5376 an
3142 5323 3355 5393 objecta
3380 5322 3432 5376 in
3458 5323 3665 5393 judicio

2081 5411 2286 5466 valeam
2309 5411 2675 5466 continuare?
2702 5410 2970 5468 Memento
2989 5414 3230 5484 judicum
3263 5432 3496 5482 summe,
3524 5418 3670 5474 sicut

2081 5505 2313 5571 adsoles,
2347 5505 2434 5572 qui
2471 5505 2541 5559 sit
2575 5505 2709 5559 ordo
2739 5505 2971 5562 dicendi.
3009 5508 3177 5564 Nemo
3204 5510 3346 5564 enim
3377 5509 3665 5567 adversum

2080 5613 2138 5654 se
2183 5599 2414 5654 adstanti
2453 5597 2584 5652 dicit
2615 5616 2627 5652 :
2660 5598 2808 5670 Elige
2827 5601 2921 5655 tibi
2962 5609 3136 5656 utrum
3166 5615 3252 5654 me
3278 5613 3499 5653 accusas
3543 5615 3672 5656 nec-

2086 5708 2173 5746 ne.
2230 5691 2400 5747 Nemo
2441 5690 2572 5746 dicit
2607 5710 2618 5744 :
2653 5691 3022 5748 lntentaturus
3052 5707 3112 5748 es
3147 5691 3374 5754 crimen,
3416 5704 3485 5744 an
3535 5692 3670 5749 nihil

2088 5785 2222 5845 mihi
2284 5785 2338 5843 in
2405 5785 2608 5862 judicio
2662 5785 2940 5846 oblaturus
2989 5799 3080 5851 es,
3166 5792 3221 5842 et
3285 5782 3672 5861 intentionibus
