4134 6186
547 308 570 364 1
584 308 689 366 399

1479 303 1708 361 GESTA
1747 302 2209 361 COLLATIONIS
2246 303 2871 363 CAR'I'IIAGINENSIS.

3698 306 3838 363 “th

541 427 647 483 tuis
679 436 886 482 mutum
917 424 1189 497 quoddam
1219 423 1493 482 silentium
1525 423 1832 492 imponens,
1863 420 2042 478 inanis
2069 435 2132 476 ac
2160 423 2214 485 Α
2239 438 2344 477 non
2393 437 2606 488 recuso,
2632 423 2675 478 si
2709 423 2813 477 hoc
2845 429 3024 492 potest
3071 435 3194 476 esse
3249 421 3619 479 retinendum.
3669 419 3837 479 Serva

541 523 660 577 sine
710 524 922 577 ratione
947 519 1014 576 de
1047 529 1154 575 tam
1202 520 1512 590 longinquis
1557 517 1864 589 regionibus
1928 516 2141 571 venisse

541 612 772 682 dicaris,
812 629 934 668 cum
981 612 1047 667 ad
1101 613 1202 668 hoc
1240 628 1340 684 ego
1381 612 1674 675 adsistam,
1705 620 1764 665 ut
1807 611 1853 665 si
1906 624 1992 664 me
2021 608 2138 679 ipse

541 706 740 761 dixerit
789 706 880 760 illa
927 706 1132 761 dixisse
1171 721 1292 776 quae
1321 706 1561 777 graviter
1598 704 1740 760 ferre
1763 713 1855 759 aut
1887 701 2138 772 imperia-

540 799 682 854 libus
711 799 965 870 auribus,
1007 809 1097 854 aut
1129 799 1182 852 in
1217 813 1314 853 suo
1347 798 1602 853 mandato
1634 796 1990 866 subscripsit,
2026 805 2140 850 tum

541 891 758 947 demum
811 892 1003 962 eligam
1053 901 1214 962 atque
1267 892 1669 959 reSpondeam,
1728 897 1905 943 utrum
1975 887 2139 943 velim

542 984 930 1040 intentionibus
974 985 1214 1054 ejusdem
1261 985 1556 1040 secundum
1592 983 1985 1053 prosecutionis
2025 997 2140 1038 suae

543 1085 789 1131 tenorem
823 1076 996 1147 legum
1025 1076 1440 1130 conﬁrmatione
1464 1075 1713 1130 robustus
1742 1075 2002 1130 accedere
2023 1115 2037 1140 ,
2070 1087 2136 1125 an

539 1183 628 1224 me
659 1169 726 1223 ab
759 1168 859 1224 hac
883 1168 1098 1223 actione
1143 1183 1443 1224 removere.
1477 1167 1636 1222 Videt
1681 1167 1990 1236 praestantia
2047 1174 2135 1219 tua

542 1277 628 1316 me
667 1261 997 1331 respondere
1040 1277 1146 1315 non
1194 1275 1389 1332 posse.
1439 1277 1560 1316 cum
1615 1261 1880 1315 incertum
1915 1258 2134 1325 dixerit,

541 1369 664 1408 cum
697 1354 828 1408 nihil
863 1355 969 1408 tale
1001 1355 1341 1424 pr0p0suerit
1365 1355 1449 1408 cui
1483 1353 1708 1409 debeam
1742 1367 2002 1407 revocare
2045 1367 2136 1406 re-

541 1461 820 1517 sponsum.
856 1447 984 1502 Dico
1012 1447 1154 1500 enim
1185 1463 1308 1502 eum
1359 1455 1535 1502 utrum
1591 1445 1789 1515 petitor
1811 1461 1878 1498 an
1910 1458 2138 1514 respon-

541 1553 633 1594 sor
663 1548 784 1594 stet.
815 1539 909 1594 llle
939 1538 1068 1593 mihi
1095 1537 1222 1593 dicit
1257 1555 1270 1592 :
1303 1537 1358 1593 Si
1385 1536 1658 1592 Cteciliani
1707 1550 1924 1590 causam
1965 1535 2137 1589 inter-

540 1632 786 1694 miseris,
827 1640 954 1684 tunc
997 1631 1194 1700 petitor
1225 1644 1376 1694 sum;
1405 1629 1449 1682 si
1481 1635 1660 1683 autem
1696 1642 1800 1681 non
1833 1626 2140 1696 practermi-

538 1724 674 1778 seris
696 1763 712 1788 ,
746 1737 970 1778 necesse
1001 1731 1084 1776 est
1113 1737 1200 1778 me
1237 1719 1570 1790 reSponderc
1603 1719 1670 1774 ad
1699 1735 1762 1774 ea
1791 1733 1911 1789 quae
1948 1717 2138 1773 viden-

2242 516 2372 569 mihi
2424 514 2672 585 primitus
2728 525 2968 583 tempora
3007 514 3186 585 legum
3212 557 3226 580 ,
3262 524 3534 570 statuatur
3560 515 3702 572 dies.
3736 517 3838 572 Re-

2243 605 2510 676 spondeat
2555 605 2793 660 ofﬁcium
2836 603 2906 660 de
2945 605 3032 659 die
3063 620 3245 661 causa:
3268 617 3635 677 cognoscatur
3665 607 3838 676 lapsus

2243 696 2428 752 fuisse.
2485 696 2616 750 lliuc
2662 697 2836 765 iudica
2867 737 2882 762 ,
2920 695 3047 753 hinc
3074 697 3244 754 debes
3295 698 3440 755 ferre
3490 700 3836 756 sententiam.

2241 788 2520 860 Siquidem
2561 799 2750 845 contra
2779 805 2866 846 me
2891 792 3214 846 sententiam
3247 790 3420 848 ferres
3441 835 3457 858 ,
3486 794 3530 848 si
3578 793 3718 850 forte
3744 795 3837 851 de-

2242 881 2487 938 fuissem.
2523 881 2589 936 Et
2629 883 2733 937 alia
2773 899 2950 936 manu.
3007 883 3307 939 Petilianus
3351 885 3647 955 episcopus
3697 887 3838 944 salva

2241 975 2608 1045 appellatione
2634 977 2953 1046 recognovi.

2311 1067 2440 1123 204.
2481 1067 2812 1136 Augustinus
2827 1068 3095 1138 episcopus
3120 1068 3369 1124 Ecclesia:
3387 1071 3671 1127 catholica:
3689 1073 3835 1130 dixit.

2241 1163 2295 1218 Si
2328 1163 2417 1220 die
2436 1165 2650 1221 decimo
2679 1169 2866 1236 quinto
2891 1177 3180 1234 venerunt,
3219 1177 3278 1222 ut
3323 1167 3389 1222 ad
3438 1168 3842 1239 quartumdeci-

2244 1273 2387 1312 mum
2446 1267 2834 1327 occurrerent,
2865 1275 3032 1328 quare
3063 1268 3265 1316 octavo
3295 1259 3562 1316 kalendas
3585 1260 3841 1318 constite-

2243 1350 2406 1404 runt?
2431 1349 2498 1404 Et
2523 1351 2630 1404 alia
2658 1368 2838 1405 manu.
2875 1351 3208 1422 Recognovi.

2313 1441 2441 1496 205.
2493 1441 2780 1497 Petilianus
2822 1444 3090 1515 episcopus
3135 1444 3288 1499 dixit.
3336 1443 3460 1500 Non
3509 1445 3836 1515 inquietasti,

2242 1533 2376 1588 scivi
2401 1534 2569 1607 310
2597 1544 2649 1590 te
2671 1535 2904 1605 lapsum,
2935 1536 3210 1606 superﬂue
3245 1538 3527 1607 ingressus
3557 1553 3676 1593 sum
3701 1538 3837 1607 judi-

2243 1625 2413 1690 cium,
2439 1626 2530 1696 qui
2559 1626 2769 1680 intrare
2795 1643 2900 1682 non
2931 1626 3090 1682 debui
3125 1639 3248 1698 post
3275 1628 3421 1683 diem
3455 1630 3597 1698 lapsi
3622 1631 3833 1700 negotii.

2245 1716 2313 1770 Et
2343 1717 2450 1771 alia
2480 1734 2657 1772 manu.
2680 1717 2979 1774 Petilianus
3009 1720 3320 1791 episcopus,
3354 1722 3725 1790 appellatione
3759 1728 3835 1777 in-

541 1827 632 1872 tur
670 1816 904 1887 objecta.
939 1817 994 1872 Si
1028 1817 1186 1870 times
1228 1815 1500 1871 Caeciliani
1541 1829 1757 1869 causam
1785 1852 1800 1876 ,
1835 1814 2138 1884 metuisque
2172 1817 2220 1876 B
2245 1810 2448 1866 columi
2475 1813 2787 1882 recognovi.

542 1911 635 1965 tibi
683 1910 882 1981 aliquid
936 1910 1228 1980 objectum,
1282 1917 1337 1963 tu
1370 1922 1689 1978 proponere,
1754 1916 1808 1960 tu
1863 1906 2142 1961 instituere

540 2005 810 2060 actionem
825 2004 877 2058 in
887 2003 1094 2074 judicio
1105 2003 1348 2058 debebis.
1368 2001 1604 2056 Adtralte
1621 2014 1706 2054 me
1727 2009 1782 2054 et
1804 1999 1856 2053 in
1873 1998 2140 2068 publicum

541 2095 772 2150 colloca.
810 2095 903 2150 Dic
936 2110 1021 2150 me
1060 2093 1278 2164 aliquod
1309 2092 1405 2146 tibi
1439 2092 1652 2147 crimen
1678 2090 1820 2162 quod
1865 2089 1932 2144 ad
1982 2104 2142 2144 aures

541 2186 923 2257 imperatorias
953 2186 1230 2254 detulisti,
1292 2200 1387 2256 per
1440 2183 1710 2256 publicam
1753 2181 2141 2238 conscientiam

540 2280 978 2336 commendasse.
1031 2279 1165 2335 Cum
1222 2293 1323 2349 ego
1374 2287 1554 2333 autem
1583 2277 1654 2332 de
1679 2287 1729 2332 te
1757 2275 1930 2347 magis
1971 2291 2139 2347 expc-

543 2385 652 2429 tam
703 2373 828 2443 quid
883 2372 1141 2438 audieris,
1186 2370 1314 2442 quid
1360 2385 1449 2426 me
1475 2368 1869 2438 dixisse,quid
1900 2367 2142 2422 meinsi—

542 2481 741 2522 nuasse
797 2465 1016 2536 judiciis
1058 2464 1307 2530 intimes,
1361 2478 1460 2519 cur
1511 2464 1737 2526 metuis,
1792 2477 1890 2516 cur
1936 2462 2144 2516 vereris

541 2560 809 2614 actionem
835 2559 992 2614 istam
1015 2559 1068 2613 in
1089 2558 1294 2628 judicio
1327 2556 1580 2612 ﬁrmare?
1608 2555 1876 2610 Nimirum
1903 2555 2032 2609 illud
2061 2564 2144 2609 at-

547 2652 744 2718 tendis,
778 2668 848 2707 ne
879 2653 1126 2722 petitoris
1175 2651 1478 2722 suscipiens
1528 2663 1815 2720 persenam
1846 2691 1861 2715 ,
1886 2664 2060 2720 eaque
2087 2650 2142 2705 in

540 2745 805 2818 judicium
827 2747 1016 2808 mittis,
1051 2754 1144 2800 aut
1169 2755 1412 2815 accepta,
1441 2751 1535 2798 aut
1556 2741 1722 2809 dicta,
1746 2751 1838 2797 aut
1866 2741 1932 2797 ab
1959 2743 2142 2812 aliquo

544 2841 881 2912 promulgata
914 2839 1116 2894 docere
1153 2838 1206 2892 in
1226 2837 1434 2907 judicio
1476 2835 1839 2905 compellaris.
1881 2833 2138 2902 Attende,

540 2933 624 2986 vir
650 2931 866 2992 nobilis,
900 2931 953 2986 in
983 2945 1094 3002 quo
1119 2939 1264 2986 statu
1295 2930 1362 2984 sit
1386 2930 1488 2984 ista
1511 2942 1668 2984 cauSa
1691 2969 1706 2993 ,
1738 2943 1862 2982 cum
1900 2941 2020 2997 ego,
2047 2926 2139 2998 qui

537 3026 749 3096 pulsor,
777 3025 1092 3095 petitionem
1143 3024 1361 3079 illorum
1413 3023 1584 3094 promi
1625 3023 1678 3076 in
1719 3021 1996 3091 judicium
2043 3038 2139 3093 pe-

540 3129 676 3184 tam,
708 3132 912 3188 eosque
933 3133 1035 3188 qua
1065 3132 1284 3188 possum
1313 3115 1682 3188 postulatione
1703 3113 1971 3186 deprecor
1995 3131 2142 3171 sem-

2317 1902 2444 1958 206.
2489 1903 2804 1974 Augustinus
2825 1904 3098 1976 episcopus
3131 1903 3376 1962 Ecclesia:
3395 1908 3668 1963 catholica:
3693 1910 3834 1964 dixit.

2245 1995 2424 2064 Quare
2466 1996 2531 2050 ad
2575 1996 2830 2052 kalendas
2873 2013 2935 2053 se
2965 1999 3215 2069 promisit
3239 1999 3562 2056 adfuturum
3589 2017 3710 2057 esse
3729 2002 3836 2056 Pri-

2247 2088 2498 2142 tuianus?
2526 2087 2594 2142 Et
2619 2090 2725 2144 alia
2753 2107 2930 2144 manu.
2959 2091 3290 2162 Recognovi.
3323 2094 3548 2165 Alypius
3575 2098 3834 2167 episcopus

2249 2181 2501 2237 Ecclesia
2523 2184 2790 2240 catholica:
2837 2185 2991 2241 dixit.
3016 2186 3130 2243 Hoc
3150 2188 3282 2258 jube
3312 2189 3556 2246 recitari.
3588 2191 3833 2259 Quamvis

2247 2273 2349 2329 ista
2405 2285 2677 2331 transacta
2731 2281 2870 2344 sint,
2897 2280 3144 2349 quamvis
3179 2280 3245 2334 ad
3279 2281 3586 2338 illusionem
3615 2285 3829 2352 pepule-

2248 2381 2364 2421 rum
2391 2366 2488 2421 bas
2512 2367 2738 2423 nebulas
2765 2369 2974 2439 iujieiat
3021 2385 3146 2441 pars
3167 2370 3385 2429 diversa
3409 2415 3426 2442 ,
3483 2387 3647 2428 tamen
3674 2375 3833 2430 etiam

2248 2459 2351 2515 hoc
2383 2461 2618 2530 petimus
2638 2501 2653 2525 ,
2703 2463 2993 2533 praecipias
3023 2464 3272 2530 recitari,
3308 2477 3369 2520 ut
3399 2465 3483 2522 sic
3530 2468 3720 2522 saltem
3746 2481 3832 2522 co—

2244 2563 2545 2622 gnoscant,
2598 2569 2760 2624 quam
2811 2555 3160 2625 impudenter
3204 2557 3325 2612 haec
3374 2558 3574 2614 iterum
3604 2568 3835 2630 repetant

2245 2660 2366 2716 quae
2393 2647 2503 2716 jam
2535 2655 2660 2704 ante
2690 2632 3006 2705 transmissa
3037 2658 3182 2707 sunt.
3213 2650 3281 2705 Et
3311 2653 3421 2707 alia
3458 2670 3636 2708 manu.
3670 2654 3830 2710 Reco-

2243 2739 2428 2808 gnovL

2317 2832 2446 2888 207.
2472 2832 2760 2890 Petilianus
2778 2837 3051 2908 episcopus
3077 2838 3231 2894 dixit.
3268 2840 3406 2896 Dum
3457 2857 3566 2898 non
3594 2843 3673 2899 vis
3694 2842 3832 2899 desi-

2247 2943 2413 2998 gnare
2466 2929 2698 2986 alterum
2729 2931 2799 2987 de
2854 2932 3097 3000 duobus,
3125 2936 3286 2990 ambo
3312 2945 3544 3000 tenens,
3580 2937 3708 2992 facis
3754 2952 3832 2991 me

2245 3021 2439 3078 eadem
2469 3034 2739 3095 repetere.
2775 3023 2842 3078 Et
2874 3025 2982 3080 alia
3007 3043 3182 3081 manu.
3231 3027 3532 3084 Petilianus
3560 3030 3833 3100 episcopus

2245 3112 2606 3183 appellatione
2634 3115 2895 3171 incolumi
2925 3119 3238 3190 recognovi.
3455 3113 3461 3122 ’

538 3226 639 3283 per
668 3226 734 3266 ne
761 3209 1072 3266 moratoriis
1099 3209 1168 3264 ad
1215 3208 1414 3278 negotii
1467 3206 1744 3263 cardinem
1790 3208 1978 3262 venire
2036 3207 2134 3261 mi-
2161 3205 2208 3270 C
2310 3204 2790 3262 208.Fortunatius
2810 3210 3086 3282 episwpus
3113 3210 3364 3267 Ecclesia?
3388 3214 3663 3269 catholica
3689 3216 3830 3269 dixit.

539 3303 686 3358 nime
709 3301 1104 3373 permittamnr.
1128 3299 1244 3356 Non
1274 3315 1402 3370 ergo
1423 3315 1490 3354 ex
1520 3308 1702 3354 nostra
1729 3307 1879 3369 parte
1892 3309 1971 3353 est
1993 3297 2137 3368 quod

538 3394 716 3450 adhuc
747 3409 914 3464 usque
944 3393 1076 3448 nihil
1108 3391 1178 3447 de
1216 3391 1432 3462 negotio
1479 3401 1690 3460 gestum
1758 3401 1876 3454 est,
1923 3404 2046 3444 cum
2092 3387 2137 3443 si

541 3501 826 3559 personam
879 3500 1031 3541 suam
1072 3483 1295 3555 judiciis
1339 3483 1620 3538 adstruere
1662 3481 1983 3545 voluissent,
2036 3496 2135 3534 nc-

537 3593 693 3635 cesse
729 3591 829 3631 nos
869 3587 986 3631 erat
1030 3575 1261 3644 objectis
1316 3575 1461 3629 illico
1511 3573 1862 3642 respondere.
1921 3571 1986 3626 Et
2030 3572 2138 3626 alia

543 3689 724 3728 manu.
753 3671 1030 3728 Emeritus
1066 3668 1354 3740 episcopus
1397 3666 1543 3721 salva
1588 3663 1952 3737 appellatione
1991 3679 2138 3720 reco-

540 3765 722 3836 gnovi
1702 3761 1707 3768 ’
2097 3802 2115 3818 .

607 3856 734 3911 201.
779 3857 1098 3928 Augustinus
1126 3853 1397 3924 episcOpus
1428 3851 1669 3907 Ecclesia:
1692 3851 1960 3906 cat/taliae
1982 3849 2132 3905 dixit.

535 3947 580 4004 0
604 3948 772 4002 breve
802 3947 1166 4017 responsura!
1197 3944 1368 4011 Quam
1409 3944 1635 3998 multum
1669 3943 1883 4006 dicitur,
1917 3942 2006 3995 ubi
2049 3943 2133 3995 in-

534 4041 709 4096 veniri
753 4054 858 4094 non
904 4047 1081 4110 potest
1129 4035 1256 4108 quid
1304 4036 1548 4090 dicatur!
1598 4036 1842 4090 Breviter
1881 4035 2133 4104 respondi

535 4152 636 4207 ego
665 4134 1123 4206 postulationibus
1151 4131 1276 4188 tuis.
1309 4130 1536 4186 Voluisti
1567 4145 1631 4184 ex
1658 4144 1743 4183 me
1764 4130 1928 4194 scire,
1955 4139 2133 4184 utrum

535 4232 796 4303 legalibus
825 4229 1148 4284 teSIimoniis
1170 4227 1366 4282 divinis
1393 4242 1572 4298 agam,
1597 4241 1663 4280 an
1687 4225 1918 4296 publicis
1942 4227 2128 4296 gestis.

531 4322 812 4394 Respondi
833 4341 862 4388 _:
891 4322 946 4378 Si
977 4321 1189 4376 recedis
1219 4336 1248 4372 a
1283 4320 1601 4374 criminibus
1621 4335 1741 4388 quae
1773 4335 1880 4373 non
1909 4327 2134 4390 possunt

533 4417 638 4472 nisi
667 4414 836 4484 geSIis
864 4413 1088 4484 publicis
1124 4411 1426 4475 declarari,
1470 4409 1665 4466 recedo
1695 4426 1725 4465 a
1758 4411 1988 4480 publicis
2041 4425 2133 4480 ge-

534 4509 672 4574 stis,
715 4516 770 4562 et
815 4508 948 4562 solis
999 4506 1198 4560 divinis
1243 4504 1568 4560 testimoniis
1599 4519 1841 4560 asseram
1908 4519 2127 4560 causam

531 4601 792 4657 Ecclesiae
824 4614 984 4671 quam
1023 4597 1278 4655 defendo.
1309 4597 1362 4654 Si
1391 4607 1570 4652 autem
1608 4607 1662 4651 tu
1705 4599 1772 4650 ab
1803 4597 1906 4651 illis
1943 4597 2128 4651 crimi-
2157 4608 2213 4668 1)

527 4694 840 4751 nationibus
893 4709 1000 4748 non
1044 4693 1128 4749 vis
1177 4690 1463 4756 recedere,
1496 4705 1598 4744 nec
1631 4705 1733 4759 ego
1772 4689 2027 4744 recedam
2058 4689 2126 4744 ab

528 4789 610 4845 eis
635 4788 974 4844 documentis
999 4786 1194 4857 quibus
1224 4793 1275 4840 te
1297 4782 1579 4839 ostendam
1619 4782 1750 4837 falsa
1778 4782 2008 4837 crimina
2041 4782 2124 4837 vel

526 4881 684 4936 nobis
709 4881 794 4935 vel
836 4880 936 4948 ipsi
996 4877 1257 4934 Ecclesia:
1293 4892 1453 4947 quam
1503 4875 1801 4930 retinemus
1859 4874 2118 4945 ohjicere.

527 4971 596 5026 Et
625 4972 726 5024 alia
754 4987 930 5024 manu.
961 4969 1293 5041 Recognovi.

591 5061 719 5117 202.
746 5060 1079 5117 Marcellinus
1097 5063 1177 5118 uir
1205 5060 1528 5116 clarissimus
1547 5059 1780 5114 tribunus
1809 5071 1856 5114 et
1883 5062 2121 5115 notarius

523 5154 674 5208 dixit.
710 5152 790 5207 Ad
819 5151 933 5208 brec
963 5154 1120 5223 plene
1147 5163 1362 5209 constat
1420 5167 1541 5208 esse
1589 5169 1935 5223 responsum.
1985 5155 2118 5223 Quae

520 5253 701 5300 autem
735 5258 862 5315 pars
889 5245 1009 5298 loco
1046 5246 1293 5313 petitoris
1331 5245 1556 5301 adsistat
1594 5245 1722 5301 sciri
1755 5247 1980 5300 omnino
2009 5261 2115 5300 non

519 5335 738 5406 poterit,
768 5335 870 5389 nisi
899 5351 965 5390 ex
1007 5337 1322 5392 recitatione
1360 5346 1672 5406 gestorum;
1706 5355 1850 5407 quae,
1898 5347 1956 5393 ut
2005 5349 2116 5393 sta-

520 5429 616 5494 tui,
657 5427 908 5497 qnoniam
960 5442 988 5480 a
1033 5435 1186 5498 parte
1239 5438 1413 5483 vestra
1452 5445 1572 5499 qua:
1602 5429 1783 5484 oblata
1813 5441 1958 5496 sunt,
1984 5443 2116 5485 con-

515 5529 624 5576 stat
654 5535 775 5575 esse
797 5521 1041 5587 recitata,
1075 5521 1290 5576 tandem
1321 5522 1609 5592 aliquando
1633 5522 2002 5592 perlegantur.

587 5613 714 5666 205.
758 5613 1048 5668 Petilianus
1089 5613 1358 5682 episcopus
1389 5613 1541 5668 dixit.
1586 5613 1757 5669 Nemo
1808 5615 1916 5668 duo
1965 5615 2116 5686 eligit

512 5705 582 5759 de
604 5705 831 5760 duobus.
859 5704 993 5759 Cum
1014 5719 1145 5774 ergo
1178 5705 1551 5775 proposuerim
1578 5715 1635 5760 ut
1659 5707 1890 5762 alterum
1917 5707 2112 5775 elegis-

507 5807 610 5856 set.
646 5799 735 5852 illc
764 5799 864 5854 sibi
893 5799 1052 5853 ambo
1083 5797 1393 5855 eNidentius
1421 5797 1733 5855 vindicavit.
1763 5799 1878 5858 Non
1911 5802 2098 5867 timeo,

2243 3298 2433 3354 Sciunt
2459 3314 2518 3356 se
2544 3301 2595 3355 in
2619 3316 2779 3356 causa
2810 3302 3069 3359 Ecclesia:
3091 3302 3220 3358 nihil
3248 3305 3475 3360 habere.
3506 3305 3634 3362 [deo
3662 3323 3831 3362 mora-

2242 3392 2396 3447 toriis
2425 3400 2609 3463 agunt.
2634 3393 2976 3464 Quapropter
2999 3397 3251 3464 quoniam
3287 3397 3378 3452 illa
3426 3398 3538 3469 jam
3570 3409 3830 3456 transacta

2242 3493 2401 3551 sunt,
2429 3494 2488 3540 ut
2534 3497 2892 3558 cognoscatur
2948 3489 3040 3558 qui
3083 3490 3152 3544 sit
3193 3491 3415 3560 petitor,
3442 3492 3575 3564 jube
3626 3495 3835 3566 antiqua

2241 3587 2388 3648 gesta
2422 3579 2660 3633 recitari.
2693 3578 2760 3633 Et
2788 3580 2904 3635 alia
2923 3597 3100 3635 manu.
3147 3582 3481 3653 Recognovi.

2313 3669 2439 3726 209.
2471 3670 2762 3728 Petilianus
2791 3674 3063 3746 episcopus
3084 3675 3237 3728 dixit.
3262 3675 3323 3732 Si
3365 3675 3579 3748 legibus
3611 3676 3836 3748 publicis

2239 3766 2313 3820 uti
2349 3767 2458 3833 vis,
2490 3767 2782 3836 praescribo
2808 3782 2875 3822 ne
2903 3767 3070 3838 legas.
3098 3767 3164 3822 Et
3193 3768 3301 3824 alia
3327 3788 3507 3826 manu.
3540 3772 3835 3830 Petilianus

2239 3860 2528 3930 episcOpus
2556 3860 2919 3929 appellatione
2950 3861 3202 3916 incolumi
3235 3864 3550 3934 recognovi,

2311 3953 2438 4008 210.
2472 3951 2812 4008 Marcellinus
2836 3955 2914 4006 vir
2937 3954 3256 4009 clarissimus
3283 3957 3524 4012 tribunus
3544 3967 3593 4012 et
3615 3957 3836 4012 notarius

2239 4045 2390 4098 dixit.
2423 4042 2621 4098 Contra
2646 4059 2946 4101 consensus
2975 4047 3223 4118 proprios
3249 4045 3399 4117 quod
3440 4047 3651 4117 legibus
3698 4048 3832 4104 inbi-

2240 4137 2417 4202 betur,
2449 4139 2633 4193 venire
2663 4138 2963 4194 desideras.
2999 4141 3077 4196 Ex
3121 4154 3400 4196 consensu
3427 4142 3575 4198 enim
3605 4144 3830 4214 partium

2237 4239 2452 4286 constat
2477 4231 2708 4302 primum
2732 4231 2958 4288 dilatum
2985 4232 3150 4289 fuisse
3175 4233 3443 4302 judicium
3469 4278 3486 4302 ,
3517 4245 3575 4290 ut
3597 4237 3700 4290 alio
3720 4234 3829 4297 die,

2236 4327 2322 4382 vel
2351 4327 2543 4391 tertio,
2577 4327 2665 4382 vel
2695 4337 2844 4382 certe
2873 4339 2991 4398 post
3021 4328 3313 4384 editionem
3341 4341 3642 4400 gestorum,
3675 4346 3838 4401 nego-

2238 4419 2370 4473 tium
2406 4427 2749 4475 tractaretur.
2785 4420 2974 4487 Unde,
3006 4431 3062 4477 ut
3086 4423 3208 4491 quis
3262 4422 3388 4478 loco
3427 4425 3676 4494 petitoris
3698 4423 3841 4479 adsi-

2237 4522 2344 4567 stat
2371 4513 2684 4582 diligentius
2709 4513 3043 4582 declaretur,
3080 4527 3232 4586 gesm
3259 4523 3586 4573 recitentur.

2307 4606 2434 4662 211.
2471 4605 2763 4661 Petilianus
2808 4609 3082 4677 episcopus
3104 4609 3260 4662 dixit.
3293 4609 3583 4666 Servarem
3608 4625 3844 4666 consen-

2233 4713 2385 4763 sum,
2419 4698 2467 4752 si
2506 4709 2558 4754 et
2602 4698 2705 4768 ipsi
2734 4709 3037 4756 servarent.
3066 4699 3134 4754 Et
3163 4700 3270 4754 alia
3311 4718 3491 4756 manu.
3537 4702 3844 4759 Petilianus

2232 4790 2519 4860 episcopus
2547 4790 2914 4860 appellatione
2942 4791 3197 4846 incolumi
3226 4795 3541 4863 recognovi.

2303 4882 2431 4937 212.
2461 4881 2803 4937 Marcellinus
2827 4885 2902 4938 vir
2927 4884 3242 4938 clarissimus
3265 4885 3503 4940 tribunus
3530 4896 3577 4941 et
3605 4890 3844 4943 notarius

2229 4975 2384 5030 dixit.
2437 4975 2750 5031 Rccitenlur
2799 4986 2972 5048 gesta.
3031 4977 3329 5032 Adeodatus
3375 4980 3657 5053 episcOpus
3688 4983 3839 5036 dixit.

2229 5063 2432 5120 Contra
2486 5064 2605 5120 hzec
2659 5081 2814 5121 serva
2867 5082 2988 5138 qua:
3035 5077 3374 5136 competunt.
3402 5067 3472 5123 Et
3503 5072 3614 5125 alia
3657 5089 3838 5129 manu.

2231 5159 2543 5214 Adeodatus
2590 5159 2880 5228 episcopus
2935 5159 3298 5230 appellatione
3353 5162 3614 5218 incolumi
3679 5180 3838 5220 reco-

2227 5252 2410 5321 gnovi.
2445 5249 2784 5305 Marcellinus
2803 5251 2883 5304 uir
2908 5252 3231 5306 clarissimus
3259 5253 3502 5309 tribunus
3525 5265 3572 5310 et
3599 5260 3842 5312 notarius

2225 5342 2378 5396 dixit.
2412 5343 2486 5396 Ea
2516 5358 2638 5413 quae
2692 5342 2886 5397 rationi
2914 5351 2972 5399 et
3010 5343 3250 5414 tequitati
3295 5355 3612 5416 competere
3646 5337 3844 5416 potue-

2224 5437 2335 5492 rint
2354 5481 2366 5500 ,
2401 5437 2550 5492 salva
2577 5444 2758 5491 erunt.

2292 5529 2420 5584 215.
2456 5528 2748 5582 Adeodatus
2774 5528 3044 5597 episwpus
3073 5528 3225 5584 dixit.
3261 5529 3318 5586 Si
3349 5529 3494 5583 enim
3526 5545 3842 5588 consensus

2220 5621 2524 5675 servandus
2575 5628 2693 5684 est,
2747 5628 2802 5674 et
2845 5619 3113 5674 retinendi
3169 5637 3357 5675 smnus
3381 5621 3446 5673 ad
3492 5636 3842 5680 consensum

2219 5721 2462 5766 nostrum
2485 5753 2499 5777 ,
2535 5711 2737 5766 debent
2761 5714 2920 5766 etiam
2948 5712 3106 5766 nobis
3153 5715 3254 5782 ipsi
3285 5712 3442 5768 Iidem
3476 5717 3561 5768 sui
3591 5730 3841 5774 Consen-

2215 5820 2308 5863 sus
2333 5842 2350 5872 ,
2391 5805 2480 5875 qui
2502 5819 2563 5861 se
2591 5804 2798 5875 legibus
2819 5801 3014 5860 divinis
3037 5812 3257 5863 acturos
3278 5791 3403 5864 esse
3423 5808 3829 5878 promiserunt.
