4134 6186
313 291 442 348 HM

1244 288 1465 345 GES’I‘A
1497 285 1952 345 COLLATIONIS
1987 283 2611 349 CAR’THAGINENSIS.

3496 301 3518 354 1
3535 299 3638 355 402

311 405 376 462 Et
404 407 512 461 alia
529 420 712 460 manu.
742 401 1057 459 Adeodatus
1086 403 1374 475 episcopus
1418 404 1782 475 appellatione
1822 405 1906 459 in-
1935 406 1992 466 Α
2016 402 2182 460 alium
2205 406 2323 465 Sine
2348 407 2526 480 sigillo
2543 407 2912 463 cohaerentem
2935 407 3317 468 eidemalutx.
3345 412 3638 473 Datumdie

307 501 503 556 colnmi
534 497 850 569 recognovi.

375 590 504 646 2M.
541 590 861 662 Augustinus
886 589 1162 660 episcopus
1189 588 1435 645 Ecclesia:
1463 590 1732 646 catholica:
1755 590 1906 646 dixit.

305 681 411 738 Sed
442 698 664 738 causam
693 682 952 737 Ecclesia:
972 723 989 747 ,
1025 697 1131 737 non
1172 699 1387 738 causam
1415 683 1685 740 Cmciliani
1715 695 1768 740 et
1797 683 1912 740 col-

304 776 544 848 legarum
569 777 720 847 ejus,
753 776 952 844 quibus
995 775 1222 832 crimina
1254 778 1550 834 intenditis.
1587 781 1723 834 Ecce
1758 779 1912 849 polli-

302 885 514 937 cemur,
545 879 600 925 et
626 872 825 926 totiens
856 870 1182 941 pollicemur
1207 874 1458 942 quotiens
1511 885 1759 930 exactum
1791 875 1910 931 fue-

302 962 367 1018 rit
392 980 422 1017 a
447 963 636 1030 nobis,
665 973 717 1019 et
743 979 867 1019 cum
900 978 1008 1018 non
1039 965 1293 1036 exigitur,
1318 965 1613 1034 oderimus,
1647 967 1907 1024 Ecclesiae

300 1068 524 1110 causam
550 1071 658 1112 non
685 1056 792 1112 nisi
820 1057 1022 1112 divinis
1049 1057 1375 1113 testimoniis
1397 1059 1710 1126 (irruamus,
1742 1058 1910 1115 doce-

300 1164 461 1216 mus,
491 1151 860 1216 ostendimus;
915 1150 1193 1206 Czeciliani
1219 1161 1400 1209 autem
1440 1162 1494 1208 et
1541 1152 1910 1223 quorumlibet

298 1237 585 1295 hominum
615 1257 724 1296 non
753 1242 858 1296 nisi
887 1241 974 1297 bis
1001 1241 1348 1299 documentis
1375 1243 1569 1314 quibus
1593 1245 1774 1300 solent
1802 1245 1904 1301 ista

293 1331 379 1386 vel
410 1332 783 1388 demonstrari
810 1375 824 1400 ,
853 1334 936 1389 vel
967 1334 1210 1406 purgari.
1245 1334 1314 1389 Et
1343 1336 1452 1390 alia
1498 1353 1678 1390 manu.
1732 1336 1908 1392 Reco-

286 1424 476 1495 gnovi.

353 1518 488 1572 215.
519 1517 858 1573 Marcellinus
879 1519 957 1574 uir
981 1522 1312 1578 clarissimus
1339 1523 1576 1578 tribunus
1597 1534 1642 1578 et
1670 1525 1906 1579 notarius

283 1609 438 1664 dixit.
473 1609 583 1665 Ista
637 1610 970 1682 frequentius
1018 1615 1165 1671 dicta
1222 1623 1377 1671 sunt.
1439 1615 1594 1672 Unde
1649 1618 1902 1688 quoniam

283 1710 498 1755 constat
527 1701 776 1772 primitus
806 1704 1051 1771 petitoris
1084 1695 1392 1780 personam
1424 1707 1625 1763 debere
1652 1709 1900 1779 disquiri,

2016 495 2234 556 decimo
2257 503 2490 574 septimo
2522 499 2876 557 kalendarum
2907 500 3169 559 Maiarum
3197 503 3544 577 Carthagine,
3569 509 3629 566 Ι).

2015 589 2082 670 Ν.
2126 589 2495 650 Constantino
2537 594 2782 662 Augusto
2821 609 2876 648 nt
2904 595 3149 652 consule.
3180 598 3299 662 Quo
3329 601 3558 668 recitato,

2085 683 2217 740 221.
2281 685 2577 741 Petilianus
2617 686 2887 757 episcopus
2931 685 3085 741 dixit.
3129 686 3266 756 Quis
3294 698 3379 744 est
3409 690 3511 746 iste
3540 690 3633 762 qui

2015 775 2170 846 agit?
2199 777 2485 834 Caeciliani
2509 776 2653 832 filius
2674 787 2757 830 est
2781 818 2795 842 ,
2826 792 2893 831 an
2927 778 3078 833 non?
3103 777 3172 833 Et
3201 780 3496 836 aliamanu.
3532 782 3634 839 Pe-

2015 868 2238 925 tilianus
2268 871 2562 940 episcopus
2587 868 2738 925 salva
2766 870 3128 939 appellatione
3154 876 3467 944 recognovi.

2082 959 2215 1014 222.
2243 961 2576 1035 Augustinus
2601 961 2876 1032 episcopus
2904 961 3152 1018 Ecclesia:
3178 967 3452 1023 catholica:
3472 967 3625 1022 dixit.

2011 1051 2090 1108 Ne
2131 1054 2284 1109 vobis
2318 1054 2520 1110 dicatis
2541 1064 2754 1126 patrem
2787 1057 2839 1110 in
2886 1066 3026 1111 terra
3056 1099 3070 1124 ,
3103 1059 3263 1114 simul
3295 1061 3626 1128 audivimus,

2010 1147 2173 1202 simul
2209 1149 2475 1220 legimus,
2508 1148 2673 1205 simul
2716 1149 2928 1219 populis
2973 1151 3352 1221 prxdicamus.
3379 1153 3518 1221 Quid
3558 1153 3628 1210 de

2010 1255 2100 1295 me
2142 1242 2349 1312 quaeris
2375 1250 2562 1296 utrum
2597 1241 2698 1295 sim
2754 1240 2894 1296 filius
2920 1243 3240 1298 Caeciliani?
3272 1243 3621 1311 Caecilianus,

2009 1333 2054 1388 si
2107 1333 2376 1390 innocens
2429 1333 2556 1399 fuit,
2607 1335 2841 1405 gaudeat
2891 1335 2960 1391 de
3009 1351 3118 1391 sua
3160 1339 3506 1406 innocentia,
3540 1355 3628 1396 me

2008 1427 2411 1497 congaudente,
2447 1442 2558 1482 non
2589 1427 2640 1482 in
2666 1428 2786 1496 ejus
2818 1429 3122 1485 innocentia
3151 1445 3238 1485 me
3263 1447 3413 1501 spem
3445 1445 3622 1486 meam

2008 1529 2272 1590 ponente.
2290 1520 2346 1576 Si
2372 1529 2556 1575 autem
2579 1536 2783 1577 nocens
2813 1521 2932 1588 fuit,
2962 1523 3104 1593 quod
3125 1522 3358 1579 fortasse
3379 1523 3624 1579 discussa

2005 1625 2166 1668 causa
2199 1615 2284 1670 vel
2309 1615 2411 1680 sic,
2439 1613 2523 1669 vel
2555 1614 2712 1670 aliter
2741 1615 3059 1680 declarabit,
3085 1616 3341 1671 sustinuit
3365 1631 3487 1672 eum
3519 1616 3625 1671 Ec-

2006 1706 2168 1760 clesia
2196 1722 2356 1777 quam
2379 1715 2564 1771 teneo,
2591 1716 2648 1761 ut
2677 1727 2704 1759 a
2732 1707 3177 1763 similitudinibus
3199 1708 3487 1764 dominicis
3510 1722 3620 1763 non

287 1800 441 1863 gesta
466 1793 781 1848 recitantur.
808 1793 1076 1854 Martialis
1129 1809 1384 1872 exceptor
1413 1801 1663 1854 recitavit.
1719 1801 1907 1872 Incipit
1936 1802 1983 1862 B
2010 1799 2282 1861 recedam,
2306 1798 2451 1853 sicut
2473 1799 2684 1868 paleam
2710 1802 2762 1854 in
2791 1800 3091 1865 area,sicut
3110 1799 3162 1854 in
3181 1799 3384 1854 eisdem
3406 1798 3622 1869 pascuis

285 1884 477 1942 relatio
531 1886 742 1940 Auolini
768 1891 1103 1956 proconsulis
1130 1935 1146 1958 ,
1193 1895 1288 1948 ubi
1324 1891 1577 1947 ostendit
1602 1893 1906 1948 Donatistas

286 1978 562 2035 Cxciliani
615 1994 829 2035 causam
887 1984 950 2037 ad
1021 1983 1440 2057 imperatorem
1493 1985 1904 2042 Constantinum

289 2072 567 2129 detulisse.
600 2072 664 2128 Et
689 2091 798 2128 cuin
827 2078 1056 2134 recitaret
1083 2122 1098 2147 ,

358 2164 485 2222 2l6.
531 2165 801 2222 Montanus
839 2169 1102 2243 episcopus
1134 2174 1297 2229 dixit.
1363 2173 1449 2231 Ut
1479 2173 1608 2244 quid
1643 2172 1746 2230 iste
1779 2175 1906 2230 titu-

293 2257 374 2314 lus
404 2258 640 2331 legitur‘l
669 2258 732 2314 Et
756 2261 858 2316 alia
884 2279 1052 2317 manu.
1081 2265 1403 2322 Montanus
1439 2267 1730 2337 episcopus
1755 2267 1902 2322 Salva

296 2353 652 2425 appellatione
695 2357 998 2426 recognovi.
1036 2357 1398 2414 Marcellinus
1454 2361 1534 2414 vir
1589 2360 1905 2414 clarissinms

299 2453 533 2506 tribunus
558 2461 604 2506 et
632 2454 857 2508 notarius
883 2454 1031 2508 dixit.
1066 2454 1266 2510 Neuter
1296 2456 1509 2510 titulus
1539 2457 1676 2510 actis
1698 2457 1907 2510 insere-

300 2555 408 2603 tur.
445 2547 707 2603 Martialis
732 2559 968 2620 exceptor
1005 2551 1253 2604 recitauit.
1286 2550 1566 2621 AuguStis
1596 2551 1800 2607 nostris
1823 2551 1900 2606 A-

301 2640 516 2696 nolinus
565 2641 645 2696 vir
693 2642 1026 2698 clarissimus
1077 2644 1376 2715 proconsul
1410 2643 1634 2699 Africae.
1688 2645 1904 2714 Scripta

301 2735 544 2791 etelestia
564 2736 859 2805 Majestatis
882 2747 1081 2792 vestrae
1110 2744 1330 2806 accepta
1355 2748 1523 2808 atque
1543 2737 1766 2792 adorata
1789 2738 1905 2793 Ca:-

301 2829 499 2884 ciliano
528 2839 582 2884 et
623 2829 706 2883 his
734 2829 823 2899 qui
855 2830 956 2885 sub
994 2829 1186 2885 eodem
1233 2837 1436 2900 agunt,
1480 2830 1682 2900 quique
1712 2831 1903 2887 clerici

302 2922 646 2994 appellantur
667 2963 682 2988 ,
710 2921 930 2979 dev0tio
959 2939 1075 2979 mea
1109 2922 1250 2993 apud
1285 2934 1402 2978 acta
1442 2925 1720 2993 parvitatis
1765 2939 1902 2981 mea:

303 3013 578 3071 insinuare
607 3017 836 3071 curavit.
862 3014 932 3071 Et
955 3033 1073 3070 cum
1098 3016 1357 3078 recitaret,
1791 3070 1800 3075 ,

371 3107 496 3162 2l7.
554 3105 837 3162 Petilianus
864 3109 1133 3180 episcopus
1160 3107 1313 3160 dixit.
1347 3105 1502 3162 Unde
1532 3107 1636 3163 hoc
1669 3107 1897 3178 profert,

2013 1892 2224 1956 haedos,
2257 1893 2397 1946 sicut
2422 1892 2474 1946 in
2489 1891 2697 1947 eisdem
2724 1892 2928 1948 retibus
2950 1892 3126 1962 pisces
3157 1892 3363 1957 malos;
3395 1907 3501 1947 non
3540 1901 3624 1947 ta-

2011 2002 2131 2040 men
2162 1993 2384 2055 propter
2401 1985 2574 2040 malos
2593 2000 2693 2040 nos
2714 1995 2806 2040 aut
2822 2001 3001 2040 aream
3017 1985 3342 2040 dominicam
3360 1984 3618 2040 deserere

2009 2080 2292 2146 debemus,
2325 2088 2418 2134 aut
2447 2080 2582 2136 retia
2607 2079 2880 2136 dominica
2911 2078 3112 2134 nefaria
3129 2077 3477 2133 animositate
3504 2076 3620 2132 dis-

2013 2174 2288 2230 sensionis
2313 2173 2662 2244 abrumpere,
2683 2185 2738 2230 et
2761 2174 2814 2229 in
2835 2189 2987 2229 mare
3011 2183 3138 2229 ante
3172 2181 3388 2243 tempus
3419 2172 3618 2228 littoris

2009 2267 2282 2338 prosilire.
2317 2265 2385 2320 Et
2418 2267 2524 2321 alia
2573 2283 2752 2322 manu.
2797 2267 3130 2338 Recognovi.

2080 2361 2209 2415 225.
2253 2359 2590 2415 Marcellinus
2611 2361 2690 2415 vir
2716 2362 3035 2415 clarissimus
3057 2361 3292 2416 tribunus
3313 2368 3361 2414 et
3383 2360 3619 2414 notarius

2011 2453 2164 2508 dixit.
2194 2453 2285 2510 Sic
2312 2464 2369 2508 ut
2399 2462 2664 2531 statutum
2689 2465 2776 2510 est
2801 2454 2981 2510 omnia
3003 2455 3330 2526 relegantur.
3361 2453 3620 2509 Emeritus

2010 2548 2281 2617 episcopus
2307 2547 2462 2602 dixit.
2496 2545 2630 2601 lube
2670 2563 2772 2602 nos
2799 2548 3072 2618 prosequi.
3114 2545 3180 2601 Et
3209 2547 3315 2602 alia
3341 2563 3517 2600 manu.
3543 2545 3617 2601 E-

2011 2639 2238 2694 meritos
2258 2642 2545 2710 episcopus
2563 2641 2875 2710 recognovi.
2909 2639 3245 2695 Marcellinus
3283 2639 3350 2694 V.
3373 2637 3433 2693 C.
3449 2638 3613 2693 tribu-

2011 2750 2109 2787 nus
2139 2743 2186 2787 et
2214 2734 2448 2789 notarius
2487 2732 2641 2786 dixit.
2671 2734 2846 2803 Agite.
2874 2731 3133 2786 Emeritus
3155 2732 3424 2803 episwpus
3453 2729 3605 2785 dixit.

2014 2825 2257 2882 Recitata
2281 2827 2543 2896 scriptura
2560 2839 2722 2895 quam
2740 2839 2864 2895 pars
2883 2825 3107 2880 adversa
3141 2825 3378 2894 protulit.
3402 2823 3469 2879 Et
3495 2839 3614 2878 cum

2011 2919 2198 2974 diceret
2229 2916 2321 2993 (Et
2342 2918 2447 2974 alia
2473 2933 2652 2972 manu.
2672 2918 2939 2973 Emeritus
2957 2918 3247 2987 episcopus
3269 2918 3611 2987 reeognovi),

2081 3013 2212 3069 224.
2260 3012 2675 3068 Fortunatianus
2717 3013 2988 3085 episcOpus
3035 3010 3284 3066 Ecclesia:
3333 3011 3608 3067 catholica:

2010 3107 2161 3162 dixit.
2193 3106 2327 3175 Quis
2351 3105 2525 3178 possit
2550 3121 2669 3161 esse
2701 3105 2914 3175 petitor,
2942 3104 3024 3159 his
3045 3105 3211 3175 gestis
3232 3107 3431 3175 poterit
3453 3105 3605 3160 inve-

303 3213 366 3253 ωε
399 3197 618 3268 publico
643 3199 866 3266 scrinio,
897 3214 964 3254 an
993 3199 1064 3255 de
1089 3198 1222 3254 suo?
1249 3196 1315 3252 Et
1340 3198 1446 3253 alia
1469 3215 1645 3253 manu.
1679 3199 1900 3256 Petilia-
1926 3194 1973 3256 C
2011 3200 2134 3256 niri.
2160 3199 2227 3252 Et
2251 3201 2357 3255 alia
2381 3215 2558 3253 manu.
2591 3197 2922 3269 Recognovi.

302 3303 403 3345 nus
433 3291 722 3361 episcopus
752 3292 1061 3360 recognovi.

370 3383 499 3438 2l8.
548 3384 866 3455 Augustinus
888 3385 1158 3456 episcOpus
1189 3381 1436 3437 Ecclesia:
1456 3382 1894 3440 catholicwdixit.

300 3476 490 3547 Legat,
521 3485 574 3529 et
605 3486 731 3530 tunc
761 3479 827 3532 de
855 3478 1012 3532 nobis
1042 3478 1222 3546 exigat
1251 3475 1413 3544 hujus
1443 3474 1698 3531 lectionis
1727 3475 1902 3531 firmi-

302 3579 488 3626 tatem.
523 3567 592 3623 Et
612 3569 718 3624 alia
745 3587 923 3625 manu.
950 3570 1281 3642 Recognovi.

373 3661 502 3717 219.
535 3660 871 3716 Marcellinus
901 3662 978 3714 vir
1007 3662 1328 3715 clarissimus
1345 3661 1582 3716 tribunus
1600 3673 1648 3716 et
1665 3663 1902 3717 notarius

301 3755 436 3810 dixit
453 3757 615 3810 :Ante
631 3754 919 3810 lectionem
937 3753 1079 3810 unde
1094 3753 1633 3825 proferasevidenter
1649 3756 1898 3812 ostende.

372 3849 498 3906 220.
556 3850 876 3920 Augustinus
895 3849 1166 3920 episcopus
1189 3847 1436 3902 Ecclesia:
1459 3847 1729 3904 catholica:
1749 3850 1900 3904 dixit.

299 3943 361 4000 Si
408 3943 532 3997 inde
575 3942 848 4009 dubitant,
885 3943 1104 3998 archiva
1152 3941 1491 4012 proconsulis
1531 3945 1899 4014 requirantur.

301 4037 372 4093 Et
391 4038 497 4092 alia
528 4053 703 4092 manu.
746 4037 1077 4108 Recognovi.
1116 4036 1456 4092 Marcellinus
1482 4038 1560 4092 uir
1585 4037 1904 4094 clarissimus

291 4132 537 4185 .tribunus
568 4140 614 4184 et
636 4132 869 4185 notarius
906 4131 1059 4184 dixit.
1087 4130 1351 4198 Quoniam
1380 4131 1432 4184 in
1462 4131 1698 4185 archivis
1727 4132 1904 4201 publi-

299 4223 381 4278 cis
427 4238 490 4278 ea
533 4237 654 4294 quze
697 4223 998 4278 recitantur
1028 4222 1208 4278 inesse
1239 4221 1448 4285 dixisti,
1482 4223 1622 4276 sicut
1659 4232 1902 4292 cmperat

299 4315 567 4384 officium,
597 4315 778 4370 omnia
810 4315 1049 4385 relegere
1078 4313 1314 4369 debebit.
1348 4312 1608 4368 Martialis
1641 4324 1898 4384 exceptor.
1942 4313 1947 4326 ³

301 4424 368 4464 ex
408 4409 756 4482 superioribus
803 4410 958 4481 gestis
1000 4408 1249 4461 recitauit.
1301 4407 1641 4476 Eosdemque
1687 4409 1899 4463 hortata

300 4512 420 4563 est.
461 4511 520 4558 ut
560 4504 766 4558 unitate
803 4516 1073 4557 consensu
1119 4501 1361 4556 omnium
1397 4500 1533 4554 facta
1569 4499 1712 4571 [cum
1753 4500 1900 4554 omni

2077 3293 2238 3366 311
2277 3293 2405 3348 225.
2447 3291 2711 3347 Emeritus
2737 3293 3007 3363 episcopus
3033 3292 3184 3345 dixit.
3210 3289 3451 3346 Recitata
3474 3289 3610 3346 scri-

2005 3398 2162 3459 ptura
2190 3402 2348 3458 quam
2378 3403 2500 3459 pars
2529 3387 2752 3442 adversn
2777 3387 3016 3457 protulit,
3044 3401 3269 3441 consors
3297 3385 3606 3455 meusjusta

2008 3482 2389 3550 prosecutione
2401 3481 2631 3552 signavit
2643 3495 2834 3535 nomen
2851 3481 2952 3534 sibi
2971 3481 3250 3550 imponere
3263 3479 3463 3535 debere
3480 3495 3604 3534 cum

2005 3572 2097 3644 qui
2121 3589 2340 3629 causam
2363 3572 2608 3630 defendit
2638 3573 2690 3626 in
2727 3571 2932 3642 judicio
2957 3570 3252 3626 Caeciliani.
3287 3569 3393 3626 Sed
3431 3577 3609 3624 arcta-

2006 3673 2092 3720 tus
2117 3667 2200 3721 his
2219 3667 2374 3722 nodis
2395 3667 2618 3722 veniens
2639 3683 2669 3720 e
2690 3665 2932 3729 diverso,
2957 3665 3109 3735 quasi
3128 3663 3361 3733 quodam
3397 3663 3607 3718 lubrico

2009 3757 2196 3828 fugere
2220 3769 2380 3830 atque
2411 3759 2550 3814 elabi
2591 3767 2838 3822 conatur;
2881 3757 3015 3811 duas
3041 3756 3094 3810 in
3115 3755 3335 3826 judiciis
3366 3753 3606 3810 inferens

2010 3865 2271 3920 personas
2290 3863 2340 3907 et
2362 3852 2606 3923 geminas
2626 3851 2889 3906 actiones.
2910 3849 3045 3904 Dicit
3067 3851 3229 3903 enim.
3248 3849 3303 3905 Si
3326 3848 3601 3903 Caeciliani

2007 3958 2237 4013 persona
2270 3960 2366 4015 pro
2396 3945 2622 4015 objectis
2668 3943 2984 3999 criminilms
3016 3942 3211 4013 porerit
3239 3944 3470 4007 destrui,
3500 3941 3602 3997 Ec-

2004 4036 2209 4104 clesiae,
2245 4039 2438 4108 inquit,
2473 4037 2602 4092 nihil
2636 4038 2830 4099 oberit,
2871 4052 2991 4091 cum
3028 4037 3184 4091 unius
3217 4038 3448 4091 hominis
3476 4051 3600 4105 per-

2006 4144 2136 4184 sona
2179 4130 2448 4184 destructa
2480 4129 2695 4184 adstare
2749 4128 2995 4183 videatur
3022 4131 3072 4183 in
3105 4129 3230 4186 fide.
3286 4129 3425 4197 Quid
3471 4143 3601 4200 ergo

2005 4233 2142 4287 Opus
2171 4230 2273 4283 est,
2304 4220 2387 4274 vir
2429 4219 2697 4282 sublimis,
2725 4220 2995 4274 Cteciliani
3025 4235 3242 4273 causam
3275 4221 3325 4274 in
3364 4220 3598 4275 medium

2005 4314 2243 4376 mittere,
2272 4313 2318 4368 si
2348 4312 2481 4366 nihil
2504 4314 2657 4368 obest
2687 4313 2790 4376 his,
2822 4315 2862 4364 si
2889 4313 3018 4367 nihil
3039 4314 3295 4368 adversus
3318 4329 3413 4368 eos
3439 4314 3596 4380 facit;

2003 4413 2097 4459 aut
2123 4421 2220 4459 cur
2261 4405 2315 4460 in
2356 4405 2559 4474 judicio
2601 4405 2913 4461 defenditur
2959 4407 3039 4460 vel
3097 4405 3419 4460 accusatur?
3464 4404 3596 4460 Cum

2005 4500 2151 4555 enim
2179 4499 2321 4555 dicat
2353 4514 2528 4570 neque
2551 4500 2649 4555 sibi
2683 4501 2876 4554 obesse
2899 4499 3138 4568 ejusdem
3163 4511 3390 4572 reatum,
3421 4514 3598 4569 neque

297 4595 544 4668 omnino]
585 4610 811 4651 munere
839 4593 860 4667 [
886 4592 1242 4665 indulgentia]
1279 4592 1579 4662 Majestatis
1610 4605 1802 4648 vestra:
1827 4593 1894 4647 li-
1923 4590 1976 4650 D
2004 4607 2163 4662 posse
2191 4592 2426 4664 aliquam
2455 4593 2704 4648 nebulam
2726 4593 2805 4648 vel
2835 4593 3101 4648 maculam
3126 4592 3386 4648 Ecclesia:
3416 4595 3600 4648 innec-

298 4687 470 4743 berati
503 4702 623 4744 ess".
655 4688 962 4753 videantur,
993 4685 1269 4740 Catholica
1301 4685 1590 4751 custodita,
1623 4685 1894 4739 sanctitati

297 4781 433 4852 legis
462 4783 639 4838 debita
667 4782 989 4844 reverentia,
1025 4795 1088 4835 ac
1124 4779 1324 4835 divinis
1367 4779 1528 4834 rebus
1572 4779 1893 4834 inserviant.

300 4875 498 4930 Verum
531 4885 649 4946 post
680 4889 886 4946 paucos
912 4873 1030 4928 dies
1052 4874 1379 4927 exstiterunt
1399 4870 1640 4940 quidam,
1662 4869 1894 4925 adunata

296 4981 483 5023 secum
527 4968 707 5037 populi
760 4965 1140 5030 multitudine,
1172 4963 1263 5033 qui
1305 4960 1593 5019 Caeciliano
1624 4964 1900 5018 contradi-

294 5060 526 5116 cendum
569 5069 840 5129 putarent,
873 5057 1073 5128 quique
1102 5057 1415 5112 fasciculum
1446 5054 1502 5109 in
1528 5056 1674 5110 aluta
1705 5057 1890 5126 signa-

296 5161 436 5216 tum,
459 5161 513 5206 et
540 5151 786 5206 libellum
808 5149 926 5206 sine
951 5150 1106 5220 signa
1122 5149 1436 5205 obtulerunt
1457 5148 1711 5202 dicationi
1733 5163 1891 5215 mete,

293 5256 458 5315 atque
490 5242 768 5314 impendio
809 5242 1146 5312 postularunt
1176 5252 1234 5297 ut
1265 5241 1333 5296 ad
1372 5255 1590 5296 sacrum
1627 5255 1691 5294 ac
1729 5255 1896 5296 vene-

292 5337 524 5394 rabilem
565 5335 884 5390 comitatum
928 5335 1163 5390 numinis
1205 5333 1374 5389 vestri
1413 5331 1704 5403 dirigerem
1728 5373 1743 5397 ,
1773 5347 1895 5401 quae

293 5437 553 5488 manente
574 5428 862 5485 Caeciliano
889 5430 942 5484 in
963 5436 1105 5485 statu
1135 5444 1256 5495 suo,
1284 5427 1546 5498 subjectis
1574 5424 1911 5481 corumdem'

292 5524 435 5579 actis
455 5563 470 5589 ,
495 5536 603 5591 quo
627 5532 819 5577 cuncta
856 5521 1110 5591 Majestas
1138 5530 1318 5574 vestra
1349 5521 1519 5590 possit
1544 5518 1889 5591 dignoscere,

291 5615 536 5688 parvitas
557 5629 671 5669 mea
695 5614 928 5685 dirigere
948 5613 1179 5668 curavit.
1193 5611 1494 5667 'fransmisi
1510 5612 1892 5680 libellosduos,

291 5724 463 5763 unum
500 5706 552 5760 in
582 5705 726 5759 aluta
757 5707 1022 5776 signatum
1051 5705 1120 5759 ita
1168 5721 1182 5756 :
1211 5703 1438 5759 Libellus
1461 5703 1706 5760 Ecclesia:
1723 5704 1898 5758 catho-

292 5802 413 5857 lirte
431 5799 704 5856 criminum
726 5795 990 5854 Cxciliani
1019 5796 1237 5854 traditus
1250 5815 1281 5850 α
1296 5805 1442 5867 parte
1469 5794 1738 5868 Maiorini.
1766 5795 1896 5852 Item

2003 4694 2139 4750 tere,
2164 4684 2315 4741 vides
2345 4700 2478 4756 ergo
2525 4686 2797 4755 superﬂue
2831 4682 3102 4738 Cuciliaui
3150 4699 3345 4738 nomen
3378 4685 3431 4738 in
3458 4683 3600 4750 judi-

2000 4777 2144 4831 cium
2165 4779 2413 4842 missum,
2447 4792 2570 4832 cum
2603 4778 2702 4833 hac
2729 4778 2880 4848 quasi
2923 4778 3284 4847 peremptoris
3315 4778 3598 4847 praescrip-

2001 4869 2149 4924 tione
2192 4879 2484 4925 excusatus
2529 4886 2651 4926 esse
2695 4871 2963 4935 videatur,
3009 4879 3064 4924 ut
3109 4871 3153 4925 si
3204 4885 3332 4925 reus
3384 4870 3475 4935 sit,
3527 4870 3598 4925 ab

2000 4959 2240 5016 Ecclesia
2273 4959 2518 5016 videatur
2563 4974 2882 5027 extraneos;
2919 4963 2964 5016 si
2997 4963 3276 5026 innocens,
3311 4963 3461 5033 quasi
3493 4963 3593 5018 ob—

1995 5052 2156 5122 jectis
2183 5051 2499 5107 criminibus
2544 5064 2805 5125 purgatus
2837 5067 2997 5126 atque
3049 5055 3330 5119 liberatus,
3363 5056 3500 5111 bene
3542 5057 3596 5110 in

2000 5145 2244 5201 Ecclesia
2277 5160 2373 5199 sua
2422 5146 2638 5201 stetisse
2671 5147 2933 5202 videatur.
2967 5147 3178 5216 Judica,
3212 5149 3294 5203 vir
3323 5150 3594 5216 sublimis,

1999 5253 2167 5292 unum
2195 5251 2291 5292 eos
2323 5245 2510 5293 tenere
2532 5239 2764 5304 debere;
2796 5241 2841 5294 si
2864 5238 3133 5297 Caeciliani
3165 5258 3380 5298 causam
3412 5242 3600 5299 defen—

1996 5329 2152 5400 dunt,
2186 5330 2469 5400 superbire
2494 5345 2553 5387 se
2579 5341 2632 5386 et
2671 5335 2919 5402 prosequi
2951 5349 3015 5390 ea
3057 5352 3174 5407 qua:
3204 5337 3254 5390 in
3279 5335 3480 5405 judicio
3503 5336 3598 5391 ad-

1999 5438 2188 5479 versus
2217 5423 2566 5480 Cxciliamuu
2595 5425 2664 5481 de
2692 5427 2921 5488 veritate
2955 5441 3294 5497 promuntur.
3323 5430 3379 5484 Si
3413 5437 3592 5483 autem

1999 5515 2187 5573 dicunt
2230 5518 2424 5574 obesse
2469 5519 2570 5575 sibi
2609 5520 2830 5576 omnino
2875 5538 2980 5577 non
3032 5538 3190 5593 posse
3239 5523 3364 5589 quid
3407 5523 3598 5578 fecerit

1998 5608 2347 5680 Cmcilianus,
2375 5612 2502 5683 quid
2533 5628 2670 5683 Opus
2708 5625 2785 5670 est
2815 5614 3088 5672 Caeciliani
3133 5630 3351 5670 causam
3386 5616 3437 5670 in
3484 5631 3598 5669 mc-

2001 5703 2148 5759 dium
2176 5705 2415 5771 mittere,
2445 5721 2568 5760 cum
2599 5708 2674 5761 eis
2706 5708 2897 5764 obesse
2931 5726 3034 5762 non
3067 5709 3238 5776 possit
3266 5708 3310 5759 si
3357 5707 3518 5763 fuerit
3540 5709 3592 5764 in

2001 5794 2204 5867 judicio
2248 5811 2379 5854 reus
2427 5799 2901 5858 manifestissimus
2948 5799 3338 5871 deprehensus.
3388 5800 3456 5858 Et
3496 5803 3602 5859 alia
