4134 6186
536 312 676 370 1405

1436 311 1663 369 GESTA
1700 311 2154 372 οοιιΑτιοΝιε
2189 312 2822 374 CABTHAGINENSIS.

3694 316 3841 370 ιιοι

477 424 480 426 ⁷
532 450 711 488 manu.
740 432 1009 488 Enteritus
1042 429 1332 501 episwpus
1379 429 1526 486 salva
1557 429 1922 500 appellatione
1966 443 2122 486 reco-
2152 435 2205 494 Α
2229 431 2382 485 dixit.
2413 430 2483 485 Ut
2525 445 2626 486 nec
2653 440 2863 502 patrem
2887 445 3046 486 suum
3074 443 3174 486 nec
3219 435 3451 485 matrem
3469 429 3839 486 Caecilianum

532 527 720 598 gnovi.
747 523 1085 579 Marcellinus
1113 524 1191 578 uir
1216 523 1536 578 clarissimus
1560 522 1795 577 tribunus
1825 532 1873 577 et
1894 523 2128 582 notarius
2231 521 2400 576 fuisse
2441 523 2753 594 diligentius
2799 523 3217 591 demonstretur,
3246 522 3489 594 ejusdem
3521 525 3844 595 prosecutis

535 620 685 675 dixit.
721 618 991 674 Doceatur
1019 631 1049 670 a
1073 625 1225 686 parte
1249 615 1465 670 diversa
1495 615 1637 686 quod
1659 615 1944 686 quaeritur.

603 711 732 769 226.
767 711 1086 784 Augustinus
1105 710 1373 781 episc0pus
1395 708 1645 764 Ecclesiae
1671 708 1938 764 catholica:
1973 707 2128 763 dixit.

532 803 811 861 Caeciliani
840 817 1058 858 causam
1089 801 1175 857 vel
1196 801 1527 872 collegarum
1558 801 1677 871 ejus
1699 801 1876 856 solent
1905 800 2006 869 ipsi
2028 800 2132 856 Ec-

2231 612 2483 684 superior
2507 615 2798 686 relegatur.

2304 706 2432 762 254.
2477 706 2762 764 Ρριξὲείαιιιιε
2785 709 3054 780 episwpus
3071 709 3225 764 dixit.
3255 709 3402 767 Satis
3425 709 3552 766 illos
3587 710 3846 768 defendis

2237 814 2336 869 per
2357 800 2550 856 Deum.
2579 800 2647 855 Et
2672 802 2776 856 alia
2802 818 2980 856 manu.
3011 802 3306 859 Petilianus
3335 803 3631 874 episcopus
3655 805 3848 876 appel»

533 896 715 953 clesiae
751 895 1034 952 catholicae
1073 895 1336 965 objicere,
1374 895 1458 949 vel
1509 903 1567 949 ut
1595 894 1713 948 sine
1761 893 2131 949 controversia
2233 892 2437 950 latione
2471 895 2724 950 incolumi
2754 896 3077 966 recognovi;

535 991 748 1061 laquar,
798 989 901 1059 ipsi
951 987 1208 1044 Ecclesia:
1256 1003 1417 1058 quam
1446 999 1711 1043 tenemus.
1766 986 2023 1055 Proinde,
2074 995 2135 1042 ιιι

536 1081 715 1148 video,
747 1095 1000 1152 maguum
1024 1080 1209 1136 volunt
1233 1080 1448 1136 adferre
1469 1079 1871 1151 compendium.
1907 1080 1961 1136 Si
1995 1081 2134 1136 hanc

533 1186 754 1229 causam
779 1186 886 1228 non
907 1171 1175 1242 objiciunt
1196 1171 1453 1227 Ecclesia:
1469 1187 1630 1242 quam
1661 1183 1928 1238 tenemus,
1951 1173 2136 1228 dicant

536 1267 664 1339 quid
692 1267 740 1323 ei
763 1265 1046 1336 objiciunt.
1070 1265 1129 1322 Si
1151 1267 1295 1321 enim
1321 1266 1478 1334 nihil,
1507 1282 1672 1337 quare
1699 1265 2050 1337 separamur?
2077 1265 2138 1322 Si

533 1360 736 1430 aliquid
751 1368 1182 1431 praetercausam
1211 1357 1506 1425 Caeciliani,
1531 1359 1768 1429 idipsum
1797 1357 2045 1426 oderant,
2081 1356 2137 1414 id

537 1453 848 1509 ostendant.
877 1453 945 1508 Et
974 1454 1082 1508 alia
1109 1471 1288 1509 manu.
1321 1453 1650 1524 Recognovi.

610 1544 738 1599 227.
782 1543 1074 1600 Petilianus
1093 1547 1368 1615 episcOpus
1398 1545 1548 1599 dixit.
1582 1545 1661 1600 Tu
1691 1544 1811 1616 quis
1843 1545 1939 1599 es?
1969 1544 2139 1600 Filius

537 1653 598 1694 es
621 1638 917 1704 Caeciliani,
945 1655 1012 1694 an
1045 1639 1187 1695 non?
1209 1639 1378 1695 Tenet
1417 1650 1469 1696 te
1495 1641 1702 1696 crimen
1740 1639 2036 1705 Ctnciliani,
2070 1655 2138 1694 an

537 1749 672 1804 non,
701 1736 746 1790 si
795 1734 997 1791 fuerit?
1022 1734 1089 1790 Et
1119 1751 1236 1789 cum
1263 1736 1450 1790 diceret
1477 1733 1566 1805 (Et
1589 1735 1693 1789 alia
1718 1733 2142 1789 manuuPetilia-

539 1845 641 1886 nus
660 1831 921 1901 epicopus
946 1830 1313 1900 appellatione
1334 1830 1591 1884 incolumi
1619 1829 1958 1900 recognovi),

609 1923 738 1979 228.
779 1924 1099 1994 Augustinus
1121 1925 1391 1995 episcopus
1419 1923 1663 1978 Ecclesia
1690 1923 1958 1977 catholica:
1987 1921 2141 1978 dixit.

539 2014 658 2086 Ego
679 2017 731 2070 in
774 2015 1016 2070 Ecclesia
1045 2030 1164 2069 sum
1196 2014 1250 2068 in
1281 2028 1385 2084 qua
1413 2012 1736 2069 Caecilianus
1777 2011 1896 2068 fuit.
1927 2011 1996 2066 Et
2039 2012 2146 2066 alia

539 2125 718 2162 manu.
747 2107 1074 2178 Recognovi.

611 2201 737 2257 229.
783 2200 1076 2255 Petilianus
1149 2199 1418 2272 episwpus
1469 2199 1618 2253 dixit.
1675 2197 1831 2254 Unde
1887 2195 2146 2267 coepisti?

545 2298 717 2367 Quem
745 2297 911 2352 habes
941 2296 1187 2368 patrem?
1217 2295 1477 2367 Alioquin
1503 2297 1549 2351 si
1581 2303 1788 2366 patrem
1819 2303 1966 2348 tuum
1997 2293 2149 2347 dam-

539 2392 783 2458 nareris,
811 2391 1127 2446 lmreticum
1167 2399 1218 2445 te
1240 2405 1363 2446 esse
1406 2388 1700 2460 profiteris,
1731 2388 1822 2459 qui
1855 2401 1954 2442 nec
1975 2384 2144 2456 origi—

545 2501 670 2542 nem
692 2487 773 2540 vis
802 2485 1027 2552 habere,
1047 2499 1145 2540 nec
1168 2495 1397 2556 patrem.
1428 2483 1496 2538 Et
1511 2485 1617 2538 alia
1640 2500 1819 2538 manu.
1853 2482 2146 2538 Petilianus

545 2580 834 2650 episcopus
863 2579 1230 2650 appellatione
1256 2579 1515 2634 incolumi
1544 2575 1854 2648 recognovi.
1883 2564 1890 2568 ’

618 2669 746 2726 250.
787 2669 1105 2740 Augustinus
1131 2671 1398 2740 episcopus
1425 2669 1674 2724 Ecclesia:
1705 2666 1971 2722 catholica:
1993 2666 2146 2722 dixit.

547 2760 604 2815 In
654 2761 897 2817 Ecclesia
949 2776 1156 2827 sumus,
1206 2762 1258 2816 in
1289 2777 1392 2831 qua
1435 2759 1754 2815 thcilianus
1779 2759 2147 2830 episcopatum

545 2857 715 2927 gessit
755 2864 810 2912 et
849 2855 991 2912 diem
1047 2855 1201 2911 obiit.
1247 2855 1375 2926 Ejus
1405 2870 1601 2910 nomen
1631 2854 1710 2910 ad
1741 2855 1911 2911 altare
1953 2854 2149 2908 recita-

557 2965 696 3018 ntus,
729 2949 846 3019 ejus
875 2951 1152 3006 memoria:
1205 2950 1687 3015 communicamus,
1737 2957 1991 3018 tanquam
2041 2960 2148 3000 me-

549 3044 740 3098 moriae
763 3043 967 3110 fratris,
997 3057 1100 3098 non
1128 3054 1378 3113 tanquam
1402 3043 1572 3134 pagis
1599 3051 1691 3096 aut
1709 3040 1917 3096 matris.
1941 3037 2149 3106 Quaeris

551 3146 729 3190 autem
771 3151 801 3190 a
833 3151 919 3191 me
947 3136 1092 3191 unde
1121 3137 1432 3191 communio
1468 3151 1585 3192 mea
1621 3147 1797 3191 sumat
1835 3135 2145 3195 exordium.

2307 987 2435 1043 255.
2477 987 2794 1059 Augustinus
2841 990 3108 1060 episcOpns
3155 987 3406 1044 Ecclesiae
3445 988 3724 1043 catholica:
3769 990 3853 1043 di-

2237 1080 2332 1134 xit.
2387 1080 2528 1136 Ecce
2573 1080 2717 1148 dico,
2763 1082 2976 1152 quoties
3019 1081 3286 1137 voluerint
3313 1081 3472 1147 dico,
3516 1081 3852 1138 Camilianns

2242 1189 2349 1228 non
2375 1183 2462 1228 est
2495 1183 2648 1244 pater
2670 1189 2844 1242 meus,
2875 1175 2995 1244 quia
3027 1175 3188 1230 audio
3222 1175 3514 1230 Dominum
3543 1191 3736 1230 meum
3757 1176 3852 1231 dio

2240 1276 2486 1324 ceutem:
2520 1268 2604 1323 Ne
2627 1269 2766 1323 vobis
2794 1279 2991 1338 patrem
3010 1270 3193 1324 dicatis
3214 1269 3266 1324 in
3288 1278 3431 1324 terra
3449 1285 3468 1324 :
3491 1285 3631 1324 unus
3659 1280 3734 1325 est
3760 1286 3855 1343 pa.

2243 1372 2317 1415 ter
2359 1371 2519 1416 uester
2569 1361 2728 1417 Deus.
2777 1363 2908 1418 Dico
2948 1361 3296 1418 Caecilianum
3349 1361 3604 1428 fratrem,
3649 1363 3856 1419 bimum

2244 1454 2489 1523 fratrem,
2516 1457 2558 1510 si
2582 1455 2786 1522 bonus;
2811 1457 3011 1511 malum
3043 1456 3288 1523 fratrem,
3312 1457 3356 1510 si
3383 1457 3564 1512 malus
3585 1467 3692 1522 est,
3718 1473 3857 1528 qno~

2244 1547 2388 1602 niam
2411 1556 2634 1618 propter
2657 1550 2962 1604 communia
2986 1557 3326 1604 sacramenta
3356 1548 3533 1604 frater
3561 1563 3724 1605 ruens
3749 1558 3854 1606 est.

2246 1642 2301 1698 Si
2325 1650 2503 1696 autem
2533 1641 2794 1710 judicium
2835 1641 2901 1697 de
2927 1641 3020 1697 illo
3063 1657 3243 1696 meum
3289 1642 3374 1697 vis
3422 1641 3642 1708 audire,
3694 1642 3859 1697 etiam

2245 1737 2588 1792 innocentem
2633 1736 2821 1803 credo,
2850 1735 3142 1806 appetitum
3186 1734 3333 1789 falsis
3373 1735 3859 1789 criminationibus

2167 1829 2216 1890 Β
2243 1830 2512 1893 existimo,
2545 1829 2635 1884 sed
2657 1840 2928 1899 tamquam
2953 1827 3122 1882 homo
3151 1828 3218 1883 de
3250 1828 3476 1882 homine
3501 1828 3857 1893 existitnans,

2247 1939 2356 1978 non
2396 1932 2666 1992 tamquam
2695 1930 2907 1978 certum
2933 1921 3135 1991 aliquid
3159 1920 3414 1976 credens.
3443 1920 3527 1976 Tu
3575 1921 3625 1974 si

2247 2013 2506 2070 Ecclesiae
2532 2014 2759 2068 crimina
2803 2013 3099 2081 Casciliani,
3151 2013 3380 2080 adsisto,
3427 2012 3677 2068 defendo
3725 2022 3859 2068 tam-

2247 2124 2408 2180 quam
2443 2108 2642 2172 fratris,
2673 2107 2967 2163 ostendens
2995 2123 3100 2163 non
3125 2108 3402 2178 pertinere
3426 2108 3498 2162 ad
3533 2108 3852 2175 Ecclesiam,

2247 2219 2348 2260 nec
2384 2203 2452 2259 ad
2480 2204 2600 2273 ejus
2639 2213 2880 2270 causam,
2913 2217 3014 2258 nec
3053 2203 3101 2258 ei
3145 2201 3534 2273 praeiudicare;
3561 2212 3624 2256 et
3654 2201 3738 2256 sic
3765 2201 3857 2256 tle-

2249 2307 2499 2353 monstro
2525 2295 2660 2351 nihil
2690 2308 2745 2350 te
2767 2296 3009 2366 ohjicere
3022 2295 3282 2350 Ecclesiae
3309 2294 3616 2359 catholica',
3637 2290 3856 2348 etiamsi

2248 2405 2376 2445 vera
2405 2388 2658 2454 fortasse,
2683 2388 2825 2460 quod
2861 2389 3008 2443 nullo
3035 2387 3197 2442 modo
3216 2388 3428 2457 poteris
3446 2386 3856 2453 demonstrare,

2247 2482 2356 2537 sint
2376 2482 2602 2536 crimina
2631 2481 2925 2535 Caeciliani.
2952 2481 3007 2535 Si
3031 2489 3209 2535 autem
3235 2495 3341 2535 nec
3365 2479 3483 2550 ipsa
3511 2489 3856 2546 vi‘rapotue-

2249 2577 2326 2632 ris
2353 2577 2754 2641 demonstrare,
2785 2576 2950 2630 etiam
2984 2583 3038 2628 te
3063 2573 3247 2645 judice
3280 2573 3435 2628 vides
3463 2573 3555 2628 ubi
3579 2587 3860 2626 remanse-

2249 2671 2351 2738 ris,
2397 2679 2453 2725 et
2482 2669 2608 2740 quid
2638 2669 2844 2739 rejecta
2873 2667 3088 2724 tandem
3132 2667 3486 2722 animositate
3513 2665 3722 2721 erroris
3763 2666 3858 2719 eli-

2247 2780 2376 2835 gere
2417 2763 2640 2828 debeas,
2674 2771 2734 2818 ut
2763 2761 3042 2817 nobiscum
3088 2768 3283 2816 teneas
3308 2759 3627 2822 veritatem;
3675 2758 3861 2813 uobis-

2248 2875 2370 2914 cum
2403 2858 2752 2928 amplectaris
2775 2856 3032 2912 damnato
3055 2870 3249 2924 errore
3277 2855 3628 2910 charitatem.
3659 2853 3728 2908 Et
3751 2856 3861 2909 alis

2251 2969 2428 3006 manu.
2459 2949 2790 3021 Recognovi.

2321 3046 2450 3101 256.
2491 3045 2778 3099 Petilianus
2809 3045 3080 3115 episcopus
3111 3043 3266 3097 dixit.
3298 3043 3418 3113 Ipsa
3445 3053 3582 3098 sunt
3612 3043 3709 3098 illa
3745 3057 3862 3096 amo

2252 3139 2411 3210 bigua
2440 3139 2635 3210 quibus
2658 3142 2726 3194 ab
2749 3139 2996 3193 hodierni
3013 3137 3120 3193 diei
3147 3139 3424 3208 percurrit
3443 3139 3739 3209 principio,
3766 3151 3863 3192 nec

553 3230 813 3286 Dominus
840 3231 954 3301 ipse
979 3228 1229 3286 Christus
1268 3230 1464 3286 asserit
1499 3230 1780 3286 exordium
1811 3231 2151 3285 communio-
2175 3218 2221 3282 C
2257 3241 2437 3287 tamen
2479 3248 2537 3287 se
2575 3234 2808 3287 alterum
2855 3239 3045 3287 tenere
3085 3229 3381 3301 aliquando
3421 3230 3711 3302 professus
3757 3237 3860 3290 est.

551 3326 635 3380 nis
663 3340 797 3380 mese
821 3324 1043 3380 dicens:
1082 3323 1362 3392 Oportebat
1389 3321 1657 3378 Christum
1681 3323 1790 3394 pati
1815 3331 1862 3377 et
1885 3333 2155 3393 reSurgere

551 3435 582 3471 a
603 3419 818 3473 mortuis
841 3420 988 3474 tertio
1017 3418 1122 3482 die,
1153 3427 1201 3470 et
1225 3418 1502 3488 praadicari
1527 3419 1580 3470 in
1611 3417 1814 3470 nomine
1851 3418 1962 3484 ejus
1992 3417 2155 3487 paeni-

554 3512 764 3564 tentiam
810 3521 858 3566 ct
891 3511 1241 3566 remissionem
1271 3520 1597 3576 peccatorum
1625 3525 1715 3578 per
1738 3524 1912 3562 omnes
1955 3517 2149 3580 gentes,

551 3602 910 3670 incipientibus
939 3602 1001 3655 ab
1040 3601 1384 3657 Hierusalem.
1417 3601 1592 3670 Coepit
1623 3601 1723 3654 ista
1749 3600 2058 3670 praedicatio
2086 3601 2154 3658 ab

556 3697 916 3762 Hierusalem,
960 3695 1086 3750 inde
1110 3709 1169 3750 se
1199 3693 1267 3748 ab
1290 3694 1656 3749 illustrissimo
1671 3691 1894 3748 exordio
1917 3692 2148 3762 diffudit,

552 3788 857 3843 diffundens
886 3789 1182 3844 Eeclesiam
1207 3802 1369 3858 quam
1395 3798 1670 3851 tenemus;
1704 3786 1878 3856 primo
1908 3801 2003 3856 per
2023 3785 2155 3841 vici-

554 3895 644 3946 na,
677 3881 871 3936 deinde
900 3897 995 3952 per
1016 3881 1331 3950 longinqua,
1359 3880 1601 3947 etiamﬁin
1633 3878 1872 3935 Africam
1899 3878 2069 3935 venit.
2094 3878 2151 3935 ln

557 3971 700 4027 hanc
725 3972 913 4026 oculos
941 3973 1237 4041 aperimus,
1267 3971 1404 4025 hanc
1432 3973 1482 4024 in
1506 3971 1703 4026 divinis
1725 3972 1953 4042 eloquiis
1970 3982 2024 4026 et
2047 3985 2154 4027 tes-

557 4067 800 4123 timoniis
825 4066 964 4122 sicut
985 4067 1161 4137 ipsum
1192 4064 1480 4120 Dominum
1509 4063 1787 4119 Christum
1817 4074 1870 4119 et
1905 4065 2156 4135 redemp-

459 4235 472 4244 ο
554 4169 728 4218 torem
775 4169 1018 4217 nostrum
1067 4159 1448 4230 comperimus.
1481 4158 1564 4214 Ab
1595 4159 1685 4213 illo
1729 4159 1840 4213 Deo
1882 4167 2054 4230 patre,
2083 4160 2153 4213 ab

555 4254 657 4310 hac
688 4255 930 4310 Ecclesia
958 4261 1152 4319 matre,
1178 4252 1382 4308 nullius
1404 4267 1489 4306 me
1511 4250 1747 4306 hominis
1766 4251 2015 4318 crimina,
2041 4251 2155 4306 nul-

554 4348 659 4402 lius
683 4348 968 4402 calumnirc
997 4345 1344 4417 separabont.
1377 4343 1445 4398 Et
1481 4345 1587 4399 alia
1612 4360 1787 4398 manu.
1819 4345 2150 4416 Recognovi.

623 4439 752 4494 251.
772 4459 776 4463 ’
795 4438 1081 4493 Petilianus
1112 4440 1380 4510 episcopus
1401 4436 1550 4491 dixit.
1580 4434 1904 4492 Caecilianus
1933 4437 2025 4492 tibi
2056 4452 2151 4508 pa-

556 4544 638 4590 ter
667 4543 761 4589 aut
779 4544 952 4590 mater
975 4544 1079 4599 εει,
1111 4543 1167 4588 ιιι
1187 4532 1403 4588 dixisti?
1431 4532 1492 4586 Et
1513 4533 1619 4587 alia
1640 4549 1814 4588 manu.
1848 4532 2145 4589 Petilianus

556 4629 844 4700 episcopus
871 4627 1230 4698 appellatione
1263 4629 1520 4684 incolumi
1552 4626 1860 4698 recognovi.

623 4720 752 4774 252.
793 4721 1105 4792 Augustinus
1135 4725 1406 4790 episcOpus
1442 4717 1691 4774 Ecclesiae
1710 4716 1977 4772 catholica:
2004 4716 2157 4771 dixit.

559 4814 675 4869 iam
699 4813 896 4868 audisti
917 4814 1042 4884 quia
1064 4813 1233 4868 frater
1255 4821 1390 4868 erat.
1410 4811 1477 4865 Et
1495 4811 1602 4866 alia
1621 4826 1798 4864 manu.
1826 4808 2154 4880 Recognovi.

562 4903 855 4960 Petilianus
878 4906 1147 4978 episcopus
1171 4905 1323 4960 dixit.
1356 4905 1543 4959 Frater
1570 4918 1678 4958 non
1714 4912 1796 4957 est
1815 4903 1905 4973 qui
1933 4909 2159 4972 generat

562 4997 725 5053 ﬁlios.
751 4997 814 5052 Et
836 5000 941 5053 alia
960 5015 1134 5053 manu.
1163 4998 1456 5054 Petilianus
1486 4998 1774 5068 episcopus
1795 4995 2156 5067 appellatione

561 5089 820 5144 incolumi
840 5091 1146 5161 recognovi.

631 5181 760 5239 255.
801 5182 1136 5240 Marcellinus
1155 5185 1231 5239 uir
1258 5184 1573 5239 clarissimus
1593 5182 1826 5238 tribunus
1845 5191 1895 5236 et
1925 5181 2157 5236 notarius

563 5279 715 5332 dixit.
744 5275 856 5333 Nec
897 5288 1100 5347 patrem
1129 5294 1226 5335 nec
1258 5289 1484 5334 matrem
1531 5278 1629 5333 sibi
1660 5292 1781 5333 esse
1809 5276 2156 5332 Caecilianum

565 5373 904 5441 apertissima
935 5375 1313 5441 prosecutione
1342 5374 1594 5444 signavit.
1619 5372 1942 5446 Augustinus
1962 5372 2158 5440 episco-

563 5481 662 5540 pus
697 5466 944 5521 Ecclesia!
968 5466 1234 5520 catholica:
1253 5467 1400 5522 dixit.
1430 5465 1757 5522 Caecilianus
1775 5479 1880 5519 non
1905 5475 1987 5519 est
2010 5474 2161 5534 pater

570 5576 744 5617 mcus.
771 5560 826 5617 Si
863 5560 1034 5615 bonus
1065 5567 1168 5624 est,
1199 5560 1362 5614 frater
1383 5573 1536 5614 meus
1567 5567 1649 5614 est
1675 5557 1885 5622 bonus;
1913 5559 1958 5610 si
1989 5559 2161 5614 malus

565 5665 673 5720 est,
706 5653 871 5710 frater
889 5664 970 5710 est
1004 5653 1198 5708 malus.
1223 5652 1427 5708 Tamen
1459 5661 1677 5722 propter
1693 5657 2028 5704 sacramenta
2058 5650 2165 5703 fra-

569 5760 655 5827 ter
686 5761 790 5818 est,
837 5751 950 5806 sive
975 5751 1174 5825 bonus,
1205 5750 1319 5804 sive
1348 5747 1540 5802 malus.
1568 5746 1635 5802 Et
1659 5746 1764 5801 alia
1792 5761 1962 5799 manu.
1993 5743 2166 5801 Reco-

582 5845 763 5920 gnovl.
798 5843 1138 5924 Marcellinus
1159 5831 1237 5903 vir
1261 5842 1576 5908 clarissimus
1597 5841 1826 5908 tribunus
1861 5849 1907 5899 et
1937 5841 2166 5908 notarius

2254 3344 2375 3384 cum
2401 3337 2622 3397 utraque
2647 3341 2841 3398 magn-0
2867 3327 3117 3396 amplexu
3139 3326 3394 3387 retineat,
3425 3335 3722 3396 utrumque
3743 3339 3853 3378 tne-

2257 3428 2414 3474 tnens
2430 3419 2704 3474 dimittere
2727 3419 2814 3473 vel
2837 3429 3045 3473 tenere.
3061 3417 3301 3472 Tandem
3316 3415 3614 3486 aliquando
3635 3431 3857 3480 expres-

2256 3509 2364 3566 sius
2395 3511 2559 3576 dicat,
2593 3523 2772 3565 utrum
2795 3511 2965 3580 patris
2991 3510 3112 3564 loco
3134 3507 3372 3564 habeant
3390 3508 3772 3572 thcilianum,
3795 3521 3857 3562 ει

2257 3621 2364 3671 quo
2385 3601 2826 3658 deductaestisla
2843 3602 3145 3673 progenies.
3161 3601 3281 3656 Non
3309 3601 3457 3656 enim
3485 3602 3856 3671 potestatiqua

2256 3708 2344 3749 res
2393 3695 2512 3749 sine
2555 3671 2876 3765 generatore
2902 3671 3006 3747 suo
3035 3671 3206 3758 nasci,
3235 3701 3331 3746 ant
3355 3692 3477 3747 sine
3503 3693 3689 3761 capite
3725 3691 3859 3746 inci-

2259 3803 2406 3858 pere,
2437 3797 2527 3842 ant
2553 3789 2673 3842 sine
2703 3785 2882 3842 radice
2909 3801 3006 3839 sua
3038 3800 3306 3840 crescere.
3350 3783 3512 3839 Videt
3555 3783 3724 3855 igitur
3765 3797 3862 3838 uo-

2258 3881 2441 3936 bilitas
2481 3892 2568 3935 tua
2597 3895 2659 3935 se
2687 3879 2948 3950 originem
2981 3895 3086 3932 non
3119 3876 3322 3932 habere
3347 3876 3547 3947 sapius
3579 3883 3857 3946 protesta-

2258 3987 2392 4029 tum.
2434 3975 2487 4029 Si
2531 3975 2695 4046 igitur
2720 3973 2984 4043 originem
3019 3986 3125 4026 non
3161 3970 3344 4035 habet,
3400 3969 3519 4040 ipse
3561 3978 3648 4024 est
3685 3970 3858 4039 magis

2253 4067 2562 4132 iurt‘eticus,
2591 4068 2680 4137 qui
2699 4081 2803 4120 non
2833 4065 2996 4120 habet
3013 4063 3360 4134 patrem,qui
3384 4063 3626 4118 habitum
3646 4071 3856 4133 patrem

2253 4161 2457 4232 judicio
2504 4173 2605 4216 suo
2634 4159 2930 4215 damnavit.
2965 4157 3337 4228 Adstipuletur
3368 4157 3551 4228 igitur,
3582 4168 3633 4209 ut
3657 4157 3706 4208 si
3739 4157 3858 4209 cri-

2258 4253 2524 4308 minosum
2569 4263 2775 4322 patrem
2817 4252 2936 4321 ejus
2980 4251 3307 4316 constiterit,
3348 4264 3475 4306 eum
3516 4246 3735 4302 crimina
3775 4257 3862 4302 te.

2257 4354 2448 4411 neant;
2479 4345 2523 4399 si
2571 4355 2750 4400 autem
2800 4345 3168 4408 innocentem,
3221 4355 3450 4397 necesse
3493 4340 3679 4394 haheat
3731 4351 3864 4394 esse

2259 4437 2404 4493 filius
2431 4437 2765 4501 innocentis;
2785 4436 2858 4490 ita
2883 4450 3097 4506 quoque
3117 4450 3150 4488 e
3170 4433 3391 4488 diverso
3415 4445 3635 4487 necesse
3657 4430 3867 4486 habeat

2254 4541 2314 4586 ιιι
2341 4533 2410 4587 sit
2437 4532 2577 4586 ﬁlius
2603 4532 2902 4597 criminosi,
2931 4531 2976 4584 si
3018 4529 3326 4586 constiterit
3368 4529 3746 4584 criminosum.
3801 4525 3868 4581 Es

2180 4621 2234 4682 D
2259 4625 2362 4678 alia
2401 4641 2576 4679 manu.
2618 4624 2912 4679 Petilianus
2938 4627 3230 4696 episcopus
3255 4622 3618 4694 appellatione
3647 4621 3871 4676 incolu-

2259 4721 2332 4774 mi
2365 4717 2675 4788 recognovi.

2329 4814 2458 4869 257.
2499 4812 2817 4884 Augustinus
2845 4811 3118 4881 episcopus
3142 4807 3394 4862 Ecclesia
3419 4806 3692 4861 catholica
3714 4806 3872 4860 dixit.

2263 4905 2445 4962 Habeo
2469 4914 2650 4974 caput,
2681 4903 2774 4960 sed
2805 4903 3058 4959 Christus
3079 4909 3181 4955 est.
3210 4898 3550 4954 Marcellinus
3577 4900 3656 4953 vir
3686 4899 3879 4954 almis-

2260 5001 2420 5055 simus
2451 4999 2684 5054 tribunus
2709 5008 2758 5052 et
2795 5000 3026 5054 notarius
3049 4995 3202 5049 dixit.
3251 4992 3580 5061 Diligentius
3615 4992 3880 5048 demons-

2261 5101 2430 5148 tretur
2443 5093 2602 5166 312
2618 5101 2793 5146 utrum
2808 5100 3010 5161 patrem
3028 5097 3262 5142 vestrum
3276 5085 3756 5150 f‘acilianum,aut
3775 5099 3883 5139 ma-

2262 5195 2423 5252 trem,
2472 5187 2611 5239 sicut
2655 5183 2942 5255 quaesitum
2986 5189 3089 5248 est,
3120 5193 3243 5234 esse
3284 5177 3502 5232 dicatis.
3545 5176 3881 5249 Augustinus

2263 5281 2531 5353 episcopus
2555 5277 2803 5334 Ecclesia:
2829 5275 3110 5332 Catholicae
3134 5273 3291 5326 dixit.
3326 5272 3512 5326 Habeo
3536 5280 3732 5339 caput,
3786 5269 3878 5324 sed

2259 5371 2508 5427 Christus
2533 5381 2636 5436 est,
2666 5370 2819 5439 cujus
2847 5367 3165 5440 Apostolum
3196 5364 3379 5420 audio.
3407 5361 3477 5418 Et
3505 5379 3629 5417 cum
3679 5363 3882 5419 diceret

2267 5463 2288 5536 (
2313 5462 2502 5518 Etalia
2527 5479 2704 5517 manu.
2735 5457 3094 5533 Recognovi),

2339 5556 2464 5612 258.
2510 5554 2796 5610 Petilianus
2814 5555 3080 5623 episcopus
3101 5551 3252 5606 dixit.
3282 5549 3411 5614 Quis
3435 5557 3491 5602 te
3512 5549 3803 5604 ordinavit
3825 5558 3876 5602 ut

2269 5651 2557 5720 episcopus
2579 5649 2768 5704 esses?
2793 5646 2860 5702 Et
2901 5647 3008 5700 alia
3039 5661 3216 5698 manu.
3249 5640 3550 5697 Petilianus
3579 5645 3875 5715 episcopi

2273 5740 2560 5811 recognovi
2589 5740 2738 5796 salvo
2761 5738 3140 5810 appellationis
3164 5735 3381 5791 edectu.

2345 5837 2472 5907 259.
2518 5837 2799 5904 Montanus
2843 5835 3110 5919 episcopus
3134 5831 3283 5897 dixit.
3327 5829 3398 5893 Et
3420 5830 3555 5911 quid
3602 5839 3693 5891 est
3731 5829 3886 5913 quod
