4134 6186
332 290 469 349 1405

1265 280 1491 379 GESTA
1527 278 1984 342 COLLATIONIS
2020 278 2641 343 CARTIIAGINENSIS.
2736 270 2747 279 ⁷

3498 278 3638 341 illiti

326 406 455 461 dicit
491 406 772 476 apostolus
802 403 1001 463 Paulus
1027 422 1041 462 :
1070 402 1138 460 Et
1167 406 1212 461 si
1237 406 1409 461 decem
1433 403 1598 458 millia
1620 402 1931 475 pwdagego-
1955 405 2006 467 Α
2033 416 2140 476 que
2167 405 2412 476 episcOpi
2455 404 2761 472 ordinatur,
2792 417 2899 460 non
2929 404 3065 461 satis
3098 404 3465 476 agnoscimus.
3505 401 3641 461 Tes-

324 514 444 556 rum
482 500 762 556 habueritis
784 503 838 555 in
860 499 1089 567 Christo,
1121 498 1213 555 sed
1249 514 1352 553 non
1380 498 1567 553 multos
1594 507 1791 569 patres.
1822 495 1931 552 Per

326 592 588 649 Christum
617 593 752 648 enim
781 609 875 666 ego
899 606 988 648 uos
1017 592 1255 665 generosi
1283 602 1373 664 per
1399 586 1758 662 Euangeliuut.

399 686 527 743 240.
568 684 793 757 Cumque
808 693 1113 756 streperent,
1145 683 1365 755 Alypius
1385 683 1653 754 episcopus
1682 679 1929 736 Ecclesia:

324 774 594 836 catholica:
614 776 765 836 dixit.
790 781 867 836 De
890 778 1399 835 tumuitu'testatum
1420 775 1509 832 sit.
1530 774 1595 830 Et
1616 774 1722 831 alia
1746 784 1925 833 manu.

327 872 664 945 RecOgnovi.
1760 865 1763 868 ’

399 969 503 1027 2M
517 1009 531 1024 .
577 969 912 1027 Marcellinus
935 970 1014 1025 uir
1035 970 1352 1025 clarissimus
1374 969 1607 1026 tribunus
1623 976 1669 1024 et
1695 967 1927 1024 notarius

330 1064 486 1122 dixit.
519 1065 597 1121 Ad
627 1065 849 1137 qumsita
880 1062 1171 1135 responde.

398 1156 530 1215 242.
571 1156 889 1229 Augustinus
910 1158 1181 1227 episcopus
1205 1153 1454 1210 Ecclesiae
1477 1153 1744 1209 catholica:
1767 1152 1919 1210 dixit.

328 1249 513 1306 Habeo
540 1260 721 1322 caput,
753 1249 849 1306 sed
878 1248 1128 1305 Christus
1153 1258 1261 1316 est,
1293 1249 1448 1318 cujus
1475 1247 1796 1318 Apostolum
1832 1261 1928 1303 au-

324 1341 417 1397 dio
445 1342 714 1399 diuenlem
743 1359 756 1394 :
783 1340 971 1395 Omnia
997 1351 1178 1408 vestra,
1212 1356 1300 1396 uos
1325 1351 1491 1395 autem
1515 1336 1726 1406 Christi,
1750 1336 1930 1396 Chris-

320 1420 412 1488 tus
443 1448 562 1489 vero
594 1433 712 1489 Dei.
743 1424 876 1489 Nam
903 1442 957 1489 et
979 1433 1069 1488 ubi
1105 1447 1165 1488 se
1194 1443 1403 1504 patrem
1444 1431 1582 1488 dixit
1608 1431 1925 1503 Apostolus,

325 1540 397 1582 ne
426 1526 601 1598 ipsius
629 1526 968 1598 paternitatis
994 1527 1138 1582 velut
1164 1526 1346 1582 basem
1372 1525 1664 1583 humanam
1692 1526 1926 1583 inlirmi-

331 1626 505 1675 tatem
548 1619 911 1686 crederemus,
946 1618 1172 1675 addidit.
1203 1618 1309 1675 Per
1336 1618 1676 1692 Evangelium
1705 1632 1798 1691 ego
1839 1630 1928 1675 sos

327 1713 504 1784 genui.
533 1712 733 1769 Semen
759 1727 887 1784 ergo
912 1720 972 1795 et
987 1724 1122 1769 vena
1151 1711 1375 1769 seminis
1392 1713 1501 1768 mei
1532 1711 1600 1768 de
1629 1711 1928 1784 Evangelio

2033 498 2272 556 timoniis
2316 499 2516 557 divinis
2584 507 2746 572 pater
2798 500 2942 556 Deus
3001 509 3087 555 est
3129 500 3374 557 edoctus.
3428 501 3495 557 Et
3533 500 3641 558 alia

2032 604 2213 646 utanu.
2245 593 2583 664 Recognovi.
2611 590 2910 647 Petitianus
2936 592 3209 664 episcopus
3235 590 3387 649 dixit.
3418 593 3518 662 Qui
3543 608 3641 651 vo-

2031 692 2189 740 catur
2216 686 2311 757 qui
2340 700 2464 743 eum
2492 683 2769 740 ordinavit
2798 684 2995 739 edicat.
3032 682 3101 738 Et
3126 685 3233 740 alia
3272 699 3451 741 manu.
3487 682 3640 744 Peti-

2032 775 2211 834 lianus
2251 779 2541 851 episcopus
2598 776 2965 846 appellatione
3014 775 3269 834 incolumi
3321 781 3637 851 recOgnovi.
3729 837 3733 842 .

2034 868 2255 944 Alypius
2281 872 2559 941 episcopus
2587 866 2841 925 Ecclesiae
2871 870 3141 926 catholicae
3162 871 3318 928 dixit.
3351 873 3643 930 Ordinavit

2031 965 2231 1034 quem?
2268 964 2418 1019 Multi
2446 962 2747 1030 adstamus,
2773 962 2925 1018 multi
2956 965 3310 1021 assertionem
3337 979 3517 1021 causae
3548 978 3643 1022 se-

2032 1058 2274 1114 cundum
2302 1065 2548 1114 tenorem
2576 1056 2821 1113 mandati
2848 1058 3206 1129 suscepimus.
3238 1059 3405 1130 Cujus
3423 1058 3644 1115 ordina-

2032 1160 2209 1211 torem
2228 1153 2445 1226 quxrit,
2466 1161 2559 1208 aut
2573 1166 2740 1222 quem
2765 1151 2982 1223 qua-rit,
2998 1161 3234 1225 exponat
3252 1168 3380 1226 pars
3401 1153 3640 1225 diversa,

2030 1256 2093 1303 ut
2117 1245 2397 1305 videamus
2414 1256 2596 1303 utrum
2629 1247 2848 1319 dignum
2871 1248 2941 1303 sit
2969 1248 3036 1303 ad
3068 1247 3183 1304 haec
3203 1250 3549 1322 reSpoudere.
3573 1250 3643 1307 Et

2033 1340 2142 1396 alia
2161 1348 2340 1397 manu.
2366 1338 2702 1412 Recognovi.

2104 1436 2238 1492 245.
2273 1435 2571 1491 Adeodatus
2613 1434 2888 1505 episcopus
2933 1436 3085 1493 dixit.
3138 1434 3472 1510 Augustinus
3524 1437 3646 1497 lucc

2035 1527 2195 1584 dixit.
2249 1529 2406 1585 Dicat
2455 1529 2578 1600 quis
2633 1534 2758 1584 eum
2807 1530 3103 1587 ordinavit.
3166 1530 3230 1586 Et
3308 1533 3415 1587 alia
3457 1542 3643 1590 manu.

2037 1623 2353 1680 Adeodatus
2405 1624 2703 1695 episcopus
2746 1623 2892 1679 salva
2932 1625 3296 1696 appellatione
3324 1630 3645 1700 recognovi.

2042 1713 2317 1771 Possidius
2371 1718 2653 1788 episcOpus
2696 1715 2942 1773 Ecclesia:
2995 1719 3260 1776 catholica:
3313 1718 3465 1776 dixit.
3524 1722 3647 1779 Non

326 1805 562 1861 ducitur.
593 1802 1027 1863 Houoriﬁceutitc
1056 1818 1215 1863 causa
1254 1816 1436 1878 patres
1459 1808 1796 1876 appellamus
1834 1820 1933 1865 cos
1964 1811 2013 1872 B
2042 1812 2209 1866 modo
2241 1810 2526 1881 Augustini
2574 1825 2801 1866 causam
2845 1813 3185 1884 suscepimus
3226 1813 3645 1882 defendendam,

330 1898 423 1971 qui
452 1913 552 1953 nos
574 1898 657 1953 vel
685 1906 948 1970 tempore,
974 1898 1061 1953 vel
1089 1898 1296 1955 meritis
1323 1908 1741 1970 praecesserunt.
1763 1899 1928 1956 Aliud

328 2003 413 2048 est
437 2004 562 2048 cum
583 1992 875 2062 qumrimus
895 1990 1146 2048 adtidem
1176 2000 1338 2065 quem
1360 1993 1662 2050 habeamus
1694 2000 1925 2065 patrem,

327 2082 401 2140 ad
451 2085 683 2140 salutem
726 2093 986 2142 aeternam
1031 2096 1188 2157 quem
1230 2086 1528 2143 habeamus
1578 2094 1807 2158 patrem,
1857 2088 1928 2144 ad

331 2176 672 2232 retinendam
709 2177 1028 2248 Ecclesia’m,
1062 2187 1115 2235 et
1145 2179 1488 2251 percipienda
1522 2181 1616 2237 Dei
1643 2181 1929 2252 promissa

331 2282 494 2340 quem
524 2268 819 2325 habeamus
842 2279 1072 2340 patrem.
1102 2270 1236 2326 Nam
1283 2271 1417 2327 illud
1454 2271 1685 2328 honoris
1726 2280 1830 2339 est,
1870 2280 1931 2328 ut

332 2363 573 2435 quotidie
597 2364 815 2420 senibus
839 2364 1105 2432 dicamus,
1135 2363 1309 2420 Pater.
1330 2363 1583 2434 Quotidie
1608 2367 1770 2422 etiam
1801 2366 1927 2438 qui-

331 2458 560 2515 busdam
590 2474 695 2515 non
727 2459 1007 2516 nobiscum
1035 2461 1085 2515 iu
1105 2468 1211 2515 una
1233 2460 1498 2526 Ecclesia,
1523 2474 1622 2516 uec
1647 2460 1700 2515 in
1732 2460 1927 2517 iisdem

332 2552 691 2609 sacramentis
709 2553 1037 2619 constitutis,
1066 2548 1318 2622 dicimus,
1368 2551 1577 2609 Frater.
1631 2554 1931 2611 Sodontitis

332 2645 496 2701 etiam
549 2644 681 2700 dixit
728 2644 889 2711 Loth,
947 2644 1201 2713 Fratres,
1260 2648 1447 2716 utique
1490 2644 1559 2700 ad
1616 2644 1928 2701 leniendum

332 2751 521 2797 eorum
543 2740 960 2805 animositatem,
987 2750 1096 2795 non
1120 2738 1188 2794 ad
1204 2737 1473 2810 cognitam
1498 2736 1925 2805 fraternitatem,

329 2840 386 2893 et
412 2834 566 2906 quasi
592 2836 750 2892 unius
778 2833 1096 2891 haereditate
1115 2834 1468 2891 consortium.
1496 2832 1777 2889 Tollantur
1798 2844 1932 2902 ergo

333 2927 455 2997 ista,
484 2927 878 2999 distinguamus
906 2926 1171 2983 vocabula
1202 2938 1321 2997 qua:
1366 2925 1676 2982 hominibus
1708 2932 1932 2996 pmpter

335 3022 600 3078 honorem
652 3019 940 3089 debentur,
986 3029 1041 3078 et
1066 3019 1388 3076 vocabulum
1417 3018 1560 3091 quod
1593 3026 1813 3090 propter
1842 3030 1932 3073 sa-

332 3115 499 3172 lutem
528 3114 872 3186 requirimus.
904 3114 1009 3170 Pro
1051 3113 1234 3171 salute
1263 3120 1485 3180 aeterna,
1521 3124 1651 3184 pace
1680 3111 1931 3183 Apostoli

2034 1904 2489 1979 qualemcumque
2534 1909 2655 1980 ipse
2698 1908 2879 1966 habet.
2909 1908 3121 1966 Etcum
3171 1911 3360 1967 diceret
3402 1910 3496 1985 (Et
3537 1913 3647 1968 alia

2033 2004 2212 2055 manu.
2240 1999 2599 2072 Rectignovi),
2626 2000 2928 2059 Adeod‘atut
2952 2003 3223 2074 episcopus
3244 2000 3399 2058 dixit.
3416 2002 3531 2058 Hoc
3561 2013 3648 2060 est

2033 2094 2293 2152 indictum
2335 2104 2516 2151 causae
2564 2094 2890 2167 desperatae,
2940 2104 3001 2151 ut
3031 2108 3165 2152 cum‘
3200 2110 3299 2152 nos
3339 2094 3647 2170 ilagitemus

2034 2187 2164 2255 alia,
2188 2187 2295 2242 alia
2321 2186 2788 2257 respondeantur;
2811 2195 2872 2243 ut
2889 2190 3144 2260 quoniam
3166 2188 3393 2259 objectis
3420 2200 3648 2261 respon-

2015 2283 2167 2359 dere
2214 2296 2325 2337 non
2357 2290 2606 2352 possunt,
2643 2290 2895 2353 quierant
2920 2282 3027 2338 alia
3066 2282 3262 2353 quibus
3298 2283 3521 2339 nebulas
3562 2284 3646 2339 iu-

2036 2383 2275 2432 nectant.
2309 2374 2464 2430 Dicat
2505 2374 2674 2448 igitur
2695 2377 3030 2447 Augustinus
3054 2376 3174 2448 quis
3201 2390 3324 2432 cum
3354 2376 3646 2432 ordinave-

2035 2466 2125 2524 rit.
2159 2464 2227 2521 Et
2256 2466 2361 2521 alia
2389 2476 2567 2522 manu.
2597 2462 2917 2524 Adcodatus
2957 2467 3242 2540 cpiscopus
3280 2467 3428 2524 salva
3455 2468 3645 2540 appel-

2033 2560 2238 2619 latione
2309 2558 2623 2633 retog‘nOvi.
2686 2562 3006 2636 Augustinus
3067 2562 3336 2636 episcopus
3396 2562 3646 2619 Ecclesia:

2035 2654 2305 2710 catholicae
2352 2653 2503 2709 dixit.
2538 2653 2828 2726 Superﬂua
2857 2655 3025 2727 quaeri
3053 2654 3232 2729 video.
3262 2653 3332 2711 Et
3361 2664 3476 2711 cum
3502 2655 3645 2712 dice-

2034 2758 2130 2804 ret.
2163 2746 2270 2821 (Et
2299 2746 2406 2803 alia
2435 2762 2611 2803 manu.
2646 2748 3017 2822 Recognovi),
3633 2766 3650 2780 -

2103 2837 2234 2898 246.
2277 2839 2618 2897 Marcellinus
2642 2842 2724 2897 uir
2749 2840 3059 2898 clarissimus
3087 2841 3320 2898 tribunus
3346 2852 3393 2899 et
3407 2841 3641 2899 notarius

2034 2934 2184 2991 dixit.
2212 2933 2291 2990 Ad
2315 2934 2645 3004 interrogata
2673 2934 3009 3005 respondere
3032 2934 3277 3005 dignare.

2107 3028 2238 3086 247.
2279 3028 2597 3101 Augustinus
2627 3030 2897 3102 episcopus
2926 3027 3172 3084 Ecclesia:
3192 3028 3457 3084 catholica:
3482 3027 3636 3084 dixit.

2032 3122 2322 3192 Superﬂua
2366 3122 2537 3193 quaeri
2567 3122 2730 3178 video
2766 3136 2796 3177 a
2826 3120 3083 3177 fratribus
3117 3122 3317 3177 nostris
3343 3134 3377 3178 e
3420 3121 3639 3178 diverso

331 3208 582 3275 dixerim,
629 3209 739 3264 imo
763 3204 989 3279 jubente
1016 3206 1279 3279 Apostolo
1325 3205 1575 3274 dixerim,
1609 3216 1717 3259 non
1768 3214 1925 3275 pater

2033 3213 2388 3278 sistentihus;
2422 3218 2477 3267 ct
2531 3213 2598 3268 ad
2655 3213 2771 3303 ipsa
2814 3212 3086 3284 superﬂua
3130 3228 3239 3270 non
3280 3214 3493 3285 dencgo
3546 3227 3637 3271 re-

333 3316 486 3358 meus
515 3299 807 3371 Apostolus
838 3306 922 3355 est
950 3299 1018 3354 ad
1062 3299 1292 3355 salutent
1324 3304 1603 3363 aeternam,
1646 3296 1739 3367 qui
1787 3295 1925 3350 mihi

332 3394 465 3449 dicit
490 3409 519 3446 ε.
545 3391 657 3463 Ego
686 3392 935 3462 ptantavi,
964 3390 1155 3463 Apollo
1198 3390 1408 3462 rigavit,
1455 3389 1542 3445 sed
1573 3387 1717 3443 Deus
1762 3387 1933 3442 incre-

334 3494 562 3540 mentum
591 3485 748 3537 dedit.
784 3484 966 3556 Itaque
1009 3498 1173 3557 neque
1197 3484 1285 3555 qui
1330 3483 1528 3553 plantat
1580 3490 1656 3538 est
1709 3480 1928 3550 aliquid,

335 3596 496 3645 neque
524 3577 612 3649 qui
632 3577 795 3648 rigat,
815 3577 902 3632 sed
924 3579 1007 3647 qui
1035 3579 1405 3633 incrementum
1426 3576 1514 3630 dat
1539 3574 1697 3631 Deus.
1730 3574 1806 3630 De
1829 3574 1931 3629 hoc

340 3672 601 3728 Dominus
630 3668 808 3726 dixit:
845 3668 1022 3724 Nolite
1060 3670 1211 3724 vobis
1235 3670 1405 3724 dicere
1434 3678 1633 3740 patrem
1669 3669 1726 3722 in
1771 3677 1926 3722 terra.

336 3764 531 3836 Utique
576 3761 735 3816 scivit
762 3760 1029 3816 dicturum
1074 3759 1400 3829 apostolum.
1452 3758 1554 3812 Per
1594 3757 1932 3830 Evangeliutn

335 3872 428 3927 ego
452 3871 539 3910 vos
566 3854 736 3925 genui.
767 3852 886 3909 Non
916 3852 1059 3907 enim
1105 3850 1341 3906 Domino
1370 3850 1588 3906 dicente
1614 3864 1629 3905 :
1663 3848 1748 3904 Ne
1792 3848 1932 3902 vobis

337 3945 519 4005 dicatis
548 3947 815 4020 patremin
838 3955 1004 4012 terra,
1037 3944 1346 4002 contrarius
1366 3943 1580 4000 futurus
1629 3950 1747 4000 erat
1785 3941 1929 4013 Apo-

335 4044 512 4101 stolus
536 4042 724 4098 dicens
767 4059 780 4095 :
807 4036 922 4095 Etsi
951 4040 1139 4095 multos
1167 4038 1394 4094 habeatis
1421 4046 1611 4108 patres,
1641 4052 1731 4111 per
1757 4033 1931 4090 Evan-

335 4137 523 4209 gelisim
544 4151 637 4207 ego
665 4149 750 4190 vos
777 4130 946 4206 genui.
974 4131 1083 4188 Sed
1101 4131 1224 4201 quia
1254 4129 1501 4185 distinxit
1524 4130 1592 4185 ad
1623 4140 1781 4201 quam
1811 4140 1927 4183 rem

339 4236 544 4302 patrem
577 4228 732 4283 nobis
751 4225 1096 4282 constituerit
1119 4224 1400 4291 Dominus,
1423 4231 1478 4278 et
1500 4237 1596 4293 pro
1622 4234 1726 4294 qua
1756 4220 1931 4277 hono-

339 4321 602 4378 rillcentia
626 4334 747 4375 eum
774 4316 1077 4390 apostolum
1100 4326 1387 4386 possemus
1416 4322 1628 4388 patrem
1660 4315 1929 4386 accipere,

336 4413 458 4470 ideo
480 4414 559 4470 sic
576 4415 787 4469 locutus
810 4421 914 4479 est,
942 4420 996 4465 ut
1016 4409 1134 4480 ejus
1162 4408 1333 4464 oratio
1351 4420 1456 4464 non
1489 4417 1632 4464 esset
1658 4410 1930 4465 contraria

334 4508 626 4565 Dominica:
641 4508 877 4566 veritati.
904 4508 1090 4563 Patres
1110 4504 1272 4579 igitur
1304 4518 1672 4576 quoscumque
1694 4516 1929 4576 agnosco

2038 3308 2413 3379 sponsionem,
2443 3305 2569 3360 dum
2602 3314 2784 3362 tamen
2806 3307 3065 3364 Ecclesiae
3085 3321 3271 3375 causa,
3289 3308 3374 3363 cui
3403 3320 3635 3378 resp0n-

2035 3400 2151 3456 deri
2181 3399 2313 3454 u'ihil
2342 3399 2612 3469 potest,in
2636 3398 2988 3457 fundamento
3012 3402 3279 3457 tutissimo
3294 3403 3632 3457 conlocetur.

2035 3490 2172 3563 Ego,
2201 3491 2353 3560 cujus
2374 3490 2745 3546 ordinatorem
2771 3492 3009 3564 requiris
3036 3492 3201 3549 homo
3225 3508 3344 3549 sum
3370 3493 3636 3549 Christia-

2034 3598 2157 3650 nus,
2183 3582 2380 3647 ﬁdelis,
2402 3581 2546 3653 quod
2571 3583 2682 3639 Deo
2718 3591 2855 3640 teste
2882 3585 3095 3655 loquor,
3125 3584 3456 3642 Catholicus.
3481 3586 3634 3643 Unde

2034 3676 2212 3732 adhuc
2239 3670 2562 3744 ambigimus
2589 3676 2711 3745 quis
2729 3674 2925 3747 dignus
2955 3679 3057 3732 hoc
3089 3679 3307 3734 nomine
3337 3679 3629 3733 vocitetur.

2037 3768 2149 3837 Ego
2168 3766 2312 3821 illam
2344 3764 2639 3820 Ecclesium
2656 3766 2916 3835 defendo,
2951 3767 3089 3823 hanc
3109 3782 3298 3825 assero
3327 3771 3632 3842 qualicum-

2032 3873 2139 3930 qne
2150 3868 2303 3926 voce,
2322 3857 2373 3912 iu
2389 3870 2491 3927 qua
2511 3857 2766 3928 quidquid
2782 3858 2960 3926 fuero,
2975 3860 3061 3915 illa
3078 3860 3318 3917 Ecclesia
3336 3873 3439 3919 est.
3459 3863 3632 3920 Video

2032 3967 2141 4025 quo
2165 3951 2373 4018 lendas,
2407 3950 2672 4006 humanas
2697 3952 2997 4009 calumnias
3026 3958 3395 4022 consectarls;
3430 3964 3485 4012 et
3510 3972 3631 4027 qua:

2032 4044 2253 4102 soleatis
2278 4045 2490 4116 jactare
2510 4052 2566 4099 et
2584 4043 2794 4111 dicere,
2820 4060 2926 4101 non
2951 4048 3185 4103 alienum
3213 4057 3295 4104 est
3320 4051 3388 4104 ab
3409 4048 3629 4105 auribus

2033 4137 2168 4194 vela
2188 4137 2445 4193 cordibus
2471 4138 2693 4192 nostris.
2724 4138 2984 4208 Megalius
3007 4154 3094 4193 me
3122 4140 3397 4197 ordinavit
3424 4142 3629 4211 primas

2032 4228 2297 4286 Ecclesia:
2315 4224 2901 4299 Numiditecatholictu.
2930 4246 2995 4284 eo
3018 4239 3260 4302 tempore
3288 4242 3396 4301 quo
3423 4226 3518 4288 ille
3539 4248 3628 4288 me

2030 4321 2209 4394 potuit
2249 4320 2523 4377 ordinare.
2558 4320 2699 4377 Ecce
2727 4322 3005 4392 respondi.
3052 4323 3412 4396 hosequcre,
3446 4325 3629 4397 proter

2031 4428 2152 4486 quae
2177 4424 2471 4487 prmparas.
2497 4413 2575 4470 lbi
2597 4415 2757 4470 etiam
2782 4414 3151 4471 calumniosus
3171 4428 3453 4487 apparens.
3486 4414 3627 4474 Ecce

2030 4512 2138 4570 dixi
2171 4511 2536 4568 ordinaturem
2563 4518 2764 4565 meum.
2798 4509 2990 4566 Profer
3007 4510 3117 4581 j‘am
3150 4511 3451 4568 calumnias
3480 4519 3622 4565 tuas.

332 4601 386 4658 in
404 4612 566 4670 terra,
585 4601 1014 4659 lionoriilcentitc
1026 4614 1193 4657 causa
1220 4610 1475 4669 agnosco.
1500 4597 1710 4655 Patrem
1733 4597 1925 4654 salutis
1950 4594 2003 4663 Ι)
2030 4605 2097 4662 Et
2118 4605 2224 4661 alia
2253 4616 2428 4660 manu.
2460 4590 2796 4674 RecognoVi.

294 4702 297 4703 '
332 4708 466 4751 mere
510 4710 619 4753 non
651 4704 813 4754 teneo
858 4697 961 4751 nisi
994 4696 1188 4762 Deum,
1233 4695 1302 4751 de
1330 4709 1436 4765 quo
1481 4692 1611 4749 mihi
1667 4694 1925 4749 Dominus

330 4788 504 4845 dixit:
532 4787 617 4845 Ne
636 4789 776 4845 vobis
804 4800 1002 4861 patrem
1024 4789 1207 4844 dicatis
1228 4789 1282 4842 in
1305 4798 1460 4855 terra,
1484 4794 1539 4843 et
1565 4789 1652 4855 qui
1683 4788 1924 4859 quotidie
1951 4850 1959 4858 ,

327 4880 557 4938 dicimus
591 4901 606 4939 :
640 4881 799 4938 Pater
846 4891 1017 4938 noster
1042 4880 1132 4953 qui
1158 4892 1212 4936 es
1231 4881 1286 4936 in
1316 4879 1475 4936 cretis.
1512 4879 1578 4935 Et
1607 4880 1713 4935 alia
1743 4888 1919 4936 niani.

328 4967 657 5046 Recognovi.

398 5064 529 5123 243.
574 5064 864 5123 Petilianus
906 5068 1173 5141 episcopus
1218 5064 1370 5123 dixit.
1420 5064 1551 5134 Quis
1580 5064 1784 5121 dicitur
1832 5064 1925 5136 qui

328 5176 454 5217 eum
482 5161 791 5218 ordinavit?
824 5162 975 5217 Dicat
1020 5161 1140 5233 quis
1188 5172 1311 5218 eum
1358 5162 1649 5217 ordinavit.
1702 5157 1771 5215 Et
1814 5160 1923 5215 alia

328 5272 509 5310 manu.
563 5254 861 5311 Politianus
912 5256 1199 5326 cpiscopus
1243 5252 1610 5327 appellatione
1661 5253 1921 5310 incolumi

329 5344 640 5419 recognovi.
676 5342 1012 5404 Marcellinus
1037 5350 1114 5404 vir
1140 5348 1456 5404 clarissimus
1486 5348 1722 5403 tribunus
1750 5358 1796 5403 et
1823 5364 1919 5403 no-

330 5440 493 5495 tarius
517 5438 670 5495 dixit.
694 5439 982 5497 Ordinatur
1007 5442 1124 5512 ejus
1147 5441 1454 5512 inquiritur.
1478 5437 1632 5497 Unde
1656 5440 1779 5512 quis
1794 5435 1917 5497 eum

329 5531 666 5589 ordinat'erit
708 5533 1014 5589 evidentius
1055 5532 1387 5603 designetur.
1422 5530 1696 5609 Possidius
1726 5533 1925 5604 episco-

334 5640 428 5698 pus
456 5622 704 5682 Ecclesia:
732 5626 1003 5682 catholica:
1032 5626 1183 5680 dixit.
1217 5622 1425 5693 Quem?

402 5714 535 5778 244.
585 5718 994 5779 Fortunatianu‘s
1042 5720 1313 5793 episcopus
1362 5712 1611 5783 Ecclesia:
1666 5720 1934 5785 catholicas

335 5808 490 5897 dixit.
520 5810 661 5907 Quid
683 5808 751 5885 ad
773 5812 993 5886 caueam
1021 5813 1289 5903 pertineat
1318 5806 1565 5897 veritatis
1588 5820 1933 5909 uniuscujus.

2097 4696 2231 4755 2l8.
2281 4688 2613 4752 Marcellinus
2634 4697 2711 4752 vir
2739 4695 3053 4750 clarissimus
3074 4696 3306 4750 tribunus
3324 4704 3374 4751 et
3394 4695 3625 4750 notarius

2030 4791 2181 4845 dixit.
2211 4789 2481 4859 Accepisti
2520 4784 2971 4858 proscctitionem.
3011 4786 3166 4843 Unde
3195 4787 3321 4858 quid
3352 4792 3627 4857 competat

2029 4880 2361 4952 respondere
2379 4879 2624 4951 dignare,
2655 4879 2781 4935 licet
2803 4879 2918 4934 haec
2942 4892 3063 4949 quas
3087 4878 3154 4933 de
3178 4878 3423 4949 personis
3450 4884 3622 4950 agun-

2033 4983 2142 5040 tur,
2179 4973 2541 5044 cognitionem
2568 4971 2789 5028 diﬂ‘erre
2814 4986 2922 5027 non
2953 4971 3209 5028 debeant.

2100 5065 2228 5121 249.
2281 5065 2542 5121 Emerilus
2589 5065 2860 5135 episcopus
2903 5063 3057 5119 dixit.
3090 5063 3147 5120 Si
3179 5063 3323 5120 nulla
3354 5071 3439 5118 est
3482 5058 3624 5118 actio

2032 5172 2408 5233 personarum,
2434 5174 2532 5213 cur
2555 5156 2828 5212 Caeciliani
2857 5156 2907 5211 in
2935 5156 3139 5227 judicio
3167 5156 3372 5213 iaciunt
3390 5155 3623 5212 mentio-

2033 5253 2199 5310 nem?
2228 5253 2334 5310 Aut
2377 5251 2522 5307 enim
2566 5251 2712 5321 juste
2741 5251 2953 5317 timent,
2982 5249 3125 5321 quod
3159 5265 3282 5306 eum
3308 5248 3623 5305 desiderant

2028 5361 2295 5406 excusare
2316 5358 2331 5412 ;
2360 5353 2452 5400 aut
2477 5345 2519 5401 si
2544 5343 2811 5415 superﬂua
2836 5342 2978 5401 actio
2995 5345 3254 5400 adversus
3271 5341 3619 5398 Caecilianum

2030 5444 2232 5500 intenta
2281 5440 2476 5496 liberat
2506 5452 2710 5505 mores,
2744 5438 2905 5493 vitam
2937 5447 3152 5509 purgat,
3181 5437 3283 5491 hoc
3324 5437 3498 5506 ipsum
3529 5434 3622 5488 de-

2026 5535 2159 5592 bent
2205 5533 2471 5607 legalibns
2521 5529 2845 5588 teatimoniis
2896 5531 3221 5601 approbare.
3265 5524 3505 5581 Dicimus
3544 5533 3625 5579 ct-

2033 5630 2177 5685 enim
2205 5628 2390 5684 multis
2409 5625 2677 5698 legalibus
2701 5623 3067 5691 documentis,
3096 5618 3440 5678 sacerdotum
3471 5616 3620 5682 villa,

2035 5730 2099 5780 ac
2121 5720 2411 5794 probrosos
2432 5724 2636 5807 mores,
2655 5726 2708 5776 et
2724 5718 2979 5787 periurium
2998 5711 3490 5777 conversationem,
3510 5720 3630 5766 ma-

2046 5821 2225 5897 culant
2264 5824 2358 5899 aut
2386 5826 2592 5909 rugam
2619 5807 2905 5904 Eetiésitp
2945 5822 3163 5909 pemper
3211 5810 3430 5906 inferre.
3480 5810 3633 5887 Uttdg
