4134 6186
566 291 706 351 14οἸ

1496 291 1725 352 casn
1764 278 2224 352 COLLATIONIS
2261 290 2891 356 CARTHAGINENSIS.

3727 300 3879 358 “08

565 416 713 474 enim
747 413 1001 487 estquod
1042 414 1342 488 Apostolus
1381 414 1501 471 ait:
1538 412 1664 471 Non
1692 415 1958 471 habentem
1988 431 2164 470 macu-
2188 417 2238 479 Α
2267 416 2409 486 quod
2469 418 2561 471 oni
2619 416 2754 486 parti
2806 415 3154 472 concesserit.
3206 414 3274 471 Et
3325 432 3444 471 cum
3493 417 3759 484 recitaret,

568 510 675 565 lam
705 525 862 580 neque
896 525 1099 581 rugam.
1130 509 1200 565 Et
1229 508 1427 564 iterum
1458 526 1472 564 :
1504 507 1716 579 Oportet
1751 509 2049 581 episcOpum
2090 508 2164 561 ir-

567 600 1012 669 repreltensibilem
1032 602 1177 657 esse?
1192 601 1374 657 Multis
1389 601 1550 658 etiam
1575 600 1912 659 documentis
1925 602 2011 657 lex
2029 600 2165 657 divi-

569 707 636 747 na
649 691 986 756 diffunditur,
1002 693 1198 763 quibus
1217 693 1561 748 immaculata
1589 693 1695 749 vita
1716 693 1949 763 pastoris
1969 692 2166 749 debeat

566 785 876 842 cmicstibos
903 786 1228 842 testimoniis
1256 786 1563 857 approbari.
1608 785 1716 842 Sed
1747 801 1817 842 ne
1856 800 1954 857 per
1993 786 2165 858 longi-

569 879 809 936 tudinem
848 879 1249 951 prosecutionis
1295 880 1585 936 audientiae
1626 879 1899 937 fastidium
1941 879 2159 947 faciam,

563 984 660 1030 aut
688 974 831 1030 forte
851 983 1173 1045 praeteream
1198 989 1317 1045 qote
1341 983 1656 1045 competunt
1676 988 1876 1041 causze,
1907 974 2159 1045 quoniam

567 1066 833 1124 habemus
859 1067 911 1121 in
945 1067 1194 1123 manibus
1220 1066 1524 1123 divinorum
1556 1076 2017 1122 sacramentorum
2048 1065 2162 1122 col-

564 1160 759 1217 lectam
793 1159 1033 1232 undique
1064 1160 1509 1229 ouilormitatem,
1542 1159 1779 1231 idipsom
1803 1169 2043 1229 potestas
2072 1170 2161 1215 tua

564 1251 857 1308 adversum
902 1266 1091 1307 eorum
1136 1251 1473 1318 mandatum,
1499 1251 1641 1322 quod
1669 1251 1912 1323 legaliter
1940 1266 2000 1307 se
2027 1251 2162 1308 scri-

563 1346 737 1417 psisse
753 1346 1026 1413 dixerunt,
1043 1346 1233 1415 jubeat
1247 1346 1480 1413 recitari,
1507 1354 1566 1401 ut
1594 1356 1717 1416 pest
1728 1345 1889 1418 313
1903 1345 2164 1401 adsertio-

562 1454 684 1494 nem
703 1446 904 1495 nostra:
917 1439 1307 1509 prosecutionis
1326 1439 1723 1509 lectionemque
1738 1440 1924 1505 libelli,
1940 1439 2054 1494 sive
2070 1438 2160 1493 lit—

559 1540 796 1589 terarum
813 1545 948 1603 quas
974 1531 1026 1586 in
1041 1531 1245 1602 judicio
1260 1531 1493 1601 petimus
1510 1530 1891 1595 recensendas;
1908 1531 2161 1587 universa

555 1640 678 1697 quae
707 1626 908 1681 nostris
928 1626 1170 1698 partibus
1217 1633 1555 1694 competunt,
1589 1624 1899 1695 specialiter
1938 1639 2162 1696 peraga-

558 1735 699 1775 mus.
733 1718 802 1776 Et
827 1720 933 1775 alia
958 1736 1139 1775 manu.
1172 1718 1447 1776 Emeritos
1472 1716 1763 1790 episcopos
1787 1718 1935 1773 salva
1964 1717 2157 1790 appel-

554 1810 759 1867 latione
785 1812 1098 1882 recognovi.

627 1904 756 1960 250.
798 1904 1140 1962 Marcellinus
1182 1908 1261 1962 vir
1288 1906 1607 1962 clarissimus
1639 1904 1876 1961 tribunus
1919 1912 1967 1958 et
2004 1912 2156 1957 nola-

555 1996 666 2052 rius
705 1986 858 2054 dixit.
891 1997 1159 2054 Constare
1198 1998 1417 2070 quidem
1467 1999 1720 2070 primitus
1763 1996 2063 2063 volueram,
2099 2003 2158 2051 ut

555 2089 680 2160 quis
710 2089 830 2145 loco
859 2090 1110 2160 petitoris
1140 2090 1401 2156 adstaret,
1432 2107 1497 2146 ex
1534 2090 1854 2147 recitatione
1875 2098 2153 2161 gestorum

554 2180 965 2239 evidentissime
988 2192 1406 2240 monstraretur.
1441 2183 1551 2241 Sed
1581 2184 1627 2238 si
1657 2184 1820 2240 vultis
1847 2183 1917 2239 ab
1941 2182 2043 2240 hac
2069 2197 2158 2239 me

555 2285 714 2346 parte
735 2274 1040 2344 discedere,
1072 2276 1354 2334 evidenter
1378 2276 1653 2334 ostendite
1681 2285 1822 2333 utea
1850 2292 1971 2347 qua:
1998 2274 2158 2333 offer-

557 2368 650 2436 tis,
682 2366 919 2424 debeant
946 2370 1184 2426 recitari.

628 2460 757 2518 251.
805 2460 1085 2517 Montanus
1112 2462 1385 2533 episcopus
1414 2463 1565 2518 dixit.
1597 2461 1827 2535 interim
1854 2461 1985 2532 jube
2015 2461 2156 2518 reci-

561 2555 687 2622 tari,
716 2564 802 2619 ,et
851 2556 1324 2625 respondebimus.
1372 2556 1443 2611 Et
1490 2556 1597 2611 alia
1639 2573 1817 2611 manu.
1870 2556 2158 2613 Montanos

559 2646 850 2718 episcopos
862 2648 1011 2702 salva
1030 2649 1398 2718 appellatione
1420 2650 1853 2720 prosecutionem
1872 2666 2045 2707 meam
2070 2666 2158 2708 re-

517 2779 534 2792 .
558 2739 807 2810 cognovi.
844 2737 1185 2796 Marcellinus
1213 2742 1290 2796 uir
1319 2743 1636 2798 clarissimus
1665 2743 1900 2799 tribunus
1933 2755 1980 2800 et
2010 2755 2158 2801 nota-

560 2833 670 2886 rius
719 2831 871 2886 dixit.
921 2833 1259 2889 Reciteutur.
1313 2833 1571 2889 Romulus
1622 2846 1859 2910 exceptor
1906 2838 2157 2893 recitavit.

560 2924 752 2981 Flavio
781 2924 1101 2982 Marcellino
1149 2928 1267 2982 viro
1296 2926 1602 2983 clarissimo
1632 2929 1916 2999 spectabili
1945 2931 2162 2986 tribuno

560 3029 617 3074 et
661 3020 874 3077 notario
899 3021 1262 3079 Januariauus
1305 3034 1360 3079 ct
1406 3026 1587 3081 cit-teri
1636 3027 1875 3097 episcopi
1918 3030 2163 3083 veritatis

559 3112 863 3179 catholicae,
897 3130 1022 3187 qua:
1051 3116 1492 3185 persecutionem
1524 3119 1746 3188 patitur,
1789 3133 1896 3175 non
1931 3136 2052 3191 qua:
2080 3119 2162 3174 fa-

2336 508 2465 565 255.
2498 508 2756 564 Emeritos
2782 509 3051 577 episcopus
3085 510 3235 564 dixit.
3275 509 3392 564 Non
3425 510 3575 579 legit,
3609 526 3722 564 non
3753 509 3875 567 dis-

2267 601 2464 672 tinguit
2484 616 2697 657 sensus.
2732 601 2802 656 Et
2826 602 2929 657 alia
2951 618 3128 656 manu.
3157 602 3431 658 Emeritos
3460 603 3755 673 episcOpus
3790 619 3877 663 re-

2264 693 2514 765 cognovi.

2337 787 2467 843 256.
2502 786 2822 859 Augustinus
2846 790 3115 859 episcopus
3142 787 3394 845 Ecclesia
3420 789 3697 844 catholica
3716 790 3873 845 dixit.

2266 880 2371 951 Ipsi
2406 881 2605 949 legant.
2652 880 3023 936 Concedamos
3054 882 3133 935 eis
3162 880 3304 950 quod
3338 881 3441 951 ipsi
3473 882 3633 938 nobis
3670 896 3879 938 conce-

2267 972 2397 1028 dere
2429 972 2738 1028 uolueruut.
2774 972 3108 1028 Marcellinus
3156 973 3232 1027 vir
3269 973 3597 1028 clarissimus
3637 974 3879 1029 tribunus

2266 1077 2314 1121 et
2337 1066 2571 1120 notarius
2596 1066 2749 1121 dixit.
2784 1064 3152 1121 Ecclesiastici
3190 1064 3386 1119 notarii
3417 1079 3483 1119 ea
3517 1065 3795 1135 relegant,
3823 1073 3881 1120 ut

2267 1159 2509 1228 apertius
2530 1158 2863 1229 designetur,
2889 1174 3009 1228 qua:
3048 1175 3075 1210 ιι
3109 1157 3518 1212 venerabilibus
3550 1157 3690 1212 viris
3746 1172 3882 1212 coo-

2265 1260 2376 1305 stztt
2424 1252 2629 1305 oblata.
2666 1249 2936 1305 Possidius
2988 1251 3254 1324 episwpus
3305 1248 3566 1306 Ecclesite
3595 1252 3880 1313 catholica

2266 1345 2415 1402 dixit.
2451 1346 2837 1416 Scriptutn_sit
2872 1348 3015 1417 ipsos
3063 1349 3283 1416 petisse,
3318 1355 3379 1402 nt
3409 1361 3442 1400 ιι
3487 1348 3606 1403 suis
3643 1350 3881 1405 notariis

2263 1449 2415 1510 gesta
2439 1455 2558 1509 quae
2586 1424 2869 1511 proferunt
2888 1439 3205 1496 recitentur.
3230 1436 3308 1493 Et
3336 1439 3447 1493 alia
3488 1457 3674 1496 manu.
3703 1442 3885 1499 Reco-

2264 1532 2448 1603 gnovi.
2495 1531 2835 1586 Marcellinus
2876 1532 2953 1586 vir
2979 1532 3303 1587 clarissimus
3343 1533 3593 1587 tribunus
3634 1546 3685 1588 et
3728 1545 3883 1589 nota.

2263 1624 2372 1680 rius
2409 1625 2562 1681 dixit.
2605 1624 2747 1681 Nihil
2777 1626 3003 1680 interest
3050 1640 3081 1679 a
3128 1641 3234 1695 quo
3265 1626 3617 1696 relegantur.
3659 1626 3877 1684 Petilia-

2262 1734 2359 1773 nus
2386 1719 2658 1789 episc0pus
2686 1719 2837 1774 dixit.
2868 1718 2982 1774 Non
3012 1718 3081 1774 de
3111 1718 3216 1773 fide
3244 1718 3535 1776 dubitatur
3567 1723 3756 1788 ofﬁcii,
3778 1723 3878 1779 sed

2188 1818 2238 1878 Β
2262 1809 2332 1866 de
2364 1812 2827 1881 pronuntiatione.
2862 1810 2924 1866 Et
2953 1812 3061 1868 alia
3098 1828 3277 1867 manu.
3322 1813 3638 1871 Petilianns
3667 1820 3878 1887 episco-

2260 1918 2358 1973 pus
2381 1904 2693 1973 recognovi.

2329 1997 2459 2054 257.
2506 1998 2845 2054 Marcellinus
2878 1999 2954 2054 vir
2995 2000 3316 2056 clarissimus
3343 2003 3594 2061 tribunus
3643 2015 3693 2060 et
3729 2018 3875 2061 nota-

2257 2092 2369 2146 rius
2395 2091 2548 2146 dixit.
2578 2089 2861 2161 Superiloa
2897 2102 2979 2148 est
3011 2092 3111 2147 ista
3140 2094 3415 2150 causatio.
3453 2095 3635 2163 Unde,
3669 2107 3729 2153 ot
3750 2097 3872 2153 dili-

2258 2184 2476 2254 gentius
2505 2182 2687 2237 omnia
2715 2194 3136 2254 cognoscantur,
3173 2186 3243 2241 ab
3281 2188 3685 2246 ecclesiasticis
3715 2201 3870 2246 nota-

2260 2276 2357 2330 riis
2395 2275 2538 2346 quod
2581 2274 2822 2331 oblatum
2868 2286 2953 2332 est
3000 2278 3281 2334 recitetor.
3327 2280 3554 2352 Alypius
3591 2284 3870 2353 episcopus

2262 2367 2512 2425 Ecclesia!
2535 2370 2803 2425 catholicis
2842 2370 2990 2425 dixit.
3038 2369 3277 2443 Legator
3304 2374 3741 2431 concedentibus
3773 2394 3873 2433 oo-

2264 2463 2370 2532 bis,
2401 2465 2547 2536 qood
2575 2466 2672 2532 ipsi
2703 2465 2859 2522 nobis
2884 2466 3185 2522 concedere
3216 2466 3543 2524 noluerunt.
3575 2468 3871 2527 Habetdetu

2262 2556 2531 2629 episcopus
2547 2558 2697 2613 dixit.
2732 2557 2843 2628 Ego
2873 2559 3012 2628 lego.
3046 2558 3391 2615 Marcellinus
3428 2564 3511 2615 uir
3546 2562 3872 2619 clarissimus

2260 2649 2498 2704 tribunus
2518 2661 2566 2705 et
2591 2651 2821 2704 notarius
2842 2652 2993 2706 dixit.
3025 2650 3189 2723 Lege.

2333 2740 2462 2797 958.
2499 2741 2795 2797 Habctdeus
2835 2744 3103 2813 episcopus
3132 2743 3287 2799 dixit.
3324 2744 3527 2801 Flavio
3561 2748 3871 2804 Marcellino

2259 2832 2379 2887 viro
2408 2834 2712 2889 clarissimo
2752 2844 2807 2889 et
2851 2836 3134 2904 spectabili
3165 2836 3390 2892 tribuno
3419 2849 3480 2895 et
3525 2844 3762 2908 notario,
3784 2841 3873 2898 Ja—

2264 2926 2556 2981 nuarianus
2582 2934 2638 2981 et
2661 2928 2840 2983 exteri
2868 2928 3112 2999 episcopi
3139 2929 3387 2984 veritatis
3411 2931 3727 2999 catholicae,
3749 2949 3870 3004 qua:

2261 3018 2698 3088 persecutionem
2748 3021 2968 3089 patitur,
3022 3036 3128 3076 non
3173 3038 3298 3092 qote
3341 3024 3495 3082 facit.
3547 3025 3686 3094 Quia
3733 3026 3870 3096 apud

2264 3120 2383 3166 acta
2413 3113 2709 3169 nobilitatis
2733 3123 2838 3169 tua:
2860 3113 3121 3185 fratribus
3148 3116 3498 3188 collegisque
3546 3121 3750 3174 nostris
3777 3118 3871 3188 de—

559 3205 653 3260 cit.
684 3205 821 3272 Quia
849 3209 990 3277 apud
1020 3216 1142 3263 acta
1193 3210 1490 3281 nobilitatis
1541 3221 1647 3269 tua:
1686 3211 1949 3268 fratribus
1987 3214 2158 3270 colle-
2186 3196 2234 3260 C
2266 3204 2566 3260 fensiouem
2595 3205 2990 3274 mandavimus,
3021 3222 3274 3279 magnum
3295 3207 3433 3278 justi
3467 3211 3767 3281 cognituris
3790 3212 3868 3265 iu-

558 3298 755 3371 gisqoe
779 3301 982 3358 nostris
1007 3302 1379 3360 defensionem
1411 3304 1803 3362 mandavimus.
1837 3305 1908 3363 Et
1932 3323 2048 3362 cum
2074 3323 2157 3362 re-

560 3394 771 3459 citaret,-

634 3482 763 3538 252.
805 3483 1143 3542 Marcellinus
1175 3489 1255 3542 vir
1301 3490 1623 3545 clarissimus
1652 3492 1885 3546 tribunus
1926 3503 1975 3547 et
2005 3504 2155 3549 nota-

562 3576 675 3632 rius
699 3576 853 3632 dixit.
887 3578 1157 3646 Quantum
1186 3595 1254 3636 ex
1274 3582 1442 3638 istius
1470 3582 1718 3653 epistolae
1737 3601 1858 3656 qua:
1887 3586 2159 3657 profertur

564 3669 847 3740 principiis
883 3671 1310 3739 demenstratur,
1343 3672 1525 3731 denuo
1560 3675 1706 3731 aliud
1742 3677 1900 3733 video
1940 3694 2158 3749 proces-

562 3762 701 3818 sisse
726 3763 1062 3833 mandatum,
1095 3780 1219 3822 cum
1250 3776 1371 3837 post
1396 3769 1864 3827 confirmationem
1897 3789 2157 3843 persona—

563 3869 708 3921 rum,
748 3870 812 3910 ea
852 3859 1033 3912 omnia
1071 3874 1192 3929 quae
1225 3861 1468 3929 partibus
1504 3873 2021 3933 competunh'estro
2060 3881 2157 3922 no-

564 3946 712 4002 mine
754 3948 1046 4003 debuerint
1078 3950 1295 4018 jodiciis
1346 3953 1603 4021 intimari,
1643 3956 1899 4026 quoniam
1939 3958 2009 4013 ab
2050 3958 2158 4014 illis

565 4046 696 4110 posI
716 4037 1032 4096 mandatum
1069 4042 1240 4098 semel
1269 4041 1493 4110 factum,
1530 4053 1746 4102 constat
1772 4050 2030 4106 transisse
2057 4066 2155 4108 ne-

555 4133 786 4206 gotium.

601 4225 764 4283 .253.
794 4225 1055 4284 Emeritos
1093 4230 1364 4303 episcopus
1389 4230 1546 4288 dixit.
1583 4233 1641 4290 ιιι
1672 4234 1928 4292 mandato
1954 4252 2054 4293 suo
2080 4238 2159 4295 le-

558 4317 699 4387 galia
731 4335 959 4392 quisque
1003 4337 1063 4379 se
1091 4327 1336 4393 posuisse
1364 4323 1638 4383 dixerunt.
1682 4328 1812 4385 Haec
1854 4330 2044 4387 eadem
2076 4331 2158 4388 le-

558 4413 699 4481 galia
753 4426 853 4469 nos
907 4415 1194 4485 scripturis
1252 4419 1515 4490 legalibus
1569 4422 1961 4479 convincimus.
2009 4423 2154 4479 Nihil

559 4503 768 4575 absque
800 4504 1056 4562 mandato
1096 4517 1198 4563 est.
1232 4511 1428 4566 Imont
1468 4512 1798 4571 audientiam
1842 4518 2153 4585 prxstantia

2262 3296 2466 3355 dicium
2498 3308 2604 3367 est,
2636 3299 2781 3371 quod
2827 3301 2920 3355 oni
2970 3300 3109 3371 parti
3149 3303 3521 3371 concesserit,
3565 3305 3725 3360 alteri
3768 3320 3866 3360 non

2262 3405 2483 3464 negare,
2514 3408 2580 3448 ne
2607 3393 2695 3447 oui
2721 3395 2857 3462 parti
2886 3393 3090 3461 favere,
3128 3396 3356 3451 alteram
3394 3412 3654 3467 premi-re
3690 3399 3864 3454 videa-

2262 3489 2369 3538 tur.
2402 3482 2557 3553 Quod
2586 3492 2637 3539 te
2659 3500 2756 3555 pro
2795 3493 2885 3541 tua
2923 3486 3207 3556 prudentia
3238 3497 3295 3543 et
3318 3488 3488 3560 longe
3533 3494 3861 3562 prospicere,

2261 3582 2318 3629 et
2345 3575 2555 3644 longius
2596 3576 2855 3632 condecet
2882 3593 3210 3648 prxcavere,
3241 3585 3493 3637 maxime
3536 3599 3666 3638 cum
3706 3598 3869 3653 popo-

2263 3665 2346 3721 los
2384 3669 2578 3724 edictis
2606 3669 2797 3724 invites
2826 3669 2892 3726 de
2936 3670 3227 3727 audientize
3271 3682 3381 3729 tua:
3410 3675 3710 3732 libramine
3730 3677 3867 3747 judi-

2261 3774 2407 3816 care.
2464 3761 2770 3818 Adversarii
2824 3764 2987 3835 igitur
3035 3765 3323 3822 traditores
3379 3779 3865 3840 perseeutoresqoe

2262 3855 2435 3909 nostri
2462 3870 2584 3911 cmn
2618 3857 2992 3913 elucubratum
3021 3860 3270 3916 volumen
3314 3862 3401 3917 sui
3453 3864 3723 3928 mandati,
3750 3864 3864 3919 dio-

2261 3963 2367 4016 qoe
2392 3961 2709 4019 conceptum
2748 3959 2801 4005 et
2831 3952 3136 4022 expositum
3182 3954 3321 4009 actis
3374 3954 3715 4025 ingererent,
3749 3957 3862 4011 sine

2262 4038 2580 4109 pricjudicio
2627 4042 2878 4111 equidem
2923 4053 3105 4098 nostro
3147 4043 3384 4101 libenter
3435 4047 3656 4103 audisti.
3704 4048 3863 4115 Quod

2262 4143 2320 4187 ut
2351 4132 2477 4189 huic
2507 4136 2751 4205 epistola:
2799 4147 3000 4194 nostra:
3042 4137 3333 4206 concedas,
3369 4140 3644 4211 impendio
3664 4152 3863 4213 postn-

2262 4227 2460 4284 lamus.
2485 4228 2603 4284 Non
2622 4246 2727 4301 quo
2756 4231 2969 4288 illorum
2997 4247 3164 4302 prava
3197 4250 3568 4308 perversaque
3586 4236 3868 4292 doctrina

2262 4335 2363 4377 nos
2392 4331 2614 4388 terreat,
2658 4323 2752 4379 sed
2803 4340 2872 4381 ne
2917 4324 3069 4381 labor
3113 4325 3185 4381 sit
3208 4325 3590 4403 defensoribus
3626 4328 3865 4395 nostris,

2259 4423 2449 4470 contra
2477 4414 2674 4470 librum
2718 4415 2930 4472 illorum
2957 4417 3249 4487 prolixum,
3277 4427 3334 4473 et
3371 4431 3561 4475 contra
3594 4434 3868 4489 prosecu-

2260 4510 2436 4566 tiones
2457 4525 2649 4566 eorum
2679 4510 2991 4583 conﬂigere,
3022 4526 3146 4567 cum
3191 4528 3292 4568 nec
3335 4514 3454 4570 dies
3495 4523 3643 4569 totos
3678 4528 3869 4570 causa

560 4606 651 4655 tua
681 4599 942 4671 praebeat,
971 4601 1075 4659 hoc
1112 4619 1387 4675 rogamus.
1420 4604 1490 4661 Et
1527 4607 1635 4662 alia
1665 4625 1841 4664 manu.
1884 4609 2154 4665 Emeritos
2182 4600 2233 4660 D
2258 4603 2513 4671 sufficiat,
2549 4619 2651 4659 nec
2678 4620 2781 4660 vos
2805 4612 2899 4659 aut
2926 4605 3096 4660 latera
3125 4604 3455 4671 defensioni,
3487 4617 3543 4660 ot
3574 4606 3715 4662 liber
3742 4621 3870 4662 com

559 4691 847 4763 episcopos
874 4694 1022 4750 salva
1063 4692 1428 4766 appellatione
1466 4701 1779 4771 recognovi.
1816 4699 2155 4759 Marcellinus

558 4784 633 4838 vir
671 4785 989 4842 clarissimus
1033 4789 1268 4843 tribunus
1317 4799 1367 4845 et
1406 4792 1638 4846 notarius
1677 4793 1830 4849 dixit.
1879 4793 1997 4849 Non
2038 4792 2156 4852 haec

563 4878 790 4946 proferri
820 4878 1101 4948 prohibui;
1127 4881 1223 4937 sed
1265 4883 1467 4938 rectius
1497 4892 1616 4939 erat
1643 4895 1699 4940 ut
1726 4894 1908 4942 vestro
1935 4888 2155 4944 nomine

559 4970 649 5039 qui
681 4970 966 5037 adsistitis,
998 4973 1391 5043 proferrentur.
1421 4974 1675 5032 Emeritus
1698 4978 1970 5051 episcopus
1994 4980 2150 5035 dixit.

559 5060 697 5116 Cum
726 5064 869 5119 :u-tio
908 5064 1064 5131 nobis
1092 5076 1385 5138 competat,
1433 5069 1702 5140 scriptura
1741 5070 1975 5126 mandati
2018 5071 2152 5126 nihil

562 5154 810 5221 interest,
844 5166 1023 5214 utrum
1052 5175 1118 5217 ex
1160 5173 1345 5217 nostra
1377 5178 1604 5230 persona
1644 5179 1713 5220 an
1744 5180 1812 5220 ex
1842 5179 2030 5221 eorum
2061 5165 2154 5236 qui

561 5246 954 5305 mandaverunt
1000 5251 1345 5328 [proferatur]
1374 5255 1668 5312 dummodo
1707 5256 1809 5313 hoc
1850 5259 2024 5329 ipsum
2070 5259 2159 5327 jo-

562 5340 691 5397 beas
714 5342 955 5398 recitari.
982 5342 1051 5399 Et
1074 5346 1181 5401 alia
1203 5364 1381 5403 manu.
1406 5348 1676 5408 Emeritos
1696 5349 1983 5422 episcopos
2005 5351 2153 5406 salva

558 5434 923 5505 appellatione
952 5439 1260 5510 recognovi.

630 5525 761 5584 254.
807 5526 1146 5586 Marcellinus
1184 5533 1264 5587 vir
1291 5535 1613 5590 clarissimus
1642 5533 1876 5590 tribunus
1916 5545 1965 5591 et
2006 5544 2157 5591 nota-

561 5620 674 5677 rius
702 5620 856 5677 dixit.
894 5621 1229 5678 Recitentur.
1270 5624 1385 5694 Ego
1411 5628 1579 5693 enim,
1613 5642 1681 5681 ne
1727 5627 1871 5695 quod
1899 5626 2035 5696 juris
2069 5643 2155 5683 es-

560 5724 646 5770 set
686 5717 1016 5786 amitterem,
1047 5718 1099 5774 id
1126 5717 1313 5775 videor
1343 5719 1647 5776 interfatus.
1682 5720 1936 5777 Romulus
1975 5736 2155 5793 excep-

561 5816 642 5863 tor
674 5810 925 5866 recitavit.
959 5812 1207 5883 Magnum
1246 5813 1379 5884 justi
1408 5814 1707 5888 cognitoris
1755 5815 2013 5875 indicium
2047 5824 2152 5885 est,

2257 4698 2420 4766 libro,
2449 4708 2504 4753 et
2539 4697 2783 4753 defensio
2811 4714 2933 4753 cum
2978 4697 3296 4755 defensione
3340 4711 3652 4755 concertet.
3680 4700 3871 4768 Quare

2258 4792 2423 4864 igitur
2455 4790 2596 4847 hanc
2622 4792 2905 4861 epistolam
2946 4800 3186 4846 nostram
3214 4792 3448 4862 petimus
3489 4792 3670 4861 accipi
3702 4802 3871 4864 atque

2259 4884 2426 4940 inseri
2452 4884 2665 4955 iubeas,
2701 4892 2828 4940 tunc
2874 4882 3071 4938 deinde
3117 4897 3339 4940 causam
3371 4884 3565 4938 audire
3597 4885 3865 4953 digneris.

2257 4975 2568 5031 Adversarii
2596 4975 2742 5030 enim
2794 4976 2964 5029 nostri
3005 4974 3248 5030 decursis
3288 4975 3623 5030 testimoniis
3669 4976 3871 5046 quibus

2261 5065 2508 5123 Ecclesia
2534 5082 2657 5123 cum
2686 5066 2845 5123 laude
2883 5069 2964 5121 sui
2995 5066 3190 5137 ubique
3229 5065 3579 5135 diffunditur,
3616 5068 3670 5122 id
3720 5069 3872 5137 prius

2258 5159 2516 5214 mandant
2567 5160 2679 5215 suis
2714 5159 3087 5215 defensoribus
3128 5158 3525 5229 peragendum,
3572 5171 3635 5214 ut
3673 5171 3874 5215 contra

2260 5267 2383 5318 nos,
2431 5252 2524 5323 qui
2555 5251 2815 5307 Ecclesia:
2846 5250 3189 5308 defendimus
3218 5252 3530 5321 puritatem,
3560 5252 3673 5307 isto
3704 5252 3873 5308 modo

2261 5354 2446 5413 agant,
2475 5354 2534 5399 ot
2575 5343 2821 5399 eamdem
2868 5343 3162 5399 Ecclesium
3198 5344 3506 5398 habituram
3540 5344 3597 5399 io
3644 5361 3710 5402 se
3744 5362 3868 5415 perv

2260 5437 2460 5493 mixtos
2483 5435 2645 5492 simul
2673 5435 2846 5491 bonos
2871 5444 2926 5489 et
2955 5436 3127 5489 malos
3164 5451 3334 5505 usque
3366 5437 3420 5489 in
3453 5436 3623 5491 tinem
3651 5438 3867 5498 seculi,

2262 5527 2446 5583 dicant
2470 5540 2591 5582 esse
2623 5525 2957 5597 pra-dictam.
2989 5523 3158 5596 Cujus
3188 5528 3267 5582 rei
3296 5542 3515 5582 causam
3563 5544 3671 5583 nos
3700 5532 3871 5601 inagis

2268 5620 2604 5677 ostendimus
2646 5620 2938 5676 Ecclesiam
2988 5620 3200 5676 Domini
3244 5621 3296 5676 in
3330 5621 3629 5697 scripturis
3668 5625 3869 5679 divinis

2261 5725 2502 5773 sanetam
2530 5722 2586 5770 et
2616 5715 3009 5769 immaculatam
3032 5712 3146 5769 fore
3172 5714 3368 5785 ubique
3396 5716 3735 5771 nuntiatam.
3772 5716 3870 5771 Per

2256 5811 2474 5870 Esaiam
2493 5826 2507 5865 :
2524 5805 2759 5880 Exsurge
2787 5807 2939 5876 Sion,
2955 5809 3113 5866 indue
3127 5809 3485 5880 fortitudinem
3499 5820 3651 5865 tuens
3668 5810 3866 5867 Hiero-
