4134 6186
277 264 419 321 1409

1217 265 1442 324 GESTA
1481 264 1941 325 COLLATIONIS
1976 266 2602 329 CARTHAGINENSIS.

3469 292 3612 356 1410

271 378 454 438 solent,
481 375 661 428 civitas
687 385 894 442 sancta,
926 393 1028 431 non
1057 378 1266 451 adjiciet
1288 382 1508 436 transire
1529 397 1620 450 per
1647 391 1692 436 te
1714 383 1876 436 iucir-
1907 389 1953 450 Α
1981 383 2159 439 bolam
2208 386 2338 440 illud
2387 403 2608 458 quoque
2660 385 2964 447 adversarii
3010 396 3377 474 subjungunt,
3426 411 3612 478 paleas

271 468 531 521 cumcisus
557 475 606 522 et
631 467 936 521 immundus
985 468 1118 542 (Isa.
1153 471 1270 541 Lit).
1300 473 1367 528 Et
1407 474 1599 529 iterum
1637 492 1648 527 :
1686 473 1784 529 Dic
1813 477 1878 544 fi—

272 561 360 616 lia!
389 560 520 617 Sion
555 577 573 615 :
604 559 742 614 Ecce
782 562 874 615 tibi
907 562 1153 618 Salvator
1179 566 1432 631 adveniet,
1465 569 1656 622 habens
1687 585 1878 624 merce-

270 657 386 710 dem
414 664 460 710 et
489 671 618 726 opus
655 664 774 708 ante
799 655 988 724 faciem
1025 673 1192 724 suam,
1219 668 1268 714 et
1297 660 1493 714 vocabit
1522 660 1670 714 illum
1699 678 1872 731 popu-

272 747 378 802 lum
399 757 635 802 sanctum
648 747 973 817 redemptum
999 765 1031 800 α
1056 748 1298 805 Domino.
1319 751 1394 806 Tu
1415 763 1586 807 autem
1613 754 1872 808 vocaberis

270 840 566 895 desiderata
606 842 807 907 civitas,
831 851 882 896 et
911 857 1013 896 non
1057 842 1298 898 derelicta
1321 843 1454 917 (Isa.
1484 847 1644 916 an).
1680 846 1748 900 Et
1775 848 1874 902 ite-

268 949 391 989 rum
418 951 431 987 :
457 933 839 1003 Confortamini
870 951 1052 988 manus
1076 935 1368 1003 dissolutae,
1399 946 1448 992 et
1484 955 1650 1009 genua
1681 938 1874 993 debilia

271 1026 660 1096 confortatnini.
713 1025 815 1091 Qui
858 1025 981 1079 estis
1030 1025 1408 1095 pusillanimes,
1463 1029 1619 1082 nolite
1672 1030 1867 1084 timere.

271 1117 525 1173 Dominus
561 1126 730 1172 noster
747 1117 1016 1190 judicium
1058 1116 1319 1181 retribuet,
1355 1130 1400 1173 et
1436 1120 1546 1190 ipse
1592 1120 1776 1185 veniet,
1825 1130 1873 1175 et

271 1209 440 1264 salvos
473 1209 626 1280 faciet
657 1225 771 1263 nos.
821 1207 971 1262 Tunc
1016 1210 1311 1276 aperientur
1342 1211 1479 1264 oculi
1517 1226 1794 1278 caecorum,
1826 1222 1874 1265 et

270 1302 722 1356 aures'surdorum
751 1301 986 1359 audient.
1015 1300 1174 1370 plana
1198 1304 1291 1356 erit
1319 1304 1500 1373 lingua
1524 1313 1802 1368 mutorum,
1825 1317 1872 1360 et

272 1393 489 1448 claudus
528 1395 678 1448 saliet
708 1395 840 1448 sicut
885 1410 1065 1448 cervus
1093 1410 1111 1447 :
1141 1399 1381 1464 quoniam
1406 1406 1558 1464 rupta
1586 1405 1662 1450 est
1702 1397 1756 1450 in
1785 1393 1874 1450 de-

269 1493 403 1540 serto
440 1502 596 1555 aqua,
645 1497 694 1539 et
725 1489 844 1555 fons
893 1488 945 1541 in
993 1497 1130 1541 terra
1177 1489 1372 1543 sitienti
1406 1488 1541 1561 (Isa.
1589 1493 1776 1560 tum).
1811 1492 1875 1544 Et

267 1576 508 1645 adjecit:
539 1575 662 1631 Illic
687 1578 770 1632 via
814 1578 1010 1632 munda
1045 1590 1092 1632 et
1134 1591 1313 1635 sancta
1341 1582 1604 1635 vocabitur
1638 1598 1656 1634 :
1684 1591 1732 1635 et
1773 1599 1874 1636 non

266 1667 504 1720 transibit
533 1668 641 1722 illic
667 1669 986 1734 immundus,
1018 1686 1181 1740 neque
1203 1675 1299 1727 erit
1327 1673 1437 1726 illic
1466 1674 1546 1725 via
1578 1673 1866 1727 immunda.

1981 489 2102 529 cum
2133 474 2423 531 frtnuentis
2451 479 2660 534 debere
2701 478 2864 536 simul
2892 483 2947 538 in
2981 485 3234 546 Ecclesia
3262 474 3605 563 permanere.

1980 566 2134 633 Quod
2169 567 2470 626 llieremias
2513 573 2840 638 repercutit,
2885 575 3078 634 dicens
3109 599 3122 634 :
3158 585 3301 648 Quid
3347 592 3512 660 paleis
3539 596 3610 650 ad

1978 659 2338 728 frumentum?
2369 661 2436 715 Et.
2476 661 2685 717 Paulus
2714 669 2996 735 apostolus
3023 688 3036 724 :
3072 673 3204 741 Quae
3228 659 3490 748 particula
3532 697 3610 742 est

1979 753 2102 823 ﬁdei
2143 771 2257 808 cum
2296 755 2524 824 inﬁdeli,
2584 766 2676 810 aut
2721 777 2839 831 qua:
2867 769 3160 823 communio
3192 772 3298 826 luci
3345 776 3417 829 ad
3467 789 3608 834 tene-

1979 846 2099 900 bras
2132 845 2175 918 (l
2201 845 2323 902 Cor.
2358 845 2484 919 Vl)?
2521 847 2598 902 Et
2651 848 2911 910 Salomon
2948 873 2961 910 :
2996 857 3059 913 Si
3102 867 3495 923 communicabit
3525 871 3609 926 lu—

1979 957 2077 1034 pus
2116 957 2267 1034 agno
2296 941 2624 1034 aliquando,
2672 945 2746 1019 sic
2795 959 3032 1018 peccator
3059 954 3208 1023 justo
3238 956 3426 1028 (Ecclt.
3459 963 3600 1034 xm).

1979 1030 2168 1087 Pisces
2200 1032 2364 1088 etiam
2394 1033 2589 1090 bonos
2621 1046 2677 1092 et
2719 1040 2896 1096 malos
2931 1059 3037 1099 uno
3065 1048 3299 1104 reticulo
3331 1069 3499 1124 usque
3535 1030 3605 1113 ad

1979 1122 2156 1190 littus,
2184 1122 2236 1178 id
2274 1132 2382 1192 est,
2409 1123 2608 1195 justas
2648 1138 2704 1184 et
2731 1129 2960 1202 injustas
2987 1149 3157 1206 usque
3186 1138 3240 1194 in
3261 1122 3443 1208 gﬁnem
3489 1162 3600 1202 ste-

1979 1214 2088 1272 culi
2120 1215 2282 1271 simul
2309 1218 2594 1274 contineri
2631 1229 2686 1277 et
2714 1225 2958 1291 protrahi
2989 1229 3333 1298 conlirmant,
3373 1250 3477 1288 non
3513 1237 3599 1292 in-

1979 1319 2199 1366 tuentes
2230 1311 2335 1368 hoc
2372 1313 2444 1370 de
2473 1316 2588 1371 reis
2619 1317 2910 1373 latentibus
2931 1321 3156 1387 dictum,
3181 1327 3433 1394 quoniam
3463 1331 3596 1385 reti—

1979 1407 2161 1462 culum
2200 1407 2254 1462 in
2288 1409 2424 1465 mari
2456 1411 2692 1479 positum
2725 1413 2852 1482 quid
2895 1413 3093 1470 habeat
3132 1432 3160 1470 a
3205 1420 3587 1491 piscatoribus,

1981 1499 2033 1554 id
2063 1510 2168 1567 est,
2196 1516 2225 1556 a
2272 1504 2673 1571 sacerdotibus,
2708 1507 3007 1577 ignoratur,
3051 1509 3226 1567 donec
3273 1524 3582 1572 extractum

1979 1590 2047 1645 ad
2081 1591 2231 1647 littus
2267 1595 2333 1648 ad
2364 1599 2742 1668 purgationem
2789 1599 2916 1653 boni
2958 1614 3053 1656 seu
3088 1603 3214 1658 mali
3259 1608 3580 1675 prodantur.

1979 1685 2057 1739 lla
2102 1693 2158 1739 ct
2187 1686 2414 1744 latentes
2441 1699 2496 1746 et
2526 1690 2580 1744 in
2621 1690 2858 1745 Ecclesia
2891 1693 3194 1761 constituti,
3235 1704 3291 1751 et
3325 1713 3356 1752 a
3401 1715 3587 1756 sacer-

264 1755 441 1861 Etiam
466 1758 576 1812 illic
599 1775 703 1861 non
733 1760 825 1812 erit
856 1760 952 1823 leo,
981 1778 1145 1832 neque
1169 1771 1235 1817 ea:
1259 1765 1433 1818 bestiis
1456 1763 1605 1861 malis
1630 1764 1870 1861 ascendet
1899 1783 1946 1843 Β
1973 1778 2191 1840 ἀοιῑιωε
2221 1782 2478 1851 ignorati,
2508 1783 2562 1838 in
2603 1782 2798 1838 divino
2818 1783 3026 1854 judicio
3053 1755 3271 1855 proditi,
3304 1797 3581 1861 tamquam

262 1852 315 1904 in
343 1851 456 1913 illa,
489 1867 649 1920 neque
677 1852 998 1906 invenientur
1023 1855 1076 1907 in
1102 1856 1218 1921 illa,
1260 1857 1352 1910 sed
1378 1853 1710 1909 ambulabunt
1757 1856 1870 1909 illic

260 1943 509 2014 redempti
539 1954 587 1997 et
615 1942 783 1997 electi.
816 1942 898 1998 De
925 1961 1026 2015 qua
1056 1947 1111 1999 in
1161 1946 1394 2002 Canticis
1430 1945 1760 2001 Canticorum
1808 1965 1871 2001 ea:

259 2054 482 2110 persona
513 2037 719 2090 Domini
756 2041 1003 2110 scriptum
1033 2053 1107 2094 est
1133 2058 1153 2096 :
1182 2041 1318 2097 Tota
1348 2042 1583 2117 speciosa
1622 2059 1693 2104 es,
1723 2057 1870 2096 soror

258 2148 392 2199 mea,
443 2140 492 2184 et
537 2129 864 2200 reprehensio
905 2149 1004 2186 non
1053 2145 1131 2188 est
1178 2143 1234 2190 tu
1277 2146 1328 2191 te
1364 2134 1543 2210 (Cant.
1572 2132 1671 2204 tv).
1712 2133 1865 2201 Quod

255 2225 460 2282 Paulus
505 2225 779 2293 apostolus
813 2227 1155 2294 apertissime
1190 2227 1608 2284 demonstravit
1636 2226 1822 2280 dicens
1851 2243 1863 2280 :

255 2317 488 2376 Christus
532 2317 712 2372 dilexit
759 2316 1076 2385 Ecclesium,
1139 2331 1186 2374 et
1240 2322 1594 2391 semetipsum
1653 2317 1868 2372 tradidit

255 2423 465 2484 propter
491 2427 622 2474 eam,
650 2420 702 2464 ut
742 2428 851 2464 eam
888 2413 1248 2483 sanetiﬁraret,
1285 2430 1544 2488 purgans
1581 2428 1694 2466 eam
1721 2410 1863 2464 lava-

255 2524 340 2562 cro
369 2522 516 2578 aqua:
533 2508 588 2561 in
616 2505 782 2574 verbo,
814 2515 859 2561 et
897 2509 1183 2582 adjungens
1211 2511 1319 2566 sibi
1358 2511 1653 2586 gloriosam
1685 2506 1864 2561 Eccle-

254 2604 382 2657 sium
411 2619 512 2657 non
539 2601 802 2656 habentem
826 2602 1076 2656 maculant
1107 2619 1268 2672 neque
1296 2621 1521 2677 rugam,
1552 2609 1644 2656 aut
1670 2600 1867 2670 aliquid

255 2695 529 2766 ejusmodi,
556 2695 645 2750 sed
671 2708 899 2748 sanctam
927 2704 972 2747 et
1005 2695 1404 2750 immaculatum
1437 2693 1663 2769 (Ephes.
1694 2691 1766 2764 ν).
1799 2692 1866 2746 Et

256 2788 454 2844 iterum
481 2806 494 2842 :
530 2787 846 2860 Desponsavi
873 2787 1003 2841 enim
1033 2804 1117 2841 vos
1150 2788 1233 2840 uni
1273 2791 1394 2845 viro
1426 2788 1564 2859 virgi
1610 2801 1687 2841 em
1714 2801 1868 2840 sanc-

258 2886 364 2933 tam
392 2880 655 2952 assignare
679 2877 880 2933 Christo
903 2878 972 2951 (ιι
997 2876 1112 2933 Cor.
1140 2878 1238 2952 χι).
1267 2879 1368 2936 liis
1393 2899 1525 2952 ergo
1560 2889 1637 2934 tot
1664 2888 1717 2932 et
1746 2889 1864 2932 tan-

264 2975 333 3029 tis
363 2973 705 3030 documentis
731 2972 798 3028 de
827 2972 1082 3028 Ecclesia:
1123 2975 1384 3042 puritate,
1416 2991 1538 3047 qua:
1572 2988 1671 3044 per
1708 2972 1869 3040 Spiri-

263 3076 376 3123 tum
402 3049 846 3136 promittebatur,
877 3065 1074 3137 spretis
1099 3076 1260 3138 atque
1285 3068 1648 3140 contemptis,
1692 3066 1867 3120 malos

265 3254 671 3310 similitudinem
716 3255 1146 3324 incompetenter
1199 3252 1474 3319 alirmant,
1517 3271 1643 3310 cuin
1695 3254 1862 3321 ipsam

266 3346 675 3408 similitudinem
733 3346 990 3401 Dominus
1034 3345 1422 3416 interpretatus
1470 3348 1538 3400 sit
1590 3344 1866 3414 Apostolis

266 3439 381 3494 suis
407 3439 632 3493 dicens:
666 3437 768 3503 Qui
799 3439 1014 3492 seminat
1042 3438 1230 3492 bonum
1269 3455 1461 3500 semen,
1493 3440 1636 3508 ﬁlius
1664 3447 1736 3491 est
1773 3437 1867 3491 ho—

267 3531 443 3585 minis.
472 3531 606 3603 Ager
627 3543 797 3585 autem
836 3545 906 3586 est
945 3532 1029 3586 hic
1055 3533 1297 3600 mundus,
1353 3534 1539 3586 bonum
1571 3542 1740 3585 autem
1785 3548 1865 3586 se-

269 3639 387 3676 men
425 3625 464 3677 ii
507 3633 633 3677 sunt
655 3623 754 3693 ﬁlii
783 3624 948 3694 regni,
991 3624 1194 3678 zizania
1221 3634 1389 3678 autem
1419 3625 1518 3692 ﬁlii
1548 3636 1666 3678 sunt
1713 3625 1864 3678 mali-

267 3718 378 3788 gni,
409 3717 649 3771 inimicus
677 3726 849 3772 autem
869 3717 956 3787 qui
982 3719 1199 3772 seminat
1225 3735 1282 3772 ea
1305 3717 1471 3790 314
1490 3720 1726 3776 diabolus
1746 3729 1822 3776 est
1845 3735 1865 3784 ;

266 3813 446 3866 messis
474 3821 646 3864 autem
672 3815 1051 3867 consummatio
1078 3813 1274 3876 steculi,
1306 3829 1557 3868 messores
1578 3825 1751 3870 autem
1770 3833 1867 3869 an-

266 3908 371 3979 geli
410 3916 526 3962 sunt
553 3909 769 3978 (Matth.
819 3911 957 3980 xm).
993 3909 1062 3965 Et
1106 3920 1320 3966 caetera.
1359 3911 1515 3983 Ager,
1562 3911 1755 3981 inquit,
1791 3923 1866 3967 est

265 3999 512 4054 mundus.
543 3999 657 4055 Non
681 4017 810 4072 ergo
836 4001 1102 4066 Ecclesia.
1135 4003 1228 4059 sed
1254 4003 1508 4067 mundus,
1535 4004 1587 4058 in
1610 4021 1718 4076 quo
1737 4007 1861 4062 boni

268 4091 430 4147 simul
461 4104 513 4150 et
547 4093 669 4148 mali
716 4111 883 4166 usque
911 4094 1024 4167 [ad]
1056 4111 1312 4160 messem,
1357 4097 1408 4150 id
1455 4106 1559 4161 est,
1597 4114 1766 4168 usque
1797 4099 1861 4153 ad

269 4184 510 4240 divinum
547 4186 808 4254 judicium
857 4197 1223 4243 reservantur.
1273 4189 1406 4256 Quia
1452 4204 1553 4243 nec
1604 4198 1783 4259 potest
1836 4207 1864 4242 a

273 4280 503 4335 Domino
557 4281 907 4351 interpretata
947 4281 1056 4337 imo
1115 4296 1486 4351 corrumpere.
1513 4281 1778 4349 Quoniam
1819 4284 1864 4338 si

270 4373 526 4442 apostoli,
558 4374 724 4443 ipsius
753 4374 962 4430 Domini
994 4373 1240 4441 comites,
1273 4374 1325 4428 in
1355 4372 1598 4428 Ecclesia
1636 4372 1860 4439 zizania,

270 4465 328 4522 id
357 4477 439 4521 est
468 4467 606 4522 ﬁlios
633 4467 835 4523 diaboli
859 4466 1209 4537 pullulantes,
1255 4465 1308 4520 in
1346 4475 1657 4521 sanctorum
1708 4481 1859 4521 com.

1973 1871 2152 1940 pisces
2183 1875 2330 1938 mali,
2356 1890 2384 1926 a
2413 1884 2724 1930 sanctorum
2755 1876 3031 1932 consortio
3060 1891 3406 1949 separantur,
3437 1884 3582 1940 sicut

1972 1963 2236 2021 Dominus
2277 1967 2330 2021 in
2357 1967 2657 2038 Evangelia
2694 1970 2762 2025 de
2791 1969 2976 2027 latenti
3004 1987 3102 2028 reo
3131 1976 3220 2042 qui
3253 1992 3349 2046 per
3377 1979 3580 2049 obrep-

1969 2055 2174 2114 tionem
2223 2060 2540 2116 sacerdotes
2590 2062 2876 2130 fefellerat,
2912 2081 3008 2135 per
3047 2066 3273 2138 ﬁguram
3318 2071 3576 2142 l0quitur,

1969 2149 2156 2205 dicens
2191 2169 2204 2205 :
2233 2151 2474 2218 Intrans,
2504 2153 2699 2223 inquit,
2731 2173 2822 2212 rea;
2849 2159 3018 2213 videre
3043 2163 3415 2226 recumbentes.
3449 2167 3582 2221 vidit

1967 2241 2079 2296 illic
2106 2245 2362 2300 hominem
2397 2261 2500 2299 non
2526 2245 2797 2302 habentem
2842 2253 3194 2308 vestimentum
3242 2260 3494 2328 nuptiale,
3526 2271 3578 2314 et

1968 2336 2041 2388 ait
2067 2336 2149 2390 illi
2179 2353 2197 2390 :
2223 2337 2424 2405 Amice,
2456 2343 2710 2408 quomodo
2758 2342 2856 2399 huc
2895 2348 3117 2403 venisti?
3143 2348 3244 2405 Ille
3271 2361 3442 2408 autem
3487 2353 3581 2407 ob-

1968 2429 2175 2496 mutuit,
2204 2438 2254 2482 et
2277 2430 2414 2484 dixit
2442 2447 2535 2485 rea:
2561 2434 2812 2492 ministris
2832 2439 2939 2493 suis
2969 2456 2988 2495 .'
3012 2442 3224 2513 Auferte
3250 2445 3400 2499 illum
3431 2446 3580 2516 pedi-

1967 2519 2059 2574 bus
2081 2531 2132 2576 et
2163 2521 2425 2587 manibus,
2457 2533 2504 2578 et
2526 2526 2706 2582 mittite
2734 2529 2884 2585 illum
2913 2532 2967 2585 in
3003 2533 3233 2590 tenebras
3253 2538 3535 2594 exteriores
3555 2554 3574 2593 :

1967 2613 2078 2666 illic
2113 2614 2206 2667 erit
2233 2613 2466 2685 ploratio
2510 2628 2557 2672 et
2590 2621 2781 2676 stridor
2809 2624 3038 2680 dentium
3069 2627 3291 2696 (Matth.
3322 2629 3442 2701 xu).
3472 2632 3574 2686 Se-

1967 2705 2199 2761 cundum
2241 2706 2390 2764 banc
2434 2711 2597 2782 igitur
2638 2717 2928 2786 rationem,
2959 2719 3156 2776 frustra
3197 2721 3453 2779 dixerunt
3477 2725 3578 2780 bo-

1968 2812 2067 2854 nos
2095 2807 2320 2870 propter
2347 2804 2523 2860 malos
2568 2808 2832 2880 sacrilega
2860 2813 3204 2882 separatione
3231 2831 3337 2871 non
3365 2817 3572 2883 deseri,
3627 2804 3642 2816 ’

1967 2888 2063 2944 sed
2112 2889 2286 2945 malos
2319 2903 2542 2965 propter
2585 2898 2754 2954 bonos
2795 2902 2878 2972 pia
2927 2905 3132 2960 unitate
3163 2905 3405 2974 tolerari,
3447 2895 3572 2966 cum

1970 2992 2190 3052 propter
2218 2983 2359 3041 hanc
2389 2987 2667 3056 profanam
2699 2997 3112 3064 pet-mixtionem
3144 3003 3480 3059 commoveri
3511 3014 3568 3060 et

1967 3072 2361 3142 Sejunctioncm
2392 3083 2681 3139 maximam
2713 3101 3005 3156 provocare
3034 3091 3140 3146 alio
3164 3092 3287 3150 loco
3310 3094 3574 3153 Dominus

263 3162 318 3215 in
367 3160 456 3214 illa
499 3161 641 3216 inter
668 3159 840 3213 bonos
888 3174 1007 3214 esse
1045 3174 1356 3227 mansuros,
1391 3178 1489 3232 per
1530 3160 1863 3215 zizaniorum
1896 3178 1941 3242 ρ
1972 3165 2284 3238 indignatus
2324 3176 2596 3232 ostendat.
2637 3179 2746 3234 Pro
2777 3199 2854 3249 eo,

2902 3183 3098 3255 inquit,
3140 3190 3279 3257 quod
3305 3195 3446 3263 facta
3496 3203 3573 3247 est

1969 3259 2095 3312 mihi
2141 3263 2308 3315 omnis
2339 3264 2523 3322 domus
2554 3267 2722 3326 Israel
2763 3277 3060 3346 permixtio,
3109 3295 3285 3336 omnes
3305 3259 3574 3340 peramen-

1970 3360 2098 3421 tum,
2126 3365 2416 3427 argentum,
2443 3364 2659 3430 ferrum,
2690 3376 2932 3423 stannum
2976 3382 3023 3425 et
3057 3373 3346 3446 plumbum,
3378 3381 3431 3433 in
3463 3397 3572 3436 me-

1968 3443 2054 3497 dio
2082 3449 2273 3502 camini
2297 3450 2528 3506 ardentis
2559 3458 2892 3528 permixtum,
2932 3443 3205 3534 propterea
3247 3443 3392 3525 dicit.
3437 3471 3572 3530 Haec

1968 3541 2092 3595 dicit
2121 3541 2395 3600 Dominus.
2440 3546 2662 3619 Propter
2687 3554 2826 3622 quod
2851 3557 2979 3626 facti
3003 3560 3124 3614 estis
3155 3578 3331 3618 onmes
3360 3567 3414 3620 in
3450 3585 3569 3638 per-

1968 3634 2216 3692 mixtione
2245 3654 2370 3704 una,
2405 3640 2520 3710 ideo
2566 3645 2758 3716 recipio
2787 3661 2876 3701 vos
2912 3650 2966 3702 in
2997 3653 3164 3706 medio
3217 3634 3564 3715 Hierusalem.

1971 3727 2118 3783 Sicut
2158 3731 2402 3802 recipitur
2448 3746 2808 3805 (crumentum,
2856 3753 3130 3810 argentum
3171 3753 3216 3798 et
3261 3751 3480 3817 ferrum,
3520 3762 3569 3806 et

1967 3831 2208 3876 stantium
2234 3833 2279 3878 et
2316 3824 2583 3894 plumbum
2622 3829 2674 3881 in
2720 3831 2891 3886 medio
2937 3835 3150 3904 contini,
3180 3838 3248 3891 ad
3280 3839 3564 3911 insufﬂau-

1968 3915 2089 3969 dum
2115 3917 2167 3971 in
2208 3919 2336 3990 igni,
2356 3929 2410 3973 ut
2429 3924 2704 3992 con/letor,
2738 3925 2811 3980 ita
2851 3929 3095 3999 recipiam
3121 3945 3209 3986 vos
3237 3934 3290 3988 in
3323 3938 3402 3991 ira
3428 3954 3563 4000 mea.

1968 4017 2014 4060 et
2035 4011 2388 4078 concremabo,
2421 4021 2469 4066 et
2497 4014 2781 4087 insttf/Iabo
2807 4018 2863 4073 in
2886 4035 2971 4075 vos
2997 4023 3406 4094 insufﬂationem
3431 4030 3566 4100 ignis

1967 4101 2059 4154 ira:
2089 4119 2234 4169 metu,
2268 4114 2314 4158 et
2345 4107 2785 4178 con/labiminijn
2814 4114 2984 4166 medio
3010 4117 3142 4186 ejus,
3172 4129 3220 4171 et
3246 4121 3418 4176 scietis
3443 4125 3566 4194 quia

1968 4209 2059 4263 ego
2097 4211 2210 4247 sum
2246 4193 2522 4270 Dominus,
2556 4200 2644 4267 qui
2689 4200 2850 4267 e/I'udi
2894 4204 3026 4256 iram
3077 4223 3242 4263 nteant
3279 4227 3435 4283 super
3478 4231 3566 4269 vos

1970 4285 2186 4354 (Ezech.
2218 4287 2374 4357 χχιι).
2411 4286 2616 4344 Contra
2647 4290 2764 4346 bare
2810 4301 2865 4349 et
2908 4296 3034 4350 talia
3077 4300 3273 4368 quibus
3318 4303 3564 4362 Ecclesia

1968 4375 2063 4432 Dei
2092 4393 2118 4430 a
2145 4379 2602 4437 contaminatione
2624 4385 3017 4453 permixtorum
3042 4389 3442 4451 immundbrum
3466 4397 3562 4454 de-
3605 4392 3608 4396 Α

1967 4469 2222 4538 tenditur,
2244 4472 2449 4527 clarum
2479 4483 2563 4529 est
2613 4475 2910 4534 adversarii
2963 4498 3066 4552 qua
3098 4488 3429 4545 conscientia
3463 4508 3563 4562 pa-

271 4562 528 4616 munionc
555 4561 907 4618 dimittendos
937 4576 1060 4618 esse
1089 4559 1426 4628 didicissent,
1460 4576 1750 4628 numquam
1778 4560 1865 4618 Si-
1890 4566 1943 4627 1)
1968 4565 2300 4619 trocinantes
2327 4566 2602 4623 erroribus
2628 4570 2799 4626 malos
2821 4572 2999 4629 nolint
3043 4590 3071 4629 a
3103 4577 3372 4637 bonorum
3412 4559 3565 4641 com-

271 4671 512 4721 manem,
557 4656 832 4723 Erastnm,
883 4655 1141 4722 Filetum,
1183 4653 1574 4718 Alexandrum,
1632 4653 1858 4719 Deman,

271 4745 688 4818 Hermogenem,
724 4756 1064 4818 czeterosque
1109 4745 1445 4810 consimiles,
1491 4743 1751 4800 Ecclesiae
1797 4745 1864 4798 li-

269 4842 508 4898 minibus
536 4839 839 4910 ejecissent.
880 4839 1014 4907 lmo,
1045 4840 1092 4896 si
1133 4840 1205 4896 ita
1237 4847 1404 4906 esset,
1433 4846 1653 4894 vacaret
1691 4847 1859 4892 totum

269 4934 602 5005 prmconium
653 4933 1038 5002 scripturarum
1079 4931 1409 4997 divinarum,
1458 4946 1565 5002 quo
1600 4929 1862 5002 jubentur

269 5027 458 5100 polluti
491 5042 522 5082 e
549 5025 727 5081 medio
757 5035 1070 5082 sanctorum
1100 5024 1444 5080 sacerdotum
1473 5023 1749 5095 diligentia
1773 5039 1860 5079 se-

270 5124 490 5192 parari,
541 5120 754 5175 dicente
808 5120 1036 5174 Domino
1077 5135 1175 5190 per
1221 5119 1456 5191 llloysem
1484 5135 1498 5173 :
1531 5117 1861 5189 Legitimum,

271 5213 462 5283 inquit,
504 5223 749 5268 (sternam
794 5211 849 5264 in
891 5212 1155 5284 progenies
1198 5221 1414 5276 vestras,
1465 5210 1690 5264 dividere
1731 5212 1863 5265 inter

269 5320 474 5365 sanctos
513 5314 559 5359 et
590 5308 836 5375 profanos
861 5345 874 5367 ,
904 5305 1038 5358 inter
1074 5307 1295 5360 mundos
1346 5315 1392 5358 et
1432 5305 1721 5358 immundos
1748 5303 1862 5373 (Le-

267 5401 358 5454 vit.
387 5398 467 5464 x).
500 5395 654 5464 Quod
685 5395 812 5449 alibi
847 5396 1148 5466 neglectum
1179 5397 1232 5451 in
1261 5411 1489 5465 persona
1519 5395 1859 5451 sacerdotum

270 5491 511 5562 Spiritus
559 5490 817 5558 increpat,
865 5488 1102 5545 dicens:
1139 5488 1442 5544 Sacerdotes
1495 5493 1609 5563 ejus
1659 5488 1862 5562 repule-

267 5594 391 5642 runt
417 5585 579 5653 legem
608 5598 792 5647 meam,
825 5581 1171 5652 profanabant
1195 5591 1372 5636 sancta
1399 5598 1530 5647 mea,
1561 5584 1694 5638 inter
1715 5601 1864 5639 mun-

270 5679 394 5734 dum
422 5685 469 5730 et
500 5675 821 5728 immundum
851 5690 954 5728 non
993 5672 1304 5740 dividebant,
1327 5683 1378 5727 et
1401 5674 1532 5728 inter
1555 5686 1790 5731 sanctum
1815 5688 1862 5732 et

272 5773 527 5846 pollutum
541 5785 640 5824 non
661 5769 971 5843 separabant
999 5765 1214 5839 (Ezech.
1244 5763 1398 5837 χιιι).
1428 5766 1509 5826 Ad
1538 5769 1676 5825 hanc
1699 5785 1857 5841 para.

1969 4656 2223 4713 munione
2244 4656 2501 4714 discerni.
2532 4659 2846 4732 Sequuntur
2875 4664 3018 4720 enim
3048 4671 3392 4740 apertissime
3421 4676 3568 4733 blas-

1967 4747 2308 4817 phemantes,
2355 4760 2414 4806 nt
2456 4752 2640 4808 dicant
2667 4754 2970 4812 Ecclesiam
3025 4762 3292 4820 malorum
3323 4767 3565 4838 delictis,

1966 4842 2126 4897 etiam
2157 4843 2564 4900 utauil‘estorum
2595 4861 2700 4902 non
2733 4863 2896 4918 posse
2923 4853 3204 4924 maculari,
3235 4858 3562 4920 adhibentes

1968 4937 2215 5006 exempla
2245 4940 2656 5009 prophetarum,
2683 4944 2774 5014 qui
2812 4942 2935 5001 licet
2960 4946 3310 5020 increparent
3339 4970 3433 5010 eos
3462 4972 3561 5028 pro

1967 5027 2204 5094 delictis,
2239 5038 2418 5085 tamen
2466 5045 2526 5086 se
2574 5033 2643 5087 ab
2669 5033 2750 5088 eis
2794 5037 3157 5106 corporaliter
3187 5059 3292 5098 non
3340 5027 3562 5118 separa-

1967 5127 2115 5185 runt,
2148 5135 2270 5175 cum
2315 5120 2664 5177 ostendamus
2697 5122 2856 5195 longe
2883 5127 3029 5183 aliud
3062 5130 3228 5190 fuisse
3255 5134 3388 5192 illud
3422 5147 3562 5196 tem-

1967 5226 2065 5280 pus
2113 5211 2167 5264 in
2221 5225 2328 5280 quo
2362 5211 2710 5281 frequentare
2760 5215 3085 5285 baptismum
3141 5227 3301 5281 toties
3347 5229 3563 5298 quoties

1962 5304 2281 5374 peccabant,
2317 5306 2783 5374 permittebantur.
2813 5307 3018 5367 Tamen
3067 5314 3232 5372 etiam
3281 5321 3360 5374 sic
3401 5320 3558 5378 inve-

1966 5398 2189 5453 niuntur
2238 5397 2413 5453 eidem
2469 5403 2748 5471 prophetae
2788 5418 2817 5456 a
2867 5402 3129 5462 malorum
3176 5416 3561 5472 communione

1965 5506 2024 5545 se
2053 5491 2404 5556 abstinuisse,
2435 5495 2652 5564 quando
2697 5494 3009 5568 Sephonias
3051 5507 3341 5574 propheta,
3371 5509 3462 5577 qui
3493 5509 3559 5563 ad

1964 5583 2289 5641 llieroboam
2322 5588 2374 5642 in
2405 5587 2699 5645 schismate
2721 5591 2954 5660 positum
2979 5597 3200 5664 missus,
3235 5613 3332 5652 nec
3359 5614 3555 5670 panem

1967 5693 2064 5734 nec
2093 5695 2287 5747 aquam
2314 5679 2536 5750 jnbetur
2565 5684 2831 5753 accipere,
2863 5688 2952 5756 qui
2984 5688 3408 5755 circumventus,
3440 5687 3577 5747 tio?

1967 5769 2078 5827 lato
2105 5782 2400 5844 praecepto,
2432 5790 2460 5827 a
2508 5774 2666 5834 leone
2714 5778 2993 5835 cautectus
3037 5790 3139 5836 cst.
3174 5779 3358 5839 Helias
3397 5783 3563 5848 etiam
