4134 6186
577 265 708 320 Mli

1531 262 1762 322 GESTA
1799 235 2256 320 commeats
2293 261 2922 324 CAltTﬂAGlNENSlS.

3743 267 3878 326 ηιξ

569 398 624 440 et
655 383 916 439 Helisaeus
940 379 1198 441 altaribus
1227 378 1538 436 schismatis
1571 381 1830 437 Samaria:
1871 396 2164 451 numquam
2193 387 2243 446 Α
2275 379 2425 436 Unus
2447 396 2513 435 ex
2545 381 2686 436 vobis
2707 399 2786 436 nte
2807 382 2977 438 tradet
3007 381 3221 457 (Matth.
3250 385 3424 458 xx"),
3453 394 3616 457 atque
3646 403 3877 456 respon-

567 476 1108 543 communicaverint,
1139 491 1314 546 neque
1349 476 1752 541 consenserint,
1785 479 1875 545 qui
1909 475 2083 545 magis
2111 475 2164 528 in

563 569 858 628 solitudine
906 568 1282 623 morabantur.
1333 568 1476 622 Osee
1505 581 1726 638 quoque
1768 567 2033 637 propheta
2077 580 2170 620 os-

563 665 802 720 tenditur
827 679 932 718 non
964 661 1276 718 interfuisse
1299 663 1572 734 mysteriis
1602 677 1794 717 eorum
1817 676 2048 732 quorum
2081 674 2169 714 sa-

561 759 765 814 crificia
793 757 1096 813 detestatur
1142 765 1196 811 et
1226 755 1468 820 damnat,
1499 755 1688 810 dicens
1721 772 1732 806 :
1766 753 2044 822 Sacrificia
2073 768 2168 806 eoo

562 869 678 905 rum
710 861 971 918 tamquam
1001 851 1151 920 panis
1189 848 1381 903 lactus.
1410 847 1592 901 Darnis
1618 847 1705 917 qui
1733 847 1954 918 tetigerit
1982 862 2043 900 ex
2067 845 2162 910 eis,

563 943 918 1013 inquinabitur
945 940 1103 1015 (Osee
1130 942 1231 1012 rx).
1262 939 1430 994 Amos
1475 939 1710 1010 denique
1739 939 1959 1009 quando
1989 937 2168 1007 patuit

565 1037 826 1094 Samarire
855 1035 1129 1108 mysteriis
1172 1033 1415 1096 misceri,
1439 1032 1506 1088 de
1547 1048 1656 1102 quo
1689 1030 2164 1103 pseudopropheta

565 1130 641 1185 ita
679 1131 791 1200 regi
826 1128 1084 1198 invidiam
1107 1127 1264 1193 facit;
1309 1126 1496 1182 dicens
1538 1140 1550 1178 :
1583 1122 2015 1196 Conglobationes
2038 1120 2167 1192 facit

564 1221 833 1276 adversum
860 1230 908 1275 te
935 1221 1091 1274 Amos
1119 1219 1176 1273 in
1209 1218 1376 1272 medio
1405 1217 1587 1271 domus
1617 1214 1802 1270 Israel.
1852 1213 1975 1269 Non
2002 1223 2168 1280 potest

567 1325 705 1369 terra
732 1323 1043 1386 supportare
1081 1326 1341 1367 sermones
1381 1312 1516 1382 ejus,
1550 1319 1596 1362 et
1627 1306 1688 1363 ob
1718 1311 1812 1362 hoc
1835 1308 2050 1378 insuper
2076 1322 2170 1361 ea-

567 1406 782 1476 pellitur
816 1406 1018 1479 (Amos,
1064 1404 1182 1476 vn).
1218 1403 1337 1459 lam
1383 1418 1516 1458 vero
1560 1403 1614 1456 in
1666 1402 1780 1471 ipsa
1826 1401 2164 1456 Hierusalem

564 1501 840 1572 quomodo
879 1509 1132 1572 poterant
1170 1499 1451 1569 prephetze
1493 1495 1777 1551 sacriﬁciis
1824 1494 2166 1565 peccantium

565 1595 848 1651 hominum
866 1594 1293 1657 communicare,
1320 1592 1559 1662 quaeipsi
1589 1591 1776 1646 divino
1802 1589 1992 1660 spiritu
2021 1587 2166 1658 pleni

563 1687 897 1742 damnabant
936 1686 1096 1741 Esaia
1143 1686 1404 1741 dicente:
1440 1683 1554 1752 Quo
1603 1682 1728 1737 mihi
1777 1681 2168 1736 multitudinem

2272 473 2438 529 dente
2455 472 2647 529 eodem
2666 473 2802 530 Juda
2831 494 2846 532 :
2867 475 3135 548 Numquid
3144 495 3239 548 ego
3258 495 3393 544 sum,
3431 477 3694 532 Domine?
3720 489 3779 534 et
3812 479 3876 533 ab

2273 564 2468 621 eodem
2496 565 2725 622 Domino
2738 567 2974 638 audiret,
3003 570 3083 624 Tu
3101 570 3282 624 dixiin
3309 569 3504 641 (Marc.
3524 568 3663 641 xw),
3689 571 3876 626 detec-

2274 665 2388 712 tum
2415 671 2476 714 se
2498 659 2746 728 protinus
2772 660 2984 724 videns,
3011 662 3268 718 confusus
3298 661 3592 727 abscessit,
3626 662 3728 720 sed
3757 679 3876 718 cum

2275 751 2390 820 ipsa
2409 754 2755 820 postmodum
2777 755 2929 811 turba
2954 757 3020 811 ad
3044 757 3364 812 tradendum
3391 757 3690 812 Dominum
3711 759 3872 813 venit.

2273 844 2436 916 315
2466 846 2673 902 Vadant
2698 863 2826 920 ergo
2846 865 2969 904 cum
2995 863 3092 903 suo
3115 849 3250 904 Juda
3283 859 3518 920 patrono
3541 849 3755 906 inimici
3783 849 3877 904 do-

2274 941 2488 996 minicae
2519 944 2781 1011 veritatis,
2811 945 2902 1014 qui
2932 959 3028 999 suo
3057 961 3207 1000 more
3228 944 3532 1000 defendere
3559 959 3689 1000 reos
3713 945 3884 999 mani-

2273 1031 2595 1090 festissimos
2637 1036 2934 1092 elaborant.
2968 1037 3098 1092 Item
3141 1037 3210 1092 ad
3267 1037 3658 1093 defensionem
3713 1039 3882 1107 pollu-

2276 1132 2341 1177 tae
2368 1127 2747 1196 permixtionis
2775 1144 2890 1184 suae
2911 1130 3075 1186 verba
3106 1117 3357 1201 Apostoli
3373 1130 3671 1200 objiciunt,
3688 1131 3885 1201 quibus

2271 1218 2349 1272 ait
2377 1234 2390 1272 :
2423 1217 2546 1274 Sive
2571 1238 2666 1287 per
2693 1223 3009 1277 occasionem
3029 1265 3044 1289 ,
3071 1223 3174 1277 sive
3207 1240 3298 1294 per
3342 1225 3618 1278 veritatem
3677 1225 3886 1279 ιιὴεηι

2273 1311 2385 1379 bar,
2414 1315 2662 1384 quoniam
2685 1316 2786 1385 ﬁlii
2810 1317 3170 1386 fornicationis
3191 1327 3334 1384 sunt,
3362 1319 3490 1388 quia
3512 1318 3781 1385 fornicata
3815 1329 3886 1372 est

2271 1415 2436 1460 mater
2464 1406 2726 1477 ipsorum,
2761 1408 3083 1463 dedecoravit
3112 1425 3200 1464 eos
3227 1425 3345 1480 qut:
3376 1411 3584 1480 peperit
3602 1425 3691 1464 eos
3730 1410 3889 1480 (Plri-

2273 1500 2364 1570 lip.
2393 1497 2453 1570 t).
2484 1501 2547 1554 Et
2573 1502 2626 1555 in
2659 1502 2794 1556 Isaia
2830 1520 2844 1555 :
2872 1501 3140 1569 Quomodo
3163 1503 3522 1557 vestimentum
3551 1518 3885 1573 conspersum

2272 1593 2326 1646 in
2357 1594 2611 1664 sanguine
2633 1611 2735 1648 non
2761 1596 2858 1649 erit
2886 1596 3152 1661 mundum,
3185 1595 3257 1648 ita
3285 1612 3380 1648 nec
3409 1605 3466 1648 tu
3491 1595 3598 1649 eris
3627 1595 3880 1659 mundus,

2271 1687 2394 1756 quia
2417 1698 2607 1741 terram
2628 1704 2792 1742 meam
2814 1687 3109 1760 perdidisti,
3135 1698 3181 1742 et
3197 1687 3396 1758 plebem
3417 1703 3590 1741 nteant
3608 1688 3846 1741 occidisti
3863 1701 3885 1739 :

561 1781 938 1852 sacriﬁciorum
965 1779 1301 1834 vestrorum?
1331 1777 1456 1831 dicit
1491 1776 1766 1830 Dominus.
1797 1773 1996 1829 Plenus
2024 1790 2160 1828 sum.
2195 1785 2245 1846 Β
2272 1797 2372 1835 ηοη
2405 1782 2634 1836 manebis
2664 1783 2716 1852 in
2746 1793 2990 1837 aeternum
3023 1792 3253 1852 tempus,
3293 1798 3470 1836 semen
3503 1799 3744 1853 nequam.
3779 1778 3886 1832 Pa-

564 1873 1031 1929 Holocaustomata
1071 1873 1311 1936 arietum,
1350 1879 1396 1924 et
1422 1868 1632 1937 adipem
1661 1883 1936 1941 agnorum,
1973 1876 2018 1920 et
2043 1883 2166 1919 san-

563 1970 772 2041 guinem
795 1979 1068 2022 taurorum
1105 1977 1149 2021 et
1177 1966 1441 2019 hircorum
1469 1965 1612 2030 nolo,
1640 1979 1734 2017 nec
1763 1963 1838 2015 sic
1859 1961 2074 2016 veniatis
2110 1961 2166 2014 in

563 2071 837 2131 conspectu
873 2075 1002 2113 meo.
1057 2059 1186 2124 Quis
1212 2059 1346 2111 enim
1381 2056 1650 2127 exquisivit
1693 2055 1793 2109 ista
1830 2054 1896 2109 de
1925 2053 2164 2108 manibus

563 2156 782 2210 vestris!l
805 2153 1019 2208 Calcare
1045 2154 1222 2207 aulam
1252 2167 1416 2205 meam
1439 2166 1543 2204 non
1567 2149 1826 2221 adjicietis
1855 2165 1876 2202 ,ο
1903 2148 1950 2202 si
1975 2147 2165 2201 attule-

564 2249 677 2303 ritis
720 2248 1093 2319 similaginem,
1136 2260 1346 2299 vanum.
1407 2241 1686 2296 Incensum
1727 2240 2040 2295 abominatio
2089 2247 2166 2292 est

564 2343 715 2397 mihi.
751 2339 1072 2397 Neomenias
1098 2349 1316 2406 vestras,
1361 2346 1410 2392 et
1438 2336 1652 2392 sabbata
1677 2345 1724 2390 et
1755 2335 2165 2404 diem'magnum

563 2453 666 2493 non
687 2437 937 2492 sustineo.
958 2433 1230 2510 Jejunium
1259 2443 1308 2487 et
1341 2432 1519 2503 ferias,
1566 2441 1613 2485 et
1639 2429 1754 2486 dies
1787 2433 1946 2502 festos
1970 2439 2166 2484 vestros

563 2530 670 2583 odit
705 2529 878 2583 anima
899 2544 1035 2582 mea.
1065 2524 1217 2580 Facti
1265 2525 1404 2580 enim
1439 2524 1559 2579 estis
1590 2524 1716 2577 mihi
1763 2523 1815 2577 in
1845 2521 2164 2585 abundantia

561 2620 877 2677 multaJam
905 2637 1009 2674 non
1036 2634 1248 2689 parcam
1276 2617 1498 2688 peccatis
1524 2616 1723 2670 vestris.
1759 2613 1887 2670 Cum
1917 2613 2164 2668 extende-

561 2715 675 2769 ritis
705 2731 907 2782 manus,
952 2723 1178 2767 avertam
1207 2711 1384 2764 oculos
1409 2725 1548 2763 meos
1575 2725 1606 2762 a
1635 2707 1775 2762 vobis
1806 2722 1825 2761 :
1849 2715 1898 2761 et
1917 2707 1962 2762 si
1984 2707 2164 2759 multi-

564 2807 877 2878 plicaveritis
917 2820 1115 2876 preces,
1157 2819 1258 2857 non
1304 2801 1580 2856 exaudiam
1626 2816 1734 2854 vos.
1798 2797 1990 2853 Manus
2024 2799 2162 2853 enim

560 2911 740 2956 vestra:
766 2899 1017 2972 sanguine
1045 2898 1216 2970 plena:
1243 2904 1360 2949 sunt
1385 2892 1519 2967 (Ita.
1550 2893 1611 2964 t).
1648 2893 1718 2947 Et
1737 2894 1932 2947 iterum
1959 2909 1971 2943 :
2004 2889 2164 2945 Faci-
2201 2908 2204 2910 ‘

559 3010 776 3048 norosus
819 3001 988 3046 autent
1017 2992 1107 3062 qui
1153 2989 1411 3059 sacrificat
1453 2987 1581 3041 mihi
1612 2987 1846 3052 vitulum,
1896 2985 2042 3053 quasi
2071 2983 2164 3055 qui

557 3101 736 3146 canem
764 3086 1000 3153 occidat;
1032 3095 1080 3140 et
1105 3084 1192 3156 qui
1215 3085 1438 3138 similam
1465 3081 1636 3150 offert,
1672 3082 1818 3153 quasi
1854 3080 2160 3152 sanguinem

2268 1890 2328 1926 ra
2356 1874 2494 1943 ﬁlios
2521 1884 2638 1928 tuos
2668 1875 2890 1943 interﬁci
2926 1876 3147 1948 peccatis
3189 1875 3356 1945 putris
3383 1876 3470 1929 sui
3490 1915 3507 1941 ,
3565 1884 3626 1928 stt
3665 1891 3772 1928 non
3805 1889 3888 1928 ea:—

2267 1979 2482 2039 surgant
2552 1967 2697 2040 (Isa.
2737 1967 2867 2039 l4).
2912 1969 2973 2022 Et
3020 1969 3071 2022 in
3123 1966 3443 2038 Regnorum
3492 1965 3638 2024 libro
3679 1968 3883 2023 tertio:

2269 2060 2339 2115 Et
2369 2053 2609 2132 deposuit
2640 2062 2891 2118 Salomon
2920 2062 3172 2116 Abiathar
3198 2061 3266 2116 de
3305 2061 3608 2117 sacerdotia
3639 2061 3882 2129 Domini,

2269 2164 2325 2207 ut
2356 2154 2634 2232 impleatur
2658 2156 2866 2208 verbum
2895 2152 3132 2220 Domini,
3161 2153 3304 2224 quod
3345 2155 3554 2208 locutus
3583 2162 3662 2208 est
3701 2154 3768 2208 de
3793 2154 3885 2207 do-

2269 2262 2352 2300 mo
2378 2245 2498 2300 Heli
2526 2248 2580 2300 in
2606 2247 2779 2301 Sefom
2829 2244 2921 2318 (ιη
2950 2247 3075 2318 Reg.
3105 2245 3319 2317 u).Jatn
3346 2260 3485 2302 vero
3512 2247 3659 2316 quod
3691 2245 3878 2301 dicunt

2269 2339 2599 2409 baptismum
2632 2339 2834 2396 Christi
2887 2341 2960 2395 ita
3005 2339 3228 2396 defendi
3254 2341 3406 2396 sicut
3441 2341 3554 2412 ipsa
3591 2338 3877 2396 Catholica

2267 2433 2582 2489 defenditur
2617 2435 2839 2506 ubique,
2871 2445 2927 2490 et
2951 2434 3091 2505 apud
3110 2449 3307 2490 omnes
3335 2450 3487 2502 esse,
3515 2433 3758 2490 decretis
3787 2435 3884 2489 Pa-

2270 2536 2413 2580 trum
2441 2537 2758 2583 nostrorum
2777 2538 3074 2600 martyrum
3125 2529 3580 2584 beatissimorum
3629 2543 3886 2599 compen-

2268 2617 2360 2671 diu
2387 2616 2672 2675 brevitatis
2703 2619 3033 2675 excluditur.
3061 2619 3197 2675 Illud
3226 2629 3414 2677 autem
3439 2637 3608 2692 quam
3642 2622 3878 2688 incaute,

2269 2708 2627 2766 immemores
2655 2711 2740 2765 sui
2765 2752 2780 2777 ,
2820 2711 3026 2766 inimici
3074 2713 3326 2768 veritatis
3354 2724 3680 2784 Oppugnant
3701 2755 3715 2777 ,
3745 2713 3882 2783 apud

2266 2801 2414 2857 fures
2438 2811 2493 2856 et
2532 2815 2780 2873 raptores
2808 2804 3084 2875 quoslibet
3126 2813 3428 2862 extraneos
3457 2806 3656 2861 datum
3683 2806 3883 2876 baptis-

2270 2909 2358 2949 ma
2407 2897 2607 2968 suscipi
2660 2898 2897 2966 debere,
2930 2897 3176 2954 adhibito
3204 2900 3611 2972 incompetenti
3641 2900 3710 2955 ad
3747 2899 3882 2954 hinc

2268 3002 2384 3041 rem
2421 2988 2735 3044 testimonio
2781 2989 2929 3044 Pauli
2967 2990 3204 3060 apostoli
3249 2993 3401 3062 quod
3451 2993 3722 3063 scriptum
3751 2999 3880 3046 est:

2271 3078 2374 3146 Qui
2398 3082 2663 3136 veritatem
2695 3081 2790 3137 Dei
2826 3083 2880 3137 in
2912 3084 3174 3155 injustitia
3214 3085 3450 3140 detinent
3469 3085 3654 3156 (Rom.
3683 3090 3748 3154 l),
3781 3086 3878 3139 hoc

557 3179 867 3250 porcinum;
901 3188 949 3233 et
993 3179 1082 3250 qui
1125 3177 1243 3231 titus
1285 3179 1339 3231 in
1389 3174 1707 3243 memoriam,
1739 3175 1887 3245 quasi
1920 3171 2156 3243 blasphe—
2183 3173 2232 3237 C
2265 3171 2316 3224 in
2352 3171 2472 3226 loco
2500 3172 2705 3228 furtum
2734 3173 2934 3230 furtivo
2960 3175 3256 3231 voluerunt
3292 3177 3606 3234 defendere
3635 3179 3877 3233 testimo—

557 3258 671 3328 mus
699 3271 837 3344 (Isa.
870 3277 1035 3344 1.x").
1061 3269 1295 3342 Aggreus
1323 3269 1485 3325 etiam
1525 3283 1632 3324 non
1665 3267 1828 3322 modo
1867 3264 2155 3333 sacriﬁcia,

554 3365 650 3420 sed
677 3365 850 3435 ipsam
881 3374 1098 3435 gentem
1146 3361 1505 3431 peccatricem
1550 3359 1768 3429 penitus
1813 3364 2165 3421 exsecratur,

554 3455 744 3511 dicens
769 3473 783 3509 :
820 3456 913 3510 Sic
947 3465 992 3508 et
1024 3454 1248 3523 populus
1277 3453 1394 3517 iste,
1426 3461 1472 3505 et
1493 3451 1569 3504 sic
1594 3466 1716 3522 gens
1739 3451 1840 3504 ista
1863 3465 1882 3503 :
1903 3459 1951 3504 et
1978 3449 2023 3502 si
2043 3447 2158 3518 quis

553 3551 684 3605 illuc
705 3549 996 3616 accesserit,
1025 3547 1379 3617 inquinabitur
1407 3545 1608 3616 (Agger.
1638 3543 1724 3616 ll).
1754 3541 2152 3598 EtMalachiel:

564 3643 664 3698 Vos
693 3659 724 3697 ο
749 3642 1036 3698 sacerdotes
1056 3640 1144 3710 qui
1171 3638 1462 3709 profanatis
1489 3653 1676 3690 nomen
1703 3652 1892 3703 meum,
1922 3643 1966 3688 et
1985 3633 2156 3687 dixis-

549 3737 650 3791 tis:
681 3735 749 3791 In
773 3753 871 3805 quo
898 3733 1290 3806 profanavimus
1311 3747 1495 3786 nomen
1525 3730 1720 3785 tuum?
1756 3739 1806 3784 et
1833 3735 2074 3798 ponentes
2100 3727 2156 3779 in

547 3829 704 3883 altari
720 3845 830 3884 meo
856 3845 1013 3900 panes
1044 3827 1290 3898 pollutos,
1319 3836 1368 3880 et
1395 3823 1598 3881 dixistis
1619 3840 1638 3878 :
1661 3823 1728 3879 In
1751 3839 1848 3894 quo
1870 3822 2154 3894 polluimus

546 3919 704 3974 illos?
734 3920 788 3973 in
811 3936 869 3973 eo
900 3928 956 3972 ut
983 3917 1220 3972 diceretis
1243 3933 1262 3970 :
1283 3916 1470 3970 Mensa
1512 3917 1721 3970 Domini
1749 3917 2012 3970 benedicta
2053 3923 2151 3981 est,

545 4024 594 4067 et
620 4028 736 4081 quae
759 4009 1240 4083 superponebantur
1252 4007 1563 4062 annullastis
1587 4005 1843 4080 (Malaclt.
1877 4009 1940 4077 ι).
1973 4006 2043 4060 Et
2076 4007 2148 4062 ita

545 4107 597 4162 iu
629 4107 883 4162 omnibus
907 4103 1192 4175 Prophetis
1235 4103 1500 4166 invenies,
1532 4103 1784 4172 quoniam
1823 4101 1870 4156 si
1900 4116 2144 4157 commu-

543 4201 822 4257 nicassent
869 4200 951 4256 eis
1004 4214 1146 4268 quos
1190 4198 1357 4253 tantis
1408 4195 1635 4253 vocibus
1679 4196 2141 4262 condemnabant,

542 4294 1008 4369 praevaricationis
1037 4293 1240 4348 crimen
1273 4293 1637 4348 incurrerent.
1665 4291 1823 4359 Quod
1845 4307 1976 4363 ergo
2005 4292 2146 4346 inter

542 4407 638 4446 eos
661 4401 814 4446 erant
842 4387 1287 4444 commorationis
1332 4385 1452 4451 fuit,
1485 4399 1590 4440 non
1629 4385 2048 4440 communionis.
2082 4383 2141 4439 ln

540 4485 910 4541 defensionem
954 4479 1153 4536 deinde
1202 4480 1424 4536 sceleris
1473 4477 1558 4533 sui
1607 4478 1988 4533 auctoritatem
2034 4476 2140 4531 sibi

2268 3264 2381 3318 nio.
2413 3265 2710 3334 Apostolus
2739 3268 2885 3322 enim
2911 3267 2981 3323 de
3005 3268 3298 3339 gentilibus
3321 3285 3520 3341 agens,
3553 3279 3614 3326 et
3635 3269 3877 3326 incredu-

2263 3359 2348 3414 los
2370 3361 2682 3429 increpans,
2706 3362 2778 3416 ita
2802 3364 3012 3418 locutus
3035 3373 3116 3420 est
3134 3364 3324 3420 dicens
3344 3367 3728 3422 :"Revelabitar
3743 3368 3872 3422 enin

2259 3453 2343 3507 ira
2372 3451 2468 3509 Dei
2499 3455 2564 3509 de
2604 3457 2728 3526 εωιο
2768 3474 2924 3530 super
2963 3475 3166 3513 onmem
3211 3460 3535 3531 impietatem
3585 3474 3636 3517 et
3664 3461 3871 3531 iniusti-

2261 3547 2386 3600 tiam
2409 3549 2673 3603 hominum
2698 3567 2876 3605 eorum
2901 3553 2992 3624 qui
3011 3553 3275 3608 veritatem
3301 3552 3403 3610 Dei
3425 3555 3482 3609 in
3499 3556 3760 3626 injustitia
3786 3556 3872 3608 de-

2261 3640 2452 3706 tinent;
2481 3644 2726 3711 quoniam
2755 3643 2893 3710 quod
2922 3645 3266 3716 cognoscibile
3287 3658 3360 3701 est
3389 3646 3512 3714 Dei,
3539 3650 3871 3718 manifestiu-

2258 3740 2334 3785 est
2372 3732 2498 3786 illis.
2531 3731 2676 3789 Deus
2693 3737 2830 3788 enim
2871 3737 2978 3790 illis
2999 3738 3364 3808 manifestavit.
3403 3739 3617 3794 Etenim
3660 3741 3873 3810 quaein-

2257 3823 2480 3877 visibilia
2519 3834 2639 3878 sunt
2671 3826 2785 3896 ejus
2810 3843 2840 3880 a
2889 3830 3252 3884 constitutione
3278 3832 3464 3885 mundi
3483 3874 3498 3897 ,
3527 3849 3624 3902 per
3664 3849 3729 3885 ea
3758 3847 3872 3900 qua

2259 3917 2398 3985 facta
2422 3925 2541 3970 sunt
2569 3918 2829 3973 intellecta
2855 3920 3264 3989 conspiciuntur.
3308 3922 3643 3992 Scmpiterna
3668 3939 3873 3993 quoque

2254 4007 2415 4060 virtus
2443 4011 2554 4078 ejus
2578 4023 2624 4064 et
2651 4009 2892 4065 divinitas
2916 4053 2930 4078 ,
2961 4012 3034 4066 ita
3063 4022 3119 4066 ut
3147 4014 3253 4068 sint
3273 4014 3656 4070 inexcusabiles
3682 4031 3706 4069 :
3745 4016 3872 4085 quia

2253 4115 2367 4152 cum
2406 4103 2762 4172 cognovissent
2797 4102 2966 4160 Deum
2991 4146 3004 4170 ,
3046 4123 3150 4160 non
3181 4116 3237 4162 ut
3265 4105 3435 4163 Deum
3482 4109 3872 4177 honoriﬁcus-e-

2251 4203 2374 4248 runt
2397 4237 2410 4261 ,
2443 4206 2533 4250 aut
2561 4199 2754 4268 gratias
2784 4209 3020 4272 egerunt,
3046 4203 3136 4254 sed
3157 4212 3481 4257 evanuerunt
3508 4204 3559 4256 in
3583 4203 3875 4272 cogitatio-

2251 4288 2403 4343 nibus
2433 4291 2540 4344 suis
2565 4335 2578 4358 ,
2615 4301 2663 4346 et
2689 4292 3064 4348 intenebratum
3094 4303 3170 4348 est
3197 4295 3452 4362 insipiens
3493 4311 3578 4347 cor
3618 4295 3874 4349 illorum.

2249 4381 2492 4438 Dicentes
2523 4389 2657 4440 enim
2678 4403 2732 4441 se
2759 4403 2869 4444 esse
2893 4387 3151 4459 sapientes
3175 4431 3190 4455 ,
3221 4389 3470 4459 infamati
3498 4397 3615 4443 sunt
3637 4431 3650 4448 .
3685 4399 3740 4441 et
3769 4389 3876 4441 ins-

2247 4485 2574 4532 mutaverunt
2616 4478 2904 4533 claritatem
2945 4481 3241 4551 incorrupti
3284 4479 3384 4535 Dei
3427 4483 3482 4534 in
3508 4481 3874 4536 similitudine

539 4579 792 4651 exemplo
829 4577 982 4634 Judze
1007 4575 1284 4631 traditoris
1322 4580 1626 4639 assumunt,
1657 4586 1767 4643 quo
1795 4587 1921 4626 eum
1947 4569 2136 4625 dicunt
2162 4572 2220 4632 1)
2242 4565 2488 4638 imaginis
2507 4570 2853 4639 corruptibilis
2885 4572 3107 4626 hominis
3136 4581 3186 4626 et
3213 4573 3483 4628 volucrum
3521 4584 3572 4626 et
3614 4574 3868 4643 quadru-

536 4688 566 4728 a
592 4673 824 4728 Domino
871 4679 928 4726 et
957 4667 1342 4740 praecognitum
1375 4673 1714 4732 assumptum
1759 4673 1814 4718 et
1861 4662 2134 4732 cognitum
2243 4660 2430 4728 pedum
2459 4671 2506 4713 et
2532 4672 2842 4731 serpentum.
2874 4661 3098 4736 Propter
3114 4667 3254 4735 quod
3286 4667 3500 4720 tradidit
3545 4667 3668 4721 illos
3721 4666 3872 4721 Das

535 4769 849 4832 toleratum,
889 4778 1014 4818 cum
1060 4762 1248 4831 utique
1287 4759 1408 4814 sine
1433 4756 1748 4827 prasjudicio
1775 4754 2138 4825 prmscientite
2239 4752 2294 4805 in
2355 4755 2770 4824 concupiscentia
2817 4757 2988 4810 cordis
3044 4756 3261 4812 illorum
3319 4759 3377 4813 in
3463 4758 3869 4814 immunditiam

537 4875 651 4916 suae
679 4857 942 4912 Dominus
962 4850 1431 4909 ChristusJudatn
1464 4850 1516 4903 in
1544 4849 1913 4918 apostolorum
1943 4863 2136 4903 nume—
2240 4843 2417 4919 (Rom.
2448 4845 2514 4919 ι).
2543 4839 2696 4904 Unde
2713 4849 3008 4906 secundum
3039 4849 3185 4905 hunc
3213 4864 3440 4906 sensum
3470 4855 3637 4907 etiam
3670 4854 3870 4923 genti-

535 4968 657 5010 rum
683 4946 1061 5021 assumpserit,
1085 4944 1362 5016 cognitum
1392 4951 1570 4998 autem
1601 4942 1731 5006 sibi,
1761 4957 1870 4996 non
1899 4940 2130 4996 homini
2237 4936 2370 4992 lium
2423 4938 2698 5010 inquinata
2739 4942 3003 5013 mysteria
3055 4956 3118 4997 se
3176 4942 3466 5013 suscipere
3494 4944 3864 5014 proﬁtentur.

532 5049 655 5113 bus,
705 5046 810 5114 hac.
849 5043 1064 5109 ratione
1095 5038 1405 5112 pertulerit,
1430 5051 1534 5107 qua
1575 5045 1631 5092 et
1677 5034 1841 5091 hodie
1881 5033 2127 5106 perferre
2236 5028 2420 5086 Secuti
2446 5041 2628 5088 autem
2655 5045 2786 5088 sunt
2820 5051 3064 5090 errorem
3101 5049 3263 5091 suum
3291 5037 3738 5094 eiidentissimis
3769 5053 3866 5093 ae-

529 5139 744 5195 videtur
755 5136 1016 5192 occultos.
1033 5133 1305 5202 Scriptum
1324 5136 1409 5185 est
1427 5128 1605 5184 enim:
1627 5127 1756 5195 Quae
1780 5129 1985 5182 occulta
2006 5135 2127 5183 sunt
2236 5125 2517 5182 cumulare
2545 5127 2880 5197 blaSphemis
2901 5171 2916 5196 ,
2948 5143 3052 5199 quo
3082 5128 3270 5185 dicant
3294 5146 3392 5186 eos
3415 5131 3506 5201 qui
3554 5130 3866 5188 haeretico-

527 5232 676 5300 mibi,
703 5247 818 5300 qua:
839 5229 1114 5300 manifesta
1135 5225 1346 5292 vobisret
1377 5224 1499 5293 ﬁliis
1524 5223 1702 5277 vestris
1733 5221 1913 5294 (Deut.
1946 5222 2120 5293 χχιχ).
2236 5233 2357 5272 rum
2383 5218 2648 5289 baptisma
2667 5221 2982 5290 reprobant,
3010 5235 3174 5292 posse
3199 5221 3482 5280 Christum
3511 5225 3860 5294 reprobate,

524 5325 582 5384 In
611 5327 842 5399 Psalmis
874 5342 888 5379 :
923 5322 1110 5378 Nonne
1127 5320 1269 5376 Deus
1306 5319 1529 5390 inquiret
1555 5317 1698 5370 ista?
1718 5313 1842 5387 Ipse
1870 5317 2005 5371 enim
2027 5315 2130 5369 scit
2234 5312 2376 5381 quod
2410 5329 2533 5368 eum
2557 5314 2823 5370 daemonia
2854 5316 3104 5374 confessa
3135 5331 3284 5375 sunt.
3313 5320 3427 5376 Hoc
3454 5319 3581 5376 loco
3611 5335 3732 5376 non
3764 5337 3864 5378 so-

525 5420 737 5477 latentia
784 5415 953 5472 cordis
981 5412 1154 5488 (Psal.
1209 5409 1386 5482 XLIII).
1441 5409 1496 5462 ln
1557 5407 1870 5478 Regnorum
1902 5425 1916 5461 :
1950 5405 2122 5461 Homo
2235 5406 2343 5462 lum
2391 5420 2706 5464 sanctorum
2759 5421 3066 5484 martyrum
3106 5398 3347 5470 decretis
3392 5413 3721 5482 insultant,
3755 5415 3860 5472 sed

519 5517 656 5569 videt
683 5513 739 5566 in
771 5511 924 5584 facie,
958 5507 1101 5561 Deus
1127 5515 1299 5560 autem
1321 5502 1458 5558 videt
1485 5502 1538 5555 in
1565 5500 1721 5554 corde
1744 5499 1787 5570 (Ι
1815 5499 1948 5572 Reg.
1977 5500 2116 5569 xu).
2233 5503 2406 5572 magis
2435 5503 2604 5572 parati
2626 5513 2754 5559 sunt
2775 5504 3170 5564 daemoniorum
3205 5509 3330 5579 quia
3368 5506 3662 5565 Christum
3713 5525 3856 5564 eo“.

519 5606 673 5662 Et'in
703 5599 1026 5674 Apocalypsi
1059 5615 1073 5650 :
1100 5594 1170 5664 Et
1201 5596 1362 5650 scient
1385 5609 1563 5648 omnes
1591 5590 1846 5646 Ecclesia
1878 5591 2120 5661 quoniam
2226 5592 2359 5649 fessi
2386 5604 2530 5661 sunt,
2564 5599 2934 5655 communioni
2963 5601 3206 5657 misceri.
3240 5599 3392 5668 Quod
3423 5611 3619 5659 autem
3649 5603 3852 5661 subtili

517 5715 613 5771 ego
645 5712 758 5779 sum
782 5702 1038 5750 scrutator
1069 5703 1250 5744 renum
1273 5695 1321 5742 et
1349 5685 1522 5740 cordis
1550 5685 1736 5779 (ripae.
1771 5684 1923 5755 xvn).
1949 5675 2115 5738 Deni-
2224 5687 2492 5746 brevitate
2521 5690 2625 5745 ista
2669 5692 2918 5749 dixerunt
2945 5734 2961 5760 ,
2988 5709 3113 5750 eum
3135 5736 3152 5763 ,
3207 5695 3296 5765 qui
3346 5693 3488 5752 foris
3518 5698 3854 5769 baptizatus

523 5793 633 5860 (ine
661 5776 890 5845 Domino
932 5798 1058 5842 cum
1081 5779 1363 5851 discipulis
1403 5778 1756 5835 recumbente
1775 5779 1832 5834 et
1858 5776 2110 5834 dicente:
2221 5778 2386 5838 fuerit
2414 5782 2614 5853 suscipi
2644 5782 2848 5841 debere
2869 5826 2887 5854 ,
2917 5799 3031 5843 non
3055 5794 3116 5842 ut
3143 5785 3288 5857 quod
3317 5785 3484 5845 deest
3518 5789 3672 5847 adsit
3747 5788 3856 5846 sed
