4134 6186
338 245 475 312 ius

1267 252 1494 312 GESTA
1531 247 2005 307 COLLATIONIS
2043 249 2668 314 CAR'I‘HAGINENSIS.

3520 235 3655 314 tm

334 382 391 428 ut
419 371 564 444 quod
592 371 734 427 inest
765 371 980 441 prosit,
1007 371 1063 430 in
1086 378 1317 442 utroque
1367 386 1432 427 se
1457 371 1603 442 ipsos
1631 370 1944 425 circumve-
1974 380 2028 440 Α
2061 371 2252 441 quibus
2285 371 2380 426 ista
2410 372 2608 444 ﬂagitia
2639 371 3002 444 prohibemur
3027 411 3042 435 ,
3074 369 3410 440 superﬂuum
3442 372 3514 427 sit
3561 375 3658 428 du-

337 469 484 520 nisse
513 471 916 520 monstrantur.
955 464 1148 519 Omnia
1175 459 1322 520 enim
1351 464 1468 518 hac
1493 505 1506 529 ,
1540 473 1600 516 ut
1627 477 1790 532 supra
1823 460 1949 514 dic-

337 569 447 615 tum
466 566 573 627 est,
603 569 930 614 sanctorum
947 567 1254 631 martyrum
1275 559 1559 618 sententiis
1580 566 1943 613 evacuantnr.

334 653 492 710 Unde
523 653 670 710 enim
701 652 822 709 fieri
851 662 1072 724 potest,
1104 654 1152 708 si
1183 668 1287 708 una
1315 661 1399 709 est
1439 654 1680 709 Ecclesia
1711 662 1764 708 et
1790 648 1946 706 indi-

331 747 484 800 visus
503 756 590 802 est
622 738 877 801 Christus
904 787 920 814 ,
953 754 1010 800 ut
1036 745 1169 800 foris
1198 746 1408 817 positus
1437 747 1767 817 baptismum
1809 759 1944 801 cun-

333 837 646 909 sequatur?
693 837 849 905 Quod
893 853 1026 893 vero
1078 836 1181 893 sibi
1226 853 1258 892 a
1298 839 1456 893 nobis
1505 838 1671 908 objici
1711 839 1939 902 dicunt,

339 931 532 986 Manus
559 932 659 986 cito
685 932 879 988 nemini
915 931 1256 1003 imposueris,
1291 947 1454 1002 neque
1487 929 1942 986 communica-ueris

339 1027 560 1096 peccatis
597 1024 780 1080 alienis
827 1023 1052 1100 (lTim.
1087 1024 1178 1093 v),
1231 1033 1286 1080 et
1339 1026 1492 1094 quasi
1545 1024 1940 1094 respondentes

338 1127 634 1175 occurrunt
678 1111 925 1175 moribus
971 1117 1151 1189 potius
1223 1117 1431 1196 debere
1481 1119 1733 1174 homines
1777 1132 1938 1189 quam

340 1227 569 1284 corpore
595 1213 874 1283 separari,
923 1210 990 1265 ad
1023 1211 1126 1266 hoc
1155 1226 1261 1266 non
1295 1211 1458 1266 modo
1499 1211 1743 1266 moribus
1766 1255 1779 1276 ,
1840 1209 1938 1266 sed

341 1307 504 1363 etiam
543 1320 774 1376 corpore
795 1321 826 1360 a
857 1305 1014 1360 malis
1043 1304 1246 1360 debere
1271 1303 1507 1376 disjungi
1539 1305 1724 1361 multis
1750 1304 1935 1359 admo-

342 1401 470 1458 dum
501 1401 830 1457 testimoniis
853 1399 1122 1471 legalibus
1145 1399 1530 1469 approbamus.
1561 1399 1620 1453 In
1643 1397 1894 1454 Numeris
1922 1413 1936 1450 :

273 1554 280 1566 η
345 1493 612 1550 Discedite
638 1511 668 1547 a
699 1493 1040 1550 tabernaculis
1086 1493 1352 1547 hominum
1378 1493 1609 1557 istorum.
1640 1493 1942 1548 durissimo-

345 1603 482 1654 rum,
517 1598 640 1643 etne
661 1589 922 1660 tetigeritis
950 1587 1015 1641 ab
1043 1587 1277 1643 omnibus
1301 1605 1417 1658 quw
1438 1599 1556 1642 sunt
1583 1589 1678 1656 eis,
1700 1605 1762 1642 ne
1789 1586 1944 1643 simul

347 1679 568 1749 pereatis
594 1690 640 1732 et
665 1694 750 1732 vos
774 1679 830 1731 in
851 1677 1082 1732 omnibus
1110 1680 1330 1749 peccatis
1371 1696 1546 1734 eorum
1580 1678 1768 1750 (Num.
1803 1677 1941 1749 xvi).

2061 476 2306 520 cumenta
2340 469 2691 536 subnectere,
2736 483 2859 522 cum
2907 463 3036 520 talia
3079 479 3180 520 nec
3211 466 3500 521 mundanis
3526 466 3661 538 legi-

2062 557 2159 612 bus
2191 560 2588 629 permittantur,
2621 561 2751 615 satis
2779 561 2849 614 sit
2875 573 3073 614 eorum
3096 573 3192 612 nos
3219 559 3397 613 errori
3431 575 3662 629 respon-

2056 651 2231 717 disse,
2288 661 2342 708 et
2368 669 2482 722 qua:
2517 653 2790 724 superﬂuo
2813 651 3262 724 responderunt,
3290 651 3488 708 divinis
3509 655 3666 709 testi-

2051 747 2250 802 moniis
2279 746 2497 803 ciuisse.
2530 746 2600 801 Et
2620 749 2724 802 alia
2744 763 2928 801 manu.
2963 746 3224 801 Dominus
3253 753 3305 802 te
3329 746 3664 804 incolumem

2049 849 2340 896 conservet
2365 884 2378 908 ,
2404 843 2551 912 quod
2577 850 2848 912 optamus.
2891 841 3155 896 Recitavi.

2121 933 2244 989 259.
2295 933 2630 988 Marcellinus
2657 935 2735 988 uir
2757 934 3084 989 clarissimus
3097 933 3332 990 tribunus
3349 945 3396 988 et
3418 933 3667 991 notarius

2046 1026 2198 1080 dixit.
2230 1025 2290 1081 1d
2317 1027 2463 1097 quod
2491 1028 2696 1082 lectum
2737 1036 2825 1083 est
2871 1027 3041 1098 gestis
3081 1028 3441 1095 praesentibus
3471 1028 3666 1084 adita:-

2045 1118 2204 1174 rebit.
2250 1118 2318 1173 Et
2344 1120 2554 1192 adjecit.
2580 1119 2649 1175 Et
2699 1121 2962 1191 quoniam
3013 1121 3067 1175 in
3098 1119 3204 1176 hoc
3249 1121 3532 1190 praebitam
3565 1137 3665 1192 pa-

2045 1211 2290 1266 tientiam
2317 1221 2570 1277 constat,
2631 1227 2693 1267 ea
2740 1228 2868 1283 quas
2889 1211 3094 1267 dudum
3123 1221 3249 1267 sunt
3298 1211 3484 1268 obiata
3523 1213 3663 1270 reci-

2045 1314 2257 1372 tentnr;
2285 1316 2338 1362 et
2365 1306 2432 1362 ad
2466 1307 2582 1362 haec
2627 1307 2812 1363 omnia
2843 1323 2970 1378 pars
2995 1323 3026 1364 e
3054 1307 3276 1364 diverso
3301 1308 3502 1364 sistens
3545 1323 3662 1364 res-

2045 1397 2283 1466 pondere
2311 1407 2554 1469 cogatur.
3035 1446 3038 1448 .

2115 1488 2243 1546 260.
2288 1488 2550 1544 Emeritus
2598 1490 2878 1562 episcOpns
2929 1491 3080 1546 dixit.
3131 1491 3292 1548 Prius
3337 1491 3661 1548 testimoniis

2045 1582 2360 1637 testimonia
2383 1578 2684 1639 revincam.
2716 1584 2872 1640 Tune
2897 1585 2968 1640 ad
2991 1601 3053 1641 ea
3083 1602 3200 1656 quae
3231 1585 3540 1641 sublimitas
3570 1594 3662 1640 tua

2040 1673 2366 1743 iudicaverit
2406 1677 2732 1732 veniendum
2766 1688 2872 1734 est.
2922 1677 2994 1732 Et
3022 1680 3129 1734 alia
3167 1695 3346 1734 manu.
3388 1680 3662 1738 Emeritus

338 1772 472 1829 item
503 1771 698 1828 Esaias
725 1788 738 1824 :
769 1769 1053 1836 Discedite,
1078 1772 1212 1831 exite
1231 1771 1350 1825 inde
1377 1813 1396 1836 ,
1416 1781 1464 1828 et
1494 1772 1815 1826 immundum
1842 1786 1937 1823 no-
1971 1782 2020 1842 Β
2047 1766 2334 1838 cpiscopus
2360 1769 2506 1823 salva
2538 1770 3238 1842 appellationezrecognovi.

337 1866 426 1922 tite
465 1875 672 1932 tangere
700 1881 712 1917 :
749 1857 1012 1921 Discedite
1039 1863 1102 1918 de
1127 1863 1299 1918 medio
1328 1880 1504 1918 eorum
1528 1865 1615 1933 qui
1646 1863 1792 1932 fertis
1822 1878 1946 1918 uasa

336 1957 549 2016 Domini
596 1959 732 2031 (Ita.
765 1954 888 2026 ut).
925 1957 1057 2014 Item
1108 1959 1450 2029 Ap08loius:
1510 1957 1612 2014 Vos
1665 1957 1796 2012 enim
1829 1957 1948 2013 estis

339 2051 588 2122 templum
612 2049 708 2104 Dei
737 2051 852 2106 vivi.
885 2047 1026 2106 Dicit
1052 2051 1193 2106 enim
1227 2051 1336 2120 ipse
1370 2066 1388 2105 :
1423 2049 1680 2117 Quoniam
1707 2049 1946 2108 habitabo

338 2143 393 2198 in
417 2145 522 2210 eis,
553 2150 604 2200 et
634 2142 688 2196 in
713 2143 788 2198 eis
809 2140 1078 2200 απιθωίώο
1099 2181 1114 2208 ,
1158 2151 1206 2196 et
1234 2158 1320 2197 ero
1343 2142 1550 2196 illorum
1576 2140 1715 2196 Deus
1734 2183 1746 2205 ,
1775 2151 1821 2198 et
1845 2140 1947 2209 ipsi

339 2245 491 2290 erunt
538 2232 664 2288 nti/ti
703 2233 926 2304 populus
974 2249 1134 2289 meus.
1192 2231 1418 2304 PrOpter
1447 2233 1586 2304 quod
1615 2232 1857 2288 discedite
1883 2230 1948 2286 de

341 2328 508 2384 medio
536 2343 713 2382 eorum
735 2335 785 2382 et
803 2326 1114 2398 separamini
1133 2365 1151 2393 ,
1179 2334 1228 2380 et
1253 2325 1573 2380 immundum
1610 2340 1672 2378 ne
1723 2322 1946 2393 tetigeri—

343 2422 429 2490 tis,
447 2431 496 2476 et
520 2438 609 2493 ego
636 2421 882 2488 recipiam
912 2434 999 2474 vos
1028 2459 1049 2487 ,
1096 2428 1144 2473 et
1177 2434 1266 2474 ero
1287 2418 1425 2472 vobis
1452 2418 1504 2470 in
1546 2427 1761 2484 patrem,
1788 2425 1835 2468 et
1859 2431 1946 2469 vos

344 2517 484 2573 eritis
510 2517 638 2570 mihi
667 2515 721 2568 in
753 2514 888 2584 ﬁlias
919 2523 965 2569 et
994 2513 1162 2582 ﬁlias,
1192 2512 1314 2568 dicit
1344 2510 1596 2564 Dominus
1627 2509 1946 2579 omnipotens

343 2606 428 2680 (ll
456 2608 575 2663 Cor.
615 2607 729 2678 vt).
767 2604 898 2664 lllud
928 2619 1058 2660 vero
1087 2604 1243 2675 quale
1293 2615 1418 2671 est,
1463 2612 1520 2658 ut
1565 2618 1689 2658 cum
1727 2617 1824 2656 nos
1864 2601 1946 2656 eis

345 2700 664 2772 objiciamus
712 2696 1115 2770 persecutiones
1177 2705 1235 2752 et
1286 2696 1550 2750 immanes
1596 2693 1946 2749 crudelitates

345 2792 540 2862 quibus
573 2791 675 2863 ipsi
704 2799 758 2846 et
796 2789 1031 2860 majores
1061 2803 1250 2844 eorum
1283 2802 1382 2842 nos
1411 2795 1700 2858 patresque
1728 2797 1945 2840 nosu-us

347 2900 441 2955 per
461 2900 637 2942 annos
677 2893 896 2940 centum
927 2879 1010 2932 vel
1043 2881 1273 2952 amplius
1303 2881 1422 2935 sine
1461 2881 1770 2935 cessatione
1798 2878 1942 2932 afﬂi-

347 2979 528 3032 xerint
557 2986 722 3046 atque
773 2978 1097 3033 vexaveriut
1129 3018 1143 3043 ,
1202 2973 1281 3029 illi
1331 2972 1435 3027 isto
1478 2987 1585 3027 non
1618 2971 1945 3026 erubescant

351 3070 612 3140 sulfragio
632 3113 646 3137 ,
667 3071 811 3142 quod
839 3070 1023 3126 dicant
1045 3070 1111 3126 ab
1139 3067 1408 3142 aliquibus
1436 3077 1743 3121 nostrorum
1773 3064 1944 3118 Maxi-

2119 1858 2248 1914 261.
2295 1861 2614 1932 Augustinus
2640 1863 2914 1934 episcopus
2935 1862 3187 1918 Ecclesia:
3208 1864 3474 1918 catholith
3501 1862 3658 1918 dixit.

2048 1949 2307 2006 Permitte
2333 1966 2453 2018 nos,
2481 1951 2562 2006 vir
2587 1954 2840 2010 subl-imis
2864 1997 2877 2020 ,
2912 1971 3014 2026 pro
3055 1969 3216 2010 causa
3243 1955 3506 2012 Ecclesiae
3549 1969 3661 2008 non

2048 2043 2250 2100 diutius
2290 2045 2584 2115 superﬂuis-
2623 2049 2925 2104 immorari.
2983 2048 3159 2120 Atque
3214 2050 3421 2105 utinam
3465 2049 3662 2104 fratres

2050 2138 2226 2192 nostri
2249 2151 2280 2192 e
2306 2137 2524 2193 diverso
2553 2139 2818 2198 sistentes
2851 2141 2990 2196 Itane
3029 2141 3314 2211 epistolam
3362 2150 3488 2195 ante
3535 2139 3661 2194 illos

2049 2243 2243 2283 omnes
2287 2231 2612 2285 moratorios
2661 2247 2948 2288 sermones
3002 2247 3136 2288 suos
3177 2233 3576 2303 protulissent,
3604 2239 3666 2288 ut

2047 2321 2158 2390 jam
2207 2319 2274 2375 de
2318 2321 2594 2386 Ecclesia,
2629 2324 2778 2380 unde
2815 2339 2975 2380 causa
3005 2326 3270 2392 vertitur,
3301 2325 3504 2396 aliquid
3534 2339 3666 2396 age-

2050 2427 2254 2466 remus.
2291 2413 2694 2468 Animadvertit
2739 2432 2871 2487 ergo
2903 2417 3153 2472 nobilitas
3183 2426 3270 2471 tua
3303 2419 3360 2472 in
3397 2419 3497 2472 hac
3539 2417 3662 2486 epi-

2053 2505 2192 2561 stola
2220 2505 2594 2577 duo‘quaedam
2618 2523 2822 2578 genera
2853 2510 2942 2568 vel
2967 2510 3340 2580 objectionum
3361 2510 3445 2566 vel
3473 2525 3661 2566 rerum

2052 2601 2252 2654 inserta
2278 2601 2475 2670 quibus
2500 2605 2841 2672 respondere
2871 2605 3164 2662 debeamus
3184 2649 3198 2674 ,
3233 2623 3402 2664 unum
3428 2607 3495 2662 de
3522 2607 3662 2662 divi-

2052 2694 2136 2748 nis
2162 2693 2449 2763 scripturis
2490 2704 2544 2749 et
2595 2709 2807 2754 sanctae
2855 2700 2988 2770 legis
3017 2701 3247 2771 eloquiis
3272 2743 3286 2768 ,
3319 2703 3550 2758 alterum
3591 2703 3662 2759 de

2051 2786 2524 2842 criminationibus
2543 2788 2833 2859 humanis,
2866 2809 2985 2864 quae
3015 2789 3320 2864 objicienda
3354 2798 3538 2853 nescio
3563 2798 3659 2868 qui

2053 2879 2376 2934 invidiosius
2423 2881 2602 2948 potius
2648 2899 2810 2952 quam
2841 2885 3020 2940 verius
3051 2875 3394 2955 putaverunt;
3424 2887 3511 2946 Ad.
3543 2889 3663 2946 haec

2051 2973 2161 3028 duo
2201 2973 2388 3044 paucis
2430 2974 2476 3028 si
2508 2974 2779 3034 Dominus
2822 2979 3123 3050 adjuverit,
3166 2982 3619 3052 respondebimus
3644 3023 3661 3050 ,

2051 3068 2218 3140 316
2247 3083 2314 3124 ne
2345 3069 2616 3138 prolixum
2647 3087 2960 3130 sermonem
3009 3083 3172 3131 tantae
3210 3077 3502 3148 prolixitati
3532 3078 3660 3134 red—

346 3164 614 3220 mianistis
659 3164 826 3224 fuisse
878 3165 1288 3236 persecutiones
1329 3162 1504 3217 illatas
1528 3203 1542 3226 ,
1583 3176 1707 3216 cum
1761 3161 1942 3229 utique
1970 3167 2016 3230 ο
2050 3164 2262 3217 damus.
2294 3163 2536 3229 Qumstio
2565 3179 2645 3221 est
2673 3167 2743 3223 de
2763 3167 3004 3224 Ecclesia
3031 3180 3210 3225 utrum
3238 3173 3531 3241 permixtos
3546 3187 3662 3227 ma»-

347 3258 507 3330 longe
535 3259 680 3314 aliud
713 3262 785 3315 sit
817 3268 1072 3327 usurpata
1101 3256 1486 3314 Ecclesiastica
1519 3265 1574 3310 et
1619 3267 1946 3323 compaupe-

344 3367 468 3410 rum
513 3353 748 3410 civiliter
775 3361 1027 3424 repetere
1057 3350 1298 3406 voluisse
1332 3389 1351 3412 ,,
1377 3363 1477 3402 nec
1500 3347 1670 3404 ullum
1701 3344 1767 3399 ad
1797 3359 1946 3400 com-

346 3446 662 3502 munionem
695 3458 938 3504 nostram
981 3444 1260 3501 nolentem
1296 3441 1635 3512 invitumque
1663 3439 1942 3522 coegisse,

345 3548 401 3595 et
438 3538 582 3594 aliud
627 3538 701 3596 sit
745 3549 938 3609 aperto
985 3538 1189 3600 furore
1219 3552 1317 3608 per
1346 3535 1659 3590 universum
1689 3531 1942 3602 papulum

349 3631 721 3690 Christianum
752 3632 934 3692 omnia
984 3632 1123 3686 mala
1160 3629 1455 3687 crudeliter
1504 3641 1782 3684 exercere.
1817 3625 1946 3692 Quis

354 3724 499 3780 enim
524 3725 729 3780 nesciat
759 3723 892 3779 istos
916 3722 1204 3780 traditores
1223 3733 1707 3796 persecutoreSque
1731 3729 1946 3776 nostros

350 3819 418 3874 ab
446 3819 564 3888 ipso
592 3818 818 3874 exordio
865 3817 1238 3872 condemnata:
1273 3815 1580 3872 traditionis
1628 3813 1949 3869 commenti-

349 3908 438 3962 tiis
460 3909 714 3979 precibus
739 3907 949 3963 cunctis
991 3909 1045 3962 in
1077 3917 1320 3962 nostram
1357 3920 1545 3962 necem
1571 3905 1734 3976 hujus
1762 3903 1948 3959 surculi

349 3999 685 4072 principibus
714 4001 1086 4072 supplicasse,
1119 4010 1286 4072 atque
1308 3999 1376 4054 ad
1407 4015 1559 4060 suam
1603 4001 1945 4056 communio-

350 4108 475 4148 nem
507 4104 696 4150 contra
729 4094 821 4150 Dei
848 4107 1117 4167 praecepta
1149 4094 1312 4151 minis
1353 4104 1408 4151 ct
1457 4093 1948 4166 proscriptionibus

356 4195 668 4242 coarctasse
690 4185 889 4248 'i'Natn
949 4195 1007 4242 ut
1071 4188 1385 4242 omittamus
1439 4197 1672 4257 quantus
1726 4187 1947 4256 sanguis

353 4278 692 4336 Christianus
740 4279 944 4336 effusus
993 4279 1058 4334 sit
1108 4293 1207 4350 per
1256 4279 1584 4352 Leontium,
1635 4277 1946 4345 Ursatium,

350 4375 640 4434 blacarium
665 4418 683 4444 ,
716 4375 942 4432 Paulum
970 4416 986 4448 ,
1021 4374 1321 4430 Taurinum
1344 4415 1358 4440 ,
1397 4373 1702 4429 Romanum
1732 4412 1745 4439 ,
1787 4380 1948 4427 caete-

351 4485 552 4540 rosque
573 4481 925 4530 exsecutores
952 4484 1091 4541 quos
1122 4469 1176 4524 in
1203 4475 1520 4524 sanctorum
1539 4481 1728 4526 necem
1751 4481 1780 4520 a
1801 4466 1949 4534 priu-

2055 3255 2137 3310 los
2165 3269 2335 3324 usque
2363 3255 2418 3308 in
2445 3255 2606 3311 tinem
2643 3258 2892 3315 habitura
2919 3261 3182 3331 praedicta.
3205 3273 3310 3330 est,
3339 3279 3406 3318 an
3437 3263 3662 3318 omnino

2058 3363 2249 3403 omnes
2283 3348 2453 3403 bonos
2478 3390 2493 3416 ,
2535 3364 2727 3406 omnes
2754 3345 2976 3409 sanctos
3000 3364 3160 3425 atque
3204 3355 3580 3420 inmaculatos
3608 3356 3662 3411 in

2057 3441 2161 3495 hoc
2185 3440 2388 3495 saeculo
2408 3483 2422 3507 ,
2454 3441 2753 3499 istoetiam
2783 3457 3028 3517 tempore
3057 3463 3226 3518 usque
3257 3449 3308 3506 in
3343 3449 3512 3505 finem:
3533 3451 3662 3506 uiti.-

2055 3550 2204 3588 ntum
2261 3534 2472 3588 saeculi.
2530 3534 2771 3607 Utraque
2819 3540 3124 3596 testimonia
3179 3542 3370 3600 divina.
3412 3556 3576 3609 sunt;
3607 3555 3664 3600 et

2051 3627 2239 3696 utique
2293 3630 2654 3696 repugnantia
2686 3645 2809 3686 esse
2858 3647 2965 3685 non
3015 3633 3248 3699 debent,
3292 3651 3394 3690 nec
3439 3640 3663 3692 omnino

2054 3729 2300 3788 possunt,
2327 3719 2370 3772 si
2404 3719 2797 3776 intellectnrem
2829 3723 3136 3778 inveniant.
3167 3729 3375 3782 Areum.
3396 3743 3529 3784 esse.
3561 3729 3665 3784 Ec-

2052 3813 2272 3867 clesiatn
2302 3827 2408 3865 non
2440 3826 2541 3879 ego
2571 3812 2701 3867 dixi.
2739 3813 2858 3870 Non
2901 3817 3186 3889 quisquam
3217 3832 3462 3876 nostrum
3488 3863 3512 3890 λ
3558 3822 3657 3879 sed

2054 3905 2406 3976 Evangelium
2436 3904 2704 3976 loquitur,
2736 3908 2826 3964 ubi
2859 3912 3122 3982 scriptum
3148 3922 3232 3969 est
3259 3923 3554 3972 venturum.
3569 3915 3664 3988 qui

2055 3997 2416 4054 ventilabrum
2447 3997 2584 4054 ferat
2611 3999 2663 4055 in
2691 4016 2852 4056 manu
2874 4015 2968 4057 sua
2992 4015 3049 4060 et
3070 4007 3662 4066 mundaturumaream

2053 4106 2206 4146 suam
2231 4135 2245 4159 ,
2280 4090 2553 4146 frumenta
2583 4094 2846 4148 recondet
2875 4096 2927 4149 in
2957 4095 3174 4152 horreo.
3203 4098 3275 4152 Et
3324 4117 3440 4155 cum
3470 4102 3663 4156 diceret

2057 4185 2149 4258 (Et
2169 4186 2273 4240 alia
2303 4201 2478 4239 manu.
2506 4185 2865 4257 Recognovi),

2126 4277 2255 4333 262.
2297 4275 2557 4331 Emeritus
2600 4278 2869 4351 episcopus
2911 4280 3063 4336 dixit.
3115 4281 3233 4338 Non
3267 4283 3401 4355 legit
3449 4302 3656 4342 aream.

2055 4369 2125 4425 Et
2164 4372 2269 4426 alia
2297 4388 2475 4426 manu.
2506 4371 2778 4428 Emeritos
2798 4375 3086 4446 episcopus
3116 4381 3427 4450 recognovi.
3453 4381 3659 4455 Augus-

2056 4466 2192 4519 tinus
2248 4465 2520 4535 episcopus
2574 4463 2825 4522 Ecclesiae
2888 4467 3156 4526 catholicis
3219 4473 3368 4529 dixit.
3418 4475 3658 4534 Joannes

347 4561 560 4633 cipibus
586 4564 772 4618 smeuli
817 4571 1166 4628 meruerunt,
1213 4559 1432 4632 quando
1459 4559 1674 4629 plurimi
1720 4571 1945 4613 venera-
1973 4567 2028 4627 ])
2054 4557 2190 4612 dixit
2223 4575 2235 4611 :
2264 4556 2541 4610 Mundabit
2584 4574 2757 4613 aream
2801 4576 2988 4627 suam,
3039 4565 3308 4632 frumenta
3341 4570 3577 4622 recondet
3601 4571 3658 4624 in

345 4655 546 4710 rabiles
591 4655 907 4714 sacerdotes
937 4653 1124 4718 occisi,
1155 4652 1248 4707 alii
1293 4652 1346 4708 in
1375 4650 1625 4706 exsilium
1675 4649 1942 4720 relegati,

346 4745 729 4808 Christianitas
756 4747 865 4804 late
884 4757 1104 4815 vexata,
1134 4756 1346 4804 sacrata
1373 4755 1616 4817 stuprata
1643 4744 1941 4814 virginitas,

347 4844 637 4914 proscripti
665 4842 883 4914 divites,
915 4842 1130 4914 spoliati
1158 4854 1446 4912 pauperes,
1471 4838 1666 4896 ablatae
1684 4836 1944 4903 basilicae,

346 4943 511 5005 atque
539 4935 647 4991 acti
677 4939 731 4992 in
756 4935 934 5006 [ngam
967 4933 1179 5004 profugi
1208 4932 1522 4989 sacerdotes
1541 4973 1555 4998 ,
1587 4937 1775 4986 nostro
1804 4944 1948 4984 nunc

348 5033 594 5096 tempore
617 5034 815 5097 quanta
846 5023 1219 5089 commiserint
1247 5025 1428 5080 nullus
1459 5025 1692 5096 ignorat.
1723 5019 1949 5091 Episco-

347 5121 436 5192 pis
472 5123 821 5194 ingesserunt
846 5121 1064 5188 exsilia,
1095 5105 1420 5177 Christianis
1442 5116 1770 5188 fugientibus
1809 5129 1950 5194 prte-

350 5193 556 5287 cipitia,
582 5225 976 5287 Oppresserunt
998 5215 1252 5286 populos,
1285 5212 1510 5285 praedati
1542 5217 1672 5266 sunt
1692 5193 1939 5273 clericus,

351 5311 672 5367 invaserunt
706 5309 994 5376 basilicas,
1049 5310 1346 5365 intulerunt
1374 5306 1685 5369 consentire
1714 5303 1947 5358 nolenti-

345 5403 449 5460 bus
476 5403 703 5474 plagas;
752 5409 1029 5474 postremo
1077 5403 1132 5457 in
1190 5417 1300 5458 uno
1351 5409 1560 5460 tantum
1606 5396 1804 5470 oppido
1842 5394 1946 5460 Ba-

346 5496 555 5570 gaiensi
578 5509 939 5560 eoruutcausa
958 5496 1252 5556 multorum
1266 5492 1698 5560 Christianorum
1723 5485 1944 5558 sanguis

346 5588 556 5646 eﬂ‘usus
576 5579 695 5654 est,
738 5597 794 5646 et
823 5601 923 5658 nec
950 5589 1030 5653 sic
1057 5587 1236 5659 satiati
1277 5585 1331 5639 in
1363 5583 1684 5655 hodiernum
1717 5592 1945 5654 cessare

345 5680 591 5740 contenti
633 5690 779 5740 sunt.
809 5678 966 5742 Unde
993 5677 1119 5749 quia
1147 5664 1214 5730 ad
1251 5675 1355 5732 huc
1386 5663 1547 5729 tanta:
1595 5664 1945 5729 immanitatis

267 5768 270 5771 ’
345 5790 539 5834 eorum
597 5772 981 5832 acerbissimos
1031 5769 1216 5827 titulos
1266 5769 1336 5827 de
1377 5760 1660 5840 scripturis
1707 5753 1941 5832 divinis,

2050 4650 2234 4706 horreo
2258 4649 2476 4724 (Matth.
2523 4665 2622 4718 ιιι,
2659 4651 2764 4718 12;
2793 4662 2840 4706 et
2867 4651 2998 4708 Luc.
3028 4669 3107 4721 ιιι,
3152 4657 3262 4729 Μ).
3312 4657 3382 4712 Ει
3427 4661 3655 4714 cum-di-

2051 4755 2189 4801 ceret
2241 4744 2330 4819 (Et
2361 4746 2468 4799 alia
2496 4761 2669 4799 manu.
2705 4745 3058 4819 Recognovi),
3094 4747 3535 4806 Marcellinusuiu
3549 4753 3658 4809 cla.

2051 4837 2289 4891 rissimus
2314 4836 2550 4892 tribunus
2579 4845 2628 4892 et
2655 4839 2886 4892 notarius
2916 4838 3067 4894 dixit.
3101 4840 3214 4902 Hoc
3243 4843 3660 4915 quod-postult

2050 4931 2341 5002 relegatur.

2120 5022 2248 5078 265.
2297 5021 2583 5078 Petilianus
2611 5022 2631 5096 (
2660 5024 2769 5079 Aut
2810 5025 2988 5094 potius
3033 5023 3298 5084 Emeritos
3319 5030 3353 5101 )-
3383 5032 3656 5105 episcopus

2053 5114 2204 5170 dixit.
2259 5114 2336 5170 De
2379 5115 2615 5185 occultis
2655 5117 2762 5172 reis
2793 5117 2893 5172 hoc
2941 5117 3080 5173 dixit
3128 5119 3492 5193 Evangelista,
3544 5141 3656 5182 non

2051 5207 2118 5263 de
2145 5208 2514 5282 evidentibus,
2557 5207 2702 5279 quod
2753 5217 2809 5263 tu
2847 5209 2927 5264 vis
2961 5219 3136 5266 tecum
3167 5228 3289 5270 esse
3324 5217 3648 5285 permixtos.

2051 5297 2121 5354 Et
2156 5300 2260 5354 alia
2291 5317 2466 5354 manu.
2499 5299 3114 5373 Petilianusepiscopus
3136 5284 3444 5378 recogno'ui.
3616 5284 3618 5287 Ι

2118 5388 2245 5446 264.
2290 5392 2609 5463 Augustinus
2627 5392 2902 5465 episcOpus
2922 5392 3170 5452 Ecclesiae
3198 5402 3470 5457 catholicae
3496 5403 3655 5457 dixit;-

2053 5482 2368 5540 Proseeutio
2415 5493 2598 5541 nostra
2649 5499 2751 5555 pro
2801 5486 3040 5556 ipsorum
3080 5491 3307 5560 epistola
3360 5492 3651 5550 habeatur..-

2052 5576 2184 5649 Legi
2213 5578 2379 5648 coepit
2407 5619 2421 5645 ,
2466 5578 2647 5633 nullus
2693 5595 2721 5632 a
2769 5578 2924 5635 nobis
2970 5582 3176 5637 relatus
3213 5593 3297 5637 est
3348 5585 3646 5652 strepitus,

2052 5669 2198 5724 nulla
2234 5663 2610 5726 interturbatio
2639 5711 2654 5738 ,
2697 5671 2848 5726 nulla
2880 5673 3222 5742 interrttptio.
3258 5673 3546 5729 Permittat
3586 5685 3656 5732 ut,

2054 5763 2234 5818 ﬁniam
2278 5761 2423 5834 quod
2453 5763 2835 5838 coepi-eloqui,
2866 5773 2934 5822 et.
2949 5764 3028 5820 sic
3072 5764 3418 5835 respondeat.
3461 5766 3642 5836 Quare
