4134 6186
567 208 708 267 1415

1517 213 1748 274 GESTA
1783 213 2242 280 COLLATIONIS
2277 219 2902 286 CARTHAGINENSIS.

3731 234 3860 293 “16

557 324 850 421 nonnobis
874 324 1211 421 rependitur
1240 325 1382 421 quod
1415 332 1858 421 prarogavimus.
1895 332 2150 388 Animad-
2179 337 2229 395 A
2258 343 2345 392 tus
2375 340 2661 410 episcopus
2690 341 3023 414 recognovii,
3067 342 3391 414 Augustinus
3431 343 3706 421 episcopus
3755 351 3859 406 Ec—

558 415 721 471 vertit
764 416 1014 470 nobilitas
1065 425 1154 472 tua
1216 419 1533 488 patientiam
1580 432 1823 477 nostram
1870 438 1994 478 cum
2053 435 2156 478 tam

555 506 713 580 longa
746 509 1070 564 recitaretur
1092 510 1345 581 epistola.
1398 509 1469 566 Et
1513 529 1628 568 cum
1663 515 1856 569 diceret
1914 514 2025 586 (Et
2053 516 2159 570 alia

553 618 732 657 manu.
765 601 1120 673 Recognovi),
1144 601 1406 660 Emeritus
1426 606 1700 678 episcopus
1725 608 1874 662 dixit.
1903 607 2015 664 Nos
2036 625 2159 680 gra-

555 702 648 749 vat
672 709 793 750 cum
824 709 885 751 se
907 694 1040 751 dicit
1066 711 1188 753 esse
1213 698 1508 768 patientem
1541 716 1556 765 ;
1603 709 1658 755 et
1685 717 1792 755 non
1818 700 1980 757 debet
2001 703 2068 758 de
2096 719 2157 760 se

553 786 698 844 ferre
725 790 1050 846 sententiam
1079 790 1148 846 de
1195 807 1303 863 quo
1329 791 1469 847 alius
1487 793 1713 863 iudicat.
1745 793 1812 848 Et
1842 796 1948 850 alia
1976 813 2150 850 manu.

553 880 828 940 Emeritos
867 883 1155 956 episcopus
1184 887 1506 957 recognovi.

622 978 753 1034 265.
791 977 1110 1049 Augustinus
1133 979 1405 1050 episcopus
1437 979 1684 1036 Ecclesia
1701 981 1969 1038 catholica
1997 983 2146 1039 dixit.

547 1071 593 1127 Ο
622 1073 667 1126 si
713 1086 864 1128 esses
892 1079 948 1128 et
975 1080 1029 1127 tu
1075 1073 1286 1142 patiens
1330 1072 1504 1128 donec
1554 1073 1736 1128 finiam
1767 1074 1912 1145 quod
1965 1091 2153 1146 prose-

550 1165 718 1235 quor!
755 1164 895 1233 Ergo
920 1205 934 1229 ,
970 1173 1030 1218 ut
1073 1164 1258 1222 dicere
1284 1179 1554 1236 coeperam
1580 1207 1594 1232 ,
1626 1165 1810 1222 divina
1841 1177 1966 1223 sunt
1995 1170 2151 1225 testi-

551 1255 734 1310 monia
760 1255 829 1311 de
859 1255 1080 1310 zizaniis
1103 1267 1161 1312 et
1190 1258 1370 1313 tritico
1392 1273 1454 1313 ea
1477 1274 1595 1330 qua:
1615 1259 1921 1329 intelligere
1948 1261 2148 1318 conati.

550 1349 934 1406 Verumtamen
949 1349 1017 1406 de
1038 1351 1246 1406 retibus
1274 1350 1563 1421 aliquando
1593 1352 1828 1409 confessi
1856 1365 1982 1410 sunt
2005 1354 2151 1424 quod

548 1443 723 1498 malos
753 1454 807 1499 et
838 1444 1012 1500 bonos
1040 1444 1288 1500 habitura
1315 1454 1398 1501 est
1423 1444 1702 1512 Ecclesia;
1737 1447 1834 1502 sed
1875 1463 1971 1504 eos
1997 1448 2150 1506 dixe-

548 1544 680 1592 runt
712 1550 835 1592 esse
866 1521 1239 1593 sacerdOtibus
1267 1537 1568 1630 incognitos
1589 1578 1605 1604 ,
1638 1549 1694 1595 et
1728 1539 1850 1596 ideo
1876 1557 1981 1596 non
2009 1557 2148 1612 prae-

2261 431 2434 488 clesia
2453 434 2720 490 catholica
2749 437 2902 490 dixit.
2929 435 3153 504 Quando
3178 437 3458 508 legebatur
3481 443 3713 512 epistola
3743 485 3760 510 ,
3785 445 3856 500 sic

2264 521 2598 582 habebamus
2642 537 2899 600 tanquam
2933 529 3034 600 ipsi
3076 543 3560 602 prosequerentur.
3597 535 3858 594 Prosecu-

2262 615 2396 671 tioni
2445 616 2685 687 ipsorum
2731 620 3061 691 praebuimus
3100 623 3395 679 silentium.
3421 624 3560 682 Nolo
3611 629 3756 684 enim
3784 629 3859 685 di-

2260 722 2390 764 cere
2434 711 2751 780 patientiam
2778 715 2945 784 ,quia
2998 714 3050 770 id
3098 716 3527 775 calumniantur.
3579 720 3861 780 Praebeant

2261 798 2419 855 nobis
2445 810 2497 856 et
2535 802 2635 872 ipsi
2676 804 2976 860 silentium.
3021 805 3090 860 Et
3139 808 3247 862 alia
3293 827 3472 867 manu.
3526 812 3854 887 Recognovi.

2257 893 2558 952 Adeodatus
2605 901 2878 969 episcopus
2922 901 3073 956 dixit.
3114 901 3410 963 Possumus
3469 909 3721 978 praebere
3768 927 3858 981 pa-

2256 987 2540 1056 tientiam;
2579 1005 2739 1061 quam
2768 992 2987 1063 quidem
3023 997 3323 1064 praebemus
3353 1041 3367 1065 ,
3400 999 3448 1054 si
3482 1015 3548 1055 ea
3577 1017 3702 1072 qua:
3740 1019 3858 1073 pars

2254 1077 2472 1135 diversa
2543 1083 2774 1150 asserit,
2837 1084 3070 1141 habeant
3133 1086 3502 1146 ﬁrmissimam
3565 1095 3855 1152 rationem.

2253 1170 2389 1227 Nam
2417 1188 2538 1229 cum
2566 1176 2725 1230 aliter
2749 1175 2834 1232 lex
2866 1177 3252 1249 interpretetur
3279 1198 3440 1253 quam
3474 1194 3594 1252 est,
3630 1190 3756 1259 quis
3780 1189 3860 1246 fe-

2254 1277 2371 1334 rat,
2421 1268 2543 1339 quis
2571 1270 2813 1340 paliatur
2843 1273 3064 1328 silentio
3105 1275 3306 1331 adferri
3345 1279 3765 1349 pra‘judicium?
3795 1282 3861 1338 Et

2252 1359 2362 1413 alia
2392 1377 2570 1415 manu.
2607 1361 2923 1420 Adeodatus
2965 1367 3252 1437 episcopus
3278 1373 3594 1442 recognovi.
3640 1372 3863 1430 Vincen-

2251 1450 2358 1506 tius
2375 1453 2645 1523 episcopus
2667 1453 2918 1511 Ecclesia
2937 1458 3203 1514 catholica
3222 1460 3377 1516 dixit.
3402 1462 3575 1518 Serva
3599 1466 3693 1522 tibi
3717 1469 3858 1538 quod

2250 1545 2622 1614 reprehendas
2674 1551 2718 1603 si
2759 1549 2960 1621 aliquid
2991 1553 3401 1611 contradicitur.
3449 1556 3518 1611 Et
3545 1559 3653 1614 alia
3679 1559 3855 1618 manu.

541 1629 794 1702 judicare
837 1630 994 1686 bonis
1036 1632 1290 1702 quoniam
1351 1629 1750 1703 ignorarentur.
1807 1633 1924 1705 Ego
1963 1645 2144 1690 autem
2248 1637 2578 1710 Recognovi.

545 1738 764 1794 possem
795 1723 1280 1796 qualibuscumque
1311 1724 1639 1781 facultatula:
1661 1741 1798 1782 mea:
1829 1727 2145 1782 assertioni-

545 1814 652 1871 bus
676 1816 964 1872 ostendere
995 1816 1143 1871 illum
1169 1831 1292 1873 esse
1315 1817 1580 1874 veriorem
1605 1817 1936 1874 intellectum
1955 1861 1970 1887 ,
2001 1820 2144 1891 quod

541 1907 792 1966 Ecclesia
822 1909 1019 1967 habeat
1047 1920 1100 1967 et
1129 1912 1302 1968 bonos
1332 1923 1386 1968 et
1428 1912 1599 1968 malos
1625 1953 1641 1977 ,
1693 1913 1896 1968 zizania
1935 1915 2147 1971 scilicet

547 2009 609 2056 et
659 2003 896 2058 triticum
924 2045 940 2069 ,
972 2002 1343 2073 mundumque
1371 2005 1545 2074 ipsum
1582 2004 1872 2074 apellatum
1897 2020 2020 2062 esse
2047 2021 2144 2076 pro

536 2096 806 2153 Ecclesia;
850 2097 1068 2153 nomine
1088 2138 1103 2164 ,
1156 2097 1595 2169 quandoquidem
1625 2099 1890 2155 Dominus
1921 2101 2037 2170 ipse
2061 2100 2144 2155 di-

533 2192 615 2248 cit
645 2209 660 2249 :
691 2190 815 2246 Non
834 2202 889 2246 ut
907 2191 1115 2266 judicet
1146 2192 1400 2247 mundum
1423 2233 1437 2258 ,
1469 2191 1560 2248 sed
1587 2202 1643 2247 ut
1670 2194 1896 2249 salvetur
1915 2195 2140 2250 mundus

531 2302 629 2356 per
676 2286 846 2356 ipsum
878 2281 1070 2360 (Joan.
1107 2283 1226 2356 III),
1267 2299 1391 2341 cum
1421 2285 1657 2341 sciamus
1689 2285 1978 2342 Dominum
2025 2302 2134 2342 non

531 2377 748 2434 salvare
777 2378 880 2434 nisi
926 2377 1254 2434 Ecclesium.
1287 2375 1356 2431 Et
1387 2378 1492 2432 alia
1519 2394 1698 2432 manu.
1728 2377 2062 2450 Recognovi.

600 2468 730 2526 266.
773 2468 1036 2524 Emeritus
1061 2469 1332 2538 episcopus
1356 2468 1512 2522 dixit.
1543 2468 1775 2524 Mundus
1827 2477 1880 2525 te
1911 2484 2017 2525 non
2043 2483 2137 2525 co-

526 2563 738 2636 gnovit.
773 2561 915 2633 Ergo
943 2562 1111 2617 Deum
1147 2561 1385 2616 Ecclesia
1417 2575 1524 2615 non
1555 2559 1800 2629 agnovit,
1833 2559 1880 2617 si
1902 2560 2135 2616 mundus

528 2654 778 2711 Ecclesia
807 2665 911 2710 e81.
940 2653 1008 2710 Et
1036 2654 1230 2709 iterum
1258 2652 1432 2708 dixit:
1461 2650 1531 2707 Ut
1553 2669 1671 2706 reus
1697 2653 1791 2722 ﬁat
1816 2661 1954 2707 totus
1978 2669 2131 2706 mun-

525 2748 625 2803 dus
645 2748 756 2805 Deo
786 2747 841 2822 (I
881 2747 1042 2804 Joan.
1076 2764 1108 2802 v
1135 2749 1172 2818 ).
1208 2748 1274 2803 Et
1323 2746 1520 2803 iterum
1547 2745 1686 2802 dixit
1719 2765 1733 2801 :
1763 2747 1828 2803 Si
1853 2747 1918 2802 de
1939 2747 2132 2803 mundo

523 2843 735 2908 essetis,
770 2841 995 2896 mundus
1039 2841 1177 2912 quod
1215 2855 1366 2894 suum
1415 2848 1544 2894 esset
1569 2848 1833 2906 amasset;
1869 2839 1961 2894 sed
1995 2855 2130 2893 nunc

524 2937 768 3006 quoniam
798 2935 862 2990 de
888 2935 1084 2989 mundo
1114 2950 1216 2988 non
1244 2933 1364 2988 estis
1388 2972 1405 2997 ,
1459 2941 1734 3002 propterea
1773 2932 1883 2986 odit
1919 2941 1966 2987 et
2010 2948 2130 3003 per-

523 3028 756 3096 sequitur
799 3042 888 3083 uos
918 3026 1142 3080 mundus
1170 3025 1350 3097 (Joan.
1385 3023 1501 3096 xv).
1545 3024 1613 3079 Et
1643 3026 1836 3080 iterum
1870 3041 1883 3077 :
1918 3021 2032 3094 Ipsi
2061 3024 2124 3079 de

522 3121 716 3174 mundo
743 3129 882 3186 sunt,
915 3132 962 3174 et
1006 3119 1230 3172 mundus
1266 3116 1480 3174 obaudit
1539 3117 1610 3172 eis
1646 3116 1880 3190 (Iloan.
1918 3113 2025 3187 tv).
2060 3117 2126 3171 Et

515 3212 711 3268 iterum
747 3228 762 3267 :
795 3211 858 3269 Si
883 3213 998 3284 quis
1042 3211 1279 3267 dilexerit
1313 3209 1561 3265 mundum
1583 3249 1600 3276 ,
1633 3225 1736 3264 non
1773 3218 1847 3263 est
1893 3207 2122 3263 charitas

517 3303 696 3360 Patris
710 3304 763 3359 in
776 3306 866 3360 illo
889 3303 1056 3380 (Ibid.
1077 3301 1157 3375 2).
1183 3301 1255 3356 Et
1281 3303 1386 3358 alia
1409 3319 1587 3357 manu.
1617 3302 1889 3358 Eineritus
1912 3302 2124 3372 episco-

518 3412 622 3469 pus
648 3399 798 3454 salva
826 3397 1197 3470 appellatione
1224 3396 1536 3467 recognovi.

585 3491 715 3548 267.
755 3493 1072 3564 Augustinus
1095 3491 1368 3562 episcopus
1390 3488 1641 3544 Ecclesia
1664 3488 1937 3542 catholica
1961 3487 2112 3545 dixit.

514 3584 706 3642 Omnia
733 3584 835 3641 ista
866 3597 1153 3655 possemus
1201 3590 1256 3637 et
1280 3595 1381 3636 nos
1424 3580 1610 3636 dicere
1635 3589 1693 3635 et
1721 3579 1871 3635 velut
1899 3588 2116 3634 contra-

513 3681 592 3737 ria
621 3681 800 3752 primo
826 3678 1106 3752 proposita
1134 3675 1374 3733 solvere.
1401 3674 1589 3746 Itaque
1611 3673 1732 3729 sine
1760 3688 1922 3728 causa
1947 3675 2116 3729 inter-

517 3781 779 3844 rumpunt
807 3773 912 3829 isto
935 3773 1190 3842 strepitu,
1216 3770 1340 3842 quia
1373 3770 1615 3838 epistolae
1639 3769 1876 3838 ipsorum
1904 3768 2112 3838 potuis-

516 3879 701 3922 semus
724 3865 850 3920 talia
873 3865 1075 3931 facere,
1103 3880 1170 3920 ne
1198 3865 1536 3920 recitaretur.
1566 3863 1840 3919 Patienter
1867 3861 2108 3918 audiant.

511 3958 922 4014 Admoneantur
968 3972 1001 4012 a
1044 3956 1374 4012 sublimitate
1413 3965 1501 4010 tua
1530 3957 1708 4011 facere
1741 3956 1884 4027 quod
1917 3968 2112 4026 sponte

503 4053 685 4110 facere
713 4052 1041 4108 debuerunt.
1073 4050 1346 4107 Patienter
1363 4050 1601 4105 audiant.
1632 4049 1748 4105 Non
1763 4057 1846 4106 est
1868 4064 1956 4105 res
1976 4049 2108 4106 levis

503 4164 624 4220 qua
650 4157 908 4204 tractatur
940 4163 968 4202 a
990 4145 1168 4202 nobis.
1191 4145 1538 4215 Suscepimus
1568 4144 1727 4200 hodie
1752 4145 2106 4216 respondere,

501 4241 547 4297 si
580 4241 724 4297 Deus
750 4238 1020 4311 adjuverit
1041 4280 1056 4305 ,
1082 4236 1308 4308 prolixa:
1343 4237 1590 4307 epistolae
1616 4252 1827 4292 eorum.
1868 4236 1976 4293 Nec
2012 4252 2104 4293 ro-

499 4347 690 4405 gamus
709 4340 771 4387 ut
791 4332 982 4387 edatur
1006 4330 1163 4386 nobis
1179 4338 1234 4385 et
1258 4329 1664 4385 consideremus
1689 4337 1745 4384 et
1780 4338 1969 4399 postea
2018 4345 2106 4386 re-

498 4424 886 4497 Spondeamus,
932 4424 1073 4478 sicut
1103 4421 1204 4492 ipsi
1247 4421 1316 4477 de
1345 4419 1597 4477 mandato
1621 4431 1806 4476 nostro
1833 4420 2095 4477 fecerunt.

497 4516 784 4574 Prabeant
819 4515 977 4572 nobis
1022 4515 1254 4585 aliquam
1286 4513 1595 4584 patientiam
1625 4528 1721 4583 per
1750 4513 2095 4568 incolumita-

497 4618 606 4666 tem
634 4619 802 4664 tuam.
832 4606 901 4662 Et
927 4607 1036 4662 alia
1059 4622 1234 4660 manu.
1267 4603 1598 4675 Recognmi.
1636 4604 1976 4658 Marcellinus
2017 4604 2097 4658 vir

494 4705 813 4760 clarissimus
842 4703 1077 4758 tribunus
1097 4711 1145 4757 et
1165 4702 1399 4756 notarius
1439 4701 1590 4754 dixit.
1635 4697 1785 4754 JuSta
1819 4699 2096 4769 postulan-

495 4802 603 4851 tur.
633 4796 954 4852 Patientiam
977 4793 1221 4867 ejusdem
1248 4791 1615 4863 prosecutioni
1647 4801 1858 4847 certum
1887 4801 1971 4848 est
1997 4791 2093 4848 de-

494 4887 626 4945 bere
650 4888 1006 4944 commodari.

564 4982 691 5040 268.
733 4981 993 5038 Emeritus
1022 4982 1290 5054 episcopus
1318 4979 1473 5034 dixit.
1510 4977 1628 5049 Ipse
1657 4977 1760 5034 sibi
1791 4977 2088 5049 obstrepit,

492 5074 619 5133 dum
644 5075 803 5146 longa
833 5078 1196 5148 prosequitur.
1221 5074 1290 5129 Et
1323 5074 1432 5156 alia
1471 5089 1647 5128 manu.
1672 5071 1946 5128 Emeritos
1975 5071 2089 5144 epi-

488 5185 686 5242 scopus
707 5171 1017 5241 recognovi.

2173 1717 2222 1778 Β
2320 1755 2449 1812 27!.
2491 1756 2827 1815 Marcellinus
2867 1760 2933 1817 ν.
2965 1761 3027 1817 C.
3070 1764 3304 1821 tribunus
3333 1776 3381 1822 et
3424 1770 3666 1826 notarius
3706 1771 3857 1827 dixit.

2247 1847 2522 1905 Promissa
2568 1851 2823 1921 patientia
2864 1855 3188 1924 prmheatur.
3238 1857 3526 1915 Montanus
3583 1864 3859 1934 episcopus

2247 1943 2402 1999 dixit.
2431 1945 2658 2014 Quando
2685 1948 2865 2002 omnia
2890 1949 2941 2003 in
2969 1949 3155 2005 animo
3181 1953 3486 2008 retinentur
3508 1994 3524 2020 ,
3551 1955 3597 2009 si
3632 1971 3746 2012 non
3793 1959 3858 2013 ad

2245 2036 2458 2108 singula
2491 2039 2937 2108 respondeamus.
2969 2041 3038 2094 Et
3069 2042 3175 2097 alia
3204 2060 3381 2098 manu.
3422 2043 3715 2101 Montanus
3744 2049 3858 2118 epi-

2241 2145 2443 2202 scopus
2467 2135 2779 2204 recognovi.
2833 2135 3179 2190 Marcellinus
3207 2137 3286 2191 vir
3327 2138 3651 2195 clarissimus
3695 2142 3855 2195 tribe-

2242 2241 2340 2280 nus
2389 2235 2437 2280 et
2489 2230 2725 2282 notarius
2775 2227 2926 2282 dixit.
2959 2227 3225 2285 Teuorem
3279 2229 3549 2286 universa
3597 2232 3851 2301 epistola:

2240 2319 2510 2389 patienter
2552 2328 2766 2375 constat
2809 2319 3108 2390 auditum}
3127 2320 3479 2392 Consequens
3509 2331 3594 2378 est
3649 2334 3713 2378 ut
3764 2341 3851 2381 rc-

2238 2411 2566 2482 sponsiones
2596 2412 2663 2466 ad
2685 2413 2896 2484 singula
2926 2414 3200 2485 patienter
3223 2415 3414 2471 audire
3436 2417 3759 2488 dignemini.

2307 2524 2436 2579 272.
2479 2525 2796 2594 Augustinus
2821 2527 3094 2599 episwpus
3122 2526 3372 2583 Ecclesia:
3394 2527 3671 2584 catholica
3691 2532 3846 2587 dixit.

2237 2616 2366 2673 Ideo
2390 2627 2445 2673 et
2485 2618 2576 2672 illa
2625 2619 2930 2690 conscripta
2959 2629 3114 2687 sunt,
3145 2628 3203 2676 et
3231 2621 3347 2677 haec
3371 2623 3742 2692 excipiuntur.
3789 2626 3846 2681 Si

2233 2712 2362 2786 quid
2391 2713 2710 2767 memoriam
2741 2712 2897 2781 fallit,
2928 2723 2982 2769 et
3016 2728 3116 2784 ego
3148 2728 3368 2783 possum
3405 2723 3590 2784 petere
3621 2725 3679 2770 ut
3712 2717 3846 2773 mihi

2231 2805 2301 2861 de
2347 2806 2572 2876 epistola
2627 2807 2921 2872 recitetur;
2974 2815 3030 2861 et
3071 2807 3171 2878 ipsi
3206 2817 3476 2877 possunt,
3529 2817 3588 2862 ut
3622 2809 3733 2864 illis
3778 2828 3842 2865 cx

2231 2898 2509 2955 codicibus
2537 2901 2795 2956 recitetur
2821 2941 2836 2967 ,
2865 2899 3111 2971 praebere
3139 2899 3444 2956 silentium.
3477 2903 3719 2972 Agamus
3745 2905 3844 2959 ali-

2231 2991 2378 3062 quid.
2410 2992 2478 3048 Ut
2501 3007 2633 3062 ergo
2672 2992 2858 3048 dicere
2881 3007 3187 3063 coeperam,
3218 2992 3351 3060 ipsis
3378 2993 3803 3049 admonentibus
3823 3036 3839 3058 ,

2153 3097 2198 3162 C
2233 3084 2542 3141 invenimus
2565 3086 2616 3140 in
2638 3085 2925 3156 scripturis
2945 3086 3131 3141 mundi
3157 3102 3356 3141 nomen
3382 3088 3435 3142 in
3465 3089 3611 3144 malo
3638 3132 3653 3155 ,
3685 3106 3838 3144 mun-

2229 3177 2281 3232 di
2314 3193 2510 3234 nomen
2543 3179 2597 3233 in
2625 3178 2789 3234 bono.
2813 3177 2945 3234 Nam
2971 3179 3152 3234 mundi
3179 3195 3382 3236 nomen
3418 3182 3472 3235 in
3502 3183 3670 3248 malo,
3700 3185 3836 3238 sicut

2225 3270 2329 3341 ipsi
2355 3271 2604 3327 dixerunt
2633 3260 2646 3327 ἑ
2677 3271 2743 3325 Et
2769 3273 2991 3326 mundus
3011 3289 3124 3328 eum
3151 3289 3255 3327 non
3284 3276 3525 3346 cegnavit
3559 3276 3744 3350 (Joan.
3771 3277 3831 3346 ι).

2222 3363 2290 3420 Ει
2319 3383 2333 3420 :
2364 3365 2428 3421 Si
2449 3366 2562 3436 quis
2583 3365 2823 3421 dilexerit
2851 3367 3098 3420 mundum
3116 3408 3132 3431 ,
3167 3381 3268 3419 non
3289 3378 3366 3421 est
3392 3369 3626 3423 charitas
3655 3368 3831 3424 Patris

2218 3456 2274 3510 in
2304 3456 2399 3511 illo
2448 3457 2490 3526 (I
2516 3457 2676 3513 Joan.
2704 3456 2789 3530 II),
2822 3467 2878 3513 et
2907 3468 3122 3513 caetera.
3167 3458 3356 3514 Mundi
3397 3471 3583 3516 autem
3635 3477 3829 3518 nomen

2220 3547 2274 3604 in
2316 3549 2478 3606 bono.
2518 3549 2586 3606 Ut
2629 3551 2806 3605 credat
2856 3553 3077 3606 mundus
3114 3552 3362 3619 quoniam
3420 3563 3476 3607 tu
3522 3571 3606 3609 me
3647 3555 3830 3608 misisti

2223 3642 2409 3714 (Joan.
2448 3643 2612 3717 xvu).
2645 3643 2763 3699 Non
2789 3645 2934 3700 enim
2958 3645 3181 3701 credere
3206 3645 3480 3701 malorum
3509 3657 3614 3704 est.
3644 3648 3827 3703 Mundi

2219 3752 2415 3793 nomen
2448 3737 2500 3792 in
2527 3738 2689 3793 bono.
2729 3735 2853 3792 Non
2909 3739 3041 3792 venit
3069 3748 3122 3790 ut
3158 3739 3368 3811 judicet
3411 3742 3668 3794 "tundunt
3695 3783 3709 3804 ,
3741 3743 3829 3794 sed

2216 3838 2273 3884 ut
2297 3830 2524 3885 salvetur
2569 3830 2792 3886 mundus
2821 3846 2912 3899 per
2933 3830 3100 3902 ipsum
3128 3829 3298 3899 (Ibid.
3334 3832 3411 3904 5).
3438 3831 3557 3887 Non
3588 3833 3826 3889 Salvabi-

2217 3934 2304 3977 tur
2335 3923 2433 3978 nisi
2463 3921 2705 3978 Ecclesia
2736 3923 2788 3977 in
2827 3923 3050 3977 mundo.
3099 3922 3232 3977 Cum
3281 3939 3415 3994 ergo
3457 3933 3514 3978 et
3568 3926 3621 3980 in
3682 3926 3822 3980 bono

2214 4015 2470 4079 mundus,
2497 4015 2627 4071 etin
2660 4015 2802 4071 malo
2834 4013 3088 4077 mundus,
3117 4012 3263 4069 unde
3286 4015 3392 4070 ista
3425 4016 3818 4086 scripturarum

2212 4106 2366 4162 rixa?
2410 4107 2466 4164 Si
2503 4107 2844 4164 intellectore
2891 4117 3110 4173 careat,
3167 4107 3369 4165 adhibe
3399 4109 3581 4165 lumen
3610 4112 3819 4164 intelli~

2209 4200 2430 4272 gentia.
2486 4198 2624 4256 Vide
2671 4200 2928 4255 mundum
2977 4198 3032 4255 in
3095 4198 3239 4254 malo
3282 4214 3478 4256 omnes
3521 4200 3820 4257 dilectores

2212 4292 2593 4362 temporalium
2623 4307 2720 4362 per
2751 4293 3028 4347 universas
3052 4302 3243 4362 gentes
3273 4311 3286 4345 :
3319 4293 3444 4349 vide
3474 4293 3734 4347 mundum
3761 4295 3818 4350 in

2206 4382 2353 4438 bono
2390 4397 2582 4438 omnes
2621 4382 2812 4439 fideles
2852 4393 2910 4439 et
2951 4399 3100 4453 spem
3141 4394 3398 4454 gerentes
3426 4397 3644 4440 aeterna!
3689 4389 3822 4443 vita:

2130 4487 2176 4545 ι)
2209 4487 2307 4543 per
2332 4475 2611 4530 universas
2654 4485 2867 4545 gentes.
2901 4471 3040 4528 Deus
3091 4483 3202 4527 erat
3242 4477 3296 4528 in
3320 4475 3520 4531 Christo
3542 4518 3557 4540 ,
3590 4479 3772 4547 inquit
3801 4520 3816 4541 ,

2203 4570 2456 4622 mundum
2493 4568 2832 4623 reconcilians
2877 4569 2974 4622 sibi
3010 4567 3077 4638 (Il
3101 4567 3225 4623 Cor.
3256 4567 3332 4640 v).
3360 4569 3416 4626 Si
3465 4573 3817 4628 reconciliari

2203 4670 2380 4730 potest
2411 4661 2520 4716 Deo
2543 4660 2840 4716 detestatus
2878 4660 2970 4716 ille
2993 4660 3226 4716 mundus
3255 4661 3323 4716 de
3345 4677 3454 4733 quo
3492 4663 3706 4720 dictum
3734 4675 3821 4721 e~t

2199 4754 2324 4824 quia
2352 4768 2458 4808 non
2485 4763 2568 4808 est
2588 4751 2826 4808 ch'aritas
2853 4752 3052 4808 Christi
3085 4755 3138 4808 in
3167 4769 3233 4809 eo
3256 4755 3344 4824 qui
3368 4756 3625 4813 dilexerit
3655 4776 3820 4813 mun-

2197 4845 2359 4914 dum,
2384 4845 2628 4916 judicent
2655 4846 2745 4917 qui
2778 4846 3090 4918 loquuntur.
3123 4847 3324 4903 Audiat
3370 4864 3502 4922 ergo
3534 4854 3819 4923 patienter

2159 4939 2446 5011 _nobilitas
2470 4948 2578 4994 tua.
2609 4938 2779 4995 Video
2818 4942 3137 5010 scripturam
3184 4951 3434 4998 sanctam
3477 4943 3624 5018 [per]
3656 4963 3818 5000 eom-

2193 5033 2394 5087 mixtos
2422 5031 2594 5087 bonos
2623 5043 2677 5087 et
2699 5033 2892 5101 malos,
2919 5033 3056 5088 sicut
3079 5032 3184 5102 ipsi
3204 5034 3276 5091 de
3303 5036 3514 5091 retibus
3529 5039 3643 5108 jam
3677 5056 3816 5096 con—

2193 5121 2324 5178 fessi
2375 5132 2523 5190 sunt,
2572 5124 2930 5195 praesignasse
2961 5123 3281 5180 Ecclesiam.
3332 5125 3563 5182 Etcum
3609 5131 3816 5187 diceret

2189 5232 2402 5289 cumque
2417 5226 2753 5288 streperetur,
2784 5218 3000 5291 Alypius
3030 5221 3303 5293 episcOpus
3332 5220 3592 5280 Ecclesia
3617 5230 3810 5283 catho-

2181 5311 2298 5369 lica
2325 5309 2477 5365 dixit.
2509 5310 2780 5379 Scriptum
2811 5312 2880 5364 sit
2910 5352 2924 5376 ,
2957 5313 3081 5382 quia
3108 5323 3479 5386 perstrepunt.

2255 5423 2414 5496 317
2431 5423 2554 5477 275.
2565 5419 2906 5477 Marcellinus
2930 5423 3006 5477 vir
3021 5424 3340 5480 clarissimus
3368 5427 3612 5485 tribunus
3637 5442 3692 5486 et
3717 5449 3813 5487 no-

2185 5520 2342 5570 tarius
2354 5514 2503 5568 dixit.
2524 5513 2674 5583 Ipsos
2697 5524 3040 5584 perstrepere
3065 5524 3185 5571 acta
3210 5516 3557 5575 contineant.
3579 5523 3808 5594 Alypius

2186 5608 2456 5679 episcOpus
2483 5604 2731 5662 Ecclesia
2756 5605 3036 5663 Catholica
3069 5609 3223 5665 dixit.
3249 5608 3349 5665 Ubi
3395 5622 3487 5668 est
3520 5617 3803 5686 promissa

2189 5701 2478 5774 patientia,
2509 5716 2695 5772 qua-ve
2721 5701 3035 5758 vicissitudo
3081 5701 3447 5776 rependitur?
3489 5707 3694 5768 Nonne
3718 5712 3804 5774 in-

560 5262 685 5317 269.
726 5261 948 5333 Alypius
987 5260 1257 5331 episcopus
1297 5259 1546 5314 Ecclesia
1585 5257 1855 5315 catholica
1903 5259 2034 5314 dixit
2068 5275 2086 5312 :

487 5352 545 5411 Si
571 5353 903 5423 reapondere
931 5352 1152 5418 volunt,
1201 5362 1547 5410 removeatur
1581 5353 1810 5423 epistola
1833 5395 1847 5418 ,
1887 5361 1943 5408 et
1963 5354 2074 5408 sin-

481 5445 595 5519 guli
642 5443 1086 5515 respondeamus.
1136 5443 1229 5501 Sin
1257 5453 1472 5513 autem,
1505 5445 1824 5516 permittant
1847 5460 2076 5517 respon-

477 5553 1020 5694 ³ηοὲξξίῗι.Αᾶεοᾱαιιιδ
1041 5632 1313 5704 episcopus
1333 5629 1487 5687 dixit.
1512 5633 1804 5689 Possumus
1832 5631 2078 5702 praebere

484 5728 814 5798 patientiam.
845 5724 915 5784 Et
943 5741 1062 5782 cum
1103 5724 1290 5780 diceret
1321 5722 1412 5794 (Et
1468 5725 1575 5778 alia
1619 5741 1798 5780 manu.
1829 5723 2079 5781 Adcoda-
