4134 6186
299 246 449 304 -1417

1276 247 1504 307 CESTA
1540 245 1988 308 COLLATIONIS
2025 249 2654 309 CARTHAGINENSIS.

3446 221 3447 224 γ
3479 267 3620 325 ius

307 359 492 416 dicant
513 357 965 430 quemadmodum
990 358 1262 418 dissidant
1288 366 1316 420 Ρ
1341 364 1414 421 Et
1449 367 1554 421 alia
1583 383 1762 422 manu.
1794 367 1905 424 Re-
1932 374 1988 434 Α
2009 369 2118 425 rint
2159 370 2358 441 quibus
2386 370 2514 426 mali
2558 369 2689 442 quid
2728 373 2782 426 in
2813 371 3061 428 Ecclesia
3108 377 3440 445 apparuerit.
3502 382 3621 451 lpsa

306 466 554 523 cognovn

374 544 502 600 274.
531 543 825 601 Petilianus
844 547 1122 620 episcopus
1159 551 1313 608 dixit.
1335 552 1478 622 Quid
1504 553 1576 611 sit
1622 555 1858 611 mundus
1892 595 1908 622 ,

307 636 434 708 quid
465 636 537 692 sit
561 635 810 693 Ecclesia
832 679 849 706 ,
881 641 1230 710 apertissime
1253 643 1538 702 definitum
1569 656 1656 704 est
1693 649 1762 704 ab
1791 647 1910 719 ipso

306 739 532 787 auctore
585 729 772 786 mundi
833 740 999 803 atque
1061 733 1311 805 factore,
1362 753 1458 807 per
1512 755 1673 810 quem
1726 739 1908 795 omnia

308 820 444 878 facta
467 833 624 892 sunt,
671 832 727 878 et
746 822 865 880 sine
889 839 1001 896 quo
1031 825 1170 882 nihil
1215 840 1302 884 est
1344 829 1566 886 factum.
1598 831 1720 901 Ipse
1763 831 1908 888 enim

308 912 571 971 Dominus
622 914 760 970 dixit
791 932 806 971 :
840 914 1074 972 Mundus
1102 919 1188 974 hic
1216 937 1360 991 ager.
1389 921 1606 992 (Matth.
1638 925 1784 993 xm.)
1808 922 1922 980 Po-.

310 1008 501 1063 luisset
547 1007 770 1064 dicere:
823 1006 1058 1065 Mundus
1114 1011 1360 1068 Ecclesia
1409 1014 1692 1082 eststQuis
1748 1014 1912 1085 igitur

310 1099 589 1157 hominum
619 1101 780 1158 audet
821 1101 1051 1158 delinire
1078 1104 1206 1175 quid
1235 1105 1468 1162 mundus
1511 1106 1609 1174 sit,
1635 1121 1756 1162 cum
1795 1106 1912 1177 ipse

309 1193 573 1251 Dominus
620 1195 783 1266 hujus
830 1195 1005 1252 factor
1054 1208 1219 1269 atque
1271 1198 1455 1271 opifex
1495 1201 1607 1270 jam
1659 1200 1913 1270 dignatus

307 1285 467 1341 fuerit
491 1286 766 1343 delinire?
814 1286 883 1341 Et
905 1287 1013 1342 alia
1058 1304 1239 1344 manu.
1282 1289 1582 1347 Petiliauus
1625 1292 1912 1361 episcopus

310 1379 626 1450 recognovi.

376 1474 508 1532 275.
525 1475 864 1532 Marcellinus
883 1476 960 1531 vir
986 1475 1308 1532 clarissimus
1339 1477 1574 1532 tribunus
1602 1485 1650 1532 et
1678 1477 1914 1532 notarius
1961 1476 1966 1480 ’

309 1567 461 1623 dixit.
494 1568 636 1636 Quid
683 1567 916 1624 mundus
944 1568 1054 1636 sit,
1084 1568 1178 1640 qui
1209 1567 1504 1624 salvandus
1547 1568 1778 1636 dicitur,
1803 1567 1916 1624 evi-

310 1657 506 1717 denter
525 1660 818 1717 ostendite.

379 1752 509 1809 276.
555 1752 848 1810 Petilianns
891 1756 1139 1827 epicopus
1169 1753 1322 1810 dixit.
1375 1753 1549 1849 Homo
1598 1752 1777 1849 dictus
1833 1758 1920 1806 est
1949 1761 1998 1823 Β
2025 1752 2360 1835 "amarum.
2409 1781 2541 1838 Vide
2573 1791 2698 1836 (om.
2746 1798 2832 1849 ιχ,

313 1845 576 1912 mundus,
626 1845 714 1901 ubi
745 1845 886 1901 dixit
911 1888 925 1910 ,
980 1847 1236 1900 mundum
1267 1845 1606 1900 reconcilians
1632 1845 1762 1911 sibi,
1809 1857 1917 1898 non

313 1940 456 1994 enim
484 1937 586 1994 sibi
620 1938 762 1994 Deus
792 1937 1002 1994 belluas
1025 1977 1042 2005 ,
1082 1937 1182 1993 sed
1211 1937 1463 1992 homines
1506 1935 1676 1990 voluit
1730 1949 1921 1990 recon-

311 2029 503 2085 ciliari.
529 2029 597 2084 Et
618 2031 724 2084 alia
747 2046 926 2086 manu.
957 2029 1258 2086 Petilianus
1279 2029 1572 2098 episcOpus
1602 2025 1919 2098 recognovi.

381 2123 508 2176 277.
534 2122 869 2178 Marcellinus
898 2123 974 2177 vir
1002 2122 1330 2178 clarissimus
1345 2121 1582 2176 tribunus
1614 2130 1660 2176 et
1686 2121 1921 2175 notarius

313 2213 466 2272 dixit.
498 2214 583 2270 Ex
613 2214 697 2269 his
723 2214 975 2272 omnibus
1001 2215 1092 2286 qui
1123 2213 1314 2270 mundi
1345 2214 1570 2268 nomine
1607 2227 1924 2284 nuncupan-

315 2315 430 2371 tur,
458 2301 594 2362 diois
623 2306 922 2364 Ecclesiam
953 2321 1118 2379 posse
1166 2314 1456 2372 constare,
1502 2315 1695 2377 postea
1740 2304 1925 2361 decla-

315 2407 486 2455 ratam
508 2441 523 2467 ,
554 2416 622 2455 an
647 2413 798 2457 certe
821 2400 1002 2457 renuis
1031 2401 1054 2454 Ἰ

383 2493 510 2550 278.
547 2493 802 2548 Enteritus
823 2494 1097 2564 episcopus
1125 2493 1285 2547 dixit.
1318 2491 1487 2548 Tollis
1517 2505 1620 2547 nos
1671 2507 1704 2547 a
1748 2491 1925 2546 mani-

316 2585 452 2642 festa
483 2585 910 2655 praescriptione.
944 2584 1034 2639 Ait
1067 2584 1333 2639 Dominus
1368 2580 1620 2638 Christus
1650 2582 1706 2638 in
1746 2582 1928 2638 Evan-

319 2678 463 2750 gelia
489 2697 501 2732 :
526 2677 661 2751 Ager
683 2679 905 2733 mundus
925 2686 1018 2733 est.
1044 2676 1114 2731 Et
1145 2692 1261 2731 cum
1287 2675 1497 2730 diceret.
1527 2672 1596 2728 Et
1617 2675 1724 2729 alia
1744 2675 1922 2730 manu.

318 2770 590 2828 Emeritos
617 2772 902 2841 episcopus
947 2768 1266 2840 recognovi.
1296 2766 1641 2823 Marcellinus
1686 2770 1766 2824 vir
1816 2769 1929 2824 cla-

318 2866 553 2920 rissimus
579 2864 814 2919 tribunus
837 2873 884 2918 et
910 2864 1146 2918 notarius
1173 2860 1326 2916 dixit.
1377 2859 1634 2916 Patimini
1691 2877 1842 2934 ergo,
1869 2870 1929 2918 ut

319 2957 387 3013 ad
410 2958 591 3014 omnia
613 2975 735 3030 qua:
747 2958 994 3030 epistolae
1018 2966 1204 3014 textus
1232 2956 1508 3025 continet,
1533 2959 1925 3030 respondeant,

320 3059 377 3106 et
405 3059 530 3106 tunc
559 3051 874 3124 plenissime
903 3051 972 3108 de
998 3050 1254 3107 omnibus
1279 3048 1560 3120 judicabo.

2012 461 2245 532 quaestio
2277 468 2386 518 est.
2416 461 2531 518 Hoc
2557 462 2874 532 probamus.
2910 463 3157 520 Dicimus
3199 469 3342 522 enim
3382 485 3487 527 nos
3513 488 3624 528 non

2012 553 2391 624 negligentiam
2415 553 2631 624 quidem
2665 554 3110 612 Ecclesiasticam
3135 555 3476 629 disciplinam
3510 605 3525 630 ,
3567 571 3625 620 et

2013 643 2342 716 ubicumque
2360 644 2775 716 luerintproditi
2805 647 2957 716 mali,
2994 650 3338 707 coercendos
3363 667 3461 709 eos
3501 671 3625 713 esse

2012 746 2074 793 ut
2122 739 2505 810 corrigantur,
2555 755 2662 795 non
2684 739 2862 796 solum
2912 756 3177 799 sermone
3218 747 3578 804 correctionis
3607 789 3624 817 ,

2012 842 2203 884 verum
2225 830 2390 886 etiam
2417 831 3075 888 excommunicationibus
3105 844 3164 888 et
3218 834 3627 907 degradationi-

2013 921 2114 978 bus
2139 963 2155 990 ,
2186 931 2248 977 ut
2273 920 2532 979 humilem
2559 923 2737 980 locum
2766 925 2959 981 salutis
2980 925 3034 980 in
3060 925 3308 983 Ecclesia
3330 940 3578 999 quaerant
3606 947 3624 996 ;

2013 1013 2080 1070 ad
2110 1013 2437 1072 medicinam
2483 1016 2724 1088 ipsorum
2772 1017 2923 1085 ﬁeri,
2957 1033 3065 1073 non
3094 1019 3252 1086 odio‘,
3299 1021 3395 1077 sed
3445 1024 3629 1080 studio

2015 1107 2210 1163 salutis
2229 1106 2483 1164 fraternae
2508 1128 2522 1164 :
2550 1111 2689 1166 sicut
2716 1109 2950 1180 quodam
2979 1110 3101 1166 loco
3126 1112 3288 1166 etiam
3314 1111 3432 1182 ipse
3453 1116 3631 1184 Apos-

2017 1204 2160 1258 tolus
2178 1203 2587 1261 evidentissime
2632 1205 2877 1261 declarat
2905 1203 3138 1260 dicens:
3170 1205 3230 1260 Si
3254 1207 3368 1274 quis
3401 1223 3508 1262 non
3539 1209 3630 1261 ob-

2016 1295 2216 1349 audivit
2254 1296 2404 1351 verba
2450 1307 2657 1364 nostra,
2710 1314 2800 1368 per
2830 1295 3104 1366 epistolam
3135 1298 3275 1352 hunc
3321 1309 3526 1368 notate,
3582 1311 3631 1355 et

2017 1388 2180 1443 nolite
2205 1390 2523 1444 commisceri
2542 1406 2658 1444 cum
2679 1405 2758 1444 eo.

2089 1499 2160 1556 N.
2194 1501 2254 1556 Β.
2287 1502 2488 1558 Cretera
2511 1519 2627 1574 qua:
2653 1504 2995 1575 sequebantur
3015 1547 3029 1570 ,
3063 1508 3188 1575 quia
3227 1507 3533 1565 exciderunt
3578 1509 3636 1564 in

2018 1593 2319 1649 collectione
2340 1594 2636 1660 Gestorum,
2668 1596 2979 1667 requirenda
3006 1598 3165 1665 sunt,
3207 1600 3254 1654 si
3282 1600 3434 1666 libet,
3487 1601 3634 1672 apud

2021 1685 2084 1741 S.
2113 1686 2463 1759 Augustinum
2481 1691 2537 1744 in
2567 1689 2865 1745 librotertio
2907 1689 3170 1746 Breviculi
3201 1693 3496 1750 collationis
3521 1695 3634 1752 Do-

2863 1799 2982 1852 cap.
3015 1782 3047 1838 9
3103 1783 3260 1857 hujus
3303 1787 3440 1841 tertii
3469 1787 3630 1857 libri,

2024 1871 2129 1925 col.
2147 1873 2276 1939 652,
2296 1891 2439 1928 nunt.
2465 1875 2532 1930 16
2549 1915 2563 1940 ,
2593 1874 2682 1945 qui
2702 1875 2886 1945 incipit
2907 1876 2988 1930 his
3009 1877 3172 1933 verbis
3199 1895 3211 1930 :
3237 1878 3633 1951 Flagitantibus

2023 1961 2208 2033 itaque
2241 1965 2563 2037 patientiam
2592 1980 2782 2021 eorum
2813 1967 3098 2024 catholicis
3127 2009 3142 2034 ,
3174 1978 3284 2024 etc.

2395 2101 2788 2160 SENTENTIA
2837 2104 3270 2163 COGNITORIS.

2099 2210 2322 2270 Flavius
2350 2215 2691 2271 Marcellinus
2717 2218 2794 2272 uir
2835 2219 3153 2276 clarissimus
3187 2223 3424 2279 tribunus
3463 2234 3511 2281 et
3542 2244 3637 2282 no-

2027 2307 2192 2363 tarius
2230 2309 2380 2363 dixit.
2416 2309 2623 2365 Vellem
2651 2310 2893 2380 quidem,
2927 2315 3071 2383 quod
3122 2322 3178 2369 et
3209 2318 3356 2371 omni
3387 2317 3456 2372 de
3481 2330 3637 2376 voto-

2028 2414 2149 2454 rum
2180 2401 2486 2457 intentione
2505 2416 2651 2456 nunc
2681 2403 2861 2473 cupio,
2897 2413 2954 2458 ut
2978 2416 3174 2476 quanta
3207 2422 3274 2463 ex
3297 2407 3640 2465 demonstra-

2029 2489 2177 2547 tione
2209 2493 2457 2548 veritatis
2490 2502 2546 2548 et
2587 2493 2808 2550 tandem
2839 2495 3035 2566 proditi
3065 2499 3270 2554 erroris
3299 2509 3419 2556 orta
3453 2502 3638 2556 laetitia

2027 2592 2135 2654 est,
2176 2593 2324 2641 tanta
2373 2601 2442 2642 ex
2469 2586 2836 2643 conversione
2877 2590 3278 2660 superstitionis
3317 2593 3557 2664 antiqua:
3585 2604 3642 2650 ct

2029 2675 2083 2732 in
2129 2677 2323 2733 melius
2370 2687 2593 2733 mutatae
2637 2680 2926 2736 sententiae
2963 2683 3252 2753 gratulatio
3299 2697 3639 2742 nasceretur.

2029 2767 2220 2839 Magna
2252 2769 2396 2825 enim
2421 2769 2616 2840 gaudia
2645 2786 2770 2828 esse
2790 2774 2913 2844 quis
2943 2773 3152 2831 dubitet
3179 2791 3300 2832 cum
3325 2779 3641 2836 inveteratas

2031 2860 2335 2931 a-gritudini
2381 2862 2629 2931 provenit
2685 2863 2958 2934 insperata
3014 2867 3256 2934 curatio;
3309 2883 3640 2940 causamque

2031 2953 2386 3008 exultationis
2412 2953 2467 3010 in
2487 2953 2684 3011 talibus
2702 2956 2964 3028 majorem
2990 2957 3117 3015 facit
3143 2963 3352 3018 sanitas
3387 2965 3637 3019 restituta

2031 3061 2192 3116 quam
2226 3061 2443 3117 semper
2469 3057 2701 3104 retenta.
2745 3049 2853 3106 Sed
2881 3051 3008 3121 quia
3051 3051 3347 3109 obstinatio
3374 3057 3639 3111 mentium

388 3144 515 3201 279.
561 3143 776 3200 Hilarus
813 3152 1058 3214 exceplor
1105 3143 1257 3197 dixit.
1288 3141 1559 3210 Quoniam
1619 3157 1649 3198 a
1688 3143 1930 3200 diluculo
1962 3149 2010 3214 α
2041 3139 2391 3209 perditarum,
2425 3155 2560 3211 quas
2590 3143 2976 3211 pravze'simul
3026 3147 3397 3214 persuasionis
3423 3147 3639 3204 vincula

323 3245 503 3308 partes
522 3247 778 3306 egerunt,
806 3247 860 3293 et
877 3236 1094 3292 codices
1116 3233 1278 3291 binos
1297 3233 1643 3303 implevimus
1666 3278 1680 3303 ,
1703 3237 1748 3291 si
1771 3236 1929 3307 jubet

320 3329 633 3399 prmstantia
675 3335 762 3384 tua
783 3369 799 3395 ,
831 3327 921 3382 alii
944 3327 1104 3382 nobis
1133 3333 1458 3394 exceptores
1507 3326 1875 3398 subrogentur
1908 3343 1924 3393 ;

320 3429 378 3476 ut
399 3420 466 3476 ad
491 3419 880 3476 conferendum
901 3433 1162 3476 exeamus
1186 3458 1202 3484 ,
1235 3417 1379 3473 datis
1396 3417 1554 3473 nobis
1579 3419 1926 3476 custodibus.

331 3511 515 3565 Vitatis
545 3509 796 3566 Notarius
828 3511 1072 3567 Ecclesia!
1107 3508 1392 3565 Catholica
1422 3509 1574 3564 dixit.
1603 3511 1715 3568 Iloc
1743 3522 1800 3568 et
1825 3528 1929 3584 ego

321 3617 553 3674 suggero
578 3602 723 3674 quod
752 3611 808 3659 et
827 3615 1086 3674 exceptor
1114 3601 1388 3659 nobilitati
1419 3610 1525 3658 tua:
1546 3603 1770 3661 adstans
1798 3621 1930 3677 sug-

322 3697 514 3767 gessit.
1061 3713 1064 3716 '

391 3789 522 3846 280.
555 3788 889 3846 Marcellinus
911 3791 990 3845 vir
1009 3789 1329 3845 clarissimus
1359 3790 1593 3846 tribunus
1613 3801 1659 3847 et
1694 3794 1928 3848 notarius

322 3883 472 3937 dixit.
506 3883 659 3939 Sicut
687 3883 852 3939 etiam
900 3883 1185 3954 superiore
1224 3880 1432 3953 judicio
1464 3881 1663 3938 [actum
1713 3893 1798 3939 est
1826 3926 1842 3950 ,
1870 3883 1927 3940 hi

321 3975 416 4046 qui
442 3988 501 4030 se
532 3973 744 4032 tabulas
787 3975 1045 4048 implesse
1091 3984 1519 4032 commemorant
1545 4016 1562 4042 ,
1591 3990 1715 4032 cum
1747 3984 1931 4032 custo-

323 4067 484 4124 dibus
499 4076 733 4136 exeant,
756 4070 811 4126 in
831 4084 1021 4127 eorum
1045 4056 1166 4125 loco
1187 4068 1312 4124 aliis
1338 4067 1670 4141 subrogatis.
1699 4067 1931 4140 Cumque

324 4162 379 4216 id
403 4163 570 4233 fieret.

399 4256 526 4311 281.
559 4255 876 4326 Augustinus
905 4254 1178 4324 episcopus
1203 4251 1452 4308 Ecclesia:
1479 4252 1742 4309 catholicae
1770 4252 1922 4306 dixit.

330 4349 561 4405 Mundus
587 4363 752 4419 ergo,
783 4362 889 4403 non
911 4347 1058 4403 enim
1085 4346 1244 4400 aliter
1268 4356 1324 4401 et
1350 4345 1504 4402 nobis
1525 4345 1698 4402 videri
1728 4344 1925 4416 potuit,

327 4438 382 4494 in
413 4440 722 4495 hominibus
750 4439 1104 4509 intelligitur:
1137 4453 1247 4492 non
1276 4438 1459 4510 utique
1486 4441 1558 4494 ita
1580 4438 1730 4493 stulti
1758 4437 1928 4492 simus

2029 3240 2355 3298 nexuerant,
2381 3229 2448 3286 ad
2470 3232 2611 3288 viam
2643 3233 2835 3288 salutis
2875 3243 3108 3291 ostensae
3150 3247 3242 3292 aut
3271 3238 3453 3296 redire
3481 3240 3646 3295 dissi-

2031 3322 2201 3377 mulat
2230 3331 2343 3390 aut,
2373 3324 2516 3394 quod
2539 3333 2626 3379 est
2654 3325 2916 3392 deterius,
2941 3327 3274 3398 impudentia
3300 3331 3642 3398 reformidat,

2030 3413 2333 3470 exserenda
2359 3415 2474 3484 jam
2503 3415 2682 3486 legum
2712 3426 2796 3472 est
2822 3427 2878 3473 et
2903 3419 3211 3475 exercenda
3259 3423 3550 3490 sententia,
3585 3431 3645 3478 ut

2031 3520 2168 3576 quos
2198 3505 2268 3562 ad
2300 3505 2496 3562 bonam
2543 3508 2915 3572 valetudinem
2966 3510 3174 3566 leniora
3220 3522 3344 3584 post
3399 3526 3641 3584 apertam

2031 3601 2280 3657 cominus
2302 3602 2586 3657 veritatem
2617 3603 2978 3659 medicamina
3008 3621 3113 3661 non
3157 3616 3436 3674 revocant,
3464 3609 3644 3663 acrior

2030 3694 2597 3749 restituatcurationis
2625 3695 2874 3750 intentio.
2901 3694 3001 3750 Cui
3029 3695 3173 3752 enim
3197 3697 3339 3754 ratio
3362 3700 3636 3769 proxima,

2033 3786 2172 3842 sicut
2197 3795 2473 3856 gestorum
2513 3788 2684 3843 series
2723 3787 2968 3858 subjecta
2994 3788 3354 3858 demonstrat,
3388 3793 3528 3849 sicut
3558 3795 3643 3848 di-

2033 3877 2283 3934 vinorum
2334 3895 2550 3949 quoque
2575 3879 2912 3936 voluminum
2963 3881 3132 3936 indita
3161 3884 3408 3954 exempla
3437 3893 3644 3942 testan-

2035 3977 2142 4036 tur,
2173 3985 2281 4027 non
2327 3970 2531 4042 liquido
2555 3971 2800 4029 declaret
2825 3972 3012 4040 alieni,
3042 3974 3256 4031 etiamsi
3296 3979 3514 4047 probari
3547 3995 3642 4049 po-

2033 4062 2246 4131 tuisset,
2294 4063 2520 4119 sceleris
2546 4079 2690 4120 noxa
2717 4065 2883 4119 alium
2915 4065 3035 4120 ﬁeri
3073 4082 3227 4122 reum
3275 4071 3498 4125 omnino
3529 4087 3637 4126 non

2032 4169 2217 4224 posse,
2250 4163 2306 4210 et
2334 4155 2654 4211 universalis
2678 4156 2938 4211 Ecclesiae
2966 4166 3168 4213 statum
3193 4159 3472 4216 Caeciliani
3505 4163 3634 4220 insi-

2034 4245 2350 4309 mulatione,
2380 4244 2450 4301 de
2467 4261 2574 4316 quo
2604 4247 2742 4302 nihil
2769 4248 3199 4318 rcprehensibile
3226 4253 3402 4322 potuit
3440 4269 3639 4326 appro-

2034 4337 2176 4404 bari,
2201 4354 2309 4394 non
2329 4337 2530 4396 debere
2556 4341 2820 4406 subverti,
2849 4357 2952 4397 nec
2985 4342 3147 4398 etiam
3177 4359 3366 4401 eorum
3406 4348 3496 4418 qui
3526 4363 3586 4404 se
3607 4365 3638 4405 a

2034 4443 2264 4500 corpore
2285 4430 2546 4487 Ecclesiae
2571 4442 2895 4503 separarunt
2925 4433 3034 4489 lata.
3061 4435 3325 4494 adversus
3345 4453 3467 4494 eum
3498 4457 3636 4511 pra:-

329 4539 390 4587 ut
419 4532 626 4587 belluas
677 4531 842 4587 etiam
889 4540 942 4586 et
971 4543 1327 4600 quaecumque
1379 4528 1768 4585 irrationabilia
1811 4526 1928 4582 ani-
1955 4528 2006 4589 D
2029 4523 2278 4594 judicare
2297 4525 2534 4582 valuisse
2552 4529 2844 4595 sententia,
2873 4528 3014 4583 sicut
3045 4544 3145 4585 nec.
3169 4546 3196 4583 a
3228 4533 3641 4593 Maximianistis

333 4625 535 4680 mantia
565 4624 633 4680 ad
654 4625 883 4680 salutem
902 4665 917 4691 ,
942 4638 1104 4694 quam
1148 4621 1398 4678 Christus
1427 4622 1712 4693 promisit,
1757 4622 1927 4691 perti-

332 4733 465 4774 nere
493 4718 754 4774 dicamus.
775 4717 1009 4772 Prorsus
1040 4715 1144 4770 hoc
1171 4714 1404 4770 dicimus
1430 4733 1442 4769 :
1471 4713 1702 4768 Mundus
1723 4715 1777 4767 in
1817 4730 1928 4767 ma-

333 4815 472 4882 ligno
501 4813 695 4884 positus
725 4821 800 4866 est
834 4828 847 4864 :
902 4809 1150 4864 homines
1191 4817 1337 4863 sunt.
1377 4807 1444 4864 Ut
1483 4807 1659 4861 credat
1706 4806 1928 4861 mundus

333 4907 453 4975 quia
471 4915 524 4960 tu
555 4922 634 4960 me
663 4905 848 4960 misisti
873 4922 887 4959 :
936 4903 1192 4958 homines
1235 4910 1384 4956 sunt.
1416 4899 1672 4954 Mundam
1700 4898 1930 4952 reconci-

335 4999 468 5054 lians
491 4998 588 5053 sibi
607 5015 620 5063 ;
639 4997 887 5052 homines
913 5001 1137 5064 sunt,t,et
1164 5001 1358 5048 caetera
1380 5007 1504 5063 qua:
1533 4992 1587 5046 in
1618 4991 1763 5046 malo
1786 4989 1932 5045 dieta

336 5100 494 5154 sunt,
534 5089 781 5144 homines
807 5088 933 5158 illi,
975 5087 1225 5142 homines
1283 5084 1379 5140 illi.
1426 5084 1532 5139 Per
1574 5091 1746 5137 totum
1781 5082 1926 5137 enim

337 5181 595 5237 mundum
627 5180 846 5248 utrique
871 5219 887 5244 ,
917 5178 1042 5232 mali
1071 5177 1221 5232 mixti
1248 5174 1428 5233 bonis.
1458 5173 1548 5230 Sic
1571 5184 1625 5228 et
1659 5173 1927 5238 Ecclesia,

337 5291 498 5347 quam
520 5273 754 5347 confessi
782 5270 1114 5327 suntretium
1140 5270 1356 5325 nomine
1377 5269 1707 5324 declaratam
1733 5265 1932 5320 habere

339 5345 548 5435 malos,
598 5345 693 5423 sed
720 5366 974 5422 dixerunt
994 5365 1162 5420 latere
1191 5373 1538 5436 peccatores,
1591 5358 1930 5427 constatjam

339 5461 485 5532 quod
515 5461 710 5517 habeat
730 5461 906 5518 bonos
935 5468 989 5516 et
1018 5459 1211 5515 malos.
1256 5459 1332 5512 De
1376 5455 1596 5512 latendo
1627 5463 1682 5510 et
1727 5453 1794 5508 de
1827 5466 1932 5506 non

337 5555 556 5611 latendo
597 5555 825 5626 quaestio
853 5563 940 5611 est
995 5562 1173 5609 utrum
1205 5550 1527 5623 pertinuerit
1558 5547 1626 5604 ad
1677 5547 1936 5618 pietatem

341 5647 608 5704 bonorum
640 5647 802 5702 etiam
839 5646 1012 5702 malos
1063 5643 1306 5714 cognitos
1355 5640 1587 5696 tolerare
1611 5681 1625 5707 ,
1674 5654 1743 5695 ne
1783 5637 1940 5694 dese-

339 5747 528 5798 rerent
557 5739 750 5808 bonos,
774 5755 842 5794 an
857 5743 1077 5810 propter
1097 5733 1272 5789 malos
1296 5740 1467 5790 totum
1489 5730 1742 5789 deserere
1758 5727 1942 5788 volue-

873 5830 1152 5891 ΡΑτιιοι..
1212 5825 1326 5889 XI.

2031 4616 2235 4671 recenti
2289 4625 2535 4685 tempore
2588 4619 2641 4673 in
2688 4619 2970 4674 absentem
3025 4619 3356 4677 Primianum
3427 4626 3636 4694 prolata

2031 4707 2311 4764 damnatio
2331 4707 2507 4764 eidem
2535 4725 2733 4766 nocere
2759 4710 3078 4780 praevaluit?
3099 4711 3196 4767 Cui
3222 4714 3384 4768 etiam
3419 4715 3544 4772 illud
3566 4719 3635 4774 ad

2032 4799 2395 4869 correptionis
2421 4815 2638 4857 causam
2672 4818 2778 4857 non
2807 4803 2952 4858 omni
2983 4819 3050 4859 ex
3079 4814 3233 4874 parte
3279 4805 3514 4862 sulliciat
3559 4819 3638 4868 tot

2030 4889 2250 4960 judiciis
2271 4891 2536 4962 patefacta
2559 4894 2770 4950 Donato
2795 4906 3018 4950 auctore
3047 4897 3360 4953 scltismatis
3387 4914 3639 4972 compro-

2036 4983 2204 5051 batio,
2232 4983 2510 5040 Caeciliani
2533 4989 2826 5058 persolutio
2848 4998 3008 5058 atque
3034 4991 3300 5060 purgatio,
3337 4992 3634 5067 ultimaque

2035 5077 2306 5134 sententia
2357 5077 2756 5148 triumphahilis
2792 5081 3072 5136 memoria:
3112 5082 3477 5152 Constantini,
3529 5105 3636 5158 qua

2034 5167 2340 5224 evidentius
2366 5167 2592 5225 docetur
2620 5186 2885 5240 expressa
2929 5182 2985 5228 et
3010 5172 3285 5230 Caeciliani
3331 5176 3637 5234 innocentia

2035 5265 2095 5314 et
2137 5259 2332 5314 Donati
2362 5261 2743 5333 sociorumque
2781 5261 2899 5332 ejus
2927 5265 3259 5323 calumniosa
3299 5268 3634 5339 criminatio,

2039 5352 2236 5409 Felicis
2265 5369 2479 5425 quoque
2506 5356 2872 5426 Aptugnensis
2897 5358 3224 5416 ordinatoris
3251 5363 3370 5431 ejus
3396 5376 3635 5430 procon-

2038 5446 2235 5503 sularis
2256 5447 2543 5503 sementim
2568 5449 2909 5519 documentis
2931 5460 3148 5509 ostensa
3182 5452 3464 5524 purgatio?
3482 5454 3636 5511 Unde

2040 5538 2086 5593 si
2139 5539 2256 5595 hazc
2300 5548 2411 5594 tam
2459 5541 2743 5610 perspicua
2789 5549 2950 5612 atque
2997 5543 3283 5599 manifesta
3331 5542 3638 5600 inveterato

2043 5629 2248 5686 mederi
2301 5639 2581 5701 nequeunt
2620 5631 2832 5700 morbo,
2865 5635 3041 5702 putris
3069 5643 3154 5690 est
3195 5632 3436 5688 vulneris
3459 5633 3642 5689 Sanies

2042 5723 2423 5796 reprimenda;
2469 5735 2530 5784 ut
2555 5725 2806 5786 libertate
2851 5730 3134 5800 praeclusa,
3166 5727 3270 5784 sibi
3304 5733 3508 5784 tantum
3537 5744 3641 5788 no-

3199 5819 3280 5883 It5
