4134 6186
501 236 644 295 1419

1170 231 1598 290 MONUMENTA
1631 229 2184 290 CARTHAGINENSI
2219 225 2640 290 CDLLATIONI
2679 225 3134 291 POSTERIORA.

3658 225 3810 292 “20

496 366 643 416 cere,
674 346 799 420 quia
831 347 933 403 hoc
966 347 1148 418 petius
1190 348 1365 417 eligit,
1401 346 1643 418 incipiat.
1676 346 1780 402 Per
1809 345 1924 402 ha'c
1949 346 2096 402 enim
2122 349 2177 411 Α
2198 351 2549 416 cognoscant.
2576 343 2891 414 Superioris
2911 351 3088 400 autem
3109 340 3274 399 edicti
3296 341 3456 399 ﬁdem
3479 341 3532 398 in
3547 345 3814 400 omnibus

502 445 594 499 fiet
627 450 683 497 ut
712 440 841 498 velit
878 438 1167 509 aliquando
1198 439 1400 495 sanari.
1439 439 1739 495 Declaratae
1769 438 1931 510 igitur
1958 439 2100 496 veri-

503 535 598 590 tati
632 533 846 590 detecta
877 531 1085 587 falsitas
1113 531 1253 586 colla
1287 532 1588 587 submittat.
1632 530 1784 588 Unde
1815 532 2102 588 universos

498 627 706 683 ordinis
764 626 927 693 viros,
977 623 1230 680 dominos
1279 624 1442 679 etiam
1493 623 1806 689 fundorum,
1861 633 2099 693 actores,

499 717 856 775 conductores
898 723 1006 770 tam
1034 714 1228 771 domus
1253 714 1448 770 divina:
1474 731 1633 786 quam
1660 715 1820 770 etiam
1869 715 2100 784 privata-

498 827 615 866 rum
664 809 1096 881 possessionum,
1147 809 1502 878 senioresque
1551 809 1794 863 omnium
1829 809 2101 874 iocorum,

501 903 661 972 hujus
695 900 856 957 edicti
888 899 1212 956 auctoritate
1241 915 1560 956 commoneo
1599 908 1866 971 quatenus
1898 915 2105 956 memo-

497 1009 586 1051 res
615 995 812 1065 legum,
843 992 1186 1064 dignitatum,
1237 991 1613 1048 aestimationis
1659 993 1954 1063 salutisque
1981 1007 2105 1062 pro-

497 1087 649 1156 priae,
684 1075 1084 1140 Donatistarum
1128 1085 1510 1141 conventicula
1543 1085 1596 1138 in
1638 1084 1890 1140 omnibus
1916 1083 2104 1138 civita-

497 1178 640 1234 tibus
669 1187 724 1234 et
755 1178 889 1232 locis
919 1177 1212 1248 prohibere
1243 1177 1606 1243 contendant,
1651 1179 1725 1231 ita
1753 1187 1813 1232 ut
1842 1177 2101 1232 ecclesias

497 1286 631 1341 quas
653 1269 734 1325 eis
759 1270 1100 1325 humanitate
1130 1286 1251 1327 mea
1296 1271 1500 1341 absque
1528 1271 1793 1342 imperiali
1833 1280 2106 1342 praecepto

498 1376 670 1431 usque
696 1360 761 1415 ad
795 1361 938 1417 diem
986 1363 1272 1419 sententiae
1299 1371 1514 1418 constat
1544 1363 1782 1418 indnltas
1808 1363 2106 1419 Catholicis

497 1453 714 1509 tradere
758 1455 877 1510 sine
922 1455 1028 1509 ulla
1057 1455 1321 1510 dilatione
1353 1457 1631 1520 festinent,
1675 1456 1727 1510 ni
1776 1456 1986 1510 malunt
2027 1464 2107 1510 tot

499 1546 846 1602 sanctionum
879 1547 1088 1618 laqueis
1118 1549 1355 1603 irretiri:
1405 1563 1538 1618 quas
1568 1547 1804 1618 quidem,
1840 1552 1884 1603 si
1915 1531 2105 1603 unitati

494 1641 776 1696 catholicae
803 1642 1116 1697 consentire
1149 1642 1444 1708 voluerint,
1485 1656 1675 1697 eorum
1719 1657 1842 1696 esse
1869 1652 1955 1696 sat
1985 1656 2107 1698 cer—

2203 446 2415 492 certum
2441 445 2524 492 est
2552 436 2846 492 reservari.
2881 435 3035 493 Unde
3058 435 3426 506 unusquisque
3445 436 3640 494 Donati
3659 447 3819 494 com-

2204 529 2482 585 munionis
2524 527 2812 600 episcopus
2842 529 2911 584 ad
2959 528 3075 585 loca
3107 530 3322 600 prdpria
3351 529 3474 585 sine
3501 524 3609 584 ulla
3649 515 3817 588 debet

2205 621 2582 692 inquietudine
2610 636 2674 676 ac
2711 620 2962 676 molestia
2991 631 3270 687 remetire;
3293 620 3569 691 quatenus
3600 622 3660 676 in
3687 631 3821 692 pro-

2207 711 2342 785 priis
2379 713 2729 779 constitutus,
2758 720 2852 766 aut
2881 712 2950 767 ad
2985 725 3144 768 unam
3172 716 3468 784 veramtjue
3507 713 3820 769 Eccieslam

2206 814 2536 871 revertatur,
2574 813 2669 860 aut
2714 805 2849 862 satis
2892 805 3097 877 legibus
3135 805 3318 862 facere
3342 807 3467 862 sine
3495 806 3823 862 dissimula‘a

2208 901 2358 957 tione
2388 915 2492 954 non
2520 898 2754 955 diii‘erat.
2788 898 2852 954 Hi
2879 907 3060 954 autem
3087 901 3178 970 qui
3218 900 3272 954 iri
3305 898 3533 971 prmdiis
3571 902 3689 956 suis
3713 903 3826 957 ciri-

2207 994 2625 1050 cumcellionnm
2677 993 2867 1050 turbas
2901 1008 2962 1050 se
2991 993 3192 1050 habere
3219 1001 3585 1064 cognoscunt,
3620 996 3820 1061 sciant,

2211 1087 2313 1143 nisi
2358 1102 2548 1142 eorum
2595 1085 2941 1142 insolentiam
2987 1085 3313 1142 omnimodis
3355 1087 3732 1158 comprimere
3763 1095 3826 1144 et

2211 1178 2504 1235 refrenare
2542 1179 2848 1250 gestierint,
2887 1180 3121 1234 maxime
3163 1195 3226 1234 ea
3266 1178 3383 1235 ioca
3427 1193 3462 1234 ι
3509 1181 3646 1236 ilsco
3694 1189 3824 1236 mox

2211 1270 2547 1342 occupanda.
2625 1270 2906 1341 Siquidem
2980 1280 3088 1325 tam
3154 1270 3438 1327 catholica
3495 1271 3603 1342 legi
3655 1286 3826 1342 quam

2210 1365 2380 1436 qnieti
2405 1365 2660 1436 publicae,
2686 1373 2747 1419 ut
2775 1378 2964 1419 eorum
2991 1362 3342 1434 conquiescat
3369 1363 3608 1430 insania,
3640 1365 3696 1419 in
3719 1363 3831 1419 hac

2212 1467 2366 1528 parte
2392 1458 2716 1514 consulitur.
2755 1455 3046 1512 Gestorum
3074 1465 3252 1511 autem
3293 1455 3531 1511 reiectio
3560 1457 3666 1527 (tua
3696 1457 3829 1526 pro-

2212 1550 2386 1608 fertur
2439 1553 2694 1623 superius
2739 1559 3099 1607 memoratum
3148 1565 3178 1605 a
3225 1550 3534 1606 Donatistis
3574 1557 3826 1608 errorem

2212 1642 2524 1698 schismatis
2553 1643 2856 1707 exstitisse,
2897 1651 3058 1712 atque
3085 1641 3435 1696 Caecilianum
3481 1651 3538 1699 et
3564 1652 3826 1710 cetera,

500 1745 612 1790 tum
641 1742 745 1790 est.
779 1732 984 1805 Majore
1018 1744 1200 1790 autem
1223 1730 1388 1790 causa
1412 1745 1573 1805 atque
1600 1733 1819 1790 solertia
1849 1743 1971 1805 post
2013 1734 2107 1790 de-
2138 1732 2187 1793 B
2215 1749 2352 1806 quos
2380 1735 2627 1806 improbe
2655 1734 3006 1791 crediderant
3029 1734 3391 1800 accusandus,
3413 1733 3590 1790 fuisse
3622 1749 3823 1805 purga-

497 1837 693 1885 tectatn
736 1830 911 1885 modis
953 1829 1204 1885 omnibus
1233 1828 1501 1883 unitatem
1549 1828 2108 1898 superStitionemque

495 1927 800 1981 convictam
829 1943 857 1980 a
890 1925 1096 1996 proprii
1124 1925 1328 1980 debent
1376 1923 1632 1979 facinoris
1671 1925 1970 1980 intentione
2009 1923 2106 1980 de-

496 2019 650 2088 pelli.
681 2017 743 2072 ili
767 2027 948 2072 autem
973 2018 1061 2088 qui
1099 2027 1219 2086 post
1249 2017 1414 2070 vetita
1438 2016 1615 2086 legum
1641 2032 1830 2072 eorum
1864 2031 1924 2072 se
1953 2016 2107 2071 cceti-

497 2112 602 2167 bus
643 2111 986 2173 miscuerint.
1034 2109 1406 2164 indubitanter
1449 2109 1756 2178 intelligant
1801 2123 2015 2179 poenam
2048 2122 2110 2166 se

501 2203 777 2270 imperiali
824 2203 1049 2258 arbitrio
1097 2203 1458 2272 praestitutam
1506 2202 1736 2257 ulterius
1778 2203 1952 2258 vitare
1997 2217 2108 2257 non

495 2309 681 2364 posse,
725 2309 862 2365 quos
887 2294 1132 2364 principe
1162 2293 1282 2349 loco
1324 2301 1447 2362 post
1487 2293 1686 2364 agnitae
1711 2293 1994 2349 catholicae
2021 2308 2110 2350 re-

495 2387 796 2444 verentiam
826 2388 963 2458 legis
990 2387 1054 2441 ad
1080 2388 1338 2457 profanos
1364 2403 1552 2443 eorum
1576 2398 1752 2443 castus
1771 2386 2109 2443 communio-

497 2494 732 2550 nemque
783 2478 1012 2534 rediisse
1041 2488 1126 2532 sat
1152 2479 1358 2533 clarum
1407 2485 1510 2533 est.
1541 2478 1698 2546 Quod
1742 2488 1800 2534 ut
1828 2486 1955 2534 ante
2000 2494 2110 2533 non

501 2573 680 2637 ﬁeret,
699 2572 976 2642 patientiae
1007 2579 1214 2625 tantum
1237 2570 1673 2626 consideratione
1693 2581 1748 2626 et
1777 2586 1874 2641 spe
1893 2586 2112 2627 correc—

500 2663 666 2719 tionis
717 2663 895 2732 aliqna
951 2671 1104 2734 parte
1147 2678 1216 2718 ex
1264 2671 1418 2732 parte
1448 2661 1786 2718 distuleram.
1835 2663 2111 2719 Hactenus

499 2755 664 2825 igitur
714 2753 966 2809 inimicos
1019 2752 1144 2809 ﬁdei
1175 2751 1502 2808 Christiana:
1553 2753 1768 2824 legibus
1818 2754 2114 2810 insultasse

494 2846 754 2912 sufliciat,
788 2848 1030 2902 maxime
1065 2862 1187 2901 cum
1231 2861 1422 2901 eorum
1455 2855 1612 2900 notas
1638 2859 1848 2902 certum
1885 2847 1959 2902 sit
1985 2861 2109 2902 esse

495 2953 778 3009 personas.
807 2937 948 3005 Quid
978 2952 1203 2993 necesse
1235 2946 1318 2992 est
1343 2945 1422 2992 tot
1449 2939 1816 3004 sanctionum,
1849 2939 2109 3010 quoniam

496 3033 645 3088 nulla
666 3030 976 3088 emendatio
999 3033 1294 3088 subsecuta
1318 3041 1423 3098 est,
1453 3032 1688 3087 nexibus
1707 3033 1904 3089 subdi?
1928 3033 2109 3103 ipsam

2213 1837 2319 1894 tos,
2367 1828 2710 1884 sanctitatem
2735 1836 2969 1884 vestram
3000 1827 3318 1898 plenissime
3344 1827 3545 1896 poterit
3567 1827 3824 1882 edocere.

2217 1919 2311 1993 (Et
2354 1921 2460 1975 alia
2513 1919 2717 1991 manu).
2769 1919 3154 1976 Ριιονοιυιτιιιι.
3204 1919 3427 1989 (Datum
3478 1917 3830 1990 Carthagini)

2212 2024 2338 2084 post
2359 2013 2702 2070 consulatum
2723 2012 2954 2068 Varanis
2985 2029 3037 2067 ν.
3059 2027 3111 2068 c.
3140 2025 3213 2078 vt,
3241 2011 3355 2067 kal.
3382 2011 3534 2068 Julii.

2214 2103 2448 2178 Explicit
2499 2121 2642 2160 num.
2699 2117 2879 2160 xxxttt
2924 2103 3385 2160 lineamentorum
3421 2103 3492 2158 ad
3518 2103 3829 2160 Mdictu-

2603 2214 2718 2254 rttm
2741 2199 3013 2254 historiast
3041 2198 3428 2268 pertinentium.

2771 2285 3234 2352 vus-an»-

2631 2412 2797 2485 326
2823 2427 2962 2468 anno
2991 2425 3182 2469 nouum
3211 2425 3408 2469 ccccn.

2367 2529 2393 2561 ⁸
2415 2513 2662 2580 XXXW.
2702 2515 2846 2581 LEX
2875 2511 3682 2597 i-iONORiIJiMPERAT'ORIS.

2290 2633 2396 2684 QUA
2421 2633 2649 2674 ιιυιοτιε
2677 2625 3016 2675 PECUNIARIE
3042 2633 3386 2674 IIPONUNTUR
3416 2632 3754 2674 DONA'I'ISTIS.

2363 2733 2469 2804 (Ex
2485 2731 2617 2788 Cod.
2645 2733 2872 2801 Theod.,
2903 2733 3010 2788 Tit.
3039 2734 3106 2789 de
3135 2733 3452 2800 Hrereticis,
3478 2734 3542 2788 L.
3567 2733 3687 2804 ΒΞ).

2216 2825 2389 2896 impp.
2420 2826 2692 2881 Honorius
2721 2835 2778 2881 et
2801 2827 3148 2883 Theodosius
3171 2827 3289 2883 AA.
3316 2826 3550 2883 Seleuco
3581 2826 3642 2880 P.
3667 2825 3737 2881 Ρ.
3761 2825 3831 2881 Ρ.

2289 2937 2552 3006 Cassatis,
2576 2954 2700 3010 qua:
2738 2939 3081 3010 pragmatici.
3111 2938 3196 2994 rei
3235 2938 3592 2994 monitione
3637 2951 3838 2991 manus

2217 3042 2442 3098 nosme,
2469 3031 2750 3101 potuerint
2774 3030 3082 3102 impetrari,
3118 3039 3173 3087 et
3203 3031 3550 3097 manentibus
3574 3031 3682 3096 bis,
3714 3044 3840 3100 quae

493 3140 625 3180 vero
671 3122 1062 3180 catholicorum
1094 3125 1494 3194 episcoporum,
1549 3125 1713 3178 etiam
1762 3135 1884 3196 post
1935 3127 2108 3182 victo-
2135 3109 2186 3174 (ἶ
2217 3123 2384 3179 etiam
2406 3123 2609 3177 dndnm
2633 3138 2799 3193 super
2819 3124 2923 3179 hoc
2948 3123 3170 3180 deﬁnita
3187 3132 3316 3179 sunt
3334 3131 3392 3179 et
3409 3130 3661 3178 retentm
3688 3124 3836 3192 prin-

495 3218 632 3272 riam
667 3215 932 3281 veritatis,
981 3215 1234 3271 noverint
1275 3216 1571 3272 Donatista:
1618 3232 1838 3272 manere
1882 3228 2105 3274 senten-

494 3309 648 3374 tiam,
701 3313 762 3362 ut
807 3306 1092 3379 completis
1138 3307 1522 3362 collationibus
1571 3323 1705 3378 quas
1757 3309 1836 3364 eis
1881 3318 1937 3365 et
1977 3318 2106 3366 ante

493 3399 706 3454 oblatas
733 3398 944 3468 publica
974 3397 1307 3454 conscientia
1339 3398 1628 3465 retinetur,
1657 3408 1714 3455 et
1741 3415 1886 3455 nunc
1917 3399 2125 3472 oiIerri.

494 3491 613 3546 sine
641 3489 982 3545 dubitatione
1009 3498 1094 3544 sat
1137 3497 1350 3545 certum
1382 3496 1490 3556 est,
1532 3502 1651 3544 sese
1692 3490 1893 3560 suscipi
1946 3505 2108 3560 posse

2217 3215 2400 3286 cipum
2429 3215 2714 3270 sanctione
2761 3223 2998 3282 servata,
3045 3215 3149 3269 nisi
3196 3229 3266 3270 ex-
3296 3213 3388 3270 die
3427 3215 3654 3284 prolata
3701 3213 3838 3284 tegis

2219 3322 2413 3363 omnes
2444 3307 2766 3374 Donatistae,
2798 3315 2907 3361 tam
2935 3306 3250 3363 sacerdotes
3278 3319 3450 3377 quam
3477 3306 3694 3373 clerici,
3739 3306 3838 3360 lai-

2218 3401 2379 3470 ciqne
2400 3401 2684 3456 catholicae
2710 3413 2792 3466 se,
2821 3415 2852 3456 a
2887 3416 2990 3471 qua
3017 3401 3283 3471 sacrilege
3310 3400 3630 3465 descivere.
3654 3399 3834 3456 reddi-

2218 3491 2427 3558 derint,
2458 3502 2586 3548 tunc
2612 3493 2851 3549 illustres
2878 3492 3194 3563 singillatim
3225 3498 3407 3562 ptem
3450 3492 3684 3550 nomine
3704 3492 3840 3548 βω

1489 3600 1724 3659 JACOBI
1763 3603 2209 3660 GOTHOFREDI
2249 3604 2820 3662 COMMENTARIUS.

567 3719 1131 3780 XXXIV.'Donatistis
1151 3717 1216 3772 ad
1229 3717 1550 3773 catholicam
1569 3717 1726 3772 fidem
1751 3719 2096 3785 revocandis,

503 3805 664 3862 atque
687 3793 996 3848 resecandis
1025 3791 1185 3846 enixe
1213 3791 1476 3844 incumbit
1504 3790 1770 3845 Honorius
1799 3791 2099 3860 imperator

502 3866 604 3919 hac
642 3864 1048 3925 constitutione,
1074 3878 1192 3926 qua:
1221 3862 1343 3930 data
1372 3862 1554 3913 statim
1583 3868 1707 3930 post
1747 3863 2096 3918 collationem

503 3934 988 4003 Carthaginensem
1019 3948 1162 3984 anno
1187 3930 1245 3983 D.
1264 3929 1779 4003 412.1‘rimo’capite
1805 3933 2098 3988 Donatistis

597 4019 679 4059 me
717 4002 819 4058 seu
856 4003 1072 4056 mulctae
1100 4003 1470 4069 imponuntur,
1528 4002 1629 4054 nisi
1672 4003 1737 4054 ad
1775 4003 2095 4058 catholicam

597 4020 679 4059 ηαξ
721 4020 819 4058 seu
856 4020 1072 4056 mutem:
1101 4020 1470 4069 Ιπιροιιιιιιιυτ,
1528 4020 1629 4054 11181
1672 4020 1737 4054 al]
1775 4020 2095 4058 CillllOllcam

501 4020 803 4133 Kciesiam
830 4073 1112 4138 redierint,
1143 4085 1252 4143 non
1299 4072 1551 4143 obstante
1600 4086 1936 4143 quacumque
1981 4083 2098 4128 tan-

502 4148 624 4203 dem
677 4145 932 4216 principis
978 4142 1428 4216 pragmaticavel
1475 4142 1860 4216 θάιιοιειιιοιιθζ
1888 4144 1988 4209 Eo,
2024 4147 2106 4200 itt-

501 4211 692 4288 quam,
717 4211 952 4288 pertinet
973 4211 1131 4288 hujus
1160 4213 1284 4283 legis
1311 4211 1713 4288 initium,_qttod
1740 4216 1808 4269 ita
1840 4219 2102 4272 restituo:

505 4284 646 4351 Nisi.
673 4284 779 4344 etc.
814 4284 1100 4341 Catholica:
1135 4301 1189 4338 se
1214 4301 1245 4336 a
1282 4301 1383 4354 qua
1407 4284 1654 4353 sacrilege
1679 4285 1956 4352 descivere,
1988 4288 2105 4342 red-

504 4361 749 4415 diderint.
784 4359 860 4412 De
900 4371 968 4412 eo
991 4357 1188 4425 quippe
1215 4356 1358 4424 quod
1391 4354 1502 4408 dixi
1534 4355 1616 4423 agi
1648 4357 1888 4411 ostendit
1934 4358 2106 4412 mani-

505 4432 643 4486 feste
669 4445 775 4483 vox
813 4429 1142 4485 Descwene.
1169 4441 1288 4494 quae
1314 4427 1536 4480 omnino
1562 4429 1789 4494 pertinet
1819 4428 1888 4483 ad
1919 4444 2106 4497 perso-

506 4517 627 4563 nas,
658 4516 762 4555 non
807 4500 870 4551 ad
904 4514 988 4551 res
1016 4499 1241 4570 ablatas.
1274 4497 1341 4570 Et
1364 4507 1505 4551 totus
1528 4497 1783 4568 deinceps
1811 4499 1946 4570 legis
1977 4516 2106 4570 eon-

801 4571 1017 4632 evincit,
1046 4569 1130 4635 agi
1159 4567 1228 4640 de
1269 4569 1560 4640 Donatistis
1590 4585 1619 4622 a
1653 4551 2103 4640 piixla'i-‘éngtmie
2130 4551 2186 4613 D

510 4643 848 4703 revocandis,
882 4643 1026 4710 quod
1063 4650 1119 4692 et
1145 4639 1346 4693 diserte
1385 4639 1576 4693 eodem
1611 4641 1732 4694 loco
1778 4639 1992 4694 dicitur.
2028 4643 2102 4696 De

508 4717 753 4770 ecclesiis
793 4715 937 4768 enim
975 4711 1193 4766 demunt
1239 4711 1414 4780 agitur
1467 4713 1519 4764 in
1575 4710 1680 4763 fine
1719 4712 1850 4779 legis
1884 4729 1896 4764 :
1940 4711 2104 4780 idque

509 4787 685 4854 ipsum
713 4793 1030 4852 argumento
1060 4781 1216 4854 dict-.e
1241 4781 1366 4852 legis
1397 4781 1485 4845 5i,
1517 4780 1639 4849 infr.
1673 4780 1875 4834 firmari
1905 4792 2100 4854 potest.

511 4852 692 4912 Preme
721 4865 924 4918 autem,
955 4853 1094 4922 quod
1124 4856 1442 4913 secundum,
1471 4867 1563 4918 per
1589 4853 1797 4921 singula
1825 4852 2103 4908 hominum

511 4942 709 4996 genera
739 4933 1128 4996 preponnntur,
1153 4923 1265 4975 sive
1284 4922 1953 4996 indignitatepositorum,
1986 4925 2102 4981 sive

514 4993 879 5068 popularium,
910 4996 1024 5048 sive
1051 4993 1551 5068 Circumcellionum
1581 4994 1669 5063 (de
1693 4994 1888 5068 quibus
1917 5007 2102 5064 postea

512 5065 768 5138 plenius).
823 5065 1002 5138 'ijertio
1029 5066 1279 5138 proponit
1324 5065 1940 5138 ptenantroccultantibus
1984 5083 2102 5133 eos,

515 5135 676 5194 etiam
728 5135 1164 5198 eottductorihus,
1219 5137 1658 5201 procuratoribus
1695 5145 1747 5190 et
1795 5135 2103 5192 hominibus

513 5210 708 5264 domus
740 5207 1019 5277 principis,
1049 5205 1413 5276 uxoribusque
1456 5221 1661 5261 eorum.
1708 5206 1929 5273 Quarto,
1985 5220 2105 5276 post

517 5283 776 5335 mulctam
807 5278 1061 5334 inﬂictam
1091 5279 1500 5331 contumacibus
1532 5279 1793 5332 bonorum
1827 5280 2102 5348 proscrip-

519 5353 719 5407 tionem
751 5352 1006 5404 minatur.
1040 5349 1260 5414 Qninto,
1291 5357 1346 5402 et
1371 5349 1605 5403 dominis
1634 5350 1794 5403 etiam
1821 5351 2107 5405 catholicis

518 5423 764 5478 eamdem
797 5421 1049 5475 mulctam
1079 5422 1324 5486 imponit,
1371 5420 1472 5473 nisi
1518 5434 1704 5474 servos
1735 5430 1790 5472 et
1818 5423 2037 5475 colonos
2074 5437 2104 5474 a

517 5509 678 5565 prava
713 5492 972 5563 religione
997 5493 1388 5565 revocaverint.
1424 5493 1612 5565 Sexto,
1660 5490 1929 5565 Honorius
1956 5491 2110 5565 cleri-

513 5559 621 5631 cos,
667 5559 926 5618 minisiros
961 5560 1300 5631 sacerdotale;
1345 5559 1740 5616 Donatistarum
1781 5559 1836 5615 in
1883 5561 2107 5618 exilium

517 5630 757 5701 singulos
785 5651 879 5705 per
909 5630 1146 5705 singulas
1176 5630 1427 5705 regiones
1458 5632 1598 5705 mitti
1627 5632 1729 5705 sub
1777 5631 1879 5705 tida
1923 5647 2108 5700 prose-

513 5709 730 5763 cutione
767 5701 937 5776 jubet.
989 5701 1266 5758 Postremo
1309 5701 1505 5772 capite,
1531 5701 1794 5773 Ecclesia,
1841 5702 2111 5760 Consenti-

2209 3719 2351 3786 cula,
2385 3719 2718 3792 prmdiaque,
2749 3720 3132 3776 haereticorum
3158 3719 3415 3792 largitate
3438 3721 3490 3776 in
3521 3738 3714 3778 eorum
3748 3737 3832 3779 ec-

2211 3792 2412 3847 clesias
2482 3791 2709 3856 collata,
2760 3792 3046 3846 catholicis
3094 3791 3346 3848 eccleSiis
3394 3791 3554 3862 juxta
3626 3795 3830 3862 priores

2215 3862 2637 3918 constitutiones
2663 3862 2752 3933 (id
2787 3872 2873 3918 est
2911 3863 3066 3933 juxta
3097 3864 3136 3918 l.
3164 3863 3260 3929 45,
3286 3871 3305 3934 )
3333 3864 3620 3922 vindicare
3637 3867 3834 3936 juben-

2217 3941 2324 3987 tur.

2290 4005 2353 4057 Et
2387 4003 2468 4077 ita;
2497 4004 2713 4077 quidem
2745 4014 2953 4075 septem
2993 4005 3232 4077 rationes
3261 4013 3392 4060 sunt
3423 3999 3622 4077 quibus
3659 4008 3824 4062 Dona-

2215 4075 2368 4149 tistae
2391 4074 2458 4149 ad
2491 4076 2653 4149 iidem
2683 4074 3005 4149 catholicam
3035 4075 3342 4138 traducere,
3378 4074 3679 4149 eorumque
3703 4093 3826 4148 per-

2219 4145 2366 4218 tinax
2395 4145 2698 4218 institutum
2728 4147 2998 4217 frangere,
3029 4161 3279 4202 resecare
3312 4149 3422 4204 hoc
3446 4145 3686 4218 tempore
3704 4145 3824 4202 itu-

2217 4215 2335 4270 duit
2389 4217 2676 4288 Honorius,
2721 4215 2918 4288 quibus
2947 4218 3238 4273 validiores
3287 4220 3423 4288 tingi
3453 4215 3682 4276 rationes
3709 4233 3823 4273 non

2216 4292 2448 4356 possint.
2498 4287 2552 4340 i°
2596 4287 2768 4343 Metus
2797 4289 2977 4344 damni
3012 4290 3327 4356 pecuniarii.
3358 4287 3427 4344 2°
3457 4289 3827 4347 Conductores

2217 4368 2273 4432 et
2315 4367 2694 4432 procuratores
2740 4360 2932 4432 ingens
2968 4360 3184 4415 excitati
3229 4361 3296 4413 ad
3344 4376 3446 4416 eos
3476 4361 3822 4432 detegendos.

2216 4429 2281 4482 5°
2313 4430 2424 4484 Imo
2451 4440 2510 4484 et
2536 4445 2758 4486 uxores.
2802 4429 2867 4484 4ο
2899 4430 3174 4486 Bonorum
3203 4429 3626 4502 proscriptionis
3652 4441 3828 4487 metus

2215 4511 2342 4568 post
2366 4504 2786 4556 contumaciam.
2815 4503 2878 4556 5°
2930 4503 3138 4556 Domini
3183 4504 3234 4556 in
3266 4519 3460 4558 servos
3505 4515 3561 4558 et
3606 4505 3829 4559 colonos

2212 4572 2492 4626 concitati.
2525 4572 2586 4626 6°
2621 4572 2813 4628 Clerici
2842 4573 2893 4625 in
2921 4575 3142 4627 exilium
3177 4575 3354 4629 missi.
3385 4576 3449 4628 7°
3487 4575 3750 4632 Ecclesiae
3777 4585 3830 4630 et

2211 4641 2773 4716 donariacatholicte
2807 4641 3064 4716 Ecclesia:
3109 4643 3371 4699 vindicari
3407 4646 3584 4716 jussa.
3625 4647 3830 4714 Quibus

2212 4714 2411 4839 Ξὶἰιᾶῌιίδ
2449 4714 2562 4784 jam
2601 4715 2880 4785 complura
2924 4715 2963 4770 ι.
2997 4714 3087 4780 54,
3138 4716 3268 4787 inf'r.
3322 4714 3421 4772 ubi
3467 4725 3525 4772 et
3568 4718 3832 4773 nonnulla

2329 4803 2339 4837 I
2369 4801 2421 4838 a.

2212 4797 2421 4838 addlla.

2291 4853 2360 4928 U_t
2391 4857 2506 4909 inec
2534 4855 2758 4928 hujusce
2789 4851 2920 4926 legis
2962 4857 3015 4911 in
3058 4857 3368 4913 universum
3403 4868 3492 4914 est
3536 4862 3832 4928 sententia,

2214 4925 2286 5002 ita
2317 4924 2807 5002 Augvlstinnsejos
2835 4924 2942 5002 vim
2971 4929 3048 5002 sic
3091 4928 3326 5002 breviter
3355 4931 3637 5002 expressit
3677 4924 3830 4996 epist.

2214 4995 2308 5060 5t),
2341 4999 2408 5050 ad
2436 4995 2938 5073 Bonifacittnt._Jtmt
2967 4999 3238 5073 animis:
3273 4995 3447 5067 Ῑιιεγαῖ
3479 4995 3832 5073 prorumpam,

2214 5079 2274 5120 ut
2304 5078 2456 5121 tanta:
2496 5069 2828 5124 immanitatis
2856 5070 3062 5125 hwrais
3091 5069 3511 5136 Donatistarum,
3541 5075 3630 5128 cui
3652 5069 3838 5129 crude-

2216 5138 2316 5212 lius
2341 5140 2480 5210 parci
2518 5139 2803 5206 videbatur,
2831 5157 2988 5211 quam
3016 5143 3128 5212 ipsa
3165 5143 3427 5207 swviebut.
3489 5162 3594 5200 non
3633 5155 3838 5199 tantum

2216 5210 2577 5286 uiolenta-esse
2600 5252 2615 5280 ,
2659 5213 2747 5266 sed
2777 5210 3124 5286 ou’tvtnossse
3153 5229 3255 5270 non
3283 5231 3590 5286 SINBRE‘I'UB
3622 5219 3838 5286 impune

2216 5280 2617 5357 (Itmchprimnm
2662 5291 2746 5357 est
2787 5283 2946 5354 hujus
2982 5285 3081 5357 leg.
3135 5287 3452 5355 sententia).
3491 5285 3619 5341 Non
3663 5280 3841 5342 mea

2214 5353 2467 5425 supplicio
2496 5355 2726 5425 capitali,
2747 5353 2972 5425 propter
2998 5353 3304 5410 servandam
3328 5353 3484 5411 etiam
3513 5361 3658 5413 circa
3688 5359 3840 5412 indi-

2215 5439 2343 5500 gnat
2373 5423 2804 5500 misericordfnm,
2834 5423 3298 5500 scd_Pecuntanns
3322 5444 3521 5498 nanus
3549 5432 3842 5500 propositis

2217 5492 2538 5571 (secundum
2587 5495 2878 5571 boccaput
2921 5495 3079 5571 hujus
3135 5497 3280 5571 legis,
3334 5493 3422 5553 ubi
3474 5492 3686 5570 pariter
3730 5518 3839 5557 vox

2216 5565 2428 5628 damna,
2463 5576 2519 5617 nt
2541 5580 2607 5619 ex
2635 5565 2795 5638 l.54,’
2819 5565 3096 5638 occurrit).
3135 5565 3204 5622 ΕΞ
3241 5572 3294 5623 in
3324 5565 3633 5638 artscnpos,
3666 5588 3839 5628 ams-

2215 5651 2350 5714 [κοῦ
2376 5651 2550 5690 eorum
2576 5637 2733 5714 emilio
2757 5637 3344 5714 constitutaf'l'ertimn
3374 5642 3476 5696 hoc
3495 5637 3679 5714 caput
3700 5646 3836 5714 est.)

2217 5706 2554 5778 Quamquam
2569 5717 2625 5765 et
2643 5709 2690 5765 si
2706 5708 2953 5766 ordinem
2972 5706 3260 5770 verborum
3277 5706 3832 5787 Augustini'spectee;
