4134 6186
507 336 640 390 HQ?

1159 328 1585 386 MONUMENTA
1626 328 2187 396 CARTIIAGINENSI
2227 331 2640 398 COLLATIONI
2680 331 3130 389 POSTERIORA.

3659 333 3807 390 “9.8

496 449 620 518 quis
644 455 822 500 autem
853 447 951 496 ltos
981 441 1244 512 fugientes
1268 442 1601 516 propositam
1631 444 1918 507 ultionem,
1938 443 2102 498 occul-
2131 449 2182 507 Α
2207 444 2293 506 vel
2315 459 2506 500 eorum
2543 447 2802 515 patientia
2847 458 3062 503 sacrum
3088 449 3411 520 mysterium
3441 449 3601 506 fuerit
3628 452 3809 522 inqui-

502 539 648 594 tandi
679 551 838 592 causa
869 533 1192 604 susceperit,
1229 535 1366 589 sciat
1417 543 1472 588 et
1503 536 1884 605 patrimonium
1943 550 2101 589 suum

503 633 622 688 fisci
652 629 818 685 nostri
850 627 1189 698 compendiis
1216 628 1641 700 aggregandum,
1674 639 1729 684 et
1777 644 1838 684 se
1884 641 2101 702 pinnam

501 739 624 797 quae
651 723 736 778 his
766 719 1045 794 proposita
1073 730 1177 788 est,
1211 721 1535 776 subiturum.
1567 721 1624 777 5'
1657 722 1864 776 Damna
1890 737 2106 792 quoque

499 811 833 888 patrimonii,
865 828 1166 883 poenasque
1195 815 1536 884 pecuniarias
1559 814 1845 870 evidenter
1874 814 2106 884 imponi-

501 924 624 966 mus
667 909 809 974 uiria,
839 905 1161 971 mulieribus,
1192 906 1444 976 personis
1493 905 1743 975 singulis.
1794 914 1849 961 et
1875 903 2108 977 dignita-

507 1001 654 1056 tibus
685 1013 784 1070 pt'o
805 998 1063 1069 qualitate
1093 996 1193 1060 sui,
1225 1013 1345 1068 quac
1389 997 1625 1053 debeant
1655 998 1908 1067 irrogari.
1938 999 2108 1069 Igitur

497 1092 900 1165 proconsulari,
929 1099 1023 1146 aut
1044 1091 1338 1158 vicariano,
1361 1092 1448 1146 vel
1470 1093 1738 1148 comitivae
1765 1093 1925 1164 primi
1957 1091 2107 1148 ordi-

506 1187 597 1244 nis
620 1187 849 1257 quisque
881 1184 1038 1238 fuerit
1070 1183 1281 1240 honore
1317 1184 1650 1252 succinctus,
1678 1185 1781 1241 nisi
1825 1186 1891 1240 ad
1921 1186 2110 1240 obser-

506 1279 748 1335 vantiam
771 1275 1095 1332 catholicam
1127 1283 1364 1332 mentem
1392 1278 1842 1348 prouositumque
1872 1293 2108 1334 conver—

505 1374 655 1437 terit,
686 1371 952 1426 ducentas
979 1371 1192 1440 argenti
1238 1370 1404 1425 libras
1427 1381 1652 1440 cogetur
1677 1371 1967 1427 exsolvere
1993 1370 2112 1426 fisci

511 1468 688 1521 nostri
714 1465 1032 1518 utilitatibus
1061 1464 1455 1535 aggregandas.
1484 1464 1561 1520 Ac
1592 1481 1659 1520 ne
1679 1465 1730 1520 id
1752 1465 1927 1520 solum
1960 1474 2115 1535 pute-

510 1572 602 1618 tur
621 1559 689 1615 ad
712 1557 1065 1616 resecandam
1098 1559 1457 1614 intentionem
1485 1574 1646 1628 posse
1675 1558 1945 1624 sufﬁcere,
1974 1575 2112 1629 quo-

509 1655 846 1724 tiescumque
871 1651 936 1707 ad
963 1651 1404 1708 communionem
1427 1652 1588 1706 talem
1617 1653 1918 1708 accessisse
1951 1651 2116 1708 fuerit

509 1747 842 1811 confutatus,
894 1746 1093 1800 totiens
1140 1745 1396 1800 mulctam
1443 1743 1734 1816 exigatur:
1772 1755 1828 1802 et
1859 1746 1905 1802 si
1957 1747 2115 1817 quin-

2207 548 2429 605 natmn,
2481 537 2751 594 referetur
2773 554 2868 609 per
2888 540 3098 610 judices
3123 541 3190 596 ad
3244 543 3530 598 scientiam
3556 543 3813 600 domino-

2205 644 2352 693 rum,
2376 644 2611 700 quorum
2643 631 2928 701 intererit,
2951 632 2996 686 si
3023 647 3238 703 ptenam
3271 634 3463 689 volunt
3501 649 3672 690 sacra
3693 635 3815 706 jus-

2206 720 2377 777 sionis
2414 721 2669 786 evadere,
2698 733 2790 776 aut
2832 731 3108 780 certantes
3145 725 3444 795 corrigere,
3493 729 3587 781 aut
3613 741 3808 798 perseo

2207 821 2462 867 verantes
2497 799 2870 868 commutare:
2902 828 2966 868 ac
3008 814 3142 870 tales
3177 815 3399 885 prmdiis
3424 816 3538 870 suis
3566 818 3816 886 praebere

2207 913 2476 970 rectores,
2495 904 2586 974 qui
2635 902 2814 959 divina
2863 917 3130 974 przecepta
3185 907 3520 961 custodiant.
3559 908 3716 976 Quod
3769 911 3817 964 si

2210 1009 2506 1067 procurare
2535 995 2893 1065 neglexerint,
2931 995 2984 1050 hi
3011 1011 3226 1067 quoque
3252 1000 3303 1051 in
3324 999 3641 1068 pensiones,
3677 1013 3819 1072 quas

2211 1091 2461 1160 accipere
2500 1098 2851 1157 consuerunt,
2885 1090 3106 1160 prolatae
3134 1093 3519 1163 praeceptionis
3568 1094 3815 1149 auctori-

2213 1193 2323 1240 tate
2367 1184 2714 1250 mulctentur,
2746 1191 2806 1238 ut
2829 1183 2973 1254 quod
3023 1184 3090 1239 ad
3115 1186 3437 1255 compendia
3473 1201 3660 1242 eorum
3694 1203 3820 1257 per-

2213 1273 2401 1328 venire
2447 1280 2661 1342 poterat
2708 1287 2864 1328 sacro
2902 1273 3157 1344 jungatur
3212 1275 3432 1330 aerario.
3460 1275 3518 1331 8°
3543 1275 3822 1346 Ofﬁcium

2214 1374 2394 1421 autem
2423 1364 2765 1421 diversorum
2803 1363 3045 1436 judicum
3087 1365 3215 1420 siin
3266 1366 3371 1421 hoc
3399 1381 3583 1422 errore
3611 1364 3825 1422 fuerint

2215 1455 2564 1528 deprehensi,
2599 1456 2666 1512 ad
2698 1457 2919 1527 triginta
2950 1457 3212 1512 librarum
3255 1459 3466 1529 argenti
3513 1458 3818 1516 illationem

2216 1565 2393 1622 ptrnae
2421 1550 2643 1605 nomine
2671 1557 2995 1604 teneantur:
3026 1549 3100 1604 ita
3150 1558 3208 1604 ut
3247 1549 3294 1604 si
3344 1549 3635 1620 quinquies
3689 1559 3821 1605 eon-

2214 1641 2459 1698 demnati
2512 1641 2790 1696 abstinere
2837 1628 3147 1705 noluerint,
3217 1640 3441 1696 coerciti
3493 1639 3822 1698 verberibus

2218 1736 2380 1791 exilio
2425 1735 2820 1805 mancipentur.
2854 1734 2911 1789 9°
2940 1733 3127 1789 Servos
3157 1747 3287 1788 vero
3323 1745 3378 1788 et
3407 1732 3621 1788 colonos
3673 1749 3825 1789 coer-

512 1840 670 1911 quies
697 1837 949 1894 eumdem
982 1839 1294 1893 constiterit
1333 1853 1433 1894 nec
1460 1838 1675 1894 damnis
1701 1839 1768 1896 ab
1814 1856 2005 1896 errore
2031 1855 2118 1896 re-
2145 1829 2192 1894 Β
2221 1827 2350 1884 Ollio
2377 1827 2446 1882 ab
2495 1825 2802 1897 Ιιυὶυδωοάί
2835 1826 3060 1881 auibus
3105 1825 3451 1880 δθνθτίεείωθ
3500 1825 3818 1880 νίιιάῖοιινίι-

511 1936 720 2000 vocari,
753 1946 881 1989 tunc
906 1932 974 1988 ad
999 1942 1239 1988 nostram
1270 1932 1616 1988 clementiam
1641 1933 1926 1999 referatur,
1968 1944 2029 1988 ttt
2051 1936 2122 1990 de

515 2025 692 2082 solida
718 2026 837 2096 ejus
866 2025 1171 2080 substantia
1208 2039 1272 2080 ac
1313 2025 1382 2080 de
1423 2033 1567 2080 statu
1616 2025 1870 2081 acerbius
1912 2025 2124 2096 judice-

515 2135 656 2175 mus.
694 2117 1013 2188 Ilujusmodi
1035 2126 1215 2172 autem
1246 2117 1649 2174 conditionibus
1681 2121 1845 2174 etiam
1880 2119 2124 2176 Honora-

519 2221 605 2268 tos
651 2211 891 2281 reliquos
939 2211 1288 2280 obligamus:
1349 2211 1598 2275 scilicet,
1628 2219 1690 2265 ut
1733 2221 1982 2277 senator,
2031 2213 2123 2282 qui

522 2304 673 2360 nullo
722 2301 966 2358 munitus
1027 2303 1370 2359 extrinsecus
1435 2302 1720 2373 privilegio
1795 2303 2121 2374 dignitatis,

519 2395 775 2449 inventus
807 2395 859 2448 iu
899 2409 1062 2466 grege
1091 2393 1521 2462 Donatistarum,
1575 2405 1796 2451 centum
1825 2395 1993 2452 libras
2016 2398 2126 2452 sol-

519 2496 615 2544 vat
635 2487 874 2558 argenti:
905 2486 1274 2544 sacerdotales
1300 2487 1546 2542 eamdem
1574 2502 1841 2544 summam
1864 2500 2127 2560 cogantur

523 2583 816 2638 exsolvere
841 2597 854 2635 :
882 2581 1067 2637 decem
1093 2579 1252 2652 primi
1294 2581 1528 2636 curiales
1548 2581 1937 2653 quinquaginta
1964 2583 2129 2638 libras

525 2676 738 2746 argenti
766 2674 1110 2741 addicantnr,
1134 2675 1332 2745 reliqui
1354 2675 1677 2731 decuriones
1699 2674 1890 2732 decem
1918 2676 2132 2732 solvant

525 2764 696 2822 libras
744 2763 950 2834 argenti
976 2763 1303 2835 quicumque
1354 2764 1408 2820 in
1456 2763 1652 2824 Πλωτθεί
1684 2767 1978 2822 maluerint
2004 2782 2132 2838 per-

529 2872 777 2924 manere.
811 2857 868 2911 6°
885 2855 1237 2911 Conduclores
1263 2865 1445 2911 autem
1476 2856 1670 2912 domus
1701 2865 1926 2924 nostra,
1949 2860 1994 2914 si
2015 2858 2134 2914 haec

532 2953 589 3007 In
640 2949 861 3021 praediis
913 2949 1242 3004 venerabilis
1289 2948 1610 3005 subsmntia:
1662 2949 1735 3007 uti
1788 2954 2131 3024 permiserint,

530 3055 737 3100 tantam
771 3043 1086 3112 pensionem
1125 3057 1304 3113 pteuae
1344 3043 1565 3098 nomine
1595 3054 1859 3114 cogantur
1906 3043 2131 3110 inferre,

532 3146 792 3210 quantum
808 3139 858 3192 in
875 3138 1238 3194 conduCtione
1265 3137 1539 3208 pensitare
1559 3149 1910 3196 consuerunt.
1928 3137 2131 3195 Eadem

533 3245 750 3302 quoque
780 3228 1300 3301 emphyteuticarios
1327 3229 1620 3285 auctoritas
1638 3245 1808 3286 sacra:
1834 3229 2140 3286 defluitiou-
2164 3213 2212 3283 C

531 3329 618 3386 nis
667 3324 984 3395 adstringet.
1023 3323 1086 3378 7°
1136 3321 1512 3380 Conductores
1539 3339 1669 3378 vero
1705 3325 2061 3395 privatorum,
2093 3326 2139 3380 si
2170 3376 2177 3384 .

533 3418 890 3492 permiserint
933 3417 986 3470 in
1024 3413 1232 3470 hisdem
1280 3414 1495 3484 prtediis
1521 3416 1894 3471 conventicula
1929 3415 2137 3480 haberi,

2223 1920 2303 1976 Ac
2330 1919 2374 1974 si
2401 1919 2578 1974 coloni
2610 1918 2929 1974 verberibus
2969 1917 3147 1972 coacti
3174 1918 3226 1970 in
3258 1918 3542 1988 proposito
3566 1917 3826 1986 perdura-

2225 2014 2438 2078 verint,
2495 2022 2620 2065 tunc
2681 2009 2837 2066 tertia
2883 2009 3077 2080 peculii
3137 2009 3219 2064 sui
3265 2020 3418 2080 parte
3472 2010 3820 2065 mulctentur.

2227 2102 2319 2159 I0°
2350 2102 2527 2172 Atque
2568 2101 2775 2170 omnia,
2804 2116 2925 2172 qua:
2975 2100 3285 2171 hujusmodi
3318 2101 3610 2172 generibus
3651 2101 3823 2157 homi-

2225 2211 2356 2253 num
2382 2197 2623 2266 locisque
2645 2195 2825 2266 colligi
2856 2203 3134 2266 poterunt,
3180 2195 3246 2249 ad
3283 2195 3592 2264 largitiones
3639 2209 3826 2250 sacras

2226 2292 2376 2348 illico
2398 2291 2717 2362 dirigantur.
2773 2291 2890 2346 Dat.
2921 2306 2976 2356 χ,
3018 2287 3127 2344 kal.
3161 2288 3268 2344 Jul.
3322 2288 3454 2344 Rav.
3505 2286 3825 2344 Constantio

2228 2396 2284 2442 et
2313 2383 2630 2443 Constante.
2662 2399 2810 2439 coss.

2593 2523 2760 2597 330
2787 2536 2927 2577 auso
2957 2520 3149 2577 Donum
3177 2535 3401 2576 ccccxv.

2289 2655 2536 2714 XXXVI.
2564 2655 2727 2712 ALIA
2757 2653 2896 2711 LEX
2924 2653 3234 2730 EIUSDEM
3265 2649 3740 2709 IMPERATORIS
3764 2692 3781 2718 ,

2305 2800 2421 2869 Qus
2448 2813 2658 2855 CONTRA
2691 2795 3032 2852 Dounrsras
3057 2809 3224 2850 casn
3247 2807 3386 2848 anno
3415 2793 3477 2847 il
3496 2793 3510 2846 l
3528 2834 3544 2858 ,
3568 2805 3661 2846 sua
3690 2789 3834 2844 Mm-

2237 2907 2464 2950 οειιιΝο
2493 2904 2794 2946 COGNITORB
2823 2902 2893 2943 ΕΟ
2917 2902 3220 2950 ουηιιιυετ
3248 2900 3467 2940 ιιοιιτυο
3486 2900 3552 2939 ΕΤ
3580 2897 3830 2938 ιδνιωοςε

2237 3001 2387 3042 CESO
2425 2999 2638 3040 PLENAII
2666 2996 2828 3036 FIDE]!
2860 2996 2930 3036 ΕΤ
2956 2989 3317 3050 -ῘΙἎΙΙΤᾹΤΕΙ
3345 2991 3618 3033 οΒτιΝειε
3645 2990 3835 3030 DECLA-

2237 3093 2471 3135 BANTUR.

2813 3175 3020 3248 Una,
3051 3175 3114 3230 L.
3149 3175 3266 3242 55.)

2573 3291 2719 3348 Idem
2764 3289 2876 3354 AA,
2918 3288 3132 3345 Juliano
3162 3288 3319 3343 Proc.
3352 3283 3525 3343 Afric.

2318 3407 2548 3464 Notione
2595 3413 2652 3462 et
2701 3403 3067 3459 sollicitudine
3133 3400 3470 3466 Marcellini,
3537 3399 3840 3472 spectabilis

1544 3529 1778 3586 JACOBI
1821 3523 2269 3588 GUTHOFREDI
2307 3523 2876 3583 COMMENTARIUS.

539 3629 713 3686 blicas
757 3635 814 3682 et
852 3625 1100 3680 civitates
1143 3621 1570 3690 pertinentium:
1609 3624 1678 3679 de
1726 3625 1920 3693 quibus
1956 3634 2136 3679 actum

542 3703 634 3756 lib.
668 3717 696 3754 x
723 3741 738 3763 ,
761 3697 975 3753 tandem
997 3694 1370 3750 Conductores
1395 3695 1744 3763 privatorum,
1777 3711 1872 3750 seu
1897 3707 2136 3751 rectores

543 3770 893 3841 praediorum.
927 3767 1255 3841 Qu:e_etiam
1281 3766 1394 3841 _tria
1439 3767 1574 3841 alios
1617 3765 1894 3841 hominum
1937 3778 2134 3841 genera

544 3836 656 3896 reis
683 3839 918 3893 latebras
951 3837 1194 3904 praebere
1215 3836 1498 3889 solebant:
1528 3836 1595 3890 de
1616 3852 1722 3905 quo
1744 3837 1902 3891 fidem
1934 3837 2138 3891 faciunt

545 3913 846 3966 innumera:
862 3907 1279 3961 constitutiones
1303 3923 1314 3958 :
1342 3905 1550 3960 Exinde
1575 3905 1844 3976 Ofﬁcium
1869 3909 2133 3977 judicum.

548 3979 792 4036 Tandem
819 3979 948 4031 σεοθυί
971 3985 1018 4030 et
1044 3977 1256 4048 coloni._

619 4052 819 4112 Sexto,
854 4056 1072 4101 notetur
1103 4046 1318 4100 mulctm
1348 4061 1516 4114 genus
1545 4059 1676 4100 vers.
1709 4046 1743 4100 6
1781 4056 1828 4100 et
1856 4048 1911 4110 7,
1942 4062 2138 4116 nempe

550 4131 759 4178 tantum
788 4120 919 4174 flsco
946 4117 1210 4172 inferendi
1253 4124 1509 4184 quantum
1543 4117 1818 4186 pensiouis
1853 4133 2046 4172 annua:
2071 4135 2138 4173 ex

551 4192 721 4248 fundo
751 4191 871 4259 quis
902 4199 1162 4260 pra-stare
1190 4187 1271 4243 vel
1303 4190 1582 4260 percipere
1598 4189 1780 4260 solet;
1837 4190 1900 4243 Et
1926 4190 2147 4260 quidem

553 4264 624 4319 ob
676 4257 960 4331 pra—:bttum
1007 4257 1240 4331 fundum
1293 4259 1566 4331 mysteriis
1596 4257 1975 4316 bzrreticorutit
2001 4262 2150 4331 celo:

552 4329 780 4388 brandis
811 4348 825 4386 :
855 4331 939 4385 vel
969 4329 1040 4383 ob
1082 4329 1444 4384 conductores
1497 4329 1783 4384 fundorum
1829 4345 2050 4386 suorum
2098 4330 2150 4385 id

555 4403 824 4459 facientes
845 4437 858 4464 .
902 4414 1010 4456 non
1035 4398 1354 4453 emendatos
1377 4400 1462 4454 vel
1483 4410 1863 4455 commutatos.

631 4472 863 4536 Caetera,
894 4480 948 4525 et
979 4473 1030 4524 in
1066 4469 1149 4523 his
1174 4470 1414 4536 quidem,
1467 4471 1536 4525 de
1589 4471 1772 4536 exilio,
1819 4482 1874 4527 et
1929 4471 2149 4540 quidem

554 4543 830 4605 solitario,
894 4540 1277 4609 episcoporum
1323 4551 1379 4596 et
1428 4541 1797 4596 ministrorum
1848 4544 2151 4596 Donatista-

555 4631 679 4672 rum
701 4651 717 4680 ,
749 4615 868 4668 vide
894 4611 960 4665 ad
984 4612 1023 4664 l.
1049 4611 1139 4673 52,
1169 4627 1315 4677 supr.

631 4682 1172 4756 Caeterutnhujusce
1220 4683 1352 4751 legis
1397 4683 1603 4756 ῥητῶς,
1647 4683 2030 4756 οῃ-νενρᾷιερὶι
2081 4683 2152 4738 53

561 4774 708 4829 supr.
747 4771 815 4829 an
849 4753 1130 4829 utriusque
1155 4753 1499 4829 executoi-em
1533 4763 1660 4829 post
1681 4753 1973 4807 Marcellini
2004 4769 2152 4808 mor-

561 4822 702 4889 tein,
735 4826 803 4880 de
831 4841 938 4894 quo
965 4824 1002 4878 ι.
1056 4839 1204 4890 prox.
1251 4822 1538 4878 Dulcitium
1579 4823 1850 4878 tribunum
1902 4833 1956 4878 et
2004 4835 2155 4878 nota-

563 4899 704 4953 rium
734 4893 1002 4950 Honorius
1036 4899 1086 4948 iu
1109 4894 1342 4948 Africam
1375 4894 1580 4948 miserit
1609 4893 1740 4965 (quo
1766 4895 2005 4965 alioquin
2031 4911 2156 4965 pere

566 4969 741 5022 tinent
803 4981 921 5032 qua:
995 4966 1322 5033 Augustinus
1388 4965 1576 5019 scribit
1638 4964 1728 5020 lib.
1811 4980 1847 5019 ιι
1901 4964 2153 5020 ίΒειὲαει.

567 5055 688 5106 cap.
711 5035 805 5103 59)
847 5036 1069 5090 dubium
1097 5035 1270 5090 videri
1303 5036 1474 5102 possit
1516 5053 1528 5088 :
1578 5036 1841 5090 Baronius
1886 5037 1936 5090 id
1968 5037 2036 5091 dc
2066 5038 2162 5090 hac

571 5107 911 5180 leg._accepi_t
939 5125 952 5160 :
989 5107 1101 5180 Ego
1123 5121 1234 5180 non
1268 5107 1448 5180 minus
1476 5107 1740 5180 accipiam
1771 5107 1839 5160 de
1879 5111 2163 5180 superiore

569 5175 759 5239 lfSi,
810 5175 901 5228 ubi
928 5186 983 5230 et
1041 5176 1302 5232 Dulcitius
1355 5179 1470 5246 ipse
1516 5177 1741 5232 indicari
1812 5175 2026 5233 videtur
2083 5177 2166 5232 liis

571 5252 754 5308 verbis
790 5265 801 5301 :
835 5247 937 5312 Qui
987 5247 1087 5300 nisi
1120 5252 1388 5320 saeculari
1413 5250 1682 5319 exigendi,
1733 5248 1787 5303 id
1831 5259 1940 5320 ut,
1975 5251 2165 5320 fuerint

571 5321 884 5391 prmentati,
939 5326 1045 5370 etc.
1101 5319 1435 5391 Augustinus
1500 5335 1645 5387 saepe
1700 5319 1948 5391 meminit
2007 5320 2166 5389 hujus

577 5391 766 5455 Edisti,
792 5399 847 5442 et
869 5401 965 5456 per
987 5400 1197 5460 sacram
1230 5390 1562 5459 Scriptorum
1591 5390 1830 5445 ostendit
1855 5389 1906 5444 id
1929 5391 2165 5460 justissi-

573 5477 722 5520 mum
751 5473 874 5515 esse
910 5473 928 5510 :
952 5471 1017 5511 ac
1047 5459 1363 5514 nominatim
1422 5462 1473 5515 in
1523 5461 1841 5516 tractatibus
1888 5459 2164 5528 erpressis

572 5548 739 5601 super
770 5531 873 5584 hoc
899 5528 1352 5601 ,_incu|oat‘epist.
1382 5531 1452 5586 59
1475 5571 1488 5596 ,
1518 5531 1586 5585 ad
1633 5531 1898 5586 Comitem
1942 5530 2161 5584 Bonifa-

571 5598 715 5660 cium
739 5601 864 5674 (cui
904 5598 1098 5674 titulus
1122 5616 1144 5674 :_
1168 5599 1231 5654 de
1257 5601 1574 5674 corrigendis
1594 5602 1855 5674 moderate
1875 5601 2122 5674 Romanis
2145 5618 2164 5656 :

571 5677 725 5745 epist.
750 5669 840 5745 tit.
857 5671 924 5745 ad
952 5669 1238 5745 Dulcitium
1272 5686 1285 5724 :
1309 5671 1360 5726 in
1383 5669 1541 5745 libris
1560 5681 1748 5745 contra
1769 5672 2159 5745 Gaudentium:

570 5739 725 5812 epist.
754 5743 825 5798 48
849 5743 918 5802 ad
955 5739 1278 5814 Vincentium
1300 5779 1317 5809 ,
1357 5742 1419 5797 de
1460 5743 1778 5811 corrigendis
1803 5743 2052 5800 hareticis
2073 5760 2164 5814 per

577 5817 713 5880 vim,
741 5825 799 5868 ut.
823 5814 947 5885 jure
977 5813 1224 5871 Itoinano
1272 5821 1592 5870 testamenta
1623 5814 1922 5871 condentes
1965 5822 2021 5871 et
2041 5813 2162 5890 jure

2247 3623 2536 3677 divino....
2597 3626 2979 3674 testamentum
3008 3623 3324 3684 rumperent
3347 3653 3364 3678 ,
3400 3612 3514 3668 vid.
3545 3611 3646 3668 lib.
3678 3627 3694 3667 t
3723 3627 3842 3668 eon-

2249 3705 2328 3747 tra
2359 3691 2722 3746 Gaudentium
2755 3704 2806 3742 c.
2845 3688 2935 3750 19,
2979 3699 3018 3741 ι.
3050 3689 3102 3752 7,
3137 3703 3190 3755 p.
3221 3686 3360 3749 2.59;
3420 3685 3636 3738 litim
3685 3687 3739 3738 in
3765 3703 3843 3738 eos

2245 3763 2512 3818 constituit
2540 3760 2675 3831 Imp.
2707 3759 2921 3814 exilium
2945 3759 3082 3811 vobis
3120 3758 3277 3831 uoluit
3321 3759 3682 3831 inferretnon
3713 3772 3844 3831 φρογ-

2246 3847 2374 3898 tem,
2401 3842 2507 3888 etc.
2539 3825 2784 3899 Magnam
2835 3845 2966 3882 vero
2997 3832 3110 3881 lure
3138 3829 3220 3880 lex
3252 3837 3302 3879 et
3337 3828 3392 3880 ά.
3421 3828 3458 3879 ι.
3507 3827 3612 3899 η,
3648 3825 3847 3881 utilita-

2247 3915 2356 3959 tem
2390 3898 2659 3957 attulere:
2703 3900 2824 3953 vide
2854 3899 3214 3968 Augustinum
3247 3898 3300 3950 ά.
3328 3899 3484 3964 epist.
3517 3898 3590 3952 50
3616 3907 3670 3951 et
3701 3899 3846 3968 (pisi.

2241 3975 2333 4038 48.
2367 3984 2422 4029 et
2449 3981 2633 4027 contra
2659 3971 3018 4027 Gaudentium
3046 3971 3134 4024 lib.
3167 3985 3208 4032 ι,
3237 3984 3283 4022 c.
3311 3968 3405 4033 29,
3435 3985 3491 4039 p.
3517 3969 3610 4024 6i.

2315 4055 2558 4112 XXXVI.
2575 4055 2771 4110 Contra
2789 4053 3094 4108 Donatistas
3107 4060 3231 4106 ante
3246 4053 3540 4106 triennium
3564 4061 3735 4121 gesta,
3752 4050 3849 4105 sub

2254 4129 2477 4183 notione
2488 4125 2785 4180 Marcellini
2798 4124 3114 4194 cognitoris,
3132 4123 3234 4176 hoc
3249 4122 3618 4194 temporejam
3632 4121 3845 4194 mortui,

2253 4210 2566 4269 perpetuam
2600 4192 2951 4269 nihilominus
2993 4195 3300 4269 ﬁrmitatem
3329 4192 3542 4269 habere
3566 4193 3722 4269 jubet
3745 4193 3849 4246 hac

2253 4263 2641 4325 cettstitutione
2688 4267 2957 4320 Honorius
2998 4266 3127 4333 imp.
3159 4279 3304 4318 anno
3329 4264 3397 4318 D.
3445 4265 3582 4326 414,
3609 4263 3851 4332 subjecta

2261 4340 2503 4410 generali
2535 4339 2729 4410 regula
2757 4335 2909 4408 (quae
2939 4335 3172 4410 notanda
3212 4343 3300 4410 est
3332 4352 3345 4388 :
3381 4334 3600 4410 )__Morte
3622 4336 3855 4410 cognito-

2255 4405 2328 4465 ἷξε
2357 4411 2522 4482 perire
2559 4405 2660 4462 non
2697 4405 2875 4482 debere
2915 4406 3171 4482 publicam
3197 4406 3374 4474 ﬁdem.
3409 4406 3614 4476 Nempe
3645 4405 3855 4474 publica

2255 4477 2366 4536 fide
2391 4491 2574 4549 gesta,
2630 4489 2790 4548 atque
2837 4479 2888 4533 in
2918 4477 3151 4549 publica
3221 4488 3572 4549 monumenta
3614 4488 3858 4549 senecta

2176 4575 2232 4641 ι)
2257 4546 2424 4641 semei!
2467 4546 3002 4641 rataeeswznwn
3043 4546 3497 4641 Μετ’)-.ῐξςὶυηικ
3533 4555 3590 4638 ετι
3615 4555 3681 4641 ιιι
3726 4546 3862 4601 hanc

2257 4623 2430 4690 legem
2459 4616 2700 4676 efferunt
2716 4616 2804 4674 lib.
2834 4635 2910 4681 vr,
2942 4620 3020 4673 tit.
3051 4633 3100 4680 ι,
3124 4617 3355 4671 Basilica
3383 4659 3398 4684 ,
3438 4621 3507 4674 τὰ
3531 4620 3581 4690 ἐν
3612 4616 3862 4676 δικαστη-

2257 4688 2353 4766 ρίῴ
2381 4694 2718 4763 ἀνενεχθέντα
2775 4691 3507 4766 ἐν-ὐπομνήμασινμίσχυρῶς
3534 4688 3861 4766 διακένους-ι.

2258 4753 2341 4820 Ξεαέ
2361 4753 2692 4823 τελευιίῶντος
2719 4769 2813 4817 τοῦ
2831 4753 3098 4823 δικαάτοῦ,
3122 4766 3175 4813 et
3198 4753 3791 4832 Christistorntts').67si
3817 4765 3866 4814 ά.

2261 4839 2332 4898 εἰς
2361 4841 2450 4894 τὴν
2477 4835 2622 4907 ἁγίᾳν
2651 4839 2990 4907 naut-rimari»;
3009 4873 3023 4898 ,
3063 4840 3184 4907 tom:
3223 4845 3341 4907 vni,
3366 4847 3505 4907 1mg.
3527 4831 3679 4907 .609,
3718 4831 3871 4907 §U_§t‘

2262 4898 2532 4979 καστηρίῷ
2557 4904 2688 4965 ἅπερ
2710 4903 2768 4958 ἄν
2794 4905 2878 4957 ἐπὶ
2904 4899 3284 4979 ὑπομνημάτων
3305 4899 3332 4953 ὁ
3361 4898 3696 4979 διξαςόμενος
3726 4905 3870 4975 sectr

2263 4977 2414 5050 ξητᾳι
2434 4973 2642 5050 natura»;
2675 4976 2981 5050 ἔγχρὰᾳξεται
3003 4973 3253 5031 διηνεκῶς,
3286 4974 3375 5050 καὶ
3402 4973 3762 5050 animasse;
3792 4973 3871 5026 9-3:

2267 5046 2336 5101 ενι
2356 5042 2785 5101 ).om6v.'l'antun'i
2815 5042 3124 5097 abestmors
3141 5042 3540 5108 cognitoriseis
3570 5042 3872 5110 quidquam

2269 5117 2533 5184 derogare
2561 5115 2754 5170 valeat.
2780 5114 2895 5168 Non
2930 5123 2986 5168 ut
3013 5113 3290 5184 aliatnors
3315 5113 3515 5184 solvit,
3548 5113 3623 5166 ita
3648 5122 3707 5167 et
3724 5128 3873 5168 mors

2269 5181 2563 5255 eogtiitoris
2590 5194 2738 5254 gesta
2769 5199 2982 5255 quoque
3010 5181 3218 5254 publica
3250 5183 3438 5236 Solvit.

2339 5245 2468 5340 I'Itec
2489 5245 2705 5340 quidem
2738 5245 2963 5340 hujusce
2985 5245 3116 5324 legis
3143 5252 3552 5340 est‘sententia;
3583 5268 3785 5340 verum
3809 5254 3872 5310 de

2272 5328 2446 5384 tribus
2472 5323 2754 5381 videndum
2787 5323 2870 5380 est
2895 5323 3579 5396 quamamvidelicetgestq
3602 5324 3694 5378 illa
3725 5327 3868 5396 sint,

2274 5403 2397 5467 quis
2440 5397 2774 5451 Marcellinus
2804 5394 2925 5463 ille,
2956 5395 3024 5451 de
3053 5394 3255 5467 quibus
3281 5395 3377 5448 hac
3421 5395 3460 5448 ι.
3492 5395 3700 5467 agitur.
3729 5395 3872 5452 Tan-

2268 5464 2389 5525 dem
2423 5485 2540 5538 qua:
2571 5469 2727 5537 hujus
2752 5468 2877 5537 legis
2910 5464 3555 5538 promulgandteoceasio
3585 5464 3783 5538 fuerit.

2340 5534 2492 5609 Quod
2522 5534 2752 5605 primum
2785 5534 2993 5609 attinet.
3034 5534 3238 5606 Nempe
3284 5534 3372 5590 hic
3402 5534 3866 5609 ind_icatur_Acn

2267 5606 2560 5666 seu'Gesn
2578 5609 2936 5664 COLLA'I‘IONIS
2963 5607 3423 5663 CARTHAGINBNSIS
3443 5648 3456 5667 ,
3488 5606 3644 5662 inter
3666 5606 3869 5664 Catho-

2270 5681 2405 5736 licos
2428 5687 2480 5734 et
2511 5681 2813 5734 Donatistas
2834 5721 2847 5743 ,
2898 5681 2984 5734 cui
3011 5678 3356 5733 Marcellinus
3399 5674 3660 5735 tribunus
3683 5691 3744 5735 et
3775 5696 3864 5735 no—

2268 5753 2438 5808 tarius
2485 5763 2550 5806 ex
2582 5749 2800 5806 Honorii
2834 5759 3100 5820 prtecepto
3129 5749 3376 5821 cognitor
3403 5747 3629 5820 praefuit
3673 5765 3861 5806 mense

2267 5822 2427 5882 Junio
2473 5821 2597 5881 anui
2640 5821 2702 5879 D.
2750 5821 2888 5890 411,
2934 5815 3049 5899 pos:
3085 5815 3225 5878 Cos:
3271 5815 3528 5888 Vara—nis,
3588 5836 3691 5880 seu
3738 5832 3862 5881 ante
