4134 6186
314 265 454 323 H35
1225 256 1562 318 VETERUM
1607 255 2046 315 FRAGMENTA
2082 256 2173 314 DE
2211 255 2646 317 DONATISTIS.
3497 256 3648 317 1434

318 379 667 438 mutaverint.
700 378 1025 436 Eunomiani
1071 391 1233 446 vero,
1266 375 1670 442 Valentiniani,
1741 372 1900 428 Mon-
1931 377 1981 437 Α
2011 372 2176 427 tionis
2231 371 2491 428 faciendae
2540 369 2766 442 utrique
2817 366 3142 442 deneganda
3202 365 3462 424 licentia.
3520 371 3662 443 Quae

315 475 560 540 tanistac,
588 487 684 528 seu
722 470 1180 537 Priscillianistaa,
1225 469 1464 542 Fryges,
1505 466 1903 536 Marcianistte,
2016 465 2200 520 omnia
2247 464 2321 520 ita
2351 464 2624 520 custodiri
2674 462 3026 519 decernimus
3055 503 3071 528 ,
3125 468 3190 516 ut
3219 459 3360 517 nulli
3409 463 3666 535 iudicum

314 563 666 630 Borboriani,
699 563 1032 628 Mcssaliani,
1060 563 1344 634 Eucbytte,
1370 560 1488 618 sive
1515 559 1906 631 Enthysiastae,
2014 558 2176 613 liceat
2201 556 2438 613 delatum
2469 556 2539 612 ad
2573 570 2638 611 se
2665 555 2875 610 crimen
2912 554 3124 609 minori
3155 592 3174 618 ,
3213 563 3313 608 aut
3337 558 3480 616 nulli
3509 576 3676 620 coer-

315 658 634 724 Donatistae,
661 655 933 724 Audiani,
968 655 1464 728 ilydroparastatze,
1494 652 1904 724 Ascodrogitaa,
2013 650 2201 706 citioni
2245 649 2543 715 mandare,
2589 647 2699 703 nisi
2724 647 2841 718 ipse
2891 646 2944 702 id
2990 646 3112 717 pati
3144 645 3323 717 velit,
3370 655 3518 725 quod
3549 657 3676 717 aliis

315 749 618 816 Fotiniani,
669 748 948 817 Pauliani,
987 748 1351 812 Marcelliani,
1395 755 1450 803 et
1496 747 1591 819 qui
1630 746 1699 801 ad
1739 746 1905 802 imam
2013 741 2410 799 dissimulando
2439 739 2808 798 concesserit.
2833 739 2958 795 Dat.
2984 753 3051 795 ιιι
3075 737 3226 797 Kal.
3250 741 3677 810 Jun.Constan-

315 859 486 916 usque
516 843 782 899 scelerum
831 841 1126 914 nequitiam
1176 847 1574 912 pervenerunt,
1621 839 1906 895 Manichaei

318 953 584 1010 nusquam
628 937 680 992 in
707 935 956 992 Romano
1001 935 1119 991 solo
1163 934 1557 1000 conveniendi,
1600 933 1907 1004 orandique

318 1031 552 1087 habeant
593 1030 923 1095 facultatem,
955 1029 1268 1085 Manicbteis
1309 1029 1471 1084 etiam
1499 1029 1566 1085 de
1590 1027 1905 1084 civitatibus

315 1122 648 1194 expellendis
675 1141 688 1179 :
718 1125 975 1194 quoniam
1003 1123 1136 1178 nihil
1159 1122 1244 1178 his
1271 1123 1527 1178 omnibus
1554 1122 1905 1193 relinquendi

315 1215 416 1272 loci
445 1226 558 1282 est,
604 1216 657 1271 in
697 1231 805 1284 quo
837 1215 972 1287 ipsis
1011 1216 1177 1271 etiam
1221 1215 1506 1272 elementis
1543 1215 1638 1270 flat
1680 1214 1901 1285 injuria.

312 1305 463 1362 Nulla
488 1306 575 1362 his
604 1309 817 1376 penitus
843 1315 1044 1379 praeter
1066 1306 1458 1363 cobortalinam
1487 1308 1538 1362 in
1569 1307 1862 1378 provinciis
1883 1347 1902 1376 ,

311 1406 364 1453 et
393 1405 726 1454 castrensem
752 1441 766 1464 ,
808 1399 1136 1470 indulgenda
1167 1400 1378 1456 militia.
1409 1399 1566 1456 Nullo
1594 1401 1905 1457 donationis

308 1488 572 1546 faciendae
601 1490 854 1559 invicem,
882 1492 1032 1547 nullo
1059 1494 1366 1549 testamenti
1390 1502 1484 1549 aut
1511 1494 1805 1550 voluntatis
1830 1495 1906 1550 til-

309 1582 452 1636 timae
477 1582 830 1652 penitusjure
852 1597 1136 1640 concesso.
1168 1585 1497 1658 Cunctisque
1526 1586 1754 1658 legibus,
1781 1602 1906 1659 qum

306 1681 494 1730 contra
517 1673 638 1741 hos,
661 1685 1018 1747 ceterosque,
1048 1677 1138 1747 qui
1159 1686 1358 1734 nostra:
1385 1678 1511 1735 ﬁdei
1535 1681 1901 1751 refragantur,

305 1767 437 1823 olim
466 1767 588 1823 lata:
610 1777 768 1835 sunt,
795 1769 1133 1839 diversisque
1157 1772 1514 1843 promulgatae
1537 1773 1899 1842 temporibus,

307 1876 529 1931 semper
577 1863 735 1918 viridi
765 1864 1108 1920 observantia
1156 1866 1432 1933 valituris,
1465 1868 1579 1922 sive
1619 1867 1685 1922 de
1731 1867 1903 1922 dona-

302 1952 546 2010 tionibus
572 1955 624 2009 in
657 1954 1033 2011 haereticorum
1065 1955 1222 2013 factis
1247 1959 1542 2026 ecclesias,
1573 1959 1688 2014 sive
1734 1960 1900 2032 332

302 2061 372 2101 ex
399 2047 585 2101 ultima
625 2047 902 2104 voluntate
928 2050 1090 2104 rebus
1127 2051 1596 2121 qualitercumque
1639 2052 1847 2107 relictis
1883 2067 1898 2104 :

302 2138 426 2194 sive
455 2139 522 2194 de
549 2141 770 2210 privatis
815 2140 1060 2197 tedificiis
1083 2185 1096 2209 ,
1135 2143 1188 2199 in
1233 2159 1356 2214 quae
1390 2144 1617 2198 Domino
1673 2144 1901 2213 permit—

304 2238 485 2297 tente,
522 2232 607 2286 vel
633 2233 923 2288 cohibente
951 2236 1336 2300 convenerint,
1377 2234 1700 2290 veneranda:
1740 2235 1903 2290 nobis

298 2324 586 2379 catholica:
633 2325 972 2381 vindicandis
1022 2328 1280 2383 Ecclesiae
1312 2344 1325 2381 :
1354 2329 1473 2383 sive
1521 2327 1588 2382 de
1642 2342 1903 2398 procura-

299 2424 446 2482 tore,
479 2414 573 2485 qui
600 2416 702 2470 hoc
729 2418 1004 2473 nesciente
1034 2418 1252 2474 domino
1281 2420 1490 2485 fecerit,
1519 2419 1705 2476 decem
1736 2421 1901 2475 libra-

296 2523 424 2562 rum
457 2508 572 2562 auri
605 2509 881 2573 ntulctam,
907 2509 990 2564 vel
1019 2511 1260 2579 exilium,
1291 2513 1334 2566 si
1359 2513 1429 2567 sit
1453 2515 1716 2584 ingenuus
1745 2514 1899 2569 subi-

301 2608 426 2654 turo
460 2616 472 2652 :
507 2601 780 2655 metallum
804 2615 934 2655 vero
955 2612 1077 2672 post
1105 2597 1330 2659 verbera
1351 2645 1364 2669 ,
1395 2605 1438 2658 si
1477 2605 1685 2660 servilis
1709 2605 1902 2660 condi-

299 2691 469 2746 tionis
494 2692 565 2746 sit
594 2709 609 2749 :
640 2692 713 2746 ita
744 2701 801 2747 ut
829 2708 929 2749 nec
957 2693 1008 2748 in
1037 2695 1254 2764 publico
1289 2697 1582 2752 convenire
1615 2698 1764 2765 loco,
1798 2713 1900 2754 nec

299 2784 572 2840 aedificare
612 2784 716 2840 sibi
751 2787 1044 2854 ecclesias,
1088 2803 1186 2844 nec
1223 2788 1290 2843 ad
1340 2789 1898 2860 circumscriptionem

298 2879 486 2949 legum
533 2881 820 2950 quicquam
869 2881 1116 2938 meditari
1158 2885 1421 2939 valeant:
1460 2887 1608 2940 omni
1652 2887 1798 2943 civili
1845 2897 1901 2944 et

298 2973 546 3039 militari,
565 2971 846 3027 Curiarutn
867 2974 1049 3040 etiam,
1077 2985 1131 3030 et
1151 2975 1521 3042 defensorum,
1552 2990 1605 3033 et
1629 2979 1898 3050 judicum,

296 3064 406 3120 sub
431 3064 616 3134 viginti
641 3065 901 3122 librarum
925 3068 1040 3122 auri
1070 3069 1537 3135 interminatione,
1570 3072 1896 3141 prohibendi

295 3156 530 3212 auxilio.
559 3157 672 3213 Illis
707 3162 870 3214 etiam
912 3161 966 3215 in
1009 3175 1104 3217 sua
1143 3163 1396 3218 omnibus
1436 3167 1780 3221 manentibus
1809 3167 1901 3222 fir-
1929 3155 1976 3219 C

295 3255 524 3318 mitate,
558 3267 677 3322 quze
722 3254 791 3308 de
822 3254 1014 3310 militia
1044 3264 1102 3311 et
1130 3257 1368 3311 donandi
1409 3257 1566 3326 jure,
1626 3275 1690 3315 ac
1730 3269 1898 3316 testa-

295 3347 474 3401 menti
506 3347 772 3412 factione,
806 3349 890 3404 vel
936 3351 1164 3420 negandi
1200 3351 1448 3420 pcuitus,
1501 3354 1582 3408 vel
1625 3354 1678 3407 in
1721 3365 1900 3409 certas

294 3438 391 3490 vix
420 3450 676 3489 concessa
706 3453 996 3507 personas,
1047 3443 1330 3512 pomisque
1357 3444 1519 3498 variis
1554 3444 1622 3499 de
1667 3445 1902 3500 diversis

291 3540 431 3585 sunt
455 3529 724 3585 hmretieis
754 3534 1106 3603 promulgatae
1134 3554 1146 3590 :
1187 3537 1257 3590 ita
1291 3545 1348 3590 ut
1384 3551 1484 3592 nec
1514 3539 1750 3607 speciale
1773 3539 1897 3609 qui-

291 3626 428 3681 dem
460 3624 784 3680 beneficium
824 3626 1084 3683 adversus
1125 3631 1273 3698 leges
1312 3631 1487 3685 valeat
1528 3631 1893 3702 impetratum.

290 3716 450 3772 Nulli
477 3715 854 3770 hmreticorum
880 3717 1052 3772 danda
1083 3719 1296 3774 licentia
1316 3761 1330 3784 ,
1361 3721 1445 3774 vel
1475 3722 1738 3791 ingenuos
1765 3764 1778 3786 ,
1814 3722 1902 3777 vel

289 3823 496 3866 servos
540 3808 828 3878 proprios,
884 3811 972 3879 qui
1037 3810 1474 3866 Orthodnxorum
1531 3822 1657 3867 sunt
1706 3813 1902 3868 initiati

287 3899 614 3972 mysteriis,
662 3899 728 3953 ad
781 3914 936 3955 suum
994 3917 1179 3956 rursus
1234 3902 1496 3973 baptisma
1547 3904 1898 3959 deducendi:

287 4009 402 4051 nec
430 4007 560 4047 vero
590 3991 714 4047 illos
742 4008 880 4064 quos
903 3997 1163 4062 emet-int,
1194 3997 1275 4050 vol
1305 3997 1774 4069 qualitercumque
1805 3997 1901 4052 ha-

285 4086 553 4150 buerint,
580 4085 808 4140 necdum
838 4102 950 4142 sua:
975 4090 1346 4158 superstitioni
1378 4091 1696 4158 conjunctos
1718 4132 1732 4156 ,
1777 4107 1900 4160 pro-

285 4177 526 4234 hibendi
561 4177 846 4233 catholica:
876 4181 1030 4245 sequi
1077 4183 1392 4252 religionem
1437 4183 1714 4239 Ecclesiae.
1748 4186 1900 4252 Quod

282 4273 387 4344 qui
428 4270 658 4336 fecerit,
688 4271 773 4326 vel
802 4287 922 4325 cum
952 4273 1020 4326 sit
1050 4273 1315 4343 ingenuus
1336 4316 1350 4338 ,
1385 4274 1438 4327 in
1477 4289 1536 4328 se
1567 4277 1680 4330 fieri
1714 4292 1903 4346 passus

281 4367 364 4420 sit
384 4407 403 4427 .
443 4364 527 4418 vel
557 4364 754 4418 factum
790 4379 894 4418 non
923 4363 1204 4430 detulerit,
1234 4365 1398 4420 exilio
1429 4380 1493 4421 ac
1518 4367 1706 4421 decem
1737 4367 1904 4422 libra-

278 4475 420 4516 rum
474 4457 821 4514 auri'mulcta
869 4457 1256 4526 damnabitur,
1291 4461 1596 4516 testamenti
1645 4471 1699 4515 et
1728 4461 1900 4516 dona-

2015 834 2190 906 tiuop.
2225 832 2411 890 Felice
2432 842 2486 889 et
2516 831 2711 888 Tauro
2739 843 2886 886 coss.

2421 969 2589 1040 333
2631 981 2771 1023 anno
2797 967 2982 1023 DOIIINi
3008 982 3245 1031 cccxn.

2452 1082 2708 1140 XXXIX.
2750 1082 2887 1139 LEO
2923 1083 3120 1140 PAPA
3175 1089 3218 1145 Ι.

2216 1196 2284 1236 ΑΙ)
2321 1194 2608 1238 EPISCOPOS
2645 1193 2989 1235 MAURITANUE
3031 1193 3419 1241 CESABIENSIS.

2509 1276 2624 1350 (Ea:
2653 1275 2870 1346 epistola
2902 1274 3126 1344 prima).

2085 1377 2436 1434 Maximinum
2477 1385 2696 1444 quoque
2723 1385 2794 1425 ex
2832 1369 2967 1423 laico
2997 1367 3511 1438 reprehensibiliter
3541 1383 3634 1422 or-

2011 1471 2278 1536 dinatum,
2313 1476 2493 1523 tamen
2518 1466 2564 1520 si
2606 1464 2885 1519 Donatista
2910 1462 3022 1532 jam
3049 1476 3156 1516 non
3179 1472 3288 1526 est,
3319 1468 3375 1515 et
3400 1473 3430 1513 a
3461 1461 3630 1529 spiri-

2013 1573 2068 1619 tu
2109 1563 2471 1618 schismaticze
2521 1558 2806 1630 pravitatis
2855 1557 3108 1624 alienus,
3154 1557 3223 1611 ab
3271 1553 3624 1625 episcopali,

2011 1671 2171 1724 quam
2196 1668 2412 1724 quoquo
2438 1651 2606 1707 modo
2636 1649 2866 1721 adeptus
2887 1657 2992 1714 est,
3024 1662 3132 1703 non
3157 1646 3473 1718 repellimus
3491 1685 3507 1710 ,
3539 1644 3629 1698 di-

1933 1765 1981 1826 Β
2010 1749 2217 1818 gnitate
2241 1763 2256 1801 :
2304 1747 2373 1799 ita
2402 1753 2464 1799 ut
2492 1753 2549 1798 et
2579 1743 2698 1814 ipse
2729 1741 2912 1799 libello
2941 1740 3010 1796 ad
3042 1753 3142 1795 nos
3169 1737 3317 1796 edito
3337 1778 3354 1807 ,
3381 1734 3627 1793 Catholi-

2009 1855 2129 1896 cum
2153 1854 2214 1896 se
2233 1853 2354 1894 esse
2383 1836 2716 1893 manifestet.

2317 1970 2432 2026 XL.
2475 1969 2924 2027 FASTIDIOSUS
2965 1967 3290 2026 ARIANUS.

2394 2084 2574 2156 (Apud
2607 2083 2967 2158 Fit/gentium;
2997 2082 3100 2154 Ep.
3127 2083 3230 2150 ιι.)

2083 2200 2374 2256 Donatistis
2405 2203 2570 2256 etiam
2615 2199 3038 2270 praedicantibus
3076 2199 3457 2256 communione
3502 2213 3620 2254 ma-

2007 2293 2184 2349 lorum
2216 2292 2388 2346 bonos
2419 2292 2613 2360 pollui.
2643 2291 2711 2346 Et
2743 2301 2936 2361 postea.
2966 2291 3264 2345 Donatiana
3286 2291 3485 2361 quippe
3511 2306 3609 2345 va-

2007 2388 2147 2443 nitas
2186 2401 2290 2440 non
2322 2384 2558 2439 attendit
2588 2385 2656 2440 ad
2689 2385 2793 2440 hoc
2834 2384 3089 2438 collatum
3133 2384 3446 2440 hominibus
3479 2385 3618 2456 bap-

2007 2477 2151 2533 tismi
2184 2475 2503 2530 beneficium
2531 2515 2547 2538 ,
2584 2485 2642 2529 ut
2680 2477 2770 2546 qui
2802 2475 3140 2542 originaliter
3166 2475 3359 2531 alienis
3386 2491 3622 2547 gravan-

2009 2579 2098 2625 tur
2122 2568 2418 2634 erroribus,
2452 2567 2647 2635 gratia:
2679 2567 2946 2622 medentis
2972 2566 3174 2622 auxilio
3205 2568 3452 2635 relevati,
3487 2583 3618 2638 pro~

2008 2661 2124 2733 pria
2153 2643 2820 2728 deinceps'tantutnmodo
2845 2657 3179 2727 bajularent,
3234 2674 3336 2714 nec
3376 2674 3622 2715 commu-

2007 2754 2097 2809 nio
2126 2750 2476 2817 sacramenti,
2503 2750 2603 2807 sed
2636 2765 2933 2806 consensus
2955 2749 3237 2805 damnaret
3260 2766 3619 2822 unumquem-
3707 2809 3710 2812 ,

2006 2863 2111 2920 que
2139 2845 2365 2917 peccati.

2124 2981 2258 3038 XLI.
2303 2979 2622 3038 SANCTUS
2659 2979 2931 3037 PETRUS
2969 2979 3494 3039 CHRYSOLOGUS.

2388 3107 2839 3151 ARCHIEPISCOPUS
2878 3109 3235 3151 BAVENNATIS.

2629 3213 2838 3285 (Serm.
2876 3213 3001 3282 i3.)

2079 3329 2332 3399 Consiliis
2357 3327 2468 3383 suis
2494 3343 2555 3383 se
2579 3329 2830 3384 diabolus
2855 3328 3052 3399 prodit.
3086 3326 3235 3384 Mitte
3257 3341 3306 3384 te
3337 3330 3601 3384 deorsum.

2009 3425 2219 3494 Lapsus
2245 3420 2442 3493 quaerit
2465 3460 2482 3486 .
2515 3421 2814 3491 praecipitia
2858 3423 3084 3492 imperat
3112 3464 3127 3487 ,
3176 3431 3230 3476 et
3257 3421 3351 3476 tali
3383 3409 3618 3477 consilio

2009 3531 2107 3588 per
2134 3515 2371 3579 Africam
2417 3520 2683 3582 martyres
2716 3514 2838 3568 facit
2864 3553 2882 3579 ,
2920 3514 3038 3567 sine
3063 3513 3303 3569 clamore
3330 3513 3566 3568 dicendo
3595 3530 3610 3569 :

2007 3609 2063 3664 Si
2095 3609 2173 3663 vis
2199 3617 2406 3676 martyr
2440 3618 2582 3669 esse,
2611 3605 2763 3660 mitte
2795 3615 2848 3660 te
2886 3605 3140 3660 deorsum
3167 3647 3182 3667 ,
3216 3615 3274 3660 ut
3299 3621 3396 3660 eos
3421 3606 3615 3672 impel-

2007 3703 2081 3757 lat
2103 3702 2168 3757 de
2196 3701 2304 3755 alto
2323 3698 2392 3753 ad
2415 3708 2670 3766 mortem,
2697 3713 2803 3753 non
2841 3698 2909 3754 de
2940 3698 3132 3753 humili
3159 3698 3312 3752 tollat
3350 3705 3402 3752 et
3431 3696 3610 3752 elevet

2006 3792 2076 3847 ad
2104 3804 2382 3848 coronam.

2455 3899 2620 3957 XLII.
2651 3902 2734 3957 CA
2743 3901 3028 3959 SSlODOB
3037 3900 3144 3958 US.

2587 3995 2679 4057 (In
2709 3997 2853 4052 Psal.
2890 3995 3009 4067 ιχ.)

2077 4093 2314 4148 Audiant
2359 4092 2647 4145 Donatista:
2688 4107 2718 4145 a
2752 4091 2946 4144 finibus
2975 4099 3134 4144 terra:
3165 4088 3462 4144 Ecclesium
3493 4087 3612 4142 cla-

2008 4199 2179 4249 mare,
2203 4193 2257 4237 et
2279 4182 2378 4252 ipsi
2411 4197 2527 4234 eam
2566 4181 2794 4236 localem
2826 4179 3009 4234 dicere
3031 4179 3278 4248 protinus
3321 4178 3611 4248 conquies-

2006 4286 2151 4332 cant.
2193 4275 2392 4330 Contra
2450 4288 2637 4328 vocem
2671 4273 2856 4328 mundi
2884 4274 3004 4339 quis
3033 4271 3201 4340 possit
3229 4271 3446 4325 audiri?
3495 4271 3607 4325 lm-

2008 4370 2458 4441 pudentissimum
2499 4377 2584 4424 est
2610 4369 2896 4422 adversum
2931 4365 3092 4418 trium
3125 4364 3494 4418 testimonium
3525 4363 3606 4416 ln-

2007 4464 2122 4533 qui,
2156 4471 2210 4516 et
2234 4470 2419 4515 contra
2446 4460 2755 4531 generalem
2780 4455 3104 4513 sententiam
3141 4469 3251 4511 non
3279 4455 3609 4510 erubescunt

1267 4571 1504 4629 JACOBI
1542 4573 1990 4630 GOTIIOFREDI
2027 4572 2596 4630 COMMENTARIUS.

273 4701 393 4771 leg.
441 4710 472 4749 a
505 4691 816 4772 Theodosio
843 4690 965 4745 Jun.
1014 4688 1448 4772 promulgatam”
1496 4687 1733 4772 hiostorii
1763 4691 1781 4756 (
1807 4689 1899 4757 qui
1928 4693 1980 4752 D
2005 4691 2224 4772 Πέρσας.
2260 4690 2390 4771 Quae
2416 4686 2596 4769 .verba
2621 4727 2661 4772 ,Δ
2683 4684 2931 4772 utnetiam
2972 4681 3197 4772 a‘bLigitsAg‘

275 4758 376 4824 his
412 4781 591 4829 coss.,
615 4762 896 4833 superiore
937 4758 1144 4824 tne—use,
1167 4758 1364 4833 4_idus
1391 4758 1592 4833 Aprilis
1615 4761 1900 4833 episcopus

269 4829 940 4902 Constantinopolitanus
961 4841 1178 4886 creatus
1205 4829 1336 4889 fuit.
1369 4831 1513 4902 quod
1545 4839 1772 4902 testatur
1797 4830 1900 4886 So-

269 4921 483 4966 crates
512 4907 601 4960 !ib.
635 4901 728 4970 vn,
761 4920 807 4956 ε.
841 4903 934 4972 29)
968 4903 1338 4972 perSuasione.
1370 4901 1504 4955 Nam
1529 4916 1636 4954 non
1664 4901 1900 4956 Vincen-

271 4985 402 5038 tius
440 4976 756 5033 Leriuensis
786 4984 990 5027 tantum
1025 4973 1146 5042 (qui
1183 4973 1438 5027 octennio
1469 4979 1594 5042 post
1622 4972 1754 5025 lianc
1795 4973 1894 5043 leg.

267 5047 657 5117 scribebat),
711 5053 943 5099 testatur
970 5060 1088 5097 eum
1131 5053 1435 5117 cunctarum
1467 5043 1723 5117 Itwreseon
1756 5043 1898 5117 blas-

267 5121 534 5195 phemiae
568 5113 874 5195 insectatum
921 5131 939 5168 :
973 5130 1160 5195 verum
1193 5122 1249 5195 et
1296 5114 1554 5193 Socrates
1608 5114 1793 5166 diserte
1817 5113 1894 5195 _d.

265 5184 414 5262 ἔαρ.
456 5186 838 5262 29,_scribi_t,
893 5185 1205 5262 eumsmul
1241 5200 1316 5262 _ae
1355 5184 1648 5262 episcopus
1681 5192 1897 5262 creatus

264 5251 423 5325 fuit,
461 5259 709 5314 oratione
733 5255 798 5309 ad
821 5256 953 5322 imp.
985 5255 1346 5310 Theodosium
1371 5253 1496 5308 Jun.
1529 5251 1731 5316 habita,
1757 5252 1893 5316 hare,

262 5349 416 5406 qua;
453 5328 739 5406 p..ste_a__in
774 5326 1062 5406 multorum
1093 5341 1188 5381 ore
1221 5327 1433 5380 fuerunt
1456 5325 1655 5406 ,liltlef.‘
1690 5334 1895 5405 caetera

260 5393 511 5462 dixisse
552 5417 565 5453 :
602 5397 769 5458 Mihi,
819 5413 848 5451 ο
892 5397 1204 5460 imperator,
1241 5406 1428 5449 terram
1475 5393 1726 5447 Itmreticis
1774 5410 1898 5459 pur-

258 5485 478 5550 gatazrt
521 5469 718 5550 tribue,
746 5477 795 5522 et
835 5484 928 5550 ego
956 5468 1056 5550 tibi.
1077 5467 1258 5547 aetum
1294 5463 1649 5550 tribuam.“Tu
1691 5464 1814 5517 mihi
1829 5465 1898 5550 fit

259 5535 936 5619 ﬁroﬂfgagdiabwretieis
975 5537 1216 5619 subveni,
1264 5545 1312 5588 et
1351 5551 1444 5619 ego
1497 5536 1678 5619 tibi_iu
1725 5535 1903 5619 paro/1i.

255 5602 492 5692 'gan'dizs
527 5610 703 5664 Persis
733 5608 1024 5692 subveniunt
1049 5606 1188 5692 ;.Δός
1221 5628 1327 5692 μοι,
1353 5602 1650 5692 ὦῖΒασιλεῨ,
1678 5602 1905 5692 καθαρὰν

256 5675 375 5748 ’ἑήν
411 5689 524 5757 γῆν
543 5689 643 5736 τῶν
663 5683 948 5757 «tripertitam,
969 5679 1112 5757 κᾲγεζι
1139 5675 1230 5733 σοί
1247 5679 1337 5757 ςτόγ
1367 5677 1572 5757 adpetat)?
1589 5675 1866 5757 civit-trimam
1888 5693 1901 5729 :

255 5748 580 5832 συγκᾶθελέ
606 5773 694 5824 μοι
719 5748 842 5811 hoc
869 5748 1174 5825 αἱρετάούς,
1202 5751 1342 5824 κᾲγὼ
1370 5748 1658 5816 emacem
1685 5769 1767 5803 σοι
1785 5750 1908 5808 τοὺς·

2005 4750 2459 4841 eriittthhwretici,
2480 4767 2698 4841 accepta
2733 4756 2953 4841 fuerint,
2987 4750 3203 4835 subjicit
3229 4751 3402 4841 etiam.
3423 4750 3602 4841 eodem

2005 4848 2122 4900 cap.
2151 4831 2222 4886 29
2246 4871 2261 4895 ,
2293 4830 2418 4896 quid
2446 4830 2498 4883 iu
2531 4821 2764 4883 Arianos
2795 4823 3168 4900 ,_Novatiauos
3190 4863 3204 4883 ,
3236 4821 3598 4900 Quarlodeci-

2006 4892 2199 4955 manes
2225 4892 2442 4954 molitus
2470 4900 2542 4955 sit
2565 4900 2636 4972 (ad
2665 4898 3029 4972 tumultumet
3053 4892 3364 4972 incendium
3389 4906 3559 4972 usque
3581 4909 3595 4945 :

2004 4973 2264 5040 impetum
2298 4981 2476 5025 tamen
2527 4971 2646 5040 ejus
2689 4972 2740 5023 iu
2784 4963 3246 5040 Novatianos_ali_
3271 4964 3598 5040 imperatore

2004 5031 2310 5109 repressum
2347 5043 2534 5112 (cujus
2557 5031 2863 5112 'Tlteodosii
2888 5032 3278 5112 moderationis
3324 5033 3376 5112 in
3422 5031 3598 5112 Nova-

2004 5101 2178 5167 tia'nos
2201 5120 2260 5167 et
2298 5101 2417 5167 haec
2448 5101 2540 5166 lex
2575 5111 2735 5165 fidem
2765 5107 2888 5164 facit
2909 5106 2949 5178 ).
2982 5105 3146 5162 Addit
3174 5104 3313 5178 idem
3342 5101 3596 5157 Socrates

2005 5183 2179 5254 eodem
2212 5182 2301 5236 lib.
2341 5200 2456 5254 cap.
2491 5183 2551 5236 Si
2577 5224 2590 5245 ,
2617 5190 2672 5235 et
2700 5173 3120 5254 Macedonianos
3148 5173 3445 5254 af'fl-ixisse,
3479 5181 3596 5254 lii-li-

2005 5253 2236 5322 detnque
2266 5243 2587 5322 imperatori
2609 5251 2942 5325 persuasisse
2973 5262 3031 5325 ut_
3057 5247 3303 5325 ecclesia;
3345 5243 3453 5296 illis
3476 5243 3595 5325 atii-

2004 5318 2286 5378 mere'ntur
2315 5318 2416 5378 z'et
2458 5339 2584 5378 vero
2610 5318 2936 5387 'adetuptam
2985 5321 3063 5374 eis
3103 5318 3408 5387 ecclesiam
3436 5323 3592 5367 extra

2005 5403 2188 5464 vetera
2226 5394 2374 5450 urbis
2400 5384 2874 5461 ConstantinOpol.
2905 5393 3102 5448 mmnia
3136 5393 3332 5448 sitam,
3361 5384 3588 5464 alteram

2003 5462 2182 5536 Cyzici
2204 5505 2219 5526 .
2257 5477 2313 5520 et
2343 5467 2468 5520 alibi
2514 5476 2772 5536 praeterea
2801 5466 3112 5536 complures
3139 5500 3153 5523 ,
3199 5462 3418 5536 quasniu
3440 5465 3594 5536 agris

2006 5523 2342 5610 Hellesponti
2375 5523 2648 5610 tenebant.
2679 5534 2841 5589 Juxta
2874 5523 3015 5610 hanc
3041 5523 3588 5610 lt-geiii'scilieet_qlta

2004 5591 2075 5660 iis
2119 5591 2522 5663 in'civitatibus
2563 5616 2768 5660 tantum
2821 5591 3197 5659 ecclesim'eis
3264 5591 3586 5663 interdictae.

2007 5660 2298 5750 Ergovquae
2331 5660 2609 5735 memorat
2639 5679 2895 5735 Sociates
2919 5717 2935 5742 ,
2971 5670 3276 5746 posteriora
3319 5671 3448 5718 sunt
3493 5660 3596 5718 hac

2009 5751 2144 5818 lege.
