4134 6186
559 313 701 382 itas

1239 309 1675 370 MONUMENTA
1713 309 2273 370 CARTHAGINENSI
2310 309 2730 368 GOLLATIONI
2767 303 3219 368 POSTERIORA.

3714 309 3848 367 N56

555 440 903 514 impudenter
927 440 1146 494 armari.
1197 440 1306 496 Cur
1331 440 1482 496 novis
1510 437 1914 494 inventionibus
1946 436 2157 506 animas
2184 437 2237 498 Α
2261 433 2472 490 deliciis
2504 434 2556 489 in
2586 433 2723 489 itane
2745 445 3102 489 aerumnosam
3129 432 3294 485 vitam
3318 428 3512 484 callida
3549 431 3849 500 persuasio-

557 533 818 606 fatigant?
845 533 1129 604 Accipiam
1153 541 1301 590 certe
1327 532 1469 603 quod
1498 531 1745 596 credam,
1769 539 1876 585 nea
1897 527 2041 599 quod
2058 535 2156 582 sua

556 627 841 698 iniquitate
871 635 1204 696 pervertant.
1249 625 1384 681 Orat
1436 624 1610 680 fidelis
1655 622 1884 694 populus
1913 637 1946 675 a
1966 619 2156 690 ﬁnibus

558 730 708 779 terra:
732 723 854 790 quia
881 725 1048 794 [nctus
1079 732 1150 776 est
1179 718 1436 776 Dominus
1465 736 1580 790 spes
1611 719 1741 789 ejus,
1775 722 2070 787 posteaque
2096 727 2156 768 se

559 813 804 870 auditum
856 811 1165 887 hymnidica
1214 807 1380 885 335
1431 809 1763 867 exultatioiie
1820 806 2152 878 gratulatur:

557 909 812 981 quoniam
867 907 922 962 in
969 917 1264 976 conspectu
1317 903 1524 960 Domini
1587 901 1790 973 jugiter
1837 897 2153 969 apparebit:

557 999 685 1071 quid
732 999 843 1069 jam
889 997 1220 1067 satisfaciat,
1267 997 1315 1066 si
1363 998 1464 1052 hoc
1493 1009 1600 1050 non
1642 991 1844 1050 satiat?
1893 990 2156 1046 Videmus

557 1092 800 1164 quotidie
827 1090 945 1147 ﬁeri
973 1089 1118 1160 quod
1159 1088 1451 1159 promisit:
1494 1086 1739 1142 videmus
1782 1082 2040 1138 mundum
2086 1081 2156 1136 ad

561 1185 686 1240 ﬁdei
714 1183 1037 1241 Christianm
1063 1183 1274 1254 regulas
1300 1178 1594 1236 convenire
1621 1197 1633 1232 :
1683 1173 1752 1233 Et
1795 1176 1929 1250 proh
1958 1176 2113 1231 dolor
2137 1177 2152 1230 l

558 1278 790 1336 Faisitas
819 1279 1007 1334 nititur
1032 1276 1371 1333 abscondere
1391 1274 1535 1346 quod
1564 1273 1806 1330 decrevit
1848 1271 2048 1328 veritas
2074 1258 2158 1324 in-

556 1373 759 1430 dicare.
1473 1427 1479 1430 .

1114 1478 1252 1518 ANNO
1291 1475 1473 1517 DOIINI
1513 1475 1606 1516 DII.

870 1576 1055 1636 XLIII.
1099 1575 1498 1633 GREGORIUS
1538 1573 1841 1632 MAGNUS.

786 1689 928 1764 (Lib.
957 1707 996 1758 l,
1035 1689 1226 1762 Epist"
1263 1687 1458 1746 Indici.
1489 1703 1560 1754 lx,
1595 1687 1694 1760 Ep.
1725 1685 1926 1757 Lxxtt.)

632 1825 924 1897 Gregorius
956 1823 1236 1880 Gcnnadio
1265 1824 1491 1894 patricio
1518 1831 1573 1879 et
1603 1822 1848 1878 exarcho
1870 1819 2086 1877 Africae.

633 1920 786 1974 Sicut
827 1917 1206 1974 excellentiam
1238 1927 1474 1972 vestram
1499 1957 1514 1980 ,
1563 1914 1848 1969 hostilibus
1878 1913 2036 1968 bellis
2061 1955 2076 1977 ,
2106 1910 2160 1966 in

559 2012 663 2067 hac.
689 2012 794 2066 vita
829 2011 1089 2068 Dominus
1112 2010 1461 2067 victoriarum
1491 2007 1617 2063 fecit
1642 2007 1762 2063 luce
1801 2006 2005 2076 fulgere
2032 2022 2046 2070 ;
2091 2005 2162 2060 ita

559 2111 781 2170 Oportet
813 2100 976 2155 etiam
1008 2099 1239 2154 inimicis
1274 2099 1532 2153 Ecclesia:
1555 2098 1673 2166 ejus
1704 2097 1851 2151 omni
1877 2096 2164 2151 vivacitate

559 2193 760 2249 mentis
784 2203 838 2245 et
865 2191 1109 2261 corporis
1135 2190 1355 2244 obviare
1381 2207 1393 2242 :
1420 2197 1685 2258 quatenus
1708 2189 1826 2256 ejus
1855 2197 1909 2242 et
1937 2196 2164 2258 utroque

559 2280 836 2352 triumpho
875 2280 1046 2351 magis
1069 2295 1135 2336 ac
1177 2279 1346 2350 magis
1385 2280 1646 2336 enitescat
1673 2279 1895 2348 opinio:
1941 2293 2063 2332 cum
2109 2287 2165 2334 et

558 2371 869 2428 forensibus
898 2372 1054 2426 bellis
1078 2370 1406 2426 adversariis
1449 2369 1732 2426 catholicm
1763 2369 2023 2425 Ecclesiae
2071 2385 2163 2425 ve-

560 2463 850 2523 hementer
876 2465 1140 2520 obsistere
1169 2474 1223 2520 et
1252 2463 1629 2520 Ecclesiastica
1656 2464 1839 2532 prazlia
1877 2464 2011 2518 sicut
2042 2463 2162 2517 bei-

561 2557 765 2617 latores
795 2557 1006 2613 Domini
1055 2557 1266 2614 fortiter
1309 2557 1598 2613 dimicatis.
1654 2557 1850 2612 Notmn
1888 2563 1972 2610 est
2014 2555 2161 2610 enim

559 2653 826 2710 hrereticze
853 2653 1126 2722 religionis
1156 2653 1322 2720 viros,
1353 2652 1399 2706 si
1426 2653 1526 2715 eis,
1556 2650 1698 2721 quod
1726 2650 1887 2716 absit,
1920 2651 2162 2720 suppetit

559 2745 789 2802 nocendi
819 2745 1034 2800 licentia
1056 2786 1070 2810 ,
1101 2755 1288 2800 contra
1319 2744 1636 2800 catholicam
1674 2742 1832 2798 ﬁdem
1866 2741 2158 2798 vehemen-

563 2849 645 2894 ter
669 2841 965 2910 insurgere,
985 2847 1250 2910 quatenus
1279 2839 1553 2896 haereseos
1591 2853 1702 2892 suze
1728 2852 1936 2892 venena
1969 2835 2035 2891 ad
2082 2845 2162 2890 ta-

560 2931 877 2986 befacienda
923 2947 982 2987 se
1009 2932 1279 2987 valuerint
1305 2930 1597 2986 Christiani
1627 2930 1870 2999 corporis
1918 2928 2159 2985 membra

563 3025 961 3104 transfundam.
1007 3024 1376 3095 Cognovimus
1413 3024 1559 3080 enim
1608 3036 1703 3079 eos
1747 3031 1933 3080 contra
1975 3021 2162 3078 Eccle-

561 3115 697 3172 siam
723 3117 1044 3174 catholicam
1069 3117 1300 3173 Domino
1341 3115 1421 3172 eis
1461 3115 1780 3172 adversante
1809 3115 1948 3170 colla
1983 3114 2159 3170 Subri-

2258 540 2329 582 ne
2355 525 2606 594 deposuit
2631 566 2645 588 ,
2683 537 2737 580 et
2777 529 2830 582 in
2862 539 2930 580 eo
2954 523 3064 593 jam
3095 533 3224 578 tunc
3249 521 3491 577 humano
3518 521 3710 592 generi
3741 536 3849 590 μιν

2258 631 2385 674 nam
2435 615 2778 672 mortalitatis
2822 613 3071 680 inﬂixit;
3118 617 3311 671 eadem
3365 625 3509 668 nunc
3558 611 3850 670 calliditate

2257 710 2442 764 ovium
2470 708 2863 764 dominicarum
2889 716 3132 778 pastores
3161 747 3177 773 ,
3227 721 3336 776 quo
3384 705 3598 762 facilius
3641 717 3850 777 gregem

2260 800 2438 871 capiat
2463 841 2480 868 ,
2532 801 2817 856 transfusis
2837 807 3059 872 conetur
3083 799 3308 854 venenis
3340 797 3562 853 iniicere
3583 837 3600 862 ,
3645 805 3703 852 et
3740 797 3853 866 jure

2254 893 2367 964 jam
2414 894 2666 964 potestati
2715 893 2947 963 propria:
2971 889 3270 959 vindicare.
3315 890 3424 946 Sed
3457 904 3561 945 nos
3600 889 3696 960 qui
3738 889 3854 944 licet

2262 985 2517 1042 immeriti
2549 986 2732 1042 sedem
2763 985 3113 1057 apostolicam
3145 983 3265 1040 vice
3295 983 3446 1039 Petri
3488 981 3852 1053 apostolon

2261 1079 2522 1150 principis
2551 1080 2889 1149 suscepimus
2915 1077 3341 1149 g‘ubernandam,
3368 1077 3492 1146 ipso
3521 1077 3855 1146 pontificatus

2261 1171 2442 1226 ofﬁcio
2489 1172 2734 1240 cogimur
2781 1169 3020 1241 generali
3049 1169 3188 1225 hosti
3216 1168 3414 1240 quibus
3441 1169 3692 1223 valemus
3735 1169 3854 1223 nisi-

2263 1267 2366 1324 bus
2396 1267 2635 1323 obviare.
2669 1267 2928 1323 Porrect's
2960 1266 3119 1336 igitur
3149 1265 3410 1336 petitione
3452 1265 3858 1320 insinuaverunt

2263 1361 2420 1417 nobis
2453 1363 2802 1431 praesentium
2851 1360 3049 1415 latores
3079 1357 3431 1414 Constantius
3460 1346 3518 1412 et
3545 1357 3820 1412 lusteilus
3840 1393 3855 1420 ,

2259 1461 2315 1508 et
2343 1463 2596 1507 asserunt
2627 1452 2885 1508 Ecclesiae
2911 1449 3259 1505 Pudentiante
3287 1449 3552 1504 diacones
3602 1448 3657 1503 in
3687 1448 3858 1503 Nuntio

2261 1545 2348 1601 dia
2379 1547 2653 1616 provincia
2699 1545 3013 1601 constituta:
3059 1543 3442 1599 Maximianum
3493 1541 3740 1612 ejusdem
3778 1555 3854 1596 ee-

2261 1639 2444 1695 eiesizc
2465 1639 2785 1704 antistitem,
2819 1639 2872 1693 in
2907 1637 3024 1692 ioco
3053 1651 3162 1706 quo
3191 1637 3358 1706 degit,
3382 1644 3706 1706 corruptum
3735 1649 3855 1704 pre-

2263 1731 2373 1786 mio
2394 1731 2798 1786 Donatistarum
2830 1731 3143 1799 episcopum
3185 1744 3320 1783 nova
3351 1729 3576 1783 licentia
3611 1729 3724 1782 ﬁeri
3747 1739 3856 1797 per-

2190 1821 2238 1880 B
2266 1823 2512 1887 misisse;
2541 1838 2661 1877 cum
2689 1822 2792 1878 etsi
2824 1821 2926 1876 hoc
2951 1822 3189 1876 anterior
3219 1835 3350 1875 usus
3376 1821 3859 1890 permitteret,ms-

2266 1932 2399 1972 nere
2429 1926 2589 1986 atque
2619 1917 2907 1984 persistere
2940 1914 3074 1970 ﬁdes
3111 1913 3379 1968 catholica
3406 1912 3746 1984 prohiberet.
3787 1913 3856 1966 οι.

2267 2009 2372 2066 hoc
2421 2024 2552 2079 ergo
2600 2008 2992 2062 fraternitatem
3045 2016 3185 2076 tuam
3236 2006 3460 2074 scriptis
3515 2005 3856 2076 praesentibus

2266 2102 2579 2156 necessario
2605 2100 2859 2154 duximus
2898 2098 3288 2154 adhortandam
3338 2110 3399 2151 ut
3437 2099 3688 2152 veniente
3717 2096 3779 2150 ad
3806 2104 3856 2151 te

2264 2191 2470 2248 Hilario
2527 2192 2856 2246 chartulario
2924 2198 3150 2257 nostro,
3197 2188 3442 2244 adunato
3491 2192 3852 2260 episcoporum

2266 2284 2558 2338 universali
2588 2283 2842 2348 concilio,
2878 2283 3060 2337 habito
3086 2298 3194 2351 pra:
3223 2281 3404 2335 oculis
3429 2288 3630 2335 terrore
3651 2279 3852 2336 venturi

2259 2375 2460 2446 judicis
2490 2391 2651 2430 causa
2682 2375 2870 2430 eadem
2894 2373 3081 2430 subtili
3105 2389 3168 2428 ac
3197 2374 3393 2428 solerti
3423 2372 3614 2428 debeat
3637 2371 3854 2440 indaga-

2263 2472 2412 2525 tione
2437 2469 2706 2540 perquiri.‘
2753 2468 2817 2523 Et
2865 2469 2909 2523 si
2959 2469 3248 2536 capitulum
3301 2466 3408 2521 hoc
3456 2482 3486 2521 a
3519 2466 3851 2536 praesentium

2265 2561 2529 2616 latoribus
2559 2561 2818 2632 praedicto
2841 2561 3098 2631 episcopo
3123 2560 3468 2614 documentis
3509 2558 3715 2613 idoneis
3746 2557 3854 2612 fue-

2263 2655 2335 2708 rit
2363 2653 2743 2723 approbatum,
2773 2669 2801 2705 a
2835 2653 3099 2723 dignitate
3126 2651 3420 2721 ofﬁcioque
3448 2668 3560 2722 quo
3590 2651 3816 2720 iungitur
3838 2690 3852 2714 ,

2262 2747 2512 2802 onmihus
2544 2747 2716 2801 modis
2739 2745 3103 2816 degradetur:
3148 2755 3208 2799 ut
3231 2754 3288 2799 et
3317 2745 3409 2801 ille
3435 2746 3502 2799 ad
3537 2745 3856 2815 paenitentia:

2262 2840 2410 2895 lucra
2439 2855 2534 2910 per
2563 2840 2891 2909 agnitionem
2919 2839 3104 2894 delicti
3135 2839 3343 2903 redeat,
3372 2848 3427 2893 et
3453 2841 3637 2893 exeteri
3661 2846 3855 2892 tentare

2263 2935 2387 2988 talia
2422 2951 2526 2989 non
2557 2934 2718 3006 335
2751 2939 3096 3002 praesumant.
3136 2931 3376 3002 Equum
3403 2943 3491 2986 est
3517 2933 3664 2985 enim
3698 2939 3754 2984 ut
3774 2930 3856 2999 qui

2259 3024 2442 3080 Jesum
2461 3024 2732 3079 Christum
2760 3024 3045 3079 Dominum
3069 3033 3312 3078 nostrum
3345 3023 3618 3079 heretico
3645 3031 3853 3090 accepta

2264 3118 2488 3189 pecunia
2520 3117 2852 3173 venuudcdit
2877 3159 2892 3182 ,
2927 3126 2984 3172 ut
3008 3116 3180 3172 fertur
3205 3157 3220 3182 ,
3255 3117 3325 3171 ab
3350 3116 3481 3185 ejus
3503 3114 3759 3170 videlicet
3780 3129 3856 3168 ss-

560 3223 691 3280 gere
715 3249 730 3274 ,
783 3217 837 3263 et
878 3209 1035 3264 ﬁdem
1087 3208 1224 3264 velle
1251 3207 1544 3264 Chrisuiani
1596 3207 1829 3261 nominis
1875 3206 2156 3262 inclinare.
2189 3205 2234 3270 Ο
2264 3210 2536 3266 crosancti
2565 3210 2812 3278 corporis
2855 3221 2912 3264 et
2941 3208 3216 3279 sanguinis
3245 3207 3544 3264 tractandis
3597 3207 3853 3278 mysteriis

562 3299 670 3356 Sed
700 3301 994 3356 eminentia
1025 3311 1202 3356 vestra
1225 3309 1453 3356 conatus
1480 3315 1666 3355 eorum
1698 3299 2056 3368 comprimat,
2107 3308 2163 3354 et

561 3393 826 3464 superbas
849 3407 1037 3450 eorum
1069 3393 1312 3450 cervices
1335 3393 1465 3464 jugo
1485 3391 1824 3448 rectitudinis
1854 3399 2084 3462 premat.

797 3549 982 3607 XLIV.
1017 3549 1168 3606 Idem
1195 3551 1372 3604 eodem
1399 3550 1452 3604 in
1475 3547 1588 3603 Lib.
1621 3547 1724 3616 Ep.
1753 3563 1919 3616 Lxxv,

762 3663 1057 3735 Gregorius
1086 3661 1353 3718 universis
1382 3662 1652 3732 episcopis
1681 3660 1964 3717 Numidize.

616 3779 853 3834 Petiistis
877 3779 1078 3834 etenim
1105 3793 1198 3847 per
1220 3777 1480 3834 Hilarium
1500 3776 1888 3834 chartularium
1914 3781 2157 3832 nostrum

561 3883 591 3924 a
624 3869 688 3923 Β.
736 3872 1012 3925 memoriae
1038 3870 1440 3940 praedecessore
1471 3882 1661 3924 nosuro
1687 3879 1744 3924 ut
1789 3884 1979 3924 omnes
2009 3869 2162 3925 vobis

561 3973 712 4021 retro
742 3972 1047 4034 temporum
1070 3963 1491 4018 consuetudines
1531 3972 1876 4017 servarentur
1902 4003 1916 4026 ,
1959 3977 2092 4032 quas
2129 3979 2157 4017 a

560 4055 706 4112 beati
741 4056 881 4112 Petri
909 4055 1282 4127 apostolorum
1316 4053 1573 4125 principis
1619 4053 2024 4109 ordinationem
2060 4055 2161 4108 ini-

562 4149 653 4206 tiis
683 4148 942 4205 hactenus
969 4156 1212 4202 vetustas
1240 4148 1397 4217 longa
1421 4146 1682 4202 servavit.
1715 4145 1784 4200 Et
1814 4159 1912 4200 nos
1941 4144 2158 4216 quidem

557 4240 707 4312 juxta
740 4241 936 4295 seriem
970 4239 1246 4294 relationis
1286 4248 1484 4295 vestra:
1509 4238 1956 4294 consuetudinem
1981 4279 1996 4304 ,
2039 4253 2162 4308 quia:

560 4341 740 4388 tamen
789 4341 980 4421 contra
1027 4331 1188 4386 tidem
1217 4329 1548 4386 Catholicam
1579 4330 1710 4385 nihil
1743 4344 2004 4400 usurpare
2036 4329 2157 4399 dig-

559 4424 805 4479 noscitur
833 4425 1111 4479 immotam
1143 4439 1465 4495 permanere
1506 4423 1855 4479 concedimus
1880 4463 1894 4488 ,
1937 4424 2051 4478 sive
2089 4423 2161 4478 de

559 4515 878 4588 primatibus
909 4517 1302 4572 constituendis
1327 4516 1644 4586 ueterisque
1671 4515 1943 4585 capitulis,
1963 4529 2158 4584 excep-

2263 3301 2667 3358 submoveatur.
2713 3301 2769 3356 Si
2818 3315 2922 3370 qua
2955 3309 3131 3356 autem
3159 3299 3302 3354 inter
3330 3313 3429 3354 eos
3474 3308 3630 3354 extra
3658 3300 3855 3355 crimen

2263 3395 2370 3452 hoc
2394 3396 2714 3450 damnorum
2749 3392 3106 3464 quorumdam
3131 3392 3216 3448 vel
3246 3392 3582 3462 privatorum
3627 3392 3855 3462 negotio-

2263 3504 2427 3554 rum,
2467 3487 2622 3544 sicuti
2677 3487 2866 3556 petitio
2903 3485 3254 3542 diaconorum
3294 3487 3540 3554 ipsorum
3583 3487 3853 3546 continet.

2265 3591 2513 3636 versatur
2545 3579 2796 3645 intentio,
2828 3580 2966 3634 hanc
2999 3589 3085 3635 tua
3118 3578 3427 3634 fraternitas
3448 3593 3575 3634 cum
3607 3578 3858 3648 praedicto

2263 3671 2597 3730 chartulario
2638 3681 2826 3726 nostro
2858 3671 3059 3740 privata
3089 3671 3398 3741 cognitione
3445 3673 3730 3741 perquirat
3755 3709 3770 3734 ,
3810 3677 3859 3724 et

2264 3765 2407 3824 inter
2436 3774 2720 3833 utramque
2749 3773 2958 3831 partem
2984 3764 3193 3834 justitia
3238 3764 3576 3833 procedente
3620 3763 3854 3819 deﬁniat.

2263 3855 2436 3914 Porro
2466 3863 2646 3910 autem
2677 3855 3022 3924 prementium
3053 3858 3282 3910 latorum
3327 3856 3700 3912 insinuatione
3727 3855 3856 3910 didi-

2265 3949 2445 4004 cimus
2503 3947 2904 4010 Donatistarum
2947 3947 3195 4004 bmresim
3240 3964 3338 4016 pro
3364 3950 3609 4021 peccatis
3665 3951 3858 4004 nostris

2263 4039 2506 4110 quotidie
2528 4039 2765 4105 dilatari,
2797 4050 2851 4096 et
2880 4041 3034 4097 valde
3064 4041 3276 4112 plures.
3309 4041 3438 4098 data
3469 4055 3567 4112 per
3595 4043 3855 4097 venalita-

2266 4143 2372 4189 tem
2403 4135 2635 4198 licentia,
2667 4143 2786 4204 post
2835 4134 3160 4191 catholicum
3205 4135 3475 4202 baptisma
3505 4149 3534 4189 s
3571 4134 3858 4190 Donatistis

2263 4225 2442 4282 denuo
2465 4229 2744 4300 baptizari.
2773 4229 2926 4297 Quod
2957 4243 3116 4299 quam
3140 4242 3304 4298 grave
3325 4228 3418 4293 sit,
3450 4227 3653 4290 Frater,
3687 4241 3854 4295 opor-

2265 4327 2342 4375 tet
2373 4337 2471 4375 nos
2497 4330 2607 4376 tota
2641 4323 2836 4378 mentis
2868 4321 3166 4376 intentione
3195 4319 3555 4389 perpendere.
3600 4317 3742 4373 Ecce
3779 4317 3863 4372 ln-

2263 4425 2365 4481 pus
2409 4413 2740 4470 Dominicum
2781 4428 2999 4483 gregem
3030 4426 3137 4466 non
3183 4410 3296 4479 jam
3340 4411 3394 4465 in
3441 4420 3597 4467 nocte
3626 4409 3864 4466 latenter

2263 4502 2361 4558 sed
2390 4505 2440 4559 in
2472 4516 2659 4574 aperta
2687 4506 2807 4562 luce
2833 4503 3053 4560 dilaniat
3081 4542 3095 4567 ,
3141 4511 3197 4562 et
3247 4517 3347 4557 nos
3377 4517 3500 4557 eum
3541 4503 3786 4571 grassari
3816 4504 3867 4555 in

560 4610 630 4665 tis
663 4609 746 4664 his
772 4609 861 4673 qui
883 4626 948 4664 ex
975 4609 1264 4665 Donatistis
1293 4610 1360 4664 ad
1390 4610 1758 4679 episcopatum
1791 4609 2114 4680 perveniunt
2137 4652 2152 4678 ,
2183 4591 2239 4668 D
2264 4598 2443 4652 ovium
2473 4613 2607 4654 nece
2627 4599 2925 4661 cernimus,
2955 4605 3009 4650 et
3035 4594 3181 4648 nulla
3204 4596 3255 4649 ei
3283 4593 3675 4658 sollicitudine,
3707 4596 3867 4648 nullis

557 4716 694 4772 quos
718 4701 942 4773 provehi
984 4701 1051 4757 ad
1089 4702 1349 4772 primatus
1370 4700 1708 4770 dignitatem,
1733 4701 1891 4754 etiam
1921 4715 2040 4753 cum
2068 4715 2157 4756 or-

557 4793 630 4850 do
649 4795 970 4849 clericorum
1002 4810 1097 4848 eos
1129 4793 1193 4846 ad
1225 4793 1401 4848 locum
1434 4791 1684 4847 eumdem
1715 4791 1943 4853 delerat.
1977 4790 2155 4848 modis

558 4887 809 4944 omnibus
835 4889 1204 4960 prohibemus.
1236 4886 1478 4944 Sufﬁciat
1504 4895 1682 4940 autem
1715 4884 1822 4940 illis
1847 4885 2153 4940 commissa:

557 4980 663 5036 sibi
692 4981 864 5051 plebis
908 4979 1281 5036 tantummodo
1323 4995 1508 5035 curam
1550 4994 1740 5050 gerere
1769 5020 1782 5044 ,
1825 4995 1930 5034 non
1972 4989 2153 5033 autem

558 5073 723 5129 etiam
766 5074 886 5130 illos
926 5076 1200 5130 antistites
1234 5090 1370 5146 quos
1404 5074 1669 5130 catholica
1718 5072 1850 5130 fides
1897 5073 2156 5130 Ecclesia:

557 5166 682 5223 sinu
721 5174 777 5221 et
803 5168 1022 5226 edocuit
1047 5178 1098 5225 et
1123 5169 1310 5242 genuit
1334 5167 1399 5224 ad
1421 5167 1774 5224 obtinendum
1802 5167 2017 5224 culmen
2046 5169 2156 5238 pri-

556 5269 736 5318 matus
760 5262 990 5319 anteire.

1062 5393 1202 5434 ANNO
1240 5392 1424 5434 DOIII‘I
1462 5391 1632 5434 υιοιι.

864 5491 1030 5550 XLV.
1061 5492 1256 5548 IDEM
1296 5493 1413 5550 Lib.
1443 5509 1504 5562 ιι,
1534 5492 1639 5566 Ερ.
1662 5506 1854 5548 nam.

770 5603 1068 5678 Gregorius
1087 5603 1350 5661 Columbo
1374 5607 1633 5677 episcopo
1660 5603 1948 5661 Numidiae.

556 5723 568 5740 '
636 5719 837 5780 Notum
880 5734 1005 5791 est,
1047 5723 1364 5782 charissima
1409 5722 1462 5776 in
1492 5721 1709 5779 Christo
1735 5720 1968 5785 Frater,
2010 5719 2153 5790 quod

564 5824 815 5889 antiquus
841 5818 1026 5891 _ltostis
1061 5819 1152 5893 qui
1197 5819 1429 5891 primum
1475 5813 1750 5875 hominem
1801 5814 1869 5874 de
1911 5813 2153 5875 Paradisi

2264 4690 2555 4744 verborum
2581 4690 2775 4760 jacuiis
2801 4689 3103 4742 ohviatnus.
3153 4687 3300 4754 Quos
3345 4701 3475 4756 ergo
3518 4685 3738 4740 fruetus
3767 4685 3870 4740 Do.

2262 4783 2412 4838 mino
2448 4782 2784 4852 multiplicati
2829 4781 3009 4852 gregis
3047 4777 3400 4834 ostendemus
3430 4821 3445 4846 ,
3497 4781 3541 4832 si
3583 4788 3639 4833 et
3693 4782 3869 4850 ipsum

2262 4891 2419 4945 quem
2455 4875 2779 4946 pascendum
2809 4874 3149 4942 suscepimus
3175 4875 3345 4926 otiosa
3376 4882 3562 4929 mente
3591 4877 3872 4928 cernimus

2261 4983 2290 5022 a
2321 4969 2489 5024 bestia
2518 4967 2860 5024 devorari....
2896 4966 3190 5036 Vigiiemus
3215 4977 3344 5034 ergo
3392 4980 3462 5019 ne
3499 4964 3627 5035 quid
3655 4977 3869 5036 pereat.

2264 5071 2320 5119 et
2366 5063 2410 5118 si
2449 5061 2584 5118 forte
2630 5061 2754 5131 quid
2783 5071 2998 5132 captum
3038 5059 3239 5124 fuerit,
3282 5059 3509 5114 vocibus
3554 5059 3869 5116 divinorum

2259 5157 2600 5230 eloquiorum
2643 5157 2709 5212 ad
2754 5171 2976 5226 gregem
3007 5153 3346 5212 Dominicum
3396 5153 3766 5222 reducamus,
3816 5164 3871 5209 nt

2259 5250 2350 5304 ille
2396 5248 2486 5320 qui
2519 5257 2702 5319 pastor
2733 5256 3009 5316 pastorum
3038 5253 3123 5300 est
3149 5245 3402 5314 vigilasse
3438 5259 3536 5298 nos
3563 5247 3719 5300 circa
3752 5262 3872 5317 gre-

2259 5356 2380 5412 gem
2413 5355 2565 5396 suum
2595 5354 2693 5394 suo
2719 5339 3030 5394 misericors
3060 5336 3314 5407 dignetur
3352 5335 3556 5406 judicio
3604 5351 3866 5408 compro-

2261 5435 2411 5492 bare.
2445 5435 2555 5494 iioe
2584 5448 2796 5504 quoque
2824 5447 2922 5488 vos
2939 5445 3174 5488 necesse
3203 5441 3286 5487 est
3301 5431 3531 5486 solerter
3553 5430 3870 5496 intendere,

2262 5538 2322 5584 ut
2351 5530 2394 5584 si
2438 5544 2539 5600 qua
2587 5535 2777 5582 contra
2823 5525 3029 5581 latores
3058 5524 3412 5596 praesentium
3439 5522 3692 5593 ejusdem
3725 5526 3870 5594 epis.

2261 5626 2382 5696 copi
2432 5632 2576 5678 recta
2623 5620 2787 5677 fuerit
2813 5619 3000 5690 petitio
3039 5617 3228 5673 subtili
3277 5616 3467 5672 debeat
3512 5615 3869 5688 indagatione

2266 5715 2504 5788 perquiri
2528 5732 2540 5768 :
2572 5722 2628 5770 et
2656 5715 2700 5770 si
2731 5711 2958 5768 fortasse
2981 5709 3082 5784 ipsi
3108 5726 3207 5791 pro
3229 5723 3318 5764 sua
3343 5705 3503 5778 culpa
3523 5707 3649 5779 jure
3676 5708 3866 5764 ferien—

2262 5809 2315 5868 di
2345 5820 2494 5880 sunt,
2529 5819 2865 5884 nequaquam
2892 5810 3185 5863 conuiuas
3203 5814 3326 5860 esse
3359 5801 3717 5877 parcendum.
