4134 6186
328 369 464 424 H717

849 500 988 544 ANNO
1016 499 1200 542 DOIIUI
1228 499 1405 540 πων.

622 597 805 655 XLVI.
848 597 1042 653 IDEM
1077 599 1196 655 Lib.
1225 615 1304 667 tu,
1331 597 1437 670 Ep.
1461 614 1630 654 xxxu.

540 709 837 781 Gregorius
864 707 1183 765 Pantaleoui
1211 709 1467 780 prafecto
1491 707 1709 763 Africa).

402 801 793 859 Hareticornm
834 800 1280 858 nefandissimam
1313 801 1633 872 pravitatem
1655 841 1669 866 ,
1695 799 1929 870 qualiter

327 893 414 950 lex
459 900 811 966 persequatur
851 893 1144 948 instantius
1184 892 1528 967 excellentiae
1574 898 1770 947 vestrae
1817 906 1926 947 non

330 987 562 1043 habetur
591 987 944 1057 incognitum.
992 986 1059 1042 lli
1107 987 1270 1058 igitur
1311 1001 1446 1057 quos
1485 994 1540 1041 et
1578 984 1703 1044 [idet
1728 985 1928 1042 nostri

329 1080 612 1150 integritas
653 1087 707 1134 et
738 1079 918 1149 legum
947 1077 1170 1134 damnat
1191 1079 1457 1152 districtio
1496 1077 1888 1133 mundanarum
1909 1119 1925 1147 ,

331 1186 437 1227 non
466 1172 580 1226 leve
608 1177 883 1240 peccatum
915 1178 1020 1234 est,
1051 1170 1097 1225 si
1127 1170 1324 1225 vestris
1362 1169 1638 1225 inveniant
1669 1169 1930 1241 tempori-

330 1262 431 1318 bus
482 1263 754 1320 licentiam
802 1257 1142 1331 reserpendi.
1201 1253 1259 1317 in
1319 1261 1425 1318 illis
1471 1261 1632 1333 igitur
1687 1261 1930 1333 partibus

330 1363 590 1426 quantum
638 1352 951 1420 didicimus,
979 1353 1050 1408 ita
1072 1353 1473 1410 Donatistarum
1495 1354 1928 1423 crevitaudacia,

328 1458 389 1504 ut
414 1463 522 1504 non
555 1448 727 1504 solum
768 1446 837 1502 de
866 1449 978 1504 suis
1019 1447 1264 1512 ecclesiis
1310 1448 1632 1513 auctoritate
1670 1448 1928 1520 pestifera

329 1541 550 1611 ejiciant
598 1539 723 1596 ﬁdei
770 1539 1054 1595 catholicae
1102 1540 1452 1597 sacerdotes:
1499 1542 1593 1597 sed
1644 1541 1744 1597 hos
1793 1555 1932 1613 quos

328 1649 459 1690 vera
504 1634 852 1690 confessione
881 1648 1018 1704 aqua
1050 1633 1480 1704 regenerationis
1518 1625 1805 1701 abluerat,
1843 1639 1934 1689 re-

328 1728 604 1797 baptizare
631 1743 738 1783 non
767 1735 1044 1793 metuant,
1077 1726 1343 1797 valdeque
1371 1726 1652 1797 miramur,
1676 1728 1720 1782 si
1749 1736 1930 1782 tamen

330 1821 404 1877 ita
431 1830 512 1876 est
541 1861 556 1885 ,
599 1829 657 1874 ut
685 1819 833 1876 vobis
861 1818 967 1874 illic
996 1807 1187 1890 positis
1229 1819 1390 1874 liceat
1418 1818 1792 1890 hujuscemodi
1820 1818 1924 1880 ho.

330 1917 568 1972 minibus
606 1915 784 1986 pravis
827 1915 1114 1972 excedere.
1163 1915 1405 1970 Primum
1453 1913 1722 1984 siquidem
1769 1914 1933 1986 quale

331 2009 400 2066 de
426 2008 578 2065 vobis
601 2008 864 2079 judicium
908 2009 1218 2064 hominibus
1248 2008 1571 2078 relinquatis
1603 2006 1870 2070 attendite
1915 2023 1930 2061 ε

332 2099 379 2158 si
407 2102 460 2157 hi
485 2105 571 2170 qui
603 2100 830 2156 aliorum
857 2101 1192 2172 temporibus
1213 2100 1354 2172 jnsta
1385 2100 1597 2154 ratione
1629 2099 1932 2170 compressi

332 2205 459 2250 sunt
481 2196 632 2252 vobis
661 2195 1164 2251 administrantibus
1187 2195 1327 2252 viam
1369 2195 1452 2250 sui
1479 2210 1737 2251 excessus
1781 2195 1934 2250 inre-

334 2289 505 2347 niant.
549 2288 749 2344 Deinde
788 2288 1121 2360 perditorum
1149 2288 1356 2344 animas
1385 2289 1558 2346 Deum
1588 2298 1834 2344 nostrum
1862 2287 1935 2343 do

333 2397 498 2438 manu
542 2390 720 2437 vestra
773 2384 972 2437 scitote
1006 2383 1287 2454 requirere
1325 2382 1370 2440 si
1421 2391 1628 2440 tantum
1677 2381 1830 2438 nefas
1878 2381 1935 2436 in

338 2482 601 2544 quantum
626 2473 957 2544 possibilitas
984 2474 1150 2546 exigit
1179 2474 1468 2532 emendare
1496 2474 1782 2545 negligitis.

622 2581 833 2646 XLVII.
884 2580 1107 2649 mrsu,
1134 2581 1298 2650 rbi-4.,
1347 2583 1450 2656 Ep.
1476 2599 1643 2638 xxxv.

428 2698 723 2768 Gregorius
745 2696 946 2752 Victori
970 2707 1024 2753 et
1049 2697 1315 2754 Columbo
1345 2700 1615 2770 episcOpis
1643 2689 1858 2756 Africae.

410 2788 788 2860 Comperimus
813 2785 1207 2846 Donatistarum
1227 2789 1476 2845 stimulos
1501 2791 1582 2848 sic
1610 2791 1662 2846 in
1685 2781 1791 2846 illis
1813 2805 1948 2862 ρει-ον

338 2882 483 2938 tibus
506 2895 726 2952 gregem
761 2879 1009 2936 turbasse
1040 2882 1377 2937 Dominieum
1400 2924 1415 2948 ,
1446 2897 1509 2939 ac
1536 2882 1579 2937 si
1601 2875 1812 2938 'nullius
1840 2897 1936 2953 pa-

334 2975 500 3030 storis
552 2973 921 3028 muderamine
948 2983 1266 3044 regeretur.
1319 2975 1727 3045 nuntiatumque
1771 2973 1932 3031 nobis

335 3077 422 3122 est
467 3065 611 3136 quod
647 3065 831 3120 dicere
878 3065 997 3121 sine
1035 3065 1188 3136 gravi
1231 3063 1419 3120 dolore
1465 3081 1572 3120 non
1621 3081 1934 3137 possumus.

333 3160 479 3230 quod
503 3158 718 3230 plurimi
747 3171 934 3213 eorum
960 3158 1239 3216 venenatis
1283 3158 1394 3230 jam
1423 3160 1533 3215 sint
1571 3159 1826 3216 dentibus
1855 3161 1934 3214 la-

1299 364 1629 423 VETERUM
1673 349 2099 421 FRAGMENTA
2139 355 2231 418 DE
2269 363 2703 440 DONATISTIS.

1951 483 2004 542 Α
2027 477 2328 536 emendare
2355 497 2369 534 :
2395 488 2667 551 quatenus
2692 473 2980 533 sinceritas
3004 470 3134 530 fidei
3160 483 3360 531 vestrae
3403 477 3666 536 sollicitu-

3522 353 3665 424 “38

2029 570 2158 626 dine
2177 570 2504 628 intemerata
2525 570 2816 637 consistat,
2842 576 2898 622 et
2924 567 3257 624 innocentes
3303 569 3500 629 animae
3541 588 3664 643 quae

2030 657 2308 718 catholico
2338 663 2670 734 baptisma“
2695 650 2896 715 salvari
2927 664 3190 728 poterant
3214 700 3231 728 ,
3279 649 3662 719 haereticorum

2029 753 2326 811 infectione
2349 773 2455 811 non
2482 761 2738 827 pereant.
2771 751 3028 823 Quisquis
3053 768 3189 823 ergo
3216 753 3287 810 de
3314 755 3397 810 bis
3421 759 3667 828 personis

2029 861 2166 918 quas
2214 848 2473 917 superius
2528 845 2962 903 memoravimus
2995 885 3011 910 ,
3061 860 3396 918 quemquam
3439 865 3663 907 suorum

2029 938 2175 1014 apud
2206 940 2517 997 Donatistas
2550 951 2754 1012 passus
2779 945 2863 992 est
2895 937 3157 1006 baptizari
3188 980 3203 1005 ,
3240 939 3309 994 ad
3340 941 3662 1000 catholicam

2031 1043 2128 1086 eos
2170 1021 2338 1086 ﬁdem
2386 1031 2538 1087 Omni
2581 1031 2794 1085 virtute
2841 1028 3097 1099 omnique
3138 1029 3400 1086 instantia
3442 1033 3666 1090 studeat

2031 1140 2315 1180 revocare.
2367 1125 2426 1182 Si
2449 1125 2574 1198 quis
2607 1138 2745 1178 vero
2774 1122 2962 1177 talium
2993 1123 3061 1178 de
3086 1135 3292 1180 caetero
3319 1126 3422 1180 hoc
3456 1125 3570 1183 ﬁeri
3596 1128 3665 1185 de

2033 1217 2149 1282 suis
2174 1211 2419 1300 qualibet
2448 1215 2812 1284 excusatione
2838 1207 3122 1296 pertulerit
3149 1259 3165 1286 ,
3213 1231 3246 1274 a
3271 1217 3421 1287 eiero
3446 1221 3517 1277 s’it
3542 1236 3663 1278 om-

2033 1310 2195 1366 nibus
2219 1310 2398 1376 modis
2422 1310 2659 1366 alienus.

2440 1438 2638 1504 XLIX.
2671 1436 2891 1516 IDEM,
2921 1439 3028 1503 ibid
3048 1488 3084 1514 .,
3119 1447 3223 1522 Ep.
3258 1465 3406 1506 ut".

2404 1559 2708 1634 Gregorius
2747 1559 2985 1616 Maurico
3022 1561 3291 1633 Augusto.

2109 1675 2255 1731 inter
2297 1689 2578 1732 armorum
2619 1690 2785 1731 curas
2820 1684 2878 1732 et
2904 1676 3216 1732 innumeras
3246 1678 3644 1735 sollicitudines

2040 1784 2178 1840 quas
2206 1767 2480 1825 indefesso
2505 1769 2697 1824 studio
2719 1784 2818 1844 pro
2862 1769 3176 1827 christiante
3217 1772 3529 1844 reipublicae
3571 1789 3657 1828 re-

1961 1864 2014 1924 B
2041 1863 2243 1936 gimine
2271 1862 2550 1918 sustinetis
2577 1903 2594 1932 ,
2627 1879 2824 1935 magna
2853 1863 2986 1919 mihi
3016 1881 3138 1920 cum
3169 1865 3422 1920 universo
3451 1867 3655 1920 mundo

2040 1958 2245 2014 laetitiae
2273 1971 2435 2010 causa
2466 1965 2574 2024 est,
2607 1959 2756 2030 quod
2793 1959 2963 2030 pietas
2992 1968 3169 2014 vestra
3199 1959 3461 2014 custodite
3506 1959 3653 2023 ﬁdei,

2041 2065 2144 2126 qua
2173 2048 2514 2105 dominorum
2545 2049 2718 2121 fulget
2745 2051 3056 2121 imperium,
3088 2047 3358 2122 praecipua
3389 2051 3655 2107 sollicitu-

2041 2133 2169 2198 dine
2195 2157 2408 2210 semper
2436 2140 2708 2212 invigilat.
2765 2141 2920 2199 Unde
2968 2142 3191 2196 omnino
3233 2141 3450 2197 conﬁdo
3476 2183 3490 2207 ,
3528 2142 3651 2212 quia

2039 2236 2180 2290 sicut
2206 2248 2301 2287 vos
2330 2221 2422 2288 Dei
2449 2247 2672 2288 causam
2713 2231 2981 2306 religiosze
3015 2235 3211 2291 mentis
3241 2249 3429 2290 amore
3455 2233 3650 2290 tuemi-

2042 2325 2138 2392 ni,
2172 2326 2244 2380 ita
2276 2325 2420 2380 Deus
2451 2332 2666 2379 vestras
2714 2325 3012 2396 maiestatis
3040 2341 3149 2380 sum
3176 2325 3345 2397 gratia
3386 2333 3564 2380 tuetur
3595 2333 3652 2380 et

2041 2416 2280 2486 adjuvat.
2347 2413 2592 2483 Qualiter
2637 2425 2820 2470 autem
2866 2417 3081 2486 pictatis
3132 2425 3323 2469 vestra:
3377 2414 3647 2470 serenitas

2041 2517 2231 2566 contra
2302 2505 2710 2562 Donatistarum
2779 2503 3253 2578 flagitiosissimam
3329 2506 3654 2578 pravitatem

2040 2599 2477 2660 consideratione
2493 2599 2729 2669 justitia:
2753 2605 2809 2656 et
2829 2600 3211 2656 sincerissima:
3235 2601 3513 2672 religionis
3536 2598 3657 2655 zelo

2041 2700 2316 2751 commota
2362 2692 2431 2746 sit
2471 2690 2809 2747 directarum
2850 2690 3180 2748 lucidissime
3227 2700 3382 2748 tenor
3413 2691 3655 2747 insinuat

2037 2783 2368 2860 jussionum.
2427 2783 2533 2841 Sed
2589 2785 2879 2841 venientes
2935 2785 3035 2841 viri
3097 2785 3538 2842 reverendissimi
3583 2800 3652 2841 ex

2043 2881 2295 2940 Africana
2343 2879 2620 2948 provincia
2648 2879 2893 2950 epise0pi
2915 2889 3166 2936 asserunt
3187 2881 3257 2934 ita
3291 2895 3412 2936 esse
3436 2881 3653 2935 incauta

2043 2973 2476 3034 dissimulatione
2504 2974 2860 3044 postpositas,
2893 2983 2951 3029 ut
2999 2989 3096 3030 nec
3127 2973 3218 3030 Dei
3245 2973 3356 3030 illic
3379 2974 3651 3048 judicium

2042 3069 2336 3125 haberetur
2367 3067 2418 3120 in
2448 3076 2634 3133 metu,
2671 3081 2772 3122 nec
2812 3067 3140 3138 principales
3169 3065 3429 3124 hactenus
3453 3067 3658 3140 jussio-

2044 3170 2129 3217 tes
2151 3161 2475 3215 sortirentur
2515 3154 2772 3212 effectum
2828 3157 2985 3214 :hoc
3037 3160 3198 3215 etiam
3261 3160 3655 3232 subjungentes

339 3254 497 3310 niati.
555 3251 796 3323 Denique
827 3251 1136 3308 sacerdotes
1173 3249 1466 3308 canonicos
1508 3251 1825 3322 pravissima
1865 3252 1934 3308 de
1963 3232 2011 3310 Ε
2043 3251 2187 3323 qttod
2242 3250 2300 3305 in
2359 3246 2583 3319 przefata
2633 3249 2912 3318 provincia
2961 3251 3364 3308 Donatistarum
3414 3253 3654 3324 prtemiis

333 3350 449 3404 suis
485 3347 731 3404 ecclesiis
760 3347 1067 3403 temeritate
1096 3346 1386 3417 repellere,
1411 3353 1465 3402 et
1485 3340 1686 3403 multos
1712 3336 1938 3418 insuper

335 3443 532 3513 quibus
571 3443 802 3497 salutem
847 3441 1280 3511 regenerationis
1330 3451 1466 3512 aqua
1509 3439 1816 3510 praebuerat
1852 3454 1939 3494 re-

335 3540 691 3610 baptizantcs,
725 3537 986 3609 pravitate
1012 3533 1398 3593 nefandissima
1430 3537 1709 3593 necavisse
1745 3536 1939 3592 dicun-

337 3640 442 3686 tur.
474 3630 605 3698 Qure
628 3647 716 3685 res
745 3631 954 3683 animos
982 3637 1198 3685 nostros
1223 3625 1379 3685 valde
1407 3630 1756 3686 mmstiﬁcant
1791 3623 1935 3700 quod

337 3722 493 3775 vobis
522 3720 631 3776 illic
655 3719 844 3790 positis
868 3718 1134 3774 damnata:
1158 3722 1562 3790 pnesumptioni
1589 3730 1794 3774 tantum
1819 3736 1938 3775 sce-

339 3811 424 3866 lus
456 3817 769 3880 pcrpetrare
801 3809 1048 3876 licuerit,
1079 3824 1178 3879 qua
1223 3809 1292 3865 de
1328 3825 1387 3864 re
1413 3809 1804 3864 fraternitatem
1846 3824 1938 3863 ve-

339 3912 508 3959 stram
531 3904 747 3972 seriptis
773 3899 1190 3958 decurrentibus
1220 3901 1577 3956 adhortamnr
1601 3943 1618 3967 ,
1667 3910 1727 3956 ut
1756 3897 1937 3958 habito

338 4003 567 4050 tractatu
598 3994 837 4064 iuitoque
863 3993 1094 4048 concilio
1119 4035 1135 4060 ,
1186 3994 1258 4049 ita
1306 3997 1548 4050 nascenti
1600 3995 1723 4049 huic
1757 3993 1936 4050 adhuc

336 4087 530 4144 morbo
563 4086 832 4140 inhianter
855 4099 919 4140 ac
949 4089 1059 4140 tota
1098 4087 1298 4141 virtute
1343 4087 1587 4142 debeatis
1633 4087 1930 4153 obsistere,

338 4178 632 4233 dummodo
683 4191 782 4232 nec
825 4177 966 4231 vires
1012 4191 1078 4232 ex
1129 4176 1377 4246 neglectu
1408 4178 1702 4246 percipiat,
1736 4193 1837 4233 nec
1881 4179 1933 4234 in

339 4269 630 4325 commisso
659 4267 814 4324 vobis
853 4280 1016 4338 grege
1060 4268 1386 4337 pestilentia:
1417 4267 1611 4322 damna
1639 4270 1931 4325 concutiat.

840 4416 980 4460 ANNO
1018 4418 1203 4458 DOMINI
1241 4419 1420 4466 DXCVI.

587 4514 821 4572 XLVIII.
865 4513 1084 4582 IDEM,
1117 4514 1232 4572 Lib.
1257 4531 1311 4583 v,
1345 4515 1446 4587 Ep.
1475 4521 1672 4572 x‘xxvt.

550 4627 844 4699 Gregorius
871 4625 1137 4684 Columbo
1162 4628 1416 4698 episcopo
1442 4627 1729 4686 Numidiae.

413 4725 682 4782 Praeterea
729 4743 816 4782 res
864 4725 931 4782 ad
983 4741 1083 4783 nos
1125 4728 1347 4782 omnino
1368 4723 1498 4783 dura
1527 4737 1584 4785 et
1618 4740 1780 4786 recta:
1814 4725 1937 4786 ﬁdei

341 4819 556 4875 inimica
591 4821 829 4889 pervenit
853 4864 868 4888 ,
913 4821 1037 4892 quia
1077 4821 1218 4892 quod
1242 4821 1344 4878 dici
1377 4821 1528 4877 nefas
1561 4829 1645 4877 est
1684 4815 1940 4879 catholici

339 4909 592 4967 homines
621 4920 676 4966 et
703 4912 960 4983 religiosi,
991 4913 1133 4984 quod
1163 4923 1245 4968 est
1267 4909 1537 4978 deterius,
1569 4913 1707 4970 ﬁlios
1734 4918 1937 4971 manci-

339 5003 537 5075 piaque
567 5021 663 5060 sua
691 5007 773 5060 vel
804 5006 940 5062 alios
970 5022 1107 5076 quos
1139 5007 1190 5062 in
1221 5016 1484 5076 potestate
1515 5001 1807 5074 habent,in
1831 5009 1940 5065 Do—

339 5098 659 5152 natistarum
692 5097 883 5154 Incresl
911 5101 1170 5170 baptizari
1193 5101 1559 5157 consentiunt.
1617 5097 1684 5155 Et
1725 5101 1848 5157 ideo
1891 5103 1936 5158 si

339 5198 526 5244 verum
555 5196 638 5245 est
664 5190 971 5247 fraternitas
992 5200 1174 5249 vestra
1217 5189 1318 5250 hoc
1344 5206 1696 5264 summepere
1724 5193 1938 5250 studeat

2043 3342 2464 3418 prmvalentibus
2497 3342 2632 3397 ﬁdes
2658 3343 2924 3400 catholica
2951 3345 3163 3416 publice
3191 3347 3552 3403 venundetur.
3579 3347 3650 3402 At

2042 3445 2230 3492 contra
2259 3434 2532 3507 gloriosus
2558 3433 2642 3488 vir
2670 3433 2983 3491 Gennadius
3031 3436 3099 3493 de
3131 3455 3238 3493 uno
3273 3455 3463 3494 eorum
3513 3437 3648 3494 mihi

2041 3529 2241 3586 similia
2276 3537 2499 3600 questus
2530 3536 2616 3582 est
2657 3529 2750 3596 qui
2782 3529 2904 3584 talia
2935 3530 3264 3602 querebatur
3287 3573 3304 3598 ,
3353 3532 3440 3588 cui
3480 3533 3646 3588 etiam

2041 3622 2149 3676 duo
2172 3620 2261 3675 alii
2290 3620 2421 3674 certi
2452 3618 2506 3673 in
2526 3617 2717 3674 eadem
2752 3637 2810 3674 re
2834 3619 3199 3696 testimonium
3225 3623 3489 3679 ferebant.
3529 3624 3637 3679 Sed

2041 3713 2167 3785 quia
2207 3725 2369 3767 causa
2400 3710 2514 3780 ipsa
2546 3707 2746 3780 judicis
2775 3711 3059 3766 saecularis
3086 3713 3385 3785 intererat,
3410 3713 3633 3770 eosdem

2041 3805 2331 3874 episcopos
2373 3803 2437 3856 ad
2467 3801 2683 3872 pietatis
2715 3814 2909 3859 vestra:
2935 3804 3240 3861 existimavi
3271 3823 3394 3863 esse
3421 3807 3647 3878 vestigia

2043 3895 2356 3968 dirigendos
2382 3937 2396 3960 ,
2442 3905 2501 3950 ut
2555 3912 2650 3966 per
2679 3899 3002 3970 semetipsos
3026 3900 3392 3956 serenissimis
3424 3902 3648 3958 auribus

2041 3997 2330 4060 suggerant
2372 4002 2493 4058 quae
2520 4003 2581 4043 se
2604 3986 2840 4046 fatentur
2879 4006 2976 4060 pro
3014 3991 3116 4046 fide
3147 3992 3413 4048 catholica
3461 4002 3648 4063 pertu-

2038 4078 2186 4138 lisse.
2236 4079 2310 4136 Ea
2341 4088 2560 4150 propter
2588 4079 2814 4136 obsecro
2855 4092 2914 4136 ut
2954 4083 3297 4136 dominorum
3325 4081 3647 4137 Christiani-

2042 4185 2125 4230 tas
2155 4188 2254 4243 pro
2280 4173 2451 4228 salute
2478 4171 2668 4225 animae
2714 4180 2770 4225 et
2813 4172 2923 4224 vita
2974 4173 3230 4241 piissimze
3272 4173 3477 4228 sobolis
3505 4187 3642 4239 511ίὲ,

2039 4282 2136 4323 eos
2162 4279 2297 4338 quos
2320 4261 2454 4318 tales
2484 4276 2603 4316 esse
2634 4262 2933 4332 cognoscit,
2957 4261 3203 4318 diSIricta
3233 4261 3421 4318 ulcisci
3439 4263 3644 4333 jussio—

2039 4369 2110 4414 ne
2141 4355 2436 4429 praecipiat,
2466 4363 2521 4410 et
2546 4355 2756 4408 ruinam
2788 4351 3124 4423 pereuntium
3153 4353 3448 4424 ereptionis
3472 4369 3636 4408 manu

2039 4437 2354 4520 suspendat,
2385 4455 2549 4516 atque
2579 4437 2782 4500 insanis
2826 4445 3096 4500 mentibus
3125 4445 3486 4514 correptionis
3528 4461 3643 4499 me-

2040 4541 2273 4598 dicinam
2300 4538 2595 4604 adhibeat,
2641 4545 2695 4592 et
2720 4551 2970 4593 errorum
2994 4535 3063 4592 ab
3100 4537 3180 4592 eis
3217 4537 3436 4592 morbos
3458 4535 3643 4608 expel-

1962 4634 2018 4694 D
2043 4634 2116 4690 lat
2142 4652 2155 4688 :
2187 4635 2455 4704 quatenus
2481 4629 2609 4687 dum
2640 4631 2741 4702 piae
2773 4630 3100 4702 provisionis
3131 4639 3326 4684 vestrae
3355 4629 3599 4686 remedio
3623 4671 3638 4693 ,

2045 4725 2313 4797 pestiferae
2343 4725 2622 4794 pravitatis
2642 4721 2805 4779 fuerit
2834 4721 3008 4792 caligo
3035 4721 3278 4792 depulsa,
3305 4729 3359 4776 et
3383 4737 3504 4776 vera
3533 4721 3638 4774 illic

2041 4817 2178 4874 ﬁdes
2207 4817 2391 4872 radios
2421 4833 2531 4872 suae
2563 4815 2870 4872 serenitatis
2899 4814 3192 4885 asperserit
3219 4855 3234 4880 ,
3277 4813 3514 4868 cmlestis
3543 4827 3638 4867 vos

2041 4921 2166 4967 ante
2196 4909 2571 4980 Redemptoris
2614 4909 2784 4965 nostri
2825 4909 3011 4963 oculos
3061 4907 3364 4978 triumphus
3409 4923 3638 4978 exspec-

2042 5012 2152 5059 tet:
2202 5004 2326 5074 quia
2373 5019 2508 5073 quos
2550 5001 2791 5057 exterius
2829 5002 2895 5056 ab
2924 5000 3078 5056 hoste
3106 4991 3398 5056 defenditis
3425 5043 3440 5068 ,
3471 4999 3633 5055 etiam

2041 5098 2268 5153 interius
2290 5113 2318 5151 a
2349 5097 2629 5152 diabolicae
2656 5093 2856 5152 fraudis
2885 5111 3115 5164 veneno,
3149 5096 3291 5168 quod
3326 5105 3409 5152 est
3436 5096 3634 5167 glorio-

2038 5193 2174 5263 sius,
2203 5192 2462 5248 liberatis.

1525 5601 1578 5608 ...
1743 5599 1836 5628 η...
