  <div class='ocr_page' id='page_1' title='image "/cluster/home/n/w/nwhite01/storage/ocr_20150623/11/hvd.32044096580402/747.png"; bbox 0 0 4134 6186; ppageno 0'>
   <div class='ocr_carea' id='block_1_1' title="bbox 1929 305 2298 364">
    <p class='ocr_par' dir='ltr' id='par_1_1' title="bbox 1929 305 2298 364">
     <span class='ocr_line' id='line_1_1' title="bbox 1929 305 2298 364; baseline 0 -1"><span class='ocrx_word' id='word_1_1' title='bbox 1929 305 2298 364; x_wconf 77' lang='grc' dir='ltr'><strong><em>ΑΡΡΕΝΒΙΧ.</em></strong></span> 
     </span>
    </p>
   </div>
   <div class='ocr_carea' id='block_1_2' title="bbox 475 443 3800 517">
    <p class='ocr_par' dir='ltr' id='par_1_2' title="bbox 479 447 3796 513">
     <span class='ocr_line' id='line_1_2' title="bbox 479 447 3796 513; baseline -0.002 0"><span class='ocrx_word' id='word_1_2' title='bbox 755 468 767 472; x_wconf 88' lang='grc'><strong><em>“</em></strong></span> <span class='ocrx_word' id='word_1_3' title='bbox 3049 460 3518 493; x_wconf 66' lang='grc'><strong>-</strong></span> 
     </span>
     <span class='ocr_line' id='line_1_3' title="bbox 589 486 3054 502; baseline -0.004 4"><span class='ocrx_word' id='word_1_4' title='bbox 1765 486 2345 493; x_wconf 49' lang='grc' dir='ltr'><strong><em>-η--η-η</em></strong></span> <span class='ocrx_word' id='word_1_5' title='bbox 2358 486 3054 493; x_wconf 73' lang='lat'>_—______</span> 
     </span>
    </p>
   </div>
   <div class='ocr_carea' id='block_1_3' title="bbox 775 570 3465 691">
    <p class='ocr_par' dir='ltr' id='par_1_3' title="bbox 775 570 3465 691">
     <span class='ocr_line' id='line_1_4' title="bbox 775 570 3465 691; baseline -0 -2"><span class='ocrx_word' id='word_1_6' title='bbox 775 598 939 674; x_wconf 77' lang='lat'><strong><em>337</em></strong></span> <span class='ocrx_word' id='word_1_7' title='bbox 1012 613 1583 691; x_wconf 85' lang='lat' dir='ltr'><strong><em>APPENDIX</em></strong></span> <span class='ocrx_word' id='word_1_8' title='bbox 1632 570 1786 689; x_wconf 80' lang='grc' dir='ltr'><strong><em>Αι)</em></strong></span> <span class='ocrx_word' id='word_1_9' title='bbox 1856 611 2569 687; x_wconf 86' lang='lat' dir='ltr'><strong><em>MONUMENTA</em></strong></span> <span class='ocrx_word' id='word_1_10' title='bbox 2629 612 3465 688; x_wconf 71' lang='lat' dir='ltr'><strong><em>PRZECEDENTIA.</em></strong></span> 
     </span>
    </p>
   </div>
   <div class='ocr_carea' id='block_1_4' title="bbox 1829 770 2435 803">
    <p class='ocr_par' dir='ltr' id='par_1_4' title="bbox 1829 770 2435 803">
     <span class='ocr_line' id='line_1_5' title="bbox 1829 770 2435 803; baseline 0 -18"><span class='ocrx_word' id='word_1_11' title='bbox 1829 770 2435 803; x_wconf 81' lang='lat'><strong><em>__________</em></strong></span> 
     </span>
    </p>
   </div>
   <div class='ocr_carea' id='block_1_5' title="bbox 1653 890 2596 1042">
    <p class='ocr_par' dir='ltr' id='par_1_5' title="bbox 1653 890 2596 1042">
     <span class='ocr_line' id='line_1_6' title="bbox 1653 890 2596 1042; baseline 0.004 -4"><span class='ocrx_word' id='word_1_12' title='bbox 1653 890 2596 1042; x_wconf 78' lang='lat' dir='ltr'><strong><em>HISTORIA</em></strong></span> 
     </span>
    </p>
   </div>
   <div class='ocr_carea' id='block_1_6' title="bbox 664 1168 3622 1315">
    <p class='ocr_par' dir='ltr' id='par_1_6' title="bbox 664 1168 3622 1315">
     <span class='ocr_line' id='line_1_7' title="bbox 664 1168 3622 1315; baseline 0.002 -5"><span class='ocrx_word' id='word_1_13' title='bbox 664 1168 2237 1310; x_wconf 82' lang='lat' dir='ltr'><strong><em>CARTHAGINENSIS</em></strong></span> <span class='ocrx_word' id='word_1_14' title='bbox 2357 1175 3622 1315; x_wconf 85' lang='lat' dir='ltr'><strong><em>COLLATIONIS</em></strong></span> 
     </span>
    </p>
   </div>
   <div class='ocr_carea' id='block_1_7' title="bbox 1053 1398 3225 1475">
    <p class='ocr_par' dir='ltr' id='par_1_7' title="bbox 1053 1398 3225 1475">
     <span class='ocr_line' id='line_1_8' title="bbox 1053 1398 3225 1475; baseline 0.004 -9"><span class='ocrx_word' id='word_1_15' title='bbox 1053 1402 1257 1466; x_wconf 84' lang='lat' dir='ltr'><strong><em>OLIM</em></strong></span> <span class='ocrx_word' id='word_1_16' title='bbox 1307 1401 1637 1465; x_wconf 77' lang='grc' dir='ltr'><strong><em>ΗΑΒΙΤΕ</em></strong></span> <span class='ocrx_word' id='word_1_17' title='bbox 1690 1399 1937 1463; x_wconf 83' lang='lat' dir='ltr'><strong><em>INTER</em></strong></span> <span class='ocrx_word' id='word_1_18' title='bbox 1988 1398 2495 1468; x_wconf 83' lang='lat' dir='ltr'><strong><em>CATHOLICOS</em></strong></span> <span class='ocrx_word' id='word_1_19' title='bbox 2542 1403 2650 1469; x_wconf 88' lang='lat' dir='ltr'><strong><em>ET</em></strong></span> <span class='ocrx_word' id='word_1_20' title='bbox 2700 1408 3225 1475; x_wconf 82' lang='lat' dir='ltr'><strong><em>DONATISTAS.</em></strong></span> 
     </span>
    </p>
   </div>
   <div class='ocr_carea' id='block_1_8' title="bbox 1561 1566 2721 1618">
    <p class='ocr_par' dir='ltr' id='par_1_8' title="bbox 1561 1566 2721 1618">
     <span class='ocr_line' id='line_1_9' title="bbox 1561 1566 2721 1618; baseline 0.003 -6"><span class='ocrx_word' id='word_1_21' title='bbox 1561 1566 1856 1612; x_wconf 74' lang='lat' dir='ltr'><strong><em>AUCTOBE</em></strong></span> <span class='ocrx_word' id='word_1_22' title='bbox 1900 1566 2136 1611; x_wconf 74' lang='lat' dir='ltr'><strong>FRANG.</strong></span> <span class='ocrx_word' id='word_1_23' title='bbox 2182 1568 2515 1615; x_wconf 76' lang='lat' dir='ltr'><strong><em>BALDUINI.</em></strong></span> <span class='ocrx_word' id='word_1_24' title='bbox 2560 1572 2614 1615; x_wconf 76' lang='lat' dir='ltr'><strong><em>J.</em></strong></span> <span class='ocrx_word' id='word_1_25' title='bbox 2661 1573 2721 1618; x_wconf 87' lang='lat' dir='ltr'><strong><em>C.</em></strong></span> 
     </span>
    </p>
   </div>
   <div class='ocr_carea' id='block_1_9' title="bbox 1978 1689 2341 1704">
    <p class='ocr_par' dir='ltr' id='par_1_9' title="bbox 1978 1689 2341 1704">
     <span class='ocr_line' id='line_1_10' title="bbox 1978 1689 2341 1704; baseline 0.003 -3"><span class='ocrx_word' id='word_1_26' title='bbox 1978 1689 2341 1704; x_wconf 49' lang='lat'><strong><em>*</em></strong></span> 
     </span>
    </p>
   </div>
   <div class='ocr_carea' id='block_1_10' title="bbox 2003 1704 2367 1718">
    <p class='ocr_par' dir='ltr' id='par_1_10' title="bbox 2003 1704 2367 1718">
     <span class='ocr_line' id='line_1_11' title="bbox 2003 1704 2367 1718; baseline 0.005 -2"><span class='ocrx_word' id='word_1_27' title='bbox 2003 1704 2367 1718; x_wconf 74' lang='lat' dir='ltr'><strong><em>—I</em></strong></span> 
     </span>
    </p>
   </div>
   <div class='ocr_carea' id='block_1_11' title="bbox 570 1780 3821 1873">
    <p class='ocr_par' dir='ltr' id='par_1_11' title="bbox 570 1780 3821 1873">
     <span class='ocr_line' id='line_1_12' title="bbox 570 1780 3821 1873; baseline 0.004 -24"><span class='ocrx_word' id='word_1_28' title='bbox 570 1788 634 1849; x_wconf 73' lang='grc' dir='ltr'><strong><em>Β.</em></strong></span> <span class='ocrx_word' id='word_1_29' title='bbox 679 1790 745 1847; x_wconf 87' lang='grc'><strong><em>1).</em></strong></span> <span class='ocrx_word' id='word_1_30' title='bbox 784 1786 1030 1846; x_wconf 80' lang='lat' dir='ltr'><strong><em>JOANNI</em></strong></span> <span class='ocrx_word' id='word_1_31' title='bbox 1065 1786 1249 1843; x_wconf 87' lang='lat' dir='ltr'><strong>TILIO</strong></span> <span class='ocrx_word' id='word_1_32' title='bbox 1301 1784 1631 1843; x_wconf 68' lang='grc' dir='ltr'><strong><em>περιεσοΡο</em></strong></span> <span class='ocrx_word' id='word_1_33' title='bbox 1670 1780 2026 1841; x_wconf 85' lang='lat' dir='ltr'><strong><em>MELDENSI</em></strong></span> <span class='ocrx_word' id='word_1_34' title='bbox 2121 1788 2174 1847; x_wconf 80' lang='grc' dir='ltr'>Α</span> <span class='ocrx_word' id='word_1_35' title='bbox 2203 1788 2429 1844; x_wconf 88' lang='lat' dir='ltr'><strong><em>trimenti</em></strong></span> <span class='ocrx_word' id='word_1_36' title='bbox 2454 1792 2648 1862; x_wconf 77' lang='lat' dir='ltr'><strong><em>capiat.</em></strong></span> <span class='ocrx_word' id='word_1_37' title='bbox 2679 1792 2989 1869; x_wconf 72' lang='lat' dir='ltr'><strong><em>Exemplum</em></strong></span> <span class='ocrx_word' id='word_1_38' title='bbox 3009 1799 3144 1852; x_wconf 91' lang='lat' dir='ltr'><strong><em>enim</em></strong></span> <span class='ocrx_word' id='word_1_39' title='bbox 3166 1808 3217 1855; x_wconf 91' lang='lat' dir='ltr'><strong><em>et</em></strong></span> <span class='ocrx_word' id='word_1_40' title='bbox 3242 1801 3400 1855; x_wconf 83' lang='lat' dir='ltr'><strong><em>veluti</em></strong></span> <span class='ocrx_word' id='word_1_41' title='bbox 3430 1806 3722 1873; x_wconf 82' lang='lat' dir='ltr'><strong><em>formulam</em></strong></span> <span class='ocrx_word' id='word_1_42' title='bbox 3748 1816 3821 1861; x_wconf 53' lang='lat' dir='ltr'><strong><em>at.</em></strong></span> 
     </span>
    </p>
   </div>
   <div class='ocr_carea' id='block_1_12' title="bbox 954 1895 1645 1944">
    <p class='ocr_par' dir='ltr' id='par_1_12' title="bbox 954 1895 1645 1944">
     <span class='ocr_line' id='line_1_13' title="bbox 954 1895 1645 1944; baseline -0.004 -7"><span class='ocrx_word' id='word_1_43' title='bbox 954 1896 1148 1938; x_wconf 72' lang='lat' dir='ltr'><strong><em>FRANC.</em></strong></span> <span class='ocrx_word' id='word_1_44' title='bbox 1167 1895 1475 1944; x_wconf 64' lang='grc' dir='ltr'><strong><em>ωιυυικυε</em></strong></span> <span class='ocrx_word' id='word_1_45' title='bbox 1512 1895 1561 1935; x_wconf 88' lang='lat' dir='ltr'><strong><em>S.</em></strong></span> <span class='ocrx_word' id='word_1_46' title='bbox 1592 1896 1645 1935; x_wconf 83' lang='grc' dir='ltr'><strong><em>Ι).</em></strong></span> 
     </span>
    </p>
   </div>
   <div class='ocr_carea' id='block_1_13' title="bbox 567 1968 2101 2044">
    <p class='ocr_par' dir='ltr' id='par_1_13' title="bbox 567 1968 2101 2044">
     <span class='ocr_line' id='line_1_14' title="bbox 567 1968 2101 2044; baseline -0.008 -10"><span class='ocrx_word' id='word_1_47' title='bbox 567 1979 697 2036; x_wconf 83' lang='lat' dir='ltr'><strong><em>Cum</em></strong></span> <span class='ocrx_word' id='word_1_48' title='bbox 720 1977 862 2032; x_wconf 85' lang='lat' dir='ltr'><strong><em>hisce</em></strong></span> <span class='ocrx_word' id='word_1_49' title='bbox 895 1975 1076 2031; x_wconf 88' lang='lat' dir='ltr'><strong><em>diebus</em></strong></span> <span class='ocrx_word' id='word_1_50' title='bbox 1103 1974 1370 2044; x_wconf 72' lang='lat' dir='ltr'><strong><em>&#39;Optatum</em></strong></span> <span class='ocrx_word' id='word_1_51' title='bbox 1414 1982 1667 2039; x_wconf 89' lang='lat' dir='ltr'><strong><em>nostrum,</em></strong></span> <span class='ocrx_word' id='word_1_52' title='bbox 1709 1985 1858 2041; x_wconf 85' lang='lat' dir='ltr'><strong><em>quem</em></strong></span> <span class='ocrx_word' id='word_1_53' title='bbox 1902 1984 1998 2041; x_wconf 92' lang='lat' dir='ltr'><strong><em>ope</em></strong></span> <span class='ocrx_word' id='word_1_54' title='bbox 2027 1968 2101 2022; x_wconf 90' lang='lat' dir='ltr'><strong><em>tui</em></strong></span> 
     </span>
    </p>
   </div>
   <div class='ocr_carea' id='block_1_14' title="bbox 495 2061 2102 2130">
    <p class='ocr_par' dir='ltr' id='par_1_14' title="bbox 495 2061 2102 2130">
     <span class='ocr_line' id='line_1_15' title="bbox 495 2061 2102 2130; baseline -0.008 -1"><span class='ocrx_word' id='word_1_55' title='bbox 495 2073 689 2129; x_wconf 89' lang='lat' dir='ltr'><strong><em>codicis</em></strong></span> <span class='ocrx_word' id='word_1_56' title='bbox 729 2071 916 2125; x_wconf 89' lang='lat' dir='ltr'><strong><em>iterum</em></strong></span> <span class='ocrx_word' id='word_1_57' title='bbox 955 2064 1279 2123; x_wconf 87' lang='lat' dir='ltr'><strong><em>emendatum</em></strong></span> <span class='ocrx_word' id='word_1_58' title='bbox 1310 2082 1490 2120; x_wconf 90' lang='lat' dir='ltr'><strong><em>rursus</em></strong></span> <span class='ocrx_word' id='word_1_59' title='bbox 1518 2065 1668 2120; x_wconf 88' lang='lat' dir='ltr'><strong><em>edere</em></strong></span> <span class='ocrx_word' id='word_1_60' title='bbox 1705 2064 1939 2129; x_wconf 75' lang='lat' dir='ltr'><strong><em>instituo,</em></strong></span> <span class='ocrx_word' id='word_1_61' title='bbox 1970 2061 2102 2130; x_wconf 86' lang='lat' dir='ltr'><strong><em>forte</em></strong></span> 
     </span>
    </p>
   </div>
   <div class='ocr_carea' id='block_1_15' title="bbox 494 2154 2104 2238">
    <p class='ocr_par' dir='ltr' id='par_1_15' title="bbox 494 2154 2104 2238">
     <span class='ocr_line' id='line_1_16' title="bbox 494 2154 2104 2238; baseline -0.008 -17"><span class='ocrx_word' id='word_1_62' title='bbox 494 2167 798 2238; x_wconf 88' lang='lat' dir='ltr'><strong><em>relegerem,</em></strong></span> <span class='ocrx_word' id='word_1_63' title='bbox 843 2164 935 2219; x_wconf 90' lang='lat' dir='ltr'><strong><em>diu</em></strong></span> <span class='ocrx_word' id='word_1_64' title='bbox 982 2163 1298 2232; x_wconf 89' lang='lat' dir='ltr'><strong><em>multumque</em></strong></span> <span class='ocrx_word' id='word_1_65' title='bbox 1345 2160 1583 2233; x_wconf 85' lang='lat' dir='ltr'><strong><em>cogitavi,</em></strong></span> <span class='ocrx_word' id='word_1_66' title='bbox 1635 2158 1761 2229; x_wconf 86' lang='lat' dir='ltr'><strong><em>quid</em></strong></span> <span class='ocrx_word' id='word_1_67' title='bbox 1808 2156 1904 2211; x_wconf 92' lang='lat' dir='ltr'><strong><em>sibi</em></strong></span> <span class='ocrx_word' id='word_1_68' title='bbox 1954 2154 2104 2210; x_wconf 78' lang='lat' dir='ltr'><strong><em>vellet</em></strong></span> 
     </span>
    </p>
   </div>
   <div class='ocr_carea' id='block_1_16' title="bbox 498 2243 2105 2327">
    <p class='ocr_par' dir='ltr' id='par_1_16' title="bbox 498 2243 2105 2327">
     <span class='ocr_line' id='line_1_17' title="bbox 498 2243 2105 2327; baseline -0.008 -15"><span class='ocrx_word' id='word_1_69' title='bbox 498 2257 639 2327; x_wconf 89' lang='lat' dir='ltr'><strong><em>quod</em></strong></span> <span class='ocrx_word' id='word_1_70' title='bbox 669 2257 761 2322; x_wconf 87' lang='lat' dir='ltr'><strong><em>ait,</em></strong></span> <span class='ocrx_word' id='word_1_71' title='bbox 793 2254 1165 2323; x_wconf 82' lang='lat' dir='ltr'><strong><em>rempublicam</em></strong></span> <span class='ocrx_word' id='word_1_72' title='bbox 1207 2268 1311 2307; x_wconf 91' lang='lat' dir='ltr'><strong><em>non</em></strong></span> <span class='ocrx_word' id='word_1_73' title='bbox 1348 2267 1456 2306; x_wconf 90' lang='lat' dir='ltr'><strong><em>esse</em></strong></span> <span class='ocrx_word' id='word_1_74' title='bbox 1489 2250 1543 2304; x_wconf 92' lang='lat' dir='ltr'><strong><em>in</em></strong></span> <span class='ocrx_word' id='word_1_75' title='bbox 1581 2247 1838 2314; x_wconf 92' lang='lat' dir='ltr'><strong><em>Ecclesia,</em></strong></span> <span class='ocrx_word' id='word_1_76' title='bbox 1870 2246 1960 2301; x_wconf 88' lang='lat' dir='ltr'><strong><em>sed</em></strong></span> <span class='ocrx_word' id='word_1_77' title='bbox 1999 2243 2105 2300; x_wconf 87' lang='lat' dir='ltr'><strong><em>Ec-</em></strong></span> 
     </span>
    </p>
   </div>
   <div class='ocr_carea' id='block_1_17' title="bbox 498 2340 2103 2426">
    <p class='ocr_par' dir='ltr' id='par_1_17' title="bbox 498 2340 2103 2426">
     <span class='ocr_line' id='line_1_18' title="bbox 498 2340 2103 2426; baseline -0.009 -20"><span class='ocrx_word' id='word_1_78' title='bbox 498 2351 707 2408; x_wconf 85' lang='lat' dir='ltr'><strong><em>clesium</em></strong></span> <span class='ocrx_word' id='word_1_79' title='bbox 736 2365 845 2426; x_wconf 74' lang='lat' dir='ltr'><strong><em>esse</em></strong></span> <span class='ocrx_word' id='word_1_80' title='bbox 873 2349 928 2402; x_wconf 91' lang='lat' dir='ltr'><strong><em>in</em></strong></span> <span class='ocrx_word' id='word_1_81' title='bbox 957 2345 1240 2417; x_wconf 83' lang='lat' dir='ltr'><strong><em>republica.</em></strong></span> <span class='ocrx_word' id='word_1_82' title='bbox 1277 2342 1346 2400; x_wconf 86' lang='lat' dir='ltr'><strong><em>Ut</em></strong></span> <span class='ocrx_word' id='word_1_83' title='bbox 1387 2354 1556 2399; x_wconf 92' lang='lat' dir='ltr'><strong><em>autem</em></strong></span> <span class='ocrx_word' id='word_1_84' title='bbox 1596 2341 1913 2414; x_wconf 76' lang='lat' dir='ltr'><strong><em>gravissima:</em></strong></span> <span class='ocrx_word' id='word_1_85' title='bbox 1949 2340 2103 2411; x_wconf 87' lang='lat' dir='ltr'><strong><em>hujus</em></strong></span> 
     </span>
    </p>
   </div>
   <div class='ocr_carea' id='block_1_18' title="bbox 502 2432 2105 2500">
    <p class='ocr_par' dir='ltr' id='par_1_18' title="bbox 502 2432 2105 2500">
     <span class='ocr_line' id='line_1_19' title="bbox 502 2432 2105 2500; baseline -0.011 0"><span class='ocrx_word' id='word_1_86' title='bbox 502 2444 771 2500; x_wconf 70' lang='lat' dir='ltr'><strong><em>sententia:</em></strong></span> <span class='ocrx_word' id='word_1_87' title='bbox 797 2442 1052 2497; x_wconf 88' lang='lat' dir='ltr'><strong><em>rationem</em></strong></span> <span class='ocrx_word' id='word_1_88' title='bbox 1078 2447 1127 2494; x_wconf 88' lang='lat' dir='ltr'><strong><em>et</em></strong></span> <span class='ocrx_word' id='word_1_89' title='bbox 1165 2453 1374 2493; x_wconf 82' lang='lat' dir='ltr'><strong><em>causam</em></strong></span> <span class='ocrx_word' id='word_1_90' title='bbox 1399 2436 1575 2491; x_wconf 75' lang='lat' dir='ltr'><strong><em>videor</em></strong></span> <span class='ocrx_word' id='word_1_91' title='bbox 1614 2432 1742 2489; x_wconf 87' lang='lat' dir='ltr'><strong><em>mihi</em></strong></span> <span class='ocrx_word' id='word_1_92' title='bbox 1783 2432 1989 2487; x_wconf 87' lang='lat' dir='ltr'><strong><em>tandem</em></strong></span> <span class='ocrx_word' id='word_1_93' title='bbox 2018 2447 2105 2484; x_wconf 86' lang='lat' dir='ltr'><strong><em>as-</em></strong></span> 
     </span>
    </p>
   </div>
   <div class='ocr_carea' id='block_1_19' title="bbox 501 2525 2105 2604">
    <p class='ocr_par' dir='ltr' id='par_1_19' title="bbox 501 2525 2105 2604">
     <span class='ocr_line' id='line_1_20' title="bbox 501 2525 2105 2604; baseline -0.01 -12"><span class='ocrx_word' id='word_1_94' title='bbox 501 2545 728 2602; x_wconf 83' lang='lat' dir='ltr'><strong><em>secutus,</em></strong></span> <span class='ocrx_word' id='word_1_95' title='bbox 750 2534 825 2589; x_wconf 92' lang='lat' dir='ltr'><strong><em>sic</em></strong></span> <span class='ocrx_word' id='word_1_96' title='bbox 837 2533 1119 2604; x_wconf 84' lang='lat' dir='ltr'><strong><em>respiciens</em></strong></span> <span class='ocrx_word' id='word_1_97' title='bbox 1131 2540 1417 2603; x_wconf 86' lang='lat' dir='ltr'><strong><em>temporum</em></strong></span> <span class='ocrx_word' id='word_1_98' title='bbox 1433 2537 1727 2583; x_wconf 90' lang='lat' dir='ltr'><strong><em>nostrorum</em></strong></span> <span class='ocrx_word' id='word_1_99' title='bbox 1743 2525 2105 2592; x_wconf 83' lang='lat' dir='ltr'><strong><em>conditionem,</em></strong></span> 
     </span>
    </p>
   </div>
   <div class='ocr_carea' id='block_1_20' title="bbox 498 2618 2105 2699">
    <p class='ocr_par' dir='ltr' id='par_1_20' title="bbox 498 2618 2105 2699">
     <span class='ocr_line' id='line_1_21' title="bbox 498 2618 2105 2699; baseline -0.007 -15"><span class='ocrx_word' id='word_1_100' title='bbox 498 2618 579 2684; x_wconf 68' lang='lat' dir='ltr'><strong><em>uel</em></strong></span> <span class='ocrx_word' id='word_1_101' title='bbox 603 2629 770 2698; x_wconf 81' lang='lat' dir='ltr'><strong><em>potius</em></strong></span> <span class='ocrx_word' id='word_1_102' title='bbox 791 2626 1165 2698; x_wconf 76' lang='lat' dir='ltr'><strong><em>confusionem,</em></strong></span> <span class='ocrx_word' id='word_1_103' title='bbox 1180 2624 1419 2699; x_wconf 86' lang='lat' dir='ltr'><strong><em>judicavi</em></strong></span> <span class='ocrx_word' id='word_1_104' title='bbox 1438 2631 1572 2677; x_wconf 91' lang='lat' dir='ltr'><strong><em>recte</em></strong></span> <span class='ocrx_word' id='word_1_105' title='bbox 1589 2621 1693 2675; x_wconf 90' lang='lat' dir='ltr'><strong><em>dici</em></strong></span> <span class='ocrx_word' id='word_1_106' title='bbox 1714 2636 1916 2692; x_wconf 91' lang='lat' dir='ltr'><strong><em>quoque</em></strong></span> <span class='ocrx_word' id='word_1_107' title='bbox 1936 2634 2105 2688; x_wconf 92' lang='lat' dir='ltr'><strong><em>posse,</em></strong></span> 
     </span>
    </p>
   </div>
   <div class='ocr_carea' id='block_1_21' title="bbox 500 2712 2111 2790">
    <p class='ocr_par' dir='ltr' id='par_1_21' title="bbox 500 2712 2111 2790">
     <span class='ocr_line' id='line_1_22' title="bbox 500 2712 2111 2790; baseline -0.007 -14"><span class='ocrx_word' id='word_1_108' title='bbox 500 2720 872 2790; x_wconf 84' lang='lat' dir='ltr'><strong><em>rempublicam</em></strong></span> <span class='ocrx_word' id='word_1_109' title='bbox 902 2719 1069 2790; x_wconf 91' lang='lat' dir='ltr'><strong><em>magis</em></strong></span> <span class='ocrx_word' id='word_1_110' title='bbox 1111 2734 1222 2773; x_wconf 88' lang='lat' dir='ltr'><strong><em>esse</em></strong></span> <span class='ocrx_word' id='word_1_111' title='bbox 1250 2719 1304 2772; x_wconf 89' lang='lat' dir='ltr'><strong><em>in</em></strong></span> <span class='ocrx_word' id='word_1_112' title='bbox 1337 2717 1592 2781; x_wconf 85' lang='lat' dir='ltr'><strong><em>Ecclesia,</em></strong></span> <span class='ocrx_word' id='word_1_113' title='bbox 1634 2731 1788 2784; x_wconf 90' lang='lat' dir='ltr'><strong><em>quam</em></strong></span> <span class='ocrx_word' id='word_1_114' title='bbox 1826 2715 1891 2768; x_wconf 85' lang='lat' dir='ltr'><strong><em>sit</em></strong></span> <span class='ocrx_word' id='word_1_115' title='bbox 1934 2712 2111 2767; x_wconf 88' lang='lat' dir='ltr'><strong><em>Eccle-</em></strong></span> 
     </span>
    </p>
   </div>
   <div class='ocr_carea' id='block_1_22' title="bbox 503 2808 2111 2884">
    <p class='ocr_par' dir='ltr' id='par_1_22' title="bbox 503 2808 2111 2884">
     <span class='ocr_line' id='line_1_23' title="bbox 503 2808 2111 2884; baseline -0.005 -18"><span class='ocrx_word' id='word_1_116' title='bbox 503 2815 582 2868; x_wconf 85' lang='lat' dir='ltr'><strong><em>sia</em></strong></span> <span class='ocrx_word' id='word_1_117' title='bbox 606 2813 659 2866; x_wconf 89' lang='lat' dir='ltr'><strong><em>in</em></strong></span> <span class='ocrx_word' id='word_1_118' title='bbox 688 2811 973 2884; x_wconf 82' lang='lat' dir='ltr'><strong><em>republica.</em></strong></span> <span class='ocrx_word' id='word_1_119' title='bbox 1009 2810 1108 2865; x_wconf 80' lang='lat' dir='ltr'><strong><em>Est</em></strong></span> <span class='ocrx_word' id='word_1_120' title='bbox 1137 2810 1273 2864; x_wconf 92' lang='lat' dir='ltr'><strong><em>enim</em></strong></span> <span class='ocrx_word' id='word_1_121' title='bbox 1315 2808 1609 2879; x_wconf 64' lang='lat' dir='ltr'><strong><em>reipublicae</em></strong></span> <span class='ocrx_word' id='word_1_122' title='bbox 1638 2817 1898 2878; x_wconf 86' lang='lat' dir='ltr'><strong><em>tamquam</em></strong></span> <span class='ocrx_word' id='word_1_123' title='bbox 1928 2820 2111 2873; x_wconf 80' lang='lat' dir='ltr'><strong><em>corpo-</em></strong></span> 
     </span>
    </p>
   </div>
   <div class='ocr_carea' id='block_1_23' title="bbox 508 2897 2113 2977">
    <p class='ocr_par' dir='ltr' id='par_1_23' title="bbox 508 2897 2113 2977">
     <span class='ocr_line' id='line_1_24' title="bbox 508 2897 2113 2977; baseline -0.005 -18"><span class='ocrx_word' id='word_1_124' title='bbox 508 2906 605 2969; x_wconf 89' lang='lat' dir='ltr'><strong><em>ris,</em></strong></span> <span class='ocrx_word' id='word_1_125' title='bbox 633 2904 750 2977; x_wconf 89' lang='lat' dir='ltr'><strong><em>ipsa</em></strong></span> <span class='ocrx_word' id='word_1_126' title='bbox 783 2901 1018 2958; x_wconf 86' lang='lat' dir='ltr'><strong><em>Ecclesia</em></strong></span> <span class='ocrx_word' id='word_1_127' title='bbox 1058 2902 1213 2956; x_wconf 81' lang='lat' dir='ltr'><strong><em>veluti</em></strong></span> <span class='ocrx_word' id='word_1_128' title='bbox 1242 2902 1450 2968; x_wconf 88' lang='lat' dir='ltr'><strong><em>anima;</em></strong></span> <span class='ocrx_word' id='word_1_129' title='bbox 1492 2910 1548 2954; x_wconf 91' lang='lat' dir='ltr'><strong><em>ut</em></strong></span> <span class='ocrx_word' id='word_1_130' title='bbox 1589 2901 1634 2955; x_wconf 90' lang='lat' dir='ltr'><strong><em>si</em></strong></span> <span class='ocrx_word' id='word_1_131' title='bbox 1665 2900 1774 2954; x_wconf 81' lang='lat' dir='ltr'><strong><em>Iuvc</em></strong></span> <span class='ocrx_word' id='word_1_132' title='bbox 1803 2898 1995 2968; x_wconf 87' lang='lat' dir='ltr'><strong><em>sapiat,</em></strong></span> <span class='ocrx_word' id='word_1_133' title='bbox 2033 2897 2113 2952; x_wconf 88' lang='lat' dir='ltr'><strong><em>illi</em></strong></span> 
     </span>
    </p>
   </div>
   <div class='ocr_carea' id='block_1_24' title="bbox 510 2989 2117 3062">
    <p class='ocr_par' dir='ltr' id='par_1_24' title="bbox 510 2989 2117 3062">
     <span class='ocr_line' id='line_1_25' title="bbox 510 2989 2117 3062; baseline -0.005 -12"><span class='ocrx_word' id='word_1_134' title='bbox 510 2995 635 3050; x_wconf 87' lang='lat' dir='ltr'><strong><em>bene</em></strong></span> <span class='ocrx_word' id='word_1_135' title='bbox 659 3012 791 3062; x_wconf 85' lang='lat' dir='ltr'><strong><em>esse;</em></strong></span> <span class='ocrx_word' id='word_1_136' title='bbox 813 2996 858 3049; x_wconf 90' lang='lat' dir='ltr'><strong><em>si</em></strong></span> <span class='ocrx_word' id='word_1_137' title='bbox 882 2994 1132 3061; x_wconf 87' lang='lat' dir='ltr'><strong><em>insaniat,</em></strong></span> <span class='ocrx_word' id='word_1_138' title='bbox 1156 2993 1290 3048; x_wconf 90' lang='lat' dir='ltr'><strong><em>male</em></strong></span> <span class='ocrx_word' id='word_1_139' title='bbox 1307 3008 1418 3047; x_wconf 91' lang='lat' dir='ltr'><strong><em>esse</em></strong></span> <span class='ocrx_word' id='word_1_140' title='bbox 1442 3000 1750 3046; x_wconf 88' lang='lat' dir='ltr'><strong><em>statuamus.</em></strong></span> <span class='ocrx_word' id='word_1_141' title='bbox 1784 2989 1850 3043; x_wconf 84' lang='lat' dir='ltr'><strong><em>Et</em></strong></span> <span class='ocrx_word' id='word_1_142' title='bbox 1867 3004 1985 3045; x_wconf 82' lang='lat' dir='ltr'><strong><em>vero</em></strong></span> <span class='ocrx_word' id='word_1_143' title='bbox 2008 2989 2117 3042; x_wconf 91' lang='lat' dir='ltr'><strong><em>sine</em></strong></span> 
     </span>
    </p>
   </div>
   <div class='ocr_carea' id='block_1_25' title="bbox 515 3081 2116 3154">
    <p class='ocr_par' dir='ltr' id='par_1_25' title="bbox 515 3081 2116 3154">
     <span class='ocr_line' id='line_1_26' title="bbox 515 3081 2116 3154; baseline -0.006 -12"><span class='ocrx_word' id='word_1_144' title='bbox 515 3086 753 3143; x_wconf 82' lang='lat' dir='ltr'><strong><em>Ecclesia</em></strong></span> <span class='ocrx_word' id='word_1_145' title='bbox 780 3086 905 3142; x_wconf 86' lang='lat' dir='ltr'><strong><em>bene</em></strong></span> <span class='ocrx_word' id='word_1_146' title='bbox 934 3086 1236 3152; x_wconf 88' lang='lat' dir='ltr'><strong><em>constituta,</em></strong></span> <span class='ocrx_word' id='word_1_147' title='bbox 1266 3100 1428 3154; x_wconf 87' lang='lat' dir='ltr'><strong><em>neque</em></strong></span> <span class='ocrx_word' id='word_1_148' title='bbox 1468 3084 1606 3137; x_wconf 90' lang='lat' dir='ltr'><strong><em>ullus</em></strong></span> <span class='ocrx_word' id='word_1_149' title='bbox 1633 3081 1928 3153; x_wconf 67' lang='lat' dir='ltr'><strong><em>reipublicae</em></strong></span> <span class='ocrx_word' id='word_1_150' title='bbox 1956 3091 2116 3134; x_wconf 89' lang='lat' dir='ltr'><strong><em>status</em></strong></span> 
     </span>
    </p>
   </div>
   <div class='ocr_carea' id='block_1_26' title="bbox 2202 1883 3824 1968">
    <p class='ocr_par' dir='ltr' id='par_1_26' title="bbox 2202 1883 3824 1968">
     <span class='ocr_line' id='line_1_27' title="bbox 2202 1883 3824 1968; baseline 0.014 -36"><span class='ocrx_word' id='word_1_151' title='bbox 2202 1896 2299 1951; x_wconf 89' lang='lat' dir='ltr'><strong><em>que</em></strong></span> <span class='ocrx_word' id='word_1_152' title='bbox 2328 1883 2456 1937; x_wconf 91' lang='lat' dir='ltr'><strong><em>adeo</em></strong></span> <span class='ocrx_word' id='word_1_153' title='bbox 2496 1884 2659 1956; x_wconf 85' lang='lat' dir='ltr'><strong><em>legem</em></strong></span> <span class='ocrx_word' id='word_1_154' title='bbox 2698 1888 2886 1958; x_wconf 83' lang='lat' dir='ltr'><strong><em>ofﬁcii,</em></strong></span> <span class='ocrx_word' id='word_1_155' title='bbox 2930 1900 2980 1945; x_wconf 91' lang='lat' dir='ltr'><strong><em>et</em></strong></span> <span class='ocrx_word' id='word_1_156' title='bbox 3027 1892 3371 1963; x_wconf 89' lang='lat' dir='ltr'><strong><em>conspirantis</em></strong></span> <span class='ocrx_word' id='word_1_157' title='bbox 3411 1912 3532 1949; x_wconf 86' lang='lat' dir='ltr'><strong><em>cum</em></strong></span> <span class='ocrx_word' id='word_1_158' title='bbox 3568 1898 3824 1968; x_wconf 80' lang='lat' dir='ltr'><strong><em>religione</em></strong></span> 
     </span>
    </p>
   </div>
   <div class='ocr_carea' id='block_1_27' title="bbox 2204 1972 3825 2058">
    <p class='ocr_par' dir='ltr' id='par_1_27' title="bbox 2204 1972 3825 2058">
     <span class='ocr_line' id='line_1_28' title="bbox 2204 1972 3825 2058; baseline 0.013 -35"><span class='ocrx_word' id='word_1_159' title='bbox 2204 1972 2492 2043; x_wconf 65' lang='lat' dir='ltr'><strong><em>sapientiae,</em></strong></span> <span class='ocrx_word' id='word_1_160' title='bbox 2529 1991 2647 2045; x_wconf 78' lang='lat' dir='ltr'><strong><em>qua:</em></strong></span> <span class='ocrx_word' id='word_1_161' title='bbox 2679 1978 2856 2033; x_wconf 86' lang='lat' dir='ltr'><strong><em>turbas</em></strong></span> <span class='ocrx_word' id='word_1_162' title='bbox 2895 1995 3070 2036; x_wconf 89' lang='lat' dir='ltr'><strong><em>omnes</em></strong></span> <span class='ocrx_word' id='word_1_163' title='bbox 3113 1992 3163 2037; x_wconf 93' lang='lat' dir='ltr'><strong><em>et</em></strong></span> <span class='ocrx_word' id='word_1_164' title='bbox 3206 1984 3329 2038; x_wconf 88' lang='lat' dir='ltr'><strong><em>olim</em></strong></span> <span class='ocrx_word' id='word_1_165' title='bbox 3373 1990 3743 2058; x_wconf 82' lang='lat' dir='ltr'><strong><em>composuerit,</em></strong></span> <span class='ocrx_word' id='word_1_166' title='bbox 3776 1998 3825 2044; x_wconf 88' lang='lat' dir='ltr'><strong><em>et</em></strong></span> 
     </span>
    </p>
   </div>
   <div class='ocr_carea' id='block_1_28' title="bbox 2206 2072 3826 2149">
    <p class='ocr_par' dir='ltr' id='par_1_28' title="bbox 2206 2072 3826 2149">
     <span class='ocr_line' id='line_1_29' title="bbox 2206 2072 3826 2149; baseline 0.012 -33"><span class='ocrx_word' id='word_1_167' title='bbox 2206 2079 2345 2118; x_wconf 84' lang='lat' dir='ltr'><strong><em>nunc</em></strong></span> <span class='ocrx_word' id='word_1_168' title='bbox 2372 2082 2675 2138; x_wconf 88' lang='lat' dir='ltr'><strong><em>componere</em></strong></span> <span class='ocrx_word' id='word_1_169' title='bbox 2698 2072 2880 2141; x_wconf 85' lang='lat' dir='ltr'><strong><em>possit,</em></strong></span> <span class='ocrx_word' id='word_1_170' title='bbox 2908 2073 3025 2143; x_wconf 89' lang='lat' dir='ltr'><strong><em>ipsa</em></strong></span> <span class='ocrx_word' id='word_1_171' title='bbox 3058 2076 3241 2130; x_wconf 77' lang='lat' dir='ltr'><strong><em>veteris</em></strong></span> <span class='ocrx_word' id='word_1_172' title='bbox 3273 2076 3523 2133; x_wconf 72' lang='lat' dir='ltr'><strong><em>Ecclesiae</em></strong></span> <span class='ocrx_word' id='word_1_173' title='bbox 3546 2091 3701 2149; x_wconf 84' lang='lat' dir='ltr'><strong><em>atque</em></strong></span> <span class='ocrx_word' id='word_1_174' title='bbox 3722 2083 3826 2136; x_wconf 84' lang='lat' dir='ltr'><strong><em>rei-</em></strong></span> 
     </span>
    </p>
   </div>
   <div class='ocr_carea' id='block_1_29' title="bbox 2207 2154 3820 2241">
    <p class='ocr_par' dir='ltr' id='par_1_29' title="bbox 2207 2154 3820 2241">
     <span class='ocr_line' id='line_1_30' title="bbox 2207 2154 3820 2241; baseline 0.013 -33"><span class='ocrx_word' id='word_1_175' title='bbox 2207 2154 2425 2224; x_wconf 73' lang='lat' dir='ltr'><strong><em>publica:</em></strong></span> <span class='ocrx_word' id='word_1_176' title='bbox 2457 2158 2673 2215; x_wconf 77' lang='lat' dir='ltr'><strong><em>historia</em></strong></span> <span class='ocrx_word' id='word_1_177' title='bbox 2698 2164 3009 2235; x_wconf 87' lang='lat' dir='ltr'><strong><em>suppeditat.</em></strong></span> <span class='ocrx_word' id='word_1_178' title='bbox 3042 2164 3187 2239; x_wconf 86' lang='lat' dir='ltr'><strong><em>Ergo</em></strong></span> <span class='ocrx_word' id='word_1_179' title='bbox 3211 2184 3415 2241; x_wconf 85' lang='lat' dir='ltr'><strong><em>semper</em></strong></span> <span class='ocrx_word' id='word_1_180' title='bbox 3428 2171 3686 2241; x_wconf 76' lang='lat' dir='ltr'><strong><em>judicaei,</em></strong></span> <span class='ocrx_word' id='word_1_181' title='bbox 3723 2175 3820 2228; x_wconf 83' lang='lat' dir='ltr'><strong><em>im-</em></strong></span> 
     </span>
    </p>
   </div>
   <div class='ocr_carea' id='block_1_30' title="bbox 2210 2250 3823 2334">
    <p class='ocr_par' dir='ltr' id='par_1_30' title="bbox 2210 2250 3823 2334">
     <span class='ocr_line' id='line_1_31' title="bbox 2210 2250 3823 2334; baseline 0.011 -32"><span class='ocrx_word' id='word_1_182' title='bbox 2210 2250 2393 2319; x_wconf 88' lang='lat' dir='ltr'><strong><em>primis</em></strong></span> <span class='ocrx_word' id='word_1_183' title='bbox 2416 2252 2784 2309; x_wconf 82' lang='lat' dir='ltr'><strong><em>consulendum</em></strong></span> <span class='ocrx_word' id='word_1_184' title='bbox 2811 2256 2975 2329; x_wconf 76' lang='lat'><strong><em>338</em></strong></span> <span class='ocrx_word' id='word_1_185' title='bbox 2992 2274 3105 2313; x_wconf 91' lang='lat' dir='ltr'><strong><em>esse</em></strong></span> <span class='ocrx_word' id='word_1_186' title='bbox 3128 2261 3417 2325; x_wconf 90' lang='lat' dir='ltr'><strong><em>sapientem</em></strong></span> <span class='ocrx_word' id='word_1_187' title='bbox 3442 2273 3491 2317; x_wconf 91' lang='lat' dir='ltr'><strong><em>et</em></strong></span> <span class='ocrx_word' id='word_1_188' title='bbox 3514 2264 3823 2334; x_wconf 79' lang='lat' dir='ltr'><strong><em>religiosam</em></strong></span> 
     </span>
    </p>
   </div>
   <div class='ocr_carea' id='block_1_31' title="bbox 2209 2344 3828 2426">
    <p class='ocr_par' dir='ltr' id='par_1_31' title="bbox 2209 2344 3828 2426">
     <span class='ocr_line' id='line_1_32' title="bbox 2209 2344 3828 2426; baseline 0.011 -32"><span class='ocrx_word' id='word_1_189' title='bbox 2209 2344 2563 2412; x_wconf 88' lang='lat' dir='ltr'><strong><em>antiquitatem</em></strong></span> <span class='ocrx_word' id='word_1_190' title='bbox 2603 2363 2622 2401; x_wconf 87' lang='lat'><strong><em>:</em></strong></span> <span class='ocrx_word' id='word_1_191' title='bbox 2662 2363 2826 2418; x_wconf 78' lang='lat' dir='ltr'><strong><em>neque</em></strong></span> <span class='ocrx_word' id='word_1_192' title='bbox 2862 2360 3107 2421; x_wconf 66' lang='lat' dir='ltr'><strong><em>praeterea</em></strong></span> <span class='ocrx_word' id='word_1_193' title='bbox 3141 2361 3344 2406; x_wconf 90' lang='lat' dir='ltr'><strong><em>tantum</em></strong></span> <span class='ocrx_word' id='word_1_194' title='bbox 3370 2354 3499 2409; x_wconf 89' lang='lat' dir='ltr'><strong><em>mihi</em></strong></span> <span class='ocrx_word' id='word_1_195' title='bbox 3525 2372 3739 2426; x_wconf 85' lang='lat' dir='ltr'><strong><em>arrogo,</em></strong></span> <span class='ocrx_word' id='word_1_196' title='bbox 3768 2367 3828 2412; x_wconf 72' lang='lat' dir='ltr'><strong><em>ut</em></strong></span> 
     </span>
    </p>
   </div>
   <div class='ocr_carea' id='block_1_32' title="bbox 2210 2432 3827 2518">
    <p class='ocr_par' dir='ltr' id='par_1_32' title="bbox 2210 2432 3827 2518">
     <span class='ocr_line' id='line_1_33' title="bbox 2210 2432 3827 2518; baseline 0.012 -33"><span class='ocrx_word' id='word_1_197' title='bbox 2210 2432 2275 2487; x_wconf 85' lang='lat' dir='ltr'><strong><em>de</em></strong></span> <span class='ocrx_word' id='word_1_198' title='bbox 2306 2451 2364 2490; x_wconf 88' lang='lat' dir='ltr'><strong><em>re</em></strong></span> <span class='ocrx_word' id='word_1_199' title='bbox 2392 2445 2537 2493; x_wconf 87' lang='lat' dir='ltr'><strong><em>tanta</em></strong></span> <span class='ocrx_word' id='word_1_200' title='bbox 2573 2441 2876 2495; x_wconf 89' lang='lat' dir='ltr'><strong><em>sententiam</em></strong></span> <span class='ocrx_word' id='word_1_201' title='bbox 2913 2442 3084 2496; x_wconf 85' lang='lat' dir='ltr'><strong><em>dicere</em></strong></span> <span class='ocrx_word' id='word_1_202' title='bbox 3122 2460 3294 2498; x_wconf 89' lang='lat' dir='ltr'><strong><em>meam</em></strong></span> <span class='ocrx_word' id='word_1_203' title='bbox 3324 2445 3480 2499; x_wconf 74' lang='lat' dir='ltr'><strong><em>velim</em></strong></span> <span class='ocrx_word' id='word_1_204' title='bbox 3521 2464 3542 2501; x_wconf 91' lang='lat'><em>:</em></span> <span class='ocrx_word' id='word_1_205' title='bbox 3586 2465 3749 2518; x_wconf 81' lang='lat' dir='ltr'><strong><em>neque</em></strong></span> <span class='ocrx_word' id='word_1_206' title='bbox 3785 2452 3827 2505; x_wconf 86' lang='lat' dir='ltr'><strong><em>si</em></strong></span> 
     </span>
    </p>
   </div>
   <div class='ocr_carea' id='block_1_33' title="bbox 2211 2528 3828 2603">
    <p class='ocr_par' dir='ltr' id='par_1_33' title="bbox 2211 2528 3828 2603">
     <span class='ocr_line' id='line_1_34' title="bbox 2211 2528 3828 2603; baseline 0.011 -26"><span class='ocrx_word' id='word_1_207' title='bbox 2211 2532 2411 2580; x_wconf 89' lang='lat' dir='ltr'><strong><em>tantum</em></strong></span> <span class='ocrx_word' id='word_1_208' title='bbox 2437 2528 2568 2582; x_wconf 89' lang='lat' dir='ltr'><strong><em>mihi</em></strong></span> <span class='ocrx_word' id='word_1_209' title='bbox 2593 2546 2812 2599; x_wconf 88' lang='lat' dir='ltr'><strong><em>sumam,</em></strong></span> <span class='ocrx_word' id='word_1_210' title='bbox 2840 2533 2936 2586; x_wconf 89' lang='lat' dir='ltr'><strong><em>sim</em></strong></span> <span class='ocrx_word' id='word_1_211' title='bbox 2962 2532 3230 2603; x_wconf 88' lang='lat' dir='ltr'><strong><em>ferendus.</em></strong></span> <span class='ocrx_word' id='word_1_212' title='bbox 3262 2535 3291 2589; x_wconf 88' lang='grc' dir='ltr'><em>Ι</em></span> <span class='ocrx_word' id='word_1_213' title='bbox 3301 2535 3417 2589; x_wconf 88' lang='lat' dir='ltr'><strong><em>llud</em></strong></span> <span class='ocrx_word' id='word_1_214' title='bbox 3442 2541 3598 2592; x_wconf 87' lang='lat' dir='ltr'><strong><em>modo</em></strong></span> <span class='ocrx_word' id='word_1_215' title='bbox 3623 2540 3828 2595; x_wconf 85' lang='lat' dir='ltr'><strong><em>dicam:</em></strong></span> 
     </span>
    </p>
   </div>
   <div class='ocr_carea' id='block_1_34' title="bbox 2212 2617 3826 2708">
    <p class='ocr_par' dir='ltr' id='par_1_34' title="bbox 2212 2617 3826 2708">
     <span class='ocr_line' id='line_1_35' title="bbox 2212 2617 3826 2708; baseline 0.011 -37"><span class='ocrx_word' id='word_1_216' title='bbox 2212 2617 2257 2708; x_wconf 50' lang='grc' dir='ltr'><strong><em>δέ</em></strong></span> <span class='ocrx_word' id='word_1_217' title='bbox 2270 2619 2454 2708; x_wconf 79' lang='lat' dir='ltr'><strong><em>quales</em></strong></span> <span class='ocrx_word' id='word_1_218' title='bbox 2481 2621 2602 2675; x_wconf 84' lang='lat' dir='ltr'><strong><em>olim</em></strong></span> <span class='ocrx_word' id='word_1_219' title='bbox 2622 2622 2956 2679; x_wconf 81' lang='lat' dir='ltr'><strong><em>Marcellinos</em></strong></span> <span class='ocrx_word' id='word_1_220' title='bbox 2978 2626 3397 2699; x_wconf 81' lang='lat' dir='ltr'><strong><em>Augustinosque</em></strong></span> <span class='ocrx_word' id='word_1_221' title='bbox 3416 2630 3600 2685; x_wconf 78' lang='lat' dir='ltr'><strong><em>habuit</em></strong></span> <span class='ocrx_word' id='word_1_222' title='bbox 3623 2633 3826 2704; x_wconf 76' lang='lat' dir='ltr'><strong><em>Africa,</em></strong></span> 
     </span>
    </p>
   </div>
   <div class='ocr_carea' id='block_1_35' title="bbox 2212 2706 3831 2794">
    <p class='ocr_par' dir='ltr' id='par_1_35' title="bbox 2212 2706 3831 2794">
     <span class='ocr_line' id='line_1_36' title="bbox 2212 2706 3831 2794; baseline 0.011 -29"><span class='ocrx_word' id='word_1_223' title='bbox 2212 2706 2350 2767; x_wconf 85' lang='lat' dir='ltr'><strong><em>nunc</em></strong></span> <span class='ocrx_word' id='word_1_224' title='bbox 2379 2714 2582 2769; x_wconf 81' lang='lat' dir='ltr'><strong><em>haberet</em></strong></span> <span class='ocrx_word' id='word_1_225' title='bbox 2625 2715 2820 2783; x_wconf 79' lang='lat' dir='ltr'><strong><em>Callia,</em></strong></span> <span class='ocrx_word' id='word_1_226' title='bbox 2854 2737 3095 2790; x_wconf 89' lang='lat' dir='ltr'><strong><em>magnam</em></strong></span> <span class='ocrx_word' id='word_1_227' title='bbox 3122 2725 3325 2794; x_wconf 88' lang='lat' dir='ltr'><strong><em>sperari</em></strong></span> <span class='ocrx_word' id='word_1_228' title='bbox 3350 2742 3506 2794; x_wconf 82' lang='lat' dir='ltr'><strong><em>posse</em></strong></span> <span class='ocrx_word' id='word_1_229' title='bbox 3530 2727 3831 2782; x_wconf 69' lang='lat' dir='ltr'><strong><em>levationem</em></strong></span> 
     </span>
    </p>
   </div>
   <div class='ocr_carea' id='block_1_36' title="bbox 2212 2809 3834 2886">
    <p class='ocr_par' dir='ltr' id='par_1_36' title="bbox 2212 2809 3834 2886">
     <span class='ocr_line' id='line_1_37' title="bbox 2212 2809 3834 2886; baseline 0.008 -25"><span class='ocrx_word' id='word_1_230' title='bbox 2212 2822 2389 2861; x_wconf 90' lang='lat' dir='ltr'><strong><em>eorum</em></strong></span> <span class='ocrx_word' id='word_1_231' title='bbox 2410 2809 2681 2876; x_wconf 84' lang='lat' dir='ltr'><strong><em>malorum,</em></strong></span> <span class='ocrx_word' id='word_1_232' title='bbox 2709 2812 2894 2881; x_wconf 86' lang='lat' dir='ltr'><strong><em>quibus</em></strong></span> <span class='ocrx_word' id='word_1_233' title='bbox 2918 2830 3055 2867; x_wconf 90' lang='lat' dir='ltr'><strong><em>nunc</em></strong></span> <span class='ocrx_word' id='word_1_234' title='bbox 3074 2815 3366 2882; x_wconf 86' lang='lat' dir='ltr'><strong><em>respublica</em></strong></span> <span class='ocrx_word' id='word_1_235' title='bbox 3392 2820 3667 2885; x_wconf 83' lang='lat' dir='ltr'><strong><em>premitur.</em></strong></span> <span class='ocrx_word' id='word_1_236' title='bbox 3693 2819 3834 2886; x_wconf 70' lang='lat' dir='ltr'><strong><em>Quid</em></strong></span> 
     </span>
    </p>
   </div>
   <div class='ocr_carea' id='block_1_37' title="bbox 2217 2902 3837 2979">
    <p class='ocr_par' dir='ltr' id='par_1_37' title="bbox 2217 2902 3837 2979">
     <span class='ocr_line' id='line_1_38' title="bbox 2217 2902 3837 2979; baseline 0.008 -27"><span class='ocrx_word' id='word_1_237' title='bbox 2217 2908 2389 2952; x_wconf 89' lang='lat' dir='ltr'><strong><em>autem</em></strong></span> <span class='ocrx_word' id='word_1_238' title='bbox 2416 2902 2590 2971; x_wconf 88' lang='lat' dir='ltr'><strong><em>magni</em></strong></span> <span class='ocrx_word' id='word_1_239' title='bbox 2625 2902 2707 2955; x_wconf 87' lang='lat' dir='ltr'><strong><em>illi</em></strong></span> <span class='ocrx_word' id='word_1_240' title='bbox 2734 2904 2831 2957; x_wconf 77' lang='lat' dir='ltr'><strong><em>viri</em></strong></span> <span class='ocrx_word' id='word_1_241' title='bbox 2869 2912 2914 2958; x_wconf 92' lang='lat' dir='ltr'><strong><em>et</em></strong></span> <span class='ocrx_word' id='word_1_242' title='bbox 2944 2904 3097 2959; x_wconf 81' lang='lat' dir='ltr'><strong><em>veluti</em></strong></span> <span class='ocrx_word' id='word_1_243' title='bbox 3128 2904 3325 2962; x_wconf 85' lang='lat' dir='ltr'><strong><em>Heroes</em></strong></span> <span class='ocrx_word' id='word_1_244' title='bbox 3360 2911 3602 2979; x_wconf 76' lang='lat' dir='ltr'><strong><em>fecerint,</em></strong></span> <span class='ocrx_word' id='word_1_245' title='bbox 3646 2913 3837 2965; x_wconf 73' lang='lat' dir='ltr'><strong><em>tumul-</em></strong></span> 
     </span>
    </p>
   </div>
   <div class='ocr_carea' id='block_1_38' title="bbox 2220 2990 3833 3071">
    <p class='ocr_par' dir='ltr' id='par_1_38' title="bbox 2220 2990 3833 3071">
     <span class='ocr_line' id='line_1_39' title="bbox 2220 2990 3833 3071; baseline 0.007 -28"><span class='ocrx_word' id='word_1_246' title='bbox 2220 2990 2479 3046; x_wconf 89' lang='lat' dir='ltr'><strong><em>tuantibus</em></strong></span> <span class='ocrx_word' id='word_1_247' title='bbox 2504 2994 2558 3046; x_wconf 89' lang='lat' dir='ltr'><strong><em>in</em></strong></span> <span class='ocrx_word' id='word_1_248' title='bbox 2588 2994 2766 3065; x_wconf 80' lang='lat' dir='ltr'><strong><em>Africa</em></strong></span> <span class='ocrx_word' id='word_1_249' title='bbox 2805 2993 3114 3064; x_wconf 85' lang='lat' dir='ltr'><strong><em>Donatistis,</em></strong></span> <span class='ocrx_word' id='word_1_250' title='bbox 3144 3009 3192 3052; x_wconf 91' lang='lat' dir='ltr'><strong><em>et</em></strong></span> <span class='ocrx_word' id='word_1_251' title='bbox 3223 3016 3385 3071; x_wconf 87' lang='lat' dir='ltr'><strong><em>quam</em></strong></span> <span class='ocrx_word' id='word_1_252' title='bbox 3410 3002 3576 3055; x_wconf 82' lang='lat' dir='ltr'><strong><em>secuti</em></strong></span> <span class='ocrx_word' id='word_1_253' title='bbox 3612 3002 3717 3056; x_wconf 83' lang='lat' dir='ltr'><strong><em>sint</em></strong></span> <span class='ocrx_word' id='word_1_254' title='bbox 3742 3018 3833 3055; x_wconf 87' lang='lat' dir='ltr'><strong><em>ra-</em></strong></span> 
     </span>
    </p>
   </div>
   <div class='ocr_carea' id='block_1_39' title="bbox 2220 3084 3836 3166">
    <p class='ocr_par' dir='ltr' id='par_1_39' title="bbox 2220 3084 3836 3166">
     <span class='ocr_line' id='line_1_40' title="bbox 2220 3084 3836 3166; baseline 0.007 -29"><span class='ocrx_word' id='word_1_255' title='bbox 2220 3084 2408 3138; x_wconf 84' lang='lat' dir='ltr'><strong><em>tionem</em></strong></span> <span class='ocrx_word' id='word_1_256' title='bbox 2433 3101 2611 3140; x_wconf 88' lang='lat' dir='ltr'><strong><em>eorum</em></strong></span> <span class='ocrx_word' id='word_1_257' title='bbox 2636 3087 3077 3157; x_wconf 79' lang='lat' dir='ltr'><strong><em>revincendorum,</em></strong></span> <span class='ocrx_word' id='word_1_258' title='bbox 3106 3101 3162 3144; x_wconf 90' lang='lat' dir='ltr'><strong><em>ut</em></strong></span> <span class='ocrx_word' id='word_1_259' title='bbox 3189 3094 3360 3163; x_wconf 90' lang='lat' dir='ltr'><strong><em>magis</em></strong></span> <span class='ocrx_word' id='word_1_260' title='bbox 3390 3094 3754 3166; x_wconf 79' lang='lat' dir='ltr'><strong><em>intelligerent,</em></strong></span> <span class='ocrx_word' id='word_1_261' title='bbox 3782 3106 3836 3149; x_wconf 77' lang='lat' dir='ltr'><strong><em>tu</em></strong></span> 
     </span>
    </p>
   </div>
   <div class='ocr_carea' id='block_1_40' title="bbox 512 3171 3838 3257">
    <p class='ocr_par' dir='ltr' id='par_1_40' title="bbox 512 3171 3838 3257">
     <span class='ocr_line' id='line_1_41' title="bbox 512 3171 3838 3257; baseline 0.002 -23"><span class='ocrx_word' id='word_1_262' title='bbox 512 3178 711 3234; x_wconf 87' lang='lat' dir='ltr'><strong><em>stabilis</em></strong></span> <span class='ocrx_word' id='word_1_263' title='bbox 733 3194 839 3235; x_wconf 90' lang='lat' dir='ltr'><strong><em>esse</em></strong></span> <span class='ocrx_word' id='word_1_264' title='bbox 861 3186 1043 3250; x_wconf 87' lang='lat' dir='ltr'><strong><em>potest,</em></strong></span> <span class='ocrx_word' id='word_1_265' title='bbox 1072 3192 1235 3248; x_wconf 88' lang='lat' dir='ltr'><strong><em>neque</em></strong></span> <span class='ocrx_word' id='word_1_266' title='bbox 1261 3186 1314 3230; x_wconf 90' lang='lat' dir='ltr'><strong><em>ut</em></strong></span> <span class='ocrx_word' id='word_1_267' title='bbox 1336 3176 1606 3245; x_wconf 85' lang='lat' dir='ltr'><strong><em>quisquam</em></strong></span> <span class='ocrx_word' id='word_1_268' title='bbox 1631 3190 1741 3229; x_wconf 89' lang='lat' dir='ltr'><strong><em>esse</em></strong></span> <span class='ocrx_word' id='word_1_269' title='bbox 1762 3172 1943 3243; x_wconf 88' lang='lat' dir='ltr'><strong><em>possit,</em></strong></span> <span class='ocrx_word' id='word_1_270' title='bbox 1969 3171 2118 3226; x_wconf 82' lang='lat' dir='ltr'><strong><em>valde</em></strong></span> <span class='ocrx_word' id='word_1_271' title='bbox 2148 3184 2197 3245; x_wconf 81' lang='grc' dir='ltr'><strong>Β</strong></span> <span class='ocrx_word' id='word_1_272' title='bbox 2224 3175 2336 3242; x_wconf 88' lang='lat' dir='ltr'><strong><em>ipse</em></strong></span> <span class='ocrx_word' id='word_1_273' title='bbox 2380 3176 2566 3247; x_wconf 82' lang='lat' dir='ltr'><strong><em>fecisti,</em></strong></span> <span class='ocrx_word' id='word_1_274' title='bbox 2611 3178 2698 3248; x_wconf 89' lang='lat' dir='ltr'><strong><em>qui</em></strong></span> <span class='ocrx_word' id='word_1_275' title='bbox 2740 3179 2868 3233; x_wconf 81' lang='lat' dir='ltr'><strong><em>mihi</em></strong></span> <span class='ocrx_word' id='word_1_276' title='bbox 2910 3181 3197 3235; x_wconf 84' lang='lat' dir='ltr'><strong><em>collationis</em></strong></span> <span class='ocrx_word' id='word_1_277' title='bbox 3242 3180 3682 3257; x_wconf 85' lang='lat' dir='ltr'><strong><em>Carthaginensis</em></strong></span> <span class='ocrx_word' id='word_1_278' title='bbox 3726 3196 3838 3240; x_wconf 80' lang='lat' dir='ltr'><strong><em>acta</em></strong></span> 
     </span>
    </p>
   </div>
   <div class='ocr_carea' id='block_1_41' title="bbox 514 3262 2119 3341">
    <p class='ocr_par' dir='ltr' id='par_1_41' title="bbox 514 3262 2119 3341">
     <span class='ocr_line' id='line_1_42' title="bbox 514 3262 2119 3341; baseline -0.006 -16"><span class='ocrx_word' id='word_1_279' title='bbox 514 3269 802 3341; x_wconf 87' lang='lat' dir='ltr'><strong><em>optandum</em></strong></span> <span class='ocrx_word' id='word_1_280' title='bbox 833 3278 931 3334; x_wconf 89' lang='lat' dir='ltr'><strong><em>est,</em></strong></span> <span class='ocrx_word' id='word_1_281' title='bbox 966 3269 1010 3322; x_wconf 94' lang='lat' dir='ltr'><strong><em>si</em></strong></span> <span class='ocrx_word' id='word_1_282' title='bbox 1036 3268 1189 3323; x_wconf 89' lang='lat' dir='ltr'><strong><em>modo</em></strong></span> <span class='ocrx_word' id='word_1_283' title='bbox 1210 3267 1324 3339; x_wconf 88' lang='lat' dir='ltr'><strong><em>quis</em></strong></span> <span class='ocrx_word' id='word_1_284' title='bbox 1345 3283 1453 3322; x_wconf 89' lang='lat' dir='ltr'><strong><em>esse</em></strong></span> <span class='ocrx_word' id='word_1_285' title='bbox 1479 3265 1656 3320; x_wconf 79' lang='lat' dir='ltr'><strong><em>debeat</em></strong></span> <span class='ocrx_word' id='word_1_286' title='bbox 1678 3264 1799 3334; x_wconf 77' lang='lat' dir='ltr'><strong><em>ﬁnis</em></strong></span> <span class='ocrx_word' id='word_1_287' title='bbox 1824 3280 1997 3318; x_wconf 89' lang='lat' dir='ltr'><strong><em>rerum</em></strong></span> <span class='ocrx_word' id='word_1_288' title='bbox 2017 3262 2119 3316; x_wconf 83' lang='lat' dir='ltr'><strong><em>hu-</em></strong></span> 
     </span>
    </p>
   </div>
   <div class='ocr_carea' id='block_1_42' title="bbox 518 3358 2126 3429">
    <p class='ocr_par' dir='ltr' id='par_1_42' title="bbox 518 3358 2126 3429">
     <span class='ocr_line' id='line_1_43' title="bbox 518 3358 2126 3429; baseline -0.006 -11"><span class='ocrx_word' id='word_1_289' title='bbox 518 3380 812 3429; x_wconf 89' lang='lat' dir='ltr'><strong><em>manarum,</em></strong></span> <span class='ocrx_word' id='word_1_290' title='bbox 859 3362 1268 3417; x_wconf 88' lang='lat' dir='ltr'><strong><em>meminerimus.</em></strong></span> <span class='ocrx_word' id='word_1_291' title='bbox 1301 3358 1489 3415; x_wconf 84' lang='lat' dir='ltr'><strong><em>Fuisse</em></strong></span> <span class='ocrx_word' id='word_1_292' title='bbox 1526 3368 1699 3413; x_wconf 90' lang='lat' dir='ltr'><strong><em>autem</em></strong></span> <span class='ocrx_word' id='word_1_293' title='bbox 1737 3372 1935 3429; x_wconf 87' lang='lat' dir='ltr'><strong><em>semper</em></strong></span> <span class='ocrx_word' id='word_1_294' title='bbox 1957 3359 2126 3429; x_wconf 85' lang='lat' dir='ltr'><strong><em>majo-</em></strong></span> 
     </span>
    </p>
   </div>
   <div class='ocr_carea' id='block_1_43' title="bbox 518 3448 2121 3521">
    <p class='ocr_par' dir='ltr' id='par_1_43' title="bbox 518 3448 2121 3521">
     <span class='ocr_line' id='line_1_44' title="bbox 518 3448 2121 3521; baseline -0.006 -13"><span class='ocrx_word' id='word_1_295' title='bbox 518 3472 600 3510; x_wconf 88' lang='lat' dir='ltr'><strong><em>res</em></strong></span> <span class='ocrx_word' id='word_1_296' title='bbox 632 3454 885 3509; x_wconf 78' lang='lat' dir='ltr'><strong><em>Ecclesia:</em></strong></span> <span class='ocrx_word' id='word_1_297' title='bbox 914 3471 1069 3521; x_wconf 89' lang='lat' dir='ltr'><strong><em>quam</em></strong></span> <span class='ocrx_word' id='word_1_298' title='bbox 1104 3452 1402 3520; x_wconf 73' lang='lat' dir='ltr'><strong><em>reipublicae</em></strong></span> <span class='ocrx_word' id='word_1_299' title='bbox 1435 3450 1558 3504; x_wconf 85' lang='lat' dir='ltr'><strong><em>bene</em></strong></span> <span class='ocrx_word' id='word_1_300' title='bbox 1590 3448 1957 3503; x_wconf 68' lang='lat' dir='ltr'><strong><em>constituendae</em></strong></span> <span class='ocrx_word' id='word_1_301' title='bbox 1982 3448 2121 3518; x_wconf 85' lang='lat' dir='ltr'><strong><em>difﬁ—</em></strong></span> 
     </span>
    </p>
   </div>
   <div class='ocr_carea' id='block_1_44' title="bbox 526 3539 2127 3616">
    <p class='ocr_par' dir='ltr' id='par_1_44' title="bbox 526 3539 2127 3616">
     <span class='ocr_line' id='line_1_45' title="bbox 526 3539 2127 3616; baseline -0.007 -13"><span class='ocrx_word' id='word_1_302' title='bbox 526 3548 746 3603; x_wconf 87' lang='lat' dir='ltr'><strong><em>cultates</em></strong></span> <span class='ocrx_word' id='word_1_303' title='bbox 773 3562 875 3601; x_wconf 89' lang='lat' dir='ltr'><strong><em>non</em></strong></span> <span class='ocrx_word' id='word_1_304' title='bbox 902 3560 1172 3616; x_wconf 86' lang='lat' dir='ltr'><strong><em>negamus,</em></strong></span> <span class='ocrx_word' id='word_1_305' title='bbox 1204 3558 1367 3613; x_wconf 88' lang='lat' dir='ltr'><strong><em>neque</em></strong></span> <span class='ocrx_word' id='word_1_306' title='bbox 1393 3542 1449 3595; x_wconf 90' lang='lat' dir='ltr'><strong><em>in</em></strong></span> <span class='ocrx_word' id='word_1_307' title='bbox 1474 3542 1573 3595; x_wconf 91' lang='lat' dir='ltr'><strong><em>ista</em></strong></span> <span class='ocrx_word' id='word_1_308' title='bbox 1599 3541 1829 3610; x_wconf 88' lang='lat' dir='ltr'><strong><em>corrupti</em></strong></span> <span class='ocrx_word' id='word_1_309' title='bbox 1861 3539 1996 3594; x_wconf 90' lang='lat' dir='ltr'><strong><em>orbis</em></strong></span> <span class='ocrx_word' id='word_1_310' title='bbox 2021 3548 2127 3593; x_wconf 86' lang='lat' dir='ltr'><strong><em>ter-</em></strong></span> 
     </span>
    </p>
   </div>
   <div class='ocr_carea' id='block_1_45' title="bbox 521 3632 2126 3713">
    <p class='ocr_par' dir='ltr' id='par_1_45' title="bbox 521 3632 2126 3713">
     <span class='ocr_line' id='line_1_46' title="bbox 521 3632 2126 3713; baseline -0.008 -15"><span class='ocrx_word' id='word_1_311' title='bbox 521 3658 703 3698; x_wconf 89' lang='lat' dir='ltr'><strong><em>rarum</em></strong></span> <span class='ocrx_word' id='word_1_312' title='bbox 727 3640 1021 3695; x_wconf 78' lang='lat' dir='ltr'><strong><em>colluvione</em></strong></span> <span class='ocrx_word' id='word_1_313' title='bbox 1051 3638 1303 3691; x_wconf 89' lang='lat' dir='ltr'><strong><em>miramur</em></strong></span> <span class='ocrx_word' id='word_1_314' title='bbox 1328 3644 1430 3689; x_wconf 91' lang='lat' dir='ltr'><strong><em>tam</em></strong></span> <span class='ocrx_word' id='word_1_315' title='bbox 1464 3649 1682 3713; x_wconf 73' lang='lat' dir='ltr'><strong><em>magnas</em></strong></span> <span class='ocrx_word' id='word_1_316' title='bbox 1718 3649 1917 3704; x_wconf 88' lang='lat' dir='ltr'><strong><em>semper</em></strong></span> <span class='ocrx_word' id='word_1_317' title='bbox 1948 3632 2126 3704; x_wconf 83' lang='lat' dir='ltr'><strong><em>fuisse,</em></strong></span> 
     </span>
    </p>
   </div>
   <div class='ocr_carea' id='block_1_46' title="bbox 524 3722 2132 3798">
    <p class='ocr_par' dir='ltr' id='par_1_46' title="bbox 524 3722 2132 3798">
     <span class='ocr_line' id='line_1_47' title="bbox 524 3722 2132 3798; baseline -0.008 -9"><span class='ocrx_word' id='word_1_318' title='bbox 524 3751 641 3789; x_wconf 89' lang='lat' dir='ltr'><strong><em>cum</em></strong></span> <span class='ocrx_word' id='word_1_319' title='bbox 672 3736 954 3788; x_wconf 86' lang='lat' dir='ltr'><strong><em>etiamnum</em></strong></span> <span class='ocrx_word' id='word_1_320' title='bbox 983 3729 1231 3785; x_wconf 88' lang='lat' dir='ltr'><strong><em>acerrime</em></strong></span> <span class='ocrx_word' id='word_1_321' title='bbox 1253 3726 1584 3798; x_wconf 87' lang='lat' dir='ltr'><strong><em>disceptetur,</em></strong></span> <span class='ocrx_word' id='word_1_322' title='bbox 1613 3724 1738 3797; x_wconf 91' lang='lat' dir='ltr'><strong><em>quid</em></strong></span> <span class='ocrx_word' id='word_1_323' title='bbox 1767 3734 1812 3779; x_wconf 90' lang='lat' dir='ltr'><strong><em>et</em></strong></span> <span class='ocrx_word' id='word_1_324' title='bbox 1840 3724 1926 3777; x_wconf 89' lang='lat' dir='ltr'><strong><em>ubi</em></strong></span> <span class='ocrx_word' id='word_1_325' title='bbox 1954 3722 2132 3777; x_wconf 83' lang='lat' dir='ltr'><strong><em>Eccle-</em></strong></span> 
     </span>
    </p>
   </div>
   <div class='ocr_carea' id='block_1_47' title="bbox 528 3816 2133 3895">
    <p class='ocr_par' dir='ltr' id='par_1_47' title="bbox 528 3816 2133 3895">
     <span class='ocr_line' id='line_1_48' title="bbox 528 3816 2133 3895; baseline -0.007 -15"><span class='ocrx_word' id='word_1_326' title='bbox 528 3828 608 3881; x_wconf 89' lang='lat' dir='ltr'><strong><em>sia</em></strong></span> <span class='ocrx_word' id='word_1_327' title='bbox 636 3827 723 3890; x_wconf 88' lang='lat' dir='ltr'><strong><em>sit,</em></strong></span> <span class='ocrx_word' id='word_1_328' title='bbox 761 3835 807 3879; x_wconf 89' lang='lat' dir='ltr'><strong><em>et</em></strong></span> <span class='ocrx_word' id='word_1_329' title='bbox 839 3839 1076 3895; x_wconf 65' lang='lat' dir='ltr'><strong><em>quanam</em></strong></span> <span class='ocrx_word' id='word_1_330' title='bbox 1112 3831 1201 3875; x_wconf 90' lang='lat' dir='ltr'><strong><em>aut</em></strong></span> <span class='ocrx_word' id='word_1_331' title='bbox 1239 3836 1301 3874; x_wconf 90' lang='lat' dir='ltr'><strong><em>ea</em></strong></span> <span class='ocrx_word' id='word_1_332' title='bbox 1325 3820 1409 3885; x_wconf 88' lang='lat' dir='ltr'><strong><em>sit,</em></strong></span> <span class='ocrx_word' id='word_1_333' title='bbox 1441 3827 1532 3872; x_wconf 88' lang='lat' dir='ltr'><strong><em>aut</em></strong></span> <span class='ocrx_word' id='word_1_334' title='bbox 1558 3818 1671 3888; x_wconf 88' lang='lat' dir='ltr'><strong><em>ejus</em></strong></span> <span class='ocrx_word' id='word_1_335' title='bbox 1697 3818 1866 3889; x_wconf 90' lang='lat' dir='ltr'><strong><em>forma</em></strong></span> <span class='ocrx_word' id='word_1_336' title='bbox 1908 3832 2017 3872; x_wconf 86' lang='lat' dir='ltr'><strong><em>esse</em></strong></span> <span class='ocrx_word' id='word_1_337' title='bbox 2042 3816 2133 3870; x_wconf 88' lang='lat' dir='ltr'><strong><em>de-</em></strong></span> 
     </span>
    </p>
   </div>
   <div class='ocr_carea' id='block_1_48' title="bbox 532 3911 2137 3983">
    <p class='ocr_par' dir='ltr' id='par_1_48' title="bbox 532 3911 2137 3983">
     <span class='ocr_line' id='line_1_49' title="bbox 532 3911 2137 3983; baseline -0.004 -11"><span class='ocrx_word' id='word_1_338' title='bbox 532 3918 665 3972; x_wconf 91' lang='lat' dir='ltr'><strong><em>beat.</em></strong></span> <span class='ocrx_word' id='word_1_339' title='bbox 699 3915 829 3970; x_wconf 73' lang='lat' dir='ltr'><strong><em>Hatc</em></strong></span> <span class='ocrx_word' id='word_1_340' title='bbox 876 3930 996 3970; x_wconf 78' lang='lat' dir='ltr'><strong><em>vero</em></strong></span> <span class='ocrx_word' id='word_1_341' title='bbox 1036 3914 1251 3983; x_wconf 72' lang='lat' dir='ltr'><strong><em>quwstio</em></strong></span> <span class='ocrx_word' id='word_1_342' title='bbox 1289 3920 1429 3966; x_wconf 91' lang='lat' dir='ltr'><strong><em>tanto</em></strong></span> <span class='ocrx_word' id='word_1_343' title='bbox 1457 3914 1627 3982; x_wconf 87' lang='lat' dir='ltr'><strong><em>major</em></strong></span> <span class='ocrx_word' id='word_1_344' title='bbox 1652 3921 1743 3977; x_wconf 91' lang='lat' dir='ltr'><strong><em>est,</em></strong></span> <span class='ocrx_word' id='word_1_345' title='bbox 1785 3927 1885 3980; x_wconf 93' lang='lat' dir='ltr'><strong><em>quo</em></strong></span> <span class='ocrx_word' id='word_1_346' title='bbox 1924 3911 2137 3983; x_wconf 86' lang='lat' dir='ltr'><strong><em>majoris</em></strong></span> 
     </span>
    </p>
   </div>
   <div class='ocr_carea' id='block_1_49' title="bbox 532 4004 2139 4082">
    <p class='ocr_par' dir='ltr' id='par_1_49' title="bbox 532 4004 2139 4082">
     <span class='ocr_line' id='line_1_50' title="bbox 532 4004 2139 4082; baseline -0.005 -15"><span class='ocrx_word' id='word_1_347' title='bbox 532 4011 776 4082; x_wconf 89' lang='lat' dir='ltr'><strong><em>ponderis</em></strong></span> <span class='ocrx_word' id='word_1_348' title='bbox 796 4019 845 4064; x_wconf 90' lang='lat' dir='ltr'><strong><em>et</em></strong></span> <span class='ocrx_word' id='word_1_349' title='bbox 875 4009 1119 4064; x_wconf 88' lang='lat' dir='ltr'><strong><em>momenti</em></strong></span> <span class='ocrx_word' id='word_1_350' title='bbox 1153 4023 1261 4063; x_wconf 89' lang='lat' dir='ltr'><strong><em>rem</em></strong></span> <span class='ocrx_word' id='word_1_351' title='bbox 1286 4022 1396 4062; x_wconf 90' lang='lat' dir='ltr'><strong><em>esse</em></strong></span> <span class='ocrx_word' id='word_1_352' title='bbox 1435 4014 1634 4061; x_wconf 88' lang='lat' dir='ltr'><strong><em>constat</em></strong></span> <span class='ocrx_word' id='word_1_353' title='bbox 1666 4021 1685 4060; x_wconf 89' lang='lat'><strong><em>:</em></strong></span> <span class='ocrx_word' id='word_1_354' title='bbox 1710 4016 1755 4060; x_wconf 91' lang='lat' dir='ltr'><strong><em>et</em></strong></span> <span class='ocrx_word' id='word_1_355' title='bbox 1785 4004 2034 4060; x_wconf 75' lang='lat' dir='ltr'><strong><em>Ecclesia:</em></strong></span> <span class='ocrx_word' id='word_1_356' title='bbox 2054 4023 2139 4059; x_wconf 87' lang='lat' dir='ltr'><strong><em>sa-</em></strong></span> 
     </span>
    </p>
   </div>
   <div class='ocr_carea' id='block_1_50' title="bbox 531 4097 2139 4174">
    <p class='ocr_par' dir='ltr' id='par_1_50' title="bbox 531 4097 2139 4174">
     <span class='ocr_line' id='line_1_51' title="bbox 531 4097 2139 4174; baseline -0.006 -14"><span class='ocrx_word' id='word_1_357' title='bbox 531 4106 656 4170; x_wconf 89' lang='lat' dir='ltr'><strong><em>lute,</em></strong></span> <span class='ocrx_word' id='word_1_358' title='bbox 678 4101 975 4174; x_wconf 79' lang='lat' dir='ltr'><strong><em>reipublica:</em></strong></span> <span class='ocrx_word' id='word_1_359' title='bbox 1003 4100 1219 4155; x_wconf 89' lang='lat' dir='ltr'><strong><em>salutem</em></strong></span> <span class='ocrx_word' id='word_1_360' title='bbox 1248 4100 1498 4154; x_wconf 88' lang='lat' dir='ltr'><strong><em>contineri</em></strong></span> <span class='ocrx_word' id='word_1_361' title='bbox 1539 4098 1615 4169; x_wconf 87' lang='lat' dir='ltr'><strong><em>(ut</em></strong></span> <span class='ocrx_word' id='word_1_362' title='bbox 1642 4107 1689 4153; x_wconf 92' lang='lat' dir='ltr'><strong><em>et</em></strong></span> <span class='ocrx_word' id='word_1_363' title='bbox 1712 4097 1855 4153; x_wconf 89' lang='lat' dir='ltr'><strong><em>illius</em></strong></span> <span class='ocrx_word' id='word_1_364' title='bbox 1876 4098 2139 4169; x_wconf 88' lang='lat' dir='ltr'><strong><em>perturba-</em></strong></span> 
     </span>
    </p>
   </div>
   <div class='ocr_carea' id='block_1_51' title="bbox 533 4193 2143 4267">
    <p class='ocr_par' dir='ltr' id='par_1_51' title="bbox 533 4193 2143 4267">
     <span class='ocr_line' id='line_1_52' title="bbox 533 4193 2143 4267; baseline -0.003 -14"><span class='ocrx_word' id='word_1_365' title='bbox 533 4198 720 4253; x_wconf 88' lang='lat' dir='ltr'><strong><em>tionem</em></strong></span> <span class='ocrx_word' id='word_1_366' title='bbox 745 4196 903 4267; x_wconf 78' lang='lat' dir='ltr'><strong><em>hujus</em></strong></span> <span class='ocrx_word' id='word_1_367' title='bbox 927 4210 1130 4267; x_wconf 91' lang='lat' dir='ltr'><strong><em>quoque</em></strong></span> <span class='ocrx_word' id='word_1_368' title='bbox 1143 4195 1459 4263; x_wconf 86' lang='lat' dir='ltr'><strong><em>perturbatio</em></strong></span> <span class='ocrx_word' id='word_1_369' title='bbox 1489 4193 1762 4264; x_wconf 84' lang='lat' dir='ltr'><strong><em>sequitur),</em></strong></span> <span class='ocrx_word' id='word_1_370' title='bbox 1780 4209 1980 4247; x_wconf 88' lang='lat' dir='ltr'><strong><em>necesse</em></strong></span> <span class='ocrx_word' id='word_1_371' title='bbox 2000 4201 2143 4248; x_wconf 84' lang='lat' dir='ltr'><strong><em>estut</em></strong></span> 
     </span>
    </p>
   </div>
   <div class='ocr_carea' id='block_1_52' title="bbox 533 4286 2175 4362">
    <p class='ocr_par' dir='ltr' id='par_1_52' title="bbox 533 4286 2175 4362">
     <span class='ocr_line' id='line_1_53' title="bbox 533 4286 2175 4362; baseline -0.002 -18"><span class='ocrx_word' id='word_1_372' title='bbox 533 4304 872 4362; x_wconf 87' lang='lat' dir='ltr'><strong><em>agnoscamus</em></strong></span> <span class='ocrx_word' id='word_1_373' title='bbox 895 4306 914 4343; x_wconf 90' lang='lat'><strong><em>:</em></strong></span> <span class='ocrx_word' id='word_1_374' title='bbox 929 4304 1029 4360; x_wconf 91' lang='lat' dir='ltr'><strong><em>quo</em></strong></span> <span class='ocrx_word' id='word_1_375' title='bbox 1048 4288 1210 4358; x_wconf 88' lang='lat' dir='ltr'><strong><em>magis</em></strong></span> <span class='ocrx_word' id='word_1_376' title='bbox 1229 4298 1278 4342; x_wconf 90' lang='lat' dir='ltr'><strong><em>et</em></strong></span> <span class='ocrx_word' id='word_1_377' title='bbox 1295 4298 1561 4355; x_wconf 88' lang='lat' dir='ltr'><strong><em>utramque</em></strong></span> <span class='ocrx_word' id='word_1_378' title='bbox 1574 4286 1769 4341; x_wconf 77' lang='lat' dir='ltr'><strong><em>salvam</em></strong></span> <span class='ocrx_word' id='word_1_379' title='bbox 1784 4302 1890 4341; x_wconf 89' lang='lat' dir='ltr'><strong><em>esse</em></strong></span> <span class='ocrx_word' id='word_1_380' title='bbox 1903 4286 2140 4354; x_wconf 79' lang='lat' dir='ltr'><strong><em>velimus,</em></strong></span> <span class='ocrx_word' id='word_1_381' title='bbox 2172 4318 2175 4319; x_wconf 53' lang='grc' dir='ltr'><em>ν</em></span> 
     </span>
    </p>
   </div>
   <div class='ocr_carea' id='block_1_53' title="bbox 536 4378 2146 4451">
    <p class='ocr_par' dir='ltr' id='par_1_53' title="bbox 536 4378 2146 4451">
     <span class='ocr_line' id='line_1_54' title="bbox 536 4378 2146 4451; baseline -0.002 -15"><span class='ocrx_word' id='word_1_382' title='bbox 536 4390 585 4436; x_wconf 91' lang='lat' dir='ltr'><strong><em>et</em></strong></span> <span class='ocrx_word' id='word_1_383' title='bbox 597 4381 864 4451; x_wconf 86' lang='lat' dir='ltr'><strong><em>utriusque</em></strong></span> <span class='ocrx_word' id='word_1_384' title='bbox 877 4378 1141 4434; x_wconf 79' lang='lat' dir='ltr'><strong><em>servanda:</em></strong></span> <span class='ocrx_word' id='word_1_385' title='bbox 1153 4379 1404 4433; x_wconf 90' lang='lat' dir='ltr'><strong><em>rationem</em></strong></span> <span class='ocrx_word' id='word_1_386' title='bbox 1416 4388 1697 4445; x_wconf 88' lang='lat' dir='ltr'><strong><em>teneamus,</em></strong></span> <span class='ocrx_word' id='word_1_387' title='bbox 1711 4379 2015 4450; x_wconf 86' lang='lat' dir='ltr'><strong><em>quicumque</em></strong></span> <span class='ocrx_word' id='word_1_388' title='bbox 2032 4393 2146 4446; x_wconf 88' lang='lat' dir='ltr'><strong><em>pro-</em></strong></span> 
     </span>
    </p>
   </div>
   <div class='ocr_carea' id='block_1_54' title="bbox 539 4469 2142 4541">
    <p class='ocr_par' dir='ltr' id='par_1_54' title="bbox 539 4469 2142 4541">
     <span class='ocr_line' id='line_1_55' title="bbox 539 4469 2142 4541; baseline -0.002 -16"><span class='ocrx_word' id='word_1_389' title='bbox 539 4471 807 4540; x_wconf 88' lang='lat' dir='ltr'><strong><em>spicimus,</em></strong></span> <span class='ocrx_word' id='word_1_390' title='bbox 853 4469 1022 4541; x_wconf 87' lang='lat' dir='ltr'><strong><em>qualis</em></strong></span> <span class='ocrx_word' id='word_1_391' title='bbox 1062 4469 1256 4540; x_wconf 88' lang='lat' dir='ltr'><strong><em>alioqui</em></strong></span> <span class='ocrx_word' id='word_1_392' title='bbox 1295 4470 1498 4541; x_wconf 90' lang='lat' dir='ltr'><strong><em>utrique</em></strong></span> <span class='ocrx_word' id='word_1_393' title='bbox 1528 4469 1823 4538; x_wconf 87' lang='lat' dir='ltr'><strong><em>impendeat</em></strong></span> <span class='ocrx_word' id='word_1_394' title='bbox 1852 4469 2142 4523; x_wconf 89' lang='lat' dir='ltr'><strong><em>calamitas.</em></strong></span> 
     </span>
    </p>
   </div>
   <div class='ocr_carea' id='block_1_55' title="bbox 2228 3269 3839 3344">
    <p class='ocr_par' dir='ltr' id='par_1_55' title="bbox 2228 3269 3839 3344">
     <span class='ocr_line' id='line_1_56' title="bbox 2228 3269 3839 3344; baseline 0.005 -22"><span class='ocrx_word' id='word_1_395' title='bbox 2228 3269 2463 3338; x_wconf 76' lang='lat' dir='ltr'><strong><em>quwdam</em></strong></span> <span class='ocrx_word' id='word_1_396' title='bbox 2493 3273 2720 3325; x_wconf 89' lang='lat' dir='ltr'><strong><em>nondum</em></strong></span> <span class='ocrx_word' id='word_1_397' title='bbox 2749 3273 2981 3344; x_wconf 87' lang='lat' dir='ltr'><strong><em>evulgata</em></strong></span> <span class='ocrx_word' id='word_1_398' title='bbox 3025 3274 3441 3331; x_wconf 86' lang='lat' dir='ltr'><strong><em>communicasti.</em></strong></span> <span class='ocrx_word' id='word_1_399' title='bbox 3484 3276 3685 3331; x_wconf 83' lang='lat' dir='ltr'><strong><em>Eorum</em></strong></span> <span class='ocrx_word' id='word_1_400' title='bbox 3725 3294 3839 3332; x_wconf 66' lang='lat' dir='ltr'><strong><em>vero</em></strong></span> 
     </span>
    </p>
   </div>
   <div class='ocr_carea' id='block_1_56' title="bbox 2232 3359 3838 3437">
    <p class='ocr_par' dir='ltr' id='par_1_56' title="bbox 2232 3359 3838 3437">
     <span class='ocr_line' id='line_1_57' title="bbox 2232 3359 3838 3437; baseline 0.007 -24"><span class='ocrx_word' id='word_1_401' title='bbox 2232 3359 2381 3415; x_wconf 84' lang='lat' dir='ltr'><strong><em>lectio</em></strong></span> <span class='ocrx_word' id='word_1_402' title='bbox 2411 3378 2492 3416; x_wconf 88' lang='lat' dir='ltr'><strong><em>me</em></strong></span> <span class='ocrx_word' id='word_1_403' title='bbox 2509 3362 2738 3432; x_wconf 88' lang='lat' dir='ltr'><strong><em>impulit,</em></strong></span> <span class='ocrx_word' id='word_1_404' title='bbox 2772 3373 2827 3418; x_wconf 90' lang='lat' dir='ltr'><strong><em>ut</em></strong></span> <span class='ocrx_word' id='word_1_405' title='bbox 2855 3381 2965 3419; x_wconf 90' lang='lat' dir='ltr'><strong><em>eam</em></strong></span> <span class='ocrx_word' id='word_1_406' title='bbox 2992 3365 3257 3421; x_wconf 88' lang='lat' dir='ltr'><strong><em>historiam</em></strong></span> <span class='ocrx_word' id='word_1_407' title='bbox 3297 3370 3457 3423; x_wconf 86' lang='lat' dir='ltr'><strong><em>altius</em></strong></span> <span class='ocrx_word' id='word_1_408' title='bbox 3487 3382 3771 3437; x_wconf 75' lang='lat' dir='ltr'><strong><em>repeterem</em></strong></span> <span class='ocrx_word' id='word_1_409' title='bbox 3792 3378 3838 3424; x_wconf 88' lang='lat' dir='ltr'><strong><em>et</em></strong></span> 
     </span>
    </p>
   </div>
   <div class='ocr_carea' id='block_1_57' title="bbox 2232 3452 3843 3531">
    <p class='ocr_par' dir='ltr' id='par_1_57' title="bbox 2232 3452 3843 3531">
     <span class='ocr_line' id='line_1_58' title="bbox 2232 3452 3843 3531; baseline 0.008 -26"><span class='ocrx_word' id='word_1_410' title='bbox 2232 3452 2532 3525; x_wconf 89' lang='lat' dir='ltr'><strong><em>diligentius</em></strong></span> <span class='ocrx_word' id='word_1_411' title='bbox 2562 3472 2911 3526; x_wconf 89' lang='lat' dir='ltr'><strong><em>persequerer,</em></strong></span> <span class='ocrx_word' id='word_1_412' title='bbox 2938 3468 2984 3513; x_wconf 90' lang='lat' dir='ltr'><strong><em>et</em></strong></span> <span class='ocrx_word' id='word_1_413' title='bbox 3010 3460 3325 3531; x_wconf 81' lang='lat' dir='ltr'><strong><em>familiarius</em></strong></span> <span class='ocrx_word' id='word_1_414' title='bbox 3366 3479 3701 3531; x_wconf 73' lang='lat' dir='ltr'><strong><em>exponerem.</em></strong></span> <span class='ocrx_word' id='word_1_415' title='bbox 3729 3480 3843 3518; x_wconf 74' lang='lat' dir='ltr'><strong><em>cum</em></strong></span> 
     </span>
    </p>
   </div>
   <div class='ocr_carea' id='block_1_58' title="bbox 2234 3542 3847 3623">
    <p class='ocr_par' dir='ltr' id='par_1_58' title="bbox 2234 3542 3847 3623">
     <span class='ocr_line' id='line_1_59' title="bbox 2234 3542 3847 3623; baseline 0.006 -26"><span class='ocrx_word' id='word_1_416' title='bbox 2234 3543 2461 3599; x_wconf 76' lang='lat' dir='ltr'><strong><em>historice</em></strong></span> <span class='ocrx_word' id='word_1_417' title='bbox 2487 3542 2883 3615; x_wconf 79' lang='lat' dir='ltr'><strong><em>Ecclesiasticte,</em></strong></span> <span class='ocrx_word' id='word_1_418' title='bbox 2911 3553 3061 3623; x_wconf 86' lang='lat' dir='ltr'><strong><em>cujus</em></strong></span> <span class='ocrx_word' id='word_1_419' title='bbox 3085 3550 3375 3605; x_wconf 87' lang='lat' dir='ltr'><strong><em>studiosum</em></strong></span> <span class='ocrx_word' id='word_1_420' title='bbox 3398 3569 3508 3608; x_wconf 74' lang='lat' dir='ltr'><strong><em>esse</em></strong></span> <span class='ocrx_word' id='word_1_421' title='bbox 3539 3570 3620 3607; x_wconf 91' lang='lat' dir='ltr'><strong><em>me</em></strong></span> <span class='ocrx_word' id='word_1_422' title='bbox 3641 3570 3744 3608; x_wconf 86' lang='lat' dir='ltr'><strong><em>non</em></strong></span> <span class='ocrx_word' id='word_1_423' title='bbox 3766 3555 3847 3607; x_wconf 81' lang='lat' dir='ltr'><strong><em>in-</em></strong></span> 
     </span>
    </p>
   </div>
   <div class='ocr_carea' id='block_1_59' title="bbox 2234 3636 3849 3715">
    <p class='ocr_par' dir='ltr' id='par_1_59' title="bbox 2234 3636 3849 3715">
     <span class='ocr_line' id='line_1_60' title="bbox 2234 3636 3849 3715; baseline 0.007 -27"><span class='ocrx_word' id='word_1_424' title='bbox 2234 3636 2402 3706; x_wconf 82' lang='lat' dir='ltr'><strong><em>ﬁcior,</em></strong></span> <span class='ocrx_word' id='word_1_425' title='bbox 2432 3654 2534 3691; x_wconf 90' lang='lat' dir='ltr'><strong><em>non</em></strong></span> <span class='ocrx_word' id='word_1_426' title='bbox 2556 3638 2830 3710; x_wconf 85' lang='lat' dir='ltr'><strong><em>ignobilem</em></strong></span> <span class='ocrx_word' id='word_1_427' title='bbox 2866 3651 3059 3711; x_wconf 86' lang='lat' dir='ltr'><strong><em>partem</em></strong></span> <span class='ocrx_word' id='word_1_428' title='bbox 3086 3658 3197 3696; x_wconf 89' lang='lat' dir='ltr'><strong><em>esse</em></strong></span> <span class='ocrx_word' id='word_1_429' title='bbox 3224 3644 3491 3711; x_wconf 89' lang='lat' dir='ltr'><strong><em>sentirem,</em></strong></span> <span class='ocrx_word' id='word_1_430' title='bbox 3520 3656 3566 3698; x_wconf 89' lang='lat' dir='ltr'><strong><em>et</em></strong></span> <span class='ocrx_word' id='word_1_431' title='bbox 3596 3645 3713 3715; x_wconf 82' lang='lat' dir='ltr'><strong><em>ejus</em></strong></span> <span class='ocrx_word' id='word_1_432' title='bbox 3740 3662 3849 3698; x_wconf 72' lang='lat' dir='ltr'><strong><em>me—</em></strong></span> 
     </span>
    </p>
   </div>
   <div class='ocr_carea' id='block_1_60' title="bbox 2237 3730 3849 3803">
    <p class='ocr_par' dir='ltr' id='par_1_60' title="bbox 2237 3730 3849 3803">
     <span class='ocr_line' id='line_1_61' title="bbox 2237 3730 3849 3803; baseline 0.005 -22"><span class='ocrx_word' id='word_1_433' title='bbox 2237 3730 2453 3783; x_wconf 90' lang='lat' dir='ltr'><strong><em>moriam</em></strong></span> <span class='ocrx_word' id='word_1_434' title='bbox 2482 3731 2619 3784; x_wconf 87' lang='lat' dir='ltr'><strong><em>hisce</em></strong></span> <span class='ocrx_word' id='word_1_435' title='bbox 2648 3732 2956 3802; x_wconf 84' lang='lat' dir='ltr'><strong><em>temporibus</em></strong></span> <span class='ocrx_word' id='word_1_436' title='bbox 2982 3733 3128 3787; x_wconf 81' lang='lat' dir='ltr'><strong><em>valde</em></strong></span> <span class='ocrx_word' id='word_1_437' title='bbox 3155 3734 3336 3789; x_wconf 86' lang='lat' dir='ltr'><strong><em>utilem</em></strong></span> <span class='ocrx_word' id='word_1_438' title='bbox 3365 3751 3474 3790; x_wconf 89' lang='lat' dir='ltr'><strong><em>esse</em></strong></span> <span class='ocrx_word' id='word_1_439' title='bbox 3496 3752 3647 3803; x_wconf 88' lang='lat' dir='ltr'><strong><em>posse</em></strong></span> <span class='ocrx_word' id='word_1_440' title='bbox 3671 3737 3849 3790; x_wconf 63' lang='lat' dir='ltr'><strong><em>existi-</em></strong></span> 
     </span>
    </p>
   </div>
   <div class='ocr_carea' id='block_1_61' title="bbox 2238 3820 3849 3896">
    <p class='ocr_par' dir='ltr' id='par_1_61' title="bbox 2238 3820 3849 3896">
     <span class='ocr_line' id='line_1_62' title="bbox 2238 3820 3849 3896; baseline 0.005 -22"><span class='ocrx_word' id='word_1_441' title='bbox 2238 3820 2465 3893; x_wconf 66' lang='lat' dir='ltr'><strong><em>marem.§</em></strong></span> <span class='ocrx_word' id='word_1_442' title='bbox 2492 3822 2575 3875; x_wconf 84' lang='lat' dir='ltr'><strong><em>Ad</em></strong></span> <span class='ocrx_word' id='word_1_443' title='bbox 2600 3839 2752 3893; x_wconf 87' lang='lat' dir='ltr'><strong><em>quem</em></strong></span> <span class='ocrx_word' id='word_1_444' title='bbox 2779 3835 2950 3878; x_wconf 88' lang='lat' dir='ltr'><strong><em>autem</em></strong></span> <span class='ocrx_word' id='word_1_445' title='bbox 2984 3841 3098 3880; x_wconf 89' lang='lat' dir='ltr'><strong><em>eam</em></strong></span> <span class='ocrx_word' id='word_1_446' title='bbox 3122 3829 3394 3896; x_wconf 88' lang='lat' dir='ltr'><strong><em>referrem,</em></strong></span> <span class='ocrx_word' id='word_1_447' title='bbox 3427 3827 3627 3881; x_wconf 81' lang='lat' dir='ltr'><strong><em>diutius</em></strong></span> <span class='ocrx_word' id='word_1_448' title='bbox 3663 3830 3849 3883; x_wconf 80' lang='lat' dir='ltr'><strong><em>delibe-</em></strong></span> 
     </span>
    </p>
   </div>
   <div class='ocr_carea' id='block_1_62' title="bbox 2239 3912 3849 3989">
    <p class='ocr_par' dir='ltr' id='par_1_62' title="bbox 2239 3912 3849 3989">
     <span class='ocr_line' id='line_1_63' title="bbox 2239 3912 3849 3989; baseline 0.007 -27"><span class='ocrx_word' id='word_1_449' title='bbox 2239 3912 2462 3965; x_wconf 88' lang='lat' dir='ltr'><strong><em>randum</em></strong></span> <span class='ocrx_word' id='word_1_450' title='bbox 2492 3928 2596 3967; x_wconf 88' lang='lat' dir='ltr'><strong><em>non</em></strong></span> <span class='ocrx_word' id='word_1_451' title='bbox 2635 3930 2743 3969; x_wconf 85' lang='lat' dir='ltr'><strong><em>esse</em></strong></span> <span class='ocrx_word' id='word_1_452' title='bbox 2787 3916 3094 3985; x_wconf 74' lang='lat' dir='ltr'><strong><em>existimavi,</em></strong></span> <span class='ocrx_word' id='word_1_453' title='bbox 3139 3933 3255 3970; x_wconf 91' lang='lat' dir='ltr'><strong><em>cum</em></strong></span> <span class='ocrx_word' id='word_1_454' title='bbox 3296 3928 3353 3971; x_wconf 88' lang='lat' dir='ltr'><strong><em>tu</em></strong></span> <span class='ocrx_word' id='word_1_455' title='bbox 3397 3934 3712 3984; x_wconf 87' lang='lat' dir='ltr'><strong><em>occurreres,</em></strong></span> <span class='ocrx_word' id='word_1_456' title='bbox 3758 3920 3849 3989; x_wconf 73' lang='lat' dir='ltr'><strong><em>qui</em></strong></span> 
     </span>
    </p>
   </div>
   <div class='ocr_carea' id='block_1_63' title="bbox 2243 4005 3851 4082">
    <p class='ocr_par' dir='ltr' id='par_1_63' title="bbox 2243 4005 3851 4082">
     <span class='ocr_line' id='line_1_64' title="bbox 2243 4005 3851 4082; baseline 0.006 -24"><span class='ocrx_word' id='word_1_457' title='bbox 2243 4005 2423 4060; x_wconf 78' lang='lat' dir='ltr'><strong><em>auctor</em></strong></span> <span class='ocrx_word' id='word_1_458' title='bbox 2447 4016 2497 4060; x_wconf 87' lang='lat' dir='ltr'><strong><em>et</em></strong></span> <span class='ocrx_word' id='word_1_459' title='bbox 2526 4010 2741 4080; x_wconf 85' lang='lat' dir='ltr'><strong><em>adjutor</em></strong></span> <span class='ocrx_word' id='word_1_460' title='bbox 2768 4010 2933 4081; x_wconf 86' lang='lat' dir='ltr'><strong><em>fuisti,</em></strong></span> <span class='ocrx_word' id='word_1_461' title='bbox 2974 4020 3029 4064; x_wconf 87' lang='lat' dir='ltr'><strong><em>ut</em></strong></span> <span class='ocrx_word' id='word_1_462' title='bbox 3056 4012 3282 4082; x_wconf 86' lang='lat' dir='ltr'><strong><em>aliquam</em></strong></span> <span class='ocrx_word' id='word_1_463' title='bbox 3314 4012 3438 4066; x_wconf 86' lang='lat' dir='ltr'><strong><em>huic</em></strong></span> <span class='ocrx_word' id='word_1_464' title='bbox 3478 4014 3851 4068; x_wconf 74' lang='lat' dir='ltr'><strong><em>commentario</em></strong></span> 
     </span>
    </p>
   </div>
   <div class='ocr_carea' id='block_1_64' title="bbox 2244 4099 3845 4177">
    <p class='ocr_par' dir='ltr' id='par_1_64' title="bbox 2244 4099 3845 4177">
     <span class='ocr_line' id='line_1_65' title="bbox 2244 4099 3845 4177; baseline 0.007 -26"><span class='ocrx_word' id='word_1_465' title='bbox 2244 4113 2451 4170; x_wconf 83' lang='lat' dir='ltr'><strong><em>Operam</em></strong></span> <span class='ocrx_word' id='word_1_466' title='bbox 2495 4099 2707 4155; x_wconf 89' lang='lat' dir='ltr'><strong><em>darem:</em></strong></span> <span class='ocrx_word' id='word_1_467' title='bbox 2736 4112 2781 4156; x_wconf 93' lang='lat' dir='ltr'><strong><em>et</em></strong></span> <span class='ocrx_word' id='word_1_468' title='bbox 2819 4103 3031 4159; x_wconf 79' lang='lat' dir='ltr'><strong><em>idoneus</em></strong></span> <span class='ocrx_word' id='word_1_469' title='bbox 3066 4105 3323 4176; x_wconf 87' lang='lat' dir='ltr'><strong><em>imprimis</em></strong></span> <span class='ocrx_word' id='word_1_470' title='bbox 3357 4106 3431 4161; x_wconf 88' lang='lat' dir='ltr'><strong><em>sis</em></strong></span> <span class='ocrx_word' id='word_1_471' title='bbox 3449 4106 3613 4177; x_wconf 68' lang='lat' dir='ltr'><strong><em>judex</em></strong></span> <span class='ocrx_word' id='word_1_472' title='bbox 3648 4104 3845 4158; x_wconf 68' lang='lat' dir='ltr'><strong><em>harum</em></strong></span> 
     </span>
    </p>
   </div>
   <div class='ocr_carea' id='block_1_65' title="bbox 2244 4194 3850 4269">
    <p class='ocr_par' dir='ltr' id='par_1_65' title="bbox 2244 4194 3850 4269">
     <span class='ocr_line' id='line_1_66' title="bbox 2244 4194 3850 4269; baseline 0.004 -25"><span class='ocrx_word' id='word_1_473' title='bbox 2244 4207 2415 4246; x_wconf 88' lang='lat' dir='ltr'><strong><em>rermn</em></strong></span> <span class='ocrx_word' id='word_1_474' title='bbox 2451 4203 2497 4246; x_wconf 90' lang='lat' dir='ltr'><strong><em>et</em></strong></span> <span class='ocrx_word' id='word_1_475' title='bbox 2547 4195 2904 4265; x_wconf 85' lang='lat' dir='ltr'><strong><em>antiquitatum</em></strong></span> <span class='ocrx_word' id='word_1_476' title='bbox 2933 4194 3419 4251; x_wconf 84' lang='lat' dir='ltr'><strong><em>Ecclesiasticarum</em></strong></span> <span class='ocrx_word' id='word_1_477' title='bbox 3447 4215 3594 4269; x_wconf 75' lang='lat' dir='ltr'><strong><em>neque</em></strong></span> <span class='ocrx_word' id='word_1_478' title='bbox 3621 4213 3728 4250; x_wconf 81' lang='lat' dir='ltr'><strong><em>non</em></strong></span> <span class='ocrx_word' id='word_1_479' title='bbox 3770 4197 3850 4251; x_wconf 82' lang='lat' dir='ltr'><strong><em>ad</em></strong></span> 
     </span>
    </p>
   </div>
   <div class='ocr_carea' id='block_1_66' title="bbox 2214 4285 3855 4363">
    <p class='ocr_par' dir='ltr' id='par_1_66' title="bbox 2214 4285 3855 4363">
     <span class='ocr_line' id='line_1_67' title="bbox 2214 4285 3855 4363; baseline 0.004 -24"><span class='ocrx_word' id='word_1_480' title='bbox 2214 4290 2219 4293; x_wconf 74' lang='grc'>’</span> <span class='ocrx_word' id='word_1_481' title='bbox 2248 4285 2523 4358; x_wconf 83' lang='lat' dir='ltr'><strong><em>Augustini</em></strong></span> <span class='ocrx_word' id='word_1_482' title='bbox 2550 4290 2825 4358; x_wconf 89' lang='lat' dir='ltr'><strong><em>quamdam</em></strong></span> <span class='ocrx_word' id='word_1_483' title='bbox 2852 4290 3188 4344; x_wconf 90' lang='lat' dir='ltr'><strong><em>imitationem</em></strong></span> <span class='ocrx_word' id='word_1_484' title='bbox 3217 4300 3265 4347; x_wconf 91' lang='lat' dir='ltr'><strong><em>te</em></strong></span> <span class='ocrx_word' id='word_1_485' title='bbox 3285 4308 3550 4363; x_wconf 88' lang='lat' dir='ltr'><strong><em>compares</em></strong></span> <span class='ocrx_word' id='word_1_486' title='bbox 3577 4308 3595 4345; x_wconf 92' lang='lat'><strong><em>:</em></strong></span> <span class='ocrx_word' id='word_1_487' title='bbox 3624 4291 3855 4360; x_wconf 79' lang='lat' dir='ltr'><strong><em>denique</em></strong></span> 
     </span>
    </p>
   </div>
   <div class='ocr_carea' id='block_1_67' title="bbox 2247 4378 3855 4452">
    <p class='ocr_par' dir='ltr' id='par_1_67' title="bbox 2247 4378 3855 4452">
     <span class='ocr_line' id='line_1_68' title="bbox 2247 4378 3855 4452; baseline 0.004 -20"><span class='ocrx_word' id='word_1_488' title='bbox 2247 4378 2383 4432; x_wconf 76' lang='lat' dir='ltr'><strong><em>venit</em></strong></span> <span class='ocrx_word' id='word_1_489' title='bbox 2411 4378 2464 4432; x_wconf 91' lang='lat' dir='ltr'><strong><em>in</em></strong></span> <span class='ocrx_word' id='word_1_490' title='bbox 2493 4390 2731 4445; x_wconf 89' lang='lat' dir='ltr'><strong><em>mentem,</em></strong></span> <span class='ocrx_word' id='word_1_491' title='bbox 2761 4397 2865 4435; x_wconf 91' lang='lat' dir='ltr'><strong><em>non</em></strong></span> <span class='ocrx_word' id='word_1_492' title='bbox 2892 4381 3057 4436; x_wconf 88' lang='lat' dir='ltr'><strong><em>solum</em></strong></span> <span class='ocrx_word' id='word_1_493' title='bbox 3083 4383 3459 4452; x_wconf 88' lang='lat' dir='ltr'><strong><em>rempublicam</em></strong></span> <span class='ocrx_word' id='word_1_494' title='bbox 3482 4393 3530 4439; x_wconf 92' lang='lat' dir='ltr'><strong><em>et</em></strong></span> <span class='ocrx_word' id='word_1_495' title='bbox 3558 4379 3855 4438; x_wconf 74' lang='lat' dir='ltr'><strong><em>Ecclesium</em></strong></span> 
     </span>
    </p>
   </div>
   <div class='ocr_carea' id='block_1_68' title="bbox 2251 4471 3858 4545">
    <p class='ocr_par' dir='ltr' id='par_1_68' title="bbox 2251 4471 3858 4545">
     <span class='ocr_line' id='line_1_69' title="bbox 2251 4471 3858 4545; baseline 0.003 -22"><span class='ocrx_word' id='word_1_496' title='bbox 2251 4471 2529 4540; x_wconf 88' lang='lat' dir='ltr'><strong><em>plurimum</em></strong></span> <span class='ocrx_word' id='word_1_497' title='bbox 2571 4471 2663 4526; x_wconf 88' lang='lat' dir='ltr'><strong><em>tibi</em></strong></span> <span class='ocrx_word' id='word_1_498' title='bbox 2705 4473 2904 4538; x_wconf 86' lang='lat' dir='ltr'><strong><em>debere,</em></strong></span> <span class='ocrx_word' id='word_1_499' title='bbox 2953 4474 3043 4528; x_wconf 89' lang='lat' dir='ltr'><strong><em>sed</em></strong></span> <span class='ocrx_word' id='word_1_500' title='bbox 3077 4484 3124 4527; x_wconf 92' lang='lat' dir='ltr'><strong><em>et</em></strong></span> <span class='ocrx_word' id='word_1_501' title='bbox 3167 4476 3405 4545; x_wconf 80' lang='lat' dir='ltr'><strong><em>privatim</em></strong></span> <span class='ocrx_word' id='word_1_502' title='bbox 3434 4491 3514 4529; x_wconf 88' lang='lat' dir='ltr'><strong><em>me</em></strong></span> <span class='ocrx_word' id='word_1_503' title='bbox 3539 4473 3630 4529; x_wconf 88' lang='lat' dir='ltr'><strong><em>tibi</em></strong></span> <span class='ocrx_word' id='word_1_504' title='bbox 3673 4477 3858 4529; x_wconf 81' lang='lat' dir='ltr'><strong><em>multis</em></strong></span> 
     </span>
    </p>
   </div>
   <div class='ocr_carea' id='block_1_69' title="bbox 544 4560 3859 4635">
    <p class='ocr_par' dir='ltr' id='par_1_69' title="bbox 544 4560 3859 4635">
     <span class='ocr_line' id='line_1_70' title="bbox 544 4560 3859 4635; baseline 0.001 -18"><span class='ocrx_word' id='word_1_505' title='bbox 544 4560 723 4633; x_wconf 85' lang='lat' dir='ltr'><strong><em>Neque</em></strong></span> <span class='ocrx_word' id='word_1_506' title='bbox 748 4577 886 4629; x_wconf 81' lang='lat' dir='ltr'><strong><em>vero,</em></strong></span> <span class='ocrx_word' id='word_1_507' title='bbox 909 4561 1075 4632; x_wconf 87' lang='lat' dir='ltr'><strong><em>qualis</em></strong></span> <span class='ocrx_word' id='word_1_508' title='bbox 1090 4571 1377 4633; x_wconf 86' lang='lat' dir='ltr'><strong><em>quantaque</em></strong></span> <span class='ocrx_word' id='word_1_509' title='bbox 1397 4577 1534 4616; x_wconf 89' lang='lat' dir='ltr'><strong><em>nunc</em></strong></span> <span class='ocrx_word' id='word_1_510' title='bbox 1553 4562 1820 4632; x_wconf 89' lang='lat' dir='ltr'><strong><em>utriusque</em></strong></span> <span class='ocrx_word' id='word_1_511' title='bbox 1848 4577 1950 4615; x_wconf 89' lang='lat' dir='ltr'><strong><em>non</em></strong></span> <span class='ocrx_word' id='word_1_512' title='bbox 1977 4561 2143 4615; x_wconf 86' lang='lat' dir='ltr'><strong><em>solum</em></strong></span> <span class='ocrx_word' id='word_1_513' title='bbox 2169 4560 2215 4624; x_wconf 86' lang='lat' dir='ltr'><strong><em>C</em></strong></span> <span class='ocrx_word' id='word_1_514' title='bbox 2250 4562 2540 4617; x_wconf 89' lang='lat' dir='ltr'><strong><em>nominibus</em></strong></span> <span class='ocrx_word' id='word_1_515' title='bbox 2570 4565 2856 4619; x_wconf 85' lang='lat' dir='ltr'><strong><em>devinctum</em></strong></span> <span class='ocrx_word' id='word_1_516' title='bbox 2879 4582 2986 4621; x_wconf 84' lang='lat' dir='ltr'><strong><em>esse</em></strong></span> <span class='ocrx_word' id='word_1_517' title='bbox 3010 4582 3030 4620; x_wconf 91' lang='lat'><strong><em>:</em></strong></span> <span class='ocrx_word' id='word_1_518' title='bbox 3059 4582 3223 4635; x_wconf 87' lang='lat' dir='ltr'><strong><em>neque</em></strong></span> <span class='ocrx_word' id='word_1_519' title='bbox 3247 4566 3338 4620; x_wconf 90' lang='lat' dir='ltr'><strong><em>tibi</em></strong></span> <span class='ocrx_word' id='word_1_520' title='bbox 3367 4566 3541 4631; x_wconf 90' lang='lat' dir='ltr'><strong><em>modo,</em></strong></span> <span class='ocrx_word' id='word_1_521' title='bbox 3570 4567 3667 4621; x_wconf 88' lang='lat' dir='ltr'><strong><em>sed</em></strong></span> <span class='ocrx_word' id='word_1_522' title='bbox 3689 4576 3739 4621; x_wconf 83' lang='lat' dir='ltr'><strong><em>et</em></strong></span> <span class='ocrx_word' id='word_1_523' title='bbox 3764 4585 3859 4620; x_wconf 85' lang='lat' dir='ltr'><strong><em>or-</em></strong></span> 
     </span>
    </p>
   </div>
   <div class='ocr_carea' id='block_1_70' title="bbox 543 4652 2144 4726">
    <p class='ocr_par' dir='ltr' id='par_1_70' title="bbox 543 4652 2144 4726">
     <span class='ocr_line' id='line_1_71' title="bbox 543 4652 2144 4726; baseline -0.002 -16"><span class='ocrx_word' id='word_1_524' title='bbox 543 4655 875 4726; x_wconf 89' lang='lat' dir='ltr'><strong><em>perturbatio,</em></strong></span> <span class='ocrx_word' id='word_1_525' title='bbox 924 4654 1015 4709; x_wconf 90' lang='lat' dir='ltr'><strong><em>sed</em></strong></span> <span class='ocrx_word' id='word_1_526' title='bbox 1044 4655 1198 4709; x_wconf 89' lang='lat' dir='ltr'><strong><em>etiam</em></strong></span> <span class='ocrx_word' id='word_1_527' title='bbox 1224 4653 1458 4724; x_wconf 87' lang='lat' dir='ltr'><strong><em>confusio</em></strong></span> <span class='ocrx_word' id='word_1_528' title='bbox 1504 4653 1595 4719; x_wconf 89' lang='lat' dir='ltr'><strong><em>sit,</em></strong></span> <span class='ocrx_word' id='word_1_529' title='bbox 1638 4653 1885 4723; x_wconf 76' lang='lat' dir='ltr'><strong><em>quwritur</em></strong></span> <span class='ocrx_word' id='word_1_530' title='bbox 1914 4652 2144 4707; x_wconf 89' lang='lat' dir='ltr'><strong><em>:scimus</em></strong></span> 
     </span>
    </p>
   </div>
   <div class='ocr_carea' id='block_1_71' title="bbox 546 4745 2147 4819">
    <p class='ocr_par' dir='ltr' id='par_1_71' title="bbox 546 4745 2147 4819">
     <span class='ocr_line' id='line_1_72' title="bbox 546 4745 2147 4819; baseline -0.003 -17"><span class='ocrx_word' id='word_1_531' title='bbox 546 4751 679 4802; x_wconf 88' lang='lat' dir='ltr'><strong><em>enim</em></strong></span> <span class='ocrx_word' id='word_1_532' title='bbox 699 4748 970 4819; x_wconf 85' lang='lat' dir='ltr'><strong><em>plusquam</em></strong></span> <span class='ocrx_word' id='word_1_533' title='bbox 983 4749 1134 4802; x_wconf 85' lang='lat' dir='ltr'><strong><em>etiam</em></strong></span> <span class='ocrx_word' id='word_1_534' title='bbox 1147 4746 1405 4811; x_wconf 83' lang='lat' dir='ltr'><strong><em>vellemus,</em></strong></span> <span class='ocrx_word' id='word_1_535' title='bbox 1421 4761 1529 4801; x_wconf 90' lang='lat' dir='ltr'><strong><em>esse</em></strong></span> <span class='ocrx_word' id='word_1_536' title='bbox 1544 4747 1885 4801; x_wconf 90' lang='lat' dir='ltr'><strong><em>tristissimam</em></strong></span> <span class='ocrx_word' id='word_1_537' title='bbox 1901 4753 1949 4798; x_wconf 91' lang='lat' dir='ltr'><strong><em>et</em></strong></span> <span class='ocrx_word' id='word_1_538' title='bbox 1965 4745 2147 4799; x_wconf 87' lang='lat' dir='ltr'><strong><em>miser-</em></strong></span> 
     </span>
    </p>
   </div>
   <div class='ocr_carea' id='block_1_72' title="bbox 549 4836 2145 4913">
    <p class='ocr_par' dir='ltr' id='par_1_72' title="bbox 549 4836 2145 4913">
     <span class='ocr_line' id='line_1_73' title="bbox 549 4836 2145 4913; baseline -0.003 -17"><span class='ocrx_word' id='word_1_539' title='bbox 549 4842 756 4897; x_wconf 86' lang='lat' dir='ltr'><strong><em>rimam.</em></strong></span> <span class='ocrx_word' id='word_1_540' title='bbox 798 4843 985 4897; x_wconf 86' lang='lat' dir='ltr'><strong><em>Verum</em></strong></span> <span class='ocrx_word' id='word_1_541' title='bbox 1001 4842 1269 4913; x_wconf 69' lang='lat' dir='ltr'><strong><em>quaeritur,</em></strong></span> <span class='ocrx_word' id='word_1_542' title='bbox 1303 4856 1477 4912; x_wconf 74' lang='lat' dir='ltr'><strong><em>ecqua:</em></strong></span> <span class='ocrx_word' id='word_1_543' title='bbox 1496 4847 1753 4893; x_wconf 86' lang='lat' dir='ltr'><strong><em>tantorum</em></strong></span> <span class='ocrx_word' id='word_1_544' title='bbox 1781 4838 2037 4893; x_wconf 90' lang='lat' dir='ltr'><strong><em>malorum</em></strong></span> <span class='ocrx_word' id='word_1_545' title='bbox 2055 4836 2145 4891; x_wconf 92' lang='lat' dir='ltr'><strong><em>de-</em></strong></span> 
     </span>
    </p>
   </div>
   <div class='ocr_carea' id='block_1_73' title="bbox 550 4932 2144 5006">
    <p class='ocr_par' dir='ltr' id='par_1_73' title="bbox 550 4932 2144 5006">
     <span class='ocr_line' id='line_1_74' title="bbox 550 4932 2144 5006; baseline -0.002 -18"><span class='ocrx_word' id='word_1_546' title='bbox 550 4935 740 5005; x_wconf 87' lang='lat' dir='ltr'><strong><em>pulsio,</em></strong></span> <span class='ocrx_word' id='word_1_547' title='bbox 760 4951 861 4989; x_wconf 88' lang='lat' dir='ltr'><strong><em>non</em></strong></span> <span class='ocrx_word' id='word_1_548' title='bbox 878 4935 1043 4989; x_wconf 89' lang='lat' dir='ltr'><strong><em>solum</em></strong></span> <span class='ocrx_word' id='word_1_549' title='bbox 1067 4934 1255 5006; x_wconf 92' lang='lat' dir='ltr'><strong><em>optari,</em></strong></span> <span class='ocrx_word' id='word_1_550' title='bbox 1273 4934 1364 4988; x_wconf 91' lang='lat' dir='ltr'><strong><em>sed</em></strong></span> <span class='ocrx_word' id='word_1_551' title='bbox 1380 4934 1533 4987; x_wconf 89' lang='lat' dir='ltr'><strong><em>etiam</em></strong></span> <span class='ocrx_word' id='word_1_552' title='bbox 1550 4933 1750 5002; x_wconf 88' lang='lat' dir='ltr'><strong><em>sperari</em></strong></span> <span class='ocrx_word' id='word_1_553' title='bbox 1772 4933 1950 5002; x_wconf 88' lang='lat' dir='ltr'><strong><em>possit.</em></strong></span> <span class='ocrx_word' id='word_1_554' title='bbox 1976 4932 2144 5004; x_wconf 83' lang='lat' dir='ltr'><strong><em>Audio</em></strong></span> 
     </span>
    </p>
   </div>
   <div class='ocr_carea' id='block_1_74' title="bbox 549 5027 2147 5103">
    <p class='ocr_par' dir='ltr' id='par_1_74' title="bbox 549 5027 2147 5103">
     <span class='ocr_line' id='line_1_75' title="bbox 549 5027 2147 5103; baseline 0 -21"><span class='ocrx_word' id='word_1_555' title='bbox 549 5027 684 5082; x_wconf 89' lang='lat' dir='ltr'><strong><em>enim</em></strong></span> <span class='ocrx_word' id='word_1_556' title='bbox 712 5030 950 5084; x_wconf 91' lang='lat' dir='ltr'><strong><em>attonitos</em></strong></span> <span class='ocrx_word' id='word_1_557' title='bbox 978 5029 1361 5103; x_wconf 89' lang='lat' dir='ltr'><strong><em>gubernatores,</em></strong></span> <span class='ocrx_word' id='word_1_558' title='bbox 1390 5028 1435 5083; x_wconf 96' lang='lat' dir='ltr'><strong><em>si</em></strong></span> <span class='ocrx_word' id='word_1_559' title='bbox 1461 5028 1548 5098; x_wconf 91' lang='lat' dir='ltr'><strong><em>qui</em></strong></span> <span class='ocrx_word' id='word_1_560' title='bbox 1583 5028 1805 5099; x_wconf 87' lang='lat' dir='ltr'><strong><em>sapiant,</em></strong></span> <span class='ocrx_word' id='word_1_561' title='bbox 1839 5027 1893 5081; x_wconf 92' lang='lat' dir='ltr'><strong><em>id</em></strong></span> <span class='ocrx_word' id='word_1_562' title='bbox 1928 5027 2147 5082; x_wconf 88' lang='lat' dir='ltr'><strong><em>sollicite</em></strong></span> 
     </span>
    </p>
   </div>
   <div class='ocr_carea' id='block_1_75' title="bbox 549 5119 2153 5192">
    <p class='ocr_par' dir='ltr' id='par_1_75' title="bbox 549 5119 2153 5192">
     <span class='ocr_line' id='line_1_76' title="bbox 549 5119 2153 5192; baseline -0.001 -19"><span class='ocrx_word' id='word_1_563' title='bbox 549 5135 798 5192; x_wconf 72' lang='lat' dir='ltr'><strong><em>qua&#39;rere.</em></strong></span> <span class='ocrx_word' id='word_1_564' title='bbox 829 5136 954 5190; x_wconf 86' lang='lat' dir='ltr'><strong><em>quos</em></strong></span> <span class='ocrx_word' id='word_1_565' title='bbox 981 5122 1315 5192; x_wconf 64' lang='lat' dir='ltr'><strong><em>alioquinon</em></strong></span> <span class='ocrx_word' id='word_1_566' title='bbox 1352 5121 1521 5176; x_wconf 89' lang='lat' dir='ltr'><strong><em>solum</em></strong></span> <span class='ocrx_word' id='word_1_567' title='bbox 1553 5129 1726 5186; x_wconf 89' lang='lat' dir='ltr'><strong><em>terret,</em></strong></span> <span class='ocrx_word' id='word_1_568' title='bbox 1759 5119 1849 5174; x_wconf 82' lang='lat' dir='ltr'><strong><em>sed</em></strong></span> <span class='ocrx_word' id='word_1_569' title='bbox 1887 5119 2039 5173; x_wconf 90' lang='lat' dir='ltr'><strong><em>etiam</em></strong></span> <span class='ocrx_word' id='word_1_570' title='bbox 2065 5119 2153 5172; x_wconf 87' lang='lat' dir='ltr'><strong><em>de-</em></strong></span> 
     </span>
    </p>
   </div>
   <div class='ocr_carea' id='block_1_76' title="bbox 551 5210 2155 5283">
    <p class='ocr_par' dir='ltr' id='par_1_76' title="bbox 551 5210 2155 5283">
     <span class='ocr_line' id='line_1_77' title="bbox 551 5210 2155 5283; baseline -0.001 -17"><span class='ocrx_word' id='word_1_571' title='bbox 551 5211 841 5282; x_wconf 86' lang='lat' dir='ltr'><strong><em>speratione</em></strong></span> <span class='ocrx_word' id='word_1_572' title='bbox 865 5212 1088 5282; x_wconf 88' lang='lat' dir='ltr'><strong><em>quadam</em></strong></span> <span class='ocrx_word' id='word_1_573' title='bbox 1133 5213 1325 5283; x_wconf 89' lang='lat' dir='ltr'><strong><em>fractos</em></strong></span> <span class='ocrx_word' id='word_1_574' title='bbox 1369 5223 1417 5266; x_wconf 92' lang='lat' dir='ltr'><strong><em>et</em></strong></span> <span class='ocrx_word' id='word_1_575' title='bbox 1456 5211 1743 5267; x_wconf 86' lang='lat' dir='ltr'><strong><em>debilitatos</em></strong></span> <span class='ocrx_word' id='word_1_576' title='bbox 1780 5210 2009 5283; x_wconf 87' lang='lat' dir='ltr'><strong><em>percellit</em></strong></span> <span class='ocrx_word' id='word_1_577' title='bbox 2046 5211 2155 5265; x_wconf 56' lang='lat' dir='ltr'><strong><em>haec</em></strong></span> 
     </span>
    </p>
   </div>
   <div class='ocr_carea' id='block_1_77' title="bbox 555 5305 2155 5380">
    <p class='ocr_par' dir='ltr' id='par_1_77' title="bbox 555 5305 2155 5380">
     <span class='ocr_line' id='line_1_78' title="bbox 555 5305 2155 5380; baseline 0.001 -22"><span class='ocrx_word' id='word_1_578' title='bbox 555 5314 823 5373; x_wconf 85' lang='lat' dir='ltr'><strong><em>tempestas</em></strong></span> <span class='ocrx_word' id='word_1_579' title='bbox 839 5306 1047 5375; x_wconf 84' lang='lat' dir='ltr'><strong><em>ejusque</em></strong></span> <span class='ocrx_word' id='word_1_580' title='bbox 1062 5306 1401 5380; x_wconf 90' lang='lat' dir='ltr'><strong><em>intemperies.</em></strong></span> <span class='ocrx_word' id='word_1_581' title='bbox 1430 5305 1536 5363; x_wconf 88' lang='lat' dir='ltr'><strong><em>Sed</em></strong></span> <span class='ocrx_word' id='word_1_582' title='bbox 1567 5322 1684 5359; x_wconf 90' lang='lat' dir='ltr'><strong><em>cum</em></strong></span> <span class='ocrx_word' id='word_1_583' title='bbox 1711 5306 2029 5359; x_wconf 83' lang='lat' dir='ltr'><strong><em>meminerim</em></strong></span> <span class='ocrx_word' id='word_1_584' title='bbox 2052 5321 2155 5360; x_wconf 89' lang='lat' dir='ltr'><strong><em>non</em></strong></span> 
     </span>
    </p>
   </div>
   <div class='ocr_carea' id='block_1_78' title="bbox 553 5397 2155 5471">
    <p class='ocr_par' dir='ltr' id='par_1_78' title="bbox 553 5397 2155 5471">
     <span class='ocr_line' id='line_1_79' title="bbox 553 5397 2155 5471; baseline 0.002 -20"><span class='ocrx_word' id='word_1_585' title='bbox 553 5397 779 5452; x_wconf 88' lang='lat' dir='ltr'><strong><em>minores</em></strong></span> <span class='ocrx_word' id='word_1_586' title='bbox 807 5398 933 5452; x_wconf 90' lang='lat' dir='ltr'><strong><em>olim</em></strong></span> <span class='ocrx_word' id='word_1_587' title='bbox 958 5397 1120 5469; x_wconf 89' lang='lat' dir='ltr'><strong><em>fuisse</em></strong></span> <span class='ocrx_word' id='word_1_588' title='bbox 1145 5401 1353 5468; x_wconf 82' lang='lat' dir='ltr'><strong><em>fluctus,</em></strong></span> <span class='ocrx_word' id='word_1_589' title='bbox 1385 5417 1449 5455; x_wconf 80' lang='lat' dir='ltr'><strong><em>ea:</em></strong></span> <span class='ocrx_word' id='word_1_590' title='bbox 1480 5400 1664 5471; x_wconf 87' lang='lat' dir='ltr'><strong><em>quibus</em></strong></span> <span class='ocrx_word' id='word_1_591' title='bbox 1692 5408 1858 5454; x_wconf 89' lang='lat' dir='ltr'><strong><em>tamen</em></strong></span> <span class='ocrx_word' id='word_1_592' title='bbox 1895 5401 2155 5454; x_wconf 87' lang='lat' dir='ltr'><strong><em>emerserit</em></strong></span> 
     </span>
    </p>
   </div>
   <div class='ocr_carea' id='block_1_79' title="bbox 553 5488 2152 5560">
    <p class='ocr_par' dir='ltr' id='par_1_79' title="bbox 553 5488 2152 5560">
     <span class='ocr_line' id='line_1_80' title="bbox 553 5488 2152 5560; baseline 0.001 -15"><span class='ocrx_word' id='word_1_593' title='bbox 553 5498 602 5546; x_wconf 91' lang='lat' dir='ltr'><strong><em>et</em></strong></span> <span class='ocrx_word' id='word_1_594' title='bbox 620 5490 913 5560; x_wconf 85' lang='lat' dir='ltr'><strong><em>respublica</em></strong></span> <span class='ocrx_word' id='word_1_595' title='bbox 942 5500 990 5546; x_wconf 91' lang='lat' dir='ltr'><strong><em>et</em></strong></span> <span class='ocrx_word' id='word_1_596' title='bbox 1012 5488 1266 5557; x_wconf 85' lang='lat' dir='ltr'><strong><em>Ecclesia,</em></strong></span> <span class='ocrx_word' id='word_1_597' title='bbox 1299 5492 1514 5548; x_wconf 89' lang='lat' dir='ltr'><strong><em>consilio</em></strong></span> <span class='ocrx_word' id='word_1_598' title='bbox 1542 5501 1589 5547; x_wconf 92' lang='lat' dir='ltr'><strong><em>et</em></strong></span> <span class='ocrx_word' id='word_1_599' title='bbox 1614 5491 1800 5546; x_wconf 77' lang='lat' dir='ltr'><strong><em>virtute</em></strong></span> <span class='ocrx_word' id='word_1_600' title='bbox 1818 5507 2030 5546; x_wconf 86' lang='lat' dir='ltr'><strong><em>suorum</em></strong></span> <span class='ocrx_word' id='word_1_601' title='bbox 2059 5492 2152 5546; x_wconf 90' lang='lat' dir='ltr'><strong><em>de-</em></strong></span> 
     </span>
    </p>
   </div>
   <div class='ocr_carea' id='block_1_80' title="bbox 555 5580 2156 5653">
    <p class='ocr_par' dir='ltr' id='par_1_80' title="bbox 555 5580 2156 5653">
     <span class='ocr_line' id='line_1_81' title="bbox 555 5580 2156 5653; baseline 0.001 -17"><span class='ocrx_word' id='word_1_602' title='bbox 555 5584 823 5653; x_wconf 86' lang='lat' dir='ltr'><strong><em>fensorum</em></strong></span> <span class='ocrx_word' id='word_1_603' title='bbox 850 5580 1108 5648; x_wconf 86' lang='lat' dir='ltr'><strong><em>liberata;</em></strong></span> <span class='ocrx_word' id='word_1_604' title='bbox 1156 5596 1260 5635; x_wconf 86' lang='lat' dir='ltr'><strong><em>non</em></strong></span> <span class='ocrx_word' id='word_1_605' title='bbox 1297 5582 1530 5637; x_wconf 75' lang='lat' dir='ltr'><strong><em>existimo</em></strong></span> <span class='ocrx_word' id='word_1_606' title='bbox 1559 5583 1733 5637; x_wconf 86' lang='lat' dir='ltr'><strong><em>deesse</em></strong></span> <span class='ocrx_word' id='word_1_607' title='bbox 1769 5581 2063 5649; x_wconf 88' lang='lat' dir='ltr'><strong><em>consilium,</em></strong></span> <span class='ocrx_word' id='word_1_608' title='bbox 2109 5583 2156 5637; x_wconf 88' lang='lat' dir='ltr'><strong><em>si</em></strong></span> 
     </span>
    </p>
   </div>
   <div class='ocr_carea' id='block_1_81' title="bbox 557 5674 2156 5747">
    <p class='ocr_par' dir='ltr' id='par_1_81' title="bbox 557 5674 2156 5747">
     <span class='ocr_line' id='line_1_82' title="bbox 557 5674 2156 5747; baseline 0 -16"><span class='ocrx_word' id='word_1_609' title='bbox 557 5675 657 5731; x_wconf 89' lang='lat' dir='ltr'><strong><em>sibi</em></strong></span> <span class='ocrx_word' id='word_1_610' title='bbox 686 5686 736 5733; x_wconf 89' lang='lat' dir='ltr'><strong><em>et</em></strong></span> <span class='ocrx_word' id='word_1_611' title='bbox 763 5693 859 5733; x_wconf 86' lang='lat' dir='ltr'><strong><em>suo</em></strong></span> <span class='ocrx_word' id='word_1_612' title='bbox 885 5678 1089 5735; x_wconf 88' lang='lat' dir='ltr'><strong><em>muneri</em></strong></span> <span class='ocrx_word' id='word_1_613' title='bbox 1118 5692 1223 5732; x_wconf 90' lang='lat' dir='ltr'><strong><em>non</em></strong></span> <span class='ocrx_word' id='word_1_614' title='bbox 1243 5676 1409 5733; x_wconf 87' lang='lat' dir='ltr'><strong><em>desint</em></strong></span> <span class='ocrx_word' id='word_1_615' title='bbox 1434 5676 1534 5747; x_wconf 89' lang='lat' dir='ltr'><strong><em>ipsi</em></strong></span> <span class='ocrx_word' id='word_1_616' title='bbox 1560 5685 1780 5731; x_wconf 89' lang='lat' dir='ltr'><strong><em>rectores</em></strong></span> <span class='ocrx_word' id='word_1_617' title='bbox 1801 5674 1986 5747; x_wconf 89' lang='lat' dir='ltr'><strong><em>quibus</em></strong></span> <span class='ocrx_word' id='word_1_618' title='bbox 2008 5692 2156 5731; x_wconf 87' lang='lat' dir='ltr'><strong><em>man-</em></strong></span> 
     </span>
    </p>
   </div>
   <div class='ocr_carea' id='block_1_82' title="bbox 556 5767 2156 5845">
    <p class='ocr_par' dir='ltr' id='par_1_82' title="bbox 556 5767 2156 5845">
     <span class='ocr_line' id='line_1_83' title="bbox 556 5767 2156 5845; baseline 0.003 -24"><span class='ocrx_word' id='word_1_619' title='bbox 556 5768 737 5825; x_wconf 84' lang='lat' dir='ltr'><strong><em>datum</em></strong></span> <span class='ocrx_word' id='word_1_620' title='bbox 756 5781 849 5839; x_wconf 84' lang='lat' dir='ltr'><strong><em>est,</em></strong></span> <span class='ocrx_word' id='word_1_621' title='bbox 878 5787 1086 5845; x_wconf 76' lang='lat' dir='ltr'><strong><em>cperant</em></strong></span> <span class='ocrx_word' id='word_1_622' title='bbox 1112 5780 1167 5827; x_wconf 89' lang='lat' dir='ltr'><strong><em>ut</em></strong></span> <span class='ocrx_word' id='word_1_623' title='bbox 1193 5772 1335 5839; x_wconf 87' lang='lat' dir='ltr'><strong><em>dent,</em></strong></span> <span class='ocrx_word' id='word_1_624' title='bbox 1373 5784 1438 5826; x_wconf 87' lang='lat' dir='ltr'><strong><em>ne</em></strong></span> <span class='ocrx_word' id='word_1_625' title='bbox 1465 5768 1588 5839; x_wconf 85' lang='lat' dir='ltr'><strong><em>quid</em></strong></span> <span class='ocrx_word' id='word_1_626' title='bbox 1603 5767 1682 5824; x_wconf 76' lang='lat' dir='ltr'><strong><em>vel</em></strong></span> <span class='ocrx_word' id='word_1_627' title='bbox 1705 5768 1814 5825; x_wconf 82' lang='lat' dir='ltr'><strong><em>htec</em></strong></span> <span class='ocrx_word' id='word_1_628' title='bbox 1837 5768 1918 5825; x_wconf 75' lang='lat' dir='ltr'><strong><em>vel</em></strong></span> <span class='ocrx_word' id='word_1_629' title='bbox 1945 5769 2037 5826; x_wconf 90' lang='lat' dir='ltr'><strong><em>illa</em></strong></span> <span class='ocrx_word' id='word_1_630' title='bbox 2066 5770 2156 5826; x_wconf 88' lang='lat' dir='ltr'><strong><em>de-</em></strong></span> 
     </span>
    </p>
   </div>
   <div class='ocr_carea' id='block_1_83' title="bbox 2248 4653 3861 4729">
    <p class='ocr_par' dir='ltr' id='par_1_83' title="bbox 2248 4653 3861 4729">
     <span class='ocr_line' id='line_1_84' title="bbox 2248 4653 3861 4729; baseline 0.004 -22"><span class='ocrx_word' id='word_1_631' title='bbox 2248 4653 2648 4727; x_wconf 86' lang='lat' dir='ltr'><strong><em>chigrammateo</em></strong></span> <span class='ocrx_word' id='word_1_632' title='bbox 2676 4656 2825 4726; x_wconf 88' lang='lat' dir='ltr'><strong><em>fratri</em></strong></span> <span class='ocrx_word' id='word_1_633' title='bbox 2853 4667 2961 4723; x_wconf 90' lang='lat' dir='ltr'><strong><em>tuo,</em></strong></span> <span class='ocrx_word' id='word_1_634' title='bbox 2987 4666 3035 4711; x_wconf 91' lang='lat' dir='ltr'><strong><em>et</em></strong></span> <span class='ocrx_word' id='word_1_635' title='bbox 3068 4658 3293 4713; x_wconf 89' lang='lat' dir='ltr'><strong><em>dominis</em></strong></span> <span class='ocrx_word' id='word_1_636' title='bbox 3320 4676 3353 4713; x_wconf 90' lang='lat' dir='ltr'><strong><em>a</em></strong></span> <span class='ocrx_word' id='word_1_637' title='bbox 3388 4658 3450 4713; x_wconf 88' lang='lat' dir='ltr'><strong><em>S.</em></strong></span> <span class='ocrx_word' id='word_1_638' title='bbox 3482 4658 3714 4724; x_wconf 77' lang='lat' dir='ltr'><strong><em>Andrea,</em></strong></span> <span class='ocrx_word' id='word_1_639' title='bbox 3746 4663 3861 4729; x_wconf 80' lang='lat' dir='ltr'><strong><em>fra-</em></strong></span> 
     </span>
    </p>
   </div>
   <div class='ocr_carea' id='block_1_84' title="bbox 2251 4747 3857 4819">
    <p class='ocr_par' dir='ltr' id='par_1_84' title="bbox 2251 4747 3857 4819">
     <span class='ocr_line' id='line_1_85' title="bbox 2251 4747 3857 4819; baseline 0.002 -19"><span class='ocrx_word' id='word_1_640' title='bbox 2251 4747 2433 4811; x_wconf 88' lang='lat' dir='ltr'><strong><em>tribus,</em></strong></span> <span class='ocrx_word' id='word_1_641' title='bbox 2463 4748 2561 4803; x_wconf 85' lang='lat' dir='ltr'><strong><em>tuis</em></strong></span> <span class='ocrx_word' id='word_1_642' title='bbox 2593 4748 2849 4819; x_wconf 72' lang='lat' dir='ltr'><strong><em>afﬁnibus,</em></strong></span> <span class='ocrx_word' id='word_1_643' title='bbox 2871 4749 2993 4804; x_wconf 83' lang='lat' dir='ltr'><strong><em>viris</em></strong></span> <span class='ocrx_word' id='word_1_644' title='bbox 3015 4748 3321 4803; x_wconf 87' lang='lat' dir='ltr'><strong><em>clarissimis</em></strong></span> <span class='ocrx_word' id='word_1_645' title='bbox 3340 4760 3495 4819; x_wconf 90' lang='lat' dir='ltr'><strong><em>atque</em></strong></span> <span class='ocrx_word' id='word_1_646' title='bbox 3520 4749 3857 4804; x_wconf 74' lang='lat' dir='ltr'><strong><em>doctissimis.</em></strong></span> 
     </span>
    </p>
   </div>
   <div class='ocr_carea' id='block_1_85' title="bbox 2254 4840 3863 4912">
    <p class='ocr_par' dir='ltr' id='par_1_85' title="bbox 2254 4840 3863 4912">
     <span class='ocr_line' id='line_1_86' title="bbox 2254 4840 3863 4912; baseline 0 -17"><span class='ocrx_word' id='word_1_647' title='bbox 2254 4840 2432 4912; x_wconf 85' lang='lat' dir='ltr'><strong><em>Neque</em></strong></span> <span class='ocrx_word' id='word_1_648' title='bbox 2460 4857 2584 4895; x_wconf 90' lang='lat' dir='ltr'><strong><em>sane</em></strong></span> <span class='ocrx_word' id='word_1_649' title='bbox 2623 4842 2963 4911; x_wconf 65' lang='lat' dir='ltr'><strong><em>testiﬁcanda:</em></strong></span> <span class='ocrx_word' id='word_1_650' title='bbox 2989 4858 3114 4896; x_wconf 75' lang='lat' dir='ltr'><strong><em>mete</em></strong></span> <span class='ocrx_word' id='word_1_651' title='bbox 3141 4857 3261 4912; x_wconf 88' lang='lat' dir='ltr'><strong><em>erga</em></strong></span> <span class='ocrx_word' id='word_1_652' title='bbox 3282 4850 3330 4894; x_wconf 89' lang='lat' dir='ltr'><strong><em>te</em></strong></span> <span class='ocrx_word' id='word_1_653' title='bbox 3354 4851 3405 4895; x_wconf 90' lang='lat' dir='ltr'><strong><em>et</em></strong></span> <span class='ocrx_word' id='word_1_654' title='bbox 3435 4852 3551 4895; x_wconf 90' lang='lat' dir='ltr'><strong><em>tuos</em></strong></span> <span class='ocrx_word' id='word_1_655' title='bbox 3580 4845 3863 4895; x_wconf 69' lang='lat' dir='ltr'><strong><em>observan-</em></strong></span> 
     </span>
    </p>
   </div>
   <div class='ocr_carea' id='block_1_86' title="bbox 2249 4933 3866 5007">
    <p class='ocr_par' dir='ltr' id='par_1_86' title="bbox 2249 4933 3866 5007">
     <span class='ocr_line' id='line_1_87' title="bbox 2249 4933 3866 5007; baseline 0 -20"><span class='ocrx_word' id='word_1_656' title='bbox 2249 4933 2334 4987; x_wconf 76' lang='lat' dir='ltr'><strong><em>tia:</em></strong></span> <span class='ocrx_word' id='word_1_657' title='bbox 2361 4934 2612 4987; x_wconf 87' lang='lat' dir='ltr'><strong><em>rationem</em></strong></span> <span class='ocrx_word' id='word_1_658' title='bbox 2641 4934 2900 4989; x_wconf 88' lang='lat' dir='ltr'><strong><em>meliorem</em></strong></span> <span class='ocrx_word' id='word_1_659' title='bbox 2922 4951 3026 4989; x_wconf 87' lang='lat' dir='ltr'><strong><em>esse</em></strong></span> <span class='ocrx_word' id='word_1_660' title='bbox 3037 4934 3296 5007; x_wconf 80' lang='lat' dir='ltr'><strong><em>judicavi,</em></strong></span> <span class='ocrx_word' id='word_1_661' title='bbox 3318 4950 3477 5004; x_wconf 86' lang='lat' dir='ltr'><strong><em>quam</em></strong></span> <span class='ocrx_word' id='word_1_662' title='bbox 3504 4934 3717 5005; x_wconf 83' lang='lat' dir='ltr'><strong><em>hujusce</em></strong></span> <span class='ocrx_word' id='word_1_663' title='bbox 3736 4950 3866 4988; x_wconf 66' lang='lat' dir='ltr'><strong><em>coa-</em></strong></span> 
     </span>
    </p>
   </div>
   <div class='ocr_carea' id='block_1_87' title="bbox 2253 5026 3868 5099">
    <p class='ocr_par' dir='ltr' id='par_1_87' title="bbox 2253 5026 3868 5099">
     <span class='ocr_line' id='line_1_88' title="bbox 2253 5026 3868 5099; baseline -0.001 -19"><span class='ocrx_word' id='word_1_664' title='bbox 2253 5027 2357 5081; x_wconf 92' lang='lat' dir='ltr'><strong><em>silii</em></strong></span> <span class='ocrx_word' id='word_1_665' title='bbox 2383 5026 2678 5081; x_wconf 88' lang='lat' dir='ltr'><strong><em>relationem</em></strong></span> <span class='ocrx_word' id='word_1_666' title='bbox 2712 5043 2730 5081; x_wconf 91' lang='lat'><strong><em>:</em></strong></span> <span class='ocrx_word' id='word_1_667' title='bbox 2760 5044 2923 5099; x_wconf 85' lang='lat' dir='ltr'><strong><em>neque</em></strong></span> <span class='ocrx_word' id='word_1_668' title='bbox 2947 5028 2990 5083; x_wconf 89' lang='lat' dir='ltr'><strong><em>si</em></strong></span> <span class='ocrx_word' id='word_1_669' title='bbox 3032 5026 3095 5081; x_wconf 91' lang='lat' dir='ltr'><strong><em>de</em></strong></span> <span class='ocrx_word' id='word_1_670' title='bbox 3130 5027 3330 5097; x_wconf 79' lang='lat' dir='ltr'><strong><em>privato</em></strong></span> <span class='ocrx_word' id='word_1_671' title='bbox 3368 5036 3547 5081; x_wconf 83' lang='lat' dir='ltr'><strong><em>nostro</em></strong></span> <span class='ocrx_word' id='word_1_672' title='bbox 3561 5027 3691 5098; x_wconf 82' lang='lat' dir='ltr'><strong><em>jure</em></strong></span> <span class='ocrx_word' id='word_1_673' title='bbox 3721 5026 3868 5080; x_wconf 66' lang='lat' dir='ltr'><strong><em>civili</em></strong></span> 
     </span>
    </p>
   </div>
   <div class='ocr_carea' id='block_1_88' title="bbox 2255 5116 3870 5187">
    <p class='ocr_par' dir='ltr' id='par_1_88' title="bbox 2255 5116 3870 5187">
     <span class='ocr_line' id='line_1_89' title="bbox 2255 5116 3870 5187; baseline -0.001 -15"><span class='ocrx_word' id='word_1_674' title='bbox 2255 5118 2471 5173; x_wconf 89' lang='lat' dir='ltr'><strong><em>otiosam</em></strong></span> <span class='ocrx_word' id='word_1_675' title='bbox 2501 5128 2546 5172; x_wconf 92' lang='lat' dir='ltr'><strong><em>et</em></strong></span> <span class='ocrx_word' id='word_1_676' title='bbox 2584 5117 2829 5172; x_wconf 86' lang='lat' dir='ltr'><strong><em>humilem</em></strong></span> <span class='ocrx_word' id='word_1_677' title='bbox 2858 5128 2902 5173; x_wconf 92' lang='lat' dir='ltr'><strong><em>et</em></strong></span> <span class='ocrx_word' id='word_1_678' title='bbox 2927 5119 3095 5174; x_wconf 87' lang='lat' dir='ltr'><strong><em>tritam</em></strong></span> <span class='ocrx_word' id='word_1_679' title='bbox 3118 5118 3350 5187; x_wconf 89' lang='lat' dir='ltr'><strong><em>aliquam</em></strong></span> <span class='ocrx_word' id='word_1_680' title='bbox 3368 5134 3433 5171; x_wconf 71' lang='lat' dir='ltr'><strong><em>ex</em></strong></span> <span class='ocrx_word' id='word_1_681' title='bbox 3455 5116 3637 5170; x_wconf 86' lang='lat' dir='ltr'><strong><em>subtili</em></strong></span> <span class='ocrx_word' id='word_1_682' title='bbox 3657 5116 3870 5180; x_wconf 66' lang='lat' dir='ltr'><strong><em>pulvere</em></strong></span> 
     </span>
    </p>
   </div>
   <div class='ocr_carea' id='block_1_89' title="bbox 2258 5210 3870 5283">
    <p class='ocr_par' dir='ltr' id='par_1_89' title="bbox 2258 5210 3870 5283">
     <span class='ocr_line' id='line_1_90' title="bbox 2258 5210 3870 5283; baseline -0.004 -17"><span class='ocrx_word' id='word_1_683' title='bbox 2258 5213 2334 5266; x_wconf 76' lang='lat' dir='ltr'><strong><em>vel</em></strong></span> <span class='ocrx_word' id='word_1_684' title='bbox 2359 5211 2461 5282; x_wconf 90' lang='lat' dir='ltr'><strong><em>fori</em></strong></span> <span class='ocrx_word' id='word_1_685' title='bbox 2487 5211 2567 5267; x_wconf 81' lang='lat' dir='ltr'><strong><em>vel</em></strong></span> <span class='ocrx_word' id='word_1_686' title='bbox 2590 5212 2841 5265; x_wconf 87' lang='lat' dir='ltr'><strong><em>auditorii</em></strong></span> <span class='ocrx_word' id='word_1_687' title='bbox 2868 5213 3091 5283; x_wconf 88' lang='lat' dir='ltr'><strong><em>alicujus</em></strong></span> <span class='ocrx_word' id='word_1_688' title='bbox 3122 5210 3526 5281; x_wconf 84' lang='lat' dir='ltr'><strong><em>disputationem</em></strong></span> <span class='ocrx_word' id='word_1_689' title='bbox 3553 5218 3870 5277; x_wconf 75' lang='lat' dir='ltr'><strong><em>repeterem,</em></strong></span> 
     </span>
    </p>
   </div>
   <div class='ocr_carea' id='block_1_90' title="bbox 2260 5299 3872 5374">
    <p class='ocr_par' dir='ltr' id='par_1_90' title="bbox 2260 5299 3872 5374">
     <span class='ocr_line' id='line_1_91' title="bbox 2260 5299 3872 5374; baseline -0.002 -19"><span class='ocrx_word' id='word_1_690' title='bbox 2260 5301 2545 5356; x_wconf 77' lang='lat' dir='ltr'><strong><em>existimavi</em></strong></span> <span class='ocrx_word' id='word_1_691' title='bbox 2569 5304 2843 5370; x_wconf 88' lang='lat' dir='ltr'><strong><em>gratiorem</em></strong></span> <span class='ocrx_word' id='word_1_692' title='bbox 2869 5302 2960 5357; x_wconf 87' lang='lat' dir='ltr'><strong><em>tibi</em></strong></span> <span class='ocrx_word' id='word_1_693' title='bbox 2987 5304 3096 5373; x_wconf 87' lang='lat' dir='ltr'><strong><em>fore</em></strong></span> <span class='ocrx_word' id='word_1_694' title='bbox 3131 5305 3244 5374; x_wconf 86' lang='lat' dir='ltr'><strong><em>ejus</em></strong></span> <span class='ocrx_word' id='word_1_695' title='bbox 3287 5301 3512 5354; x_wconf 85' lang='lat' dir='ltr'><strong><em>muneris</em></strong></span> <span class='ocrx_word' id='word_1_696' title='bbox 3541 5299 3872 5352; x_wconf 76' lang='lat' dir='ltr'><strong><em>editionem:</em></strong></span> 
     </span>
    </p>
   </div>
   <div class='ocr_carea' id='block_1_91' title="bbox 2258 5393 3641 5471">
    <p class='ocr_par' dir='ltr' id='par_1_91' title="bbox 2258 5393 3641 5471">
     <span class='ocr_line' id='line_1_92' title="bbox 2258 5393 3641 5471; baseline -0.003 -20"><span class='ocrx_word' id='word_1_697' title='bbox 2258 5397 2453 5471; x_wconf 80' lang='lat' dir='ltr'><strong><em>veritus</em></strong></span> <span class='ocrx_word' id='word_1_698' title='bbox 2469 5412 2583 5451; x_wconf 90' lang='lat' dir='ltr'><strong><em>sum</em></strong></span> <span class='ocrx_word' id='word_1_699' title='bbox 2611 5397 2804 5467; x_wconf 89' lang='lat' dir='ltr'><strong><em>potius,</em></strong></span> <span class='ocrx_word' id='word_1_700' title='bbox 2837 5412 2899 5450; x_wconf 93' lang='lat' dir='ltr'><strong><em>ne</em></strong></span> <span class='ocrx_word' id='word_1_701' title='bbox 2924 5405 3044 5450; x_wconf 90' lang='lat' dir='ltr'><strong><em>tunc</em></strong></span> <span class='ocrx_word' id='word_1_702' title='bbox 3069 5394 3299 5449; x_wconf 89' lang='lat' dir='ltr'><strong><em>audirem</em></strong></span> <span class='ocrx_word' id='word_1_703' title='bbox 3329 5403 3468 5449; x_wconf 76' lang='lat' dir='ltr'><strong><em>vetus</em></strong></span> <span class='ocrx_word' id='word_1_704' title='bbox 3488 5393 3641 5463; x_wconf 88' lang='lat' dir='ltr'><strong><em>illud,</em></strong></span> 
     </span>
    </p>
   </div>
   <div class='ocr_carea' id='block_1_92' title="bbox 2329 5528 3646 5600">
    <p class='ocr_par' dir='ltr' id='par_1_92' title="bbox 2329 5528 3646 5600">
     <span class='ocr_line' id='line_1_93' title="bbox 2329 5528 3646 5600; baseline -0.003 -13"><span class='ocrx_word' id='word_1_705' title='bbox 2329 5530 2449 5587; x_wconf 81' lang='lat' dir='ltr'><strong><em>Non</em></strong></span> <span class='ocrx_word' id='word_1_706' title='bbox 2477 5529 2580 5586; x_wconf 87' lang='lat' dir='ltr'><strong><em>hoc</em></strong></span> <span class='ocrx_word' id='word_1_707' title='bbox 2607 5531 2711 5586; x_wconf 81' lang='lat' dir='ltr'><strong><em>ista</em></strong></span> <span class='ocrx_word' id='word_1_708' title='bbox 2740 5530 2843 5586; x_wconf 88' lang='lat' dir='ltr'><strong><em>sibi</em></strong></span> <span class='ocrx_word' id='word_1_709' title='bbox 2871 5538 3086 5599; x_wconf 86' lang='lat' dir='ltr'><strong><em>tempus</em></strong></span> <span class='ocrx_word' id='word_1_710' title='bbox 3111 5528 3417 5600; x_wconf 80' lang='lat' dir='ltr'><strong><em>spectacula</em></strong></span> <span class='ocrx_word' id='word_1_711' title='bbox 3443 5529 3646 5596; x_wconf 81' lang='lat' dir='ltr'><strong><em>poscit.</em></strong></span> 
     </span>
    </p>
   </div>
   <div class='ocr_carea' id='block_1_93' title="bbox 2341 5661 3694 5736">
    <p class='ocr_par' dir='ltr' id='par_1_93' title="bbox 2341 5661 3694 5736">
     <span class='ocr_line' id='line_1_94' title="bbox 2341 5661 3694 5736; baseline -0.003 -14"><span class='ocrx_word' id='word_1_712' title='bbox 2341 5665 2488 5736; x_wconf 83' lang='lat' dir='ltr'><strong><em>Vale,</em></strong></span> <span class='ocrx_word' id='word_1_713' title='bbox 2518 5663 2735 5722; x_wconf 79' lang='lat' dir='ltr'><strong><em>Lutetia:</em></strong></span> <span class='ocrx_word' id='word_1_714' title='bbox 2764 5663 3089 5720; x_wconf 87' lang='lat' dir='ltr'><strong><em>Parisiorum</em></strong></span> <span class='ocrx_word' id='word_1_715' title='bbox 3110 5661 3315 5720; x_wconf 85' lang='lat' dir='ltr'><strong><em>kalend.</em></strong></span> <span class='ocrx_word' id='word_1_716' title='bbox 3340 5662 3494 5733; x_wconf 76' lang='lat' dir='ltr'><strong><em>April</em></strong></span> <span class='ocrx_word' id='word_1_717' title='bbox 3524 5661 3694 5720; x_wconf 74' lang='grc'><strong><em>1566.</em></strong></span> 
     </span>
    </p>
   </div>
  </div>
