4134 6186
318 179 436 235 Mli

643 303 806 377 339
859 307 1356 394 LECTORI.

377 459 448 515 De
469 458 645 516 Enea
666 470 947 531 spectante
975 459 1460 539 Carthaginiensem
1484 471 1747 543 picturam
1770 472 1904 530 belli

313 553 521 625 Trojani
552 554 776 624 scripsit
805 555 935 611 olim
976 558 1156 615 bonus
1188 562 1392 618 Poeta:

610 667 840 718 Animum
858 669 1050 732 pictura
1074 674 1234 736 pascit
1253 675 1385 726 inani

483 729 632 781 Multa
657 729 994 793 gemens......

371 836 483 907 Ego
517 852 650 893 vero
679 845 738 891 ut
776 835 1069 892 JEneidem
1117 839 1271 896 illam
1303 843 1592 915 aliquando
1631 847 1901 919 relegens,

308 945 457 1001 quam
486 928 616 984 mihi
653 944 824 999 puero
869 929 924 983 in
956 929 1088 984 ludo
1115 934 1430 1001 prtelectam
1464 938 1630 994 fuisse
1654 938 1901 1008 memini,

308 1036 359 1083 et
375 1041 614 1082 meorum
636 1040 860 1080 casuum
881 1025 1256 1082 conditionem
1277 1045 1596 1101 comparans
1608 1034 1756 1090 varie
1779 1033 1903 1088 affi-

307 1120 433 1187 cior,
464 1120 693 1174 multum
719 1120 836 1190 ipse
866 1126 922 1173 et
953 1119 1119 1175 terris
1162 1121 1398 1190 jactatus
1450 1134 1506 1181 et
1541 1125 1652 1181 alto
1681 1143 1694 1180 :
1739 1128 1818 1183 sic
1848 1127 1904 1182 in

306 1213 397 1267 ista
431 1213 686 1269 Ecclesiae
717 1228 890 1284 prope
919 1212 1226 1282 deplorata:
1249 1217 1560 1276 calamitate
1589 1230 1640 1276 et
1662 1236 1904 1277 commu-

307 1306 458 1360 nibus
500 1306 814 1376 reipublicae
854 1307 1118 1373 miseriis,
1162 1310 1358 1379 quibus
1387 1327 1494 1366 non
1537 1315 1714 1368 minus
1740 1330 1901 1384 quam

304 1396 520 1466 privatis
548 1399 807 1453 aerumnis
834 1413 1210 1467 commoveor,
1247 1411 1498 1458 maestum
1538 1405 1776 1460 animum
1817 1416 1903 1462 ut-

303 1505 528 1560 cumque
554 1505 716 1560 pasco
747 1499 994 1545 veterum
1020 1490 1376 1547 historiarum
1415 1496 1812 1563 recordatione,
1848 1497 1902 1553 in

303 1583 496 1652 quibus
528 1585 693 1638 multa
732 1583 893 1639 etiam
933 1595 1249 1652 occurrunt,
1281 1602 1404 1656 qum
1437 1604 1523 1643 me
1566 1592 1905 1660 gemitusque

300 1690 447 1730 meos
491 1676 866 1731 consolentur.
899 1675 1035 1732 Cum
1068 1689 1258 1732 autem
1308 1677 1361 1732 id
1403 1694 1566 1748 agens
1599 1681 1736 1737 forte
1766 1680 1902 1735 inci-

299 1765 499 1822 dissem
544 1768 596 1822 in
635 1768 880 1837 quaedam
927 1779 1282 1825 monumenta
1312 1770 1572 1827 Ecclesiae
1615 1773 1900 1844 Carthagi-

300 1859 501 1923 nensis,
542 1857 596 1912 in
648 1859 865 1926 quibus.
918 1873 1025 1914 non
1068 1869 1129 1914 ut
1160 1860 1255 1916 ille
1300 1861 1352 1914 in
1397 1863 1600 1930 templo
1654 1865 1900 1931 Didonis,

294 1952 490 2021 pictam
520 1951 646 2007 belli
677 1951 895 2022 Trojani
924 1951 1206 2007 historiam
1238 1953 1336 2008 sed
1368 1954 1767 2012 Ecclesiasticae
1793 1973 1904 2012 cu-

288 2043 502 2113 jusdam
531 2043 600 2099 de
635 2044 873 2099 Ecclesia
901 2060 1022 2100 cum
1051 2044 1354 2100 Donatistis
1381 2047 1770 2116 disputationis
1799 2063 1902 2102 no-

289 2134 633 2189 billissimam
661 2134 1082 2205 descriptionem
1115 2137 1390 2214 legebam,
1422 2139 1500 2193 sic
1522 2140 1642 2208 ejus
1674 2157 1761 2195 me
1791 2140 1904 2196 lec-

291 2230 366 2282 tio
389 2229 672 2292 recreavit,
706 2238 768 2283 ut
792 2229 950 2283 simul
977 2230 1224 2300 cogitans
1245 2230 1316 2285 de
1340 2239 1650 2286 nostrorum
1685 2241 1902 2303 tempo-

259 2316 406 2374 rum
445 2320 834 2375 certaminibus
877 2335 1022 2391 saepe
1068 2321 1449 2392 ingemuerim.
1487 2324 1730 2394 Memini,
1776 2341 1902 2380 cum

285 2414 601 2468 llatisbonae
633 2415 689 2468 in
720 2413 1009 2470 Germania
1050 2414 1280 2471 Carolus
1314 2415 1354 2469 V
1398 2417 1528 2486 imp.
1574 2420 1815 2486 comitia,
1847 2419 1902 2475 in

283 2505 484 2576 quibus
512 2504 580 2560 de
618 2505 881 2574 religione
911 2506 1196 2575 qumsitum
1231 2517 1397 2576 atque
1422 2507 1758 2577 diSpmatum
1789 2519 1898 2578 est,

283 2599 532 2664 haberet,
567 2597 846 2652 laudatum
874 2597 1044 2654 fuisse
1071 2607 1226 2654 vetus
1257 2602 1567 2669 exemplum
1597 2603 1743 2658 illius
1771 2604 1901 2660 Car-

283 2689 623 2760 thagineusis
644 2689 728 2762 (ut
750 2699 937 2745 vocata
969 2690 1074 2763 est)
1099 2692 1412 2747 collationis
1438 2710 1450 2745 :
1471 2704 1523 2748 et
1554 2696 1762 2766 aliquot
1779 2705 1902 2766 post

279 2783 465 2847 annis,
497 2797 621 2836 cum
651 2783 703 2836 in
730 2781 960 2838 Galliam
992 2798 1258 2839 reversus
1295 2783 1461 2839 etiam
1491 2786 1811 2844 incidissem
1843 2790 1895 2847 in

279 2889 612 2934 conventum
661 2879 806 2933 illmn
858 2879 1168 2948 Posiacum,
1218 2882 1415 2950 inquo
1459 2897 1570 2936 non
1614 2883 1897 2941 dissimilis

275 2969 502 3024 collatio
533 2984 722 3024 rursus
761 2969 1006 3026 instituta
1052 2986 1172 3026 esse
1219 2970 1528 3038 dicebatur,
1581 2989 1691 3029 non
1735 2976 1896 3030 dissi-

276 3061 488 3116 mulavi
514 3071 736 3117 exstare
780 3061 834 3116 in
863 3061 1130 3119 Africana:
1160 3063 1421 3118 Ecclesia:
1463 3062 1690 3121 historia
1720 3069 1892 3124 veteri

274 3156 592 3225 exemplum
639 3156 1018 3219 memorabile,
1068 3158 1119 3211 in
1165 3157 1312 3228 quod
1347 3157 1463 3212 haec
1512 3168 1649 3215 artas
1695 3163 1893 3218 intueri

273 3249 527 3306 deberet.
553 3249 662 3306 Sed
683 3251 848 3322 quid?
873 3250 1058 3322 Neque
1081 3253 1381 3308 Marcellini
1408 3255 1692 3324 praesides,
1719 3275 1897 3330 neque

271 3343 567 3414 Augustini
594 3347 868 3401 antistites
894 3362 1036 3401 nunc
1064 3362 1254 3402 rursus
1281 3355 1603 3412 occurrunt,
1637 3361 1696 3406 ut
1725 3352 1896 3409 Cres-

273 3435 428 3491 conii
474 3438 809 3506 grammatici
853 3446 910 3494 et
946 3438 1196 3494 Petiliani
1233 3438 1516 3495 causidici.
1550 3441 1725 3498 Tanto
1764 3461 1896 3501 vero

272 3529 462 3599 magis
492 3537 576 3583 est
627 3545 851 3586 necesse
896 3542 952 3586 ut
983 3543 1295 3588 recurratur
1324 3533 1391 3587 ad
1434 3535 1724 3592 consilium
1756 3554 1896 3608 praes

270 3622 591 3691 sidiumqne
622 3622 778 3677 bona:
808 3625 1168 3693 antiquitatis,
1197 3627 1350 3697 cujus
1372 3641 1434 3682 ea
1462 3637 1546 3683 est
1572 3631 1890 3700 auctoritas,

268 3725 336 3770 ut
391 3713 786 3769 audacissimos
844 3714 1006 3770 etiam
1054 3717 1403 3774 adversarios
1468 3735 1613 3791 smpe
1668 3732 1888 3780 terreat.

267 3806 412 3863 Feci
442 3805 620 3876 itaque
652 3807 1019 3876 perlnbenter,
1053 3817 1110 3863 ut
1132 3809 1276 3865 illius
1303 3808 1744 3880 Carthaginiensis
1767 3816 1884 3888 (cu-

259 3900 364 3970 jus
413 3899 575 3954 modo
631 3900 872 3971 memini)
928 3900 1239 3958 collationis
1288 3911 1434 3968 acta,
1480 3921 1599 3974 qua:
1649 3910 1888 3965 nondum

263 3992 424 4049 edita
458 3990 588 4045 mihi
638 3993 1060 4048 communicavit
1096 3993 1340 4052 Joannes
1379 3995 1554 4052 Tilius
1598 3999 1890 4060 Meldeusis

260 4087 570 4157 episcopus
607 4086 956 4143 doctissimus
986 4091 1318 4158 evolverem,
1348 4103 1404 4147 et
1445 4107 1568 4149 cum
1601 4095 1890 4166 Augustini

261 4177 566 4235 Breviculo
616 4178 946 4235 conferrem.
998 4181 1133 4236 Nam
1185 4192 1241 4239 et
1287 4185 1342 4239 in
1397 4185 1464 4239 iis
1493 4201 1712 4258 aspersa
1763 4199 1890 4245 sunt

258 4272 452 4327 multa
500 4270 638 4340 juris
685 4271 860 4326 nostri
899 4271 1066 4327 veluti
1113 4274 1466 4342 emblemata,
1515 4287 1569 4333 et
1616 4281 1886 4336 actionem

256 4364 838 4434 disceptationemque
859 4365 1140 4421 continent
1168 4367 1237 4423 de
1269 4367 1511 4424 Ecclesia
1552 4386 1721 4442 prope
1745 4373 1883 4429 civi-

250 4457 378 4512 lem
417 4473 430 4508 :
479 4465 533 4511 et
580 4467 638 4510 ut
680 4457 930 4527 cognitor
975 4465 1137 4528 atque
1163 4459 1335 4529 judex
1385 4471 1470 4518 est
1512 4463 1880 4537 Marcellinus,

250 4563 528 4618 magnum
556 4548 1005 4620 jurisprudentia:
1033 4549 1220 4618 decus,
1257 4553 1337 4608 sic
1365 4563 1579 4615 actores
1614 4567 1742 4612 sunt
1772 4573 1879 4614 non

247 4641 866 4713 iruperitijudiciorum
899 4643 1218 4699 forensium.
1262 4646 1375 4701 Iino
1419 4648 1740 4717 Petilianus,
1787 4655 1879 4724 qui

248 4737 540 4792 malarum
566 4736 794 4804 partium
819 4745 1082 4807 patronus
1101 4739 1253 4794 estin
1284 4741 1385 4796 hac
1408 4757 1589 4809 causa,
1617 4745 1884 4801 versutior

244 4830 369 4885 fuit
399 4827 730 4896 causidicus,
750 4838 805 4884 et
828 4829 1122 4887 forensium
1141 4834 1457 4890 cantionum
1480 4847 1641 4908 atque
1663 4840 1881 4896 cavilla-

245 4923 386 4978 tion
397 4938 486 4975 um
507 4923 750 4990 peritior,
767 4939 928 4994 quam
950 4938 1108 4979 cauSa
1126 4929 1443 4996 postularet.
1463 4929 1580 4986 Non
1597 4933 1740 4988 enim
1760 4949 1882 4990 cum

243 5016 328 5071 ad
365 5014 819 5085 gubernationem
839 5017 1084 5073 ecclesiae
1121 5019 1524 5079 Donatistarum
1553 5029 1874 5096 transiisset,

241 5107 518 5163 oblivisci
543 5108 928 5177 potuitveteris
957 5124 1069 5164 suae
1096 5115 1506 5171 consuetudinis
1523 5127 1576 5172 et
1603 5121 1755 5175 artis.
1780 5119 1879 5176 So-

241 5196 641 5265 lebatjactare
659 5199 956 5267 potentiam
980 5203 1250 5270 quondam
1272 5221 1423 5261 suam
1445 5208 1497 5260 in
1522 5209 1876 5268 advocatione

238 5293 501 5356 forensi,
531 5301 587 5344 ut
629 5291 957 5362 Augustinus
984 5294 1059 5348 ait
1087 5295 1202 5368 (lib.
1235 5313 1293 5352 In
1326 5311 1507 5355 contra
1541 5298 1722 5367 PeliL,
1752 5319 1869 5373 cap.

239 5384 385 5452 i7).
423 5381 529 5438 Sed
561 5382 699 5437 bene
726 5381 909 5449 habet,
944 5386 1104 5442 talem
1130 5390 1374 5447 rabulam
1403 5409 1511 5449 non
1539 5395 1701 5451 modo
1731 5395 1872 5452 inci-

234 5476 422 5531 disse
455 5476 507 5528 in
533 5473 928 5542 Marcellinum,
954 5479 1050 5533 sed
1082 5480 1378 5538 incurrisse
1407 5486 1455 5540 in
1479 5487 1656 5557 ipsum
1688 5491 1873 5561 Augu-

229 5566 494 5632 stinum,
535 5567 624 5636 qui
667 5567 1035 5638 importunum
1085 5571 1338 5628 latratum
1388 5577 1536 5633 canis
1583 5581 1775 5652 impuri
1819 5593 1874 5638 et

230 5659 624 5733 impudentis,
647 5661 785 5732 justa
807 5663 1066 5734 gravique
1087 5668 1440 5737 responsione
1455 5677 1835 5746 comprimeret
1858 5694 1872 5732 :

1178 182 1509 245 HISTORIA
1544 183 2155 248 CARTHAGINENSIS
2191 189 2672 257 COLLATIONIS.

1929 1720 1980 1782 B

3484 216 3631 276 1442

2012 306 2211 378 quique
2240 310 2540 370 etiamnum
2565 315 2759 374 eodem
2789 317 3048 391 exemplo
3067 331 3419 394 compescere
3444 339 3633 400 posset

2014 398 2302 471 alios-ejus
2345 407 2563 474 generis
2589 409 2913 483 ordinisque
2953 420 3170 484 togatos
3202 417 3310 474 non
3339 398 3628 491 leguleios,

2011 492 2109 548 sed
2151 495 2482 553 nebulones.
2525 499 2659 556 Nam
2697 513 2752 559 et
2799 505 2943 561 tales
2974 504 3274 566 etiamnum
3322 514 3633 573 ardeliones

2011 582 2180 639 simili
2210 585 2536 660 intemperie
2584 591 2910 664 incitantur,
2966 607 3027 654 ut
3071 600 3346 673 allatrent,
3395 623 3628 677 quorum

2012 674 2232 746 linguae,
2290 680 2416 748 quia
2474 684 2770 742 meritoriae
2833 698 2987 758 sunt,
3035 695 3374 752 meretricias
3411 713 3635 771 quoque

2009 784 2155 824 nunc
2185 784 2308 826 esse
2337 772 2608 832 videmus.
2653 777 2770 835 Non
2802 781 2987 838 ausim
3028 799 3150 841 cum
3193 787 3460 847 Petiliano
3496 807 3636 849 con-

2009 859 2158 916 ferre
2188 861 2392 918 bonum
2427 866 2580 924 illum
2620 870 3004 942 Theodorum,
3032 893 3194 949 quem
3224 883 3438 954 quidam
3469 901 3635 944 vesa-

2008 970 2138 1009 num
2169 966 2388 1024 vocant,
2423 960 2517 1016 alii
2545 977 2768 1022 narrant
2800 969 2857 1023 in
2884 968 3111 1029 Posiaca
3139 975 3220 1044 (ut
3241 977 3360 1048 ipse
3391 983 3631 1055 vocavit)

2009 1046 2351 1114 velitatione,
2386 1051 2565 1108 visum
2597 1070 2720 1113 esse
2750 1059 2921 1117 valde
2948 1074 3248 1134 versutum,
3276 1071 3322 1125 si
3349 1089 3455 1129 non
3481 1083 3635 1134 vete-

2006 1155 2223 1207 ranum,
2254 1151 2310 1197 at
2338 1154 2489 1202 certe
2516 1158 2917 1209 veteratorem.
2959 1155 3096 1213 lllud
3129 1161 3290 1217 modo
3314 1164 3472 1222 dico:
3504 1183 3632 1228 cum

2008 1233 2062 1287 in
2087 1233 2502 1307 Carthaginensi
2530 1243 2698 1299 veluti
2733 1261 2907 1303 arena
2937 1251 3103 1307 multa
3134 1267 3340 1326 essent,
3370 1275 3490 1331 qua:
3520 1263 3628 1320 Pe-

2010 1325 2259 1382 tilianum
2309 1329 2688 1406 debilitarent,
2731 1341 2914 1396 multa
2963 1360 3093 1400 vero
3125 1347 3177 1403 in
3225 1349 3472 1421 Posiaca,
3506 1372 3631 1426 qua:

2007 1415 2332 1484 adiuvarent
2369 1423 2744 1498 Theodorum,
2781 1431 2992 1490 factum
3028 1447 3208 1497 tamen
3251 1458 3394 1512 esse,
3441 1455 3500 1502 ut
3537 1449 3629 1507 hic

2009 1523 2117 1563 non
2159 1512 2337 1568 minus
2363 1532 2525 1587 quam
2559 1521 2648 1576 ille
2695 1523 2749 1578 in
2784 1525 2904 1582 luto
2951 1529 3192 1600 haeserit,
3228 1551 3365 1598 cum
3403 1551 3625 1600 ventum

2009 1611 2156 1658 esset
2180 1605 2245 1659 ad
2273 1612 2614 1678 queStionem
2649 1615 2716 1671 de
2759 1617 3036 1691 Ecclesia,
3089 1626 3140 1681 in
3171 1643 3273 1698 qua
3305 1646 3492 1690 rursus
3524 1650 3622 1691 oc-

2007 1696 2266 1753 currebat
2296 1702 2655 1773 Augustinus,
2711 1717 2988 1782 tamquam
3033 1720 3310 1789 scopulus.
3352 1723 3465 1781 Imo
3494 1741 3620 1784 cum

2009 1785 2329 1848 Theodorus
2354 1795 2445 1852 ille
2469 1806 2596 1853 ante
2621 1801 2849 1868 primam
2876 1807 3040 1864 veluti
3069 1813 3382 1882 coitionem,
3406 1821 3623 1878 confes-

2008 1881 2219 1938 sionem
2247 1901 2357 1942 sna:
2384 1891 2595 1946 scilicet
2626 1891 2772 1963 fidei,
2806 1905 2917 1954 tam
2968 1917 3090 1971 suo,
3122 1921 3286 1977 quam
3319 1911 3620 1970 multorum

2006 1971 2307 2046 Gallorum,
2344 1982 2433 2052 qui
2485 1993 2664 2040 tamen
2714 2003 2832 2046 eam
2874 2009 3165 2066 numquam
3214 2002 3478 2072 legerant,
3519 2022 3620 2062 no-

2008 2067 2158 2125 mine
2187 2071 2431 2142 oll'erret,
2460 2077 2726 2150 principio
2754 2085 3037 2153 professus
3058 2099 3142 2146 est
3179 2108 3239 2149 se
3276 2095 3534 2154 damnare
3562 2108 3621 2156 et

2007 2155 2266 2217 detestari
2311 2175 2493 2221 sectas
2520 2182 2710 2227 omnes
2738 2184 2790 2229 et
2819 2175 3080 2248 haereses,
3121 2198 3242 2253 qua:
3266 2186 3394 2242 olim
3426 2189 3482 2244 in
3515 2191 3618 2246 Ec-

2011 2250 2176 2308 clesia
2213 2256 2485 2314 damnata:
2514 2274 2698 2319 essent
2727 2267 2824 2323 abs
2867 2275 3070 2329 sanctis
3120 2275 3459 2350 doctoribus,
3518 2283 3617 2341 abs

2008 2339 2199 2404 Hilarii
2224 2358 2279 2402 et
2307 2349 2592 2408 Athanasii
2625 2361 2961 2428 temporibus
2984 2381 3152 2437 usque
3179 2370 3245 2424 ad
3266 2371 3617 2432 Ambrosium

2008 2444 2063 2488 et
2094 2435 2384 2508 Cyrillum.
2423 2443 2680 2504 Riserunt
2709 2451 2927 2521 quidam
2955 2456 3008 2511 in
3043 2435 3136 2515 illo
3179 2475 3471 2534 conventu,
3505 2476 3618 2524 tam

2004 2526 2243 2598 ineptam
2272 2549 2395 2604 qua:
2426 2544 2604 2593 tamen
2637 2549 2744 2597 tam
2771 2543 2863 2600 diu
2889 2557 2944 2602 et
2971 2549 3127 2607 valde
3169 2553 3446 2614 elaborata
3484 2560 3618 2618 a'e

2009 2623 2254 2694 rebatur,
2304 2630 2534 2699 proferri
2565 2637 2889 2709 orationem,
2928 2659 3049 2715 quae
3086 2649 3440 2723 conjungeret
3475 2654 3611 2712 Am-

2002 2715 2247 2775 brosium
2277 2737 2396 2779 cum
2425 2724 2649 2799 Cyrillo,
2685 2742 2741 2788 et
2783 2735 3114 2807 significaret
3154 2715 3406 2816 magnum
3439 2749 3616 2820 quod-

2001 2809 2124 2865 dam
2169 2819 2427 2887 temporis
2450 2821 2794 2882 intervallum
2841 2829 3009 2889 fuisse
3054 2834 3196 2892 inter
3222 2839 3612 2913 Athanasium,

2003 2902 2338 2964 Hilariumve
2367 2921 2421 2966 et
2451 2913 2819 2987 Ambrosium,
2853 2937 2974 2978 cum
3009 2935 3185 2984 tamen
3213 2930 3329 3000 ipse
3365 2934 3617 2992 Theodo-

1998 3015 2112 3063 rus.
2141 3005 2404 3063 mirificus
2433 3009 2597 3083 340
2626 3013 3014 3091 chronologus,
3065 3040 3239 3096 nuper
3267 3027 3334 3082 ad
3373 3028 3614 3086 Polonos

2001 3095 2265 3164 scribens,
2317 3104 2596 3175 scripserit
2651 3109 2908 3168 Hilarium
2960 3115 3131 3173 fuisse
3505 3125 3617 3180 Au-

2001 3189 2225 3257 gustini.
2257 3192 2362 3249 Sed
2387 3197 2524 3252 tales
2551 3201 2913 3275 soloecismos,
2937 3224 3074 3279 quos
3090 3189 3417 3277 scholastica
3443 3219 3613 3274 ferula

2001 3279 2312 3350 castigaret,
2344 3285 2571 3345 barbato
2603 3296 2865 3364 magistro
2895 3307 3000 3354 tam
3034 3301 3195 3359 facile
3233 3307 3615 3367 condonarunt

2001 3370 2128 3426 boni
2169 3375 2468 3446 auditores,
2500 3397 2660 3452 quam
2689 3388 2869 3444 mirati
2913 3402 3061 3460 sunt,
3103 3396 3181 3452 sic
3212 3413 3337 3454 eum
3381 3400 3531 3473 loqui
3556 3411 3615 3460 et

1999 3465 2264 3531 scribere,
2299 3479 2357 3524 ut
2385 3486 2494 3527 non
2539 3476 2702 3533 modo
2741 3495 2846 3536 non
2880 3483 3160 3542 videretur
3187 3487 3451 3548 damnare
3496 3492 3612 3549 hae-

1998 3569 2173 3624 reses,
2201 3575 2323 3625 quae
2354 3574 2480 3619 ante
2518 3575 2759 3638 tempora
2805 3572 2994 3630 Hilarii
3022 3576 3306 3648 damnatae)
3335 3593 3480 3651 sunt,
3510 3585 3612 3642 sed

1999 3647 2161 3702 etiam
2212 3651 2548 3722 significaret
2595 3663 2906 3730 approbare
2935 3681 2996 3722 se
3039 3671 3221 3726 omnia
3261 3676 3463 3732 veteris
3505 3675 3612 3732 Ec-

1996 3737 2177 3795 clesiae
2221 3741 2422 3811 judicia
2464 3763 2492 3801 a
2525 3754 2860 3822 temporibus
2905 3757 3095 3815 Hilarii
3128 3778 3296 3835 usque
3336 3767 3403 3823 ad
3432 3765 3611 3840 Cyril-

1995 3828 2130 3886 lum.
2162 3832 2269 3888 Sed
2293 3837 2385 3906 qni
2416 3840 2609 3898 sedato
2637 3845 2820 3901 animo
2847 3857 2952 3904 tam
2973 3852 3257 3910 confusam
3281 3866 3336 3913 et
3359 3858 3608 3916 incondi-

1996 3928 2102 3976 tam
2145 3925 2542 3988 confessionem
2591 3936 2908 4008 audiebant,
2951 3942 3265 4012 judicarunt
3312 3951 3605 4020 quamdam

1994 4029 2116 4072 esse
2147 4020 2564 4089 trepidationem
2595 4027 2875 4087 hominum
2905 4034 2972 4089 ad
3015 4037 3286 4108 religiosa:
3313 4043 3607 4114 antiquita-

1997 4106 2065 4162 tis
2103 4110 2338 4167 tribunal
2367 4117 2521 4172 velut
2549 4128 2895 4177 evocatorum
2928 4142 2941 4177 :
2982 4137 3034 4181 et
3061 4139 3338 4202 optarunt,
3381 4145 3439 4190 ut
3477 4150 3603 4192 cum

1992 4198 2059 4252 ad
2107 4217 2168 4256 se
2212 4204 2523 4274 rediissent,
2583 4221 2688 4266 tam
2737 4213 2842 4269 sibi
2899 4227 3235 4292 constarent,
3290 4235 3347 4280 ut
3396 4227 3604 4299 simpli-

1993 4287 2126 4344 citer
2153 4304 2531 4364 agnoscerent,
2573 4301 2833 4360 Ecclesiae
2857 4306 2968 4376 jam
3011 4309 3136 4368 inde
3174 4314 3244 4370 ab
3287 4321 3600 4388 apostolicis

1994 4388 2326 4455 temporibus
2373 4403 2688 4464 perpetuam
2717 4389 3155 4475 consensionem,
3202 4410 3290 4468 ubi
3334 4418 3594 4486 occurrit,

1910 4485 1967 4546 D
1993 4490 2200 4548 magnae
2229 4495 2353 4538 esse
2382 4489 2722 4547 auctoritatis
2756 4509 2772 4548 :
2803 4502 2858 4549 et
2882 4511 3015 4552 vero
3042 4515 3164 4556 cum
3197 4505 3263 4559 ad
3291 4512 3420 4564 eam
3440 4525 3599 4568 revo-

1987 4580 2141 4627 catus
2164 4583 2312 4631 esset
2342 4577 2520 4636 bonus
2548 4582 2885 4656 Theodorus,
2918 4590 3039 4648 sine
3071 4592 3257 4653 fraude
3287 4608 3501 4669 poterat
3530 4605 3597 4661 lis

1991 4664 2241 4736 transigi,
2270 4668 2315 4723 si
2347 4669 2489 4725 bona
2533 4673 2622 4731 ille
2659 4677 2764 4734 fide
2806 4681 3028 4752 egisset.
3061 4684 3196 4742 Nam
3222 4664 3376 4747 et-ut
3417 4696 3597 4752 minus

1987 4753 2280 4825 dubitaret,
2310 4764 2694 4833 proferebatur
2716 4775 2857 4844 quod
2883 4778 2952 4834 ab
2981 4779 3102 4850 ejus
3131 4785 3392 4856 magistro
3421 4789 3476 4846 in
3505 4791 3592 4847 in-

1985 4849 2271 4909 stitutione
2314 4857 2580 4928 scriptum
2621 4874 2758 4932 erat,
2793 4849 3154 4940 AuguSIinum
3198 4880 3398 4937 merito
3441 4883 3594 4954 obje-

1986 4943 2130 5023 cisse
2160 4944 2459 5005 Donatistis
2487 4959 2892 5017 successionem
2923 4963 3188 5026 Ecclesia:
3218 4975 3549 5036 continuata:
3574 4999 3588 5038 :

1988 5019 2094 5090 non
2109 5037 2251 5092 enim
2271 5038 2489 5097 dubium
2507 5060 2648 5115 esse,
2671 5049 2806 5107 nihil
2825 5053 3055 5125 interea,
3073 5064 3359 5132 nequitiem
3375 5069 3589 5140 Romae,

1987 5138 2251 5184 mutatum
2284 5133 2336 5187 in
2359 5134 2604 5195 doctrina
2642 5142 2760 5214 ipsa
2789 5145 2976 5205 fuisse.
3011 5151 3118 5207 Sed
3157 5169 3278 5213 cum
3310 5165 3586 5234 prospice-

1986 5228 2071 5274 ret
2095 5231 2286 5279 cautus
2313 5225 2656 5302 Theodorus,
2688 5253 2798 5308 quo
2825 5242 3112 5315 recideret,
3138 5247 3184 5303 si
3213 5251 3264 5306 id
3295 5225 3588 5316 confiiere-

1979 5319 2100 5381 tur;
2124 5332 2301 5389 neque
2327 5332 2502 5378 tamen
2533 5335 2640 5382 tam
2667 5331 2843 5389 adhuc
2861 5337 3031 5393 audax
3053 5353 3220 5409 esset,
3247 5353 3305 5400 ut
3328 5347 3379 5402 id
3398 5361 3585 5419 aperte

1976 5404 2209 5464 inficiari
2253 5411 2499 5483 auderet,
2543 5418 2728 5490 elusit,
2763 5424 2994 5487 obscure
3031 5444 3086 5490 et
3126 5435 3350 5496 confuse
3402 5443 3584 5498 nescio

1976 5497 2104 5569 quid
2131 5500 2600 5577 submurmurans,
2622 5513 2674 5569 in
2699 5532 2805 5586 quo
2817 5536 2989 5594 neque
3002 5527 3270 5584 confessio
3301 5548 3475 5604 neque
3495 5533 3582 5591 in-

1977 5590 2178 5650 ficiatio
2207 5596 2616 5670 intelligeretur.
2644 5609 2734 5667 Sic
2753 5590 2976 5672 enimet
3001 5618 3313 5687 Petilianus,
3343 5639 3465 5680 cum
3493 5643 3584 5683 ur-

1975 5698 2194 5756 geretur
2229 5698 2289 5746 ut
2330 5708 2452 5749 cum
2497 5697 2795 5761 Ecclesiam
2836 5707 3162 5780 jampridem
3197 5711 3582 5785 degenerando
