4134 6186
551 161 690 246 tu;

2022 146 2391 243 max.

3708 179 3869 239 HM

546 301 812 358 defecisse
831 297 1176 362 causabatur,
1205 301 1417 353 notaret
1440 300 1652 364 tempus
1673 299 1728 348 et
1748 291 1998 348 definiret
2017 307 2147 348 con-
2174 312 2226 373 Α
2255 297 2338 352 vel
2381 297 2544 353 etiam
2587 296 3060 367 prmvarieatorem
3107 311 3232 353 esse
3273 295 3598 368 suspicatus,
3653 299 3886 368 putavit

547 396 809 452 ditionem
842 394 959 466 ejus
983 390 1294 463 apostasiae,
1328 402 1504 459 neque
1531 386 1660 458 quid
1685 397 1813 442 tunc
1841 386 2043 458 liquido
2068 385 2152 442 di-

546 495 716 552 ceret,
743 484 986 550 haberet,
1018 491 1272 539 causatus
1301 489 1383 536 est
1416 493 1540 535 sese
1570 478 1681 549 jam
1713 478 1871 548 longa
1909 477 2153 547 disputa—

546 579 692 634 tione
724 592 948 633 raucum
979 574 1179 630 factum
1207 589 1352 642 esse,
1377 581 1431 628 et
1465 588 1529 628 ea
1552 574 1907 629 excusatione
1949 572 2150 628 silentii

547 687 676 729 usus
721 671 948 744 aufugit.
987 669 1308 726 Theodorus
1347 669 1518 741 magis
1554 669 1825 740 gloriosus
1867 667 2022 723 miles
2045 676 2146 734 est,

542 779 702 834 quam
745 771 803 818 ut
832 761 1022 835 fugere
1064 762 1393 833 dignaretur.
1430 760 1537 817 Sed
1567 776 1692 816 cum
1731 760 2151 830 triumphantem

541 866 903 927 sequerentur
923 855 1172 923 clientes,
1203 855 1448 910 nonnulli
1470 856 1560 926 qui
1586 855 1764 910 minus
1786 865 1944 911 erant
1961 857 2151 911 vesani

545 951 815 1021 rogabant
833 948 1042 1005 nihilne
1059 958 1206 1005 esset
1221 949 1364 1020 quod
1387 949 1688 1005 Petilianus
1705 948 2038 1020 respondere
2056 962 2152 1019 po-

540 1035 706 1097 tuerit
737 1041 1043 1113 Augustino
1069 1041 1347 1112 objicienti
1385 1040 1637 1097 vaticinia
1668 1040 2054 1112 praphetarum
2080 1041 2148 1096 de

555 1133 797 1189 Ecclesia
825 1142 939 1189 toto
966 1133 1100 1190 orbo
1128 1132 1473 1188 diii‘undenda
1503 1142 1558 1188 et
1586 1133 1953 1204 propaganda,
1977 1148 2151 1204 eaque

545 1226 612 1279 ad
630 1240 785 1280 suum
803 1225 1099 1280 etiamnum
1125 1235 1337 1295 tempus
1359 1224 1634 1281 referenti.
1661 1223 1984 1280 Theodorus
2002 1224 2152 1294 inge-

545 1315 749 1371 niosior
785 1325 935 1371 vates
982 1324 1174 1370 nasute
1207 1315 1474 1371 cachinno
1523 1317 1790 1385 excepit:
1839 1314 2150 1370 Parturient

547 1417 759 1475 montes,
802 1417 1041 1463 nascetur
1083 1407 1337 1462 ridiculus
1369 1423 1503 1462 mus.
1535 1407 1857 1463 Familiares
1882 1421 2149 1462 monuere

543 1499 705 1555 nimis
734 1509 981 1570 apertum
1011 1514 1135 1556 esse
1180 1498 1284 1555 hoc
1325 1499 1673 1556 Luciauicum
1704 1498 2016 1555 ludibrium.
2051 1499 2151 1554 Er-

545 1609 613 1663 go
645 1593 819 1649 bonus
847 1594 1034 1672 Poeta,
1064 1604 1125 1648 ut
1150 1593 1356 1664 aliquid
1380 1592 1687 1661 simularet,
1718 1601 1989 1664 tamquam
2011 1608 2150 1647 nova

2252 390 2333 462 (ut
2357 400 2442 448 est
2466 391 2630 447 homo
2659 391 2944 462 ingenuus)
2972 389 3105 445 nihil
3135 405 3258 447 esse
3293 389 3780 458 dissimulandum,
3814 401 3886 447 et

2253 478 2473 538 tandem
2503 483 2766 554 agendum
2806 491 2929 539 ease
2954 483 3200 552 asperius
3242 500 3256 536 :
3297 497 3472 552 neque
3507 481 3639 553 quia
3671 482 3730 536 in
3760 479 3881 538 Po-

2252 574 2399 630 siaca
2430 590 2526 630 sua
2556 575 2874 630 velitatiohe
2919 571 3254 630 moderatior
3296 573 3440 631 ferte
3465 573 3686 642 fuiSset,
3722 587 3882 632 sem-

2253 685 2351 742 per
2385 686 2508 727 esse
2552 670 2962 741 indulgendum.
2998 670 3198 739 Quidni
3228 672 3395 727 rere?
3442 669 3537 726 Sic
3565 671 3689 741 ipse
3726 670 3882 726 Gau-

2253 762 2487 829 dentius,
2532 762 2672 818 alter
2713 763 3110 818 Donatistarum
3161 768 3444 834 patremis,
3486 763 3579 833 qui
3631 755 3686 818 iu
3736 763 3882 818 Car—

2255 853 2560 926 thaginettsi
2607 855 2898 910 collatitme
2942 853 3320 920 contenderat,
3363 859 3524 910 suam
3571 853 3881 911 factionem

2253 942 2377 1007 esse
2419 949 2713 1004 EecieSittm
2740 937 3064 1004 catholicam
3094 955 3106 1001 ε
3134 947 3486 1018 posteaquam
3521 947 3699 1001 sensit
3736 945 3791 1003 id
3815 963 3884 1003 se

2254 1041 2509 1097 evincere
2547 1049 2654 1095 non
2685 1047 2868 1110 posse,
2901 1039 3042 1109 quod
3076 1040 3408 1111 augustinus
3447 1044 3570 1093 suae
3607 1037 3882 1094 Ecclesia:

2253 1130 2560 1198 asserebat,
2591 1133 2757 1186 ausus
2803 1138 2886 1186 est
2917 1131 3092 1200 palam
3139 1129 3345 1193 dicere,
3398 1121 3706 1183 hutnanum
3752 1136 3882 1186 esse

2256 1228 2594 1295 figmentum,
2634 1223 2891 1296 quiequid
2929 1224 2999 1280 de
3034 1223 3314 1279 Catholica
3355 1224 3604 1279 Ecclesia
3647 1223 3877 1280 dicitur.

2258 1320 2337 1374 lin
2376 1331 2485 1387 quo
2512 1318 2755 1374 evadunt
2787 1317 3102 1373 reciduntve
3133 1317 3387 1372 homines
3419 1319 3636 1372 vesani.

2327 1411 2593 1482 Equidem
2631 1411 2854 1466 minime
2901 1409 3143 1465 omnium
3175 1409 3396 1474 Vellem,
3430 1415 3557 1464 cum
3610 1411 3880 1466 Ecclesia:

2253 1516 2454 1573 corpus
2493 1503 2824 1564 defenditur,
2871 1501 3088 1558 defendi
3126 1501 3290 1557 etiam
3336 1500 3502 1574 3&1
3549 1505 3878 1558 excurarive

2254 1603 2439 1652 nanos
2467 1607 2522 1652 et
2552 1597 2793 1651 maculas
2816 1605 2870 1651 et
2897 1596 3071 1651 labes.
3107 1595 3219 1650 lmo
3247 1600 3382 1650 Vero
3426 1595 3547 1650 lucc
3586 1594 3874 1650 hominum

541 1683 749 1756 Sibylla
778 1685 1054 1757 subjecit:
1091 1685 1283 1740 saltem
1322 1683 1632 1741 Donatistas
1670 1685 1865 1755 quibus
1895 1684 2151 1755 Augusii-
2181 1697 2228 1758 Β
2254 1697 2475 1761 peccata
2524 1688 2848 1761 gravissime
2911 1685 3211 1743 accusanda
3269 1695 3418 1741 sunt.
3477 1685 3590 1742 Sed
3649 1687 3872 1754 vellem,

543 1795 643 1833 nus
682 1778 996 1848 opponebat
1045 1778 1358 1848 propltetias
1407 1779 1475 1832 de
1518 1775 1696 1832 futura
1730 1776 1996 1838 Ecclesia,
2049 1789 2146 1847 po-

541 1856 710 1925 tuisse
738 1870 888 1924 illum
917 1869 1221 1940 Augustino
1247 1868 1487 1940 objicere
1526 1868 1881 1939 Virgilianum
1908 1870 2148 1925 versicu-

546 1948 656 2018 ium
685 1980 699 2016 :
737 1953 1017 2018 Ostendent
1049 1962 1199 2016 terris
1226 1960 1360 2016 hanc
1387 1970 1587 2016 tantum
1617 1961 1857 2033 fata,nec
1881 1963 2019 2016 ultra
2066 1973 2149 2018 es-

538 2070 592 2108 ae
621 2054 806 2109 sinent.
841 2043 974 2109 Cum
1019 2053 1289 2108 infinitum
1321 2052 1377 2108 id
1414 2068 1605 2108 rursus
1631 2067 1752 2108 esse
1793 2053 2067 2108 diceretur
2089 2063 2146 2108 et

541 2133 804 2215 ineptum,
836 2144 928 2200 ubi
955 2145 1214 2217 quaeritur
1239 2143 1455 2216 quando
1491 2150 1548 2200 et
1588 2145 1862 2216 quomodo
1903 2145 2146 2200 Ecclesia

539 2229 932 2308 aspectabiliiis
972 2251 1094 2294 esse
1142 2238 1367 2294 desierit
1405 2254 1420 2292 :
1467 2238 1639 2294 sensit
1665 2244 1857 2294 acutus
1892 2236 2146 2294 Theodo-

539 2321 631 2386 i'us
674 2345 865 2386 rursus
915 2346 977 2388 se
1027 2333 1223 2403 premi.
1260 2325 1374 2388 'Ubi
1418 2340 1599 2387 autem
1629 2331 1722 2386 diu
1766 2346 1829 2388 se
1873 2331 2144 2398 torsisset,

542 2419 750 2493 putavit
805 2421 999 2480 callide
1052 2437 1114 2479 se
1161 2423 1304 2479 elabi
1350 2438 1532 2494 posse,
1582 2436 1704 2478 cum
1769 2423 1822 2478 in
1870 2431 2144 2494 postrema

538 2529 636 2569 sua
684 2511 1007 2586 praefatione
1071 2531 1244 2586 nuper
1301 2515 1544 2584 scripsit,
1597 2513 1922 2585 jampridem
1994 2514 2147 2572 defe-

538 2607 679 2665 cisse
708 2609 967 2666 Ecclesiae
1009 2612 1409 2666 successionem
1445 2617 1729 2680 tantopere
1775 2609 1905 2665 olim
1953 2610 2143 2665 lauda-

539 2712 647 2758 tam
673 2719 687 2756 :
720 2717 845 2757 nam
871 2714 925 2757 et
951 2701 1282 2772 jampridem
1306 2702 1585 2772 improbos
1608 2702 1764 2756 bonis
1793 2703 2143 2760 successisse.-

540 2793 796 2854 Dicebam
823 2789 1027 2852 nullam
1058 2811 1182 2852 esse
1212 2797 1353 2852 hanc
1392 2797 1802 2866 responsionem
1831 2807 1888 2854 et
1915 2798 2144 2856 alteram

539 2891 662 2948 esse
693 2889 981 2962 ineptiam,
1015 2891 1106 2946 ubi
1137 2891 1361 2962 perinde
1392 2891 1652 2962 loquitur,
1682 2907 1747 2948 ac
1773 2892 1821 2948 si
1860 2891 1928 2948 de
1958 2906 2148 2964 perso-

537 3000 756 3054 narum,
785 2992 976 3040 etnon
1023 2987 1201 3055 potius
1237 2983 1308 3040 de
1337 2999 1519 3040 rerum
1557 2986 1905 3041 successione
1931 3001 2149 3056 quaere-

2252 1789 2414 1853 quem
2446 1781 2547 1852 ipsi
2574 1776 2924 1852 prophetaein
2943 1789 3041 1835 sua
3062 1780 3276 1834 actiune
3310 1779 3533 1834 modum
3557 1787 3873 1846 servarunt,

2253 1875 2357 1944 ipsi
2388 1869 2827 1939 observat-emus,
2856 1879 2980 1928 cum
3012 1871 3133 1927 illos
3176 1871 3410 1942 legimus
3453 1871 3682 1927 divinos
3732 1881 3876 1942 prte-

2250 1979 2422 2028 cunes
2455 1969 2734 2035 Ecclesiae,
2777 1959 2940 2024 simul
2971 1975 3029 2022 et
3058 1969 3319 2022 censores
3345 1971 3401 2020 et
3423 1965 3688 2021 vitiorum
3719 1979 3874 2021 acer-

2252 2067 2421 2122 rimos
2449 2067 2800 2120 accusatores
2823 2103 2840 2129 ,
2894 2053 3055 2117 sicuti
3086 2061 3250 2117 etiam
3277 2059 3527 2115 dicemus
3566 2059 3622 2114 in
3651 2060 3872 2129 exposi-

2250 2159 2400 2214 tione
2425 2157 2737 2214 c'ollationis
2769 2153 3241 2225 CarthagiuenSis.
3276 2151 3490 2208 interea
3519 2151 3721 2215 fateor,
3774 2164 3872 2206 ne-

2250 2265 2356 2324 que
2383 2259 2545 2323 posse
2572 2255 2893 2321 quemquam
2923 2253 3122 2317 negare
3152 2245 3290 2313 scio,
3323 2243 3498 2315 Qualis
3520 2252 3871 2315 quantusque

2251 2344 2468 2398 litiserm
2510 2343 2726 2412 situque
2770 2340 2960 2396 obsim
3003 2337 3270 2394 Ecclesiae
3309 2347 3454 2391 nunc
3491 2337 3717 2404 squalor
3770 2335 3866 2400 sit,

2250 2426 2430 2506 qualis
2453 2433 2772 2489 deformitas
2813 2430 3223 2496 contaminatas,
3255 2425 3458 2499 Quanta
3501 2432 3870 2497 pessumeun-

2252 2527 2320 2583 tis
2366 2527 2644 2582 inclinatio
2673 2541 2686 2580 :
2717 2525 2897 2596 qualis
2923 2524 3156 2595 denique
3196 2529 3516 2594 quantaque
3554 2520 3869 2593 desperatio

2251 2619 2419 2675 veluti
2450 2617 2735 2688 depositae.
2767 2617 2911 2688 Ergo
2939 2617 3112 2670 fateor
3139 2623 3207 2670 eo
3237 2627 3356 2669 rem
3399 2611 3689 2678 recidisse,
3735 2609 3866 2666 nihil

2252 2713 2314 2768 ut
2349 2712 2506 2768 nobis
2529 2711 2786 2782 supersit,
2815 2715 2975 2782 quam
3003 2717 3062 2764 nt
3088 2707 3240 2764 illam
3280 2707 3576 2764 Hieremias
3625 2705 3868 2762 tristissio

2253 2815 2397 2860 mam
2430 2815 2636 2859 eversae
2664 2803 3007 2872 desertasque
3034 2799 3430 2870 Hierosolyma:
3459 2799 3771 2853 vastitatem
3791 2798 3868 2851 lu.

2250 2897 2428 2968 gentis
2472 2895 2866 2966 ingeminemus
2908 2893 3304 2965 querimuniam
3345 2909 3360 2946 :
3407 2887 3685 2962 Expendit
3734 2889 3864 2945 Sion

2251 3007 2436 3048 manus
2463 3005 2616 3059 suas;
2643 2993 2733 3046 sed
2757 2990 2932 3045 nullus
2961 3000 3032 3045 est
3059 2990 3145 3059 qui
3173 2988 3472 3043 consoletur
3501 2995 3637 3041 eam.
3669 2985 3861 3040 Verum

538 3068 713 3147 retur,
742 3093 864 3133 cum
898 3087 1077 3134 tamen
1123 3079 1178 3133 in
1225 3078 1448 3134 Posiaca
1479 3079 1844 3150 disputatione
1867 3078 2222 3152 professusc
2253 3087 2304 3142 iu
2358 3086 2551 3143 mediis
2597 3087 2716 3159 ejus
2765 3085 2941 3142 ruinis
2988 3084 3227 3141 nondum
3283 3081 3543 3138 oblivisci
3593 3080 3860 3153 potuimus

538 3179 683 3225 esset
709 3165 844 3224 nihil
874 3173 935 3226 Se
959 3168 1164 3225 morari
1191 3171 1599 3227 successionem
1630 3186 2010 3242 personarum,
2047 3171 2146 3228 sed

539 3257 803 3319 doctrinae
852 3270 908 3320 et
945 3277 1130 3320 rerum
1181 3264 1589 3320 successionem
1631 3279 1898 3334 quaerere.
1944 3263 2146 3320 Verum

536 3351 700 3425 quale
729 3372 920 3413 rursus
951 3355 1245 3412 ludibrium
1287 3369 1392 3424 est,
1435 3357 1579 3428 quod
1622 3359 1784 3413 toties
1812 3367 2032 3429 rogatus
2077 3358 2147 3415 de

540 3443 783 3522 tempore
837 3451 1181 3519 defectionis,
1239 3452 1375 3507 nihil
1429 3451 1574 3507 aliud
1627 3453 1926 3524 ingeminat
1981 3465 2146 3523 quam

537 3554 696 3598 suum
725 3541 854 3597 illud
887 3542 1246 3613 jammt'dem?
1277 3545 1390 3599 lmo
1417 3559 1550 3599 vero
1577 3559 1702 3600 cum
1737 3544 1942 3602 diutius
1967 3547 2143 3616 repri-

540 3650 691 3691 mere
717 3651 825 3691 non
867 3642 1056 3708 posset
1081 3634 1511 3707 indignationem
1549 3646 1950 3708 erumpentem,
1983 3638 2146 3695 audio

537 3741 661 3782 eum
689 3720 742 3782 iu
771 3727 962 3784 eadem
991 3727 1083 3783 illa
1120 3742 1218 3784 sua
1261 3729 1580 3799 praefatione
1611 3731 1848 3796 militari,
1883 3745 2043 3801 quam
2087 3741 2148 3788 ut

480 3835 488 3847 κ
537 3834 625 3874 me
663 3827 913 3887 terreret,
960 3821 1258 3892 Evangelio
1303 3813 1556 3893 praefixit,
1590 3822 1782 3878 iratum
1813 3825 2143 3893 exclamare,

535 3927 661 3967 cum
703 3914 871 3969 multa
903 3913 1006 3968 alia
1046 3914 1286 3986 indigna,
1339 3925 1398 3971 ut
1435 3917 1732 3972 Ecclesiam
1761 3918 1934 3987 illam,
1983 3934 2145 3990 quam

536 4020 660 4060 cum
689 4004 991 4077 Augustino
1021 4005 1387 4076 defendimus,
1413 4007 1705 4078 jugularet,
1740 4019 1852 4064 tum
1884 4026 2012 4066 vero
2042 4011 2145 4068 ista

536 4097 814 4157 veteribus
861 4101 1135 4172 episcopis
1173 4117 1471 4173 numquam
1522 4103 1576 4158 in
1629 4113 1868 4159 mentem
1907 4105 2144 4171 venisse,

537 4209 714 4263 neque
742 4193 1153 4264 judaizandum,
1183 4211 1361 4266 neque
1391 4194 1472 4268 (ut
1501 4195 1764 4267 loquitur)
1792 4197 2143 4267 gentilissan-

532 4285 663 4340 dum
692 4301 853 4342 esse:
887 4295 940 4342 et
964 4286 1331 4343 Christianam
1369 4297 1656 4359 propterea
1689 4288 2003 4359 religionem
2035 4289 2146 4345 cito

536 4390 590 4435 et
621 4381 848 4452 turpiter
891 4380 1258 4452 degenerasse
1303 4382 1356 4436 in
1384 4382 1722 4438 ceremonias
1757 4394 1944 4448 vanas,
1978 4383 2030 4437 in
2061 4382 2146 4438 lu-

2247 3175 2391 3251 qunti
2417 3180 2655 3250 psalmus
2676 3178 2771 3245 ait,
2801 3185 2989 3234 servos
3011 3177 3224 3232 Domini
3253 3176 3420 3232 etiarn
3449 3173 3682 3246 diligere
3704 3173 3859 3228 rude-

2247 3283 2306 3327 ra
2349 3282 2405 3328 et
2447 3273 2725 3344 pulVerem
2755 3272 2956 3339 Slonis,
3003 3270 3157 3340 cujus
3189 3283 3284 3324 eos
3329 3268 3586 3323 tiliseret.
3629 3261 3858 3321 Tantum

2247 3375 2379 3421 vero
2416 3366 2586 3432 abest,
2623 3370 2683 3421 ut
2711 3366 2777 3421 iis
2806 3365 3166 3431 blandiamur,
3196 3375 3336 3434 quos
3372 3369 3485 3417 tam
3518 3360 3669 3416 domi
3699 3373 3854 3431 quam

2248 3456 2382 3512 foris
2419 3457 2494 3513 illi
2537 3457 2799 3514 insultare
2844 3457 3107 3520 videmus,
3141 3459 3197 3509 tit
3226 3454 3394 3510 etiam
3426 3462 3577 3524 εει-βε
3624 3453 3680 3507 in
3711 3467 3855 3507 men-

2249 3559 2360 3605 tem
2407 3543 2589 3606 veniat
2616 3551 2758 3620 quod
2790 3551 2931 3606 alter
2967 3548 3226 3620 propheta
3253 3546 3512 3604 Ezechiel
3543 3547 3708 3618 paulo
3735 3555 3857 3600 ante

2245 3642 2394 3698 illam
2425 3643 2787 3699 calamitatem
2831 3643 3050 3713 scripsit
3089 3649 3212 3697 sese
3258 3653 3288 3694 a
3321 3639 3436 3696 Deo
3465 3639 3685 3708 jussum
3715 3648 3853 3700 esse,

2247 3735 2498 3806 perfosso
2548 3737 2729 3808 potius
2780 3736 2989 3807 pariete
3047 3739 3101 3790 et
3153 3732 3325 3788 veluti
3373 3741 3564 3804 aperta
3619 3730 3856 3786 fenestra

2247 3841 2499 3900 Spectare
2533 3831 2662 3903 quid
2695 3831 2748 3886 in
2791 3829 2999 3901 templo
3037 3836 3264 3899 agerent
3295 3826 3550 3881 homines
3575 3823 3728 3894 impii
3779 3831 3857 3876 at-

2247 3937 2355 3992 que
2386 3924 2600 3989 nefarii,
2635 3933 2692 3978 ut
2719 3930 2905 3979 eorum
2934 3919 3368 3977 abominationes
3395 3925 3714 3974 execretur.
3751 3913 3854 3969 Sed

2248 4031 2353 4072 una
2380 4015 2539 4072 simul
2566 4033 2653 4073 me
2676 4031 2765 4073 res
2790 4015 3122 4072 consolatur.
3149 4013 3357 4069 Eodem
3389 4011 3533 4068 enim
3565 4012 3686 4065 loco
3711 4008 3855 4062 Deus

2246 4123 2369 4165 cum
2399 4109 2718 4166 horribilem
2745 4108 3038 4165 vindictam
3063 4117 3190 4162 sese
3233 4111 3576 4176 sumpturum
3608 4115 3728 4156 esse
3753 4099 3853 4153 de-
3957 4126 3962 4130 -

2248 4203 2482 4270 nuntiat,
2510 4203 2672 4259 simul
2699 4193 2973 4274 significat
3003 4207 3127 4256 sese
3153 4201 3362 4254 interea
3381 4211 3568 4253 eorum
3594 4189 3851 4247 misereri

2247 4296 2411 4364 velle,
2441 4296 2533 4366 qui
2566 4297 2689 4351 cum
2713 4295 2974 4366 propheta
3004 4292 3282 4363 lugebant,
3307 4291 3488 4347 εινεηὶ
3515 4289 3578 4344 ab
3601 4285 3686 4340 illa
3715 4297 3854 4352 pro-

2246 4385 2372 4442 fana
2405 4387 2491 4444 vel
2534 4387 2794 4460 sacrilega
2841 4386 3171 4442 colluvione.
3203 4383 3369 4440 iubet
3407 4394 3554 4454 ergo,
3591 4389 3657 4437 ut
3700 4382 3852 4436 ultor

532 4477 712 4535 dicras
732 4478 996 4550 liturgias,
1029 4479 1084 4534 in
1107 4479 1450 4535 manifestam
1475 4479 1942 4549 superstitionem,
1969 4486 2026 4532 et
2047 4477 2142 4533 de-
2164 4480 2221 4541 Ι)
2245 4483 2469 4554 angelus
2513 4483 2744 4539 frontem
2776 4489 2989 4549 eorum,
3037 4479 3127 4552 qui
3154 4483 3402 4552 gemunt,
3435 4475 3712 4548 insigniat,
3743 4490 3854 4546 quo

534 4572 700 4642 nique
730 4572 783 4627 in
821 4572 1092 4632 sesama.
1124 4571 1388 4643 Equidem
1429 4570 1706 4642 obstupui,
1749 4571 1874 4626 talia
1900 4569 2143 4626 scribere

531 4661 694 4722 ενθιον
714 4664 1091 4732 Theodorum,
1115 4674 1170 4720 et
1197 4665 1341 4736 quod
1363 4664 1432 4719 de
1451 4676 1548 4719 sua
1579 4664 1811 4720 factione
1835 4662 2018 4717 dicere
2046 4677 2142 4732 po-

536 4758 657 4823 tuit,
689 4767 1054 4829 contorquere
1113 4757 1384 4812 adversus
1430 4767 1670 4812 veterem
1712 4754 2032 4821 Ecclesium,
2083 4759 2143 4810 ut

532 4865 694 4921 quam
720 4849 1050 4922 jampridem
1081 4849 1348 4906 defecisse
1377 4848 1540 4915 dixit,
1571 4847 1776 4904 diceret
1811 4861 1920 4902 non
1963 4846 2140 4902 minus

533 4942 643 4998 cito
682 4959 844 5014 quam
875 4943 1108 5013 turpiter
1133 4941 1517 5014 degenerasse.
1558 4938 1669 4996 Sed
1697 4938 1826 5009 quid
1857 4949 2001 4994 nunc
2027 4953 2136 4994 non

533 5034 700 5090 audet
723 5035 979 5106 impietas
1014 5034 1348 5091 Luciauicai
1378 5031 1677 5089 Petiliauus
1715 5043 1840 5089 cum
1881 5032 1996 5088 suis
2024 5032 2132 5087 Do-

533 5125 746 5181 natistis
770 5126 1083 5183 clamitabat
1107 5125 1433 5193 Ecciesiam,
1458 5139 1621 5196 quam
1646 5123 1976 5194 Augustinus
1997 5139 2135 5195 prte-

529 5216 766 5287 dicabat,
809 5233 932 5275 esse
959 5217 1314 5289 apostolicam
1345 5233 1359 5272 :
1391 5224 1446 5272 et
1476 5215 1544 5272 ab
1577 5215 1644 5271 iis
1671 5214 1984 5273 Catholicae
2022 5231 2134 5273 non

532 5325 631 5381 pro
660 5298 1014 5378 Christianis,
1069 5309 1166 5367 sed
1201 5325 1299 5382 pro
1331 5308 1565 5381 Paganis
1600 5307 1812 5363 habitos
1847 5323 2001 5376 esse;
2029 5318 2136 5366 tes-

531 5415 615 5463 tes
644 5416 770 5462 sunt
794 5405 1021 5477 Optatus
1050 5413 1106 5461 et
1131 5405 1468 5477 Augustinus
1499 5421 1512 5458 :
1546 5403 1694 5473 atqui
1719 5402 2012 5461 Petilianus
2041 5415 2138 5459 an-

532 5497 764 5554 tistitum
794 5497 958 5554 modo
987 5511 1168 5552 mores
1205 5496 1519 5562 accusabat,
1551 5509 1662 5551 non
1685 5493 1849 5551 etiam
1877 5495 2138 5553 Ecclesia:

530 5585 682 5644 illius
722 5577 1028 5645 doetrinam
1066 5595 1122 5643 et
1157 5587 1313 5643 ritus.
1349 5585 1673 5644 Theodorus
1707 5585 1925 5657 indigne
1955 5587 2137 5647 ferens

531 5681 676 5737 nunc
689 5689 1085 5740 accusatorem.
1099 5679 1216 5739 sive
1236 5679 1498 5753 ineptum,
1512 5681 1628 5740 sive
1639 5679 1806 5738 nimis
1816 5679 2133 5752 pudentem,

2246 4575 2417 4646 magis
2432 4576 2819 4648 dignoscantur
2837 4585 2998 4646 atque
3014 4573 3402 4629 discernantur
3423 4573 3475 4635 li,
3499 4569 3698 4641 quibus
3721 4577 3851 4638 par-

2243 4669 2474 4725 cendum
2511 4669 2632 4736 erit,
2663 4675 2786 4724 cum
2815 4665 3113 4723 terribilem
3140 4665 3371 4722 aliorum
3393 4667 3630 4732 stragem
3662 4660 3811 4716 edet.

2314 4759 2500 4818 Redeo
2527 4760 2596 4816 ad
2635 4761 2907 4817 actionem
2933 4759 3361 4815 Donatistarum.
3413 4753 3551 4810 Nam
3580 4757 3638 4808 et
3673 4747 3848 4806 multa

2243 4853 2377 4909 mihi
2415 4867 2562 4912 nunc
2591 4855 2644 4910 in
2676 4860 2914 4912 mentem
2940 4853 3164 4910 veniunt
3186 4894 3204 4922 ,
3246 4859 3371 4907 eum
3414 4848 3558 4922 apud
3583 4846 3846 4917 Optatum

2242 4948 2384 5020 lego,
2417 4963 2513 5007 eos
2544 4951 2639 5007 abs
2667 4948 3025 5006 Constantino
3054 4943 3346 5018 aliquando
3377 4946 3606 5016 petiisse
3631 4941 3849 5012 iudices

2243 5042 2296 5097 in
2347 5035 2520 5100 Gallia
2556 5085 2570 5109 ,
2624 5043 2820 5114 quibus
2867 5040 3050 5098 nescio
3091 5043 3191 5096 cur
3237 5037 3413 5109 magis
3461 5035 3845 5094 conﬁderent:

2241 5143 2476 5204 cumque
2522 5149 2589 5191 ex
2619 5134 2925 5207 Augustino
2971 5131 3218 5203 intelligo
3251 5135 3373 5186 eam
3409 5128 3749 5186 Arelatensis
3791 5127 3846 5181 in

2241 5225 2416 5283 Gallia
2446 5226 2638 5299 synodi
2658 5267 2673 5294 ,
2716 5225 2869 5299 cujus
2904 5213 3106 5298 judicio
3134 5215 3420 5281 mandavit
3445 5219 3846 5276 Constantinus

2239 5319 2463 5376 alterum
2495 5320 2612 5390 ejus
2653 5329 2834 5375 causa:
2875 5329 2932 5376 et
2979 5316 3392 5390 provocandam
3432 5313 3844 5371 Donatistarum

2239 5410 2634 5482 cognitionem,
2677 5409 2843 5467 fuisse
2869 5415 2926 5467 et
2960 5410 3120 5467 fidem
3153 5415 3210 5466 et
3235 5407 3604 5481 integritatem
3633 5449 3652 5474 ,
3702 5415 3770 5461 ut
3811 5405 3847 5460 ﬁ

2239 5501 2423 5557 statim
2467 5500 2743 5557 senserint
2784 5501 2984 5559 frustra
3024 5510 3082 5558 et
3121 5502 3289 5557 stulte
3317 5515 3442 5557 sese
3473 5499 3548 5555 ibi
3576 5509 3842 5570 sperasse

2239 5594 2442 5665 aliquid
2491 5595 2606 5652 sive
2657 5594 2857 5652 favoris
2901 5594 3017 5652 sive
3064 5591 3377 5667 patrocinii.
3437 5589 3579 5646 Nam
3645 5592 3845 5648 iterum

2239 5684 2481 5745 damnati
2523 5689 2850 5746 sententiam
2898 5686 3204 5765 retulerunt
3249 5682 3464 5758 qualem
3521 5683 3847 5744 merebatur
