4134 6186
338 207 466 280 ius
551 277 560 284 .

1237 225 1551 285 HISTORIA
1592 198 2231 279 canruadtitunms
2271 209 2756 279 COLLATIONIS.

3524 231 3665 290 “‘8

331 349 510 391 eorum
539 334 812 404 protervis
839 351 852 389 :
886 334 1072 407 neque
1103 345 1230 394 tune
1259 339 1312 394 in
1341 338 1512 403 Gallia
1544 337 1723 392 minus
1750 349 1927 404 quam
1963 332 2027 390 Α
2057 329 2158 386 llic
2188 348 2324 388 vero
2353 349 2451 388 cur
2473 350 2584 389 non
2606 336 2754 392 serio
2777 336 3019 392 dolerem
3036 353 3131 396 eos
3149 342 3334 402 ludere
3350 353 3406 402 et
3430 349 3676 404 mentiri?

332 440 537 488 centum
565 441 689 502 post
716 431 875 486 annis
899 432 951 486 in
976 433 1383 504 Carthagincnsi
1413 432 1530 487 foro
1553 430 1928 488 offenderunt.

332 526 458 594 Quid
489 540 618 582 vero
644 541 768 582 cum
808 526 936 582 talia
964 527 1198 599 legimus
1227 570 1244 596 ,
1290 543 1433 584 nunc
1463 527 1701 597 cogitare
1742 522 1935 594 ρσεὲξέ

332 636 441 674 mus
463 661 477 685 ,
508 619 632 674 aliis
661 619 1008 690 cogitandum
1041 623 1316 691 relinquo.
1371 620 1506 675 Nam
1537 630 1590 675 et
1619 618 1746 690 quid
1777 626 1937 670 nunc

330 721 546 782 agatur;
580 715 632 766 et
661 713 770 781 quo
796 717 885 767 res
915 706 1214 767 residerini
1234 754 1250 780 ,
1291 714 1454 769 nimis
1485 715 1670 768 notum
1697 707 1780 766 est
1806 727 1820 760 :
1883 713 1939 760 et

332 805 518 860 talibus
549 804 725 870 malis,
766 804 939 874 inquit
969 806 1309 876 Augustinus
1334 807 1440 879 (ep.
1470 805 1590 878 22),
1623 805 1793 876 magis
1828 799 1936 857 de-

332 900 524 957 bentur
550 901 742 972 prolixi
771 899 1003 971 gannitus
1032 916 1196 970 quam
1231 901 1426 970 prolixi
1458 900 1606 956 libri.
1663 895 1771 955 Sed
1801 910 1934 951 cum

328 993 449 1048 olim
477 993 704 1064 legimus
729 991 1035 1048 Donatistae
1063 993 1114 1046 vi
1139 1001 1197 1048 et
1222 992 1451 1048 audacia
1474 1000 1740 1064 armatos,
1765 989 1937 1045 fuisse

329 1087 484 1141 etiam
529 1083 766 1140 eruditos
813 1083 1112 1140 mentiendi
1159 1085 1399 1139 artiﬁces
1429 1125 1445 1150 ,
1498 1084 1768 1139 miramur
1810 1096 1935 1137 eam

326 1193 509 1234 eorum
539 1176 705 1232 fuisse
747 1175 1177 1246 impudentiam,
1230 1184 1290 1231 ut
1333 1190 1447 1230 non
1508 1174 1679 1230 modo
1719 1181 1939 1243 semper

321 1271 570 1341 jactarint
599 1285 720 1327 sese
752 1270 982 1336 vicisse.
1024 1269 1113 1325 ubi
1146 1269 1271 1324 victi
1302 1277 1468 1323 erant
1495 1284 1512 1333 ;
1549 1268 1649 1324 sed
1681 1269 1844 1323 etiam
1875 1265 1932 1322 in

324 1364 605 1421 collatione
626 1361 1062 1434 Carthaginensi,
1084 1359 1267 1431 Optati
1296 1360 1539 1423 librum,
1565 1361 1657 1430 qui
1684 1359 1940 1415 narrabat

323 1471 502 1512 eorum
534 1453 982 1519 damnationem,
1029 1451 1358 1524 protulerint
1401 1457 1698 1520 tamquam
1741 1458 1938 1506 testem

321 1563 429 1603 sua:
454 1548 698 1602 victoriae
733 1555 790 1604 et
817 1545 1208 1612 absolutionis,
1248 1559 1371 1600 cum
1406 1555 1547 1598 eum
1579 1544 1662 1600 sic
1687 1545 1938 1602 mutilas-‘-

322 1648 442 1696 sent
467 1650 628 1710 atque
655 1641 1059 1709 corrupissent,
1112 1646 1173 1692 ut
1208 1637 1392 1692 omnia
1434 1632 1736 1694 invertisse
1781 1637 1932 1694 vide-

2130 421 2310 478 Credo
2336 426 2612 494 equidem,
2643 429 2687 482 si
2721 429 2961 500 optimus
2992 433 3247 506 princeps
3275 439 3474 495 diutius
3505 443 3676 498 vixis—

2057 517 2163 578 Set,
2193 518 2346 584 spem
2378 531 2482 570 non
2514 517 2823 589 fefellisset,
2853 538 3010 592 quam
3039 509 3304 597 dederat,
3328 533 3441 586 fore
3473 543 3531 587 ut
3559 551 3677 591 ma-

2050 602 2202 674 jores
2253 608 2627 680 melioresque
2699 629 2852 669 meos
2925 616 3140 676 labores
3207 635 3670 686 remuneraretur.

2056 687 2208 754 Nunc
2237 700 2333 755 cur
2363 710 2432 757 eo
2457 699 2682 760 itidrluo
2711 707 2868 762 nubis
2900 709 3164 770 insultent
3190 709 3521 788 adversarii,
3561 740 3675 782 non

2055 791 2189 847 nihil
2218 793 2447 850 fortasse
2474 811 2655 852 causae
2683 812 2786 868 est,
2810 808 3108 872 praesertim
3141 826 3265 866 cum
3302 813 3415 884 jam
3452 818 3675 876 tandem

2052 886 2412 956 perfecerint,
2461 891 2608 959 quod
2657 893 2986 966 jampridem
3017 905 3202 960 multis
3234 908 3449 964 insidiis
3490 920 3674 970 tenta-

2049 987 2209 1047 runt,
2263 990 2320 1035 ut
2351 996 2512 1050 quam
2546 996 2706 1052 spem
2739 1001 2874 1043 meae
2916 989 3193 1050 famillolaa
3224 1011 3348 1053 esse
3379 1003 3666 1075 putabam,

2045 1084 2314 1126 summam
2363 1073 2737 1131 calamitatem
2789 1095 2912 1136 esse
2958 1087 3283 1157 experirer,
3335 1073 3670 1153 cumulatam

2045 1178 2186 1217 nova
2217 1163 2368 1219 hisce
2397 1164 2596 1220 diebus
2623 1175 2682 1222 et
2727 1185 2899 1243 prope
2943 1173 3255 1234 incredibili
3305 1181 3536 1253 injuria,
3584 1188 3671 1246 di-

2044 1257 2322 1326 reptisque
2351 1258 2517 1313 etiam
2551 1275 2807 1321 meorum
2853 1268 3158 1326 studiorum
3200 1273 3483 1332 subsidiis.
3557 1281 3671 1340 Sed

2044 1351 2114 1448 de
2142 1354 2232 1448 tali
2263 1356 2715 1414 remuneratione
2742 1365 2988 1431 gratiave
3013 1368 3262 1439 viperina
3285 1372 3421 1430 alias
3442 1389 3666 1448 querar.

2044 1442 2182 1500 Illud
2215 1446 2376 1501 modo
2409 1446 2533 1500 dico
2558 1488 2574 1512 ,
2632 1451 2728 1506 tali
2766 1453 3033 1512 beneﬁcio
3069 1461 3212 1517 hanc
3249 1442 3671 1528 commentatioa

2045 1554 2168 1594 nem
2197 1579 2212 1606 ,
2259 1542 2342 1595 cui
2371 1581 2387 1604 ,
2418 1556 2541 1596 cum
2574 1542 2627 1599 id
2662 1544 2864 1603 factum
2895 1561 3012 1620 est,
3046 1569 3273 1623 operam
3303 1557 3498 1616 dabam
3522 1603 3536 1629 ,
3571 1566 3670 1621 ab-

2042 1639 2260 1701 ruptam
2291 1631 2462 1688 fuisse
2489 1650 2598 1689 non
2629 1638 2809 1694 minus
2835 1657 2998 1710 quam
3026 1647 3259 1703 alteram
3285 1689 3302 1713 ,
3343 1651 3500 1722 cujus
3523 1656 3665 1713 alio-

322 1741 536 1788 rentur.
565 1731 702 1798 Quid
735 1746 864 1786 vero
891 1732 1159 1796 dicemus,
1186 1729 1447 1799 majorem
1478 1730 1782 1786 etiamnum
1814 1744 1935 1789 esse
1963 1717 2016 1780 B
2042 1724 2132 1794 qui
2161 1725 2478 1780 0008555000
2504 1724 2648 1782 hanc
2674 1730 3018 1788 instituebam
3042 1751 3264 1808 augere,
3289 1717 3662 1815 cum'quidem

321 1823 710 1892 impudentiam
738 1825 1038 1880 multorum
1067 1823 1438 1878 fabulatorum
1473 1831 1698 1880 Vesana:
1736 1825 1930 1881 factio-

320 1917 442 1983 nis,
486 1917 579 1988 qui
615 1917 831 1988 quidvis
874 1919 929 1972 in
979 1928 1096 1974 rem
1127 1929 1282 1971 suam
1313 1927 1367 1971 et
1396 1916 1631 1973 aliorum
1681 1918 1932 1975 fraudem

321 2008 530 2080 ﬁngunt
561 2051 575 2077 ,
623 2023 746 2066 cunt
797 2009 1084 2066 mendacia
1123 2017 1178 2066 et
1210 2009 1454 2064 fictiones
1485 2017 1615 2065 suas
1646 2012 1932 2068 venditant

321 2116 419 2171 pro
450 2101 692 2156 historiis
720 2109 778 2158 et
803 2102 946 2158 veris
975 2101 1421 2157 narrationibus?
1472 2100 1636 2158 Certe
1667 2104 1784 2159 ﬁeri
1815 2119 1926 2160 non

327 2200 531 2261 potest,
549 2192 678 2262 quin
700 2193 789 2263 qui
819 2193 1181 2262 prospiciunt,
1205 2201 1465 2263 quantum
1491 2192 1606 2248 hzec
1627 2193 1929 2264 impostura

318 2292 374 2340 et
417 2285 624 2340 erroris
670 2293 722 2341 et
768 2285 1017 2356 caliginis
1057 2284 1303 2342 oﬂ‘undet
1351 2286 1562 2340 misera:
1593 2290 1927 2357 posteritati,

316 2375 541 2430 doleant
568 2376 672 2431 hoc
697 2378 806 2448 agi,
833 2385 896 2432 ut
918 2377 1065 2452 (utar
1094 2378 1278 2434 verbis
1307 2378 1462 2449 legis)
1489 2379 1688 2434 veritas
1714 2395 1928 2448 rerum,

314 2469 599 2525 erroribus
627 2480 906 2541 gestorum
935 2472 1176 2527 vitietur.
1232 2471 1376 2526 Olim
1407 2474 1743 2543 Augustinus
1769 2473 1923 2532 dice-

315 2561 412 2617 bat
459 2564 644 2619 mirari
695 2579 756 2621 se
786 2565 1094 2621 Donatistas
1126 2566 1332 2622 habere
1361 2566 1418 2620 in
1445 2581 1676 2638 corpore
1701 2571 1927 2641 sangui—

315 2673 467 2724 nem,
493 2659 585 2729 qui
615 2675 920 2732 numquam.
938 2661 1330 2717 erubescerent
1360 2661 1524 2717 toties
1553 2663 1604 2716 in
1640 2662 1928 2719 manifesto

311 2750 608 2807 mendacio
635 2751 988 2823 deprehensi.
1037 2752 1178 2821 Quid
1209 2753 1439 2808 dixisset
1466 2752 1546 2818 ,de
1575 2753 1773 2823 pallida
1817 2755 1924 2809 im-

313 2844 577 2916 pudentia
624 2843 903 2900 hominum
950 2856 1014 2902 et
1053 2846 1400 2902 fal'sariorum
1444 2854 1500 2902 et
1545 2847 1924 2918 sanguinaria-

309 2937 490 2993 rum?
538 2936 673 2992 Cum
733 2938 1085 2993 Cresconium
1135 2939 1474 2994 Donatistam
1511 2941 1925 3010 grammaticum

307 3030 595 3086 refelleret
620 3070 634 3095 ,
687 3029 968 3086 dubitabat
995 3071 1010 3098 ,
1057 3047 1183 3086 num
1216 3033 1524 3086 exclamare
1555 3042 1737 3102 posset
1767 3033 1917 3100 illud,

2038 1815 2235 1870 eodem
2268 1817 2432 1870 etiam
2467 1827 2716 1888 tempore
2747 1821 2890 1879 forte
2916 1838 3158 1897 rogatus,
3193 1841 3250 1885 ut
3277 1848 3399 1904 qua:
3428 1838 3481 1890 in
3515 1841 3662 1897 Con-

2037 1906 2387 1961 stitutionum
2406 1908 2598 1966 codice
2617 1913 2805 1981 primae
2827 1930 3118 1974 occurrunt
3135 1921 3288 1993 leges
3308 1924 3380 1981 de
3400 1929 3664 2000 religione

2038 2010 2094 2057 et
2129 2001 2395 2069 Ecclesia,
2417 2017 2512 2059 eas
2541 2005 2688 2075 leges
2717 2008 2934 2076 publice
2965 2011 3382 2084 interpretator,
3414 2020 3661 2090 pluribus

2033 2092 2230 2148 diebus
2261 2093 2314 2148 in
2341 2093 2482 2164 juris
2511 2096 2784 2154 auditorio
2806 2099 3102 2158 Parisiensi
3135 2106 3190 2160 id
3220 2109 3483 2181 egissem,
3517 2130 3658 2184 prte-

2033 2186 2221 2240 sertim
2268 2201 2390 2241 cum
2442 2189 2486 2243 is
2535 2201 2680 2246 esset
2727 2192 3039 2249 auditorum
3086 2211 3396 2259 concursus
3433 2214 3490 2261 et
3541 2206 3656 2264 fre-

2033 2277 2252 2347 quentia
2277 2280 2424 2347 (nam
2451 2279 2659 2351 aliquot
2685 2281 2856 2336 millia
2887 2283 3336 2348 doctissimorum
3367 2294 3652 2356 hominum

2032 2369 2368 2441 Convenere)
2392 2387 2566 2442 eaque
2593 2375 2824 2429 attentio
2851 2385 2904 2429 et
2932 2377 3258 2449 assiduitas,
3287 2393 3347 2440 ut
3376 2388 3648 2459 meipsum

2034 2462 2308 2529 excitarit,
2340 2472 2396 2517 ut
2418 2465 2807 2534 sapientissimi
2836 2477 2888 2521 et
2919 2466 3244 2540 fortissimi,
3273 2487 3328 2531 et
3353 2478 3520 2548 (quod
3546 2482 3653 2536 im-

2033 2557 2224 2627 primis
2254 2558 2544 2615 dicendum
2574 2562 2713 2632 erat)
2745 2561 3140 2630 religiosissimi
3190 2571 3454 2642 principis
3477 2612 3494 2639 ,
3541 2575 3651 2632 hoc

2031 2657 2144 2717 est,
2176 2649 2465 2705 Theodosii
2513 2652 2741 2707 consilia
2788 2651 3399 2729 Constantinopolitano
3431 2682 3649 2740 quoque

2030 2742 2262 2796 concilio
2308 2743 2629 2800 conﬁrmata
2654 2787 2669 2812 ,
2715 2747 3057 2818 Optimasque
3100 2755 3524 2816 constitutiones
3562 2762 3638 2820 de

2032 2832 2277 2890 Ecclesia
2309 2837 2651 2893 concilianda
2683 2846 2847 2909 atque
2892 2839 2945 2893 in
2987 2840 3261 2913 integrum
3303 2853 3641 2910 restituenda

2028 2925 2277 2995 pluribus
2311 2928 2491 2983 verbis
2518 2944 2872 2999 exponerem.
2921 2932 3065 3003 Ergo
3099 2945 3250 2994 nunc
3275 2942 3556 3014 optabam,
3591 2948 3640 3003 si

2031 3031 2129 3083 per
2158 3017 2364 3084 Davus,
2401 3018 2492 3089 qui
2521 3019 2886 3077 interturbant
2917 3025 3130 3091 omnia,
3179 3028 3462 3103 licuisset,
3506 3039 3642 3096 illud

305 3123 556 3179 frontem
608 3092 840 3191 periisse
883 3123 952 3180 de
998 3092 1180 3180 i‘ebus.
1240 3124 1347 3180 Sed
1385 3125 1474 3195 qui
1512 3092 1582 3180 de
1613 3092 1922 3196 Pelagianis

2033 3109 2344 3178 exetnplum
2397 3109 2692 3167 Theodosii
2748 3115 2917 3184 patris
2972 3125 3029 3171 et
3082 3092 3460 3214 consilium,’
3491 3131 3640 3199 quod

306 3230 490 3288 agens
539 3217 871 3284 Scripserat,
926 3216 1310 3272 haereticorum
1359 3216 1590 3272 frontem
1639 3231 1747 3273 non
1798 3232 1923 3276 esse

302 3310 579 3376 frontem,
607 3323 675 3364 an
703 3309 1004 3378 dubitaret,-
1032 3311 1076 3365 si
1126 3309 1338 3367 videret
1363 3311 1744 3368 verecundiam
1770 3327 1924 3369 vesa-

304 3419 398 3459 na:
443 3405 757 3459 haereseos?
799 3407 883 3460 An
913 3420 1018 3460 non
1044 3405 1210 3460 etiam
1241 3403 1371 3460 illud
1415 3405 1720 3461 Ezechielis
1771 3407 1921 3477 inge-

302 3495 602 3550 minaret:
646 3491 819 3548 Frons
869 3497 1152 3551 meretricis
1200 3497 1341 3566 facta
1383 3507 1455 3552 est
1501 3498 1648 3552 tibi:
1708 3499 1926 3555 noluisti

301 3583 662 3642 erubescere?
722 3585 859 3653 Quid
913 3603 1112 3656 porro,
1166 3588 1296 3659 quid
1345 3589 1390 3644 si
1448 3589 1660 3645 videret
1709 3591 1926 3658 patulas

298 3691 484 3734 aures
512 3677 779 3746 imperitae
823 3677 1186 3733 multitudinis
1236 3680 1563 3748 impostores
1606 3679 1922 3736 audientis?

299 3771 468 3828 Dixit
494 3770 628 3824 olim
656 3775 952 3826 sectatores
982 3771 1150 3841 ipsius
1179 3770 1425 3826 Petiliani
1451 3807 1467 3839 ,
1508 3772 1601 3840 qui
1634 3773 1921 3828 mentienti

299 3861 584 3932 magistro
613 3860 1012 3931 applaudebant
1033 3901 1048 3926 ,
1087 3877 1195 3916 non
1226 3862 1428 3918 habere
1454 3877 1616 3919 aures
1644 3863 1696 3918 in
1727 3865 1918 3932 corde,

296 3954 409 4011 sed
444 3967 546 4007 cor
576 3952 628 4006 in
659 3952 924 4009 auribus?
969 3954 1109 4022 Quid
1143 3970 1314 4021 vero,
1353 3956 1482 4026 quid
1512 3953 1696 4012 cordis
1723 3972 1921 4028 super-

293 4060 440 4104 esse
474 4045 540 4099 iis
566 4053 801 4116 putaret,
831 4045 922 4115 qui
953 4047 1170 4103 nonnisi
1200 4049 1399 4117 putidis
1425 4060 1479 4104 et
1509 4050 1922 4108 cbntumeliesis

293 4137 519 4196 fabulis
536 4138 853 4208 pascuntur?
866 4138 1030 4207 Ecce,
1047 4140 1286 4195 nondum
1300 4142 1476 4196 satiati
1488 4141 1712 4198 famosis
1728 4142 1923 4199 libellis

294 4230 698 4288 famosissimte
724 4243 838 4286 suae
862 4231 1036 4298 Bene,
1068 4232 1231 4286 etiam
1269 4239 1387 4287 acta
1422 4233 1678 4304 colloquii
1711 4233 1924 4292 Posiaci-

291 4323 782 4391 contaminamur,
807 4333 866 4378 ut
887 4325 940 4379 in
965 4325 1031 4380 iis
1057 4326 1228 4379 multa
1251 4324 1532 4396 ﬁngerent,
1557 4342 1678 4397 quae
1702 4342 1787 4383 res
1810 4329 1922 4398 ipsa

291 4418 521 4473 clamat
546 4429 668 4470 esse
698 4414 1009 4482 falsissima,
1030 4430 1224 4486 meque
1244 4416 1432 4484 etiam,
1453 4419 1541 4489 qui
1564 4422 1650 4473 vix
1682 4418 1919 4488 interfui,

288 4506 716 4572 immiscerent,
738 4513 794 4560 et
813 4506 976 4577 (quod
1001 4515 1085 4562 est
1129 4507 1436 4580 ridiculum)
1464 4515 1749 4566 narrarent
1777 4512 1828 4566 in
1857 4527 1923 4569 eo

287 4613 491 4673 prOpe
541 4596 708 4653 fuisse
761 4613 909 4655 meas
964 4607 1165 4670 partes,
1214 4602 1400 4672 quales
1445 4602 1672 4672 alicujus
1715 4605 1924 4663 scilicet

285 4696 534 4768 μεσίτου
576 4706 700 4748 esse
743 4703 988 4762 possent,
1031 4709 1098 4749 ne
1124 4692 1298 4748 dicam
1325 4695 1512 4766 quales
1563 4696 1732 4765 ipsius
1777 4697 1920 4752 Mar-

283 4788 500 4847 cellini
531 4786 749 4844 fuerunt
773 4787 826 4842 lu
862 4786 1292 4859 Carthaginensi.
1322 4789 1498 4856 Quid?
1537 4789 1742 4845 IEneas
1771 4797 1926 4863 Spec-

284 4891 436 4946 tans
470 4881 736 4951 picturam
764 4880 917 4950 cujus
937 4892 1064 4936 ante
1090 4881 1339 4936 memini:
1365 4881 1436 4938 Se
1456 4899 1655 4955 quoque
1677 4885 1929 4954 principi-

285 4979 402 5033 bus
428 4975 748 5046 permixtum
782 4977 986 5048 agnovit
1009 4975 1234 5031 Achivis.
1279 4976 1390 5032 Sed
1421 4979 1619 5048 quibus
1643 4979 1813 5034 oeulis
1848 4980 1918 5035 le-

280 5081 531 5142 gerem,
561 5083 645 5121 me
664 5067 992 5138 principibus
1007 5077 1061 5124 et
1083 5069 1925 5142 gubernatoribusdisputationis

283 5159 568 5217 Posiacae
587 5175 755 5230 prope
776 5159 1084 5229 praefuisse?
1108 5161 1282 5219 Credo
1298 5164 1550 5234 equidem
1591 5165 1794 5222 facetos
1825 5182 1925 5223 nu-

276 5270 359 5326 ga
370 5261 565 5317 tores,
597 5259 656 5305 ut
681 5251 890 5306 rideant
917 5261 971 5308 et
999 5253 1200 5321 ludant,
1236 5256 1362 5311 talia
1385 5255 1608 5327 fingere.
1632 5257 1738 5313 Sed
1765 5259 1924 5314 nimis

279 5339 489 5402 otiosi
511 5349 658 5406 sunt,
681 5341 876 5412 quibus
891 5353 1044 5399 vacat
1084 5353 1190 5401 tam
1223 5346 1378 5401 valde
1402 5346 1632 5417 ineptire
1656 5359 1708 5404 et
1734 5348 1923 5419 nugari

277 5436 349 5492 in
395 5445 473 5487 re
504 5433 667 5485 seria.
709 5430 826 5488 lmo
861 5434 982 5505 quia
1013 5436 1318 5504 audierant,
1343 5437 1650 5496 Denatistas
1678 5442 1804 5498 olim
1835 5457 1929 5497 ca-

280 5524 550 5581 villatos
577 5537 725 5592 esse,
743 5525 1110 5584 Marcellinum
1133 5530 1306 5599 pretio
1333 5539 1653 5604 corruptum
1675 5535 1728 5590 in
1759 5536 1924 5591 colla-

280 5620 480 5675 tione
512 5611 698 5684 fuisse,
730 5617 890 5672 etiam
916 5617 1186 5674 tinxerunt
1203 5619 1374 5693 352-
1398 5625 1586 5680 nescio
1609 5642 1710 5696 qua
1737 5627 1933 5682 libera-

278 5713 492 5769 ηωω
510 5709 944 5767 etmuniﬁcentia
960 5707 1244 5770 Navarriea
1268 5714 1594 5774 cumulatum
1627 5732 1714 5776 me
1745 5719 1929 5778 fuisse.

2029 3196 2267 3254 Orientis
2299 3200 2600 3262 Ecclesiam
2647 3207 2924 3273 servavit,
2975 3209 3228 3269 conferre
3274 3196 3398 3272 cum
3441 3196 3524 3276 ea‘
3549 3238 3639 3278 η-

2031 3293 2175 3347 tione
2199 3331 2212 3358 ,
2261 3309 2419 3363 quam
2451 3294 2724 3353 Honorius
2766 3297 2906 3353 ﬁlius
2947 3301 3162 3372 triginta
3209 3319 3333 3376 post
3368 3312 3526 3368 annis
3565 3315 3637 3370 ad

2027 3385 2338 3440 Africanam
2372 3386 2668 3444 Ecclesium
2707 3391 3044 3448 liberandam
3092 3396 3270 3453 inivit.
3341 3401 3438 3458 Est
3484 3408 3634 3462 enim

2029 3487 2320 3547 utrumque
2369 3480 2636 3549 imprimis
2686 3485 3037 3540 memorabile
3081 3493 3433 3562 exemplum,
3487 3499 3634 3568 quod

2027 3585 2170 3626 nunc
2201 3587 2417 3641 quoque
2445 3573 2498 3627 in
2536 3574 2699 3630 simili
2744 3577 3053 3647 reipublica:
3081 3586 3330 3641 attonitae
3385 3592 3632 3658 periculo

2026 3673 2325 3733 sequantur
2351 3703 2366 3730 ,
2416 3666 2507 3734 qui
2557 3668 2950 3738 rempublicum
2980 3688 3101 3727 cum
3130 3675 3375 3734 Ecclesia
3417 3682 3628 3741 salvam

2026 3767 2149 3809 esse
2189 3754 2396 3809 volunt.
2454 3755 2580 3810 Scio
2607 3759 2731 3813 talia
2780 3775 2926 3816 nunc
2966 3764 3222 3834 irrideri,
3269 3779 3434 3842 atque
3460 3757 3662 3833 etiam,

2027 3859 2150 3901 esse
2180 3847 2389 3903 odiosa.
2449 3848 2559 3905 Sed
2604 3867 2713 3907 nou
2740 3853 2865 3924 quia
2897 3857 3052 3914 multi
3083 3876 3226 3917 nunc
3253 3863 3420 3920 etiam
3450 3867 3628 3925 virtue

2025 3945 2132 3994 tem
2178 3940 2409 3997 irrident
2459 3949 2732 4015 tamquam
2782 3944 3016 4004 fabulam
3058 3960 3153 4007 aut
3189 3954 3348 4012 inane
3397 3974 3624 4031 nomen,

2027 4041 2314 4103 propterea
2344 4033 2558 4090 virtutis
2588 4054 2804 4094 omnem
2832 4049 2890 4096 et
2911 4043 3145 4112 efﬁgiem
3179 4051 3628 4116 proculcahimus

2025 4134 2082 4181 et
2131 4126 2450 4182 memoriam
2499 4129 2837 4198 abjiciemus.
2899 4133 3014 4190 imo
3041 4149 3174 4192 vero
3203 4139 3329 4210 quia
3373 4140 3629 4202 homines

2027 4233 2255 4290 nequam
2280 4219 2535 4276 virtutem
2565 4238 2860 4295 numquam
2892 4241 2964 4282 ne
2994 4229 3196 4297 pictam
3219 4233 3441 4303 quidem
3472 4238 3629 4294 vide-

2025 4320 2173 4379 runt,
2207 4311 2396 4367 invitis
2423 4313 2585 4370 etiam
2611 4316 2948 4373 obtrudenda
2972 4328 3078 4386 est,
3099 4333 3154 4377 et
3181 4332 3331 4381 tanto
3357 4343 3420 4382 ea
3453 4334 3628 4402 magis

2029 4405 2322 4475 ingerenda
2351 4447 2366 4473 ,
2417 4423 2580 4478 quam
2619 4411 2913 4482 antiquitas
2942 4417 3072 4471 olim
3101 4419 3270 4476 coluit
3304 4439 3320 4478 :
3379 4422 3628 4483 Virtutem

1945 4477 2002 4540 D
2028 4505 2083 4553 ut
2113 4498 2340 4566 uideant,
2375 4477 2789 4572 intabescantque
2815 4506 3014 4562 relicta.
3063 4511 3266 4569 Saltem
3297 4477 3444 4572 mihi,

2027 4595 2213 4662 detur,
2247 4598 2296 4651 si
2325 4598 2533 4668 legibus
2562 4611 2617 4655 et
2646 4601 2913 4672 exemplis
2944 4603 3103 4660 bonis
3129 4624 3195 4662 ex
3229 4609 3620 4671 Ecclesiastica

2027 4704 2241 4762 quoque
2273 4691 2497 4747 historia
2526 4696 2790 4764 repetitis,
2813 4705 2864 4750 et
2895 4698 3185 4756 sanctioris
3210 4701 3351 4770 juris
3381 4706 3618 4775 pruden-

2033 4787 2118 4838 tia:
2167 4786 2537 4842 monumentis
2574 4786 2834 4843 delectari
2872 4804 2961 4846 me
2999 4802 3106 4847 non
3137 4792 3461 4866 dissimulo,
3510 4815 3624 4870 pra:

2031 4878 2228 4948 quibus
2263 4894 2428 4949 prope
2459 4881 2571 4950 jam
2604 4881 2736 4936 mihi
2767 4881 2996 4939 sordent
3022 4885 3126 4940 alia
3156 4886 3441 4944 subtiliora
3472 4893 3623 4949 scili-

2027 4979 2117 5024 cet
2145 4969 2402 5040 mysteria
2425 5010 2440 5036 ,
2486 4987 2607 5041 quae
2630 4972 2768 5042 juris
2798 4975 2976 5030 civilis
3004 4988 3126 5032 esse
3155 4977 3440 5050 dicuntur,
3470 4995 3526 5040 et
3555 5002 3626 5043 eo

2029 5063 2185 5118 titulo
2213 5061 2502 5120 ambitiose
2525 5064 2821 5134 jactantur.
2855 5067 2961 5123 Per
2982 5085 3068 5126 me
3094 5084 3228 5128 sane
3255 5072 3378 5130 licet
3403 5085 3461 5132 ut
3483 5062 3626 5149 juris

2029 5154 2221 5226 periti,
2269 5155 2360 5226 qui
2392 5156 2575 5212 volent
2591 5193 2610 5224 ,-
2647 5173 2709 5214 se
2736 5159 2998 5230 abjieiant
3029 5163 3111 5218 vel
3141 5163 3208 5220 ad
3240 5170 3541 5238 captandas
3564 5172 3628 5229 in

2029 5246 2232 5303 scholis
2263 5248 2518 5318 gloriolas
2545 5249 2786 5305 inanium
2813 5252 3172 5330 λεπτολογῶν,
3195 5260 3277 5314 vel
3310 5260 3376 5314 ad
3408 5273 3542 5332 opes

2035 5341 2154 5398 foro
2198 5341 2531 5413 colligendas
2556 5385 2573 5411 ,
2627 5344 2711 5399 vel
2757 5346 2922 5402 etiam
2957 5349 3027 5403 ad
3067 5350 3417 5422 magistratus
3443 5356 3486 5410 si
3515 5364 3631 5414 nol

2038 5437 2235 5493 misere
2264 5438 2583 5495 amb'iendos
2603 5479 2618 5506 ,
2651 5448 2707 5494 at
2735 5450 2890 5497 certe
2917 5441 3187 5501 damnose
3207 5448 3467 5502 emendos
3495 5462 3508 5501 :
3557 5449 3628 5502 li-

2037 5544 2159 5588 ceat
2186 5532 2352 5590 modo
2379 5534 2510 5589 mihi
2530 5575 2544 5601 ,
2586 5534 2732 5590 bona
2754 5543 2950 5592 eorum
2969 5537 3146 5610 gratia
3164 5565 3188 5607 ι
3214 5538 3362 5595 iisin
3389 5541 3632 5600 solidum

2039 5626 2348 5695 relinquere
2371 5634 2534 5696 atque
2562 5625 2898 5696 concedere,
2926 5628 3072 5700 quod
3106 5629 3235 5686 tanti
3265 5628 3469 5687 faciunt
3486 5669 3503 5698 ,
3544 5642 3632 5701 ut,-

2040 5719 2184 5791 qnod
2217 5721 2520 5794 negligant,
2547 5724 2726 5794 potius
2752 5721 3067 5795 amplectar.
