4134 6186
545 220 688 280 lu?

541 355 1153 382 _————-

2011 217 2380 278 APPENDIX.

3710 229 3869 290 1H8

1822 474 1990 550 343
2017 471 2589 558 HISTORIA

710 646 2268 780 CARTHAGINENSIS
2385 626 3685 786 COLLATIONIS.

611 993 860 1052 Dicturus
886 993 957 1050 de
997 991 1331 1050 nobilissima
1376 989 1777 1048 Catholicorum
1808 1005 1928 1046 cum
1963 990 2141 1046 Dona-
2167 993 2222 1053 Α
2251 1000 2412 1048 sexto
2453 993 2636 1064 capite
2661 993 2754 1050 45.
2799 994 2991 1067 Operae
3029 997 3260 1068 pretium
3288 1007 3473 1055 autem
3509 1009 3629 1068 est,
3672 1002 3870 1073 prius-

539 1089 684 1145 tistis
734 1087 1042 1144 Collatione
1085 1085 1544 1158 Carthaginensi,
1597 1085 1756 1156 paulo
1807 1084 1969 1139 altius
2025 1098 2141 1139 rem

536 1193 779 1256 repetam
805 1197 870 1237 ex
899 1180 1075 1237 veteri
1105 1180 1372 1237 memoria
1401 1178 1658 1234 Ecclesiae
1683 1176 1975 1232 Africanae.
2007 1175 2142 1230 Nam

539 1286 593 1334 et
623 1278 676 1332 in
705 1274 1226 1346 Carthaginensibus
1257 1272 1505 1329 conciliis
1538 1271 1840 1327 indicandis
1873 1269 2016 1324 varie
2043 1269 2142 1324 abs

539 1369 871 1427 doctissimis
899 1369 1064 1426 etiam
1089 1368 1220 1424 viris
1256 1375 1541 1438 peccatur,
1573 1366 1713 1422 hanc
1743 1363 2140 1422 Ecclesiastica:

535 1461 777 1518 historiae
807 1470 1017 1533 partem
1049 1460 1209 1532 paulo
1237 1460 1600 1532 negligentius
1641 1458 2064 1530 exponentibus.

608 1556 898 1612 Balsamon
931 1554 1154 1612 Graecus
1195 1554 1469 1625 interpres
1498 1553 1900 1609 Nomocanonis
1920 1592 1936 1618 ,
1969 1563 2141 1604 anno-

538 1659 646 1715 tat,
694 1649 928 1720 primum
977 1657 1102 1719 post
1146 1649 1518 1717 apostolorum
1565 1656 1808 1716 tempora
1853 1643 2141 1700 concilium

536 1741 710 1796 fuisse
755 1739 888 1795 illud
918 1739 1352 1811 Carthaginense
1374 1781 1389 1806 ,
1439 1739 1522 1796 cui
1565 1737 1870 1808 Cyprianus
1899 1735 2138 1808 praefuit,

539 1846 664 1888 cum
691 1841 1031 1903 quazreretur
1075 1831 1142 1887 de
1183 1831 1460 1902 Baptismo
1501 1828 1902 1886 ltzereticoru'm.
1947 1827 2055 1884 Sed
2088 1826 2141 1882 id

537 1941 648 1982 non
679 1926 858 1982 minus
885 1925 1069 1996 inepte
1098 1924 1334 1989 dicitur,
1367 1939 1526 1996 quam
1556 1923 1699 1995 quod
1731 1921 2140 1978 consarcinata-

539 2033 632 2074 res
663 2016 872 2072 Latina:
898 2015 1186 2087 farraginis
1215 2015 1567 2071 conciliorum
1585 2055 1600 2080 ,
1631 2024 1688 2070 et
1715 2012 2142 2084 Magdeburgen-

539 2127 632 2170 ses
659 2112 1027 2181 exscriptores
1047 2109 1424 2166 Centuriarum
1452 2107 1693 2164 historiae
1717 2107 2136 2172 Ecclesiasticae,

541 2206 692 2262 aiunt
735 2206 968 2276 primum
1001 2203 1290 2260 concilium
1320 2200 1745 2272 Carthaginense
1787 2201 1951 2255 fuisse
1989 2199 2138 2254 illam

541 2297 944 2354 Donatistarum
975 2295 1267 2369 synodum,
1296 2294 1350 2350 in
1378 2308 1479 2365 qua
1509 2293 1830 2349 Cmcilianus
1857 2291 2140 2363 Carthagi-

2248 1101 2408 1155 quam
2460 1088 2526 1142 ad
2580 1087 2894 1146 Donatistas
2945 1090 3373 1158 descendamus,
3421 1093 3638 1165 aliquid
3687 1097 3867 1153 etiam

2248 1177 2435 1234 dicere
2464 1179 2532 1234 de
2559 1178 2894 1238 Novatianis.
2935 1183 3071 1239 Nam
3103 1193 3158 1240 et
3198 1185 3279 1241 his
3307 1185 3384 1242 illi
3416 1187 3587 1243 veluti
3628 1205 3865 1247 succes-

2246 1283 2400 1337 sere,
2433 1279 2488 1327 et
2531 1272 2676 1329 inter
2702 1289 2797 1330 eos
2843 1274 3038 1331 similia
3069 1278 3236 1332 multa
3285 1278 3547 1348 fuerunt,
3597 1291 3653 1337 et
3698 1284 3866 1339 multi

2246 1361 2412 1416 etiam
2441 1362 2569 1418 olim
2599 1364 2903 1421 doctissimi
2949 1367 3202 1425 homines
3238 1370 3326 1424 hic
3361 1371 3537 1441 multa
3585 1373 3865 1432 confude-

2246 1463 2396 1520 runt,
2425 1470 2546 1525 qua:
2567 1456 2930 1514 discernenda
2953 1470 3099 1517 sunt.
3129 1461 3279 1518 Adeo
3301 1463 3584 1521 Africana:
3609 1465 3863 1524 historia:

2247 1543 2666 1616 Ecclesiasticac,
2702 1567 2824 1621 qua:
2849 1552 3064 1609 meliori
3094 1555 3357 1611 memoria
3387 1555 3720 1628 dignissima
3752 1570 3854 1627 est,

2245 1641 2582 1708 perturbatio
2626 1657 2819 1714 magna
2859 1653 2964 1701 est.
2999 1645 3089 1702 Sic
3123 1646 3456 1718 Epiphanius
3487 1659 3547 1705 et
3591 1651 3636 1705 Τ
3643 1651 3857 1708 beodo-

2245 1739 2397 1788 retus
2426 1735 2580 1789 aiunt
2621 1737 2926 1794 Donatistas
2964 1739 3132 1795 fuisse
3169 1740 3487 1798 Nuvatianaa
3529 1741 3854 1803 haereseos:

2245 1825 2356 1880 imo
2387 1827 2533 1898 quod
2571 1827 2639 1883 de
2669 1829 2966 1886 Donatistis
3003 1833 3223 1902 proprie
3249 1833 3545 1891 dicendum
3578 1847 3704 1893 erat
3753 1838 3857 1894 im-

2244 1915 2415 1987 perite
2446 1917 2511 1974 ad
2539 1917 2867 1977 Novatianos
2893 1921 3061 1980 refert
3089 1923 3428 1995 Epiphanius
3447 1967 3463 1993 ,
3491 1943 3621 1984 cum
3651 1930 3756 1986 hos
3784 1931 3858 1986 ait

2243 2005 2432 2064 Romae
2479 2011 2781 2080 appellatos
2827 2027 2949 2070 esse
3005 2015 3338 2073 Montenses.
3394 2017 3561 2076 Certe
3610 2021 3745 2077 licet
3799 2023 3851 2078 in

2242 2101 2618 2173 anabaptismo
2679 2107 3077 2174 convenirent,
3139 2117 3321 2164 tamen
3387 2109 3442 2165 in
3503 2115 3852 2170 caaremoniis

2241 2193 2497 2265 baptismi
2525 2212 2632 2255 non
2660 2199 3077 2256 conveniebant.
3127 2200 3438 2258 Utebantur
3484 2205 3648 2260 etiam
3694 2206 3844 2262 chrio

2241 2295 2419 2343 smate
2461 2289 2788 2357 Donatistae,
2833 2307 2942 2348 non
2974 2291 3269 2348 utebantur
3299 2293 3619 2351 Novatiani:
3662 2313 3846 2369 neque

537 2392 721 2448 nensis
765 2391 964 2447 absens
1011 2389 1302 2445 damnatus
1347 2397 1450 2444 est.
1497 2386 1552 2442 Si
1594 2396 1867 2458 quaeratur
1905 2386 2135 2457 primum
2165 2392 2214 2454 Β
2243 2381 2578 2450 paenitentia:
2600 2383 2902 2439 adversarii
2931 2386 3844 2458 erantDonatistm,utNovatiani,

535 2493 660 2555 post
684 2483 1056 2554 apostolorum
1085 2489 1336 2551 tempora
1357 2479 1672 2546 concilium,
1699 2479 1938 2534 dicerem
1961 2479 2139 2548 potius

533 2575 704 2632 fuisse
751 2575 897 2631 illam
949 2572 1341 2630 Caesariensem
1390 2573 1444 2627 in
1494 2571 1779 2627 Palaestina
1832 2570 2135 2643 synodum,

535 2685 658 2740 quae
686 2668 754 2725 de
793 2667 1047 2724 Pachatis
1085 2665 1174 2722 die
1219 2665 1516 2736 disputavit
1568 2675 1808 2736 tempore
1853 2663 2137 2720 Commodi

535 2760 884 2832 imperatoris
911 2758 1067 2814 sicuti
1094 2765 1151 2812 et
1183 2756 1345 2826 paulo
1372 2763 1496 2826 post
1521 2756 1709 2811 Romae
1727 2797 1742 2816 .
1773 2764 1828 2810 et
1856 2755 1908 2810 in
1939 2753 2134 2822 Gallia,

535 2862 594 2912 et
621 2855 674 2910 in
703 2853 933 2920 Achaia,
961 2861 1019 2909 et
1047 2853 1100 2906 in
1130 2851 1332 2906 Arabia
1356 2849 1594 2923 synodos
1623 2858 1904 2920 propterea
1933 2863 2135 2904 conve-

535 2947 684 3003 nisse
726 2947 876 3003 testis
922 2954 1006 3001 est
1051 2943 1322 3000 Eusebius
1359 2941 1456 2997 lib.
1485 2957 1540 3007 v,
1583 2955 1700 3010 cap.
1731 2940 1832 3007 25,
1859 2949 1915 2996 et
1939 2939 2033 2995 lib.
2059 2955 2132 3006 vt,

534 3054 656 3110 cap.
683 3039 753 3094 36
775 3046 830 3094 et
855 3038 947 3094 37.
981 3035 1188 3092 Deinde
1209 3042 1336 3090 ante
1359 3032 1686 3105 Cyprianum
1715 3032 1818 3088 alia
1849 3031 1946 3086 fuit
1973 3046 2137 3102 syno-

534 3130 636 3186 dus
666 3129 1112 3200 Carthaginensis
1143 3126 1212 3183 de
1259 3125 1537 3196 Baptismo
1583 3125 1980 3180 haereticorum.
2028 3122 2135 3194 Cy-

535 3223 760 3295 prianus
787 3220 852 3275 ad
883 3218 1235 3285 Jubaianum,
1271 3215 1432 3271 Multi
1474 3214 1692 3290 (inquit)
1715 3217 1830 3286 jam
1857 3214 1981 3269 anni
2015 3222 2136 3268 sunt

533 3325 583 3372 et
622 3315 776 3388 longa
810 3325 970 3380 (etas,
1003 3329 1067 3368 ex
1095 3327 1196 3378 quo
1235 3312 1327 3366 sub
1369 3309 1654 3381 Agrippino
1700 3308 1846 3363 bona:
1877 3306 2136 3364 memoriae

531 3408 664 3474 viro,
706 3408 1056 3463 convenientes
1084 3405 1140 3459 in
1176 3419 1338 3458 unum
1391 3402 1621 3473 episwpi
1663 3400 1872 3473 plurimi
1898 3399 1996 3453 hoc
2028 3408 2134 3452 sta-

535 3507 772 3566 tuerunt,
812 3509 919 3556 etc.
962 3498 1302 3569 Augustinus
1349 3502 1528 3549 tamen
1572 3493 1667 3548 lib.
1700 3509 1752 3548 tv
1797 3491 1866 3548 de
1900 3491 2130 3561 Baptis.,

535 3605 586 3648 c.
618 3593 673 3659 6,
709 3606 817 3646 non
857 3591 1077 3658 multis,
1109 3588 1205 3644 sed
1237 3587 1426 3660 paucis
1453 3585 1608 3642 annis
1636 3593 1762 3640 ante
1804 3585 2128 3655 Cyprianum

534 3682 640 3740 hoc
665 3682 930 3740 accidisse
972 3683 1091 3738 ait:
1137 3689 1198 3735 ut
1239 3678 1605 3751 intelligamus
1634 3692 1742 3733 non
1773 3675 1909 3733 adeo
1946 3676 2131 3732 multis

2244 2489 2421 2545 neque
2449 2475 2751 2544 secundas,
2781 2485 2841 2532 ut
2877 2477 2930 2533 hi
2950 2519 2966 2546 ,
2998 2481 3218 2550 nuptias
3255 2480 3615 2538 damnabant.
3644 2484 3845 2540 Saltem

2244 2567 2362 2638 ipse
2387 2567 2714 2626 Cresconius
2741 2571 3023 2627 Donatista
3063 2587 3185 2628 cum
3215 2585 3443 2646 negaret
3470 2590 3598 2632 sese
3628 2576 3844 2633 haereti-

2241 2673 2365 2714 cum
2389 2674 2531 2725 esse,
2557 2670 2611 2716 et
2633 2661 2921 2718 hmreticos
2943 2673 3311 2733 enumeraret,
3342 2680 3468 2722 cum
3491 2668 3692 2738 quibus
3715 2669 3842 2724 nihil

2243 2749 2474 2807 haberet
2501 2767 2790 2809 commune
2809 2794 2823 2818 ,
2853 2753 3186 2811 Novatianos
3215 2755 3382 2812 etiam
3410 2772 3801 2816 commemorat
3825 2778 3839 2814 :

2241 2857 2420 2912 neque
2447 2843 2809 2912 Augustinus,
2841 2861 2964 2901 cum
2986 2847 3038 2902 ei
3067 2847 3372 2916 respondit,
3400 2849 3646 2920 aliquam
3672 2851 3840 2906 Nova-

2243 2933 2402 2987 tianae
2433 2933 2706 3006 luereseos
2737 2944 2920 2992 notam
2948 2936 3000 2993 ei
3042 2938 3230 3005 inurit,
3265 2939 3360 2996 lib.
3399 2956 3440 2994 tt
3469 2953 3662 2997 contra
3709 2942 3837 2998 Cre-

2241 3026 2485 3084 sconiutn
2529 3042 2650 3098 cap.
2682 3028 2736 3084 5.
2765 3027 2964 3085 Habuit
2994 3040 3170 3087 tamen
3209 3031 3578 3090 Novatianum
3611 3035 3839 3092 schisma

2239 3117 2440 3173 similia
2469 3119 2636 3174 multa
2665 3136 2787 3175 cum
2817 3123 3107 3179 schismate
3136 3125 3552 3185 Donatistarum
3577 3149 3590 3184 :
3623 3132 3717 3188 sed
3739 3131 3838 3187 No-

2240 3211 2437 3265 vatiani
2469 3227 2576 3267 non
2607 3212 2680 3267 ita
2710 3215 3008 3272 crudeliter
3035 3219 3267 3287 grassati
3318 3229 3484 3288 sunt,
3518 3231 3578 3278 et
3615 3223 3670 3278 in
3700 3224 3835 3279 Italia

2239 3308 2400 3371 atque
2427 3300 2648 3360 Oriente
2677 3315 2971 3374 regnarunt
3002 3309 3179 3378 potius
3209 3324 3370 3380 quam
3405 3313 3460 3367 in
3492 3313 3699 3371 Africa.

2311 3392 2383 3450 Ut
2417 3405 2600 3452 autem
2629 3396 2846 3468 quidam
2875 3399 3008 3454 olim
3041 3409 3249 3458 temere
3274 3403 3695 3462 confundebant
3733 3407 3830 3462 Do-

2237 3495 2424 3542 natum
2473 3487 2758 3544 Numidam
2808 3506 2931 3546 cum
2987 3491 3200 3548 Donato
3248 3491 3713 3567 Cartltaginensi.
3761 3501 3836 3556 sic

2237 3577 2399 3634 etiam
2447 3581 2600 3635 multi
2642 3581 2908 3638 Novatum
2947 3600 3071 3640 cum
3101 3585 3435 3644 Novatiano.
3473 3589 3640 3647 Certe
3666 3591 3837 3648 Theo-

2235 3668 2462 3726 doretus
2483 3673 2552 3729 dc
2583 3673 2714 3731 Fab.
2747 3675 2992 3733 haeretic.
3027 3681 3218 3736 scribit
3244 3681 3313 3738 de
3339 3682 3554 3741 Novato
3574 3727 3588 3752 ,
3622 3702 3742 3757 quas
3770 3688 3837 3744 de

533 3785 659 3832 ante
685 3776 842 3831 annis
867 3775 919 3830 id
947 3776 1148 3829 factum
1179 3787 1322 3830 esse.
1365 3771 1471 3828 Sed
1500 3785 1675 3842 neque
1704 3785 1867 3825 unum
1890 3784 1953 3826 ea
1977 3769 2045 3825 de
2071 3784 2130 3825 re
2159 3783 2204 3847 ρ
2236 3761 2535 3822 Novatiano
2563 3767 2739 3838 potius
2766 3770 3056 3828 scribenda
3084 3784 3277 3843 erant,
3313 3788 3364 3832 et
3395 3777 3738 3850 Epiphanius
3762 3781 3837 3836 ait

532 3868 787 3941 Cypriani
816 3879 1061 3939 tempore
1081 3867 1370 3924 concilium
1396 3865 1822 3936 Carthaginense
1853 3864 1988 3919 fuit:
2022 3863 2132 3920 imo

529 3976 662 4018 vero
705 3961 806 4016 tria
849 3960 1050 4025 fuisse,
1098 3958 1293 4014 indicat
1325 3957 1629 4028 Cyprianus
1669 3956 1736 4010 ad
1782 3955 2128 4012 Jubaianum.

533 4052 687 4123 Quod
718 4061 897 4109 autem
930 4067 998 4107 ex
1035 4049 1102 4106 iis
1131 4049 1542 4106 celeberrimum
1587 4057 1671 4103 est
1691 4088 1706 4114 ,
1735 4062 1843 4119 quo
1870 4056 1926 4103 et
1953 4047 2132 4102 Dona-

529 4147 672 4203 tista:
719 4145 1060 4217 potissimum
1109 4141 1498 4207 abutebantur,
1547 4140 1676 4196 olim
1716 4141 1878 4197 etiam
1910 4139 2129 4210 quidam

528 4238 782 4296 dixerunt
830 4237 1024 4294 falsum
1068 4244 1124 4292 ct
1175 4235 1356 4292 fictum
1401 4249 1570 4290 esse:
1614 4249 1788 4305 neque
1828 4234 1896 4289 ab
1939 4248 2130 4289 eorum

527 4333 786 4404 Opinione
814 4331 1036 4386 omnino
1065 4329 1302 4386 alienum
1344 4342 1468 4384 sese
1517 4341 1638 4384 esse
1669 4325 2002 4399 Augustinus
2031 4327 2131 4380 ali.

530 4422 747 4496 quando
790 4421 1113 4494 signilicavit
1160 4420 1305 4476 lib.t
1350 4429 1535 4476 contra
1578 4417 1838 4475 Crescon.
1878 4432 2000 4488 cap.
2032 4417 2124 4472 52.

526 4516 635 4576 Sed
662 4527 842 4573 tamen
875 4516 928 4572 in
955 4517 1116 4586 epist.
1146 4513 1238 4578 48,
1280 4514 1512 4584 ingenue
1540 4515 1806 4584 agnoscit,
1839 4521 1895 4569 et
1915 4527 1980 4568 ex
2008 4513 2128 4582 ipso

524 4615 666 4688 stylo
695 4614 900 4682 liquere
926 4611 1158 4677 fatetur,
1205 4610 1498 4667 conﬁctum
1540 4625 1646 4664 tton
1678 4623 1820 4665 esse.
1855 4605 2123 4662 Caeterum

525 4710 571 4767 si
614 4711 668 4766 iu
717 4707 976 4783 Cypriani
1026 4702 1365 4776 temporibus
1422 4699 1766 4772 przcdicanda
1814 4709 1897 4756 est
1947 4699 2122 4770 aliqua

524 4801 767 4874 synodus
804 4799 1059 4856 Africana
1112 4795 1228 4851 sive
1275 4791 1753 4863 Carthaginensis,
1803 4790 1894 4846 illa
1941 4791 2122 4862 p0tius

522 4894 790 4950 laudanda
836 4901 1017 4958 esset,
1065 4903 1228 4962 quam
1277 4885 1582 4958 Cyprianus
1627 4883 1723 4939 lib.
1757 4898 1842 4948 tv,
1872 4883 2033 4953 epist.
2063 4885 2115 4950 8,

523 4997 710 5043 narrat
735 4987 1063 5043 convenisse
1092 4983 1358 5040 adversus
1387 4994 1483 5035 eos
1508 5019 1524 5044 ,
1559 4979 1651 5050 qui
1694 4977 2118 5034 circumcisionis

521 5077 773 5148 exemplo
798 5078 1117 5144 abutentes,
1160 5074 1415 5132 nolebant
1442 5071 1674 5128 infantes
1700 5072 1959 5142 baptizari
1990 5079 2115 5129 ante

2237 3856 2501 3914 Novatum
2549 3861 2718 3919 fuisse
2746 3863 2935 3921 Romae
2964 3875 3206 3936 tempore
3248 3874 3649 3939 persecutionis
3671 3916 3685 3939 ,
3715 3890 3833 3930 cum

2236 3948 2288 4004 id
2318 3951 2499 4021 potius
2523 3953 2813 4011 dicendum
2842 3957 3090 4032 videatur
3119 3959 3190 4017 de
3226 3961 3553 4022 Novatiano.
3590 3967 3836 4038 Denique

2235 4052 2289 4099 et
2321 4043 2564 4103 Zonaras
2593 4047 2859 4107 Novatum
2887 4050 3307 4112 heresiarcltam
3350 4058 3484 4114 dicit
3513 4059 3677 4116 fuisse
3716 4061 3835 4116 lio-

2235 4151 2410 4194 mante
2455 4138 2720 4198 Ecclesia:
2764 4144 3172 4216 presbyterum,
3217 4148 3414 4205 eodem
3464 4165 3662 4207 errore.
3712 4152 3828 4207 Sed

2233 4232 2326 4301 qui
2357 4233 2712 4305 Cyprianum,
2738 4238 2822 4293 vel
2849 4238 3012 4294 etiam
3042 4239 3437 4314 Hieronymum
3470 4244 3520 4298 in
3543 4243 3706 4298 Catal.
3738 4246 3833 4301 vel

2235 4323 2454 4381 Paciani
2484 4328 2746 4398 epistolas
2785 4345 2960 4401 nuper
2989 4331 3166 4388 editas
3198 4335 3482 4406 legerunt,
3522 4335 3672 4392 facile
3701 4340 3830 4391 aui-

2235 4420 2582 4477 madvertunt
2628 4423 2754 4494 quid
2805 4423 3053 4493 Novato,
3081 4427 3212 4498 quid
3255 4427 3560 4484 Novatiano
3609 4431 3832 4500 proprie

2233 4513 2654 4572 adscribendum
2696 4518 2885 4574 sit:et
2913 4527 3062 4574 tanto
3105 4529 3398 4592 propterea
3443 4522 3611 4594 magis
3662 4524 3836 4580 miror

2231 4616 2484 4664 auctores
2527 4606 2907 4665 Centuriarum
2959 4609 3206 4667 historiae
3258 4613 3641 4669 ecclesiasticae
3690 4614 3832 4670 scri-

2232 4701 2407 4770 psisse
2430 4700 2788 4758 Novatianum
2807 4718 2837 4757 a
2851 4701 3060 4758 Novato
3081 4715 3322 4760 creatum
3351 4706 3521 4763 fuisse
3539 4706 3833 4763 diaconum

2228 4793 2716 4866 Carthaginiensem
2732 4797 2901 4852 invito
2913 4794 3206 4869 Cypriano.
3227 4797 3622 4855 Felicissimum
3649 4801 3834 4871 potius

2227 4888 2414 4945 dicere
2454 4888 2776 4945 debuerant.
2829 4890 2974 4947 Sane
3013 4889 3253 4946 Novatus
3279 4891 3543 4964 Cypriani
3583 4895 3834 4966 episcopi

2226 4979 2671 5052 Carthaginensis
2713 4984 2998 5056 presbyter
3043 4983 3186 5040 fuit:
3216 4985 3308 5055 qui
3353 5001 3478 5042 cum
3525 4987 3576 5042 in
3619 4987 3831 5044 Italiam

2225 5073 2488 5142 venisset,
2521 5073 2877 5130 Novatianunt
2911 5077 3211 5132 Romanum
3245 5079 3624 5151 presbyterum
3669 5079 3838 5154 3“

521 5179 778 5228 octavum
805 5169 972 5224 diem.
1001 5169 1108 5227 Sed
1139 5178 1192 5226 et
1221 5169 1298 5225 illi
1325 5166 1559 5225 Africani
1587 5165 1851 5237 episcopi,
1881 5166 1970 5238 qui
1998 5181 2122 5222 cum
2151 5171 2202 5231 D
2231 5165 2398 5222 veluti
2424 5167 2733 5238 antipapam
2757 5167 2946 5224 Roma:
2981 5167 3154 5223 creari
3176 5170 3431 5236 curavit;
3461 5185 3582 5226 cum
3606 5171 3838 5227 electio-

521 5261 796 5334 Cypriano
835 5261 1113 5332 conjuncti
1152 5261 1428 5333 scripsere
1472 5261 1539 5316 ad
1569 5259 1882 5316 Cornelium
1924 5275 2118 5332 papam

521 5352 828 5410 Romanum
855 5352 923 5408 de
954 5367 1088 5424 pace
1129 5354 1297 5424 lapsis
1328 5352 1724 5425 paenitentibus
1751 5350 1961 5418 danda,
2008 5352 2128 5406 lau-

520 5445 718 5504 dabilis
747 5444 940 5518 synodi
969 5443 1416 5514 Carthaginensis
1460 5444 1724 5502 adversus
1749 5443 2018 5500 Novatum
2055 5459 2121 5501 eo

518 5547 768 5612 tempore
806 5538 1043 5610 speciem
1071 5534 1331 5604 edidere,
1359 5537 1516 5594 sicuti
1544 5547 1599 5594 et
1636 5535 1830 5594 eodem
1877 5545 2121 5608 tempore

516 5631 807 5706 quamdam
840 5630 1139 5688 Romanam
1171 5627 1472 5702 synodum,
1499 5631 1590 5686 eui
1620 5629 1736 5687 Afri
1781 5646 1999 5702 quoque
2031 5631 2116 5688 in-

519 5726 836 5799 terfuerint,
865 5725 1006 5785 idem
1032 5722 1312 5784 deliniisse
1332 5761 1349 5793 ,
1381 5723 1538 5782 testis
1566 5732 1652 5785 est
1678 5723 1945 5784 Eusebius
1979 5723 2120 5784 libro

2229 5275 2355 5316 nem
2367 5258 2628 5326 Cornelii,
2645 5277 2806 5331 quam
2827 5261 3090 5332 impedire
3106 5276 3217 5318 non
3243 5271 3513 5333 potuerat.
3531 5261 3838 5335 legitimam

2233 5367 2338 5408 non
2370 5335 2500 5408 esse.
2519 5353 2866 5409 cavillaretur
2891 5371 2904 5409 :
2935 5353 3097 5411 sicuti
3123 5353 3370 5410 Donatus
3400 5353 3629 5412 Numida
3655 5398 3670 5421 ,
3709 5372 3838 5413 cum

2229 5444 2504 5502 Caeciliani
2521 5446 2760 5518 episcopi
2773 5445 3220 5518 Carthaginensis
3247 5447 3658 5522 ordinationem
3677 5465 3840 5514 aecu-

2225 5548 2406 5607 saret,
2438 5538 2795 5610 Majorinum,
2828 5539 2913 5597 cui
2943 5539 3188 5597 Donatus
3217 5540 3358 5598 alter
3382 5545 3657 5600 successit
3685 5545 3840 5602 ordi-

2229 5635 2344 5689 nari
2374 5635 2624 5701 curavit,
2657 5644 2714 5690 ut
2742 5634 2893 5692 testis
2923 5645 3006 5690 est
3034 5635 3265 5707 August.
3297 5635 3351 5690 in
3389 5635 3486 5693 lib.
3521 5636 3592 5694 de
3621 5638 3836 5695 liter-es.

2226 5727 2323 5799 qui
2354 5727 2516 5784 etiatu
2548 5736 2838 5800 propterea
2881 5725 3070 5798 adjicit
3111 5744 3239 5786 eum
3283 5729 3340 5787 in
3369 5729 3510 5789 urbe
3549 5729 3842 5805 Carthagi-
