4134 6186
306 256 441 315 1419

1203 260 1529 320 HISTORIA
1564 256 2168 317 CARTHAGINENSIS
2210 257 2705 317 COLLATIONIS.

3501 285 3644 343 1450

304 375 449 433 nensi
481 375 714 445 primum
743 377 989 433 erexisse
1027 376 1201 435 altare
1239 388 1429 435 contra
1467 379 1638 435 altare
1672 398 1685 433 :
1732 378 1890 434 sicuti
1918 383 1973 442 Α
1999 375 2204 441 rando,
2254 378 2647 447 ignosceretur
2698 391 2925 451 propter
2966 386 3226 445 eamdem
3275 394 3534 468 unitatis,
3591 404 3643 458 in

302 467 596 540 Cyprianus
625 466 789 522 simili
838 466 1081 525 formula
1122 486 1250 526 usus
1287 481 1442 526 antea
1469 471 1682 527 dixerat
1712 470 1890 525 Nova-

305 565 471 618 tianos
497 559 642 615 idem
673 560 900 628 fecisse,
942 563 1038 618 sed
1070 562 1278 618 Romae.
1308 563 1486 635 Atque
1513 562 1616 617 hoc
1647 562 1777 618 illud
1810 571 1894 617 est

300 654 603 711 schismatis
626 669 898 710 summum
930 656 1169 723 malum,
1200 657 1342 724 quod
1385 666 1443 712 ut
1483 657 1535 710 in
1566 656 1888 721 Donatistis,

298 748 372 805 sic
391 755 447 805 et
473 759 634 804 antea
659 748 712 803 itt
736 746 1055 806 Novatianis
1078 762 1391 808 accusatum
1413 761 1518 817 est,
1539 752 1709 821 magis
1730 765 1889 821 quam

297 840 569 896 haereseos
623 840 854 896 crimen.
924 840 1091 898 Certe
1149 843 1437 914 Dionysius
1490 842 1893 898 Alexandrinus

295 933 536 990 scribens
577 933 644 988 ad
673 932 1070 1002 Novatianum,
1099 951 1335 1007 eumque
1377 936 1459 991 sui
1503 935 1668 991 ofﬁcii
1701 936 1891 991 admo-

210 1090 221 1094 _
298 1041 462 1094 nens,
489 1027 585 1093 ait,
608 1042 731 1083 eum
757 1027 971 1098 quidvis
1006 1029 1191 1085 facere
1215 1028 1489 1097 debuisse,
1521 1030 1701 1100 potius
1730 1044 1892 1101 quam

293 1123 585 1179 Ecclesiam
632 1122 930 1180 schismate
961 1123 1217 1180 scindere
1249 1142 1261 1177 :
1297 1139 1473 1195 neque
1524 1134 1631 1179 tam
1665 1123 1892 1180 idolola-

294 1219 485 1285 triam,
529 1233 690 1288 quant
742 1216 983 1273 schisma
1039 1217 1228 1287 fugere
1274 1216 1564 1283 debuisse,
1614 1217 1736 1288 quia
1766 1231 1888 1272 cum

291 1309 424 1365 banc
449 1310 606 1380 fugit,
635 1310 738 1365 sibi
767 1317 981 1364 tantum
1010 1318 1177 1365 cavet
1202 1327 1215 1363 :
1246 1324 1370 1366 cum
1401 1325 1532 1366 vero
1554 1310 1686 1366 illttd
1708 1350 1723 1377 ,
1769 1310 1887 1365 uni-

288 1418 457 1460 versae
484 1402 749 1460 Ecclesiae
789 1404 1049 1459 consulit.
1082 1404 1264 1460 Testis
1300 1413 1385 1459 est
1433 1405 1792 1477 Hieronymus
1837 1405 1888 1458 in

286 1497 459 1554 Catal.
493 1496 564 1553 Et
589 1510 723 1552 vero
748 1495 1061 1562 Novatiani,
1093 1496 1143 1551 si
1173 1495 1485 1552 schismatis
1515 1496 1594 1552 rei
1624 1512 1731 1553 non
1763 1497 1887 1554 fuis-

284 1600 439 1659 sent,
492 1606 606 1647 suae
646 1589 715 1645 de
762 1589 934 1660 lapsis
981 1589 1162 1660 deque
1206 1590 1589 1645 hareticorum
1622 1589 1892 1659 baptismo

283 1682 557 1752 Opinionis
605 1696 800 1737 novum
845 1690 899 1736 et
948 1680 1197 1736 insolens
1244 1682 1563 1751 exemplum
1615 1696 1721 1736 non
1767 1697 1890 1738 esse

1996 484 2102 539 qua
2133 470 2495 527 nihilominus
2529 474 2759 543 mansit,
2789 476 3145 537 charitatem.
3171 485 3486 549 Novatianis
3513 514 3646 554 vero

1998 560 2386 628 schismaticis,
2415 562 2511 632 qui
2551 563 2656 621 hoc
2682 584 2871 627 errore
2897 571 3097 631 imbuti
3116 578 3189 635 ab
3211 581 3456 642 Ecclesia
3488 589 3643 648 dcfe-

1996 662 2209 721 cerant,
2244 669 2355 709 non
2384 654 2795 727 ignosceretur,
2821 672 2878 718 et
2909 669 3084 723 multo
3108 673 3291 730 minus
3323 678 3641 741 Donatistis.

1994 745 2130 801 Nam
2159 754 2219 802 et
2247 747 2449 802 borum
2478 762 2654 819 quam
2688 752 2909 811 illorum
2934 761 3141 832 opinio,
3172 774 3424 839 quamvis
3449 778 3644 837 simius

1995 847 2175 902 esset,
2227 840 2421 932 minus
2453 846 2835 903 excusationis
2876 849 3112 910 habebat
3144 876 3157 911 :
3190 864 3314 932 quia
3346 865 3645 930 Donatista;

1997 946 2103 986 non
2159 931 2507 1001 ignorabant
2580 936 2634 992 in
2715 943 2949 999 concilio
3000 931 3345 1012 aecumeuico
3395 976 3641 1021 errorem

1994 1023 2143 1080 illius
2192 1022 2460 1080 Africani
2510 1032 2768 1102 concilii,
2814 1038 2959 1107 quod
3006 1039 3292 1104 Novatiani
3342 1054 3642 1116 obtendere

1996 1119 2363 1213 potuissent,
2400 1119 2572 1178 fuisse
2603 1124 2940 1186 damnatum.
2976 1134 3124 1193 inter
3165 1152 3409 1213 tempora
3439 1149 3642 1209 Novati

1995 1221 2051 1269 et
2081 1209 2301 1309 Donati
2328 1210 2607 1272 Sabellius
2636 1218 2771 1276 Afer
2793 1233 2849 1278 et
2880 1226 3044 1282 veluti
3089 1209 3301 1290 medius
3330 1240 3507 1309 majus
3536 1243 3636 1299 ali-

1993 1306 2123 1377 quid
2151 1304 2342 1360 audet
2361 1348 2375 1372 ,
2408 1317 2465 1364 et
2494 1310 2761 1370 Ecclesia:
2789 1330 2952 1387 caput
2984 1320 3191 1394 ipsum,
3225 1329 3327 1384 hoc
3352 1304 3436 1387 est
3464 1332 3628 1390 Chri-

1994 1409 2139 1455 stum
2186 1397 2382 1469 ipsum
2432 1403 2606 1473 petit,
2658 1422 2817 1477 quem
2871 1426 2978 1467 non
3028 1416 3133 1471 nisi
3183 1420 3455 1479 hominem
3504 1442 3629 1485 esse

1994 1493 2360 1588 clamitabat:
2390 1507 2557 1588 atque
2587 1509 2647 1554 ut
2694 1501 2976 1560 Trinitatis
3006 1514 3331 1581 mysterium
3378 1519 3617 1588 tolleret,

1995 1602 2102 1642 non
2135 1585 2308 1642 modo
2345 1580 2560 1646 unicam
2589 1592 2891 1652 divinitatis
2920 1580 3135 1667 οὐσὶσιν,
3186 1606 3284 1661 sed
3324 1608 3486 1664 etiam
3521 1580 3622 1685 hy;

1996 1682 2511 1777 postasimunicam
2552 1701 2677 1743 esse
2724 1693 3051 1750 contendit:
3102 1708 3158 1752 et
3208 1699 3361 1767 haec,
3414 1682 3611 1777 Pater,

281 1772 467 1829 dicere
489 1773 725 1829 fortasse
757 1772 1082 1843 potuissent.
1117 1772 1258 1840 Quid
1288 1772 1477 1829 enim?
1516 1774 1637 1843 Ipse
1664 1774 1889 1846 Cypria-
1918 1761 1967 1821 Β
1996 1772 2198 1841 Filius,
2233 1774 2474 1843 Spiritus
2501 1777 2755 1848 Sanetus,
2781 1799 2887 1840 non
2920 1802 3204 1857 personas,
3235 1793 3332 1848 sed
3348 1761 3537 1853 'voces
3557 1761 3616 1855 ei

282 1882 383 1923 nus
429 1867 481 1921 in
512 1867 739 1937 epistola
780 1866 847 1920 ad
895 1866 1269 1921 Antonianum
1312 1867 1530 1934 scribit,
1576 1867 1717 1938 apud
1758 1883 1887 1924 suos

280 1961 376 2033 (ιιι
404 1957 516 2033 ait)
545 1967 921 2016 antecessores
952 1961 1006 2015 in
1037 1974 1136 2016 sua
1168 1960 1446 2031 provincia
1474 1960 1737 2031 quosdam
1767 1961 1883 2032 epi-

277 2067 475 2125 scopos
502 2069 609 2107 non
638 2053 913 2124 putavisse
951 2055 1187 2108 dandam
1222 2068 1410 2123 pacem
1440 2054 1706 2121 mtecbis,
1747 2063 1802 2110 et
1830 2054 1884 2110 iu

278 2152 452 2201 totum
478 2144 742 2201 clausisse
781 2156 970 2202 contra
1010 2145 1278 2201 adulteria
1322 2146 1497 2203 locum
1528 2147 1882 2217 paenitentiae.

274 2237 415 2306 Quid
448 2253 580 2293 vero
624 2247 683 2293 ut
724 2252 819 2294 eos
864 2248 1162 2309 utcumque
1203 2247 1464 2305 excuset,
1502 2238 1731 2309 adjicit?
1775 2238 1886 2295 Sed

269 2343 466 2397 tamen,
512 2333 706 2403 inquit,
740 2350 775 2387 a
815 2334 1242 2404 coepiscoporum
1272 2349 1486 2387 suorum
1520 2332 1741 2406 collegio
1780 2349 1885 2388 non

267 2433 593 2482 recesserunt
616 2466 630 2488 ,
684 2441 846 2495 neque
888 2425 1162 2480 catholica:
1209 2423 1459 2480 Ecclesiae
1500 2425 1761 2485 unitatem
1804 2424 1887 2480 vel

265 2517 484 2587 duritie:
501 2499 585 2571 vel
618 2531 848 2571 censura:
872 2532 981 2571 suae
1009 2516 1356 2571 obstinatione
1390 2525 1661 2586 ruperunt.
1706 2517 1884 2587 Atque

264 2610 322 2666 id
364 2609 589 2681 quidem
619 2609 785 2665 etiam
825 2608 1166 2680 Augustinus
1211 2607 1485 2680 Cypriano
1529 2609 1883 2668 subscribens

260 2705 562 2779 diligenter
609 2704 920 2761 observavit
967 2704 1131 2774 epist.
1176 2702 1269 2759 48.
1321 2703 1525 2760 Omitto
1573 2703 1714 2774 quod
1763 2704 1882 2773 ipse

261 2799 642 2856 Tertullianus
684 2798 797 2867 jam
843 2796 974 2853 olim
1020 2796 1273 2851 videatur
1321 2794 1376 2849 in
1420 2794 1516 2851 lib.
1548 2794 1617 2852 de
1646 2794 1878 2852 Pudicit.

255 2892 537 2949 acerrime
550 2889 880 2954 defendisse,
901 2889 1045 2961 quod
1070 2888 1158 2943 hic
1178 2888 1486 2959 Cyprianus
1511 2888 1591 2942 ait
1613 2888 1877 2959 quosdam

255 2994 393 3041 ante
418 3000 483 3040 se
508 2983 795 3054 episcenos
824 2983 1122 3054 putavisse.
1157 2980 1266 3037 Sed
1293 2980 1662 3037 Tertullianus
1687 2981 1879 3038 Eccle-

251 3079 358 3136 sia;
409 3077 676 3133 unitatem
717 3076 889 3147 rupit,
929 3075 1014 3132 vel
1059 3073 1308 3141 duritiae,
1355 3074 1440 3131 vel
1485 3089 1733 3132 censum
1761 3089 1878 3131 suae

252 3170 664 3227 obstinatione.

327 3263 513 3320 Porro
573 3261 718 3333 quod
770 3260 1055 3318 Novatiani
1109 3260 1414 3331 baptizatos
1478 3261 1530 3316 in
1587 3259 1826 3316 Ecclesia
1853 3302 1868 3329 ,

248 3372 428 3429 quam
479 3363 540 3410 ut
579 3355 839 3424 pollutam
869 3354 1238 3419 accusabant,
1276 3360 1333 3409 et
1381 3368 1411 3407 a
1457 3367 1561 3423 qua
1596 3360 1871 3421 tamquam

248 3449 492 3520 profana
537 3447 915 3516 desciverant,
948 3463 1057 3502 non
1106 3447 1379 3502 habebant
1420 3458 1517 3516 pro
1563 3444 1868 3514 baptizatis,

243 3552 668 3614 proptereaque
712 3542 1163 3612 rebaptizabant:
1200 3540 1472 3596 faciebant
1510 3538 1654 3608 quod
1699 3539 1871 3595 luere-

247 3638 400 3690 ticos
423 3644 583 3688 antea
614 3647 779 3688 ausos
802 3650 910 3688 non
934 3650 1075 3697 esse.
1106 3633 1313 3688 indicat
1332 3631 1591 3705 Cypriau.
1626 3633 1677 3686 in
1702 3633 1863 3701 epist.

240 3728 318 3783 ad
336 3726 477 3783 Jub.
508 3734 563 3780 et
583 3725 651 3781 ad
678 3725 894 3796 Pomp.,
921 3737 975 3780 et
1002 3726 1139 3798 Aug.
1175 3727 1211 3780 l.
1239 3742 1296 3781 ιιι
1319 3727 1387 3781 de
1418 3726 1597 3795 Bapt.,
1628 3741 1751 3797 cap.
1778 3727 1864 3783 10.

238 3819 363 3877 Sed
415 3825 600 3873 tamen
632 3817 900 3888 principio
943 3818 1177 3888 quodam
1224 3818 1554 3883 nitebantur,
1585 3817 1727 3886 quod
1753 3817 1870 3889 ple-

236 3911 418 3982 rique
450 3910 505 3963 in
546 3908 725 3964 Africa
754 3907 1021 3964 Catholici
1053 3908 1457 3980 sequebantur,
1499 3916 1555 3962 et
1598 3907 1868 3964 Africanis

236 4005 339 4077 (ut
368 4001 518 4071 disi)
548 4000 874 4071 quibusdam
896 4002 1142 4059 conciliis
1171 4002 1554 4058 conﬁrmatum
1573 4017 1699 4060 esse
1719 4001 1867 4059 vide-

231 4099 446 4156 batur.
498 4095 642 4166 Ergo
684 4103 745 4151 ut
783 4094 1020 4151 Novatus
1068 4096 1398 4168 baptismum
1447 4097 1546 4152 abs
1590 4096 1867 4169 Cypriano

234 4191 701 4250 administratum
745 4203 850 4244 non
895 4188 1124 4245 habebat
1169 4197 1390 4244 ratum:
1424 4189 1504 4243 sic
1543 4202 1722 4258 neque
1753 4186 1865 4259 Cy-

234 4289 487 4360 prianus
533 4298 658 4340 eum
685 4323 699 4348 ,
746 4281 903 4352 cujus
950 4279 1196 4337 minister
1242 4280 1436 4338 fuisset
1487 4279 1729 4337 Novatus
1773 4289 1867 4336 aut

231 4376 615 4435 Novatianus.
648 4373 920 4431 Caeterum
952 4373 1058 4430 hoc
1088 4372 1355 4440 interfuit,
1387 4372 1529 4444 quod
1558 4372 1864 4446 Cyprianus

228 4473 311 4529 ab
342 4469 552 4539 iis,qui
580 4466 904 4535 baptismum
933 4483 1039 4522 non
1069 4481 1192 4523 esse
1216 4465 1517 4522 iterandum
1540 4464 1856 4531 credebant,

1993 1866 2158 1922 verba
2213 1882 2339 1924 esse
2389 1871 2598 1927 docuit.
2655 1874 2898 1947 Denique
2951 1883 3170 1950 repetiit
3218 1888 3364 1954 quod
3413 1892 3609 1948 eodem

1990 1965 2237 2028 tempore
2282 1959 2486 2018 Paulus
2534 1963 2926 2025 Samosatenus
2972 1975 3203 2031 antistes
3235 1981 3609 2042 Antiochenus

1990 2053 2319 2108 inculcabat.
2362 2053 2628 2128 Capitalis
2668 2060 2766 2116 fuit
2813 2062 2932 2120 hrrc
2959 2064 3221 2135 haeresis,
3264 2073 3363 2128 sed
3393 2076 3610 2131 Africa-

1989 2160 2116 2199 nam
2146 2145 2446 2203 Ecclesiam
2480 2150 2665 2208 minus
2707 2158 3061 2223 perturbavit
3087 2176 3251 2231 quam
3300 2164 3461 2221 factio
3490 2169 3603 2225 Do-

1989 2235 2148 2291 nati:
2196 2244 2252 2292 et
2295 2239 2417 2309 quia
2467 2240 2666 2299 Paulus
2716 2246 3109 2304 Satnosatenus
3158 2252 3211 2306 in
3260 2255 3601 2317 Antiochena

1988 2330 2200 2404 synodo
2229 2335 2411 2389 statim
2440 2335 2734 2396 damnatus
2764 2340 2884 2407 fttit,
2918 2343 3037 2399 Afri
3064 2342 3329 2406 Catholici
3358 2370 3466 2410 non
3502 2374 3600 2425 pu-

1988 2432 2173 2480 tarunt
2210 2439 2335 2481 esse
2380 2442 2607 2484 necesse
2672 2439 2732 2485 ut
2773 2432 2840 2487 ad
2888 2434 3187 2494 Sabellium
3217 2442 3594 2504 damnandum

1986 2527 2249 2587 cogerent
2277 2533 2476 2575 novum
2517 2523 2811 2580 concilium
2847 2545 2861 2581 :
2894 2538 2947 2582 ct
2975 2546 3104 2586 vero
3140 2532 3599 2599 Sabellianismus

1985 2610 2094 2665 late
2125 2609 2180 2664 in
2221 2609 2400 2667 Africa
2450 2625 2738 2684 grassatus
2779 2633 2904 2675 esse
2952 2638 3059 2679 non
3103 2627 3336 2686 videtur.
3390 2633 3596 2691 Saltem

1986 2699 2212 2757 Sabellii
2239 2717 2343 2756 non
2367 2703 2548 2761 minus
2578 2722 2742 2777 quam
2775 2710 2995 2769 Praxete
3020 2729 3111 2770 aut
3142 2718 3451 2790 Marcionis,
3484 2743 3593 2782 non

1982 2790 2160 2847 solum
2214 2791 2385 2862 vitia,
2441 2795 2539 2852 sed
2589 2809 2646 2853 et
2700 2804 2918 2858 nomina
2973 2805 3242 2867 Africanis
3298 2815 3594 2885 provinciis

1983 2901 2157 2956 prope
2181 2887 2357 2958 ignota
2380 2904 2482 2945 suo
2509 2899 2757 2961 tempore
2781 2895 2948 2955 fuisse
2970 2901 3197 2971 Optatus
3221 2906 3314 2963 lib.
3333 2925 3351 2965 ι
3372 2912 3585 2970 scribit.

1983 2977 2257 3034 Prtetereo
2284 2980 2428 3050 quod
2456 2979 2718 3040 Calvinus
2764 2988 2815 3042 in
2857 3004 2952 3045 sua
2983 2991 3221 3051 Institut.
3256 3000 3445 3057 scribit
3475 3003 3583 3060 Sa-
3666 3014 3673 3023 ‘

1981 3069 2208 3126 bellium
2238 3083 2357 3143 post
2383 3075 2575 3131 Arium
2620 3078 2809 3137 fuisse.
2859 3081 3260 3147 Constatettim
3286 3093 3587 3155 Sabellium

1899 3147 1945 3210 C
1980 3172 2255 3217 mortuum
2297 3178 2423 3220 esse
2471 3168 2785 3241 priusquam
2838 3186 2999 3231 natus
3050 3190 3198 3237 esset

1978 3269 2179 3310 novum
2211 3269 2318 3309 non
2349 3266 2435 3312 est
2473 3258 2823 3321 doctissimos
2850 3267 3015 3325 etiam
3045 3272 3196 3329 viros
3230 3258 3588 3340 invAfricante

1978 3345 2237 3401 Ecclesia:
2266 3346 2494 3403 historia
2534 3352 2731 3411 inscite
2760 3361 3111 3431 peregrinari.

2047 3439 2346 3538 Sabellium
2372 3441 2688 3517 Pentapolis
2706 3453 2967 3508 emiserat
2994 3473 3008 3508 :
3040 3466 3097 3512 et
3116 3474 3245 3517 ecce
3273 3466 3434 3533 paulo
3462 3480 3587 3538 post

1973 3530 2027 3587 in
2057 3533 2235 3629 vicina
2268 3532 2509 3606 .Egypto
2550 3541 2743 3607 Aritts,
2780 3559 2862 3615 ex
2891 3544 3141 3604 Numidia
3194 3530 3324 3611 vero
3372 3530 3585 3629 (altero

1970 3627 2170 3682 Africa:
2196 3630 2475 3700 extremo)
2514 3632 2753 3687 Donatus
2784 3637 3019 3706 majores
3048 3641 3183 3699 dant
3222 3627 3411 3704 turbas
3431 3693 3444 3715 ,
3479 3653 3576 3709 ille

1972 3716 2026 3770 in
2055 3718 2443 3812 Alexandrina,
2479 3722 2565 3777 hic
2598 3724 2649 3779 in
2675 3722 2934 3800 Carthag.
2964 3731 3228 3791 Ecclesia.
3264 3738 3335 3793 Et
3357 3743 3578 3812 quidem

1972 3817 2031 3863 ut
2057 3807 2240 3879 Optat.
2278 3810 2315 3864 Ι.
2346 3826 2407 3864 ιιι
2453 3812 2521 3868 de
2565 3814 2775 3872 Donato
2816 3834 2985 3890 agens
3029 3825 3139 3892 ait,
3188 3828 3243 3884 in
3279 3807 3462 3890 Africa
3508 3837 3578 3893 de

1969 3904 2208 3960 scintilla
2234 3904 2527 3963 conﬂatum
2563 3924 2686 3967 esse
2732 3912 3090 3972 incendium:
3137 3921 3219 3978 sic
3260 3931 3316 3979 et
3367 3926 3570 3987 Euseb.

1970 3997 2011 4053 l.
2041 4014 2079 4054 ιι
2124 3998 2193 4055 de
2234 3998 2357 4055 Vita
2401 3997 2709 4071 Constant.,
2755 4012 3213 4078 quemadmodum
3240 4032 3308 4073 ex
3357 4023 3572 4080 modica

1968 4089 2208 4146 scintilla
2233 4093 2426 4161 ingens
2451 4093 2591 4163 ignis
2608 4098 2945 4168 accenditur,
2961 4101 3224 4161 Arianum
3257 4108 3567 4170 incendium

1969 4182 2279 4252 pervasisse
2306 4182 2479 4251 ipsam
2506 4200 2722 4256 quoque
2758 4187 3005 4261 Libyam.
3034 4192 3143 4251 Sed
3171 4197 3239 4254 de
3266 4199 3566 4264 Donatiana

1968 4272 2230 4367 tragoedia
2267 4283 2649 4367 nuncitantum
2679 4280 3002 4349 quaerimus,
3036 4300 3158 4355 quae
3182 4298 3239 4346 et
3268 4286 3417 4362 prior
3440 4297 3561 4367 fuit,

1965 4373 2020 4420 et
2063 4365 2243 4421 minus
2272 4366 2509 4422 subtilis.
2539 4367 2813 4440 Originem
2844 4382 2899 4427 et
2943 4375 3114 4434 veluti
3148 4384 3411 4450 protasim
3441 4365 3565 4446 dili-

1963 4466 2156 4552 genter
2193 4458 2419 4552 exponit
2465 4456 2647 4528 Optat.
2691 4461 2728 4516 l.
2758 4478 2798 4529 ι,
2843 4479 2914 4521 ex
2960 4481 3068 4539 quo
3117 4473 3280 4530 etiam
3330 4477 3559 4552 August.

226 4564 322 4620 sic
346 4538 642 4622 dissensit,
660 4567 717 4614 ut
741 4567 920 4615 tamen
943 4566 1230 4630 propterea
1253 4574 1358 4613 non
1384 4556 1644 4628 refugerit
1671 4571 1857 4611 eorum
1886 4538 1941 4598 Ῑ)
1968 4549 2107 4604 hanc
2135 4548 2422 4605 historiam
2454 4562 2701 4621 ι’θρθιθνθ
2730 4571 2829 4612 "03
2858 4538 3017 4626 Ῐυδόι
3044 4566 3083 4618 Ι·
3114 4581 3131 4620 ι
3155 4578 3345 4625 contra

223 4652 738 4720 commuttionem,
794 4668 970 4724 neque
1017 4652 1238 4709 unitatis
1284 4653 1565 4709 vinculum
1615 4652 1856 4721 ruperit,

224 4765 435 4819 neque
472 4745 704 4817 alicujus
742 4745 1050 4801 schismatis
1074 4753 1266 4801 auctor
1290 4745 1472 4801 fuerit.
1504 4745 1647 4817 Ergo
1680 4747 1861 4813 Augu-

220 4846 430 4904 stinus
462 4838 717 4912 Cypriani
745 4839 965 4911 quidem
1000 4854 1244 4895 errorem
1267 4840 1336 4895 de
1369 4838 1639 4908 baptismo
1667 4853 1856 4909 repre—

221 4923 472 4997 hendit,
522 4932 616 4988 sed
667 4932 847 4987 laudat
900 4932 1050 4987 illam
1084 4931 1305 4987 unitatis
1351 4932 1706 4998 charitatem,
1755 4945 1862 4999 qua

219 5035 544 5103 peccatum
588 5025 856 5094 cooperiri
907 5025 1015 5091 ait,
1066 5032 1123 5079 et
1169 5021 1570 5092 rebaptizantes
1616 5032 1862 5091 tempore

218 5119 551 5194 Cypriani,
591 5133 691 5173 nec
731 5126 912 5172 tamen
952 5117 1022 5173 ab
1050 5117 1271 5172 unitatis
1303 5117 1383 5189 (ut
1413 5115 1670 5186 Iotjuitur)
1701 5106 1858 5170 com-

214 5213 457 5290 pagine
502 5209 821 5265 recedentes
850 5208 1128 5277 profitetur
1162 5209 1354 5265 eadem
1386 5208 1679 5262 dilectione
1712 5207 1859 5277 pacis

212 5307 298 5364 ad
335 5302 572 5358 veniam
602 5300 908 5370 pertinere,
943 5317 1045 5371 qua
1085 5301 1390 5373 Cyprianus
1432 5302 1549 5370 ipse
1590 5300 1859 5356 tolerabat

209 5395 529 5455 admissos
560 5391 617 5446 in
656 5389 953 5446 Ecclesium
985 5393 1103 5449 sine
1145 5394 1253 5448 alio
1279 5407 1439 5462 quam
1472 5392 1856 5448 luereticorutn

208 5484 574 5558 baptismo:
608 5490 667 5537 ut
693 5483 1146 5554 quemadmodum
1180 5492 1401 5553 propter
1426 5484 1648 5539 unitatis
1678 5493 1860 5539 custo-

207 5583 393 5640 diam
455 5572 575 5645 (sic
602 5576 744 5631 enim
785 5576 1057 5646 loquitur)
1084 5575 1389 5647 Cyprianus
1431 5575 1743 5645 ignoscebat
1768 5574 1858 5639 iis,

206 5686 382 5748 quos
415 5663 625 5738 alioqui
656 5669 708 5723 in
737 5668 1011 5738 baptismo
1054 5681 1159 5721 non
1192 5665 1440 5722 iterando
1469 5682 1657 5723 errare
1699 5676 1860 5738 puta-

203 5769 325 5827 bat
364 5776 385 5838 ;
438 5759 526 5816 sic
554 5757 828 5833 Cypriano
868 5773 1056 5813 revera
1097 5759 1300 5816 erranti
1349 5757 1404 5815 in
1445 5758 1713 5832 baptismo
1758 5760 1859 5818 ite-

709 5856 985 5918 Ρηιοι..
1064 5854 1175 5917 XI.

1969 4658 2018 4699 c.
2049 4644 2119 4712 '5,
2154 4653 2303 4737 utet
2342 4646 2587 4715 quaedam
2630 4648 2683 4703 in
2728 4647 2910 4720 Optati
2956 4653 3112 4713 libris
3157 4659 3560 4737 desiderantur,

1966 4751 2087 4807 quae
2116 4752 2183 4792 ex
2212 4735 2516 4807 Augustino
2551 4741 2844 4809 repetenda
2874 4755 3018 4802 sunt.

2036 4826 2115 4883 Ae
2145 4828 2363 4899 quidem
2422 4829 2688 4901 imprimis
2731 4833 2995 4902 observo,
3043 4843 3187 4912 quod
3227 4846 3559 4919 Augustinus

1965 4920 2155 4976 scribit
2182 4922 2275 4976 lib.
2301 4937 2373 4976 vn
2400 4922 2469 4977 de
2498 4922 2654 4994 Bapt.
2687 4941 2807 4995 cap.
2830 4926 2885 4994 7,
2918 4940 3042 4999 post
3071 4935 3325 5007 Cypriani
3356 4947 3562 5013 passio—

1966 5027 2091 5068 nem
2122 5013 2279 5068 auuis
2315 5014 2671 5084 quadraginta
2713 5016 2910 5075 factam
2950 5037 3072 5081 esse
3117 5028 3264 5086 illam
3309 5038 3557 5097 codicum

1964 5108 2018 5162 in
2074 5105 2254 5163 Africa
2322 5108 2715 5178 traditionem,
2768 5113 2922 5183 cujus
2988 5116 3216 5188 quaestio
3271 5126 3564 5189 Donatiani

1961 5199 2272 5256 schismatis
2295 5202 2467 5270 prima
2495 5202 2661 5257 veluti
2683 5203 2726 5259 si
2748 5220 2856 5260 non
2879 5222 3061 5279 causa,
3086 5223 3141 5268 at
3165 5229 3317 5276 certe
3343 5232 3557 5282 occasio

1963 5294 2131 5350 fuisse
2160 5293 2376 5349 dicitur.
2402 5294 2549 5351 ldem
2576 5297 2830 5366 August.,
2858 5299 2954 5357 lib.
2985 5318 3043 5359 ιιι
3073 5317 3262 5365 contra
3290 5313 3556 5374 Crescon.

1961 5402 2077 5458 cap.
2111 5387 2202 5455 27,
2239 5387 2440 5443 indicat
2476 5389 2604 5459 imp.
2642 5389 3034 5451 Diocletianum
3062 5415 3154 5455 vnt
3190 5412 3243 5458 et
3270 5403 3555 5464 Maximia-

1963 5498 2089 5537 num
2119 5492 2191 5536 vn
2236 5481 2504 5537 Consules
2534 5482 2724 5550 fuisse,
2748 5500 2869 5541 cum
2888 5488 3191 5562 edixerunt,
3219 5505 3275 5551 ttt
3295 5498 3557 5557 Christia-

1966 5590 2158 5630 norum
2185 5574 2308 5630 libri
2334 5574 2567 5631 ﬂammis
2588 5576 2960 5636 abolerentur.
2992 5582 3262 5641 Describit
3290 5587 3557 5651 Eusebius

1965 5666 2060 5722 lib.
2090 5682 2189 5723 vnt
2231 5668 2547 5739 tragmdiam
2595 5681 2885 5740 postrema:
2939 5674 3086 5731 illius
3138 5682 3550 5745 persecutionis.

1969 5758 2076 5818 Sed
2103 5757 2172 5818 de
2199 5757 2383 5816 Africa
2412 5768 2616 5818 tantum
2651 5761 2726 5818 ait
2753 5762 3200 5822 innumerabilem
3223 5766 3276 5825 in
3302 5784 3367 5829 ea
3395 5775 3561 5838 fuisse

2999 5856 3079 5924 ὁὸ
