4134 6186
567 301 592 355 ί
606 300 705 357 451

2039 290 2399 351 APPENDIX.

3745 298 3894 356 1‘5!

563 398 863 488 martyrum
891 413 1311 470 multitudinem.
1337 410 1604 466 Thermas
1619 407 1925 464 Maximiani
1950 407 2004 462 in
2027 407 2161 463 urbe
2186 409 2242 471 Α
2265 423 2389 464 mus
2427 407 2484 463 id
2519 407 2718 464 factum
2764 419 2885 462 esse
2930 413 3224 478 antequam
3271 404 3670 469 Constantiam
3699 427 3894 470 rerum

567 506 985 577 Carthaginensi
1027 505 1124 561 illo
1161 515 1408 574 tempore
1436 511 1743 559 exstructas
1775 500 1942 556 fuisse
1969 500 2085 566 ait,
2116 507 2174 554 ut

571 608 627 656 et
669 599 1006 654 Diocletiano
1049 599 1239 652 Romae
1286 598 1410 652 alia:
1461 595 1924 662 exstruebantur,
1977 593 2174 665 quibus

569 690 882 747 attolleudis
929 690 1241 746 serviebant
1289 691 1456 744 multa
1501 688 1673 745 millia
1710 686 2170 764 Christianorum,

572 785 739 841 veluti
783 784 850 840 ad
890 784 1109 840 metalla
1145 784 1554 840 damnatorum.
1587 783 1696 839 Sed
1741 798 1886 838 nunc
1915 781 2175 853 quaeritur

567 876 639 934 de
663 875 988 933 Christianis
1033 876 1090 931 in
1122 876 1306 932 Africa
1352 876 1553 947 lapsis,
1599 885 1657 931 et
1698 875 1946 930 codicum
1994 887 2176 930 sacro-

571 981 885 1027 sanctorum
917 970 1228 1026 traditionis
1270 971 1378 1025 reis
1401 1010 1414 1034 ,
1447 970 1624 1040 deque
1656 969 1918 1026 Ecclesiae
1945 963 2184 1023 Cartha-'

569 1063 813 1134 ginensis
863 1073 1003 1119 statu
1055 1073 1110 1119 et
1159 1062 1498 1120 conditione.
1547 1063 1626 1117 Ac
1679 1061 1898 1132 quidem
1945 1061 2176 1130 Optatus

571 1165 760 1213 narrat
805 1155 1083 1228 quoddam
1143 1165 1270 1211 tunc
1327 1155 1492 1211 fuisse
1539 1155 1834 1211 concilium
1889 1153 2173 1221 Cirtense,

569 1250 717 1322 quod
747 1265 874 1306 reos
909 1251 1034 1305 illos
1061 1253 1361 1322 utcumque
1383 1249 1638 1320 absolvit,
1668 1265 1790 1306 cum
1820 1250 1982 1306 etiam
2011 1249 2177 1305 iidem

574 1354 761 1400 essent
804 1359 972 1415 prOpc
1007 1344 1252 1415 judices,
1283 1346 1376 1415 qui
1420 1354 1473 1401 et
1502 1346 1601 1401 rei.
1653 1345 1876 1401 Factum
1905 1345 1958 1401 id
1998 1354 2082 1401 est
2123 1346 2178 1401 in

571 1436 848 1505 Numidia,
875 1438 1034 1508 cujus
1062 1449 1178 1494 erat
1201 1439 1348 1496 Cirta
1377 1441 1507 1496 urbs
1542 1440 1877 1496 nobilissima
1903 1450 1957 1495 et
1986 1449 2178 1511 poten-

575 1531 814 1596 tissima,
846 1532 1118 1602 quondam
1151 1532 1242 1605 (ut
1281 1533 1355 1587 ait
1384 1531 1550 1602 Mela)
1583 1533 1779 1588 domus
1811 1547 1998 1603 regum
2025 1531 2177 1586 Jubte

571 1636 626 1682 et
656 1626 925 1696 Syphacis
945 1667 961 1691 ,
991 1636 1046 1682 ct
1073 1639 1264 1698 postea
1312 1627 1523 1684 colonia
1569 1628 1938 1681 Romanorum
1964 1665 1979 1693 ,
2012 1639 2176 1696 quam

565 1716 735 1789 ω
781 1719 984 1774 Plinius
1015 1719 1093 1774 ait
1137 1728 1385 1775 Vocatam
1422 1734 1543 1774 esse
1587 1719 1963 1775 Siteranorum
1993 1736 2007 1771 :
2040 1717 2175 1772 olim

2271 501 2541 572 potiretur
2581 501 2774 557 saltem
2829 502 2882 556 in
2929 501 3084 556 Italia
3133 511 3227 557 aut
3273 501 3480 559 Africa.
3533 505 3675 561 Cum
3703 517 3896 562 autem

2273 593 2435 649 audio
2460 593 2570 663 jam
2618 603 2731 648 tum
2780 594 3056 650 numerari
3101 597 3168 649 ab
3218 593 3532 666 Augustino
3571 598 3900 656 Donatistas

2267 689 2560 759 episcopos
2585 703 2762 746 cccxx
2784 689 2837 744 in
2860 688 2952 743 illo
2970 703 3161 744 eorum
3185 689 3897 764 concilioCanhaginensi,

2275 796 2454 852 neque
2486 780 2659 836 multo
2686 781 2874 852 plures
2909 781 3236 838 convenisse
3279 793 3506 838 centum
3555 794 3687 855 post
3737 786 3901 842 annis

2271 874 2342 929 ad
2391 873 2750 930 Collationem
2799 882 2990 930 contra
3033 875 3347 932 Catholicos
3388 879 3799 946 meminerim,
3847 891 3906 936 ut

2276 973 2464 1036 postea
2495 966 2695 1032 dicam,
2723 968 3028 1038 suspicatus
3059 969 3483 1025 submendosum
3535 986 3664 1028 esse
3697 989 3899 1029 nume-

2275 1077 2396 1117 rum
2449 1063 2501 1117 in
2547 1064 2888 1134 Augustino,
2946 1063 3250 1135 praesertim
3301 1080 3429 1122 cum
3481 1067 3576 1122 vix
3630 1068 3906 1124 credibile

2277 1157 2525 1213 videatur
2551 1165 2659 1212 tam
2699 1160 2898 1214 multos
2925 1167 3035 1214 tam
3065 1159 3176 1215 cito
3204 1158 3372 1216 fuisse
3399 1160 3687 1217 antistites
3715 1163 3905 1218 Dona-

2281 1253 2552 1309 tistarum.
2595 1251 2783 1323 Itaque
2811 1253 3128 1324 suspicabar
3158 1269 3319 1324 posse
3345 1253 3569 1310 detrahi
3599 1255 3903 1324 ducentos,

2282 1360 2341 1403 ut
2370 1347 2714 1419 septuaginta
2739 1356 2945 1403 tantum
2972 1349 3370 1420 relinquantur,
3401 1360 3535 1419 quot
3562 1351 3816 1406 diximus
3843 1366 3904 1407 eo

2281 1448 2527 1510 tempore
2557 1439 2882 1496 convenisse
2923 1449 3114 1496 contra
3153 1439 3507 1496 Caecilianum
3533 1460 3548 1496 :
3574 1454 3634 1498 et
3661 1444 3906 1500 fortasse

2281 1534 2580 1590 crediderit
2609 1535 2804 1605 aliquis
2845 1534 2986 1590 idem
3031 1533 3196 1590 fuisse
3243 1535 3570 1591 concilium.
3615 1536 3731 1593 Sed
3765 1538 3904 1592 nihil

2281 1625 2373 1682 hic
2407 1636 2614 1683 temere
2657 1627 2834 1684 audeo
2867 1627 2956 1683 vel
2987 1626 3293 1692 afﬁrmare,
3337 1629 3426 1683 vel
3470 1637 3718 1686 mutare.
3763 1630 3904 1685 'Illud

2281 1719 2441 1776 valde
2472 1720 2833 1777 memorabile
2869 1730 2985 1788 est,
3031 1720 3175 1792 quod
3222 1719 3566 1792 Augustinus
3605 1723 3801 1793 adjicit
3849 1724 3903 1778 in

563 1813 738 1869 etiam
775 1821 940 1883 caput
980 1813 1133 1882 regni
1174 1813 1618 1879 Masaesulorum,
1663 1821 1719 1866 ut
1758 1811 1947 1867 scribit
1990 1809 2175 1867 Livius
2203 1803 2252 1866 Β
2279 1809 2378 1868 illo
2418 1812 2834 1886 Carthaginensi
2869 1822 2946 1869 tot
2995 1816 3398 1870 Donatistarum
3449 1815 3731 1881 concilio,
3785 1826 3905 1887 post

567 1906 665 1962 lib.
699 1923 838 1963 xxx.
870 1907 1046 1963 Porro
1092 1907 1239 1963 illius
1280 1908 1349 1964 de
1389 1923 1499 1978 quo
1541 1922 1683 1962 nunc
1719 1907 1916 1977 loquor
1957 1903 2175 1960 concilii

569 1999 839 2056 Cirtensis
867 2015 1068 2056 annum
1100 2000 1353 2056 eumdem
1384 2001 1553 2055 fuisse
1583 2000 1786 2055 indicat
1816 1999 2172 2070 Augustinus,

567 2107 693 2149 cum
731 2094 951 2149 eosdem
973 2134 989 2160 ,
1020 2108 1158 2164 quos
1186 2094 1320 2157 dixi,
1352 2095 1606 2150 consules
1635 2094 1898 2150 nominat.
1935 2093 2175 2147 Praeerat

571 2185 854 2241 Secundus
883 2186 1216 2256 'I‘igisitanus
1256 2185 1520 2241 Numidia:
1570 2185 1793 2257 primas.
1845 2185 2014 2240 Iidem
2046 2199 2176 2239 vero

571 2278 666 2348 qui
713 2278 876 2333 Cirta:
927 2289 1337 2344 convenerant,
1388 2284 1574 2348 pdstea
1627 2294 1750 2334 cum
1799 2279 2007 2349 aliquot
2055 2277 2177 2333 aliis

569 2372 818 2443 ejusdem
849 2373 1066 2443 generis
1092 2372 1146 2427 in
1178 2373 1312 2428 urbe
1349 2372 1768 2444 Carthaginensi
1799 2372 2173 2428 conveniunt:

573 2475 632 2520 et
683 2480 845 2534 quant
895 2465 953 2520 in
993 2464 1230 2520 Cirtensi
1289 2474 1559 2521 conventu
1619 2467 1832 2522 fuerant
1882 2465 2077 2521 molles
2121 2469 2179 2519 et

573 2555 948 2626 indulgentes,
984 2564 1093 2611 tam
1138 2556 1192 2610 in
1223 2557 1324 2612 hoc
1348 2557 1768 2629 Carthaginensi
1799 2557 1975 2613 severi
2004 2555 2181 2611 videri

573 2648 909 2704 voluerunt:
957 2647 1418 2720 thc'tlianumque
1447 2650 1929 2722 Carthaginiensem
1961 2648 2175 2719 episco-

575 2759 702 2813 pum
727 2783 742 2810 ,
774 2757 936 2813 quem
984 2742 1070 2797 vel
1117 2742 1426 2798 traditionis
1471 2759 1621 2799 reum
1673 2743 1976 2810 faciebant,
2017 2741 2107 2797 vel
2147 2755 2180 2797 α

575 2836 842 2893 traditore
871 2835 1180 2892 ordinatum
1212 2852 1335 2892 esse
1379 2836 1764 2903 clamitabant,
1795 2836 2093 2891 inauditum
2127 2843 2183 2890 et

576 2929 858 2985 absentem
890 2929 1182 2995 damnant,
1233 2937 1398 2999 atque
1437 2929 1690 2986 abdicare
1727 2930 1923 3000 jubent
1948 2946 1963 2984 :
1993 2937 2184 2986 creant

581 3034 714 3075 vero
763 3020 1051 3091 quemdam
1102 3019 1468 3090 Majorinum,
1531 3037 1692 3092 quem
1745 3021 1821 3076 illi
1879 3029 2178 3094 opponant.

576 3111 910 3182 Augustinus
940 3113 991 3166 in
1022 3113 1236 3167 Brevic.
1283 3112 1384 3168 hoc
1408 3114 1702 3168 concilium
1745 3113 2180 3187 Carthaginense

2280 1907 2502 1977 longam
2533 1907 2980 1963 deliberationem
3021 1907 3236 1964 dierum
3263 1906 3333 1962 75
3376 1907 3669 1964 decretum
3718 1909 3902 1977 fuisse,

2279 2008 2342 2054 ut
2375 1999 2735 2056 traditoribus
2775 2001 2936 2056 etiam
2980 2015 3087 2055 non
3133 2000 3493 2071 rebaptizatis
3534 2002 3912 2057 communica-

2281 2102 2453 2149 retur.
2486 2093 2643 2162 Quod
2669 2092 2890 2165 quidem
2919 2093 3093 2165 magis
3120 2093 3380 2149 convenit
3403 2107 3536 2148 cum
3568 2094 3661 2160 iis,
3691 2110 3818 2165 qua
3853 2095 3905 2148 in

2279 2183 2518 2242 Cirtensi
2551 2202 2645 2241 sua
2674 2185 2884 2257 synodo
2911 2185 3292 2249 decreverant,
3323 2201 3487 2254 quam
3511 2201 3641 2241 cum
3671 2185 3744 2241 iis
3791 2201 3904 2257 qua:

2277 2279 2339 2335 in
2385 2277 2810 2350 Carthaginensi
2858 2288 3050 2333 contra
3096 2277 3477 2333 Caecilianum.
3532 2277 3714 2333 Porro
3773 2278 3900 2349 quid

2279 2379 2635 2428 consecutum
2667 2371 2765 2436 sit,
2799 2385 2924 2426 cum
2955 2367 3233 2426 Caeciliani
3262 2385 3488 2426 causam
3529 2371 3599 2425 ad
3623 2369 3908 2426 Constan-

2281 2466 2458 2520 tinum
2487 2465 2739 2536 imperat.
2778 2474 2991 2536 septem
3039 2473 3161 2534 post
3205 2464 3371 2520 annis
3403 2465 3716 2520 Donatista:
3757 2474 3906 2520 retu-

2283 2557 2513 2624 lissent,
2561 2565 2619 2612 et
2666 2556 3060 2614 Constantinus
3119 2556 3283 2612 modo
3331 2556 3558 2627 judiccs
3611 2555 3906 2627 episcopos

2283 2649 2472 2705 Romte
2501 2648 2764 2718 dedisset,
2799 2650 2962 2705 modo
2988 2649 3184 2705 deinde
3212 2649 3352 2704 alios
3390 2650 3607 2704 Arelati
3628 2692 3642 2716 ,
3673 2659 3733 2704 et
3761 2649 3909 2706 deni-

2285 2758 2391 2815 que
2439 2744 2587 2814 ipse,
2636 2758 2760 2799 cum
2801 2753 2949 2799 esset
2997 2742 3320 2809 Mediolani,
3354 2742 3423 2798 de
3473 2757 3544 2798 ea
3592 2743 3906 2814 iudicasset,

2287 2847 2534 2909 repetere
2565 2839 3008 2909 oportetpartim
3038 2853 3104 2893 ex
3151 2836 3363 2908 0ptat.,
3398 2839 3610 2909 partim
3657 2855 3726 2894 ex
3772 2840 3904 2911 Aug.

2285 2929 2421 2986 Nam
2451 2931 2501 2985 in
2530 2930 2732 3000 Optato
2761 2930 3172 2997 desiderantur,
3213 2945 3338 3000 qua:
3361 2931 3433 2987 de
3461 2931 3679 3001 judicio
3706 2932 3906 2987 Are-lat.

2287 3033 2342 3078 et
2374 3023 2662 3078 Constant.
2689 3024 2960 3080 sententia
3000 3022 3417 3089 Mediolanensi,
3447 3040 3558 3095 qua
3583 3025 3909 3080 Caecilianus

2289 3126 2570 3187 postremo
2593 3116 2876 3172 absolutus
2897 3125 3002 3184 est,
3027 3117 3269 3188 suggerit
3288 3115 3642 3188 Augustinus
3669 3119 3724 3172 in
3748 3119 3901 3188 epist.

577 3211 770 3260 contra
812 3205 1160 3260 Cacilianum
1211 3204 1380 3261 fuisse
1411 3207 1792 3279 episcoporum
1840 3211 2180 3282 septuaginta
2209 3205 2255 3270 C
2293 3209 2399 3266 162
2425 3219 2478 3266 et
2504 3209 2598 3265 lib.
2627 3226 2687 3264 ιιι
2717 3220 2908 3266 contra
2939 3209 3198 3266 Crescon.
3234 3224 3357 3279 cap.
3393 3209 3489 3276 7i,
3523 3225 3601 3266 ne
3625 3213 3753 3282 quis
3779 3209 3905 3263 alio-

582 3306 800 3362 narrat;
833 3297 930 3354 sed
951 3297 1211 3368 injustam
1235 3309 1289 3354 et
1311 3298 1556 3369 iniquum
1584 3317 1596 3353 :
1625 3299 1782 3370 cujus
1802 3301 1968 3356 etiam
1991 3309 2181 3358 contra

579 3391 930 3446 Cmcilianum
979 3394 1250 3448 sententia
1299 3402 1488 3463 postea
1535 3395 1767 3448 rescissa
1821 3393 1943 3449 fuit.
1995 3394 2183 3466 Itaque

578 3482 694 3538 dixi
720 3483 997 3554 indignum
1028 3485 1220 3551 fuisse,
1253 3486 1395 3556 quod
1439 3487 1936 3558 Magdeburgenses
1965 3489 2019 3542 in
2066 3489 2182 3545 suis

579 3576 854 3633 Centuriis
898 3578 1166 3634 referrent
1215 3579 1626 3644 inter,concilia
1673 3581 2096 3650 Ecclesiastiea,
2127 3592 2184 3640 et

582 3669 850 3739 ﬁngerent
885 3670 1118 3740 primum
1159 3669 1328 3726 fuisse
1358 3671 1807 3743 Carthaginense.
1849 3674 1963 3731 Hoc
1992 3683 2183 3733 autem

579 3761 713 3816 illud
747 3763 874 3829 fuit,
919 3763 1063 3834 quod
1106 3763 1204 3835 (ut
1244 3774 1430 3819 narrat
1472 3764 1806 3836 Augustinus
1847 3768 1905 3822 in
1943 3769 2181 3842 Brevic.)

586 3862 772 3922 postea
825 3854 1118 3909 Donatista:
1167 3857 1219 3910 in
1255 3856 1574 3914 Collatione
1619 3858 2065 3932 Carthaginensi,
2116 3863 2186 3919 de

584 3960 691 4015 qua
720 3944 914 4001 dicturi
947 3963 1167 4013 sumus,
1201 3949 1543 4017 potissimum
1587 3953 1911 4022 laudabant,
1946 3955 2041 4011 sed
2065 3957 2186 4013 sine

586 4038 676 4094 die
705 4047 761 4094 et
779 4039 1024 4107 consule,
1054 4047 1110 4094 ut
1140 4040 1371 4110 primum
1404 4057 1525 4098 esse
1555 4043 1866 4114 videretur,
1895 4046 1948 4101 in
1982 4063 2088 4119 quo
2115 4049 2185 4104 de

587 4132 881 4189 traditione
929 4133 1270 4205 judicassent
1300 4152 1311 4187 :
1344 4135 1467 4207 quia
1513 4139 1886 4208 Opponebatur
1913 4139 2184 4210 Cirtense,

588 4227 645 4281 in
675 4240 782 4297 quo
818 4225 1033 4282 fuerant
1060 4227 1509 4298 indulgentiores.
1562 4232 1666 4286 Sed
1698 4234 1840 4303 quod
1879 4235 1993 4292 sive
2035 4235 2186 4306 prius

584 4319 698 4374 sive
726 4320 998 4391 posterius
1042 4320 1144 4375 sibi
1169 4321 1260 4392 jus
1298 4321 1577 4391 dixerant,
1629 4325 1770 4381 idem
1809 4329 2055 4398 profecto
2093 4331 2187 4399 jus

588 4412 712 4468 aliis
743 4413 796 4466 in
827 4413 1017 4469 eadem
1050 4427 1211 4468 causa
1243 4413 1425 4470 dicere
1468 4417 1737 4474 debebant
1767 4438 1778 4474 :
1814 4437 1990 4491 neque
2029 4431 2189 4479 erant

589 4502 800 4559 ferendi
828 4521 840 4558 :
873 4505 963 4574 qui
991 4505 1134 4574 quod
1162 4505 1212 4559 in
1246 4506 1367 4561 aliis
1394 4509 1599 4564 crimen
1633 4527 1702 4567 ne
1731 4514 2037 4569 convictum
2066 4515 2192 4587 qui-

2289 3302 2384 3372 qui
2431 3317 2499 3357 ex
2547 3302 2746 3373 Optato
2795 3312 3006 3358 temere
3055 3301 3311 3371 colligat,
3363 3300 3451 3356 sic
3496 3303 3907 3357 Constantinum

2289 3395 2549 3466 rejccisse
2580 3395 2999 3466 appellationem
3029 3394 3440 3450 Donatistarum
3481 3394 3559 3450 de
3601 3395 3907 3450 Melchiadis

2290 3490 2564 3546 sententia
2611 3491 3097 3561 conquerentium,
3147 3496 3208 3543 ut
3247 3489 3440 3543 nullos
3481 3499 3758 3560 tri-rtem
3789 3489 3905 3544 dare

2291 3581 2507 3652 indices
2539 3583 2808 3638 voluerit:
2842 3591 2938 3638 aut
2967 3581 3286 3652 simpliciter
3315 3591 3449 3636 tunc
3483 3582 3849 3653 pronuntiarit
3873 3595 3901 3634 ι

2297 3690 2358 3730 re
2403 3675 2539 3730 bene
2578 3675 2816 3746 iudicata
2867 3684 3075 3730 temere
3120 3674 3422 3745 appellari,
3477 3675 3647 3730 sicuti
3699 3674 3909 3745 quidam

2297 3768 2544 3824 tradidit.
2598 3768 2713 3824 Imo
2758 3784 2890 3824 vero
2941 3770 3176 3828 sciamus
3224 3767 3662 3825 Constantinum
3701 3767 3912 3824 dedisti

2290 3863 2510 3936 judices
2541 3864 2704 3935 hujus
2735 3864 3137 3934 appellationis,
3169 3879 3281 3920 non
3313 3865 3544 3935 quidem
3577 3867 3760 3936 ipsum
3789 3865 3911 3918 Are-

2301 3955 2568 4011 latensem
2596 3955 2908 4026 episcopum
2948 3954 3127 4027 (quod
3159 3965 3368 4010 temere
3401 3957 3617 4024 putavit
3645 3954 3912 4019 Calvinus,

2297 4061 2426 4101 cum
2451 4063 2556 4101 non
2585 4048 2928 4102 observasset
2945 4062 3069 4104 eum
3093 4047 3204 4118 jam
3242 4047 3434 4102 Romae
3461 4064 3589 4103 cum
3618 4044 3919 4103 Melcbiade

2293 4143 2539 4214 judicem
2570 4143 2898 4215 fuisse),sed
2928 4144 3064 4198 alios
3092 4144 3385 4215 episcOpos
3411 4144 3508 4215 qui
3539 4142 3744 4198 Ληίτιιὶ
3777 4155 3916 4196 con-

2303 4245 2587 4291 venerant.
2641 4235 2811 4292 Porro
2862 4237 2906 4291 si
2957 4236 3078 4306 quis
3129 4247 3285 4307 roget
3342 4235 3414 4292 de
3466 4244 3744 4305 tempore,
3803 4247 3920 4304 quo

2305 4323 2606 4382 Donatista:
2650 4343 2755 4382 non
2787 4327 3026 4382 contenti
3076 4342 3176 4382 suo
3216 4326 3632 4398 Carthaginiensi
3672 4325 3923 4380 concilio

2305 4420 2654 4488 appellarunt
2697 4422 3158 4476 Constantinum:
3207 4421 3259 4475 in
3308 4419 3492 4491 Optati
3542 4419 3682 4474 libro
3737 4419 3919 4489 primo

2301 4515 2568 4585 scriptum
2619 4525 2733 4583 est,
2787 4515 3150 4571 Constantino
3188 4530 3269 4571 ιιιι
3319 4525 3376 4570 et
3425 4514 3636 4570 Licinio
3664 4528 3730 4568 ιιι
3773 4493 3918 4567 coss:

591 4595 736 4662 dem,
767 4606 874 4650 tam
916 4596 1112 4652 acerbe
1148 4597 1527 4666 vindicabant,
1559 4603 1610 4656 in
1643 4604 1836 4675 seipsis
1864 4607 2024 4660 etiam
2059 4623 2198 4662 con-
2221 4607 2278 4673 Ι)
2304 4608 2499 4665 Romae
2547 4611 2616 4664 de
2665 4610 2768 4666 hac
2804 4625 2962 4665 causa
3009 4609 3310 4680 indicatum
3359 4622 3483 4664 esse
3527 4608 3600 4662 ab
3649 4607 3753 4670 iis,
3783 4618 3923 4675 quos

587 4686 750 4742 fessis
772 4686 987 4756 impune
1015 4701 1137 4742 esse
1162 4689 1439 4743 volebant.
1469 4690 1736 4747 Caeterum
1761 4693 2196 4767 Carthaginense

587 4778 720 4834 illud
751 4778 914 4834 fuisse
940 4777 1173 4834 Cirtensi
1217 4782 1492 4852 posterius
1533 4783 1983 4858 itadicatOptatus
2023 4791 2115 4844 lib.
2145 4809 2192 4860 ι,

589 4885 710 4925 cum
743 4871 852 4938 ait,
879 4869 996 4926 Non
1029 4882 1150 4941 post
1183 4874 1398 4944 longum
1443 4883 1653 4946 tempus
1679 4879 2060 4952 Carthaginem
2093 4901 2197 4942 ve-e

586 4961 759 5028 nisse,
787 4961 879 5031 qui
915 4959 1076 5017 Cirtte
1103 4973 1263 5019 antea
1293 4979 1685 5038 convenerant,
1719 4982 1774 5027 ct
1804 4976 1967 5030 simili
1999 4978 2189 5047 pbrasi

589 5054 754 5108 utitur
778 5055 1108 5125 Augustinus
1130 5067 1317 5113 c0ntra
1345 5059 1538 5117 Donat.
1572 5075 1692 5133 post
1721 5065 1916 5124 Collat.
1940 5084 2060 5141 cap.
2084 5069 2178 5128 55.

586 5149 852 5204 Caeterum
883 5151 1072 5206 eodem
1112 5162 1357 5223 tempore
1385 5167 1600 5226 oportet
1628 5159 1770 5216 aliud
1803 5159 1967 5220 fuisse
2008 5167 2193 5224 multo-

585 5240 759 5310 majus
775 5239 1201 5312 Carthaginense
1227 5247 1516 5304 concilium
1539 5251 1938 5310 Donatistarum
1967 5260 2191 5328 episco--

580 5347 794 5402 porum,
825 5349 948 5389 cum
976 5337 1328 5408 Augustinus,
1360 5343 1523 5412 epist.
1550 5346 1637 5410 48,
1662 5355 1888 5404 tcstctur
1909 5349 2172 5411 ducentos

575 5433 630 5518 et
673 5427 1009 5497 septuaginta
1053 5428 1232 5502 (adeo
1280 5435 1462 5491 statim
1509 5439 1677 5492 crevit
1723 5439 1916 5496 Donati
1967 5443 2128 5500 factio
2151 5444 2187 5518 )t

575 5515 959 5590 Carthaginem
987 5524 1310 5580 convenisse
1337 5530 1493 5584 annis
1522 5529 1873 5601 quadraginta
1901 5544 2027 5592 ante
2058 5515 2172 5594 Ma;

574 5611 792 5666 cariana
821 5621 1086 5683 tempora.
1119 5613 1247 5671 H'JJC
1267 5628 1446 5675 autem
1473 5631 1709 5693 tempora
1733 5623 1901 5682 fuisse
1925 5635 2183 5700 tempora

572 5700 886 5760 Constantis
914 5707 1162 5777 imperat.
1196 5710 1396 5784 colligo
1423 5729 1491 5768 ex
1527 5714 1664 5772 libro
1696 5720 1854 5776 tertio
1881 5719 2080 5793 Optati.
2111 5721 2178 5781 Si,

571 5808 704 5866 ergo
727 5808 878 5855 retro
905 5815 1258 5864 numeremus
1286 5822 1455 5864 annos
1493 5798 1843 5884 quadraginta
1862 5857 1877 5886 ,
1912 5816 2167 5891 intelligi-

2160 5971 2280 6016 ,μὴ

2301 4703 2698 4762 Constantinus
2721 4707 2955 4776 primum
2976 4704 3189 4776 judices
3217 4703 3388 4758 dedit.
3416 4700 3758 4772 Augustinus
3785 4713 3920 4755 vero

2307 4801 2508 4868 habet,
2567 4799 2766 4854 factum
2814 4798 2866 4854 id
2898 4813 3023 4854 esse
3059 4798 3424 4852 Constantino
3454 4795 3680 4850 tertium
3725 4805 3781 4848 et
3811 4793 3920 4847 L-

2301 4895 2467 4949 iciano
2500 4893 2692 4948 iterum
2721 4891 3054 4947 consulibus.
3106 4889 3222 4945 Non
3255 4888 3487 4943 dubium
3515 4897 3635 4952 est,
3681 4886 3924 4940 Lucinae

2304 4986 2569 5040 mendose
2599 4986 2860 5055 scriptum
2909 4998 3031 5039 esse
3072 4998 3168 5053 pro
3205 4979 3392 5035 Licino
3427 4997 3446 5035 :
3489 4980 3586 5035 sed
3619 4979 3677 5035 in
3721 4978 3922 5048 Optato

2303 5091 2496 5131 rursus
2542 5077 2803 5133 mendose
2851 5078 3108 5148 scriptum
3151 5088 3273 5130 esse
3316 5075 3576 5130 existimo
3605 5087 3687 5128 nu
3717 5087 3818 5143 pro
3837 5085 3919 5134 ιη,

2300 5182 2362 5227 et
2387 5188 2443 5228 ιιι
2477 5187 2575 5242 pro
2597 5189 2654 5238 ιι,
2689 5173 2846 5229 sicuti
2872 5173 2925 5227 in
2951 5172 3190 5227 numeris
3219 5169 3397 5225 facilis
3425 5179 3510 5225 est
3537 5168 3727 5239 lapsus
3747 5166 3921 5222 libra-

2300 5265 2534 5320 riorum.
2584 5264 2650 5321 Ut
2697 5274 2878 5321 autem
2911 5265 3079 5335 magis
3122 5263 3348 5334 probem
3371 5304 3387 5331 ,
3419 5261 3565 5332 quod
3600 5260 3752 5325 dixi,
3797 5256 3924 5314 facit

2301 5359 2452 5429 quod
2482 5358 2710 5429 August.
2746 5360 2798 5413 in
2827 5358 2923 5414 lib.
2963 5369 3155 5414 contra
3189 5357 3502 5412 Donatistas
3547 5364 3676 5426 post
3723 5354 3922 5410 Collat.

2300 5466 2430 5522 cap.
2457 5452 2526 5508 53
2547 5493 2562 5519 ,
2602 5452 2678 5506 ait
2707 5452 2951 5522 sequenti
2997 5465 3141 5506 anno
3171 5449 3428 5506 consules
3465 5446 3640 5503 fuisse
3665 5445 3924 5502 Volusia-

2309 5562 2436 5600 num
2480 5554 2534 5600 et
2577 5543 2867 5602 Anianum.
2903 5545 3133 5601 Vivebat
3181 5557 3309 5613 ergo
3355 5541 3659 5597 etiamnum
3707 5537 3924 5595 Diocle-

2296 5637 2517 5705 tianus,
2569 5639 2662 5694 sed
2689 5636 3016 5711 jampridem
3045 5635 3362 5700 abdicatus,
3401 5645 3528 5686 cum
3575 5633 3817 5703 primum
3854 5627 3920 5684 ab

2309 5730 2602 5787 Donatistis
2629 5732 2930 5803 appellatus
2955 5740 3038 5785 est
3075 5723 3498 5785 Constantinus.
3529 5725 3669 5782 Nam
3707 5723 3926 5781 Diocle-

2299 5825 2486 5882 tianus
2509 5833 2754 5882 mortuus
2772 5832 2856 5883 est
2877 5817 3182 5881 Volusiano
3207 5831 3262 5882 et
3288 5819 3507 5881 Aniano
3529 5831 3677 5878 coss.
3704 5817 3927 5878 decimo
