4134 6186
303 297 330 355 Ι
341 297 442 354 ιῦδ

1205 290 1524 351 HISTORIA
1567 289 2177 356 CARTHAGHIENSIS
2216 294 2701 354 COLLA‘I'IONIS.

3511 313 3652 370 1454

302 424 445 466 anno
476 415 597 480 post
635 421 796 463 suum
837 407 1084 496 edictum
1116 407 1186 463 de
1229 407 1517 464 abolendis
1561 406 1908 463 Cbristiano-
1937 413 1992 475 Α
2015 411 2262 481 ginensis
2309 427 2376 468 eo
2417 410 2641 474 evasit,
2667 415 2736 462 ut
2766 421 2877 465 non
2913 413 3110 470 modo‘
3133 424 3407 490 tamquam
3450 425 3652 496 aliquis

302 516 423 556 rum
451 500 620 554 libris.
652 497 722 554 Ut
745 509 936 554 autem
971 493 1088 555 toto
1121 499 1221 555 illo
1249 499 1516 555 decennio
1548 499 1795 570 Donatus
1824 501 1911 556 sui

303 591 609 648 schismatis
637 590 988 647 fundamenta
1033 589 1196 663 iecit,
1241 597 1323 647 sic
1354 607 1548 647 novem
1583 601 1705 661 post
1750 594 1911 648 annis

305 682 420 739 haec
471 697 630 739 causa
683 679 1104 738 Constantinum
1165 682 1331 738 etiam
1382 680 1634 752 fatigavit
1677 700 1690 735 :
1742 698 1909 753 quem

304 776 530 847 August.
549 785 828 847 postremo
855 786 1068 842 narrat,
1095 791 1218 831 cum
1245 775 1366 846 ipse
1388 775 1580 832 consul
1607 785 1756 832 esset
1782 792 1909 832 cum

304 870 518 942 Crispo,
536 871 738 926 litteras
749 869 990 935 dedisse,
1012 870 1210 941 quibus
1225 869 1627 925 Donatistarum
1649 868 1910 926 exsilium

308 965 583 1031 solvebat,
626 973 684 1019 et
711 979 900 1021 eorum
933 963 1172 1019 furorem
1208 963 1320 1018 Deo
1361 962 1721 1032 relinquebat.
1755 963 1911 1020 Adeo

312 1058 711 1113 Donatistarum
757 1056 919 1112 factio
961 1055 1209 1113 coerceri
1257 1055 1550 1126 reprimive
1593 1070 1700 1109 non
1750 1070 1911 1124 posse

309 1154 610 1210 videbatur.

320 1246 342 1259 “
381 1248 549 1302 Porro
585 1246 768 1304 tribus
798 1256 895 1301 aut
927 1251 1171 1316 aquasuor
1213 1245 1368 1300 umis
1413 1252 1539 1314 post
1581 1243 1739 1299 datas
1790 1243 1912 1299 illas

307 1339 532 1395 nimium
566 1339 872 1394 «Donatistis
917 1337 1269 1410 indulgentes
1307 1337 1548 1402 litteras,
1591 1334 1912 1391 Constanti-

305 1449 406 1489 nus
431 1433 697 1488 adversus
726 1431 913 1486 Arium
935 1473 950 1496 ,
986 1431 1055 1486 de
1081 1446 1190 1501 quo
1211 1427 1566 1500 reprimendo
1593 1429 1770 1498 magis
1795 1430 1914 1483 sol-

2020 503 2290 560 Hannibal
2319 504 2699 574 imperatores
2739 499 3024 561 Romanos
3065 511 3310 580 superbe
3335 524 3652 575 contemne-

2017 604 2135 662 ret,
2166 597 2262 652 sed
2293 606 2346 652 et
2383 586 2684 665 tamquam
2709 593 2854 650 Deus
2882 598 3084 669 aliquis
3115 617 3144 656 a
3175 605 3292 662 suis
3329 608 3643 681 coleretur,

2016 697 2074 744 et
2103 705 2202 761 per
2254 690 2372 762 ejus
2401 703 2648 751 nomen,
2706 696 2978 760 tamquam
3029 711 3241 761 numen
3271 740 3285 765 ,
3333 701 3642 771 iuraretur:

2017 781 2259 854 denique
2304 783 2380 839 illi
2412 784 2556 838 Deus
2593 779 2665 837 de
2713 783 2853 840 coelo
2906 791 3263 859 respondisse
3303 796 3638 855 crederetur.

2017 875 2216 933 Testes
2235 887 2370 935 sunt
2399 877 2641 946 August.
2670 883 2726 930 et
2750 877 2996 948 Optatus.
3033 883 3178 940 Sane
3226 895 3404 946 tamen
3449 889 3644 948 Hiero-

2019 983 2253 1039 nyntus,
2299 970 2356 1024 in
2410 983 2512 1024 suo
2535 965 2857 1038 Chronico,
2901 975 3057 1032 hunc
3088 978 3352 1040 Donatum
3399 983 3640 1042 Cartbaw

2024 1062 2154 1132 gine
2177 1063 2403 1118 tandem
2429 1060 2659 1131 pulsum
2679 1077 2806 1120 esse
2821 1066 3094 1137 significat
3121 1088 3133 1123 :
3164 1071 3294 1128 licet
3332 1076 3639 1134 mendosus

2019 1153 2273 1211 videatur
2301 1153 2464 1210 iudex
2499 1156 2765 1224 temporis
2787 1198 2800 1223 ,
2834 1159 2936 1216 ubi
2961 1163 3127 1218 annis
3153 1165 3377 1235 triginta
3415 1169 3635 1226 ﬂoruis-

2019 1261 2080 1301 se
2105 1247 2379 1318 significat
2418 1253 2756 1316 :;tyrannum
2781 1251 2954 1308 tuisse
2976 1254 3211 1324 .Optatus
3238 1268 3408 1314 notat.
3452 1260 3640 1331 Itaque

2019 1340 2116 1395 tali
2153 1341 2300 1397 duce
2343 1338 2566 1402 incitati
2600 1340 2915 1422 Donatistae
2949 1349 3031 1406 nil
3075 1364 3185 1406 non
3221 1352 3508 1412 audebant.
3556 1355 3638 1412 Ac

2018 1432 2242 1500 quidem
2291 1431 2487 1487 Ariani
2513 1434 2742 1507 alicujus
2763 1439 2846 1495 sui
2890 1440 3027 1510 Imp.
3049 1440 3360 1500 Constantii
3411 1455 3504 1504 aut
3531 1447 3639 1508 Ya-

289 1511 494 1606 “licitas
537 1524 896 1596 erat,coegit
933 1523 1217 1579 Niczenum
1244 1521 1536 1578 concilium
1559 1562 1574 1587 ,
1614 1521 1701 1575 cui
1747 1521 1915 1578 etiam
2019 1524 2187 1582 lentis
2235 1524 2496 1597 praesidio
2521 1533 2716 1588 armati
2738 1575 2752 1600 ,
2780 1533 3053 1592 audebant
3082 1537 3135 1592 in
3178 1538 3492 1604 Catholicos
3536 1556 3638 1599 sa:-

307 1623 622 1680 iuterfuisse
664 1620 849 1692 ipsum
917 1619 1263 1674 Caecilianum
1331 1627 1451 1673 acta
1517 1615 1774 1674 indicant.
1836 1617 1918 1671 Ac
2022 1618 2512 1678 vire:l)onatistac
2539 1640 2672 1683 vero
2722 1644 2832 1685 non
2877 1631 3636 1705 modoncnadjuvantibus,

307 1719 527 1788 quidem
549 1732 678 1773 cu
719 1732 790 1772 ex
817 1715 988 1787 Libya
1004 1723 1068 1770 et
1103 1712 1386 1769 Thebaide
1416 1712 1601 1782 plures
1632 1725 1698 1767 eo
1725 1708 1915 1766 venis—
2023 1712 2118 1766 sed
2151 1713 2327 1768 etiam
2358 1715 2782 1777 reclamantibus
2833 1723 3170 1795 principibus
3223 1727 3406 1782 statim
3440 1727 3641 1784 imitati

308 1822 465 1879 sent,
496 1821 678 1867 tamen
704 1826 768 1865 ex
802 1807 980 1865 Africa
1007 1805 1298 1862 tota‘hunc
1326 1806 1500 1862 solum
1532 1804 1768 1860 adfuisse
1786 1844 1801 1870 ,
1831 1801 1916 1857 af-
1947 1799 1998 1860 B
2024 1813 2153 1860 sunt
2179 1804 2516 1866 Arianorum
2543 1815 2843 1884 saevitiam;
2871 1827 3206 1876 cumtamen
3255 1820 3492 1877 nonnisi
3515 1837 3644 1880 suo.

312 1905 544 1961 ﬁrmavit
579 1903 748 1959 etiam
779 1902 834 1956 in
875 1899 1062 1971 quinta
1111 1897 1320 1971 synodo
1370 1899 1644 1967 Denignus
1698 1897 1917 1967 episco-
2020 1913 2142 1952 rum
2173 1897 2701 1964 Circumcellionum
2731 1909 2951 1966 audacia
2967 1917 3033 1968 et
3062 1911 3246 1968 furore
3267 1912 3638 1984 septiessent.

314 2014 414 2070 pus
441 1997 718 2053 Heracleae
737 2036 754 2063 ,
783 2004 841 2049 ut
869 1994 986 2064 ejus
1028 1992 1222 2064 synodi
1251 2003 1370 2047 actu
1401 1999 1696 2047 testantur.
1729 1990 1912 2045 Carte-
2021 1989 2142 2059 Ipse
2205 1990 2508 2061 imperator
2533 1998 2803 2060 Constans
2845 2004 2913 2059 ad
2939 2019 3036 2062 eos
3061 2007 3398 2064 coercendos
3419 2008 3472 2064 in
3495 2008 3648 2066 Alri-

312 2107 432 2145 rum
476 2087 680 2145 Niczeni
704 2087 896 2141 Patr-es
922 2100 1045 2141 cum
1075 2085 1174 2139 toti
1205 2093 1388 2140 essent
1423 2083 1474 2138 in
1507 2083 1730 2176 alienis
1751 2081 1918 2138 refe'l-
2018 2100 2138 2142 cam
2162 2085 2469 2159 aliquando
2497 2098 2644 2153 misit
2674 2100 2991 2170 Macarium,
3028 2116 3184 2157 suum
3217 2104 3622 2176 pracfectumqu
3649 2103 3674 2164 i

313 2181 493 2238 lendis
517 2222 532 2248 ,
563 2181 747 2236 nescio
799 2177 1075 2249 quomodo
1111 2177 1424 2232 Donatistas
1463 2174 1661 2230 missos
1710 2173 1912 2231 fecere.
2020 2194 2222 2236 severe
2266 2185 2650 2246 animadvertit
2679 2192 2733 2247 iu
2760 2193 3089 2252 Donatistas.
3117 2195 3228 2253 Sed
3245 2197 3377 2254 talis
3397 2173 3647 2256 animad-

321 2275 506 2345 Ncque
551 2285 860 2330 tamennon
893 2270 1094 2342 aliquid
1143 2269 1210 2324 de
1239 2269 1305 2323 iis
1334 2277 1514 2323 actum
1554 2282 1676 2324 esse
1717 2267 1913 2324 Nicaea:

2024 2276 2215 2330 versio
2245 2293 2358 2335 non
2385 2284 2565 2350 potuit
2595 2286 2786 2342 tollere
2799 2288 3071 2344 "insaniam
3089 2331 3104 2356 ,
3133 2307 3254 2359 qute
3271 2294 3483 2350 animos
3505 2295 3650 2350 mule-

325 2372 594 2440 suspicor.
624 2365 734 2422 Cur
758 2375 935 2421 autem
961 2365 1023 2419 id
1055 2363 1319 2434 suspicer,
1355 2377 1480 2417 cum
1501 2377 1692 2416 eorum
1741 2375 1921 2432 neque
2031 2377 2210 2424 torum
2235 2385 2636 2444 occupaverat:
2667 2386 2724 2432 et
2761 2378 3028 2437 Catholici
3059 2383 3528 2444 maluissentstne
3563 2403 3655 2443 ar-

317 2461 523 2517 Nicmm
563 2475 806 2514 canones
830 2501 844 2525 ,
887 2458 982 2528 qui
1009 2454 1499 2522 circumferuntur,
1531 2469 1708 2526 neque
1755 2464 1874 2510 acta
1899 2495 1915 2520 ,
2028 2461 2132 2517 mis
2155 2463 2267 2534 agi,
2299 2475 2354 2520 et
2377 2467 2595 2524 ratione
2623 2479 2788 2540 atque
2817 2471 3194 2542 disputatione
3248 2478 3444 2535 discuti
3485 2496 3651 2537 erro-

319 2570 442 2626 quae
487 2553 654 2624 vulgo
702 2552 1008 2646 habentur,
1056 2547 1640 2646 ntetninerint,_multi
1690 2547 1921 2646 fortasse
2024 2571 2140 2612 rem
2166 2599 2180 2624 ,
2213 2560 2303 2629 qui
2336 2563 2651 2632 praecipites
2693 2565 3005 2624 Donatistas
3034 2571 3266 2641 agebat,
3313 2583 3373 2630 ut
3403 2575 3649 2646 Optatos

322 2646 684 2702 mirabuntur.
727 2644 838 2700 Sed
885 2642 941 2697 in
971 2642 1201 2713 August.
1225 2641 1390 2697 'libris
1417 2642 1703 2698 observavi
1727 2683 1740 2707 ,
1771 2641 1913 2712 quod

2025 2650 2158 2705 satis
2213 2652 2502 2723 significat.
2563 2657 2845 2715 Caeterum
2911 2661 3312 2722 Donatistarum
3359 2641 3649 2726 audaciam

319 2740 480 2810 vulgo
529 2754 635 2794 non
666 2739 1006 2794 observatur.
1058 2734 1124 2791 Ut
1151 2734 1219 2788 de
1265 2734 1550 2797 Ecclesia,
1587 2733 1666 2787 sic
1715 2733 1782 2787 de
1815 2731 1922 2787 Ba-
2027 2743 2244 2798 tandem
2287 2749 2790 2806 armaviljunanus
2834 2754 3136 2823 Apamam,
3183 2769 3240 2816 et
3281 2762 3349 2818 iis
3393 2765 3648 2822 basilicas

320 2833 522 2902 ptismo
555 2845 759 2901 magna
791 2829 1053 2884 adversus
1084 2827 1400 2882 Donatistas
1430 2826 1659 2895 quaestio
1704 2825 1821 2881 fuit.
1855 2825 1922 2881 Hi
2027 2834 2295 2900 restituit,
2328 2853 2462 2908 quas
2485 2839 2880 2899 Constantinus
2911 2855 3069 2902 antea
3099 2850 3422 2910 abstulerat.
3462 2857 3643 2912 Testis

318 2924 462 2978 enim
483 2922 916 2994 Carthaginense
943 2919 1233 2976 concilium
1256 2917 1514 2990 Cypriani
1541 2917 1918 2987 opponebant,

319 3030 442 3070 cum
501 3014 834 3084 Bapt-ismum
887 3011 1358 3075 adversariorum,
1416 3025 1552 3079 quos
1604 3008 1923 3078 judicabant

319 3107 525 3161 alienos
554 3119 676 3161 esse
699 3104 766 3158 ab
813 3103 1053 3158 Ecclesia
1080 3144 1094 3169 ,
1135 3111 1318 3156 ratum
1369 3115 1475 3156 non
1514 3101 1832 3168 habebant,
1868 3109 1923 3155 et

2027 2935 2112 2982 est
2138 2927 2470 2999 Augustinus
2502 2931 2539 2985 l.
2575 2948 2613 2987 tr
2659 2943 2848 2989 contra
2889 2936 3245 3009 Petilianum,
3274 2961 3395 3015 cap.
3425 2946 3641 3018 θεν(ιυί

2027 3027 2081 3072 et
2108 3023 2724 3089 smpe-testatur,illum
2750 3027 3068 3095 Apostatam
3115 3045 3404 3104 propterea
3452 3038 3643 3093 lauda-

2028 3118 2141 3164 tum
2173 3124 2294 3166 esse
2320 3126 2346 3164 a
2399 3112 2721 3170 Donatistis.
2745 3117 3105 3178 Memorabile
3133 3136 3316 3182 autem
3348 3141 3432 3184 est
3452 3170 3466 3196 ,
3489 3130 3638 3200 quod

319 3205 613 3269 prOpterea
641 3198 693 3252 in
721 3213 821 3252 suo
841 3206 991 3253 creto
1025 3211 1147 3251 eum
1179 3195 1454 3250 iterabant
1477 3194 1657 3287 :rquod
1680 3203 1735 3250 et
1758 3195 1918 3250 Aria—
1943 3193 1988 3257 C
2024 3200 2298 3256 Honorius
2330 3203 2461 3273 imp.
2517 3204 2689 3261 edixit
2735 3211 3058 3283 rescriptum
3079 3256 3096 3280 ,
3153 3219 3298 3287 quod
3328 3221 3424 3274 abs
3453 3193 3637 3280 milia-

320 3307 418 3345 nos
439 3290 644 3346 fecisse
673 3289 827 3345 testis
873 3297 960 3344 est
995 3288 1319 3342 Ambrosius
1365 3287 1434 3342 de
1483 3286 1642 3342 Basil.
1701 3287 1914 3342 traden.

318 3385 457 3453 Quid
486 3384 763 3440 Nicaenum
803 3382 1134 3440 concilium?
1179 3381 1235 3437 In
1266 3397 1335 3437 eo
1380 3381 1724 3450 reprobatum
1749 3381 1918 3437 fuisse

319 3479 460 3550 quod
485 3479 768 3549 placuerat
791 3476 1205 3549 Carthaginensi
1238 3477 1479 3532 concilio
1517 3475 1777 3550 Cypriani
1805 3477 1919 3533 Au-

317 3573 565 3642 gustinus
613 3586 760 3641 saape
801 3571 1106 3641 significat,
1145 3587 1266 3628 cum
1307 3570 1718 3642 Carthaginensi
1751 3570 1917 3644 3&6

320 3665 447 3719 huic
475 3661 1036 3734 concilioprovinciali
1061 3665 1286 3733 Opponit
1307 3665 1595 3719 concilium
1617 3666 1698 3735 (ut
1728 3665 1916 3734 vocat)

319 3755 475 3826 plena
483 3756 523 3810 ri
533 3771 624 3809 um
635 3755 804 3811 totius
812 3752 962 3809 orbis
978 3763 1032 3808 et
1045 3754 1312 3810 universa:
1337 3755 1592 3811 Ecclesia:
1604 3763 1661 3810 et
1673 3771 1758 3809 om
1766 3755 1912 3809 nium

323 3849 616 3904 Gentium:
668 3846 812 3918 quod
840 3846 1057 3917 quidem
1113 3857 1232 3915 post
1263 3847 1522 3918 Cypriani
1571 3850 1872 3917 passionem
1897 3887 1914 3913 ,

318 3952 606 4013 antequam
655 3943 772 4012 ipse
802 3939 1136 4008 Augustinus
1153 3947 1325 3995 natus
1363 3948 1546 4006 esset,
1587 3938 1915 3995 convenisse

319 4035 512 4092 scribit
531 4033 643 4090 'lib.
672 4048 709 4088 tt
737 4032 805 4088 de
836 4032 1042 4101 Baptis.
1077 4045 1196 4102 cap.
1236 4033 1290 4100 9,
1321 4033 1414 4088 sed
1442 4033 1510 4088 de
1536 4032 1755 4088 Nicaano
1780 4031 1915 4087 alias

319 4129 494 4200 plura.
527 4127 632 4184 Sed
665 4141 787 4182 cum
819 4125 872 4181 in
904 4125 1123 4182 Nicaeno
1149 4126 1382 4182 concilio
1408 4137 1584 4182 actum
1615 4126 1683 4181 sit
1703 4126 1772 4181 de
1799 4125 1910 4181 No-

321 4224 583 4290 vatianis,
631 4233 683 4279 et
733 4222 802 4278 de
855 4222 1058 4292 lapsis,
1107 4233 1162 4278 et
1194 4223 1318 4278 'illis
1353 4223 1566 4277 facilius
1613 4239 1773 4292 quam
1830 4223 1914 4277 his

321 4317 707 4386 pamitentibus
737 4313 892 4369 venia
924 4315 1048 4368 data
1080 4313 1181 4383 sit,
1231 4315 1389 4370 tacite
1433 4315 1499 4370 de
1529 4316 1828 4370 Donatistis
1859 4325 1913 4371 et

321 4427 506 4466 eorum
529 4411 812 4482 dogmate,
857 4422 1044 4463 rursus
1088 4421 1266 4462 actum
1323 4406 1453 4463 satis
1508 4421 1628 4463 esse
1679 4407 1910 4463 videtur.

321 4502 475 4559 Nunc
519 4503 715 4559 Donati
744 4501 1024 4557 historiam
1054 4509 1109 4556 et
1128 4501 1305 4557 veluti
1351 4500 1670 4573 tragtediam
1720 4516 1909 4572 perse-

320 4612 568 4666 quamur.

383 4689 630 4756 FPrimus,
675 4696 734 4743 ut
780 4686 933 4754 dixi,
988 4686 1391 4741 Donatistarum
1446 4685 1730 4757 episcopus
1781 4684 1915 4742 Car-

311 4780 682 4852 thaginensis,
730 4779 819 4849 qui
855 4776 1149 4834 Cazriliano
1177 4793 1296 4833 sese
1323 4779 1609 4849 opposuit,
1640 4788 1696 4833 et
1743 4779 1914 4835 alta-re

311 4873 524 4931 contra
549 4873 722 4928 altare
763 4872 970 4938 erexit,
1001 4870 1098 4925 fuit
1136 4869 1450 4941 Majorinus.
1482 4871 1615 4926 Huic
1651 4873 1914 4927 successit

309 4967 561 5021 Donatus
590 4964 758 5033 alter,
788 4965 880 5036 qui
926 4963 1030 5019 hoc
1065 4962 1298 5019 schisnia
1341 4963 1496 5019 valde
1544 4964 1911 5019 confirmavit.

309 5057 452 5115 Nam
484 5067 538 5114 et
565 5059 732 5112 multa
759 5073 880 5112 cum
903 5057 1190 5126 scripsisse
1207 5055 1272 5111 ad
1297 5071 1449 5112 suam
1476 5056 1722 5112 haeresim
1747 5057 1920 5128 perti-

311 5153 528 5218 nentia,
564 5157 791 5207 testatur
823 5149 1182 5219 Hieronymus
1213 5149 1267 5202 in
1287 5146 1470 5203 'Catal.
1497 5149 1604 5204 Sed
1636 5158 1690 5204 et
1719 5149 1911 5204 eodem

307 5258 563 5319 tempore
591 5245 866 5301 Vitellium
907 5243 1094 5300 Afrum
1125 5244 1285 5316 hujus
1315 5243 1562 5299 factionis
1587 5245 1914 5300 acerrimum

318 5342 665 5400 defensorem
699 5337 886 5403 fuisse,
911 5335 1225 5393 Gennadius
1265 5339 1316 5392 in
1343 5352 1444 5393 suo
1492 5337 1748 5406 Calalogo
1796 5337 1918 5391 illu-

306 5439 510 5493 strium
558 5433 884 5500 scriptorum
919 5431 1070 5486 testis
1115 5439 1217 5487 est.
1253 5428 1470 5484 'Interea
1499 5445 1626 5484 vero
1675 5427 1915 5483 Catholi-

309 5544 443 5584 cum
493 5526 723 5595 aliquem
765 5525 1084 5595 scriptorem
1129 5523 1438 5577 Donatistas
1487 5521 1754 5577 refutasse
1805 5537 1912 5576 non

321 5623 449 5693 legi.
491 5620 667 5677 Credo
696 5631 911 5676 nostros
940 5619 1039 5689 (ut
1068 5616 1214 5687 dixi)
1273 5617 1323 5670 iu
1358 5617 1574 5673 Arionis
1600 5615 1910 5673 refellendis

321 5703 465 5771 totos
510 5713 694 5769 fuisse.
725 5712 868 5783 Ergo
912 5711 964 5766 in
993 5709 1176 5764 'Afric‘a
1210 5709 1380 5779 magis
1429 5717 1588 5778 atque
1617 5708 1786 5779 magis
1832 5709 1913 5764 in-

324 5805 667 5866 valescebant
693 5795 1020 5860 Donatistzc:
1052 5811 1106 5858 et
1136 5817 1266 5859 vero
1298 5800 1536 5857 Donat-us
1563 5801 1913 5858 ille'Cartha-

2025 3305 2098 3345 no
2147 3291 2505 3361 impetrarunt
2555 3300 2838 3366 proposito
2895 3317 3302 3375 programmate
3350 3313 3639 3381 publican-

2025 3384 2153 3438 dum
2186 3399 2336 3452 esse,
2384 3387 2868 3449 ut'Donatistarum
2895 3397 3208 3469 desperatio
3247 3403 3422 3459 fucata
3470 3408 3636 3477 perfi-

2023 3477 2112 3533 dia
2163 3479 2418 3534 omnibus
2465 3479 2800 3540 innotescat.
2857 3488 2952 3544 lib.
3001 3506 3199 3549 nam
3265 3495 3330 3550 ϐ.
3402 3497 3505 3553 Th.
3562 3501 3634 3557 de

2025 3568 2214 3660 lateret.
2249 3569 2453 3626 Vellem
2495 3581 2732 3632 exstaret
2763 3580 3070 3640 etiamnum
3109 3584 3244 3640 illud
3283 3589 3630 3660 rescriptum.

2021 3659 2130 3716 Sed
2188 3663 2582 3734 qualecumque
2641 3667 2826 3737 fuerit,
2882 3673 3142 3742 Apostata
3187 3675 3404 3734 fovebat
3451 3659 3630 3750 quos-

2022 3767 2255 3823 cumque
2291 3756 2544 3814 audiebat
2589 3776 2712 3817 esse
2740 3771 2833 3818 aut
2877 3777 3158 3836 apostatas
3203 3780 3301 3828 aut
3351 3773 3622 3833 Ecclesia:

2025 3843 2232 3898 hostes.

2098 3937 2241 4009 Ergo
2259 3943 2427 4011 magis
2446 3953 2611 4017 atque
2639 3950 2812 4019 magis
2833 3951 3125 4010 Donatista
3163 3956 3494 4017 insolescere
3511 3976 3627 4019 cce-

2021 4040 2237 4099 perunt.
2270 4032 2478 4091 Donato
2507 4048 2690 4094 autem
2738 4042 3154 4114 Cartltagineusi
3201 4052 3469 4104 successit
3495 4052 3626 4106 Par-

2019 4125 2308 4182 tnenianus
2325 4168 2338 4192 ,
2363 4128 2455 4198 qui
2479 4145 2630 4186 suam
2663 4148 2850 4189 rursus
2867 4145 3071 4191 sectam
3092 4141 3246 4195 novis
3270 4141 3625 4214 libellispro-

2019 4217 2236 4286 pagavit
2284 4227 2444 4290 atque
2493 4224 2855 4282 confirmavit.
2908 4228 3043 4284 Tum
3097 4247 3228 4288 vero
3272 4234 3325 4288 in
3374 4235 3624 4296 Numidia

2017 4308 2286 4364 excitatus
2319 4311 2539 4368 tandem
2586 4316 3123 4386 aliquis-nostrorum
3154 4333 3269 4392 est,
3302 4328 3394 4396 qui
3414 4328 3493 4383 illi
3533 4346 3623 4386 re-

2018 4399 2332 4470 sponderet.
2380 4402 2428 4458 Is
2477 4405 2577 4461 fuit
2627 4406 2869 4476 Optatos.
2896 4413 3239 4472 Milevitanus
3291 4420 3618 4491 episcopus,

2017 4495 2106 4562 qui
2157 4504 2384 4551 testatur
2405 4512 2467 4554 se
2498 4500 2574 4555 illi
2627 4504 2932 4562 rescribere
2975 4511 3418 4580 etrespondere,
3449 4523 3509 4569 ut
3547 4515 3622 4570 sit

1937 4585 2160 4653 Dinter
2197 4589 2455 4648 absentes
2481 4595 2728 4665 qutcdam
2778 4597 2948 4654 veluti
2994 4601 3234 4658 collatio.
3285 4605 3372 4661 Ae
3418 4607 3618 4664 multos

2015 4681 2232 4752 quidem
2259 4683 2598 4744 desiderasse
2615 4730 2628 4756 ,
2653 4689 2798 4745 ut-ad
2819 4693 3114 4749 eruendam
3142 4697 3425 4753 veritatem
3442 4740 3456 4764 ,
3489 4714 3615 4770 par-

2017 4776 2146 4831 tium
2195 4780 2481 4836 conflictus
2526 4783 2838 4840 haberetur.
2865 4786 2978 4843 Sed
3009 4789 3318 4847 Donatistas
3341 4801 3398 4847 ct
3432 4809 3620 4852 acces-

2014 4884 2132 4924 sum
2184 4871 2523 4941 prohibuisse
2542 4917 2556 4942 ,
2583 4887 2638 4932 et
2667 4878 2843 4934 aditus
2873 4881 3264 4951 interclusisse,
3293 4894 3346 4940 et
3379 4901 3621 4944 conces-

2017 4975 2135 5016 sum
2160 4963 2386 5033 vitasse,
2427 4975 2483 5022 et
2514 4969 2846 5040 colloquium
2893 4972 3217 5044 denegasse.
3275 4977 3460 5049 Itaque
3507 4997 3615 5040 non

2017 5055 2118 5110 nisi
2151 5071 2246 5128 per
2270 5057 2478 5116 litteras
2505 5076 2628 5116 cum
2671 5064 2737 5119 iis
2787 5066 2869 5136 agi
2916 5067 3179 5136 potuisse.
3233 5069 3612 5140 (,Parmeniani

2016 5155 2302 5203 tractatum
2332 5153 2737 5224 vocatOptalus
2781 5171 2946 5226 quem
2976 5158 3193 5214 refellit.
3245 5161 3476 5234 Scripsit
3516 5181 3612 5221 au-

2016 5249 2125 5298 tem
2157 5253 2418 5314 praeterea
2445 5249 2533 5304 hic
2559 5250 2949 5307 Parmenianus
2969 5252 3376 5311 ad'Tichoniunt
3403 5259 3610 5328 episto-

2015 5337 2120 5392 lam
2151 5380 2164 5404 ,
2189 5353 2352 5408 quam
2378 5343 2710 5413 Augustinus
2734 5343 2906 5399 tribus
2932 5345 3080 5402 libris
3121 5349 3434 5423 refutavit.)

2089 5430 2218 5489 Post
2251 5432 2668 5490 Parmenianum
2721 5436 3160 5511 Carthaginensis
3207 5444 3610 5499 Donatistarum

2014 5526 2240 5582 antistes
2273 5527 2380 5581 fuit
2409 5529 2712 5584 Primianus
2741 5531 2859 5599 ille,
2890 5535 2978 5604 qui
3023 5536 3118 5591 abs
3143 5551 3243 5592 suo
3286 5533 3614 5594 Maximiano

2007 5617 2285 5684 diacono,
2340 5635 2499 5690 quem
2566 5620 2884 5692 damnarat,
2944 5638 3227 5682 accusatus
3285 5628 3505 5696 effecit,
3554 5641 3612 5686 ut

2009 5709 2308 5766 Donatista:
2339 5712 2481 5769 inter
2499 5728 2623 5770 sese
2666 5717 2836 5771 veluti
2876 5720 3369 5786 committerentur,
3413 5728 3470 5776 et
3516 5738 3615 5776 no-

2001 5818 2082 5860 ~vo
2121 5803 2415 5862 schismate
2444 5821 2601 5864 suum
2627 5809 2860 5866 schisma
2904 5810 3293 5879 distraherent,
3335 5813 3614 5888 alteraque
