4134 6186
560 295 700 351 1455

2063 290 2102 345 Α
2113 289 2427 348 PPENDIX.

3723 289 3869 349 1458

551 422 682 478 pars
707 405 932 460 alteram
954 392 1479 473 veluti'discerperet
1503 419 1516 457 :
1538 411 1597 458 ut
1618 411 1671 458 et
1693 403 1922 458 Arianos
1949 405 2000 459 iu
2035 405 2151 474 plu-
2177 409 2226 469 Α
2253 407 2320 462 de
2350 405 2515 462 multa
2543 404 2729 462 decem
2753 404 3011 460 librarum
3034 405 3189 472 auri,
3233 412 3411 461 exstat
3435 405 3489 462 in
3515 405 3642 462 cod.
3675 407 3862 464 Theo-

549 515 642 556 res
693 510 868 554 sectas
898 496 1112 550 tandem
1144 496 1410 551 dissectos
1460 495 1626 552 fuisse
1665 497 1992 566 accepimus.
2053 498 2147 552 Er-

549 606 618 660 go
641 591 901 643 adversus
949 589 1278 642 l’rimiauum
1311 592 1362 641 in
1413 588 1541 642 urbe
1577 589 1988 658 Carthaginiensi
2018 604 2142 657 qua-

546 681 794 751 draginta
827 691 936 734 tres
981 679 1274 734 Donatista:
1305 682 1575 736 antistites
1617 690 2021 746 c0nveneruut,
2055 681 2146 751 qui

544 786 647 828 auo
675 789 798 827 eum
833 773 1180 840 przejudicio,
1209 783 1263 828 ut
1292 774 1367 826 ait
1406 775 1766 844 Augustinus.
1807 774 2146 844 praedamna-

543 876 691 924 rttnt.
750 869 950 922 Deinde
1000 868 1232 923 alterum
1302 868 1400 922 fuit
1445 867 1964 923 Cubursussitanum
2029 869 2145 937 plus

541 977 705 1033 quam
734 973 952 1016 centum
979 962 1100 1031 ejus
1123 962 1339 1032 generis
1378 961 1759 1032 epist-Oporutn
1816 962 2105 1017 Concilium
2125 1003 2141 1028 ,

541 1055 631 1124 qui
663 1053 995 1108 Primiauum
1048 1055 1216 1123 magis
1264 1055 1612 1109 damnarunt.
1641 1054 1820 1110 Testis
1849 1064 1930 1110 est
1958 1057 2141 1123 Augu-

538 1146 713 1200 stinus
739 1146 832 1201 lib.
867 1161 902 1200 v
932 1156 1119 1202 c0utra
1156 1145 1414 1200 Crescon.
1462 1162 1579 1216 cap.
1621 1150 1674 1202 ί).
1724 1147 1993 1217 integram
2047 1162 2144 1200 au-

538 1246 648 1292 tem
693 1248 747 1293 et
779 1237 1076 1292 soletnnem
1110 1240 1228 1304 ejus
1259 1237 1486 1292 Concilii
1510 1239 1832 1292 sententiam
1867 1239 2056 1292 recitat
2086 1239 2140 1293 iu

539 1333 739 1388 Psalm.
768 1348 952 1387 xxxw.
985 1335 1048 1386 Et
1074 1332 1287 1400 quidem
1314 1336 1485 1401 ipsum
1513 1332 1898 1388 Maximianum
1924 1333 1977 1387 in
2008 1332 2141 1388 urbe

536 1424 950 1494 Cart'iagiuensi
979 1436 1165 1478 contra
1200 1424 1531 1478 Primianum
1559 1425 1626 1478 ab
1658 1425 1900 1490 eiusdem
1933 1424 2140 1478 erroris

536 1528 753 1573 centum
785 1518 1055 1588 episcopis
1086 1517 1392 1571 ordinatum
1424 1533 1544 1572 esse
1576 1520 1800 1586 August.
1831 1519 1904 1570 ait
1933 1515 1987 1570 iu
2041 1515 2136 1570 lib.

536 1610 604 1666 de
631 1610 833 1666 Haeres.
865 1613 984 1677 Quo
1009 1626 1152 1663 anno
1189 1619 1243 1664 et
1271 1611 1492 1664 c0nsule
1544 1609 1742 1663 fartum
1795 1609 1845 1662 id
1879 1611 1981 1673 sit,
2039 1609 2138 1662 mi-

535 1719 640 1759 nus
690 1705 878 1772 liquet.
920 1703 1025 1759 Sed
1071 1715 1360 1774 utcumque
1412 1712 1590 1757 tamen
1641 1702 1913 1770 conjicere
1966 1702 2135 1765 licet,

2249 500 2368 554 dos.
2393 498 2659 554 C:eterum
2685 501 2781 554 etsi
2805 504 2889 554 vix
2917 501 3024 554 ulla
3047 499 3237 555 barum
3263 501 3436 571 legum
3462 502 3752 556 exsecutio
3777 517 3862 557 es-

2248 603 2353 659 set,
2378 593 2672 647 Donatista:
2703 601 2882 647 tamen
2911 592 3176 647 invidiose
3202 592 3499 663 odioseque
3527 593 3861 660 clamabant,

2247 701 2368 740 sese
2397 687 2595 755 injuste
2621 686 2841 749 vexari,
2874 697 2928 741 et
2975 702 3128 741 suam
3161 702 3379 741 causam
3430 703 3540 740 non
3580 689 3708 756 jure
3735 688 3823 757 agi
3847 729 3861 748 ,

2248 777 2341 832 sed
2374 779 2424 830 vi
2444 776 2699 847 opprimi.
2734 775 2812 831 Ac
2845 777 3062 847 quidem
3101 793 3223 832 cum
3275 777 3436 846 paulo
3461 789 3584 846 post
3629 785 3863 831 mortem

2248 867 2538 923 Theodosii
2586 867 2746 924 Gildo
2801 884 2984 923 comes
3033 869 3264 937 Africae,
3323 868 3433 923 dux
3491 869 3859 939 perduellium

2247 960 2425 1014 omnia
2456 961 2708 1015 misceret
2730 962 2781 1014 in
2811 960 3020 1021 Africa.
3043 969 3102 1016 ttt
3123 977 3272 1016 suam
3304 961 3656 1034 tyrannidem
3683 962 3860 1016 stabi-

2247 1052 2398 1119 liret,
2431 1054 2735 1122 pr:eci;:uus
2765 1053 2882 1122 ejus
2911 1054 3127 1109 satelles
3172 1053 3400 1122 Optatus
3429 1055 3659 1124 quidam
3700 1054 3866 1110 latro—

2245 1145 2402 1200 ciuiis
2433 1146 2680 1212 infamis,
2709 1146 2791 1202 sic
2818 1163 2941 1203 sese
2969 1148 3116 1202 dedit
3151 1148 3390 1217 partibus
3419 1148 3861 1215 Dauatistarum,

2249 1248 2308 1293 ut
2353 1237 2862 1295 Circumcellionum
2891 1241 3052 1296 etiam
3087 1240 3322 1296 furorem
3351 1257 3621 1310 superare
3650 1243 3864 1299 videre-

2249 1340 2365 1396 tur,
2417 1331 2574 1386 siculi
2611 1331 3122 1402 Augustiuushujus
3142 1331 3662 1402 OptatiCildouiaui
3710 1351 3864 1406 swpe

2246 1421 2513 1476 meminit.
2569 1421 2677 1477 Sed
2708 1423 2779 1476 ita
2818 1423 3027 1492 agendo
3057 1438 3206 1477 suam
3230 1432 3436 1477 sectam
3495 1424 3670 1494 magis
3699 1437 3862 1496 atque

2244 1519 2412 1586 magis
2461 1516 2786 1581 infamabat,
2839 1528 2892 1571 et
2926 1516 3006 1586 (ut
3033 1515 3200 1572 verbo
3239 1515 3531 1587 Augustini
3566 1516 3713 1587 utar)
3743 1534 3856 1571 ma-

2242 1610 2471 1663 culabat.
2511 1609 2650 1677 Ergo
2684 1607 2973 1662 Donatista!
2999 1625 3066 1663 eo
3096 1621 3338 1677 tempore
3390 1609 3578 1678 potius
3613 1611 3698 1662 usi
3736 1621 3857 1664 sunt

2242 1701 2546 1767 Petiliano,
2587 1702 2676 1772 qui
2733 1717 2797 1756 ex
2856 1702 3132 1757 causidico
3160 1701 3332 1757 fat-tus
3373 1716 3571 1757 eorum
3630 1707 3856 1761 antistes

531 1811 655 1852 cum
699 1797 913 1866 quidem
946 1796 1104 1865 paulo
1135 1805 1254 1864 po~t
1283 1805 1526 1850 secutum
1551 1797 1618 1848 sit
1642 1794 1975 1849 contrarium
2001 1807 2136 1846 con-
2167 1795 2214 1854 B
2241 1793 2505 1847 Cirtensis
2531 1834 2546 1858 ,
2577 1802 2632 1847 et
2654 1793 2850 1848 deinde
2870 1793 3248 1860 Caesariensis,
3279 1794 3589 1848 acerrimus
3617 1794 3722 1848 fuit
3748 1811 3855 1851 sua:

528 1891 713 1945 cilium
745 1888 1090 1960 Bagaitauutn
1118 1932 1130 1946 .
1165 1890 1333 1960 idque
1359 1887 1679 1942 convenisse
1703 1901 1810 1939 uno
1841 1901 1984 1939 anno
2037 1902 2134 1938 an-

529 1989 588 2036 te
619 1992 842 2035 tum-tem
869 1981 1191 2044 Theodosii,
1221 1987 1359 2049 Aug.
1390 1979 1657 2049 signiﬁcet
1685 1978 1776 2032 lib.
1833 1993 1890 2032 ιιι
1945 1987 2134 2031 contra

528 2073 789 2130 Crescon.
821 2088 870 2126 c.
905 2071 995 2126 56.
1029 2071 1152 2125 Fuit
1178 2079 1355 2124 autem
1392 2071 1493 2124 huc
1521 2069 1871 2138 Bagaitanum
1923 2068 1974 2120 in
2027 2066 2134 2120 Nu-

529 2167 694 2221 midia
742 2165 1032 2220 cont-ilium
1067 2173 1434 2217 trecentorum
1483 2171 1538 2216 et
1587 2162 1776 2215 decem
1831 2159 2134 2214 antistitum

531 2259 970 2322 Donatistarum.
1029 2259 1117 2326 qui
1172 2255 1514 2311 rest-iderunt
1563 2255 1886 2309 sententiam
1945 2262 2136 2306 contra

530 2352 862 2408 Primianum
898 2367 992 2420 pro
1044 2349 1370 2404 Maximiano
1429 2349 1587 2400 latam
1613 2387 1627 2408 ,
1661 2353 1719 2400 et
1745 2346 1866 2400 illos
1917 2355 2134 2399 centum

527 2447 618 2516 qui
648 2461 752 2498 nou
782 2444 1076 2499 Donatista:
1101 2484 1116 2506 ,
1150 2443 1242 2497 sed
1271 2442 1382 2512 jam
1411 2439 1826 2496 Maxitnianista:
1870 2438 2137 2493 vocaban-

527 2546 652 2602 tur,
677 2536 816 2592 male
853 2536 1128 2605 judicisse
1176 2535 1597 2602 pronunciarunt
1627 2574 1642 2595 ,
1698 2542 1752 2586 et
1802 2531 2133 2585 Primianutn

526 2629 583 2684 in
612 2631 876 2699 integrum
925 2629 1296 2684 restituerunt.
1347 2627 1658 2681 Formulam
1712 2624 1994 2679 sententiae
2036 2623 2137 2677 Ba-

527 2722 762 2792 gaiensis
810 2722 1003 2775 recitat
1053 2720 1383 2789 Augustinus
1429 2717 1523 2770 lib.
1568 2732 1627 2770 ιιι
1654 2725 1839 2769 contra
1872 2714 2133 2770 Crescou.

528 2827 650 2883 cap.
682 2813 771 2867 55.
812 2813 902 2864 Est
931 2825 1112 2865 autem
1147 2811 1303 2865 valde
1351 2824 1571 2865 necesse
1593 2853 1607 2876 ,
1641 2826 1756 2864 rem
1786 2809 1935 2863 illam
1968 2819 2134 2863 totam

530 2907 603 2961 dil
627 2919 816 2977 genter
844 2919 1198 2973 CoguOSCet'c.
1234 2903 1366 2957 Nam
1391 2911 1445 2955 et
1475 2903 1606 2956 illttd
1633 2902 1848 2956 demum
1873 2912 1953 2955 est
1979 2942 1995 2968 ,
2028 2916 2136 2968 quo

529 3000 723 3068 prohat
758 2999 1089 3067 Augustinus
1143 2996 1452 3050 Donatistas
1481 3011 1581 3049 suo
1625 2995 1794 3050 veluti
1840 2992 2020 3062 gladio
2048 2993 2129 3062 jus

529 3092 744 3161 gulatos
792 3105 915 3144 e~se
954 3109 965 3142 :
1001 3098 1053 3143 et
1113 3088 1167 3142 in
1219 3087 1526 3142 Collatione
1565 3086 1975 3155 Carthaginensi
2015 3099 2138 3154 pro-

2243 1886 2494 1940 l'actionis
2520 1893 2796 1955 patronus.
2824 1885 2930 1942 Sed
2962 1886 3101 1941 bene
3126 1886 3286 1940 habet
3319 1903 3334 1937 :
3371 1887 3561 1940 incidit
3595 1887 3647 1940 ir.
3680 1887 3858 1958 Augu-

2243 1979 2442 2032 stinum
2471 2019 2485 2043 ,
2510 1978 2599 2048 qui
2625 2023 2642 2049 ,
2671 1993 2777 2046 quo
2807 1993 2950 2033 anno
2977 1989 3220 2032 mortuus
3250 1987 3334 2032 est
3364 1977 3715 2032 Theodosius
3737 2021 3751 2044 ,
3784 1978 3858 2033 fa-

2242 2079 2360 2125 ctus
2391 2069 2683 2141 episeopus
2706 2071 3088 2141 Hipponensis,
3114 2071 3267 2126 fortis
3294 2079 3352 2124 et
3378 2072 3634 2126 assiduus
3671 2072 3857 2126 Eccle-

2241 2164 2337 2218 sia:
2362 2165 2642 2218 catholicae
2665 2164 2860 2219 vindex
2888 2164 2986 2219 fuit
3007 2205 3024 2231 ,
3055 2174 3111 2219 et
3149 2167 3462 2219 restitantes
3503 2165 3857 2219 adversarios

2246 2255 2462 2310 tandem
2509 2256 2774 2325 pertraxit
2801 2257 2868 2310 ad
2923 2255 3316 2312 Collationem;
3347 2270 3467 2324 qua:
3494 2255 3704 2326 Optima
3735 2271 3856 2312 esse

2243 2349 2356 2402 visa
2397 2359 2482 2402 est
2509 2365 2698 2404 eorum
2728 2350 3220 2404 com'iuceudorum
3253 2355 3412 2404 ratio.

2316 2439 2444 2512 [Sed
2480 2441 2793 2510 priusquam
2827 2441 2894 2496 de
2921 2456 2982 2495 ea
3012 2440 3283 2506 dicamus,
3315 2441 3517 2511 aliquid
3542 2456 3739 2497 rursus
3770 2458 3858 2497 reo

2243 2533 2538 2599 petendum
2586 2543 2668 2587 est
2715 2533 2783 2588 de
2808 2533 2931 2587 aliis
2973 2531 3517 2603 Carthaginiensibus
3567 2535 3846 2588 conciliis.

2241 2623 2376 2678 Nam
2401 2633 2456 2680 et
2480 2625 2634 2680 video
2659 2626 2820 2679 multa
2849 2625 2917 2680 de
2944 2625 3009 2679 iis
3039 2625 3176 2680 tradi
3199 2634 3254 2680 et
3284 2624 3420 2680 falso
3441 2636 3496 2679 et
3516 2637 3857 2695 prtepostere

2244 2730 2300 2774 et
2329 2719 2574 2775 confuse.
2627 2719 2708 2775 Ac
2739 2720 3003 2790 imprimis
3047 2721 3264 2790 quidem
3307 2720 3503 2776 falsum
3565 2733 3624 2778 et
3674 2723 3856 2778 ﬁctum

2245 2813 2410 2883 plane
2456 2828 2579 2868 esse
2631 2813 2880 2881 videtur,
2926 2814 3068 2884 quod
3121 2817 3419 2886 SCriptorcs
3468 2817 3858 2873 Centuriarnm

2247 2904 2489 2958 historiae
2538 2905 2935 2960 Ecclesiastica:
2989 2921 3204 2962 narrant
3237 2909 3534 2963 concilium
3579 2911 3858 2980 quoddam

2243 2993 2701 3067 Carthaginense,
2747 2999 2892 3067 quod
2923 3010 3117 3055 vocant
3143 3001 3443 3056 secundum
3468 3044 3483 3068 ,
3528 3004 3862 3059 convenisse

2245 3089 2627 3144 Valentiniano
2653 3102 2707 3145 et
2733 3091 3042 3147 Theodosio
3068 3109 3211 3149 coss.
3245 3093 3380 3149 Nam
3421 3111 3608 3165 neque
3644 3096 3703 3151 hi
3731 3113 3857 3151 con-

534 3191 718 3255 pterea
761 3182 814 3236 id
840 3183 946 3236 illis
975 3180 1242 3250 imprimis
1267 3181 1467 3245 obiecit
1492 3220 1506 3242 ,
1541 3187 1594 3234 et
1645 3188 1827 3245 postea
1874 3191 2104 3247 rongrt-s
2167 3183 2212 3246 C
2245 3183 2392 3238 sules
2418 3183 2578 3238 simul
2623 3184 2841 3268 fuerunt
2864 3227 2877 3250 ,
2911 3202 3088 3254 neque
3115 3187 3406 3256 quisquam
3461 3198 3716 3244 veterum
3749 3205 3860 3243 me-

528 3291 622 3332 sus
674 3277 724 3330 in
773 3274 1090 3328 Mauritania
1114 3288 1236 3326 cum
1270 3271 1939 3338 Emerito,-recitansque
1979 3277 2127 3338 gesta

529 3370 879 3435 Collationis,
902 3369 1183 3422 auditores
1212 3364 1369 3420 valde
1405 3377 1484 3418 est
1507 3365 1840 3426 ohte-tatus,
1871 3372 1928 3416 ut
1958 3370 2135 3415 atten-

526 3476 581 3522 te
625 3473 1020 3530 cognoscerent
1060 3463 1208 3516 illam
1253 3463 1321 3516 de
1353 3458 1776 3515 MaximianiStis
1819 3457 2132 3521 historiam,

527 3578 686 3632 quam
711 3568 854 3615 eteo
884 3562 1001 3614 loco
1031 3557 1320 3626 diligenter
1344 3571 1533 3610 rursus
1561 3555 1806 3620 exponit.
1839 3554 1982 3606 Sane
2011 3567 2135 3607 cum

530 3654 584 3708 in
615 3653 907 3708 collatione
947 3649 1360 3719 Carthaginiensi
1398 3647 1796 3701 Donati—tarum
1828 3645 1992 3698 veluti
2023 3644 2136 3699 dux

527 3756 582 3802 et
638 3725 859 3814 signifer
893 3743 1060 3815 fuisse
1089 3742 1301 3796 dicatur
1346 3740 1654 3795 Primianus
1689 3735 2137 3807 Carthagineusis

530 3853 666 3892 eoru
690 3856 718 3888 ιι
750 3836 1008 3899 antistes;
1051 3833 1250 3898 Credo,
1282 3848 1405 3887 eum
1451 3834 1625 3900 ipstim
1655 3847 1777 3886 esse
1823 3846 1986 3900 quem
2041 3830 2137 3883 de-

533 3929 706 3984 fendit
749 3927 991 3996 synodus
1022 3926 1330 3994 Bagaitaua.
1362 3923 1497 3978 Nam
1543 3936 1594 3977 et
1621 3925 1762 3977 inter
1791 3922 1929 3976 huic
1972 3930 2136 3991 atque

541 4022 686 4076 illam
713 4020 1062 4074 collationem
1097 4031 1202 4069 non
1237 4015 1339 4068 nisi
1382 4014 1509 4068 anui
1543 4015 1815 4069 sexdecim
1844 4014 2133 4066 intersunt.

533 4115 818 4171 Postremo
855 4110 1250 4165 obserVandum
1301 4116 1384 4161 est
1423 4107 1766 4168 Donatistas.
1815 4115 1872 4159 ut
1917 4108 1996 4159 sui
2037 4105 2137 4158 Ba-

536 4208 774 4278 gateusis
799 4203 1016 4260 c0ucilti
1039 4204 1362 4257 sententiam
1396 4207 1856 4270 exsequerentur,
1887 4198 2138 4253 Theodo-

537 4305 744 4359 sianam
781 4302 847 4356 de
877 4298 1148 4354 haereticis
1193 4299 1364 4365 legem
1413 4295 1737 4363 promiisse,
1769 4293 1921 4364 cujus
1949 4301 2136 4346 aucto-

534 4397 724 4459 ritate,
771 4391 1232 4455 Maximianistas,
1269 4397 1539 4455 tamquam
1582 4389 1868 4441 hmreticos
1895 4384 2137 4453 expelle-

536 4497 660 4543 rent
687 4495 778 4540 aut
818 4491 1156 4539 coercerent.
1213 4483 1375 4549 Atqui
1405 4496 1466 4534 ea
1518 4480 1602 4534 lex
1632 4478 1897 4532 adversus
1945 4491 2135 4530 omnes

2245 3279 2402 3332 miuit
2448 3278 2678 3349 alicujus
2724 3279 2941 3334 concilii
2991 3279 3443 3350 Carthaginensis
3515 3284 3858 3354 temporibus

2246 3367 2542 3424 Theodosii
2591 3371 2767 3439 magni
2796 3411 2811 3435 ,
2845 3371 2948 3425 nisi
2983 3370 3159 3438 illius,
3184 3373 3330 3441 quod
3381 3372 3497 3428 dixi
3534 3373 3708 3429 fui-se
3751 3375 3851 3428 Do—

2243 3464 2587 3519 natistarum.
2642 3463 2796 3530 Quod
2824 3479 2955 3519 vero
2989 3465 3284 3534 adjiciunt,
3316 3465 3569 3522 Caesario
3595 3477 3651 3523 et
3682 3471 3852 3524 Attico

2242 3569 2388 3610 coss.
2416 3555 2707 3611 concilium
2730 3556 3158 3627 Carthaginense
3187 3559 3409 3628 aliquod
3443 3559 3655 3625 fuisse,
3686 3563 3858 3616 minus

2242 3647 2504 3716 repudio,
2533 3648 2651 3717 quis
2686 3649 2977 3717 Balsamon
3014 3650 3061 3704 id
3091 3649 3334 3718 indicat,
3380 3654 3479 3708 sed
3510 3670 3612 3709 cur
3633 3657 3852 3710 tertium

2243 3741 2372 3796 illud
2395 3753 2588 3797 vocent
2613 3786 2625 3806 ,
2652 3744 2905 3798 viderint.
2936 3744 3094 3800 Certe
3122 3745 3421 3810 falluntur.
3454 3765 3584 3804 cum
3617 3751 3694 3804 illi
3732 3765 3860 3806 con-

2240 3833 2367 3887 cilio
2397 3835 2672 3890 ascribunt
2699 3850 2968 3897 canones.
3003 3836 3094 3906 qui
3127 3843 3313 3907 potius
3341 3841 3502 3895 alteri
3552 3845 3731 3896 multo
3763 3859 3858 3898 ce-

2244 3923 2463 3979 leliriori
2518 3927 2749 3982 concilio
2785 3927 3235 3997 Carthaginetisi.
3279 3931 3426 4000 quod
3474 3934 3687 4001 aliquot
3746 3945 3864 4004 post

2243 4018 2400 4070 annis
2428 4016 2667 4070 habitum
2695 4031 2799 4086 est,
2830 4019 3174 4074 adscribendi
3205 4030 3357 4088 sunt,
3381 4035 3437 4076 ιιι
3463 4040 3531 4079 ex
3559 4025 3862 4080 PhotiiNo-

2246 4122 2550 4163 mocanone
2595 4110 2815 4180 intelligi
2841 4121 3038 4181 poteSt.
3060 4112 3480 4182 Bepudiandum
3536 4119 3696 4172 etiam
3727 4127 3814 4171 est
3848 4159 3864 4179 ,

2243 4199 2386 4269 quod
2423 4199 2628 4271 lingunt
2682 4201 2751 4257 de
2799 4202 2904 4258 alio
2953 4204 3189 4260 concilio
3223 4204 3670 4280 Carthaginensi,
3701 4209 3860 4279 quod

2243 4307 2494 4362 quartum
2550 4306 2781 4362 vocant,
2819 4307 2873 4350 et
2912 4296 3123 4353 duobus
3171 4303 3335 4354 annis
3391 4311 3515 4371 post
3560 4301 3862 4370 superius,

2241 4384 2386 4453 quod
2422 4396 2614 4441 vocant
2660 4389 2910 4454 tertium,
2968 4388 3071 4444 hoc
3115 4400 3202 4446 est
3251 4391 3496 4448 Honorio
3521 4393 3589 4448 IV
3613 4405 3669 4448 et
3704 4395 3870 4466 Euty-

2241 4477 2440 4533 chiano
2461 4494 2606 4534 coss.
2640 4481 2962 4538 convenisse
2986 4493 3230 4539 narrant.
3260 4485 3397 4541 Nam
3431 4488 3536 4543 etsi
3560 4488 3858 4544 Balsamon

540 4579 872 4644 Donatistas,
901 4587 959 4631 ut
984 4585 1038 4630 et
1060 4574 1298 4644 reliquos
1332 4573 1616 4626 haereticos
1643 4571 1902 4624 latuerat.
1935 4567 2132 4623 Verum
2164 4576 2217 4636 ι)
2244 4566 2474 4624 fateatur
2500 4571 2565 4626 iis
2603 4574 2918 4630 consulibus
2942 4574 3147 4645 aliquid
3178 4577 3230 4630 in
3286 4577 3531 4634 Ecclesia
3558 4581 3858 4651 Carthagi-

537 4691 661 4731 cuut
706 4675 754 4727 ei
785 4687 891 4727 non
926 4677 1181 4740 parerent
1211 4665 1533 4729 Donatistae,
1583 4662 2008 4716 Maxitniauisms
2058 4671 2139 4714 ta-

541 4785 667 4826 men
709 4766 975 4821 ohnuxios
1019 4776 1142 4818 esse
1171 4760 1453 4824 volebant,
1489 4768 1543 4810 ut
1593 4755 1757 4810 etiam
1811 4763 2140 4822 occuparent

542 4877 730 4916 eorum
762 4856 1035 4914 basilicas.
1073 4854 1144 4908 Ea
1177 4853 1262 4907 lex
1285 4861 1436 4914 erat,
1461 4860 1519 4903 ut
1549 4849 1636 4918 qui
1678 4847 1931 4903 Ecclesiae
1952 4846 2141 4901 catho-

541 4956 663 5011 licae
689 4969 792 5008 non
820 4949 1280 5006 communicarent
1300 4987 1313 5006 .
1340 4943 1470 4998 nihil
1501 4943 1752 4997 Ecl-lesiae
1783 4941 1997 4995 nomine
2017 4956 2140 5010 pos-

547 5049 819 5108 siderent,
868 5043 961 5098 sed
1009 5042 1188 5111 potius
1218 5036 1410 5091 unitati
1443 5035 1493 5090 id
1537 5035 1921 5098 restituerent,
1953 5044 2013 5088 ut
2065 5034 2139 5087 ait

547 5137 1122 5209 Augustimistractatu
1143 5138 1295 5186 sexto
1318 5128 1372 5182 iu
1396 5127 1691 5190 Joannem,
1716 5134 1770 5178 ct
1790 5125 1927 5182 libro
1957 5141 1992 5179 tt
2011 5140 2143 5180 con-

547 5242 626 5288 tra
675 5227 923 5285 Petiliau.
955 5225 1104 5279 Mitto
1125 5224 1260 5277 alias
1303 5219 1510 5275 Theod.
1547 5219 1692 5288 leges
1732 5217 1784 5271 in
1818 5216 2138 5284 haereticos;

545 5338 771 5397 quarum
798 5318 938 5389 Aug.
962 5308 1380 5385 saepememinit
1400 5355 1414 5378 ,
1443 5320 1498 5366 et
1519 5313 1656 5366 inter
1686 5325 1818 5380 quas
1841 5310 1962 5364 duae
1989 5309 2146 5363 nobi-

549 5419 768 5472 lissimae
809 5415 1021 5467 luerunt
1051 5407 1260 5462 duobtts
1292 5415 1380 5458 aut
1409 5403 1579 5458 triliu~
1607 5407 1762 5456 annis
1795 5413 1920 5456 ante
1947 5401 2141 5472 Bagai-

551 5521 734 5565 tanum
766 5507 892 5560 illud
938 5500 1230 5558 concilium
1259 5501 1401 5551 latze.
1443 5483 1767 5564 Prior,qu.e
1791 5496 2141 5549 severissima

552 5611 666 5663 εει,
699 5601 802 5652 tata
831 5596 1043 5648 Titiano
1088 5599 1140 5642 et
1161 5587 1485 5660 Symmacho
1530 5602 1671 5641 coss.
1711 5595 1886 5641 ex5tat
1913 5590 1962 5639 in
2004 5585 2138 5642 Cod.

553 5695 749 5751 Justin.
811 5687 903 5743 lib.
954 5701 1060 5751 ιιι,
1114 5684 1176 5738 C.
1229 5681 1296 5736 de
1339 5685 1526 5752 Apost.
1584 5681 1767 5736 Altera
1828 5682 1931 5735 lata
1980 5679 2140 5754 357

554 5779 804 5852 sequenti
831 5792 1005 5843 anno,
1040 5776 1144 5831 hoc
1187 5783 1306 5839 est,
1337 5772 1567 5830 Arcadio
1591 5788 1628 5828 ιι
1674 5783 1733 5830 et
1771 5773 1969 5833 Ruﬁno
1995 5791 2139 5832 coss.

2249 4661 2410 4715 neusi
2437 4662 2718 4718 decretum
2753 4663 2920 4718 fuisse
2949 4664 3014 4719 de
3057 4668 3339 4723 tuittendis
3369 4669 3564 4740 legatis
3595 4671 3664 4726 ad
3700 4675 3866 4742 impe-

2246 4763 2517 4821 ratorem,
2551 4764 2729 4810 tamen
2780 4759 2965 4813 nescio
3007 4761 3164 4828 unde
3199 4771 3521 4830 repetuntur
3561 4774 3674 4818 tam
3706 4766 3863 4820 multi

2244 4860 2515 4911 canones,
2561 4849 2652 4920 qui
2685 4849 2814 4906 huic
2870 4853 3098 4908 concilio
3141 4856 3511 4912 ascribuntur.
3548 4858 3620 4916 Ut
3676 4870 3863 4914 autem

2246 4936 2477 4993 moleste
2505 4939 2617 4994 fero
2669 4945 2836 4997 nmlta
2865 4946 2989 5011 litigi
3039 4946 3106 5001 de
3161 4946 3324 5018 hujus
3364 4953 3585 5018 generis
3609 4953 3864 5009 conciliis

2245 5026 2806 5103 Carthaginensibus,
2875 5037 2954 5092 sic
3018 5039 3187 5092 miror
3238 5043 3505 5108 praeteriri
3569 5043 3865 5116 Carthagi-

2247 5137 2471 5178 nensem
2501 5142 2622 5181 cum
2653 5128 2947 5185 Donatistis
2973 5130 3337 5189 Collationem
3359 5177 3374 5200 ,
3407 5153 3531 5207 qua:
3577 5138 3633 5192 in
3663 5155 3858 5194 eorum

2249 5213 2473 5272 ltistOi-ia
2503 5219 2768 5288 imprimis
2798 5227 3275 5281 commemoranda
3307 5237 3446 5283 erat.
3479 5230 3588 5285 Sed
3614 5243 3674 5286 et
3698 5233 3862 5301 paulo

2255 5321 2373 5378 post
2401 5313 2530 5366 Coiit
2559 5313 2950 5372 nobilissimum
2981 5327 3170 5374 c0utra
3203 5319 3529 5391 Pelagianos
3558 5324 3858 5380 concilium

2250 5400 2702 5475 Carthaginense,
2749 5411 2896 5474 quod
2924 5412 3260 5483 Augustinus
3300 5418 3620 5472 Africanum
3674 5431 3855 5475 vocat.

2253 5493 2328 5549 De
2355 5512 2420 5551 eo
2479 5511 2659 5566 postea
2709 5501 3024 5559 viderimus.
3073 5505 3229 5562 Nunc
3277 5509 3414 5564 ordo
3467 5513 3744 5580 postulat,
3797 5524 3858 5570 ut

2251 5601 2469 5657 agamus
2491 5591 2558 5645 de
2579 5591 2927 5668 Collatione.]

2323 5679 2438 5735 Jam
2467 5687 2626 5740 anuis
2648 5701 2814 5756 pr0pe
2841 5699 3058 5744 centum
3093 5691 3385 5746 Donatium
3417 5695 3502 5750 sic
3525 5686 3710 5754 omnia
3733 5713 3856 5769 per-

2251 5775 2609 5846 miscuerunt,
2643 5779 2774 5836 utin
2801 5780 2981 5838 Africa
3001 5781 3240 5840 discerni
3267 5785 3356 5842 vix
3388 5802 3578 5859 posset
3607 5806 3860 5864 quaenam
