4134 6186
323 274 464 334 1457

1228 258 1548 319 HISTORIA
1587 248 2193 313 CARTHAGINENSIS
2228 245 2704 306 COLLATIONIS.

3504 251 3643 308 M58

319 396 466 445 esset
523 382 781 442 Ecclesia
803 424 821 451 ,
859 396 1001 437 cum
1056 378 1273 450 quidem
1301 377 1472 432 altare
1515 379 1703 429 contra
1754 370 1929 426 altare
1957 371 2004 432 Α
2034 366 2167 422 Cum
2190 374 2372 421 autem
2402 364 2453 418 iu
2480 360 3088 435 Constantinopolitano
3111 363 3345 434 quodam
3368 377 3641 422 conventu

318 484 521 556 passim
549 488 793 536 erectum
819 485 1007 543 esset,
1056 484 1114 529 et
1138 487 1364 542 utraque
1404 487 1528 539 pars
1566 468 1636 552 de
1670 464 1926 521 Ecclesia:

322 576 481 633 titulo
523 582 579 628 et
630 562 982 643 possessione
1010 566 1383 623 contenderet.
1420 562 1562 633 Ergo
1604 558 1925 628 jampridem

325 666 482 722 multi
530 662 793 735 optabant
826 671 884 715 ttt
910 660 1086 723 aliqua
1120 658 1355 727 legitima
1396 651 1785 723 disceptatione
1811 650 1927 703 haec

317 760 547 834 quaestio
570 756 915 818 deliniretur,
945 760 1002 808 et
1028 751 1255 821 populus
1269 748 1322 803 id
1345 763 1450 803 non
1468 747 1644 800 minus
1658 759 1819 814 quam
1838 756 1927 798 res

322 857 438 927 ipsa
458 852 780 924 postulabat.
800 848 1008 906 Scimus
1022 844 1221 917 (inquit
1234 841 1564 912 Augustinus
1586 840 1637 893 in
1660 837 1752 894 lib.
1782 846 1922 908 post.

319 946 475 1020 coll.)
499 962 657 1017 quam
671 944 821 999 multi
846 949 1072 996 vestrum
1094 948 1140 991 et
1170 940 1303 1008 forte
1323 950 1521 1000 omnes,
1541 941 1632 986 aut
1664 947 1792 1001 pene
1809 946 1921 984 om-

320 1056 409 1093 nes
451 1038 621 1092 dicere
663 1034 838 1089 soletis
867 1047 886 1087 :
915 1030 961 1084 0
986 1030 1030 1083 si
1075 1028 1127 1082 in
1159 1029 1326 1082 locum
1368 1040 1526 1078 unum
1558 1020 1878 1076 convenirent
1904 1021 1926 1073 !

322 1130 369 1186 0
389 1132 435 1187 si
454 1127 737 1202 aliquando
777 1125 1104 1195 conferrent,
1128 1129 1179 1176 et
1199 1118 1306 1174 illis
1336 1114 1716 1187 disputantibus
1737 1112 1923 1166 veritas

315 1222 629 1295 appareret!
679 1218 788 1276 Sed
837 1232 997 1285 quam
1041 1222 1325 1285 propterea
1371 1208 1632 1265 Catholici
1664 1207 1923 1276 optabant

311 1332 433 1373 cum
456 1313 756 1370 Donatistis
775 1308 1065 1381 congredi,
1090 1315 1196 1361 tam
1216 1317 1568 1373 congressum
1587 1299 1921 1368 refugiebant

315 1410 629 1464 Donatistae.
665 1405 1019 1474 Augustinus,
1044 1401 1098 1455 iu
1142 1397 1301 1470 epist.
1328 1397 1430 1451 l66
1458 1393 1525 1450 ad
1555 1393 1868 1448 Deuatistas
1901 1406 1918 1445 :

321 1501 508 1570 Vestri,
571 1499 768 1571 inquit,
812 1495 1039 1567 episcopi
1086 1491 1318 1547 conrenti
1364 1506 1397 1543 a
1449 1487 1593 1542 nobis
1641 1498 1920 1554 numquam

307 1594 577 1650 nobiscum
618 1590 834 1660 paci/ire
855 1589 1093 1660 conferre
1130 1584 1404 1639 voluerunt
1426 1622 1442 1645 ,
1486 1578 1635 1648 quasi
1663 1577 1919 1648 fugientes

311 1703 430 1741 cum
457 1680 811 1756 peccatoribus
840 1681 1000 1748 loqui.
1036 1680 1179 1734 Sane
1209 1691 1330 1731 cum
1377 1672 1673 1742 aliquando
1703 1670 1919 1725 dicere-

307 1792 395 1836 tur
440 1778 657 1851 quidam
716 1778 1009 1845 episcopus
1061 1771 1338 1826 Donatista
1372 1767 1619 1830 dixisse,
1669 1765 1810 1819 velle
1853 1777 1914 1818 se

307 1872 466 1929 bonis
484 1868 616 1924 viris
642 1866 958 1923 sedentibus
970 1861 1222 1919 conferre
1251 1876 1374 1915 cum
1391 1858 1530 1929 Aug.
1547 1899 1560 1920 ,
1576 1856 1916 1926 Augustinus

308 1966 440 2020 nihil
470 1980 575 2019 non
603 1962 730 2016 fecit
750 2004 766 2024 .
798 1967 857 2014 ιιι
884 1960 930 2012 ei
982 1958 1126 2012 ultro
1167 1963 1485 2010 occurreret
1506 1991 1522 2014 ,
1564 1960 1726 2021 atque
1748 1951 1912 2004 etiam

306 2065 615 2113 currentem
638 2055 925 2114 incitaret,
954 2051 1113 2120 epist.
1136 2047 1224 2102 47.
1255 2045 1498 2115 Denique
1518 2057 1640 2097 cum
1668 2055 1773 2095 non
1804 2041 1912 2093 im-

315 2157 555 2219 petraret
584 2189 600 2214 ,
628 2147 771 2218 quod
823 2152 1102 2214 tantopere
1129 2140 1386 2210 optabat,
1424 2145 1579 2201 curat
1630 2145 1688 2190 ut
1725 2133 1913 2190 clerici

304 2242 388 2296 sui
417 2239 790 2310 llipponenses
830 2234 1146 2292 Ianuarium
1197 2230 1688 2301 Carthagiuenst-m
1721 2227 1910 2282 Dena-

308 2333 555 2387 tistarum
613 2328 1080 2398 archiepiscopum
1120 2326 1436 2381 sollicitent.
1485 2321 1678 2398 Exstat
1718 2332 1908 2374 eorum

304 2424 537 2496 epistula
562 2463 579 2489 ,
606 2438 728 2493 quae
759 2421 902 2477 inter
939 2419 1227 2487 Augustini
1278 2414 1538 2485 epistolas
1582 2425 1662 2468 est
1686 2411 1779 2467 68.
1834 2410 1909 2464 Ea

307 2525 486 2573 autem
519 2515 784 2584 imprimis
808 2522 995 2582 urget,
1024 2520 1083 2565 ut
1111 2509 1364 2579 quoniam
1388 2507 1499 2576 jam
1529 2504 1657 2559 olint
1689 2504 1744 2559 itt
1804 2500 1910 2556 bac

304 2623 466 2664 causa
516 2606 818 2678 appellatus
861 2611 947 2658 est
995 2604 1326 2671 imperator,
1368 2598 1530 2669 hujus
1579 2598 1909 2652 auctoritate

307 2701 622 2757 instituatur
647 2697 856 2768 publica
879 2693 1113 2751 Collatio
1144 2712 1157 2747 :
1188 2694 1312 2764 quia
1343 2704 1397 2748 et
1425 2692 1515 2745 ille
1538 2691 1755 2746 demunt
1787 2690 1858 2744 sit
1887 2732 1904 2757 ,

305 2794 396 2863 qui
425 2811 545 2850 cum
571 2792 784 2861 legibus
810 2790 921 2860 jam
951 2789 1073 2843 latis
1100 2803 1207 2843 non
1234 2793 1483 2841 teneatur
1506 2826 1521 2850 ,
1557 2784 1782 2839 liberius
1811 2797 1909 2853 po.-

305 2888 434 2943 terit
450 2898 502 2943 et
531 2886 880 2941 collationem
912 2882 1153 2938 indicere
1179 2921 1194 2946 ,
1223 2889 1277 2935 et
1298 2880 1365 2933 de
1397 2894 1457 2937 re
1479 2886 1589 2933 tota
1621 2889 1864 2934 Statuere
1890 2892 1903 2929 :

302 2999 426 3038 eum
458 2980 761 3053 praefectis,
806 2978 899 3048 qui
922 2968 1130 3046 legibus
1155 2975 1266 3045 jam
1299 2974 1423 3027 latis
1465 2972 1711 3027 serviunt
1740 3013 1755 3037 ,
1790 2983 1908 3025 tan-

304 3086 419 3133 tum
449 3089 554 3130 non
596 3073 778 3128 ltceat.
836 3071 905 3126 Et
950 3070 1075 3140 quia
1104 3068 1395 3123 Donatista:
1423 3081 1523 3132 eo,
1555 3079 1715 3135 quem
1765 3062 1901 3128 dixi,

2031 474 2223 516 rursus
2250 459 2577 513 Arianorum
2610 471 2771 513 enisa
2816 456 3025 525 agenda
3070 463 3256 520 εεευῑ,
3305 456 3640 514 Theodosius

2030 550 2270 607 laudavit
2315 565 2504 605 eorum
2558 548 2878 614 consilium,
2938 546 3030 619 qui
3053 589 3091 614 ,.
3120 563 3189 602 ne
3241 547 3406 603 toties
3453 556 3634 603 artum

2028 651 2317 714 ageretur,
2374 655 2481 696 non
2515 650 2622 695 tam
2645 639 3108 709 disputationibus
3136 640 3293 695 novis
3313 681 3328 707 ,
3358 655 3516 711 quam
3541 657 3633 695 ve-

2030 747 2208 790 terum
2257 726 2589 802 praeiudiciis
2619 741 2673 786 et
2722 732 3051 787 auctoritate
3084 732 3354 802 urgendus
3377 733 3637 788 adversa-

2029 826 2141 881 rios
2162 839 2285 879 esse
2304 823 2581 879 dicebant.
2602 823 2887 878 Postremo
2908 826 3245 894 Augustinus
3260 866 3272 886 ,
3289 838 3411 878 cum
3436 825 3634 894 quibus

2027 928 2080 972 et
2102 926 2403 984 quatenus,
2452 926 2508 971 et
2538 914 2753 982 quando
2809 924 2867 969 et
2914 915 3191 986 quomodo
3242 916 3629 986 disputandum

2027 1020 2212 1076 esset,
2248 1017 2399 1063 recte
2426 1009 2579 1062 vidit.
2611 1008 2727 1075 Qua
2754 1007 2821 1062 de
2852 1023 2910 1061 re
2937 1006 3066 1077 quid
3123 1009 3413 1075 statuerit,
3465 1008 3626 1064 intel-

2028 1101 2198 1171 ligere
2228 1100 2375 1165 licet,
2407 1114 2473 1155 ex
2510 1099 2591 1155 his
2614 1116 2734 1170 qu.e
2763 1100 2951 1155 scribit
2970 1099 3062 1153 lib.
3098 1115 3135 1153 ιι
3179 1101 3246 1154 de
3268 1099 3499 1155 Civilate
3528 1101 3629 1157 Dei

2025 1208 2125 1262 cap
2154 1194 2204 1253 l,
2239 1201 2295 1246 et
2326 1193 2418 1247 lib.
2450 1208 2468 1247 ι
2496 1192 2566 1248 de
2594 1201 2801 1263 peccat.
2836 1193 2968 1248 Mer.
3014 1205 3065 1247 et
3094 1192 3303 1250 Remis.
3333 1211 3382 1249 c.
3416 1196 3540 1261 ult.,
3573 1205 3632 1252 et

2026 1287 2078 1339 in
2111 1283 2390 1339 Enchirid.
2420 1300 2542 1355 eap.
2569 1284 2639 1341 69
2664 1327 2680 1353 ,
2714 1295 2769 1340 et
2817 1285 2869 1340 in
2900 1288 3059 1357 epist.
3095 1287 3189 1340 lit
3223 1297 3279 1340 et
3330 1287 3451 1342 121.
3484 1286 3630 1343 Tan-

2023 1376 2145 1431 dem
2174 1392 2238 1431 ex
2267 1377 2538 1431 sententia
2588 1377 2804 1432 concilii
2835 1376 3293 1437 Chalcedonensis
3332 1379 3628 1448 sapientis-

2023 1471 2159 1525 sima
2184 1482 2235 1525 et
2270 1471 2675 1539 religiosissima
2701 1472 2819 1542 lege
2858 1476 2983 1536 lata,
3007 1472 3173 1527 vetuit
3199 1473 3495 1528 Martiattus
3524 1473 3631 1526 im-

2026 1579 2140 1634 per.
2179 1578 2247 1619 ne
2274 1565 2394 1633 quis
2420 1565 2489 1619 de
2512 1565 2615 1619 [ide
2637 1564 2945 1621 Christiana
2972 1566 3181 1636 publice
3206 1568 3374 1623 turhis
3398 1609 3413 1631 ,
3448 1577 3501 1619 ut
3527 1568 3626 1631 ait,

2023 1656 2341 1712 euadunatis
2371 1666 2427 1712 et
2454 1656 2799 1713 audientibus
2846 1668 3038 1714 tractet
3066 1677 3079 1711 :
3105 1674 3281 1727 neque
3313 1673 3401 1713 res
3416 1658 3629 1728 judica-

1944 1749 1994 1808 B
2023 1754 2104 1800 tas
2134 1756 2190 1801 et
2214 1757 2360 1803 recte
2389 1747 2676 1817 dispositas
2701 1748 3023 1818 disputando
3044 1760 3203 1820 atque
3243 1750 3628 1806 contendendo

2024 1840 2299 1905 revolvat,
2331 1854 2398 1894 ne
2416 1855 2479 1893 ex
2504 1838 2813 1908 hujusmodi
2859 1842 3155 1896 certamine
3183 1842 3430 1911 profanet
3459 1859 3627 1899 vene-

2023 1929 2189 1983 randa
2215 1929 2491 2000 mysteria,
2544 1931 2636 1984 lib.
2670 1946 2727 1985 ιιι
2749 1930 2810 1986 C.
2844 1933 2911 1987 de
2934 1947 3144 1988 summa
3171 1933 3362 1989 Trinit.
3383 1935 3488 1990 Sed
3521 1938 3627 1990 hoc

2019 2022 2235 2077 demum
2264 2022 2500 2079 edictum
2542 2021 2708 2096 3&8
2736 2025 2834 2079 fuit
2859 2026 2928 2081 de
2958 2026 3228 2098 mysteriis
3256 2027 3401 2091 lidni,
3426 2037 3482 2084 et
3503 2037 3629 2099 post

2018 2126 2249 2187 quatuor
2279 2116 2504 2172 concilia
2554 2118 2889 2173 mentitenica
2911 2161 2927 2184 ,
2953 2133 3006 2175 et
3029 2134 3152 2175 cum
3170 2121 3281 2191 jam
3339 2122 3392 2175 in
3418 2124 3582 2178 tertio
3606 2164 3624 2189 ,

2018 2211 2123 2266 huc
2151 2222 2262 2279 est,
2299 2212 2351 2265 itt
2393 2211 2668 2281 Ephesino
2722 2212 2999 2267 decretum
3048 2226 3232 2280 esset,
3266 2224 3327 2269 ut
3371 2216 3625 2287 symbolo

2019 2304 2144 2360 lidei
2194 2305 2322 2359 nihil
2353 2306 2686 2374 adjiceretur
2714 2322 2729 2359 :
2783 2305 3016 2378 denique
3049 2322 3170 2361 cum
3219 2307 3442 2365 inﬁnitis
3464 2325 3527 2364 ea
3554 2310 3624 2365 de

2016 2415 2075 2454 re
2100 2398 2591 2469 disputationibus,
2639 2414 2933 2470 earumque
2984 2400 3297 2468 petulantiae
3345 2416 3397 2458 et
3431 2417 3624 2472 proca-

2015 2494 2163 2551 citati
2219 2492 2444 2548 frzeuum
2474 2491 2823 2562 injiciendum
2882 2501 3051 2548 esset.
3079 2493 3347 2550 Caeterum
3383 2503 3444 2550 ut
3485 2494 3622 2551 nihil

2016 2586 2120 2641 ltoc
2146 2586 2212 2640 ad
2238 2600 2458 2640 causam
2488 2587 2890 2641 Donatistarum
2913 2627 2927 2647 .
2962 2588 3043 2641 sic
3084 2604 3277 2659 neque.
3300 2588 3368 2644 ad
3396 2602 3618 2646 aetatem

2014 2689 2108 2735 aut
2151 2695 2442 2750 personam
2494 2678 2799 2751 Augustini.
2848 2680 2919 2736 Et
2943 2696 3070 2736 vero
3114 2682 3199 2737 hic
3233 2698 3371 2737 unus
3398 2685 3618 2740 demum

2013 2779 2282 2841 ostendit,
2306 2793 2554 2849 quaenam
2585 2788 2732 2833 esset
2764 2779 2879 2834 haec
2910 2782 3047 2833 ratio
3085 2777 3303 2835 tuendas
3328 2778 3568 2834 veritatis
3600 2795 3615 2831 :

2014 2881 2072 2926 et
2117 2872 2391 2940 quomodo
2427 2886 2490 2926 ea
2541 2872 2799 2927 utendum
2849 2885 3031 2939 esset,
3086 2884 3344 2941 expertus
3401 2886 3619 2943 quoque

2012 2980 2158 3031 saepe
2186 2963 2521 3020 fueransed
2552 2981 2840 3034 numquam
2894 2964 3063 3035 magis
3095 2956 3261 3036 quam
3306 2966 3358 3020 in
3410 2965 3498 3020 illa
3546 2964 3617 3019 de

2012 3073 2117 3128 qua
2182 3072 2325 3113 nunc
2397 3057 2543 3129 loqui
2605 3057 2844 3125 institui,
2907 3074 3031 3114 cum
3096 3060 3392 3117 Donatistis
3446 3059 3616 3115 colla-

303 3177 569 3242 praetextn
597 3173 917 3223 recusarunt
959 3135 1083 3219 cum
1131 3163 1330 3218 nostris
1365 3158 1622 3229 congredi
1650 3175 1664 3211 :
1701 3157 1903 3228 Hippo-
1929 3135 1976 3198 Ο
2011 3151 2205 3225 tione]

312 3276 512 3319 nenses
557 3259 744 3316 clerici
795 3272 863 3314 eo
916 3272 977 3312 se
1003 3255 1314 3320 demittunt,
1345 3261 1403 3306 ut
1449 3251 1613 3308 etiam
1665 3250 1902 3320 allegent

303 3355 579 3411 Christum
626 3353 805 3422 ipsum
842 3366 966 3406 cunt
988 3348 1207 3403 diabolo
1232 3347 1300 3401 de
1322 3345 1443 3414 lege
1474 3344 1711 3400 locutum
1735 3355 1860 3397 esse
1888 3356 1901 3393 :

304 3458 357 3503 et
387 3461 511 3502 cum
544 3445 710 3500 Paulo
736 3460 843 3499 non
876 3443 1050 3499 solum
1086 3440 1305 3496 Iudaeos
1331 3479 1346 3503 ,
1374 3438 1470 3493 sed
1501 3445 1558 3492 et
1610 3437 1905 3506 Epicureos

305 3539 627 3597 contulisse.
655 3538 946 3591 Donatista:
971 3550 1159 3590 rursus
1186 3533 1528 3603 excipiebant
1553 3573 1568 3598 ,
1590 3531 1905 3588 dialecticas

304 3632 706 3704 disputationes
748 3643 857 3683 non
910 3629 1208 3683 convenire
1254 3625 1577 3682 Christiana:
1624 3625 1901 3693 religioni,

307 3735 363 3781 et
424 3722 783 3794 Augustinum
855 3719 991 3774 ttihtl
1057 3719 1199 3773 aliud
1266 3734 1390 3773 esse
1446 3734 1605 3787 quam
1679 3726 1906 3773 conten-

311 3818 508 3873 tiosum
553 3815 979 3884 disputatorem,
1039 3812 1130 3880 qui
1184 3810 1465 3880 fugiendus
1511 3809 1687 3878 putius
1734 3820 1787 3864 et
1816 3824 1906 3862 ca-

308 3910 558 3975 vendus,
614 3921 776 3976 quam
829 3904 1164 3960 refellendtts
1218 3900 1681 3970 revincendusqun
1736 3908 1901 3954 esset.

306 4002 448 4072 Quid
504 4002 630 4056 huic
708 3997 1036 4055 cavillationi
1115 3995 1460 4066 responderit
1533 3994 1902 4062 Augusuuus,

309 4095 415 4168 legi
442 4103 618 4164 potest
645 4094 821 4164 primo
843 4093 960 4162 ejus
987 4090 1127 4146 lihro
1153 4098 1337 4144 contra
1363 4088 1731 4143 Cresconium.
1758 4086 1903 4142 ldem

309 4189 450 4245 libro
476 4198 671 4258 quarto
690 4228 704 4251 ,
731 4185 998 4245 Studium,
1031 4184 1235 4252 inquit,
1266 4197 1359 4249 pro
1390 4180 1597 4234 veritate
1651 4179 1903 4243 certandi,

310 4285 431 4351 quia
459 4298 595 4353 swpe
628 4279 881 4333 voluimus
917 4293 1033 4331 cum
1083 4275 1263 4330 vestris
1316 4275 1581 4345 conferre,
1631 4281 1686 4325 ut
1737 4286 1910 4326 errore

310 4381 534 4442 sublato,
551 4381 784 4450 fraterna
809 4375 1035 4427 charitas
1062 4372 1204 4439 pacis
1224 4371 1428 4424 vinculo
1449 4378 1729 4423 necteretur
1744 4410 1759 4434 ,
1787 4385 1910 4423 con-

311 4468 551 4525 tentionis
595 4478 640 4522 et
679 4465 1023 4520 animositatis
1072 4463 1253 4516 vitioso
1302 4462 1509 4514 nomine
1554 4460 1905 4527 reprehendis.

2080 3246 2262 3302 Prima
2293 3247 2575 3325 Augustini
2603 3286 2619 3315 ,
2662 3247 2889 3304 necdum
2939 3246 3180 3316 episcopi
3208 3287 3222 3306 .
3251 3244 3347 3300 sed
3405 3250 3612 3297 tantum

2013 3341 2311 3412 presbyteri
2372 3342 2584 3412 publica
2641 3341 2800 3409 hujus
2853 3339 3070 3410 generis
3122 3336 3455 3393 conﬂictatio
3509 3334 3611 3389 fuit

2010 3433 2224 3489 duobus
2270 3434 2463 3487 diebus
2507 3449 2630 3488 cum
2682 3431 2979 3487 Fortunato
3038 3429 3334 3486 Manicltzro
3380 3427 3433 3482 itt
3475 3427 3612 3481 urbe

2010 3524 2362 3594 Hipponensi.
2402 3514 2642 3580 Aderant
2675 3522 2909 3589 notarii,
2950 3527 3037 3592 qui
3069 3521 3275 3592 singula
3296 3519 3614 3587 exripereut

2008 3628 2171 3686 atque
2207 3622 2609 3687 consignareut.
2646 3616 2885 3686 Populus
2915 3615 3126 3670 auditor
3177 3625 3293 3669 erat
3358 3612 3605 3680 disputa-

2009 3712 2193 3766 tionis.
2222 3710 2329 3766 Sed
2360 3711 2557 3780 alioqui
2596 3709 2774 3763 nullus
2798 3708 2962 3778 jutlex
3017 3706 3225 3760 aderat.
3283 3706 3394 3760 Etsi
3426 3711 3608 3758 autem

2012 3804 2170 3873 plane
2195 3819 2493 3858 conversus
2538 3816 2643 3857 non
2693 3799 2857 3856 fuerit
2890 3797 3077 3853 infelix
3110 3797 3198 3853 ille
3238 3796 3568 3852 Fortunatus
3589 3834 3606 3861 ,

2009 3904 2065 3950 at
2086 3896 2278 3951 saltem
2310 3899 2593 3965 perculsus
2619 3896 2672 3949 itt
2697 3910 2763 3950 eo
2790 3893 3090 3951 certamine
3125 3892 3245 3947 fuit.

2084 3988 2263 4045 Altera
2292 3989 2346 4044 in
2375 3989 2565 4043 eadem
2600 3990 2732 4044 urbe
2763 3986 2859 4042 fuit
2888 3988 3060 4041 trihus
3090 3986 3282 4043 diebus
3307 3986 3595 4056 Augustini

2008 4078 2305 4149 disputatio
2334 4096 2440 4134 non
2469 4080 2750 4135 dissimilis
2775 4094 2897 4133 cum
2932 4077 3109 4132 Felice
3140 4078 3438 4133 Manichaee
3469 4094 3482 4130 :
3509 4077 3609 4132 sed

2008 4172 2157 4227 exitu
2182 4173 2441 4227 l'eliciore.
2471 4171 2664 4225 Acrior
2692 4170 2789 4223 l'uit
2821 4180 2875 4223 et
2901 4169 3169 4224 celebrior
3196 4170 3386 4224 eodem
3406 4171 3458 4223 in
3488 4169 3610 4225 loco

2009 4280 2133 4320 cum
2163 4264 2451 4319 Maximino
2482 4264 2737 4333 episcopo
2766 4263 2970 4318 Ariano
2993 4304 3007 4328 ,
3049 4261 3144 4317 sed
3170 4262 3392 4319 minime
3414 4264 3607 4319 eodem

2011 4372 2290 4413 successu.
2324 4356 2553 4411 Exstant
2582 4357 2770 4412 harum
2821 4355 3180 4411 Collationuut
3205 4368 3324 4412 acta
3358 4359 3409 4413 itt
3458 4360 3611 4416 libris

2017 4451 2326 4522 Augustini.
2356 4449 2481 4504 Fuit
2500 4462 2551 4506 et
2578 4451 2678 4504 alia
2703 4466 2824 4505 cum
2859 4450 3139 4504 Pascentio
3166 4452 3365 4505 comite
3406 4453 3608 4511 Ariano

311 4560 419 4616 Sed
460 4568 609 4613 notat
639 4559 743 4612 hoc
790 4557 1097 4611 Donatistas
1119 4551 1435 4607 obtendisse
1456 4592 1470 4611 ,
1527 4552 1675 4620 quia,
1728 4561 1784 4605 ut
1807 4551 1904 4619 ait,
1935 4523 1985 4582 D
2011 4542 2065 4598 itt
2099 4544 2233 4598 urbe
2261 4539 2669 4612 Cartltaginensi
2698 4559 2713 4596 :
2751 4541 2844 4596 sed
2876 4542 3043 4608 prima
3086 4540 3203 4609 ejus
3248 4541 3412 4596 coitio
3440 4542 3609 4597 mole-

312 4652 530 4708 mallent
560 4666 776 4716 causam
805 4649 1000 4703 malam
1028 4645 1310 4711 cooperire
1333 4642 1681 4698 excusatione
1702 4684 1717 4707 ,
1745 4659 1906 4720 quam

310 4743 678 4814 disputatione
708 4742 884 4795 linire.
919 4739 985 4793 Et
1005 4739 1057 4792 in
1085 4736 1278 4792 eodem
1304 4736 1445 4791 lthro
1466 4776 1481 4797 ,
1508 4733 1644 4789 Puto
1662 4777 1676 4800 ,
1712 4734 1906 4803 inquit,

312 4842 452 4911 quod
482 4838 728 4908 facillime
771 4835 1028 4905 intelligas
1050 4875 1065 4896 .
1104 4847 1210 4886 non
1236 4830 1525 4885 devitanda:
1570 4828 1910 4883 contentionis

310 4947 504 4997 causa,
554 4944 667 4999 qua?
698 4926 844 4982 nulla
863 4935 974 4993 est,
1027 4941 1142 4979 cum
1174 4924 1359 4977 veritas
1404 4922 1686 4989 queritur,
1710 4920 1789 4974 vel
1809 4936 1912 4973 non

316 5039 409 5092 pro
436 5038 567 5076 vana
585 5021 752 5092 gloria
782 5018 1051 5089 litigatur,
1079 5014 1169 5070 sed
1191 5029 1361 5069 causa:
1380 5016 1534 5068 malw
1563 5012 1860 5084 diffidentia
1886 5053 1903 5078 ,

314 5132 402 5172 vos
427 5116 692 5171 twltiscum
716 5112 853 5167 nolle
869 5098 1120 5183 conferre.

388 5210 511 5284 [Hie
534 5224 665 5264 vero
694 5220 879 5275 Operae
902 5204 1129 5273 pretium
1158 5213 1239 5258 est
1261 5200 1438 5258 obiter
1459 5199 1758 5255 observare
1799 5197 1912 5253 dis-

316 5303 627 5375 putatioiies
658 5301 713 5354 in
745 5312 904 5352 causa
935 5297 1217 5366 religionis
1239 5294 1405 5351 modo
1433 5293 1605 5347 bonas
1629 5301 1685 5346 et
1728 5290 1911 5355 utiles,

318 5396 484 5454 modo
527 5392 862 5466 perniciosas
891 5406 1032 5447 esse.
1083 5390 1244 5446 Certe
1273 5386 1530 5456 quidnam
1559 5386 1631 5440 sit
1659 5426 1674 5449 ,
1697 5385 1764 5439 de
1807 5399 1917 5452 quo

318 5496 630 5559 qua-ratur.
664 5484 953 5538 videndum
986 5493 1107 5547 est,
1163 5488 1219 5534 cl.
1248 5479 1439 5534 modus
1463 5494 1683 5547 semper
1727 5485 1810 5531 cst
1841 5485 1921 5532 te-

322 5580 555 5635 nendus.
591 5576 958 5630 Tertttlltanus
1003 5575 1071 5627 de
1101 5571 1413 5635 Prmscript.
1449 5577 1609 5639 negat
1633 5584 1755 5623 cum
1807 5568 1920 5621 hate-

318 5672 509 5729 reticis
541 5666 929 5739 disputandum
962 5679 1107 5719 esse.
1158 5663 1263 5718 Sed
1294 5659 1495 5714 Nieami
1521 5672 1702 5729 patres
1730 5658 1927 5712 nihilo-

324 5764 505 5822 minus
531 5776 656 5819 cum
688 5757 906 5816 Arionis
937 5755 1108 5812 semel
1132 5754 1412 5826 disputare
1436 5766 1553 5808 non
1584 5760 1926 5809 recusarunt.

2013 4635 2151 4690 slior
2197 4634 2333 4697 fuit,
2366 4636 2490 4703 quia
2535 4631 2879 4687 adversarius
2922 4631 3165 4687 notarios
3199 4633 3611 4702 consignatures

2014 4729 2207 4783 adesse
2236 4727 2499 4799 principio
2522 4726 2757 4792 nolebat,
2787 4726 3062 4795 pactisque
3080 4725 3360 4781 ceuventis
3384 4726 3607 4783 minime

2017 4821 2215 4875 stabat.
2264 4819 2506 4875 Tandem
2557 4827 2737 4874 tamen
2786 4819 2958 4889 legem
3007 4818 3321 4874 Collationis
3367 4820 3607 4889 accepit,

2020 4926 2196 4979 neque
2250 4912 2426 4966 solum
2469 4912 2708 4966 notarios
2755 4910 2997 4966 adhiberi
3046 4924 3233 4979 passus
3271 4919 3377 4977 est,
3420 4911 3513 4967 sed
3557 4922 3617 4968 et

2023 5003 2372 5059 Laurentium
2400 5003 2669 5072 quondam
2696 5003 2932 5071 iudicem
2958 5002 3098 5067 tulit,
3130 5010 3187 5057 et
3211 5001 3281 5057 ab
3306 5018 3374 5058 eo
3395 5016 3617 5059 senten—

2020 5096 2151 5150 tiam
2207 5093 2335 5150 ferri
2393 5111 2499 5150 non
2552 5096 2844 5149 recusavit.
2916 5094 3097 5150 Testis
3150 5103 3235 5149 est
3281 5093 3613 5167 Augustinus

2021 5190 2184 5261 epist.
2236 5187 2339 5242 174
2386 5197 2443 5243 et
2495 5188 2619 5244 1⁸78.
2669 5187 2774 5244 Sed
2827 5188 2969 5242 nulla
3019 5186 3105 5242 vel
3152 5188 3333 5243 utilior
3377 5190 3462 5243 vel
3519 5202 3616 5242 no-

2026 5280 2190 5336 bilior
2221 5281 2435 5336 tametsi
2476 5279 2638 5335 fuerit
2678 5280 2746 5335 de
2787 5282 3088 5348 quaestione
3120 5281 3299 5335 minus
3341 5280 3523 5335 subtili
3563 5290 3617 5335 et

2028 5376 2197 5445 magis
2232 5373 2520 5444 populari,
2569 5389 2726 5445 quam
2760 5390 2880 5427 cutn
2918 5374 3209 5430 Donatistis
3247 5374 3467 5428 collatio
3498 5371 3614 5426 fuit.

2025 5471 2105 5525 Ac
2138 5468 2246 5536 jam
2291 5478 2448 5521 antea
2503 5467 2749 5535 privatim
2800 5476 2856 5520 et
2902 5466 3082 5522 obiter
3119 5465 3455 5534 Augustinus
3496 5479 3619 5516 t-um

2032 5560 2297 5616 Frrtunio
2362 5557 2596 5629 quodam
2656 5558 2931 5613 Donatista
2995 5559 3251 5628 episcopo
3300 5567 3623 5621 congressus

2033 5655 2207 5709 luerat
2257 5654 2308 5741 in
2340 5652 2588 5722 populari
2618 5650 2847 5721 quadam
2879 5651 3054 5705 turba.
3097 5652 3338 5716 Cumque
3368 5647 3483 5700 huic
3524 5660 3623 5700 suo

2034 5737 2271 5820 strepitu
2306 5749 2453 5819 ipsos
2491 5760 2707 5816 quoque
2748 5745 2987 5800 notarios
3018 5748 3342 5809 exceptores
3371 5737 3627 5794 intertur-
