  <div class='ocr_page' id='page_1' title='image "/cluster/home/n/w/nwhite01/storage/ocr_20150623/11/hvd.32044096580402/757.png"; bbox 0 0 4134 6186; ppageno 0'>
   <div class='ocr_carea' id='block_1_1' title="bbox 562 261 702 318">
    <p class='ocr_par' dir='ltr' id='par_1_1' title="bbox 562 261 702 318">
     <span class='ocr_line' id='line_1_1' title="bbox 562 261 702 318; baseline 0.007 -1"><span class='ocrx_word' id='word_1_1' title='bbox 562 265 584 317; x_wconf 76' lang='grc'>1</span> <span class='ocrx_word' id='word_1_2' title='bbox 607 261 702 318; x_wconf 65' lang='lat' dir='ltr'><strong>i359</strong></span> 
     </span>
    </p>
   </div>
   <div class='ocr_carea' id='block_1_2' title="bbox 562 463 2161 540">
    <p class='ocr_par' dir='ltr' id='par_1_2' title="bbox 562 463 2161 540">
     <span class='ocr_line' id='line_1_2' title="bbox 562 463 2161 540; baseline -0.009 -12"><span class='ocrx_word' id='word_1_3' title='bbox 562 480 651 528; x_wconf 71' lang='lat' dir='ltr'><strong>rat</strong></span> <span class='ocrx_word' id='word_1_4' title='bbox 687 471 940 540; x_wconf 70' lang='lat' dir='ltr'><strong>AtIguSt.,</strong></span> <span class='ocrx_word' id='word_1_5' title='bbox 968 467 1126 536; x_wconf 83' lang='lat' dir='ltr'><strong>epist.</strong></span> <span class='ocrx_word' id='word_1_6' title='bbox 1160 464 1285 532; x_wconf 66' lang='lat'><strong>163,</strong></span> <span class='ocrx_word' id='word_1_7' title='bbox 1317 474 1372 519; x_wconf 89' lang='lat' dir='ltr'><strong>ut</strong></span> <span class='ocrx_word' id='word_1_8' title='bbox 1410 464 1464 519; x_wconf 88' lang='lat' dir='ltr'><strong>in</strong></span> <span class='ocrx_word' id='word_1_9' title='bbox 1493 463 1676 532; x_wconf 72' lang='lat' dir='ltr'><strong>aiiquo</strong></span> <span class='ocrx_word' id='word_1_10' title='bbox 1707 475 1927 516; x_wconf 80' lang='lat' dir='ltr'><strong>recessu</strong></span> <span class='ocrx_word' id='word_1_11' title='bbox 1959 468 2078 514; x_wconf 86' lang='lat' dir='ltr'><strong>tuto</strong></span> <span class='ocrx_word' id='word_1_12' title='bbox 2105 467 2161 514; x_wconf 88' lang='lat' dir='ltr'><strong>et</strong></span> 
     </span>
    </p>
   </div>
   <div class='ocr_carea' id='block_1_3' title="bbox 564 549 2159 631">
    <p class='ocr_par' dir='ltr' id='par_1_3' title="bbox 564 549 2159 631">
     <span class='ocr_line' id='line_1_3' title="bbox 564 549 2159 631; baseline -0.008 -13"><span class='ocrx_word' id='word_1_13' title='bbox 564 560 860 631; x_wconf 80' lang='lat' dir='ltr'><strong>tranquillo</strong></span> <span class='ocrx_word' id='word_1_14' title='bbox 904 557 1022 612; x_wconf 64' lang='lat' dir='ltr'><strong>haec</strong></span> <span class='ocrx_word' id='word_1_15' title='bbox 1068 564 1442 627; x_wconf 71' lang='lat' dir='ltr'><strong>perageretur.</strong></span> <span class='ocrx_word' id='word_1_16' title='bbox 1490 553 1603 609; x_wconf 87' lang='lat' dir='ltr'><strong>Sed</strong></span> <span class='ocrx_word' id='word_1_17' title='bbox 1632 553 1800 608; x_wconf 89' lang='lat' dir='ltr'><strong>multo</strong></span> <span class='ocrx_word' id='word_1_18' title='bbox 1822 549 2159 620; x_wconf 82' lang='lat' dir='ltr'><strong>magisqnod</strong></span> 
     </span>
    </p>
   </div>
   <div class='ocr_carea' id='block_1_4' title="bbox 565 643 2161 725">
    <p class='ocr_par' dir='ltr' id='par_1_4' title="bbox 565 643 2161 725">
     <span class='ocr_line' id='line_1_4' title="bbox 565 643 2161 725; baseline -0.009 -14"><span class='ocrx_word' id='word_1_19' title='bbox 565 654 820 725; x_wconf 76' lang='lat' dir='ltr'><strong>optabat,</strong></span> <span class='ocrx_word' id='word_1_20' title='bbox 854 649 1194 720; x_wconf 73' lang='lat' dir='ltr'><strong>impetravit,</strong></span> <span class='ocrx_word' id='word_1_21' title='bbox 1223 663 1346 704; x_wconf 79' lang='lat' dir='ltr'><strong>cum</strong></span> <span class='ocrx_word' id='word_1_22' title='bbox 1376 646 1616 700; x_wconf 86' lang='lat' dir='ltr'><strong>instituta</strong></span> <span class='ocrx_word' id='word_1_23' title='bbox 1650 644 1747 698; x_wconf 77' lang='lat' dir='ltr'><strong>fuit</strong></span> <span class='ocrx_word' id='word_1_24' title='bbox 1772 643 2006 698; x_wconf 79' lang='lat' dir='ltr'><strong>Collatia</strong></span> <span class='ocrx_word' id='word_1_25' title='bbox 2032 643 2161 697; x_wconf 70' lang='lat' dir='ltr'><strong>Car-</strong></span> 
     </span>
    </p>
   </div>
   <div class='ocr_carea' id='block_1_5' title="bbox 565 735 2162 815">
    <p class='ocr_par' dir='ltr' id='par_1_5' title="bbox 565 735 2162 815">
     <span class='ocr_line' id='line_1_5' title="bbox 565 735 2162 815; baseline -0.008 -16"><span class='ocrx_word' id='word_1_26' title='bbox 565 741 924 815; x_wconf 81' lang='lat' dir='ltr'><strong>thaginensis.</strong></span> <span class='ocrx_word' id='word_1_27' title='bbox 959 739 1258 802; x_wconf 79' lang='lat' dir='ltr'><strong>Possidius,</strong></span> <span class='ocrx_word' id='word_1_28' title='bbox 1290 738 1382 809; x_wconf 83' lang='lat' dir='ltr'><strong>qui</strong></span> <span class='ocrx_word' id='word_1_29' title='bbox 1410 735 1676 802; x_wconf 80' lang='lat' dir='ltr'><strong>interfuit,</strong></span> <span class='ocrx_word' id='word_1_30' title='bbox 1705 735 1899 790; x_wconf 87' lang='lat' dir='ltr'><strong>scribit</strong></span> <span class='ocrx_word' id='word_1_31' title='bbox 1918 749 2038 791; x_wconf 87' lang='lat' dir='ltr'><strong>eam</strong></span> <span class='ocrx_word' id='word_1_32' title='bbox 2067 749 2162 804; x_wconf 84' lang='lat' dir='ltr'><strong>po—</strong></span> 
     </span>
    </p>
   </div>
   <div class='ocr_carea' id='block_1_6' title="bbox 566 828 2162 905">
    <p class='ocr_par' dir='ltr' id='par_1_6' title="bbox 566 828 2162 905">
     <span class='ocr_line' id='line_1_6' title="bbox 566 828 2162 905; baseline -0.007 -11"><span class='ocrx_word' id='word_1_33' title='bbox 566 839 840 895; x_wconf 83' lang='lat' dir='ltr'><strong>tissitnum</strong></span> <span class='ocrx_word' id='word_1_34' title='bbox 885 836 960 890; x_wconf 88' lang='lat' dir='ltr'><strong>ab</strong></span> <span class='ocrx_word' id='word_1_35' title='bbox 1001 833 1306 905; x_wconf 73' lang='lat' dir='ltr'><strong>Augustino</strong></span> <span class='ocrx_word' id='word_1_36' title='bbox 1347 838 1694 902; x_wconf 72' lang='lat' dir='ltr'><strong>procuratum</strong></span> <span class='ocrx_word' id='word_1_37' title='bbox 1743 828 1911 884; x_wconf 77' lang='lat' dir='ltr'><strong>fuisse</strong></span> <span class='ocrx_word' id='word_1_38' title='bbox 1968 843 2162 899; x_wconf 88' lang='lat' dir='ltr'><strong>magno</strong></span> 
     </span>
    </p>
   </div>
   <div class='ocr_carea' id='block_1_7' title="bbox 565 923 2164 996">
    <p class='ocr_par' dir='ltr' id='par_1_7' title="bbox 565 923 2164 996">
     <span class='ocr_line' id='line_1_7' title="bbox 565 923 2164 996; baseline -0.006 -9"><span class='ocrx_word' id='word_1_39' title='bbox 565 945 688 988; x_wconf 89' lang='lat' dir='ltr'><strong>eum</strong></span> <span class='ocrx_word' id='word_1_40' title='bbox 714 929 972 985; x_wconf 69' lang='lat' dir='ltr'><strong>Eeclesim</strong></span> <span class='ocrx_word' id='word_1_41' title='bbox 1000 927 1144 982; x_wconf 89' lang='lat' dir='ltr'><strong>bono</strong></span> <span class='ocrx_word' id='word_1_42' title='bbox 1167 968 1181 993; x_wconf 94' lang='lat'><strong>,</strong></span> <span class='ocrx_word' id='word_1_43' title='bbox 1211 926 1529 996; x_wconf 83' lang='lat' dir='ltr'><strong>adjuvante,</strong></span> <span class='ocrx_word' id='word_1_44' title='bbox 1559 932 1616 978; x_wconf 90' lang='lat' dir='ltr'><strong>ut</strong></span> <span class='ocrx_word' id='word_1_45' title='bbox 1639 924 1744 991; x_wconf 92' lang='lat' dir='ltr'><strong>ait,</strong></span> <span class='ocrx_word' id='word_1_46' title='bbox 1773 923 2164 994; x_wconf 85' lang='lat' dir='ltr'><strong>gloriosissimo</strong></span> 
     </span>
    </p>
   </div>
   <div class='ocr_carea' id='block_1_8' title="bbox 568 1015 2165 1093">
    <p class='ocr_par' dir='ltr' id='par_1_8' title="bbox 568 1015 2165 1093">
     <span class='ocr_line' id='line_1_8' title="bbox 568 1015 2165 1093; baseline -0.006 -14"><span class='ocrx_word' id='word_1_47' title='bbox 568 1032 624 1079; x_wconf 90' lang='lat' dir='ltr'><strong>et</strong></span> <span class='ocrx_word' id='word_1_48' title='bbox 653 1020 1064 1093; x_wconf 84' lang='lat' dir='ltr'><strong>religiosissime</strong></span> <span class='ocrx_word' id='word_1_49' title='bbox 1095 1025 1421 1089; x_wconf 78' lang='lat' dir='ltr'><strong>imperatore</strong></span> <span class='ocrx_word' id='word_1_50' title='bbox 1450 1016 1713 1080; x_wconf 82' lang='lat' dir='ltr'><strong>Honorio,</strong></span> <span class='ocrx_word' id='word_1_51' title='bbox 1739 1017 1830 1087; x_wconf 90' lang='lat' dir='ltr'><strong>qui</strong></span> <span class='ocrx_word' id='word_1_52' title='bbox 1859 1015 1925 1070; x_wconf 89' lang='lat' dir='ltr'><strong>ad</strong></span> <span class='ocrx_word' id='word_1_53' title='bbox 1957 1015 2010 1070; x_wconf 90' lang='lat' dir='ltr'><strong>id</strong></span> <span class='ocrx_word' id='word_1_54' title='bbox 2043 1030 2165 1086; x_wconf 90' lang='lat' dir='ltr'><strong>per-</strong></span> 
     </span>
    </p>
   </div>
   <div class='ocr_carea' id='block_1_9' title="bbox 565 1109 2163 1171">
    <p class='ocr_par' dir='ltr' id='par_1_9' title="bbox 565 1109 2163 1171">
     <span class='ocr_line' id='line_1_9' title="bbox 565 1109 2163 1171; baseline -0.005 0"><span class='ocrx_word' id='word_1_55' title='bbox 565 1114 854 1171; x_wconf 81' lang='lat' dir='ltr'><strong>liciendum</strong></span> <span class='ocrx_word' id='word_1_56' title='bbox 899 1112 1062 1168; x_wconf 89' lang='lat' dir='ltr'><strong>etiam</strong></span> <span class='ocrx_word' id='word_1_57' title='bbox 1097 1128 1124 1164; x_wconf 88' lang='lat' dir='ltr'><strong>a</strong></span> <span class='ocrx_word' id='word_1_58' title='bbox 1164 1125 1266 1165; x_wconf 88' lang='lat' dir='ltr'><strong>suo</strong></span> <span class='ocrx_word' id='word_1_59' title='bbox 1298 1111 1468 1164; x_wconf 78' lang='lat' dir='ltr'><strong>latere</strong></span> <span class='ocrx_word' id='word_1_60' title='bbox 1501 1109 1768 1163; x_wconf 78' lang='lat' dir='ltr'><strong>tribunum</strong></span> <span class='ocrx_word' id='word_1_61' title='bbox 1803 1117 1855 1163; x_wconf 88' lang='lat' dir='ltr'><strong>et</strong></span> <span class='ocrx_word' id='word_1_62' title='bbox 1891 1109 2163 1163; x_wconf 85' lang='lat' dir='ltr'><strong>notarium</strong></span> 
     </span>
    </p>
   </div>
   <div class='ocr_carea' id='block_1_10' title="bbox 573 1200 2164 1274">
    <p class='ocr_par' dir='ltr' id='par_1_10' title="bbox 573 1200 2164 1274">
     <span class='ocr_line' id='line_1_10' title="bbox 573 1200 2164 1274; baseline -0.006 -8"><span class='ocrx_word' id='word_1_63' title='bbox 573 1209 945 1266; x_wconf 78' lang='lat' dir='ltr'><strong>Mareellimim</strong></span> <span class='ocrx_word' id='word_1_64' title='bbox 968 1248 984 1274; x_wconf 95' lang='lat'><strong>,</strong></span> <span class='ocrx_word' id='word_1_65' title='bbox 1025 1207 1076 1260; x_wconf 86' lang='lat' dir='ltr'><strong>in</strong></span> <span class='ocrx_word' id='word_1_66' title='bbox 1121 1205 1356 1259; x_wconf 77' lang='lat' dir='ltr'><strong>Africam</strong></span> <span class='ocrx_word' id='word_1_67' title='bbox 1383 1203 1619 1274; x_wconf 89' lang='lat' dir='ltr'><strong>judicem</strong></span> <span class='ocrx_word' id='word_1_68' title='bbox 1651 1202 1818 1256; x_wconf 87' lang='lat' dir='ltr'><strong>misit.</strong></span> <span class='ocrx_word' id='word_1_69' title='bbox 1865 1200 2072 1270; x_wconf 84' lang='lat' dir='ltr'><strong>Nempe</strong></span> <span class='ocrx_word' id='word_1_70' title='bbox 2098 1216 2164 1257; x_wconf 77' lang='lat' dir='ltr'><strong>ex</strong></span> 
     </span>
    </p>
   </div>
   <div class='ocr_carea' id='block_1_11' title="bbox 570 1293 2166 1368">
    <p class='ocr_par' dir='ltr' id='par_1_11' title="bbox 570 1293 2166 1368">
     <span class='ocr_line' id='line_1_11' title="bbox 570 1293 2166 1368; baseline -0.004 -12"><span class='ocrx_word' id='word_1_71' title='bbox 570 1301 802 1358; x_wconf 83' lang='lat' dir='ltr'><strong>consilio</strong></span> <span class='ocrx_word' id='word_1_72' title='bbox 834 1297 1119 1368; x_wconf 72' lang='lat' dir='ltr'><strong>Augustini</strong></span> <span class='ocrx_word' id='word_1_73' title='bbox 1151 1298 1414 1352; x_wconf 80' lang='lat' dir='ltr'><strong>miserant</strong></span> <span class='ocrx_word' id='word_1_74' title='bbox 1448 1295 1701 1351; x_wconf 77' lang='lat' dir='ltr'><strong>Catholici</strong></span> <span class='ocrx_word' id='word_1_75' title='bbox 1736 1293 1850 1348; x_wconf 73' lang='lat' dir='ltr'><strong>Afri</strong></span> <span class='ocrx_word' id='word_1_76' title='bbox 1883 1293 2091 1364; x_wconf 82' lang='lat' dir='ltr'><strong>legatos</strong></span> <span class='ocrx_word' id='word_1_77' title='bbox 2112 1295 2166 1351; x_wconf 89' lang='lat' dir='ltr'><strong>in</strong></span> 
     </span>
    </p>
   </div>
   <div class='ocr_carea' id='block_1_12' title="bbox 568 1385 2170 1457">
    <p class='ocr_par' dir='ltr' id='par_1_12' title="bbox 568 1385 2170 1457">
     <span class='ocr_line' id='line_1_12' title="bbox 568 1385 2170 1457; baseline -0.004 -10"><span class='ocrx_word' id='word_1_78' title='bbox 568 1391 778 1447; x_wconf 82' lang='lat' dir='ltr'><strong>Italiam</strong></span> <span class='ocrx_word' id='word_1_79' title='bbox 806 1390 880 1444; x_wconf 88' lang='lat' dir='ltr'><strong>ad</strong></span> <span class='ocrx_word' id='word_1_80' title='bbox 902 1389 1222 1453; x_wconf 74' lang='lat' dir='ltr'><strong>Honorium,</strong></span> <span class='ocrx_word' id='word_1_81' title='bbox 1254 1387 1342 1457; x_wconf 83' lang='lat' dir='ltr'><strong>qui</strong></span> <span class='ocrx_word' id='word_1_82' title='bbox 1381 1387 1484 1441; x_wconf 90' lang='lat' dir='ltr'><strong>hoc</strong></span> <span class='ocrx_word' id='word_1_83' title='bbox 1513 1385 1871 1456; x_wconf 81' lang='lat' dir='ltr'><strong>postularent.</strong></span> <span class='ocrx_word' id='word_1_84' title='bbox 1902 1385 2170 1441; x_wconf 72' lang='lat' dir='ltr'><strong>Videbant</strong></span> 
     </span>
    </p>
   </div>
   <div class='ocr_carea' id='block_1_13' title="bbox 571 1476 2168 1551">
    <p class='ocr_par' dir='ltr' id='par_1_13' title="bbox 571 1476 2168 1551">
     <span class='ocr_line' id='line_1_13' title="bbox 571 1476 2168 1551; baseline -0.006 -11"><span class='ocrx_word' id='word_1_85' title='bbox 571 1485 716 1541; x_wconf 90' lang='lat' dir='ltr'><strong>enim</strong></span> <span class='ocrx_word' id='word_1_86' title='bbox 747 1484 870 1536; x_wconf 84' lang='lat' dir='ltr'><strong>sine</strong></span> <span class='ocrx_word' id='word_1_87' title='bbox 897 1480 1156 1551; x_wconf 88' lang='lat' dir='ltr'><strong>principis</strong></span> <span class='ocrx_word' id='word_1_88' title='bbox 1199 1479 1538 1546; x_wconf 66' lang='lat' dir='ltr'><strong>auctoritate)</strong></span> <span class='ocrx_word' id='word_1_89' title='bbox 1567 1488 1730 1548; x_wconf 84' lang='lat' dir='ltr'><strong>atque</strong></span> <span class='ocrx_word' id='word_1_90' title='bbox 1757 1476 2034 1548; x_wconf 84' lang='lat' dir='ltr'><strong>praesidio,</strong></span> <span class='ocrx_word' id='word_1_91' title='bbox 2073 1491 2168 1531; x_wconf 89' lang='lat' dir='ltr'><strong>ne-</strong></span> 
     </span>
    </p>
   </div>
   <div class='ocr_carea' id='block_1_14' title="bbox 569 1567 2170 1646">
    <p class='ocr_par' dir='ltr' id='par_1_14' title="bbox 569 1567 2170 1646">
     <span class='ocr_line' id='line_1_14' title="bbox 569 1567 2170 1646; baseline -0.004 -17"><span class='ocrx_word' id='word_1_92' title='bbox 569 1591 677 1646; x_wconf 91' lang='lat' dir='ltr'><strong>que</strong></span> <span class='ocrx_word' id='word_1_93' title='bbox 711 1582 1042 1630; x_wconf 84' lang='lat' dir='ltr'><strong>conventum</strong></span> <span class='ocrx_word' id='word_1_94' title='bbox 1067 1572 1232 1626; x_wconf 68' lang='lat' dir='ltr'><strong>talem</strong></span> <span class='ocrx_word' id='word_1_95' title='bbox 1256 1569 1418 1625; x_wconf 81' lang='lat' dir='ltr'><strong>indici</strong></span> <span class='ocrx_word' id='word_1_96' title='bbox 1446 1611 1460 1634; x_wconf 98' lang='lat'><strong>,</strong></span> <span class='ocrx_word' id='word_1_97' title='bbox 1505 1583 1680 1639; x_wconf 83' lang='lat' dir='ltr'><strong>neque</strong></span> <span class='ocrx_word' id='word_1_98' title='bbox 1724 1569 2066 1624; x_wconf 81' lang='lat' dir='ltr'><strong>adversarios</strong></span> <span class='ocrx_word' id='word_1_99' title='bbox 2101 1567 2170 1623; x_wconf 89' lang='lat' dir='ltr'><strong>ad</strong></span> 
     </span>
    </p>
   </div>
   <div class='ocr_carea' id='block_1_15' title="bbox 567 1660 2166 1737">
    <p class='ocr_par' dir='ltr' id='par_1_15' title="bbox 567 1660 2166 1737">
     <span class='ocr_line' id='line_1_15' title="bbox 567 1660 2166 1737; baseline -0.004 -15"><span class='ocrx_word' id='word_1_100' title='bbox 567 1683 689 1722; x_wconf 87' lang='lat' dir='ltr'><strong>eum</strong></span> <span class='ocrx_word' id='word_1_101' title='bbox 731 1667 873 1737; x_wconf 87' lang='lat' dir='ltr'><strong>cogi,</strong></span> <span class='ocrx_word' id='word_1_102' title='bbox 928 1679 1101 1734; x_wconf 84' lang='lat' dir='ltr'><strong>neque</strong></span> <span class='ocrx_word' id='word_1_103' title='bbox 1149 1671 1207 1717; x_wconf 94' lang='lat' dir='ltr'><strong>ut</strong></span> <span class='ocrx_word' id='word_1_104' title='bbox 1245 1661 1674 1732; x_wconf 78' lang='lat' dir='ltr'><strong>disputationem</strong></span> <span class='ocrx_word' id='word_1_105' title='bbox 1711 1675 1817 1715; x_wconf 88' lang='lat' dir='ltr'><strong>non</strong></span> <span class='ocrx_word' id='word_1_106' title='bbox 1861 1660 2166 1728; x_wconf 88' lang='lat' dir='ltr'><strong>eluderent,</strong></span> 
     </span>
    </p>
   </div>
   <div class='ocr_carea' id='block_1_16' title="bbox 571 1753 2176 1828">
    <p class='ocr_par' dir='ltr' id='par_1_16' title="bbox 571 1753 2176 1828">
     <span class='ocr_line' id='line_1_16' title="bbox 571 1753 2176 1828; baseline -0.004 -13"><span class='ocrx_word' id='word_1_107' title='bbox 571 1761 838 1815; x_wconf 79' lang='lat' dir='ltr'><strong>contineri</strong></span> <span class='ocrx_word' id='word_1_108' title='bbox 867 1771 1046 1828; x_wconf 85' lang='lat' dir='ltr'><strong>posse.</strong></span> <span class='ocrx_word' id='word_1_109' title='bbox 1078 1755 1226 1811; x_wconf 84' lang='lat' dir='ltr'><strong>Sane</strong></span> <span class='ocrx_word' id='word_1_110' title='bbox 1258 1762 1317 1808; x_wconf 91' lang='lat' dir='ltr'><strong>ut</strong></span> <span class='ocrx_word' id='word_1_111' title='bbox 1346 1753 1738 1809; x_wconf 74' lang='lat' dir='ltr'><strong>Constantinus</strong></span> <span class='ocrx_word' id='word_1_112' title='bbox 1767 1753 2020 1809; x_wconf 82' lang='lat' dir='ltr'><strong>civilibus</strong></span> <span class='ocrx_word' id='word_1_113' title='bbox 2039 1768 2176 1809; x_wconf 84' lang='lat' dir='ltr'><strong>cou-~</strong></span> 
     </span>
    </p>
   </div>
   <div class='ocr_carea' id='block_1_17' title="bbox 571 1843 2168 1918">
    <p class='ocr_par' dir='ltr' id='par_1_17' title="bbox 571 1843 2168 1918">
     <span class='ocr_line' id='line_1_17' title="bbox 571 1843 2168 1918; baseline -0.004 -12"><span class='ocrx_word' id='word_1_114' title='bbox 571 1853 714 1907; x_wconf 87' lang='lat' dir='ltr'><strong>ciliis</strong></span> <span class='ocrx_word' id='word_1_115' title='bbox 740 1849 1018 1904; x_wconf 75' lang='lat' dir='ltr'><strong>civitatum</strong></span> <span class='ocrx_word' id='word_1_116' title='bbox 1051 1856 1103 1902; x_wconf 91' lang='lat' dir='ltr'><strong>et</strong></span> <span class='ocrx_word' id='word_1_117' title='bbox 1131 1845 1528 1918; x_wconf 81' lang='lat' dir='ltr'><strong>provinciarum</strong></span> <span class='ocrx_word' id='word_1_118' title='bbox 1556 1843 1781 1910; x_wconf 79' lang='lat' dir='ltr'><strong>Africae,</strong></span> <span class='ocrx_word' id='word_1_119' title='bbox 1818 1845 2040 1900; x_wconf 83' lang='lat' dir='ltr'><strong>liberam</strong></span> <span class='ocrx_word' id='word_1_120' title='bbox 2067 1846 2168 1899; x_wconf 91' lang='lat' dir='ltr'><strong>tri-</strong></span> 
     </span>
    </p>
   </div>
   <div class='ocr_carea' id='block_1_18' title="bbox 570 1939 2165 2012">
    <p class='ocr_par' dir='ltr' id='par_1_18' title="bbox 570 1939 2165 2012">
     <span class='ocr_line' id='line_1_18' title="bbox 570 1939 2165 2012; baseline -0.003 -14"><span class='ocrx_word' id='word_1_121' title='bbox 570 1946 766 1999; x_wconf 81' lang='lat' dir='ltr'><strong>buerat</strong></span> <span class='ocrx_word' id='word_1_122' title='bbox 809 1950 1154 2012; x_wconf 72' lang='lat' dir='ltr'><strong>potestatem,</strong></span> <span class='ocrx_word' id='word_1_123' title='bbox 1199 1949 1258 1995; x_wconf 91' lang='lat' dir='ltr'><strong>ut</strong></span> <span class='ocrx_word' id='word_1_124' title='bbox 1301 1953 1396 1994; x_wconf 86' lang='lat' dir='ltr'><strong>sua</strong></span> <span class='ocrx_word' id='word_1_125' title='bbox 1437 1939 1706 1994; x_wconf 79' lang='lat' dir='ltr'><strong>desideria</strong></span> <span class='ocrx_word' id='word_1_126' title='bbox 1755 1939 1826 1993; x_wconf 86' lang='lat' dir='ltr'><strong>ad</strong></span> <span class='ocrx_word' id='word_1_127' title='bbox 1869 1939 2165 2010; x_wconf 88' lang='lat' dir='ltr'><strong>principem</strong></span> 
     </span>
    </p>
   </div>
   <div class='ocr_carea' id='block_1_19' title="bbox 574 2031 2170 2102">
    <p class='ocr_par' dir='ltr' id='par_1_19' title="bbox 574 2031 2170 2102">
     <span class='ocr_line' id='line_1_19' title="bbox 574 2031 2170 2102; baseline -0.002 -11"><span class='ocrx_word' id='word_1_128' title='bbox 574 2037 772 2092; x_wconf 81' lang='lat' dir='ltr'><strong>deinde</strong></span> <span class='ocrx_word' id='word_1_129' title='bbox 799 2036 1114 2100; x_wconf 63' lang='lat' dir='ltr'><strong>referrem,</strong></span> <span class='ocrx_word' id='word_1_130' title='bbox 1155 2033 1191 2088; x_wconf 94' lang='lat' dir='ltr'><strong>l.</strong></span> <span class='ocrx_word' id='word_1_131' title='bbox 1223 2047 1242 2087; x_wconf 91' lang='grc' dir='ltr'><strong>ι</strong></span> <span class='ocrx_word' id='word_1_132' title='bbox 1278 2032 1341 2087; x_wconf 91' lang='lat' dir='ltr'><strong>C.</strong></span> <span class='ocrx_word' id='word_1_133' title='bbox 1373 2032 1478 2086; x_wconf 80' lang='lat' dir='ltr'><strong>Th.</strong></span> <span class='ocrx_word' id='word_1_134' title='bbox 1510 2031 1582 2087; x_wconf 84' lang='lat' dir='ltr'><strong>de</strong></span> <span class='ocrx_word' id='word_1_135' title='bbox 1617 2032 1800 2102; x_wconf 84' lang='lat' dir='ltr'><strong>Legat.</strong></span> <span class='ocrx_word' id='word_1_136' title='bbox 1832 2040 1886 2086; x_wconf 91' lang='lat' dir='ltr'><strong>et</strong></span> <span class='ocrx_word' id='word_1_137' title='bbox 1913 2031 2059 2086; x_wconf 90' lang='lat' dir='ltr'><strong>decr.</strong></span> <span class='ocrx_word' id='word_1_138' title='bbox 2092 2032 2170 2088; x_wconf 91' lang='lat' dir='ltr'><strong>le-</strong></span> 
     </span>
    </p>
   </div>
   <div class='ocr_carea' id='block_1_20' title="bbox 573 2125 2171 2202">
    <p class='ocr_par' dir='ltr' id='par_1_20' title="bbox 573 2125 2171 2202">
     <span class='ocr_line' id='line_1_20' title="bbox 573 2125 2171 2202; baseline -0.002 -17"><span class='ocrx_word' id='word_1_139' title='bbox 573 2141 684 2202; x_wconf 88' lang='lat' dir='ltr'><strong>gat.</strong></span> <span class='ocrx_word' id='word_1_140' title='bbox 738 2133 818 2186; x_wconf 83' lang='lat' dir='ltr'><strong>sic</strong></span> <span class='ocrx_word' id='word_1_141' title='bbox 856 2128 1196 2184; x_wconf 79' lang='lat' dir='ltr'><strong>Theodosius</strong></span> <span class='ocrx_word' id='word_1_142' title='bbox 1236 2136 1290 2182; x_wconf 85' lang='lat' dir='ltr'><strong>et</strong></span> <span class='ocrx_word' id='word_1_143' title='bbox 1326 2126 1598 2182; x_wconf 82' lang='lat' dir='ltr'><strong>Honorius</strong></span> <span class='ocrx_word' id='word_1_144' title='bbox 1624 2125 2032 2196; x_wconf 84' lang='lat' dir='ltr'><strong>descripserunt</strong></span> <span class='ocrx_word' id='word_1_145' title='bbox 2063 2127 2171 2182; x_wconf 80' lang='lat' dir='ltr'><strong>for-</strong></span> 
     </span>
    </p>
   </div>
   <div class='ocr_carea' id='block_1_21' title="bbox 572 2217 2172 2288">
    <p class='ocr_par' dir='ltr' id='par_1_21' title="bbox 572 2217 2172 2288">
     <span class='ocr_line' id='line_1_21' title="bbox 572 2217 2172 2288; baseline -0.003 -11"><span class='ocrx_word' id='word_1_146' title='bbox 572 2237 716 2278; x_wconf 89' lang='lat' dir='ltr'><strong>mam</strong></span> <span class='ocrx_word' id='word_1_147' title='bbox 748 2222 936 2276; x_wconf 88' lang='lat' dir='ltr'><strong>talium</strong></span> <span class='ocrx_word' id='word_1_148' title='bbox 961 2218 1318 2274; x_wconf 84' lang='lat' dir='ltr'><strong>conciliorum</strong></span> <span class='ocrx_word' id='word_1_149' title='bbox 1350 2217 1768 2288; x_wconf 81' lang='lat' dir='ltr'><strong>provincialium</strong></span> <span class='ocrx_word' id='word_1_150' title='bbox 1791 2227 1844 2272; x_wconf 89' lang='lat' dir='ltr'><strong>et</strong></span> <span class='ocrx_word' id='word_1_151' title='bbox 1867 2218 2172 2273; x_wconf 79' lang='lat' dir='ltr'><strong>extraordi-</strong></span> 
     </span>
    </p>
   </div>
   <div class='ocr_carea' id='block_1_22' title="bbox 575 2308 2170 2381">
    <p class='ocr_par' dir='ltr' id='par_1_22' title="bbox 575 2308 2170 2381">
     <span class='ocr_line' id='line_1_22' title="bbox 575 2308 2170 2381; baseline -0.003 -10"><span class='ocrx_word' id='word_1_152' title='bbox 575 2315 876 2380; x_wconf 79' lang='lat' dir='ltr'><strong>nariorum,</strong></span> <span class='ocrx_word' id='word_1_153' title='bbox 925 2315 960 2366; x_wconf 96' lang='lat' dir='ltr'><strong>l.</strong></span> <span class='ocrx_word' id='word_1_154' title='bbox 1009 2328 1084 2367; x_wconf 78' lang='lat' dir='ltr'><strong>xu</strong></span> <span class='ocrx_word' id='word_1_155' title='bbox 1130 2321 1186 2367; x_wconf 91' lang='lat' dir='ltr'><strong>et</strong></span> <span class='ocrx_word' id='word_1_156' title='bbox 1223 2325 1319 2366; x_wconf 82' lang='lat' dir='ltr'><strong>xm</strong></span> <span class='ocrx_word' id='word_1_157' title='bbox 1349 2308 1411 2366; x_wconf 92' lang='lat' dir='ltr'><strong>C.</strong></span> <span class='ocrx_word' id='word_1_158' title='bbox 1455 2310 1560 2365; x_wconf 85' lang='lat' dir='ltr'><strong>Th.</strong></span> <span class='ocrx_word' id='word_1_159' title='bbox 1608 2310 1732 2365; x_wconf 89' lang='lat' dir='ltr'><strong>eod.</strong></span> <span class='ocrx_word' id='word_1_160' title='bbox 1786 2311 1870 2365; x_wconf 93' lang='lat' dir='ltr'><strong>tit.</strong></span> <span class='ocrx_word' id='word_1_161' title='bbox 1913 2309 2020 2367; x_wconf 87' lang='lat' dir='ltr'><strong>Sed</strong></span> <span class='ocrx_word' id='word_1_162' title='bbox 2058 2313 2170 2381; x_wconf 83' lang='lat' dir='ltr'><strong>jam</strong></span> 
     </span>
    </p>
   </div>
   <div class='ocr_carea' id='block_1_23' title="bbox 570 2402 2174 2480">
    <p class='ocr_par' dir='ltr' id='par_1_23' title="bbox 570 2402 2174 2480">
     <span class='ocr_line' id='line_1_23' title="bbox 570 2402 2174 2480; baseline -0.003 -16"><span class='ocrx_word' id='word_1_163' title='bbox 570 2409 832 2480; x_wconf 81' lang='lat' dir='ltr'><strong>agebatur</strong></span> <span class='ocrx_word' id='word_1_164' title='bbox 856 2405 925 2462; x_wconf 89' lang='lat' dir='ltr'><strong>de</strong></span> <span class='ocrx_word' id='word_1_165' title='bbox 946 2404 1217 2460; x_wconf 84' lang='lat' dir='ltr'><strong>desiderio</strong></span> <span class='ocrx_word' id='word_1_166' title='bbox 1247 2403 1508 2459; x_wconf 86' lang='lat' dir='ltr'><strong>Ecclesiae</strong></span> <span class='ocrx_word' id='word_1_167' title='bbox 1540 2402 1816 2458; x_wconf 69' lang='lat' dir='ltr'><strong>Africanae</strong></span> <span class='ocrx_word' id='word_1_168' title='bbox 1835 2447 1850 2472; x_wconf 92' lang='lat'><strong>,</strong></span> <span class='ocrx_word' id='word_1_169' title='bbox 1899 2413 1955 2458; x_wconf 89' lang='lat' dir='ltr'><strong>et</strong></span> <span class='ocrx_word' id='word_1_170' title='bbox 1981 2403 2050 2459; x_wconf 91' lang='lat' dir='ltr'><strong>de</strong></span> <span class='ocrx_word' id='word_1_171' title='bbox 2077 2418 2174 2459; x_wconf 88' lang='lat' dir='ltr'><strong>au-</strong></span> 
     </span>
    </p>
   </div>
   <div class='ocr_carea' id='block_1_24' title="bbox 571 2495 1930 2556">
    <p class='ocr_par' dir='ltr' id='par_1_24' title="bbox 571 2495 1930 2556">
     <span class='ocr_line' id='line_1_24' title="bbox 571 2495 1930 2556; baseline -0.004 0"><span class='ocrx_word' id='word_1_172' title='bbox 571 2504 822 2556; x_wconf 85' lang='lat' dir='ltr'><strong>ctoritate</strong></span> <span class='ocrx_word' id='word_1_173' title='bbox 852 2507 1155 2555; x_wconf 84' lang='lat' dir='ltr'><strong>conventus</strong></span> <span class='ocrx_word' id='word_1_174' title='bbox 1179 2507 1271 2551; x_wconf 81' lang='lat' dir='ltr'><strong>aut</strong></span> <span class='ocrx_word' id='word_1_175' title='bbox 1298 2495 1514 2550; x_wconf 88' lang='lat' dir='ltr'><strong>concilii</strong></span> <span class='ocrx_word' id='word_1_176' title='bbox 1539 2495 1930 2551; x_wconf 70' lang='lat' dir='ltr'><strong>Ecclesiastici.</strong></span> 
     </span>
    </p>
   </div>
   <div class='ocr_carea' id='block_1_25' title="bbox 642 2588 2171 2667">
    <p class='ocr_par' dir='ltr' id='par_1_25' title="bbox 642 2588 2171 2667">
     <span class='ocr_line' id='line_1_25' title="bbox 642 2588 2171 2667; baseline -0.006 -16"><span class='ocrx_word' id='word_1_177' title='bbox 642 2596 722 2651; x_wconf 83' lang='lat' dir='ltr'><strong>Ne</strong></span> <span class='ocrx_word' id='word_1_178' title='bbox 744 2596 866 2667; x_wconf 86' lang='lat' dir='ltr'><strong>quis</strong></span> <span class='ocrx_word' id='word_1_179' title='bbox 884 2603 1066 2648; x_wconf 87' lang='lat' dir='ltr'><strong>autem</strong></span> <span class='ocrx_word' id='word_1_180' title='bbox 1090 2592 1318 2646; x_wconf 85' lang='lat' dir='ltr'><strong>miretur</strong></span> <span class='ocrx_word' id='word_1_181' title='bbox 1339 2603 1562 2644; x_wconf 84' lang='lat' dir='ltr'><strong>causam</strong></span> <span class='ocrx_word' id='word_1_182' title='bbox 1581 2588 1720 2643; x_wconf 82' lang='lat' dir='ltr'><strong>hanc</strong></span> <span class='ocrx_word' id='word_1_183' title='bbox 1749 2588 2171 2643; x_wconf 76' lang='lat' dir='ltr'><strong>ecclesiasticam</strong></span> 
     </span>
    </p>
   </div>
   <div class='ocr_carea' id='block_1_26' title="bbox 571 2683 2170 2762">
    <p class='ocr_par' dir='ltr' id='par_1_26' title="bbox 571 2683 2170 2762">
     <span class='ocr_line' id='line_1_26' title="bbox 571 2683 2170 2762; baseline -0.006 -16"><span class='ocrx_word' id='word_1_184' title='bbox 571 2691 641 2746; x_wconf 85' lang='lat' dir='ltr'><strong>ad</strong></span> <span class='ocrx_word' id='word_1_185' title='bbox 685 2690 958 2762; x_wconf 87' lang='lat' dir='ltr'><strong>principes</strong></span> <span class='ocrx_word' id='word_1_186' title='bbox 1007 2688 1256 2752; x_wconf 86' lang='lat' dir='ltr'><strong>relatam,</strong></span> <span class='ocrx_word' id='word_1_187' title='bbox 1309 2692 1365 2740; x_wconf 91' lang='lat' dir='ltr'><strong>et</strong></span> <span class='ocrx_word' id='word_1_188' title='bbox 1412 2683 1484 2739; x_wconf 86' lang='lat' dir='ltr'><strong>ab</strong></span> <span class='ocrx_word' id='word_1_189' title='bbox 1524 2684 1608 2738; x_wconf 86' lang='lat' dir='ltr'><strong>his</strong></span> <span class='ocrx_word' id='word_1_190' title='bbox 1653 2683 1774 2754; x_wconf 86' lang='lat' dir='ltr'><strong>ejus</strong></span> <span class='ocrx_word' id='word_1_191' title='bbox 1809 2683 2170 2752; x_wconf 77' lang='lat' dir='ltr'><strong>cognitionem</strong></span> 
     </span>
    </p>
   </div>
   <div class='ocr_carea' id='block_1_27' title="bbox 574 2776 2170 2855">
    <p class='ocr_par' dir='ltr' id='par_1_27' title="bbox 574 2776 2170 2855">
     <span class='ocr_line' id='line_1_27' title="bbox 574 2776 2170 2855; baseline -0.005 -17"><span class='ocrx_word' id='word_1_192' title='bbox 574 2782 913 2855; x_wconf 66' lang='lat' dir='ltr'><strong>magistratui</strong></span> <span class='ocrx_word' id='word_1_193' title='bbox 936 2779 1083 2836; x_wconf 83' lang='lat' dir='ltr'><strong>civili</strong></span> <span class='ocrx_word' id='word_1_194' title='bbox 1112 2777 1493 2834; x_wconf 83' lang='lat' dir='ltr'><strong>demandatam</strong></span> <span class='ocrx_word' id='word_1_195' title='bbox 1532 2791 1656 2832; x_wconf 87' lang='lat' dir='ltr'><strong>esse</strong></span> <span class='ocrx_word' id='word_1_196' title='bbox 1678 2817 1696 2843; x_wconf 90' lang='lat'><strong>,</strong></span> <span class='ocrx_word' id='word_1_197' title='bbox 1739 2776 2047 2832; x_wconf 85' lang='lat' dir='ltr'><strong>meminerit</strong></span> <span class='ocrx_word' id='word_1_198' title='bbox 2073 2792 2170 2831; x_wconf 80' lang='lat' dir='ltr'><strong>ex-</strong></span> 
     </span>
    </p>
   </div>
   <div class='ocr_carea' id='block_1_28' title="bbox 574 2870 2174 2944">
    <p class='ocr_par' dir='ltr' id='par_1_28' title="bbox 574 2870 2174 2944">
     <span class='ocr_line' id='line_1_28' title="bbox 574 2870 2174 2944; baseline -0.003 -13"><span class='ocrx_word' id='word_1_199' title='bbox 574 2876 992 2933; x_wconf 87' lang='lat' dir='ltr'><strong>traordinarium</strong></span> <span class='ocrx_word' id='word_1_200' title='bbox 1016 2871 1288 2944; x_wconf 79' lang='lat' dir='ltr'><strong>quoddam</strong></span> <span class='ocrx_word' id='word_1_201' title='bbox 1310 2883 1362 2926; x_wconf 90' lang='lat' dir='ltr'><strong>et</strong></span> <span class='ocrx_word' id='word_1_202' title='bbox 1381 2871 1656 2941; x_wconf 83' lang='lat' dir='ltr'><strong>singulare</strong></span> <span class='ocrx_word' id='word_1_203' title='bbox 1675 2870 1984 2940; x_wconf 69' lang='lat' dir='ltr'><strong>exemplum</strong></span> <span class='ocrx_word' id='word_1_204' title='bbox 2008 2870 2174 2927; x_wconf 82' lang='lat' dir='ltr'><strong>fuisse</strong></span> 
     </span>
    </p>
   </div>
   <div class='ocr_carea' id='block_1_29' title="bbox 574 2963 2170 3041">
    <p class='ocr_par' dir='ltr' id='par_1_29' title="bbox 574 2963 2170 3041">
     <span class='ocr_line' id='line_1_29' title="bbox 574 2963 2170 3041; baseline -0.001 -18"><span class='ocrx_word' id='word_1_205' title='bbox 574 2980 798 3041; x_wconf 80' lang='lat' dir='ltr'><strong>propter</strong></span> <span class='ocrx_word' id='word_1_206' title='bbox 818 2967 1223 3029; x_wconf 79' lang='lat' dir='ltr'><strong>necessitatem,</strong></span> <span class='ocrx_word' id='word_1_207' title='bbox 1243 2979 1367 3034; x_wconf 63' lang='lat' dir='ltr'><strong>quae</strong></span> <span class='ocrx_word' id='word_1_208' title='bbox 1391 2965 1564 3034; x_wconf 84' lang='lat' dir='ltr'><strong>legem</strong></span> <span class='ocrx_word' id='word_1_209' title='bbox 1590 2981 1692 3019; x_wconf 84' lang='lat' dir='ltr'><strong>non</strong></span> <span class='ocrx_word' id='word_1_210' title='bbox 1709 2963 1911 3020; x_wconf 80' lang='lat' dir='ltr'><strong>habere</strong></span> <span class='ocrx_word' id='word_1_211' title='bbox 1933 2965 2130 3018; x_wconf 86' lang='lat' dir='ltr'><strong>dicitur</strong></span> <span class='ocrx_word' id='word_1_212' title='bbox 2155 2982 2170 3021; x_wconf 86' lang='lat'><strong>:</strong></span> 
     </span>
    </p>
   </div>
   <div class='ocr_carea' id='block_1_30' title="bbox 574 3055 2170 3136">
    <p class='ocr_par' dir='ltr' id='par_1_30' title="bbox 574 3055 2170 3136">
     <span class='ocr_line' id='line_1_30' title="bbox 574 3055 2170 3136; baseline -0.004 -19"><span class='ocrx_word' id='word_1_213' title='bbox 574 3074 971 3134; x_wconf 83' lang='lat' dir='ltr'><strong>proptereaque</strong></span> <span class='ocrx_word' id='word_1_214' title='bbox 983 3059 1068 3136; x_wconf 32' lang='lat' dir='ltr'><strong>“ad</strong></span> <span class='ocrx_word' id='word_1_215' title='bbox 1095 3060 1542 3127; x_wconf 77' lang='lat' dir='ltr'><strong>consequentiam</strong></span> <span class='ocrx_word' id='word_1_216' title='bbox 1567 3056 1706 3110; x_wconf 83' lang='lat' dir='ltr'><strong>trahi</strong></span> <span class='ocrx_word' id='word_1_217' title='bbox 1733 3071 1838 3110; x_wconf 88' lang='lat' dir='ltr'><strong>non</strong></span> <span class='ocrx_word' id='word_1_218' title='bbox 1865 3055 2090 3111; x_wconf 86' lang='lat' dir='ltr'><strong>debere.</strong></span> <span class='ocrx_word' id='word_1_219' title='bbox 2118 3056 2170 3111; x_wconf 89' lang='lat' dir='ltr'><strong>id</strong></span> 
     </span>
    </p>
   </div>
   <div class='ocr_carea' id='block_1_31' title="bbox 2031 250 2406 310">
    <p class='ocr_par' dir='ltr' id='par_1_31' title="bbox 2031 250 2406 310">
     <span class='ocr_line' id='line_1_31' title="bbox 2031 250 2406 310; baseline -0.003 -2"><span class='ocrx_word' id='word_1_220' title='bbox 2031 250 2406 310; x_wconf 66' lang='lat' dir='ltr'><strong>APPWX.</strong></span> 
     </span>
    </p>
   </div>
   <div class='ocr_carea' id='block_1_32' title="bbox 479 363 3868 444">
    <p class='ocr_par' dir='ltr' id='par_1_32' title="bbox 479 363 3868 444">
     <span class='ocr_line' id='line_1_32' title="bbox 479 363 3868 444; baseline -0.003 -11"><span class='ocrx_word' id='word_1_221' title='bbox 479 377 482 381; x_wconf 94' lang='grc' dir='ltr'><strong> </strong></span> <span class='ocrx_word' id='word_1_222' title='bbox 563 381 736 442; x_wconf 87' lang='lat' dir='ltr'><strong>baret,</strong></span> <span class='ocrx_word' id='word_1_223' title='bbox 769 382 822 430; x_wconf 90' lang='lat' dir='ltr'><strong>et</strong></span> <span class='ocrx_word' id='word_1_224' title='bbox 848 373 1147 444; x_wconf 80' lang='lat' dir='ltr'><strong>disputatio</strong></span> <span class='ocrx_word' id='word_1_225' title='bbox 1173 380 1466 439; x_wconf 72' lang='lat' dir='ltr'><strong>propterea</strong></span> <span class='ocrx_word' id='word_1_226' title='bbox 1488 368 1716 438; x_wconf 82' lang='lat' dir='ltr'><strong>abrupta</strong></span> <span class='ocrx_word' id='word_1_227' title='bbox 1745 365 1970 430; x_wconf 80' lang='lat' dir='ltr'><strong>fuisset,</strong></span> <span class='ocrx_word' id='word_1_228' title='bbox 2000 379 2158 436; x_wconf 81' lang='lat' dir='ltr'><strong>roga-</strong></span> <span class='ocrx_word' id='word_1_229' title='bbox 2185 369 2236 426; x_wconf 76' lang='grc' dir='ltr'>Α</span> <span class='ocrx_word' id='word_1_230' title='bbox 2264 377 2384 420; x_wconf 79' lang='lat' dir='ltr'><strong>tros</strong></span> <span class='ocrx_word' id='word_1_231' title='bbox 2424 364 2522 418; x_wconf 74' lang='lat' dir='ltr'><strong>abs</strong></span> <span class='ocrx_word' id='word_1_232' title='bbox 2567 363 2921 419; x_wconf 73' lang='lat' dir='ltr'><strong>Constantino</strong></span> <span class='ocrx_word' id='word_1_233' title='bbox 2970 365 3126 420; x_wconf 80' lang='lat' dir='ltr'><strong>datos</strong></span> <span class='ocrx_word' id='word_1_234' title='bbox 3158 405 3174 431; x_wconf 93' lang='lat'><strong>,</strong></span> <span class='ocrx_word' id='word_1_235' title='bbox 3225 364 3564 436; x_wconf 70' lang='lat' dir='ltr'><strong>Epiphanius</strong></span> <span class='ocrx_word' id='word_1_236' title='bbox 3609 377 3868 424; x_wconf 69' lang='lat' dir='ltr'><strong>ancient</strong></span> 
     </span>
    </p>
   </div>
   <div class='ocr_carea' id='block_1_33' title="bbox 3730 255 3873 312">
    <p class='ocr_par' dir='ltr' id='par_1_33' title="bbox 3730 255 3873 312">
     <span class='ocr_line' id='line_1_33' title="bbox 3730 255 3873 312; baseline 0.014 -2"><span class='ocrx_word' id='word_1_237' title='bbox 3730 255 3873 312; x_wconf 68' lang='grc' dir='ltr'><strong>μιῦ</strong></span> 
     </span>
    </p>
   </div>
   <div class='ocr_carea' id='block_1_34' title="bbox 2261 458 3872 540">
    <p class='ocr_par' dir='ltr' id='par_1_34' title="bbox 2261 458 3872 540">
     <span class='ocr_line' id='line_1_34' title="bbox 2261 458 3872 540; baseline 0.002 -28"><span class='ocrx_word' id='word_1_238' title='bbox 2261 459 2554 530; x_wconf 81' lang='lat' dir='ltr'><strong>quemdam</strong></span> <span class='ocrx_word' id='word_1_239' title='bbox 2580 458 2970 514; x_wconf 85' lang='lat' dir='ltr'><strong>Marcellinum.</strong></span> <span class='ocrx_word' id='word_1_240' title='bbox 3003 458 3127 540; x_wconf 62' lang='lat' dir='ltr'><strong>Fuit</strong></span> <span class='ocrx_word' id='word_1_241' title='bbox 3158 466 3342 514; x_wconf 88' lang='lat' dir='ltr'><strong>autem</strong></span> <span class='ocrx_word' id='word_1_242' title='bbox 3382 458 3474 512; x_wconf 87' lang='lat' dir='ltr'><strong>illa</strong></span> <span class='ocrx_word' id='word_1_243' title='bbox 3503 459 3649 528; x_wconf 79' lang='lat' dir='ltr'><strong>inter</strong></span> <span class='ocrx_word' id='word_1_244' title='bbox 3679 459 3872 516; x_wconf 77' lang='lat' dir='ltr'><strong>Photi-</strong></span> 
     </span>
    </p>
   </div>
   <div class='ocr_carea' id='block_1_35' title="bbox 2262 550 3875 623">
    <p class='ocr_par' dir='ltr' id='par_1_35' title="bbox 2262 550 3875 623">
     <span class='ocr_line' id='line_1_35' title="bbox 2262 550 3875 623; baseline 0.002 -16"><span class='ocrx_word' id='word_1_245' title='bbox 2262 568 2396 607; x_wconf 86' lang='lat' dir='ltr'><strong>num</strong></span> <span class='ocrx_word' id='word_1_246' title='bbox 2420 559 2478 607; x_wconf 88' lang='lat' dir='ltr'><strong>et</strong></span> <span class='ocrx_word' id='word_1_247' title='bbox 2509 551 2765 607; x_wconf 80' lang='lat' dir='ltr'><strong>Basilium</strong></span> <span class='ocrx_word' id='word_1_248' title='bbox 2811 550 3155 623; x_wconf 80' lang='lat' dir='ltr'><strong>Ancyranum</strong></span> <span class='ocrx_word' id='word_1_249' title='bbox 3195 552 3430 607; x_wconf 65' lang='lat' dir='ltr'><strong>Collatia</strong></span> <span class='ocrx_word' id='word_1_250' title='bbox 3467 552 3536 608; x_wconf 85' lang='lat' dir='ltr'><strong>de</strong></span> <span class='ocrx_word' id='word_1_251' title='bbox 3568 554 3875 622; x_wconf 64' lang='lat' dir='ltr'><strong>quiestione</strong></span> 
     </span>
    </p>
   </div>
   <div class='ocr_carea' id='block_1_36' title="bbox 2264 644 3874 715">
    <p class='ocr_par' dir='ltr' id='par_1_36' title="bbox 2264 644 3874 715">
     <span class='ocr_line' id='line_1_36' title="bbox 2264 644 3874 715; baseline 0.002 -15"><span class='ocrx_word' id='word_1_252' title='bbox 2264 645 2436 700; x_wconf 77' lang='lat' dir='ltr'><strong>multo</strong></span> <span class='ocrx_word' id='word_1_253' title='bbox 2457 645 2724 699; x_wconf 87' lang='lat' dir='ltr'><strong>subtiliori</strong></span> <span class='ocrx_word' id='word_1_254' title='bbox 2757 660 2914 714; x_wconf 83' lang='lat' dir='ltr'><strong>quam</strong></span> <span class='ocrx_word' id='word_1_255' title='bbox 2939 661 3058 715; x_wconf 68' lang='lat' dir='ltr'><strong>qua:</strong></span> <span class='ocrx_word' id='word_1_256' title='bbox 3085 660 3209 699; x_wconf 91' lang='lat' dir='ltr'><strong>cum</strong></span> <span class='ocrx_word' id='word_1_257' title='bbox 3234 644 3536 700; x_wconf 86' lang='lat' dir='ltr'><strong>Donatistis</strong></span> <span class='ocrx_word' id='word_1_258' title='bbox 3559 645 3743 700; x_wconf 60' lang='lat' dir='ltr'><strong>habia</strong></span> <span class='ocrx_word' id='word_1_259' title='bbox 3765 658 3874 703; x_wconf 77' lang='lat' dir='ltr'><strong>est.</strong></span> 
     </span>
    </p>
   </div>
   <div class='ocr_carea' id='block_1_37' title="bbox 2263 735 3878 808">
    <p class='ocr_par' dir='ltr' id='par_1_37' title="bbox 2263 735 3878 808">
     <span class='ocr_line' id='line_1_37' title="bbox 2263 735 3878 808; baseline 0.002 -17"><span class='ocrx_word' id='word_1_260' title='bbox 2263 736 2398 791; x_wconf 82' lang='lat' dir='ltr'><strong>Nam</strong></span> <span class='ocrx_word' id='word_1_261' title='bbox 2439 744 2622 806; x_wconf 86' lang='lat' dir='ltr'><strong>caput,</strong></span> <span class='ocrx_word' id='word_1_262' title='bbox 2675 735 2778 791; x_wconf 86' lang='lat' dir='ltr'><strong>hoc</strong></span> <span class='ocrx_word' id='word_1_263' title='bbox 2822 745 2926 802; x_wconf 89' lang='lat' dir='ltr'><strong>cst,</strong></span> <span class='ocrx_word' id='word_1_264' title='bbox 2972 736 3250 791; x_wconf 80' lang='lat' dir='ltr'><strong>Christum</strong></span> <span class='ocrx_word' id='word_1_265' title='bbox 3299 737 3478 807; x_wconf 90' lang='lat' dir='ltr'><strong>ipsum</strong></span> <span class='ocrx_word' id='word_1_266' title='bbox 3528 739 3878 808; x_wconf 50' lang='lat' dir='ltr'><strong>oppugnabat</strong></span> 
     </span>
    </p>
   </div>
   <div class='ocr_carea' id='block_1_38' title="bbox 2264 828 3877 900">
    <p class='ocr_par' dir='ltr' id='par_1_38' title="bbox 2264 828 3877 900">
     <span class='ocr_line' id='line_1_38' title="bbox 2264 828 3877 900; baseline 0.002 -16"><span class='ocrx_word' id='word_1_267' title='bbox 2264 828 2571 894; x_wconf 86' lang='lat' dir='ltr'><strong>Photinus;</strong></span> <span class='ocrx_word' id='word_1_268' title='bbox 2615 828 2907 882; x_wconf 80' lang='lat' dir='ltr'><strong>Donatistae</strong></span> <span class='ocrx_word' id='word_1_269' title='bbox 2934 844 3066 884; x_wconf 89' lang='lat' dir='ltr'><strong>vero</strong></span> <span class='ocrx_word' id='word_1_270' title='bbox 3096 846 3207 884; x_wconf 84' lang='lat' dir='ltr'><strong>non</strong></span> <span class='ocrx_word' id='word_1_271' title='bbox 3228 830 3330 884; x_wconf 90' lang='lat' dir='ltr'><strong>nisi</strong></span> <span class='ocrx_word' id='word_1_272' title='bbox 3354 844 3602 898; x_wconf 78' lang='lat' dir='ltr'><strong>corpus,</strong></span> <span class='ocrx_word' id='word_1_273' title='bbox 3624 830 3731 886; x_wconf 87' lang='lat' dir='ltr'><strong>hoc</strong></span> <span class='ocrx_word' id='word_1_274' title='bbox 3759 841 3877 900; x_wconf 78' lang='lat' dir='ltr'><strong>est,</strong></span> 
     </span>
    </p>
   </div>
   <div class='ocr_carea' id='block_1_39' title="bbox 2267 919 3879 995">
    <p class='ocr_par' dir='ltr' id='par_1_39' title="bbox 2267 919 3879 995">
     <span class='ocr_line' id='line_1_39' title="bbox 2267 919 3879 995; baseline 0.005 -21"><span class='ocrx_word' id='word_1_275' title='bbox 2267 921 2588 975; x_wconf 82' lang='lat' dir='ltr'><strong>Ecclesiam.</strong></span> <span class='ocrx_word' id='word_1_276' title='bbox 2616 919 2786 986; x_wconf 86' lang='lat' dir='ltr'><strong>Adde,</strong></span> <span class='ocrx_word' id='word_1_277' title='bbox 2819 929 3007 976; x_wconf 85' lang='lat' dir='ltr'><strong>contra</strong></span> <span class='ocrx_word' id='word_1_278' title='bbox 3038 922 3358 978; x_wconf 76' lang='lat' dir='ltr'><strong>Donatistas</strong></span> <span class='ocrx_word' id='word_1_279' title='bbox 3385 922 3560 980; x_wconf 76' lang='lat' dir='ltr'><strong>fuisse</strong></span> <span class='ocrx_word' id='word_1_280' title='bbox 3585 925 3879 995; x_wconf 73' lang='lat' dir='ltr'><strong>quamdam</strong></span> 
     </span>
    </p>
   </div>
   <div class='ocr_carea' id='block_1_40' title="bbox 2265 1012 3881 1089">
    <p class='ocr_par' dir='ltr' id='par_1_40' title="bbox 2265 1012 3881 1089">
     <span class='ocr_line' id='line_1_40' title="bbox 2265 1012 3881 1089; baseline 0.006 -23"><span class='ocrx_word' id='word_1_281' title='bbox 2265 1013 2417 1068; x_wconf 87' lang='lat' dir='ltr'><strong>velut</strong></span> <span class='ocrx_word' id='word_1_282' title='bbox 2435 1012 2752 1068; x_wconf 81' lang='lat' dir='ltr'><strong>‘immixtam</strong></span> <span class='ocrx_word' id='word_1_283' title='bbox 2779 1028 3029 1081; x_wconf 84' lang='lat' dir='ltr'><strong>causam,</strong></span> <span class='ocrx_word' id='word_1_284' title='bbox 3081 1016 3172 1070; x_wconf 91' lang='lat' dir='ltr'><strong>cui</strong></span> <span class='ocrx_word' id='word_1_285' title='bbox 3204 1019 3368 1071; x_wconf 81' lang='lat' dir='ltr'><strong>etiam</strong></span> <span class='ocrx_word' id='word_1_286' title='bbox 3411 1018 3600 1073; x_wconf 65' lang='lat' dir='ltr'><strong>inerat</strong></span> <span class='ocrx_word' id='word_1_287' title='bbox 3631 1019 3881 1089; x_wconf 57' lang='lat' dir='ltr'><strong>quaedam</strong></span> 
     </span>
    </p>
   </div>
   <div class='ocr_carea' id='block_1_41' title="bbox 2267 1105 3882 1180">
    <p class='ocr_par' dir='ltr' id='par_1_41' title="bbox 2267 1105 3882 1180">
     <span class='ocr_line' id='line_1_41' title="bbox 2267 1105 3882 1180; baseline 0.006 -20"><span class='ocrx_word' id='word_1_288' title='bbox 2267 1105 2443 1160; x_wconf 89' lang='lat' dir='ltr'><strong>civilis</strong></span> <span class='ocrx_word' id='word_1_289' title='bbox 2470 1107 2700 1176; x_wconf 65' lang='lat' dir='ltr'><strong>quatstio</strong></span> <span class='ocrx_word' id='word_1_290' title='bbox 2732 1107 2854 1162; x_wconf 80' lang='lat' dir='ltr'><strong>facti</strong></span> <span class='ocrx_word' id='word_1_291' title='bbox 2886 1108 2953 1162; x_wconf 87' lang='lat' dir='ltr'><strong>de</strong></span> <span class='ocrx_word' id='word_1_292' title='bbox 2995 1108 3296 1164; x_wconf 65' lang='lat' dir='ltr'><strong>Caeciliam</strong></span> <span class='ocrx_word' id='word_1_293' title='bbox 3319 1118 3378 1165; x_wconf 88' lang='lat' dir='ltr'><strong>et</strong></span> <span class='ocrx_word' id='word_1_294' title='bbox 3409 1110 3534 1180; x_wconf 64' lang='lat' dir='ltr'><strong>eius</strong></span> <span class='ocrx_word' id='word_1_295' title='bbox 3562 1113 3882 1170; x_wconf 66' lang='lat' dir='ltr'><strong>ordinatim</strong></span> 
     </span>
    </p>
   </div>
   <div class='ocr_carea' id='block_1_42' title="bbox 2268 1197 3888 1272">
    <p class='ocr_par' dir='ltr' id='par_1_42' title="bbox 2268 1197 3888 1272">
     <span class='ocr_line' id='line_1_42' title="bbox 2268 1197 3888 1272; baseline 0.005 -19"><span class='ocrx_word' id='word_1_296' title='bbox 2268 1197 2492 1253; x_wconf 81' lang='lat' dir='ltr'><strong>Felice:</strong></span> <span class='ocrx_word' id='word_1_297' title='bbox 2531 1213 2692 1268; x_wconf 89' lang='lat' dir='ltr'><strong>quam</strong></span> <span class='ocrx_word' id='word_1_298' title='bbox 2724 1207 2782 1253; x_wconf 86' lang='lat' dir='ltr'><strong>et.</strong></span> <span class='ocrx_word' id='word_1_299' title='bbox 2806 1197 2910 1270; x_wconf 83' lang='lat' dir='ltr'><strong>ipsi</strong></span> <span class='ocrx_word' id='word_1_300' title='bbox 2948 1198 3247 1255; x_wconf 68' lang='lat' dir='ltr'><strong>Donatistae</strong></span> <span class='ocrx_word' id='word_1_301' title='bbox 3279 1201 3411 1256; x_wconf 90' lang='lat' dir='ltr'><strong>olim</strong></span> <span class='ocrx_word' id='word_1_302' title='bbox 3441 1202 3660 1272; x_wconf 86' lang='lat' dir='ltr'><strong>priores</strong></span> <span class='ocrx_word' id='word_1_303' title='bbox 3685 1207 3888 1262; x_wconf 85' lang='lat' dir='ltr'><strong>retule-</strong></span> 
     </span>
    </p>
   </div>
   <div class='ocr_carea' id='block_1_43' title="bbox 2268 1290 3888 1366">
    <p class='ocr_par' dir='ltr' id='par_1_43' title="bbox 2268 1290 3888 1366">
     <span class='ocr_line' id='line_1_43' title="bbox 2268 1290 3888 1366; baseline 0.004 -20"><span class='ocrx_word' id='word_1_304' title='bbox 2268 1301 2397 1346; x_wconf 85' lang='lat' dir='ltr'><strong>rant</strong></span> <span class='ocrx_word' id='word_1_305' title='bbox 2422 1291 2490 1346; x_wconf 87' lang='lat' dir='ltr'><strong>ad</strong></span> <span class='ocrx_word' id='word_1_306' title='bbox 2517 1290 2932 1347; x_wconf 87' lang='lat' dir='ltr'><strong>Constantinum</strong></span> <span class='ocrx_word' id='word_1_307' title='bbox 2957 1334 2970 1355; x_wconf 96' lang='lat'><strong>,</strong></span> <span class='ocrx_word' id='word_1_308' title='bbox 3003 1309 3278 1363; x_wconf 70' lang='lat' dir='ltr'><strong>quamque</strong></span> <span class='ocrx_word' id='word_1_309' title='bbox 3307 1294 3400 1350; x_wconf 76' lang='lat' dir='ltr'><strong>hic</strong></span> <span class='ocrx_word' id='word_1_310' title='bbox 3430 1295 3736 1366; x_wconf 76' lang='lat' dir='ltr'><strong>imperator</strong></span> <span class='ocrx_word' id='word_1_311' title='bbox 3767 1314 3888 1362; x_wconf 77' lang='lat' dir='ltr'><strong>par-</strong></span> 
     </span>
    </p>
   </div>
   <div class='ocr_carea' id='block_1_44' title="bbox 2269 1382 3887 1455">
    <p class='ocr_par' dir='ltr' id='par_1_44' title="bbox 2269 1382 3887 1455">
     <span class='ocr_line' id='line_1_44' title="bbox 2269 1382 3887 1455; baseline 0.004 -17"><span class='ocrx_word' id='word_1_312' title='bbox 2269 1384 2370 1438; x_wconf 87' lang='lat' dir='ltr'><strong>tim</strong></span> <span class='ocrx_word' id='word_1_313' title='bbox 2399 1385 2514 1439; x_wconf 80' lang='lat' dir='ltr'><strong>suis</strong></span> <span class='ocrx_word' id='word_1_314' title='bbox 2536 1384 2596 1438; x_wconf 82' lang='lat' dir='ltr'><strong>in.</strong></span> <span class='ocrx_word' id='word_1_315' title='bbox 2618 1382 2799 1439; x_wconf 76' lang='lat' dir='ltr'><strong>Africa</strong></span> <span class='ocrx_word' id='word_1_316' title='bbox 2830 1384 3098 1454; x_wconf 62' lang='lat' dir='ltr'><strong>praefectis</strong></span> <span class='ocrx_word' id='word_1_317' title='bbox 3123 1427 3134 1448; x_wconf 92' lang='lat'><strong>,</strong></span> <span class='ocrx_word' id='word_1_318' title='bbox 3177 1385 3376 1455; x_wconf 75' lang='lat' dir='ltr'><strong>partim</strong></span> <span class='ocrx_word' id='word_1_319' title='bbox 3412 1388 3804 1444; x_wconf 82' lang='lat' dir='ltr'><strong>ecclesiasticis</strong></span> <span class='ocrx_word' id='word_1_320' title='bbox 3837 1391 3887 1446; x_wconf 85' lang='lat' dir='ltr'><strong>in</strong></span> 
     </span>
    </p>
   </div>
   <div class='ocr_carea' id='block_1_45' title="bbox 2271 1475 3888 1540">
    <p class='ocr_par' dir='ltr' id='par_1_45' title="bbox 2271 1475 3888 1540">
     <span class='ocr_line' id='line_1_45' title="bbox 2271 1475 3888 1540; baseline 0.004 -8"><span class='ocrx_word' id='word_1_321' title='bbox 2271 1475 2445 1532; x_wconf 81' lang='lat' dir='ltr'><strong>Gallia</strong></span> <span class='ocrx_word' id='word_1_322' title='bbox 2491 1485 2548 1532; x_wconf 90' lang='lat' dir='ltr'><strong>et</strong></span> <span class='ocrx_word' id='word_1_323' title='bbox 2587 1477 2740 1531; x_wconf 81' lang='lat' dir='ltr'><strong>italia</strong></span> <span class='ocrx_word' id='word_1_324' title='bbox 2767 1476 3098 1533; x_wconf 82' lang='lat' dir='ltr'><strong>antistitibus</strong></span> <span class='ocrx_word' id='word_1_325' title='bbox 3136 1479 3454 1537; x_wconf 38' lang='lat' dir='ltr'><strong>mandarat;</strong></span> <span class='ocrx_word' id='word_1_326' title='bbox 3477 1480 3682 1540; x_wconf 76' lang='lat' dir='ltr'><strong>Postea</strong></span> <span class='ocrx_word' id='word_1_327' title='bbox 3710 1484 3888 1538; x_wconf 67' lang='lat' dir='ltr'><strong>crevit</strong></span> 
     </span>
    </p>
   </div>
   <div class='ocr_carea' id='block_1_46' title="bbox 2275 1569 3888 1645">
    <p class='ocr_par' dir='ltr' id='par_1_46' title="bbox 2275 1569 3888 1645">
     <span class='ocr_line' id='line_1_46' title="bbox 2275 1569 3888 1645; baseline 0.005 -22"><span class='ocrx_word' id='word_1_328' title='bbox 2275 1569 2677 1625; x_wconf 81' lang='lat' dir='ltr'><strong>Donatistarum</strong></span> <span class='ocrx_word' id='word_1_329' title='bbox 2708 1569 3057 1640; x_wconf 81' lang='lat' dir='ltr'><strong>intemperies</strong></span> <span class='ocrx_word' id='word_1_330' title='bbox 3078 1611 3094 1638; x_wconf 93' lang='lat'><strong>,</strong></span> <span class='ocrx_word' id='word_1_331' title='bbox 3125 1571 3223 1641; x_wconf 79' lang='lat' dir='ltr'><strong>qui</strong></span> <span class='ocrx_word' id='word_1_332' title='bbox 3249 1587 3354 1642; x_wconf 83' lang='lat' dir='ltr'><strong>pro</strong></span> <span class='ocrx_word' id='word_1_333' title='bbox 3381 1571 3699 1631; x_wconf 67' lang='lat' dir='ltr'><strong>eﬂensioae</strong></span> <span class='ocrx_word' id='word_1_334' title='bbox 3719 1577 3888 1645; x_wconf 79' lang='lat' dir='ltr'><strong>jacta-</strong></span> 
     </span>
    </p>
   </div>
   <div class='ocr_carea' id='block_1_47' title="bbox 2273 1662 3890 1733">
    <p class='ocr_par' dir='ltr' id='par_1_47' title="bbox 2273 1662 3890 1733">
     <span class='ocr_line' id='line_1_47' title="bbox 2273 1662 3890 1733; baseline 0.004 -17"><span class='ocrx_word' id='word_1_335' title='bbox 2273 1662 2404 1716; x_wconf 83' lang='lat' dir='ltr'><strong>bant</strong></span> <span class='ocrx_word' id='word_1_336' title='bbox 2431 1663 2743 1727; x_wconf 78' lang='lat' dir='ltr'><strong>victoriam,</strong></span> <span class='ocrx_word' id='word_1_337' title='bbox 2774 1677 2948 1732; x_wconf 86' lang='lat' dir='ltr'><strong>neque</strong></span> <span class='ocrx_word' id='word_1_338' title='bbox 2977 1671 3154 1718; x_wconf 86' lang='lat' dir='ltr'><strong>tamen</strong></span> <span class='ocrx_word' id='word_1_339' title='bbox 3189 1665 3248 1718; x_wconf 77' lang='lat' dir='ltr'><strong>in</strong></span> <span class='ocrx_word' id='word_1_340' title='bbox 3268 1664 3370 1733; x_wconf 76' lang='lat' dir='ltr'><strong>jus</strong></span> <span class='ocrx_word' id='word_1_341' title='bbox 3386 1667 3510 1720; x_wconf 79' lang='lat' dir='ltr'><strong>sive</strong></span> <span class='ocrx_word' id='word_1_342' title='bbox 3531 1666 3606 1720; x_wconf 84' lang='lat' dir='ltr'><strong>ad</strong></span> <span class='ocrx_word' id='word_1_343' title='bbox 3633 1666 3890 1723; x_wconf 72' lang='lat' dir='ltr'><strong>Collatia-</strong></span> 
     </span>
    </p>
   </div>
   <div class='ocr_carea' id='block_1_48' title="bbox 2198 1755 3888 1834">
    <p class='ocr_par' dir='ltr' id='par_1_48' title="bbox 2198 1755 3888 1834">
     <span class='ocr_line' id='line_1_48' title="bbox 2198 1755 3888 1834; baseline 0.004 -24"><span class='ocrx_word' id='word_1_344' title='bbox 2198 1773 2248 1834; x_wconf 77' lang='grc' dir='ltr'><strong>Β</strong></span> <span class='ocrx_word' id='word_1_345' title='bbox 2277 1771 2400 1810; x_wconf 86' lang='lat' dir='ltr'><strong>nem</strong></span> <span class='ocrx_word' id='word_1_346' title='bbox 2434 1755 2574 1810; x_wconf 86' lang='lat' dir='ltr'><strong>trahi</strong></span> <span class='ocrx_word' id='word_1_347' title='bbox 2605 1763 2858 1826; x_wconf 83' lang='lat' dir='ltr'><strong>poterant</strong></span> <span class='ocrx_word' id='word_1_348' title='bbox 2879 1755 2981 1811; x_wconf 90' lang='lat' dir='ltr'><strong>nisi</strong></span> <span class='ocrx_word' id='word_1_349' title='bbox 3005 1755 3232 1826; x_wconf 89' lang='lat' dir='ltr'><strong>imperio</strong></span> <span class='ocrx_word' id='word_1_350' title='bbox 3257 1759 3660 1828; x_wconf 82' lang='lat' dir='ltr'><strong>magistratus:</strong></span> <span class='ocrx_word' id='word_1_351' title='bbox 3691 1763 3888 1832; x_wconf 79' lang='lat' dir='ltr'><strong>quique</strong></span> 
     </span>
    </p>
   </div>
   <div class='ocr_carea' id='block_1_49' title="bbox 2278 1845 3887 1924">
    <p class='ocr_par' dir='ltr' id='par_1_49' title="bbox 2278 1845 3887 1924">
     <span class='ocr_line' id='line_1_49' title="bbox 2278 1845 3887 1924; baseline 0.004 -22"><span class='ocrx_word' id='word_1_352' title='bbox 2278 1849 2332 1902; x_wconf 89' lang='lat' dir='ltr'><strong>in</strong></span> <span class='ocrx_word' id='word_1_353' title='bbox 2352 1845 2683 1912; x_wconf 89' lang='lat' dir='ltr'><strong>Collatione,</strong></span> <span class='ocrx_word' id='word_1_354' title='bbox 2709 1857 2766 1902; x_wconf 90' lang='lat' dir='ltr'><strong>ut</strong></span> <span class='ocrx_word' id='word_1_355' title='bbox 2788 1848 2853 1902; x_wconf 89' lang='lat' dir='ltr'><strong>ad</strong></span> <span class='ocrx_word' id='word_1_356' title='bbox 2882 1863 2994 1903; x_wconf 86' lang='lat' dir='ltr'><strong>rem</strong></span> <span class='ocrx_word' id='word_1_357' title='bbox 3018 1851 3289 1915; x_wconf 83' lang='lat' dir='ltr'><strong>venirent,</strong></span> <span class='ocrx_word' id='word_1_358' title='bbox 3317 1851 3439 1919; x_wconf 74' lang='lat' dir='ltr'><strong>cogi</strong></span> <span class='ocrx_word' id='word_1_359' title='bbox 3474 1866 3587 1906; x_wconf 89' lang='lat' dir='ltr'><strong>non</strong></span> <span class='ocrx_word' id='word_1_360' title='bbox 3613 1863 3887 1924; x_wconf 79' lang='lat' dir='ltr'><strong>poterant,</strong></span> 
     </span>
    </p>
   </div>
   <div class='ocr_carea' id='block_1_50' title="bbox 2275 1939 3891 2012">
    <p class='ocr_par' dir='ltr' id='par_1_50' title="bbox 2275 1939 3891 2012">
     <span class='ocr_line' id='line_1_50' title="bbox 2275 1939 3891 2012; baseline 0.007 -18"><span class='ocrx_word' id='word_1_361' title='bbox 2275 1941 2380 1994; x_wconf 87' lang='lat' dir='ltr'><strong>nisi</strong></span> <span class='ocrx_word' id='word_1_362' title='bbox 2415 1939 2657 2010; x_wconf 86' lang='lat' dir='ltr'><strong>ejusdem</strong></span> <span class='ocrx_word' id='word_1_363' title='bbox 2688 1942 2968 2011; x_wconf 80' lang='lat' dir='ltr'><strong>potestatis</strong></span> <span class='ocrx_word' id='word_1_364' title='bbox 3005 1942 3262 2012; x_wconf 68' lang='lat' dir='ltr'><strong>prmaidio</strong></span> <span class='ocrx_word' id='word_1_365' title='bbox 3287 1951 3346 1998; x_wconf 88' lang='lat' dir='ltr'><strong>et</strong></span> <span class='ocrx_word' id='word_1_366' title='bbox 3373 1946 3740 2004; x_wconf 84' lang='lat' dir='ltr'><strong>auctoritate.</strong></span> <span class='ocrx_word' id='word_1_367' title='bbox 3796 1950 3891 2004; x_wconf 85' lang='lat' dir='ltr'><strong>De-</strong></span> 
     </span>
    </p>
   </div>
   <div class='ocr_carea' id='block_1_51' title="bbox 2274 2032 3891 2103">
    <p class='ocr_par' dir='ltr' id='par_1_51' title="bbox 2274 2032 3891 2103">
     <span class='ocr_line' id='line_1_51' title="bbox 2274 2032 3891 2103; baseline 0.006 -17"><span class='ocrx_word' id='word_1_368' title='bbox 2274 2032 2440 2103; x_wconf 86' lang='lat' dir='ltr'><strong>nique</strong></span> <span class='ocrx_word' id='word_1_369' title='bbox 2489 2048 2718 2103; x_wconf 88' lang='lat' dir='ltr'><strong>quorum</strong></span> <span class='ocrx_word' id='word_1_370' title='bbox 2766 2035 2913 2089; x_wconf 77' lang='lat' dir='ltr'><strong>furor</strong></span> <span class='ocrx_word' id='word_1_371' title='bbox 2959 2034 3213 2090; x_wconf 79' lang='lat' dir='ltr'><strong>militaris</strong></span> <span class='ocrx_word' id='word_1_372' title='bbox 3259 2045 3320 2091; x_wconf 88' lang='lat' dir='ltr'><strong>et</strong></span> <span class='ocrx_word' id='word_1_373' title='bbox 3363 2035 3891 2096; x_wconf 65' lang='lat' dir='ltr'><strong>Circumcellionem</strong></span> 
     </span>
    </p>
   </div>
   <div class='ocr_carea' id='block_1_52' title="bbox 2273 2124 3892 2199">
    <p class='ocr_par' dir='ltr' id='par_1_52' title="bbox 2273 2124 3892 2199">
     <span class='ocr_line' id='line_1_52' title="bbox 2273 2124 3892 2199; baseline 0.008 -22"><span class='ocrx_word' id='word_1_374' title='bbox 2273 2124 2467 2194; x_wconf 80' lang='lat' dir='ltr'><strong>gladiis</strong></span> <span class='ocrx_word' id='word_1_375' title='bbox 2515 2133 2756 2180; x_wconf 82' lang='lat' dir='ltr'><strong>armatus</strong></span> <span class='ocrx_word' id='word_1_376' title='bbox 2793 2127 3032 2183; x_wconf 83' lang='lat' dir='ltr'><strong>coerceri</strong></span> <span class='ocrx_word' id='word_1_377' title='bbox 3083 2142 3193 2182; x_wconf 89' lang='lat' dir='ltr'><strong>non</strong></span> <span class='ocrx_word' id='word_1_378' title='bbox 3237 2137 3482 2199; x_wconf 84' lang='lat' dir='ltr'><strong>poterat,</strong></span> <span class='ocrx_word' id='word_1_379' title='bbox 3532 2132 3638 2188; x_wconf 85' lang='lat' dir='ltr'><strong>nisi</strong></span> <span class='ocrx_word' id='word_1_380' title='bbox 3685 2141 3892 2190; x_wconf 79' lang='lat' dir='ltr'><strong>terrore</strong></span> 
     </span>
    </p>
   </div>
   <div class='ocr_carea' id='block_1_53' title="bbox 2276 2219 3891 2298">
    <p class='ocr_par' dir='ltr' id='par_1_53' title="bbox 2276 2219 3891 2298">
     <span class='ocr_line' id='line_1_53' title="bbox 2276 2219 3891 2298; baseline 0.006 -25"><span class='ocrx_word' id='word_1_381' title='bbox 2276 2219 2584 2289; x_wconf 71' lang='lat' dir='ltr'><strong>principali.</strong></span> <span class='ocrx_word' id='word_1_382' title='bbox 2631 2219 2802 2275; x_wconf 83' lang='lat' dir='ltr'><strong>Erant</strong></span> <span class='ocrx_word' id='word_1_383' title='bbox 2850 2220 3130 2277; x_wconf 79' lang='lat' dir='ltr'><strong>mirabiles</strong></span> <span class='ocrx_word' id='word_1_384' title='bbox 3181 2224 3548 2294; x_wconf 76' lang='lat' dir='ltr'><strong>pragmatici,</strong></span> <span class='ocrx_word' id='word_1_385' title='bbox 3606 2227 3891 2298; x_wconf 60' lang='lat' dir='ltr'><strong>magisque</strong></span> 
     </span>
    </p>
   </div>
   <div class='ocr_carea' id='block_1_54' title="bbox 2278 2312 3893 2386">
    <p class='ocr_par' dir='ltr' id='par_1_54' title="bbox 2278 2312 3893 2386">
     <span class='ocr_line' id='line_1_54' title="bbox 2278 2312 3893 2386; baseline 0.006 -22"><span class='ocrx_word' id='word_1_386' title='bbox 2278 2312 2600 2382; x_wconf 85' lang='lat' dir='ltr'><strong>versipelles</strong></span> <span class='ocrx_word' id='word_1_387' title='bbox 2625 2320 2680 2367; x_wconf 89' lang='lat' dir='ltr'><strong>et</strong></span> <span class='ocrx_word' id='word_1_388' title='bbox 2707 2314 2908 2368; x_wconf 75' lang='lat' dir='ltr'><strong>versuti</strong></span> <span class='ocrx_word' id='word_1_389' title='bbox 2935 2314 3364 2372; x_wconf 85' lang='lat' dir='ltr'><strong>calumniatores</strong></span> <span class='ocrx_word' id='word_1_390' title='bbox 3386 2359 3402 2384; x_wconf 89' lang='lat'><strong>,</strong></span> <span class='ocrx_word' id='word_1_391' title='bbox 3442 2333 3599 2386; x_wconf 84' lang='lat' dir='ltr'><strong>quam</strong></span> <span class='ocrx_word' id='word_1_392' title='bbox 3631 2319 3735 2373; x_wconf 84' lang='lat' dir='ltr'><strong>ulli</strong></span> <span class='ocrx_word' id='word_1_393' title='bbox 3776 2335 3893 2374; x_wconf 80' lang='lat' dir='ltr'><strong>um-</strong></span> 
     </span>
    </p>
   </div>
   <div class='ocr_carea' id='block_1_55' title="bbox 2278 2405 3893 2481">
    <p class='ocr_par' dir='ltr' id='par_1_55' title="bbox 2278 2405 3893 2481">
     <span class='ocr_line' id='line_1_55' title="bbox 2278 2405 3893 2481; baseline 0.004 -22"><span class='ocrx_word' id='word_1_394' title='bbox 2278 2421 2442 2476; x_wconf 89' lang='lat' dir='ltr'><strong>quam</strong></span> <span class='ocrx_word' id='word_1_395' title='bbox 2475 2407 2675 2460; x_wconf 83' lang='lat' dir='ltr'><strong>fuerint</strong></span> <span class='ocrx_word' id='word_1_396' title='bbox 2705 2406 2757 2460; x_wconf 90' lang='lat' dir='ltr'><strong>in</strong></span> <span class='ocrx_word' id='word_1_397' title='bbox 2791 2421 2890 2460; x_wconf 87' lang='lat' dir='ltr'><strong>suo</strong></span> <span class='ocrx_word' id='word_1_398' title='bbox 2916 2405 3036 2461; x_wconf 86' lang='lat' dir='ltr'><strong>foro</strong></span> <span class='ocrx_word' id='word_1_399' title='bbox 3061 2408 3346 2463; x_wconf 83' lang='lat' dir='ltr'><strong>causidici.</strong></span> <span class='ocrx_word' id='word_1_400' title='bbox 3383 2409 3554 2465; x_wconf 83' lang='lat' dir='ltr'><strong>Erant</strong></span> <span class='ocrx_word' id='word_1_401' title='bbox 3579 2411 3755 2466; x_wconf 83' lang='lat' dir='ltr'><strong>etiam</strong></span> <span class='ocrx_word' id='word_1_402' title='bbox 3781 2413 3893 2481; x_wconf 83' lang='lat' dir='ltr'><strong>gla-</strong></span> 
     </span>
    </p>
   </div>
   <div class='ocr_carea' id='block_1_56' title="bbox 2274 2497 3893 2571">
    <p class='ocr_par' dir='ltr' id='par_1_56' title="bbox 2274 2497 3893 2571">
     <span class='ocr_line' id='line_1_56' title="bbox 2274 2497 3893 2571; baseline 0.005 -19"><span class='ocrx_word' id='word_1_403' title='bbox 2274 2497 2518 2553; x_wconf 86' lang='lat' dir='ltr'><strong>diatores</strong></span> <span class='ocrx_word' id='word_1_404' title='bbox 2541 2499 2714 2569; x_wconf 84' lang='lat' dir='ltr'><strong>magis</strong></span> <span class='ocrx_word' id='word_1_405' title='bbox 2740 2497 3098 2570; x_wconf 83' lang='lat' dir='ltr'><strong>sanguinarii,</strong></span> <span class='ocrx_word' id='word_1_406' title='bbox 3133 2515 3298 2571; x_wconf 87' lang='lat' dir='ltr'><strong>quam</strong></span> <span class='ocrx_word' id='word_1_407' title='bbox 3322 2501 3426 2556; x_wconf 82' lang='lat' dir='ltr'><strong>ulli</strong></span> <span class='ocrx_word' id='word_1_408' title='bbox 3456 2503 3514 2556; x_wconf 88' lang='lat' dir='ltr'><strong>in</strong></span> <span class='ocrx_word' id='word_1_409' title='bbox 3543 2504 3746 2559; x_wconf 80' lang='lat' dir='ltr'><strong>castris</strong></span> <span class='ocrx_word' id='word_1_410' title='bbox 3765 2505 3893 2559; x_wconf 76' lang='lat' dir='ltr'><strong>edu-</strong></span> 
     </span>
    </p>
   </div>
   <div class='ocr_carea' id='block_1_57' title="bbox 2275 2593 3888 2664">
    <p class='ocr_par' dir='ltr' id='par_1_57' title="bbox 2275 2593 3888 2664">
     <span class='ocr_line' id='line_1_57' title="bbox 2275 2593 3888 2664; baseline 0.006 -19"><span class='ocrx_word' id='word_1_411' title='bbox 2275 2593 2382 2646; x_wconf 82' lang='lat' dir='ltr'><strong>cati</strong></span> <span class='ocrx_word' id='word_1_412' title='bbox 2410 2593 2610 2647; x_wconf 88' lang='lat' dir='ltr'><strong>milites</strong></span> <span class='ocrx_word' id='word_1_413' title='bbox 2633 2634 2648 2659; x_wconf 91' lang='lat'><strong>,</strong></span> <span class='ocrx_word' id='word_1_414' title='bbox 2687 2594 2778 2663; x_wconf 88' lang='lat' dir='ltr'><strong>qui</strong></span> <span class='ocrx_word' id='word_1_415' title='bbox 2806 2609 2915 2648; x_wconf 89' lang='lat' dir='ltr'><strong>non</strong></span> <span class='ocrx_word' id='word_1_416' title='bbox 2949 2609 3015 2648; x_wconf 80' lang='lat' dir='ltr'><strong>ex</strong></span> <span class='ocrx_word' id='word_1_417' title='bbox 3041 2595 3167 2664; x_wconf 84' lang='lat' dir='ltr'><strong>jure</strong></span> <span class='ocrx_word' id='word_1_418' title='bbox 3197 2611 3366 2651; x_wconf 87' lang='lat' dir='ltr'><strong>manu</strong></span> <span class='ocrx_word' id='word_1_419' title='bbox 3404 2607 3728 2653; x_wconf 79' lang='lat' dir='ltr'><strong>consertum</strong></span> <span class='ocrx_word' id='word_1_420' title='bbox 3753 2641 3768 2664; x_wconf 95' lang='lat'><strong>,</strong></span> <span class='ocrx_word' id='word_1_421' title='bbox 3797 2601 3888 2655; x_wconf 75' lang='lat' dir='ltr'><strong>sed</strong></span> 
     </span>
    </p>
   </div>
   <div class='ocr_carea' id='block_1_58' title="bbox 2278 2685 3888 2758">
    <p class='ocr_par' dir='ltr' id='par_1_58' title="bbox 2278 2685 3888 2758">
     <span class='ocr_line' id='line_1_58' title="bbox 2278 2685 3888 2758; baseline 0.005 -19"><span class='ocrx_word' id='word_1_422' title='bbox 2278 2700 2436 2754; x_wconf 87' lang='lat' dir='ltr'><strong>mage</strong></span> <span class='ocrx_word' id='word_1_423' title='bbox 2459 2685 2626 2751; x_wconf 76' lang='lat' dir='ltr'><strong>ferro,</strong></span> <span class='ocrx_word' id='word_1_424' title='bbox 2659 2694 2716 2739; x_wconf 91' lang='lat' dir='ltr'><strong>ut</strong></span> <span class='ocrx_word' id='word_1_425' title='bbox 2743 2687 2820 2740; x_wconf 90' lang='lat' dir='ltr'><strong>ait</strong></span> <span class='ocrx_word' id='word_1_426' title='bbox 2850 2685 3082 2751; x_wconf 82' lang='lat' dir='ltr'><strong>Ennius,</strong></span> <span class='ocrx_word' id='word_1_427' title='bbox 3116 2702 3234 2743; x_wconf 81' lang='lat' dir='ltr'><strong>rem</strong></span> <span class='ocrx_word' id='word_1_428' title='bbox 3267 2697 3551 2758; x_wconf 76' lang='lat' dir='ltr'><strong>repetant.</strong></span> <span class='ocrx_word' id='word_1_429' title='bbox 3580 2691 3651 2745; x_wconf 81' lang='lat' dir='ltr'><strong>Et</strong></span> <span class='ocrx_word' id='word_1_430' title='bbox 3675 2706 3809 2746; x_wconf 83' lang='lat' dir='ltr'><strong>vero</strong></span> <span class='ocrx_word' id='word_1_431' title='bbox 3837 2692 3888 2747; x_wconf 83' lang='lat' dir='ltr'><strong>ni</strong></span> 
     </span>
    </p>
   </div>
   <div class='ocr_carea' id='block_1_59' title="bbox 2277 2778 3884 2851">
    <p class='ocr_par' dir='ltr' id='par_1_59' title="bbox 2277 2778 3884 2851">
     <span class='ocr_line' id='line_1_59' title="bbox 2277 2778 3884 2851; baseline 0.004 -19"><span class='ocrx_word' id='word_1_432' title='bbox 2277 2778 2622 2833; x_wconf 78' lang='lat' dir='ltr'><strong>Marcellinus</strong></span> <span class='ocrx_word' id='word_1_433' title='bbox 2653 2779 2854 2848; x_wconf 85' lang='lat' dir='ltr'><strong>aliquis</strong></span> <span class='ocrx_word' id='word_1_434' title='bbox 2895 2795 3016 2833; x_wconf 86' lang='lat' dir='ltr'><strong>cum</strong></span> <span class='ocrx_word' id='word_1_435' title='bbox 3053 2795 3151 2835; x_wconf 85' lang='lat' dir='ltr'><strong>sua</strong></span> <span class='ocrx_word' id='word_1_436' title='bbox 3191 2783 3548 2851; x_wconf 83' lang='lat' dir='ltr'><strong>apparitione</strong></span> <span class='ocrx_word' id='word_1_437' title='bbox 3589 2783 3884 2851; x_wconf 73' lang='lat' dir='ltr'><strong>adfuisset,</strong></span> 
     </span>
    </p>
   </div>
   <div class='ocr_carea' id='block_1_60' title="bbox 2278 2870 3888 2947">
    <p class='ocr_par' dir='ltr' id='par_1_60' title="bbox 2278 2870 3888 2947">
     <span class='ocr_line' id='line_1_60' title="bbox 2278 2870 3888 2947; baseline 0.003 -21"><span class='ocrx_word' id='word_1_438' title='bbox 2278 2872 2584 2942; x_wconf 84' lang='lat' dir='ltr'><strong>periculum</strong></span> <span class='ocrx_word' id='word_1_439' title='bbox 2627 2883 2744 2927; x_wconf 87' lang='lat' dir='ltr'><strong>erat</strong></span> <span class='ocrx_word' id='word_1_440' title='bbox 2795 2887 2863 2927; x_wconf 89' lang='lat' dir='ltr'><strong>ne</strong></span> <span class='ocrx_word' id='word_1_441' title='bbox 2909 2870 3269 2927; x_wconf 86' lang='lat' dir='ltr'><strong>Collationem</strong></span> <span class='ocrx_word' id='word_1_442' title='bbox 3319 2873 3613 2930; x_wconf 64' lang='lat' dir='ltr'><strong>efficerent</strong></span> <span class='ocrx_word' id='word_1_443' title='bbox 3643 2918 3659 2942; x_wconf 94' lang='lat'><strong>,</strong></span> <span class='ocrx_word' id='word_1_444' title='bbox 3716 2878 3888 2947; x_wconf 76' lang='lat' dir='ltr'><strong>qualis</strong></span> 
     </span>
    </p>
   </div>
   <div class='ocr_carea' id='block_1_61' title="bbox 2279 2961 3891 3034">
    <p class='ocr_par' dir='ltr' id='par_1_61' title="bbox 2279 2961 3891 3034">
     <span class='ocr_line' id='line_1_61' title="bbox 2279 2961 3891 3034; baseline 0.004 -16"><span class='ocrx_word' id='word_1_445' title='bbox 2279 2966 2437 3034; x_wconf 85' lang='lat' dir='ltr'><strong>paulo</strong></span> <span class='ocrx_word' id='word_1_446' title='bbox 2465 2974 2584 3034; x_wconf 85' lang='lat' dir='ltr'><strong>post</strong></span> <span class='ocrx_word' id='word_1_447' title='bbox 2614 2972 2846 3018; x_wconf 71' lang='lat' dir='ltr'><strong>nmrtem</strong></span> <span class='ocrx_word' id='word_1_448' title='bbox 2869 2961 3152 3034; x_wconf 81' lang='lat' dir='ltr'><strong>Augustini</strong></span> <span class='ocrx_word' id='word_1_449' title='bbox 3177 2964 3272 3019; x_wconf 77' lang='lat' dir='ltr'><strong>iuit</strong></span> <span class='ocrx_word' id='word_1_450' title='bbox 3300 2966 3584 3033; x_wconf 77' lang='lat' dir='ltr'><strong>Ephesina</strong></span> <span class='ocrx_word' id='word_1_451' title='bbox 3613 2968 3704 3022; x_wconf 67' lang='lat' dir='ltr'><strong>ilia</strong></span> <span class='ocrx_word' id='word_1_452' title='bbox 3726 2969 3891 3024; x_wconf 57' lang='lat' dir='ltr'><strong>fuit}</strong></span> 
     </span>
    </p>
   </div>
   <div class='ocr_carea' id='block_1_62' title="bbox 2276 3057 3882 3131">
    <p class='ocr_par' dir='ltr' id='par_1_62' title="bbox 2276 3057 3882 3131">
     <span class='ocr_line' id='line_1_62' title="bbox 2276 3057 3882 3131; baseline 0.002 -19"><span class='ocrx_word' id='word_1_453' title='bbox 2276 3073 2336 3112; x_wconf 84' lang='lat' dir='ltr'><strong>sa</strong></span> <span class='ocrx_word' id='word_1_454' title='bbox 2380 3057 2639 3129; x_wconf 85' lang='lat' dir='ltr'><strong>synodus,</strong></span> <span class='ocrx_word' id='word_1_455' title='bbox 2683 3072 2802 3125; x_wconf 71' lang='lat' dir='ltr'><strong>qua:</strong></span> <span class='ocrx_word' id='word_1_456' title='bbox 2837 3057 3081 3131; x_wconf 67' lang='grc' dir='ltr'><strong>λῃστρικὴ</strong></span> <span class='ocrx_word' id='word_1_457' title='bbox 3109 3059 3381 3128; x_wconf 79' lang='lat' dir='ltr'><strong>appellata</strong></span> <span class='ocrx_word' id='word_1_458' title='bbox 3405 3058 3533 3114; x_wconf 80' lang='lat' dir='ltr'><strong>fuit.</strong></span> <span class='ocrx_word' id='word_1_459' title='bbox 3573 3058 3740 3116; x_wconf 84' lang='lat' dir='ltr'><strong>Certe</strong></span> <span class='ocrx_word' id='word_1_460' title='bbox 3781 3078 3882 3116; x_wconf 75' lang='lat' dir='ltr'><strong>non</strong></span> 
     </span>
    </p>
   </div>
   <div class='ocr_carea' id='block_1_63' title="bbox 571 3149 3882 3228">
    <p class='ocr_par' dir='ltr' id='par_1_63' title="bbox 571 3149 3882 3228">
     <span class='ocr_line' id='line_1_63' title="bbox 571 3149 3882 3228; baseline -0.001 -16"><span class='ocrx_word' id='word_1_461' title='bbox 571 3158 690 3228; x_wconf 92' lang='lat' dir='ltr'><strong>ipse</strong></span> <span class='ocrx_word' id='word_1_462' title='bbox 720 3155 1048 3226; x_wconf 83' lang='lat' dir='ltr'><strong>Augustinus</strong></span> <span class='ocrx_word' id='word_1_463' title='bbox 1078 3152 1277 3206; x_wconf 87' lang='lat' dir='ltr'><strong>indicat</strong></span> <span class='ocrx_word' id='word_1_464' title='bbox 1309 3152 1402 3204; x_wconf 92' lang='lat' dir='ltr'><strong>lib.</strong></span> <span class='ocrx_word' id='word_1_465' title='bbox 1443 3166 1500 3206; x_wconf 93' lang='grc' dir='ltr'><strong>ιιι</strong></span> <span class='ocrx_word' id='word_1_466' title='bbox 1531 3159 1714 3204; x_wconf 90' lang='lat' dir='ltr'><strong>contra</strong></span> <span class='ocrx_word' id='word_1_467' title='bbox 1745 3150 2038 3206; x_wconf 86' lang='lat' dir='ltr'><strong>Julianum.</strong></span> <span class='ocrx_word' id='word_1_468' title='bbox 2074 3152 2174 3207; x_wconf 82' lang='lat' dir='ltr'><strong>Pe-</strong></span> <span class='ocrx_word' id='word_1_469' title='bbox 2198 3157 2242 3222; x_wconf 73' lang='grc' dir='ltr'><strong>ρ</strong></span> <span class='ocrx_word' id='word_1_470' title='bbox 2278 3149 2622 3204; x_wconf 77' lang='lat' dir='ltr'><strong>dubitassem</strong></span> <span class='ocrx_word' id='word_1_471' title='bbox 2664 3151 3024 3220; x_wconf 77' lang='lat' dir='ltr'><strong>Augusunum</strong></span> <span class='ocrx_word' id='word_1_472' title='bbox 3069 3159 3326 3215; x_wconf 75' lang='lat' dir='ltr'><strong>tractare,</strong></span> <span class='ocrx_word' id='word_1_473' title='bbox 3366 3159 3426 3204; x_wconf 87' lang='lat' dir='ltr'><strong>ut</strong></span> <span class='ocrx_word' id='word_1_474' title='bbox 3470 3153 3526 3206; x_wconf 87' lang='lat' dir='ltr'><strong>in</strong></span> <span class='ocrx_word' id='word_1_475' title='bbox 3567 3168 3640 3209; x_wconf 81' lang='lat' dir='ltr'><strong>ea</strong></span> <span class='ocrx_word' id='word_1_476' title='bbox 3678 3156 3882 3225; x_wconf 72' lang='lat' dir='ltr'><strong>synodo</strong></span> 
     </span>
    </p>
   </div>
   <div class='ocr_carea' id='block_1_64' title="bbox 574 3244 2173 3323">
    <p class='ocr_par' dir='ltr' id='par_1_64' title="bbox 574 3244 2173 3323">
     <span class='ocr_line' id='line_1_64' title="bbox 574 3244 2173 3323; baseline -0.004 -17"><span class='ocrx_word' id='word_1_477' title='bbox 574 3252 771 3323; x_wconf 85' lang='lat' dir='ltr'><strong>lagiani</strong></span> <span class='ocrx_word' id='word_1_478' title='bbox 803 3257 921 3318; x_wconf 82' lang='lat' dir='ltr'><strong>post</strong></span> <span class='ocrx_word' id='word_1_479' title='bbox 947 3247 1328 3318; x_wconf 79' lang='lat' dir='ltr'><strong>episcOporum</strong></span> <span class='ocrx_word' id='word_1_480' title='bbox 1356 3244 1586 3299; x_wconf 76' lang='lat' dir='ltr'><strong>concilia</strong></span> <span class='ocrx_word' id='word_1_481' title='bbox 1617 3245 2001 3314; x_wconf 79' lang='lat' dir='ltr'><strong>provincialia,</strong></span> <span class='ocrx_word' id='word_1_482' title='bbox 2046 3261 2173 3317; x_wconf 85' lang='lat' dir='ltr'><strong>pro-</strong></span> 
     </span>
    </p>
   </div>
   <div class='ocr_carea' id='block_1_65' title="bbox 573 3336 2170 3408">
    <p class='ocr_par' dir='ltr' id='par_1_65' title="bbox 573 3336 2170 3408">
     <span class='ocr_line' id='line_1_65' title="bbox 573 3336 2170 3408; baseline -0.002 -12"><span class='ocrx_word' id='word_1_483' title='bbox 573 3344 840 3398; x_wconf 75' lang='lat' dir='ltr'><strong>vocabunt</strong></span> <span class='ocrx_word' id='word_1_484' title='bbox 869 3340 937 3395; x_wconf 89' lang='lat' dir='ltr'><strong>ad</strong></span> <span class='ocrx_word' id='word_1_485' title='bbox 967 3338 1150 3394; x_wconf 88' lang='lat' dir='ltr'><strong>nescio</strong></span> <span class='ocrx_word' id='word_1_486' title='bbox 1176 3352 1336 3407; x_wconf 84' lang='lat' dir='ltr'><strong>quam</strong></span> <span class='ocrx_word' id='word_1_487' title='bbox 1377 3337 1396 3408; x_wconf 82' lang='lat'>(</span> <span class='ocrx_word' id='word_1_488' title='bbox 1422 3347 1482 3390; x_wconf 85' lang='grc' dir='ltr'><strong>ιιι</strong></span> <span class='ocrx_word' id='word_1_489' title='bbox 1508 3336 1740 3406; x_wconf 83' lang='lat' dir='ltr'><strong>vocant)</strong></span> <span class='ocrx_word' id='word_1_490' title='bbox 1779 3339 2170 3394; x_wconf 70' lang='lat' dir='ltr'><strong>mcumcnicam</strong></span> 
     </span>
    </p>
   </div>
   <div class='ocr_carea' id='block_1_66' title="bbox 573 3431 2174 3509">
    <p class='ocr_par' dir='ltr' id='par_1_66' title="bbox 573 3431 2174 3509">
     <span class='ocr_line' id='line_1_66' title="bbox 573 3431 2174 3509; baseline -0.004 -16"><span class='ocrx_word' id='word_1_491' title='bbox 573 3437 866 3509; x_wconf 79' lang='lat' dir='ltr'><strong>synodum,</strong></span> <span class='ocrx_word' id='word_1_492' title='bbox 897 3446 952 3489; x_wconf 84' lang='lat' dir='ltr'><strong>et</strong></span> <span class='ocrx_word' id='word_1_493' title='bbox 979 3435 1047 3487; x_wconf 87' lang='lat' dir='ltr'><strong>ab</strong></span> <span class='ocrx_word' id='word_1_494' title='bbox 1069 3434 1402 3501; x_wconf 81' lang='lat' dir='ltr'><strong>imperatore</strong></span> <span class='ocrx_word' id='word_1_495' title='bbox 1425 3431 1631 3486; x_wconf 81' lang='lat' dir='ltr'><strong>litteras</strong></span> <span class='ocrx_word' id='word_1_496' title='bbox 1661 3446 1728 3485; x_wconf 88' lang='lat' dir='ltr'><strong>eo</strong></span> <span class='ocrx_word' id='word_1_497' title='bbox 1755 3432 1977 3485; x_wconf 86' lang='lat' dir='ltr'><strong>nomine</strong></span> <span class='ocrx_word' id='word_1_498' title='bbox 2003 3432 2174 3500; x_wconf 83' lang='lat' dir='ltr'><strong>impc-</strong></span> 
     </span>
    </p>
   </div>
   <div class='ocr_carea' id='block_1_67' title="bbox 577 3524 2171 3592">
    <p class='ocr_par' dir='ltr' id='par_1_67' title="bbox 577 3524 2171 3592">
     <span class='ocr_line' id='line_1_67' title="bbox 577 3524 2171 3592; baseline -0.001 -10"><span class='ocrx_word' id='word_1_499' title='bbox 577 3539 806 3584; x_wconf 84' lang='lat' dir='ltr'><strong>trarant.</strong></span> <span class='ocrx_word' id='word_1_500' title='bbox 846 3527 1110 3581; x_wconf 81' lang='lat' dir='ltr'><strong>Catholici</strong></span> <span class='ocrx_word' id='word_1_501' title='bbox 1141 3525 1198 3578; x_wconf 80' lang='lat' dir='ltr'><strong>id</strong></span> <span class='ocrx_word' id='word_1_502' title='bbox 1225 3535 1523 3591; x_wconf 76' lang='lat' dir='ltr'><strong>recusant,</strong></span> <span class='ocrx_word' id='word_1_503' title='bbox 1566 3539 1687 3578; x_wconf 90' lang='lat' dir='ltr'><strong>cum</strong></span> <span class='ocrx_word' id='word_1_504' title='bbox 1721 3524 2092 3592; x_wconf 86' lang='lat' dir='ltr'><strong>intelligerent</strong></span> <span class='ocrx_word' id='word_1_505' title='bbox 2119 3526 2171 3580; x_wconf 85' lang='lat' dir='ltr'><strong>id</strong></span> 
     </span>
    </p>
   </div>
   <div class='ocr_carea' id='block_1_68' title="bbox 574 3616 2173 3694">
    <p class='ocr_par' dir='ltr' id='par_1_68' title="bbox 574 3616 2173 3694">
     <span class='ocr_line' id='line_1_68' title="bbox 574 3616 2173 3694; baseline -0.003 -16"><span class='ocrx_word' id='word_1_506' title='bbox 574 3623 685 3694; x_wconf 85' lang='lat' dir='ltr'><strong>peti</strong></span> <span class='ocrx_word' id='word_1_507' title='bbox 714 3635 820 3676; x_wconf 87' lang='lat' dir='ltr'><strong>non</strong></span> <span class='ocrx_word' id='word_1_508' title='bbox 855 3621 1034 3675; x_wconf 82' lang='lat' dir='ltr'><strong>minus</strong></span> <span class='ocrx_word' id='word_1_509' title='bbox 1065 3617 1330 3672; x_wconf 85' lang='lat' dir='ltr'><strong>insidiose</strong></span> <span class='ocrx_word' id='word_1_510' title='bbox 1358 3631 1522 3687; x_wconf 89' lang='lat' dir='ltr'><strong>quam</strong></span> <span class='ocrx_word' id='word_1_511' title='bbox 1550 3616 1855 3672; x_wconf 85' lang='lat' dir='ltr'><strong>ambitiose.</strong></span> <span class='ocrx_word' id='word_1_512' title='bbox 1897 3617 2173 3688; x_wconf 85' lang='lat' dir='ltr'><strong>Pelagiani</strong></span> 
     </span>
    </p>
   </div>
   <div class='ocr_carea' id='block_1_69' title="bbox 572 3707 2173 3783">
    <p class='ocr_par' dir='ltr' id='par_1_69' title="bbox 572 3707 2173 3783">
     <span class='ocr_line' id='line_1_69' title="bbox 572 3707 2173 3783; baseline -0.001 -17"><span class='ocrx_word' id='word_1_513' title='bbox 572 3713 902 3783; x_wconf 71' lang='lat' dir='ltr'><strong>objiciebant</strong></span> <span class='ocrx_word' id='word_1_514' title='bbox 941 3710 1254 3778; x_wconf 83' lang='lat' dir='ltr'><strong>exemplum</strong></span> <span class='ocrx_word' id='word_1_515' title='bbox 1278 3750 1292 3773; x_wconf 95' lang='lat'><strong>,</strong></span> <span class='ocrx_word' id='word_1_516' title='bbox 1323 3707 1392 3763; x_wconf 84' lang='lat' dir='ltr'><strong>de</strong></span> <span class='ocrx_word' id='word_1_517' title='bbox 1420 3723 1530 3778; x_wconf 76' lang='lat' dir='ltr'><strong>quo</strong></span> <span class='ocrx_word' id='word_1_518' title='bbox 1563 3708 1795 3778; x_wconf 87' lang='lat' dir='ltr'><strong>agimus.</strong></span> <span class='ocrx_word' id='word_1_519' title='bbox 1838 3709 2173 3778; x_wconf 77' lang='lat' dir='ltr'><strong>Augustinus</strong></span> 
     </span>
    </p>
   </div>
   <div class='ocr_carea' id='block_1_70' title="bbox 573 3799 2174 3872">
    <p class='ocr_par' dir='ltr' id='par_1_70' title="bbox 573 3799 2174 3872">
     <span class='ocr_line' id='line_1_70' title="bbox 573 3799 2174 3872; baseline -0.004 -13"><span class='ocrx_word' id='word_1_520' title='bbox 573 3806 639 3859; x_wconf 90' lang='lat' dir='ltr'><strong>iis</strong></span> <span class='ocrx_word' id='word_1_521' title='bbox 661 3803 1000 3872; x_wconf 86' lang='lat' dir='ltr'><strong>respondens</strong></span> <span class='ocrx_word' id='word_1_522' title='bbox 1029 3819 1041 3854; x_wconf 89' lang='lat'>:</span> <span class='ocrx_word' id='word_1_523' title='bbox 1070 3799 1181 3854; x_wconf 81' lang='lat' dir='ltr'><strong>Nec</strong></span> <span class='ocrx_word' id='word_1_524' title='bbox 1208 3816 1348 3864; x_wconf 81' lang='lat' dir='ltr'><strong>vero,</strong></span> <span class='ocrx_word' id='word_1_525' title='bbox 1373 3799 1568 3870; x_wconf 88' lang='lat' dir='ltr'><strong>inquit,</strong></span> <span class='ocrx_word' id='word_1_526' title='bbox 1597 3814 1688 3852; x_wconf 77' lang='lat' dir='ltr'><strong>vos</strong></span> <span class='ocrx_word' id='word_1_527' title='bbox 1711 3808 1758 3852; x_wconf 84' lang='lat' dir='ltr'><strong>et</strong></span> <span class='ocrx_word' id='word_1_528' title='bbox 1785 3799 1916 3854; x_wconf 74' lang='lat' dir='ltr'><strong>alios</strong></span> <span class='ocrx_word' id='word_1_529' title='bbox 1943 3800 2174 3868; x_wconf 80' lang='lat' dir='ltr'><strong>decipia-</strong></span> 
     </span>
    </p>
   </div>
   <div class='ocr_carea' id='block_1_71' title="bbox 573 3891 2173 3962">
    <p class='ocr_par' dir='ltr' id='par_1_71' title="bbox 573 3891 2173 3962">
     <span class='ocr_line' id='line_1_71' title="bbox 573 3891 2173 3962; baseline -0.001 -14"><span class='ocrx_word' id='word_1_530' title='bbox 573 3897 663 3959; x_wconf 81' lang='lat' dir='ltr'><strong>tis,</strong></span> <span class='ocrx_word' id='word_1_531' title='bbox 704 3895 840 3948; x_wconf 83' lang='lat' dir='ltr'><strong>velut</strong></span> <span class='ocrx_word' id='word_1_532' title='bbox 867 3893 1025 3947; x_wconf 82' lang='lat' dir='ltr'><strong>talem</strong></span> <span class='ocrx_word' id='word_1_533' title='bbox 1049 3907 1222 3946; x_wconf 82' lang='lat' dir='ltr'><strong>vocem</strong></span> <span class='ocrx_word' id='word_1_534' title='bbox 1253 3892 1494 3946; x_wconf 72' lang='lat' dir='ltr'><strong>habentes</strong></span> <span class='ocrx_word' id='word_1_535' title='bbox 1521 3891 1765 3946; x_wconf 74' lang='lat' dir='ltr'><strong>adversus</strong></span> <span class='ocrx_word' id='word_1_536' title='bbox 1801 3909 1893 3946; x_wconf 77' lang='lat' dir='ltr'><strong>nos</strong></span> <span class='ocrx_word' id='word_1_537' title='bbox 1918 3934 1933 3960; x_wconf 91' lang='lat'><strong>,</strong></span> <span class='ocrx_word' id='word_1_538' title='bbox 1967 3897 2173 3962; x_wconf 75' lang='lat' dir='ltr'><strong>qualem</strong></span> 
     </span>
    </p>
   </div>
   <div class='ocr_carea' id='block_1_72' title="bbox 571 3983 2173 4052">
    <p class='ocr_par' dir='ltr' id='par_1_72' title="bbox 571 3983 2173 4052">
     <span class='ocr_line' id='line_1_72' title="bbox 571 3983 2173 4052; baseline 0.001 -12"><span class='ocrx_word' id='word_1_539' title='bbox 571 4003 668 4041; x_wconf 78' lang='lat' dir='ltr'><strong>nos</strong></span> <span class='ocrx_word' id='word_1_540' title='bbox 696 3986 940 4040; x_wconf 74' lang='lat' dir='ltr'><strong>adversus</strong></span> <span class='ocrx_word' id='word_1_541' title='bbox 964 3983 1282 4049; x_wconf 74' lang='lat' dir='ltr'><strong>Donotiatas,</strong></span> <span class='ocrx_word' id='word_1_542' title='bbox 1310 4000 1436 4052; x_wconf 66' lang='lat' dir='ltr'><strong>quos</strong></span> <span class='ocrx_word' id='word_1_543' title='bbox 1457 3986 1524 4038; x_wconf 85' lang='lat' dir='ltr'><strong>ad</strong></span> <span class='ocrx_word' id='word_1_544' title='bbox 1550 3983 1888 4040; x_wconf 73' lang='lat' dir='ltr'><strong>Collationent</strong></span> <span class='ocrx_word' id='word_1_545' title='bbox 1909 3987 2173 4042; x_wconf 79' lang='lat' dir='ltr'><strong>nobiscum</strong></span> 
     </span>
    </p>
   </div>
   <div class='ocr_carea' id='block_1_73' title="bbox 573 4077 2172 4151">
    <p class='ocr_par' dir='ltr' id='par_1_73' title="bbox 573 4077 2172 4151">
     <span class='ocr_line' id='line_1_73' title="bbox 573 4077 2172 4151; baseline 0.001 -18"><span class='ocrx_word' id='word_1_546' title='bbox 573 4082 744 4135; x_wconf 79' lang='lat' dir='ltr'><strong>venire</strong></span> <span class='ocrx_word' id='word_1_547' title='bbox 775 4095 866 4151; x_wconf 85' lang='lat' dir='ltr'><strong>per</strong></span> <span class='ocrx_word' id='word_1_548' title='bbox 899 4077 1192 4148; x_wconf 78' lang='lat' dir='ltr'><strong>imperialia</strong></span> <span class='ocrx_word' id='word_1_549' title='bbox 1209 4077 1360 4148; x_wconf 72' lang='lat' dir='ltr'><strong>justo</strong></span> <span class='ocrx_word' id='word_1_550' title='bbox 1385 4077 1748 4147; x_wconf 74' lang='lat' dir='ltr'><strong>compulimus.</strong></span> <span class='ocrx_word' id='word_1_551' title='bbox 1779 4078 2005 4134; x_wconf 82' lang='lat' dir='ltr'><strong>Illorum</strong></span> <span class='ocrx_word' id='word_1_552' title='bbox 2035 4083 2172 4135; x_wconf 67' lang='lat' dir='ltr'><strong>enim</strong></span> 
     </span>
    </p>
   </div>
   <div class='ocr_carea' id='block_1_74' title="bbox 574 4172 2172 4246">
    <p class='ocr_par' dir='ltr' id='par_1_74' title="bbox 574 4172 2172 4246">
     <span class='ocr_line' id='line_1_74' title="bbox 574 4172 2172 4246; baseline 0.001 -18"><span class='ocrx_word' id='word_1_553' title='bbox 574 4175 724 4246; x_wconf 79' lang='lat' dir='ltr'><strong>furor</strong></span> <span class='ocrx_word' id='word_1_554' title='bbox 750 4183 1088 4246; x_wconf 71' lang='lat' dir='ltr'><strong>occupauerat</strong></span> <span class='ocrx_word' id='word_1_555' title='bbox 1114 4172 1344 4241; x_wconf 75' lang='lat' dir='ltr'><strong>Africam</strong></span> <span class='ocrx_word' id='word_1_556' title='bbox 1372 4182 1556 4239; x_wconf 85' lang='lat' dir='ltr'><strong>totam,</strong></span> <span class='ocrx_word' id='word_1_557' title='bbox 1596 4189 1685 4227; x_wconf 79' lang='lat' dir='ltr'><strong>nec</strong></span> <span class='ocrx_word' id='word_1_558' title='bbox 1707 4173 1986 4244; x_wconf 71' lang='lat' dir='ltr'><strong>prwdicari</strong></span> <span class='ocrx_word' id='word_1_559' title='bbox 2012 4192 2044 4227; x_wconf 71' lang='grc' dir='ltr'><em>α</em></span> <span class='ocrx_word' id='word_1_560' title='bbox 2072 4174 2172 4230; x_wconf 86' lang='lat' dir='ltr'><strong>Ca-</strong></span> 
     </span>
    </p>
   </div>
   <div class='ocr_carea' id='block_1_75' title="bbox 572 4262 2174 4335">
    <p class='ocr_par' dir='ltr' id='par_1_75' title="bbox 572 4262 2174 4335">
     <span class='ocr_line' id='line_1_75' title="bbox 572 4262 2174 4335; baseline 0 -13"><span class='ocrx_word' id='word_1_561' title='bbox 572 4267 779 4322; x_wconf 75' lang='lat' dir='ltr'><strong>tltoticis</strong></span> <span class='ocrx_word' id='word_1_562' title='bbox 799 4268 1061 4321; x_wconf 74' lang='lat' dir='ltr'><strong>veritatem</strong></span> <span class='ocrx_word' id='word_1_563' title='bbox 1086 4276 1267 4318; x_wconf 84' lang='lat' dir='ltr'><strong>contra</strong></span> <span class='ocrx_word' id='word_1_564' title='bbox 1286 4280 1435 4318; x_wconf 76' lang='lat' dir='ltr'><strong>suum</strong></span> <span class='ocrx_word' id='word_1_565' title='bbox 1459 4262 1783 4335; x_wconf 82' lang='lat' dir='ltr'><strong>patiebantur</strong></span> <span class='ocrx_word' id='word_1_566' title='bbox 1811 4283 2033 4322; x_wconf 80' lang='lat' dir='ltr'><strong>errorem</strong></span> <span class='ocrx_word' id='word_1_567' title='bbox 2065 4269 2174 4322; x_wconf 85' lang='lat' dir='ltr'><strong>rio-</strong></span> 
     </span>
    </p>
   </div>
   <div class='ocr_carea' id='block_1_76' title="bbox 572 4356 2173 4431">
    <p class='ocr_par' dir='ltr' id='par_1_76' title="bbox 572 4356 2173 4431">
     <span class='ocr_line' id='line_1_76' title="bbox 572 4356 2173 4431; baseline 0.001 -19"><span class='ocrx_word' id='word_1_568' title='bbox 572 4359 724 4413; x_wconf 83' lang='lat' dir='ltr'><strong>lentis</strong></span> <span class='ocrx_word' id='word_1_569' title='bbox 748 4356 1182 4431; x_wconf 76' lang='lat' dir='ltr'><strong>aggressionibus,</strong></span> <span class='ocrx_word' id='word_1_570' title='bbox 1224 4357 1528 4418; x_wconf 81' lang='lat' dir='ltr'><strong>latrociniis.</strong></span> <span class='ocrx_word' id='word_1_571' title='bbox 1566 4359 1788 4426; x_wconf 75' lang='lat' dir='ltr'><strong>rapinis,</strong></span> <span class='ocrx_word' id='word_1_572' title='bbox 1824 4359 2048 4431; x_wconf 71' lang='lat' dir='ltr'><strong>ignibus,</strong></span> <span class='ocrx_word' id='word_1_573' title='bbox 2075 4376 2173 4414; x_wconf 79' lang='lat' dir='ltr'><strong>cte-</strong></span> 
     </span>
    </p>
   </div>
   <div class='ocr_carea' id='block_1_77' title="bbox 572 4449 2172 4524">
    <p class='ocr_par' dir='ltr' id='par_1_77' title="bbox 572 4449 2172 4524">
     <span class='ocr_line' id='line_1_77' title="bbox 572 4449 2172 4524; baseline 0.003 -20"><span class='ocrx_word' id='word_1_574' title='bbox 572 4450 744 4518; x_wconf 76' lang='lat' dir='ltr'><strong>dibtts,</strong></span> <span class='ocrx_word' id='word_1_575' title='bbox 783 4451 950 4503; x_wconf 73' lang='lat' dir='ltr'><strong>multa</strong></span> <span class='ocrx_word' id='word_1_576' title='bbox 981 4457 1259 4514; x_wconf 68' lang='lat' dir='ltr'><strong>enatantes,</strong></span> <span class='ocrx_word' id='word_1_577' title='bbox 1302 4459 1490 4503; x_wconf 83' lang='lat' dir='ltr'><strong>cuncta</strong></span> <span class='ocrx_word' id='word_1_578' title='bbox 1529 4457 1788 4505; x_wconf 74' lang='lat' dir='ltr'><strong>termites.</strong></span> <span class='ocrx_word' id='word_1_579' title='bbox 1831 4449 1958 4505; x_wconf 87' lang='lat' dir='ltr'><strong>Cum</strong></span> <span class='ocrx_word' id='word_1_580' title='bbox 1988 4452 2172 4524; x_wconf 75' lang='lat' dir='ltr'><strong>quibus</strong></span> 
     </span>
    </p>
   </div>
   <div class='ocr_carea' id='block_1_78' title="bbox 2279 3241 3880 3309">
    <p class='ocr_par' dir='ltr' id='par_1_78' title="bbox 2279 3241 3880 3309">
     <span class='ocr_line' id='line_1_78' title="bbox 2279 3241 3880 3309; baseline 0.003 -13"><span class='ocrx_word' id='word_1_581' title='bbox 2279 3241 2601 3296; x_wconf 84' lang='lat' dir='ltr'><strong>Flavianum</strong></span> <span class='ocrx_word' id='word_1_582' title='bbox 2628 3250 2935 3296; x_wconf 82' lang='lat' dir='ltr'><strong>tractarunt</strong></span> <span class='ocrx_word' id='word_1_583' title='bbox 2961 3241 3291 3298; x_wconf 81' lang='lat' dir='ltr'><strong>Nestoriani.</strong></span> <span class='ocrx_word' id='word_1_584' title='bbox 3322 3242 3462 3309; x_wconf 80' lang='lat' dir='ltr'><strong>Quid</strong></span> <span class='ocrx_word' id='word_1_585' title='bbox 3490 3247 3678 3298; x_wconf 80' lang='lat' dir='ltr'><strong>enim?</strong></span> <span class='ocrx_word' id='word_1_586' title='bbox 3711 3247 3880 3301; x_wconf 51' lang='grc' dir='ltr'><strong>Ρίιξεί</strong></span> 
     </span>
    </p>
   </div>
   <div class='ocr_carea' id='block_1_79' title="bbox 2280 3335 3878 3406">
    <p class='ocr_par' dir='ltr' id='par_1_79' title="bbox 2280 3335 3878 3406">
     <span class='ocr_line' id='line_1_79' title="bbox 2280 3335 3878 3406; baseline 0.001 -15"><span class='ocrx_word' id='word_1_587' title='bbox 2280 3335 2426 3402; x_wconf 84' lang='lat' dir='ltr'><strong>dius,</strong></span> <span class='ocrx_word' id='word_1_588' title='bbox 2451 3337 2628 3392; x_wconf 85' lang='lat' dir='ltr'><strong>bonus</strong></span> <span class='ocrx_word' id='word_1_589' title='bbox 2654 3336 2919 3406; x_wconf 87' lang='lat' dir='ltr'><strong>imprimis</strong></span> <span class='ocrx_word' id='word_1_590' title='bbox 2946 3346 3155 3398; x_wconf 87' lang='lat' dir='ltr'><strong>auctor,</strong></span> <span class='ocrx_word' id='word_1_591' title='bbox 3181 3343 3376 3390; x_wconf 83' lang='lat' dir='ltr'><strong>narrat</strong></span> <span class='ocrx_word' id='word_1_592' title='bbox 3401 3337 3742 3406; x_wconf 70' lang='lat' dir='ltr'><strong>Donatistae,</strong></span> <span class='ocrx_word' id='word_1_593' title='bbox 3762 3355 3878 3394; x_wconf 77' lang='lat' dir='ltr'><strong>cum</strong></span> 
     </span>
    </p>
   </div>
   <div class='ocr_carea' id='block_1_80' title="bbox 2279 3431 3879 3501">
    <p class='ocr_par' dir='ltr' id='par_1_80' title="bbox 2279 3431 3879 3501">
     <span class='ocr_line' id='line_1_80' title="bbox 2279 3431 3879 3501; baseline 0.004 -17"><span class='ocrx_word' id='word_1_594' title='bbox 2279 3432 2347 3486; x_wconf 88' lang='lat' dir='ltr'><strong>ad</strong></span> <span class='ocrx_word' id='word_1_595' title='bbox 2376 3433 2708 3487; x_wconf 86' lang='lat' dir='ltr'><strong>moderatam</strong></span> <span class='ocrx_word' id='word_1_596' title='bbox 2735 3431 3151 3501; x_wconf 81' lang='lat' dir='ltr'><strong>disputationem</strong></span> <span class='ocrx_word' id='word_1_597' title='bbox 3184 3444 3650 3501; x_wconf 70' lang='lat' dir='ltr'><strong>provocarentur,</strong></span> <span class='ocrx_word' id='word_1_598' title='bbox 3684 3434 3879 3489; x_wconf 65' lang='lat' dir='ltr'><strong>turi-se</strong></span> 
     </span>
    </p>
   </div>
   <div class='ocr_carea' id='block_1_81' title="bbox 2279 3525 3882 3596">
    <p class='ocr_par' dir='ltr' id='par_1_81' title="bbox 2279 3525 3882 3596">
     <span class='ocr_line' id='line_1_81' title="bbox 2279 3525 3882 3596; baseline 0.001 -17"><span class='ocrx_word' id='word_1_599' title='bbox 2279 3527 2614 3580; x_wconf 83' lang='lat' dir='ltr'><strong>exclamasse</strong></span> <span class='ocrx_word' id='word_1_600' title='bbox 2645 3525 3000 3595; x_wconf 79' lang='lat' dir='ltr'><strong>Augustinum</strong></span> <span class='ocrx_word' id='word_1_601' title='bbox 3033 3535 3316 3594; x_wconf 80' lang='lat' dir='ltr'><strong>tamquam</strong></span> <span class='ocrx_word' id='word_1_602' title='bbox 3341 3525 3532 3594; x_wconf 78' lang='lat' dir='ltr'><strong>lupum</strong></span> <span class='ocrx_word' id='word_1_603' title='bbox 3555 3541 3683 3582; x_wconf 83' lang='lat' dir='ltr'><strong>esse</strong></span> <span class='ocrx_word' id='word_1_604' title='bbox 3705 3527 3882 3596; x_wconf 75' lang='lat' dir='ltr'><strong>oppri—</strong></span> 
     </span>
    </p>
   </div>
   <div class='ocr_carea' id='block_1_82' title="bbox 2280 3617 3883 3687">
    <p class='ocr_par' dir='ltr' id='par_1_82' title="bbox 2280 3617 3883 3687">
     <span class='ocr_line' id='line_1_82' title="bbox 2280 3617 3883 3687; baseline 0.001 -16"><span class='ocrx_word' id='word_1_605' title='bbox 2280 3619 2556 3681; x_wconf 87' lang='lat' dir='ltr'><strong>mendum,</strong></span> <span class='ocrx_word' id='word_1_606' title='bbox 2603 3627 2660 3672; x_wconf 88' lang='lat' dir='ltr'><strong>et</strong></span> <span class='ocrx_word' id='word_1_607' title='bbox 2707 3631 2820 3681; x_wconf 86' lang='lat' dir='ltr'><strong>eos,</strong></span> <span class='ocrx_word' id='word_1_608' title='bbox 2869 3618 2961 3687; x_wconf 88' lang='lat' dir='ltr'><strong>qui</strong></span> <span class='ocrx_word' id='word_1_609' title='bbox 3004 3632 3125 3671; x_wconf 85' lang='lat' dir='ltr'><strong>eum</strong></span> <span class='ocrx_word' id='word_1_610' title='bbox 3183 3617 3574 3682; x_wconf 78' lang='lat' dir='ltr'><strong>trucidassont,</strong></span> <span class='ocrx_word' id='word_1_611' title='bbox 3625 3618 3730 3674; x_wconf 82' lang='lat' dir='ltr'><strong>abs</strong></span> <span class='ocrx_word' id='word_1_612' title='bbox 3780 3620 3883 3672; x_wconf 78' lang='lat' dir='ltr'><strong>Dee</strong></span> 
     </span>
    </p>
   </div>
   <div class='ocr_carea' id='block_1_83' title="bbox 2279 3709 3883 3778">
    <p class='ocr_par' dir='ltr' id='par_1_83' title="bbox 2279 3709 3883 3778">
     <span class='ocr_line' id='line_1_83' title="bbox 2279 3709 3883 3778; baseline 0 -13"><span class='ocrx_word' id='word_1_613' title='bbox 2279 3710 2491 3765; x_wconf 86' lang='lat' dir='ltr'><strong>veniam</strong></span> <span class='ocrx_word' id='word_1_614' title='bbox 2524 3709 2680 3764; x_wconf 79' lang='lat' dir='ltr'><strong>facile</strong></span> <span class='ocrx_word' id='word_1_615' title='bbox 2711 3710 3094 3778; x_wconf 88' lang='lat' dir='ltr'><strong>impetraturos</strong></span> <span class='ocrx_word' id='word_1_616' title='bbox 3117 3723 3262 3762; x_wconf 86' lang='lat' dir='ltr'><strong>esse.</strong></span> <span class='ocrx_word' id='word_1_617' title='bbox 3297 3709 3501 3774; x_wconf 86' lang='lat' dir='ltr'><strong>Credo,</strong></span> <span class='ocrx_word' id='word_1_618' title='bbox 3533 3720 3763 3778; x_wconf 76' lang='lat' dir='ltr'><strong>propter</strong></span> <span class='ocrx_word' id='word_1_619' title='bbox 3791 3712 3883 3765; x_wconf 85' lang='lat' dir='ltr'><strong>has</strong></span> 
     </span>
    </p>
   </div>
   <div class='ocr_carea' id='block_1_84' title="bbox 2278 3801 3880 3858">
    <p class='ocr_par' dir='ltr' id='par_1_84' title="bbox 2278 3801 3880 3858">
     <span class='ocr_line' id='line_1_84' title="bbox 2278 3801 3880 3858; baseline -0.001 0"><span class='ocrx_word' id='word_1_620' title='bbox 2278 3818 2469 3858; x_wconf 87' lang='lat' dir='ltr'><strong>causas</strong></span> <span class='ocrx_word' id='word_1_621' title='bbox 2518 3801 2812 3856; x_wconf 79' lang='lat' dir='ltr'><strong>Honorium</strong></span> <span class='ocrx_word' id='word_1_622' title='bbox 2847 3801 3085 3854; x_wconf 89' lang='lat' dir='ltr'><strong>voluisse</strong></span> <span class='ocrx_word' id='word_1_623' title='bbox 3123 3815 3282 3856; x_wconf 89' lang='lat' dir='ltr'><strong>suum</strong></span> <span class='ocrx_word' id='word_1_624' title='bbox 3336 3801 3712 3857; x_wconf 66' lang='lat' dir='ltr'><strong>Marcellino</strong></span> <span class='ocrx_word' id='word_1_625' title='bbox 3761 3818 3880 3857; x_wconf 64' lang='lat' dir='ltr'><strong>cura</strong></span> 
     </span>
    </p>
   </div>
   <div class='ocr_carea' id='block_1_85' title="bbox 2278 3893 3880 3968">
    <p class='ocr_par' dir='ltr' id='par_1_85' title="bbox 2278 3893 3880 3968">
     <span class='ocr_line' id='line_1_85' title="bbox 2278 3893 3880 3968; baseline -0.001 -16"><span class='ocrx_word' id='word_1_626' title='bbox 2278 3909 2485 3952; x_wconf 85' lang='lat' dir='ltr'><strong>armata</strong></span> <span class='ocrx_word' id='word_1_627' title='bbox 2523 3896 2862 3968; x_wconf 85' lang='lat' dir='ltr'><strong>apparitione</strong></span> <span class='ocrx_word' id='word_1_628' title='bbox 2905 3894 3097 3949; x_wconf 80' lang='lat' dir='ltr'><strong>adesse</strong></span> <span class='ocrx_word' id='word_1_629' title='bbox 3139 3893 3270 3948; x_wconf 85' lang='lat' dir='ltr'><strong>huic</strong></span> <span class='ocrx_word' id='word_1_630' title='bbox 3306 3893 3622 3950; x_wconf 85' lang='lat' dir='ltr'><strong>Collatioui.</strong></span> <span class='ocrx_word' id='word_1_631' title='bbox 3666 3896 3880 3965; x_wconf 75' lang='lat' dir='ltr'><strong>Alioqui</strong></span> 
     </span>
    </p>
   </div>
   <div class='ocr_carea' id='block_1_86' title="bbox 2277 3986 3876 4060">
    <p class='ocr_par' dir='ltr' id='par_1_86' title="bbox 2277 3986 3876 4060">
     <span class='ocr_line' id='line_1_86' title="bbox 2277 3986 3876 4060; baseline -0.001 -14"><span class='ocrx_word' id='word_1_632' title='bbox 2277 4007 2408 4046; x_wconf 87' lang='lat' dir='ltr'><strong>sane</strong></span> <span class='ocrx_word' id='word_1_633' title='bbox 2423 3991 2681 4046; x_wconf 83' lang='lat' dir='ltr'><strong>voluisset</strong></span> <span class='ocrx_word' id='word_1_634' title='bbox 2694 3986 3204 4060; x_wconf 61' lang='lat' dir='ltr'><strong>Augustinusm</strong></span> <span class='ocrx_word' id='word_1_635' title='bbox 3215 3989 3322 4043; x_wconf 81' lang='lat' dir='ltr'><strong>tale</strong></span> <span class='ocrx_word' id='word_1_636' title='bbox 3337 3989 3650 4059; x_wconf 65' lang='lat' dir='ltr'><strong>prasidiun</strong></span> <span class='ocrx_word' id='word_1_637' title='bbox 3662 3990 3876 4045; x_wconf 60' lang='lat' dir='ltr'><strong>abesse.</strong></span> 
     </span>
    </p>
   </div>
   <div class='ocr_carea' id='block_1_87' title="bbox 2274 4081 3880 4152">
    <p class='ocr_par' dir='ltr' id='par_1_87' title="bbox 2274 4081 3880 4152">
     <span class='ocr_line' id='line_1_87' title="bbox 2274 4081 3880 4152; baseline -0.001 -14"><span class='ocrx_word' id='word_1_638' title='bbox 2274 4083 2409 4139; x_wconf 82' lang='lat' dir='ltr'><strong>Nam</strong></span> <span class='ocrx_word' id='word_1_639' title='bbox 2453 4092 2508 4138; x_wconf 86' lang='lat' dir='ltr'><strong>et</strong></span> <span class='ocrx_word' id='word_1_640' title='bbox 2543 4083 2600 4138; x_wconf 88' lang='lat' dir='ltr'><strong>in</strong></span> <span class='ocrx_word' id='word_1_641' title='bbox 2648 4083 2808 4152; x_wconf 90' lang='lat' dir='ltr'><strong>epist.</strong></span> <span class='ocrx_word' id='word_1_642' title='bbox 2853 4082 2993 4149; x_wconf 56' lang='grc' dir='ltr'>ξοδ,</span> <span class='ocrx_word' id='word_1_643' title='bbox 3041 4096 3164 4136; x_wconf 91' lang='lat' dir='ltr'><strong>cum</strong></span> <span class='ocrx_word' id='word_1_644' title='bbox 3235 4081 3544 4136; x_wconf 83' lang='lat' dir='ltr'><strong>Donatistas</strong></span> <span class='ocrx_word' id='word_1_645' title='bbox 3589 4092 3880 4151; x_wconf 79' lang='lat' dir='ltr'><strong>provocat,</strong></span> 
     </span>
    </p>
   </div>
   <div class='ocr_carea' id='block_1_88' title="bbox 2276 4172 3882 4246">
    <p class='ocr_par' dir='ltr' id='par_1_88' title="bbox 2276 4172 3882 4246">
     <span class='ocr_line' id='line_1_88' title="bbox 2276 4172 3882 4246; baseline -0.003 -15"><span class='ocrx_word' id='word_1_646' title='bbox 2276 4173 2528 4242; x_wconf 78' lang='lat' dir='ltr'><strong>Cessabit,</strong></span> <span class='ocrx_word' id='word_1_647' title='bbox 2554 4174 2732 4246; x_wconf 88' lang='lat' dir='ltr'><strong>inquit</strong></span> <span class='ocrx_word' id='word_1_648' title='bbox 2749 4217 2764 4242; x_wconf 93' lang='lat'><strong>,</strong></span> <span class='ocrx_word' id='word_1_649' title='bbox 2791 4190 2824 4226; x_wconf 89' lang='lat' dir='ltr'><strong>a</strong></span> <span class='ocrx_word' id='word_1_650' title='bbox 2848 4173 3036 4227; x_wconf 78' lang='lat' dir='ltr'><strong>nostris</strong></span> <span class='ocrx_word' id='word_1_651' title='bbox 3061 4172 3294 4242; x_wconf 73' lang='lat' dir='ltr'><strong>partibus</strong></span> <span class='ocrx_word' id='word_1_652' title='bbox 3318 4174 3474 4228; x_wconf 84' lang='lat' dir='ltr'><strong>timor</strong></span> <span class='ocrx_word' id='word_1_653' title='bbox 3509 4173 3882 4242; x_wconf 66' lang='lat' dir='ltr'><strong>temporalium</strong></span> 
     </span>
    </p>
   </div>
   <div class='ocr_carea' id='block_1_89' title="bbox 2277 4266 3885 4337">
    <p class='ocr_par' dir='ltr' id='par_1_89' title="bbox 2277 4266 3885 4337">
     <span class='ocr_line' id='line_1_89' title="bbox 2277 4266 3885 4337; baseline -0.001 -15"><span class='ocrx_word' id='word_1_654' title='bbox 2277 4276 2615 4337; x_wconf 70' lang='lat' dir='ltr'><strong>potestatum;</strong></span> <span class='ocrx_word' id='word_1_655' title='bbox 2658 4275 2816 4320; x_wconf 78' lang='lat' dir='ltr'><strong>cesset</strong></span> <span class='ocrx_word' id='word_1_656' title='bbox 2843 4266 3001 4320; x_wconf 84' lang='lat' dir='ltr'><strong>etiam</strong></span> <span class='ocrx_word' id='word_1_657' title='bbox 3030 4282 3062 4319; x_wconf 81' lang='grc' dir='ltr'><em>α</em></span> <span class='ocrx_word' id='word_1_658' title='bbox 3094 4266 3273 4319; x_wconf 72' lang='lat' dir='ltr'><strong>vestris</strong></span> <span class='ocrx_word' id='word_1_659' title='bbox 3302 4266 3532 4335; x_wconf 73' lang='lat' dir='ltr'><strong>partibus</strong></span> <span class='ocrx_word' id='word_1_660' title='bbox 3557 4277 3721 4319; x_wconf 80' lang='lat' dir='ltr'><strong>terror</strong></span> <span class='ocrx_word' id='word_1_661' title='bbox 3752 4283 3885 4320; x_wconf 79' lang='lat' dir='ltr'><strong>con-</strong></span> 
     </span>
    </p>
   </div>
   <div class='ocr_carea' id='block_1_90' title="bbox 2277 4357 3886 4431">
    <p class='ocr_par' dir='ltr' id='par_1_90' title="bbox 2277 4357 3886 4431">
     <span class='ocr_line' id='line_1_90' title="bbox 2277 4357 3886 4431; baseline 0.001 -18"><span class='ocrx_word' id='word_1_662' title='bbox 2277 4372 2605 4431; x_wconf 80' lang='lat' dir='ltr'><strong>gregatarum</strong></span> <span class='ocrx_word' id='word_1_663' title='bbox 2651 4358 3153 4414; x_wconf 80' lang='lat' dir='ltr'><strong>Circuntcetlionum.</strong></span> <span class='ocrx_word' id='word_1_664' title='bbox 3213 4357 3280 4412; x_wconf 84' lang='lat' dir='ltr'><strong>Et</strong></span> <span class='ocrx_word' id='word_1_665' title='bbox 3326 4357 3383 4413; x_wconf 87' lang='lat' dir='ltr'><strong>in</strong></span> <span class='ocrx_word' id='word_1_666' title='bbox 3440 4359 3593 4429; x_wconf 81' lang='lat' dir='ltr'><strong>epist.</strong></span> <span class='ocrx_word' id='word_1_667' title='bbox 3625 4359 3732 4418; x_wconf 74' lang='lat'><strong>173</strong></span> <span class='ocrx_word' id='word_1_668' title='bbox 3757 4376 3886 4428; x_wconf 76' lang='lat' dir='ltr'><strong>pro-</strong></span> 
     </span>
    </p>
   </div>
   <div class='ocr_carea' id='block_1_91' title="bbox 2276 4451 3886 4523">
    <p class='ocr_par' dir='ltr' id='par_1_91' title="bbox 2276 4451 3886 4523">
     <span class='ocr_line' id='line_1_91' title="bbox 2276 4451 3886 4523; baseline 0.001 -17"><span class='ocrx_word' id='word_1_669' title='bbox 2276 4469 2480 4508; x_wconf 83' lang='lat' dir='ltr'><strong>vocans</strong></span> <span class='ocrx_word' id='word_1_670' title='bbox 2505 4453 2816 4523; x_wconf 74' lang='lat' dir='ltr'><strong>CriSpinum</strong></span> <span class='ocrx_word' id='word_1_671' title='bbox 2852 4453 3186 4506; x_wconf 85' lang='lat' dir='ltr'><strong>Donatistam</strong></span> <span class='ocrx_word' id='word_1_672' title='bbox 3211 4453 3278 4507; x_wconf 78' lang='lat' dir='ltr'><strong>ad</strong></span> <span class='ocrx_word' id='word_1_673' title='bbox 3304 4451 3688 4519; x_wconf 81' lang='lat' dir='ltr'><strong>Collationent,</strong></span> <span class='ocrx_word' id='word_1_674' title='bbox 3725 4454 3886 4522; x_wconf 71' lang='lat' dir='ltr'><strong>lop-</strong></span> 
     </span>
    </p>
   </div>
   <div class='ocr_carea' id='block_1_92' title="bbox 580 4541 3883 4616">
    <p class='ocr_par' dir='ltr' id='par_1_92' title="bbox 580 4541 3883 4616">
     <span class='ocr_line' id='line_1_92' title="bbox 580 4541 3883 4616; baseline 0.002 -21"><span class='ocrx_word' id='word_1_675' title='bbox 580 4543 722 4612; x_wconf 76' lang='lat' dir='ltr'><strong>apttd</strong></span> <span class='ocrx_word' id='word_1_676' title='bbox 749 4543 1034 4613; x_wconf 76' lang='lat' dir='ltr'><strong>episcopos,</strong></span> <span class='ocrx_word' id='word_1_677' title='bbox 1063 4557 1190 4610; x_wconf 74' lang='lat' dir='ltr'><strong>quos</strong></span> <span class='ocrx_word' id='word_1_678' title='bbox 1221 4557 1516 4594; x_wconf 78' lang='lat' dir='ltr'><strong>communes</strong></span> <span class='ocrx_word' id='word_1_679' title='bbox 1546 4558 1647 4596; x_wconf 87' lang='lat' dir='ltr'><strong>non</strong></span> <span class='ocrx_word' id='word_1_680' title='bbox 1673 4541 2006 4611; x_wconf 74' lang='lat' dir='ltr'><strong>habebamus,</strong></span> <span class='ocrx_word' id='word_1_681' title='bbox 2040 4546 2171 4600; x_wconf 74' lang='lat' dir='ltr'><strong>nihil</strong></span> <span class='ocrx_word' id='word_1_682' title='bbox 2195 4551 2250 4614; x_wconf 84' lang='lat' dir='ltr'><strong>D</strong></span> <span class='ocrx_word' id='word_1_683' title='bbox 2279 4549 2555 4616; x_wconf 70' lang='lat' dir='ltr'><strong>patienter,</strong></span> <span class='ocrx_word' id='word_1_684' title='bbox 2589 4545 2792 4616; x_wconf 91' lang='lat' dir='ltr'><strong>inquit,</strong></span> <span class='ocrx_word' id='word_1_685' title='bbox 2823 4543 2998 4598; x_wconf 73' lang='lat' dir='ltr'><strong>ambos</strong></span> <span class='ocrx_word' id='word_1_686' title='bbox 3022 4560 3114 4597; x_wconf 82' lang='lat' dir='ltr'><strong>nos</strong></span> <span class='ocrx_word' id='word_1_687' title='bbox 3137 4544 3376 4609; x_wconf 76' lang='lat' dir='ltr'><strong>audiant,</strong></span> <span class='ocrx_word' id='word_1_688' title='bbox 3404 4545 3476 4598; x_wconf 83' lang='lat' dir='ltr'><strong>ita</strong></span> <span class='ocrx_word' id='word_1_689' title='bbox 3497 4555 3547 4598; x_wconf 78' lang='lat' dir='ltr'><strong>ut</strong></span> <span class='ocrx_word' id='word_1_690' title='bbox 3580 4547 3883 4601; x_wconf 68' lang='lat' dir='ltr'><strong>scribantur</strong></span> 
     </span>
    </p>
   </div>
   <div class='ocr_carea' id='block_1_93' title="bbox 575 4634 2171 4708">
    <p class='ocr_par' dir='ltr' id='par_1_93' title="bbox 575 4634 2171 4708">
     <span class='ocr_line' id='line_1_93' title="bbox 575 4634 2171 4708; baseline 0.001 -17"><span class='ocrx_word' id='word_1_691' title='bbox 575 4653 728 4708; x_wconf 82' lang='lat' dir='ltr'><strong>agere</strong></span> <span class='ocrx_word' id='word_1_692' title='bbox 757 4644 1076 4706; x_wconf 74' lang='lat' dir='ltr'><strong>poteramus.</strong></span> <span class='ocrx_word' id='word_1_693' title='bbox 1121 4634 1272 4702; x_wconf 82' lang='lat' dir='ltr'><strong>Quod</strong></span> <span class='ocrx_word' id='word_1_694' title='bbox 1300 4650 1422 4688; x_wconf 84' lang='lat' dir='ltr'><strong>vero</strong></span> <span class='ocrx_word' id='word_1_695' title='bbox 1447 4645 1565 4688; x_wconf 83' lang='lat' dir='ltr'><strong>ante</strong></span> <span class='ocrx_word' id='word_1_696' title='bbox 1592 4645 1798 4690; x_wconf 80' lang='lat' dir='ltr'><strong>cent-unt</strong></span> <span class='ocrx_word' id='word_1_697' title='bbox 1831 4640 1988 4707; x_wconf 78' lang='lat' dir='ltr'><strong>ferme</strong></span> <span class='ocrx_word' id='word_1_698' title='bbox 2010 4654 2171 4693; x_wconf 74' lang='lat' dir='ltr'><strong>annos</strong></span> 
     </span>
    </p>
   </div>
   <div class='ocr_carea' id='block_1_94' title="bbox 585 4727 2174 4799">
    <p class='ocr_par' dir='ltr' id='par_1_94' title="bbox 585 4727 2174 4799">
     <span class='ocr_line' id='line_1_94' title="bbox 585 4727 2174 4799; baseline 0.002 -18"><span class='ocrx_word' id='word_1_699' title='bbox 585 4729 808 4791; x_wconf 80' lang='lat' dir='ltr'><strong>maiores</strong></span> <span class='ocrx_word' id='word_1_700' title='bbox 837 4729 1000 4781; x_wconf 78' lang='lat' dir='ltr'><strong>nostri</strong></span> <span class='ocrx_word' id='word_1_701' title='bbox 1031 4742 1146 4780; x_wconf 85' lang='lat' dir='ltr'><strong>cum</strong></span> <span class='ocrx_word' id='word_1_702' title='bbox 1164 4727 1227 4779; x_wconf 74' lang='lat' dir='ltr'><strong>iis</strong></span> <span class='ocrx_word' id='word_1_703' title='bbox 1257 4735 1484 4799; x_wconf 79' lang='lat' dir='ltr'><strong>egerant,</strong></span> <span class='ocrx_word' id='word_1_704' title='bbox 1505 4729 1616 4799; x_wconf 85' lang='lat' dir='ltr'><strong>jam</strong></span> <span class='ocrx_word' id='word_1_705' title='bbox 1645 4727 1954 4797; x_wconf 80' lang='lat' dir='ltr'><strong>populorum</strong></span> <span class='ocrx_word' id='word_1_706' title='bbox 1982 4746 2174 4784; x_wconf 87' lang='lat' dir='ltr'><strong>memo-</strong></span> 
     </span>
    </p>
   </div>
   <div class='ocr_carea' id='block_1_95' title="bbox 572 4817 2171 4892">
    <p class='ocr_par' dir='ltr' id='par_1_95' title="bbox 572 4817 2171 4892">
     <span class='ocr_line' id='line_1_95' title="bbox 572 4817 2171 4892; baseline 0.002 -19"><span class='ocrx_word' id='word_1_707' title='bbox 572 4820 706 4873; x_wconf 86' lang='lat' dir='ltr'><strong>riam</strong></span> <span class='ocrx_word' id='word_1_708' title='bbox 747 4835 849 4874; x_wconf 79' lang='lat' dir='ltr'><strong>nen</strong></span> <span class='ocrx_word' id='word_1_709' title='bbox 894 4819 1112 4874; x_wconf 84' lang='lat' dir='ltr'><strong>tenebat.</strong></span> <span class='ocrx_word' id='word_1_710' title='bbox 1159 4817 1287 4872; x_wconf 70' lang='lat' dir='ltr'><strong>Hcce</strong></span> <span class='ocrx_word' id='word_1_711' title='bbox 1318 4819 1479 4887; x_wconf 85' lang='lat' dir='ltr'><strong>igitur</strong></span> <span class='ocrx_word' id='word_1_712' title='bbox 1514 4819 1791 4874; x_wconf 77' lang='lat' dir='ltr'><strong>necessitas</strong></span> <span class='ocrx_word' id='word_1_713' title='bbox 1817 4823 2078 4892; x_wconf 83' lang='lat' dir='ltr'><strong>compulit,</strong></span> <span class='ocrx_word' id='word_1_714' title='bbox 2114 4831 2171 4876; x_wconf 76' lang='lat' dir='ltr'><strong>ut</strong></span> 
     </span>
    </p>
   </div>
   <div class='ocr_carea' id='block_1_96' title="bbox 573 4909 2172 4983">
    <p class='ocr_par' dir='ltr' id='par_1_96' title="bbox 573 4909 2172 4983">
     <span class='ocr_line' id='line_1_96' title="bbox 573 4909 2172 4983; baseline 0.002 -18"><span class='ocrx_word' id='word_1_715' title='bbox 573 4911 753 4965; x_wconf 72' lang='lat' dir='ltr'><strong>saltent</strong></span> <span class='ocrx_word' id='word_1_716' title='bbox 781 4911 937 4983; x_wconf 75' lang='lat' dir='ltr'><strong>gestis</strong></span> <span class='ocrx_word' id='word_1_717' title='bbox 959 4919 1133 4964; x_wconf 78' lang='lat' dir='ltr'><strong>nostra</strong></span> <span class='ocrx_word' id='word_1_718' title='bbox 1161 4909 1438 4963; x_wconf 69' lang='lat' dir='ltr'><strong>collatione</strong></span> <span class='ocrx_word' id='word_1_719' title='bbox 1459 4909 1725 4978; x_wconf 74' lang='lat' dir='ltr'><strong>confectis,</strong></span> <span class='ocrx_word' id='word_1_720' title='bbox 1757 4925 1932 4965; x_wconf 82' lang='lat' dir='ltr'><strong>eorum</strong></span> <span class='ocrx_word' id='word_1_721' title='bbox 1954 4924 2172 4969; x_wconf 82' lang='lat' dir='ltr'><strong>contun-</strong></span> 
     </span>
    </p>
   </div>
   <div class='ocr_carea' id='block_1_97' title="bbox 578 5004 2165 5074">
    <p class='ocr_par' dir='ltr' id='par_1_97' title="bbox 578 5004 2165 5074">
     <span class='ocr_line' id='line_1_97' title="bbox 578 5004 2165 5074; baseline 0.003 -16"><span class='ocrx_word' id='word_1_722' title='bbox 578 5004 811 5058; x_wconf 78' lang='lat' dir='ltr'><strong>deremus</strong></span> <span class='ocrx_word' id='word_1_723' title='bbox 858 5004 1302 5068; x_wconf 77' lang='lat' dir='ltr'><strong>inuerecundiam,</strong></span> <span class='ocrx_word' id='word_1_724' title='bbox 1348 5009 1394 5057; x_wconf 86' lang='lat' dir='ltr'><strong>et</strong></span> <span class='ocrx_word' id='word_1_725' title='bbox 1431 5005 1826 5074; x_wconf 80' lang='lat' dir='ltr'><strong>reprimeremua</strong></span> <span class='ocrx_word' id='word_1_726' title='bbox 1871 5007 2165 5064; x_wconf 66' lang='lat' dir='ltr'><strong>audaciam.</strong></span> 
     </span>
    </p>
   </div>
   <div class='ocr_carea' id='block_1_98' title="bbox 573 5095 2172 5171">
    <p class='ocr_par' dir='ltr' id='par_1_98' title="bbox 573 5095 2172 5171">
     <span class='ocr_line' id='line_1_98' title="bbox 573 5095 2172 5171; baseline 0.001 -18"><span class='ocrx_word' id='word_1_727' title='bbox 573 5097 701 5153; x_wconf 80' lang='lat' dir='ltr'><strong>Haec</strong></span> <span class='ocrx_word' id='word_1_728' title='bbox 729 5098 838 5154; x_wconf 89' lang='lat' dir='ltr'><strong>ille.</strong></span> <span class='ocrx_word' id='word_1_729' title='bbox 887 5097 1004 5152; x_wconf 86' lang='lat' dir='ltr'><strong>Etsi</strong></span> <span class='ocrx_word' id='word_1_730' title='bbox 1035 5108 1213 5152; x_wconf 89' lang='lat' dir='ltr'><strong>autem</strong></span> <span class='ocrx_word' id='word_1_731' title='bbox 1247 5095 1350 5153; x_wconf 81' lang='lat' dir='ltr'><strong>hoc</strong></span> <span class='ocrx_word' id='word_1_732' title='bbox 1397 5111 1568 5166; x_wconf 86' lang='lat' dir='ltr'><strong>genus</strong></span> <span class='ocrx_word' id='word_1_733' title='bbox 1594 5095 1913 5154; x_wconf 80' lang='lat' dir='ltr'><strong>Collationis</strong></span> <span class='ocrx_word' id='word_1_734' title='bbox 1941 5099 2172 5171; x_wconf 85' lang='lat' dir='ltr'><strong>quodam</strong></span> 
     </span>
    </p>
   </div>
   <div class='ocr_carea' id='block_1_99' title="bbox 575 5188 2172 5264">
    <p class='ocr_par' dir='ltr' id='par_1_99' title="bbox 575 5188 2172 5264">
     <span class='ocr_line' id='line_1_99' title="bbox 575 5188 2172 5264; baseline 0.002 -18"><span class='ocrx_word' id='word_1_735' title='bbox 575 5191 737 5246; x_wconf 90' lang='lat' dir='ltr'><strong>modo</strong></span> <span class='ocrx_word' id='word_1_736' title='bbox 771 5191 1276 5246; x_wconf 79' lang='lat' dir='ltr'><strong>extraordinarium</strong></span> <span class='ocrx_word' id='word_1_737' title='bbox 1329 5188 1511 5257; x_wconf 77' lang='lat' dir='ltr'><strong>fuerit,</strong></span> <span class='ocrx_word' id='word_1_738' title='bbox 1563 5199 1618 5245; x_wconf 86' lang='lat' dir='ltr'><strong>et</strong></span> <span class='ocrx_word' id='word_1_739' title='bbox 1666 5191 1721 5245; x_wconf 91' lang='lat' dir='ltr'><strong>in</strong></span> <span class='ocrx_word' id='word_1_740' title='bbox 1768 5190 1948 5247; x_wconf 81' lang='lat' dir='ltr'><strong>Africa</strong></span> <span class='ocrx_word' id='word_1_741' title='bbox 2001 5195 2172 5264; x_wconf 86' lang='lat' dir='ltr'><strong>magis</strong></span> 
     </span>
    </p>
   </div>
   <div class='ocr_carea' id='block_1_100' title="bbox 575 5282 2171 5355">
    <p class='ocr_par' dir='ltr' id='par_1_100' title="bbox 575 5282 2171 5355">
     <span class='ocr_line' id='line_1_100' title="bbox 575 5282 2171 5355; baseline 0.002 -18"><span class='ocrx_word' id='word_1_742' title='bbox 575 5299 738 5353; x_wconf 86' lang='lat' dir='ltr'><strong>quam</strong></span> <span class='ocrx_word' id='word_1_743' title='bbox 764 5283 893 5338; x_wconf 86' lang='lat' dir='ltr'><strong>alibi</strong></span> <span class='ocrx_word' id='word_1_744' title='bbox 914 5324 929 5349; x_wconf 92' lang='lat'><strong>,</strong></span> <span class='ocrx_word' id='word_1_745' title='bbox 964 5282 1124 5337; x_wconf 79' lang='lat' dir='ltr'><strong>fuerit</strong></span> <span class='ocrx_word' id='word_1_746' title='bbox 1148 5283 1436 5351; x_wconf 84' lang='lat' dir='ltr'><strong>usitatum,</strong></span> <span class='ocrx_word' id='word_1_747' title='bbox 1469 5292 1648 5338; x_wconf 86' lang='lat' dir='ltr'><strong>tamen</strong></span> <span class='ocrx_word' id='word_1_748' title='bbox 1680 5284 1902 5339; x_wconf 86' lang='lat' dir='ltr'><strong>memini</strong></span> <span class='ocrx_word' id='word_1_749' title='bbox 1934 5284 2171 5355; x_wconf 85' lang='lat' dir='ltr'><strong>Epipha-</strong></span> 
     </span>
    </p>
   </div>
   <div class='ocr_carea' id='block_1_101' title="bbox 571 5373 2166 5448">
    <p class='ocr_par' dir='ltr' id='par_1_101' title="bbox 571 5373 2166 5448">
     <span class='ocr_line' id='line_1_101' title="bbox 571 5373 2166 5448; baseline 0.003 -20"><span class='ocrx_word' id='word_1_750' title='bbox 571 5375 721 5428; x_wconf 86' lang='lat' dir='ltr'><strong>nium</strong></span> <span class='ocrx_word' id='word_1_751' title='bbox 753 5373 1045 5444; x_wconf 84' lang='lat' dir='ltr'><strong>scripsisse</strong></span> <span class='ocrx_word' id='word_1_752' title='bbox 1072 5388 1178 5428; x_wconf 90' lang='lat' dir='ltr'><strong>non</strong></span> <span class='ocrx_word' id='word_1_753' title='bbox 1207 5375 1526 5429; x_wconf 80' lang='lat' dir='ltr'><strong>dissimilem</strong></span> <span class='ocrx_word' id='word_1_754' title='bbox 1548 5374 1858 5447; x_wconf 83' lang='lat' dir='ltr'><strong>disputandi</strong></span> <span class='ocrx_word' id='word_1_755' title='bbox 1886 5379 2166 5448; x_wconf 79' lang='lat' dir='ltr'><strong>praesenti-</strong></span> 
     </span>
    </p>
   </div>
   <div class='ocr_carea' id='block_1_102' title="bbox 572 5464 2169 5538">
    <p class='ocr_par' dir='ltr' id='par_1_102' title="bbox 572 5464 2169 5538">
     <span class='ocr_line' id='line_1_102' title="bbox 572 5464 2169 5538; baseline 0.003 -18"><span class='ocrx_word' id='word_1_756' title='bbox 572 5466 674 5520; x_wconf 86' lang='lat' dir='ltr'><strong>bus</strong></span> <span class='ocrx_word' id='word_1_757' title='bbox 697 5466 925 5520; x_wconf 86' lang='lat' dir='ltr'><strong>notariis</strong></span> <span class='ocrx_word' id='word_1_758' title='bbox 951 5504 965 5529; x_wconf 97' lang='lat'><strong>,</strong></span> <span class='ocrx_word' id='word_1_759' title='bbox 996 5464 1085 5533; x_wconf 87' lang='lat' dir='ltr'><strong>qui</strong></span> <span class='ocrx_word' id='word_1_760' title='bbox 1117 5473 1267 5534; x_wconf 79' lang='lat' dir='ltr'><strong>gesta</strong></span> <span class='ocrx_word' id='word_1_761' title='bbox 1299 5467 1650 5538; x_wconf 75' lang='lat' dir='ltr'><strong>exciperent,</strong></span> <span class='ocrx_word' id='word_1_762' title='bbox 1686 5477 2012 5538; x_wconf 80' lang='lat' dir='ltr'><strong>potestatem</strong></span> <span class='ocrx_word' id='word_1_763' title='bbox 2037 5484 2169 5524; x_wconf 87' lang='lat' dir='ltr'><strong>cnn-</strong></span> 
     </span>
    </p>
   </div>
   <div class='ocr_carea' id='block_1_103' title="bbox 570 5556 2166 5626">
    <p class='ocr_par' dir='ltr' id='par_1_103' title="bbox 570 5556 2166 5626">
     <span class='ocr_line' id='line_1_103' title="bbox 570 5556 2166 5626; baseline 0.002 -12"><span class='ocrx_word' id='word_1_764' title='bbox 570 5572 781 5614; x_wconf 81' lang='lat' dir='ltr'><strong>eessam</strong></span> <span class='ocrx_word' id='word_1_765' title='bbox 827 5559 895 5612; x_wconf 83' lang='lat' dir='ltr'><strong>ab</strong></span> <span class='ocrx_word' id='word_1_766' title='bbox 945 5556 1269 5626; x_wconf 81' lang='lat' dir='ltr'><strong>imperatore</strong></span> <span class='ocrx_word' id='word_1_767' title='bbox 1311 5556 1675 5613; x_wconf 83' lang='lat' dir='ltr'><strong>Constantino</strong></span> <span class='ocrx_word' id='word_1_768' title='bbox 1719 5559 1886 5616; x_wconf 79' lang='lat' dir='ltr'><strong>fuisse</strong></span> <span class='ocrx_word' id='word_1_769' title='bbox 1936 5560 2166 5617; x_wconf 86' lang='lat' dir='ltr'><strong>Photino</strong></span> 
     </span>
    </p>
   </div>
   <div class='ocr_carea' id='block_1_104' title="bbox 575 5647 2164 5722">
    <p class='ocr_par' dir='ltr' id='par_1_104' title="bbox 575 5647 2164 5722">
     <span class='ocr_line' id='line_1_104' title="bbox 575 5647 2164 5722; baseline 0.003 -19"><span class='ocrx_word' id='word_1_770' title='bbox 575 5648 837 5705; x_wconf 60' lang='lat' dir='ltr'><strong>heretico</strong></span> <span class='ocrx_word' id='word_1_771' title='bbox 857 5648 970 5719; x_wconf 87' lang='lat' dir='ltr'><strong>jam</strong></span> <span class='ocrx_word' id='word_1_772' title='bbox 997 5647 1199 5719; x_wconf 84' lang='lat' dir='ltr'><strong>alioqui</strong></span> <span class='ocrx_word' id='word_1_773' title='bbox 1221 5649 1272 5703; x_wconf 90' lang='lat' dir='ltr'><strong>in</strong></span> <span class='ocrx_word' id='word_1_774' title='bbox 1297 5648 1608 5705; x_wconf 83' lang='lat' dir='ltr'><strong>Sardicensi</strong></span> <span class='ocrx_word' id='word_1_775' title='bbox 1634 5651 1842 5722; x_wconf 77' lang='lat' dir='ltr'><strong>synodo</strong></span> <span class='ocrx_word' id='word_1_776' title='bbox 1873 5651 2164 5708; x_wconf 88' lang='lat' dir='ltr'><strong>damnato:</strong></span> 
     </span>
    </p>
   </div>
   <div class='ocr_carea' id='block_1_105' title="bbox 586 5740 2172 5822">
    <p class='ocr_par' dir='ltr' id='par_1_105' title="bbox 586 5740 2172 5822">
     <span class='ocr_line' id='line_1_105' title="bbox 586 5740 2172 5822; baseline 0.006 -26"><span class='ocrx_word' id='word_1_777' title='bbox 586 5748 642 5796; x_wconf 87' lang='lat' dir='ltr'><strong>et</strong></span> <span class='ocrx_word' id='word_1_778' title='bbox 669 5742 888 5812; x_wconf 84' lang='lat' dir='ltr'><strong>quidem</strong></span> <span class='ocrx_word' id='word_1_779' title='bbox 917 5740 1060 5798; x_wconf 89' lang='lat' dir='ltr'><strong>inter</strong></span> <span class='ocrx_word' id='word_1_780' title='bbox 1087 5743 1364 5802; x_wconf 83' lang='lat' dir='ltr'><strong>auditores</strong></span> <span class='ocrx_word' id='word_1_781' title='bbox 1390 5743 1510 5814; x_wconf 88' lang='lat' dir='ltr'><strong>ejus</strong></span> <span class='ocrx_word' id='word_1_782' title='bbox 1537 5747 1918 5822; x_wconf 83' lang='lat' dir='ltr'><strong>disputationis</strong></span> <span class='ocrx_word' id='word_1_783' title='bbox 1941 5758 1998 5806; x_wconf 88' lang='lat' dir='ltr'><strong>et</strong></span> <span class='ocrx_word' id='word_1_784' title='bbox 2025 5749 2172 5806; x_wconf 87' lang='lat' dir='ltr'><strong>arbi-</strong></span> 
     </span>
    </p>
   </div>
   <div class='ocr_carea' id='block_1_106' title="bbox 2273 4636 3884 4712">
    <p class='ocr_par' dir='ltr' id='par_1_106' title="bbox 2273 4636 3884 4712">
     <span class='ocr_line' id='line_1_106' title="bbox 2273 4636 3884 4712; baseline 0 -19"><span class='ocrx_word' id='word_1_785' title='bbox 2273 4655 2388 4712; x_wconf 70' lang='lat' dir='ltr'><strong>qua!</strong></span> <span class='ocrx_word' id='word_1_786' title='bbox 2413 4639 2641 4693; x_wconf 72' lang='lat' dir='ltr'><strong>dicemus</strong></span> <span class='ocrx_word' id='word_1_787' title='bbox 2664 4679 2678 4703; x_wconf 95' lang='lat'><strong>,</strong></span> <span class='ocrx_word' id='word_1_788' title='bbox 2717 4647 2766 4692; x_wconf 77' lang='lat' dir='ltr'><strong>et</strong></span> <span class='ocrx_word' id='word_1_789' title='bbox 2803 4655 2836 4691; x_wconf 88' lang='lat' dir='ltr'><strong>o</strong></span> <span class='ocrx_word' id='word_1_790' title='bbox 2864 4637 3007 4691; x_wconf 78' lang='lat' dir='ltr'><strong>nobis</strong></span> <span class='ocrx_word' id='word_1_791' title='bbox 3034 4639 3232 4704; x_wconf 72' lang='lat' dir='ltr'><strong>scripta</strong></span> <span class='ocrx_word' id='word_1_792' title='bbox 3263 4638 3339 4692; x_wconf 73' lang='lat' dir='ltr'><strong>eis</strong></span> <span class='ocrx_word' id='word_1_793' title='bbox 3379 4636 3579 4692; x_wconf 81' lang='lat' dir='ltr'><strong>Punice</strong></span> <span class='ocrx_word' id='word_1_794' title='bbox 3623 4640 3884 4710; x_wconf 79' lang='lat' dir='ltr'><strong>interpre-</strong></span> 
     </span>
    </p>
   </div>
   <div class='ocr_carea' id='block_1_107' title="bbox 2275 4729 3880 4802">
    <p class='ocr_par' dir='ltr' id='par_1_107' title="bbox 2275 4729 3880 4802">
     <span class='ocr_line' id='line_1_107' title="bbox 2275 4729 3880 4802; baseline 0.001 -17"><span class='ocrx_word' id='word_1_795' title='bbox 2275 4742 2447 4787; x_wconf 79' lang='lat' dir='ltr'><strong>tentur</strong></span> <span class='ocrx_word' id='word_1_796' title='bbox 2470 4773 2486 4797; x_wconf 97' lang='lat'><strong>,</strong></span> <span class='ocrx_word' id='word_1_797' title='bbox 2536 4739 2582 4783; x_wconf 80' lang='lat' dir='ltr'><strong>et</strong></span> <span class='ocrx_word' id='word_1_798' title='bbox 2625 4740 2822 4784; x_wconf 86' lang='lat' dir='ltr'><strong>remoto</strong></span> <span class='ocrx_word' id='word_1_799' title='bbox 2861 4731 3043 4784; x_wconf 82' lang='lat' dir='ltr'><strong>timore</strong></span> <span class='ocrx_word' id='word_1_800' title='bbox 3085 4729 3453 4784; x_wconf 72' lang='lat' dir='ltr'><strong>dominationis</strong></span> <span class='ocrx_word' id='word_1_801' title='bbox 3495 4730 3692 4801; x_wconf 71' lang='lat' dir='ltr'><strong>eligant</strong></span> <span class='ocrx_word' id='word_1_802' title='bbox 3743 4734 3880 4802; x_wconf 70' lang='lat' dir='ltr'><strong>quod</strong></span> 
     </span>
    </p>
   </div>
   <div class='ocr_carea' id='block_1_108' title="bbox 2274 4825 2553 4880">
    <p class='ocr_par' dir='ltr' id='par_1_108' title="bbox 2274 4825 2553 4880">
     <span class='ocr_line' id='line_1_108' title="bbox 2274 4825 2553 4880; baseline 0 0"><span class='ocrx_word' id='word_1_803' title='bbox 2274 4825 2553 4880; x_wconf 75' lang='lat' dir='ltr'><strong>voluerint.</strong></span> 
     </span>
    </p>
   </div>
   <div class='ocr_carea' id='block_1_109' title="bbox 2345 4916 3883 4989">
    <p class='ocr_par' dir='ltr' id='par_1_109' title="bbox 2345 4916 3883 4989">
     <span class='ocr_line' id='line_1_109' title="bbox 2345 4916 3883 4989; baseline 0.001 -15"><span class='ocrx_word' id='word_1_804' title='bbox 2345 4920 2585 4989; x_wconf 87' lang='lat' dir='ltr'><strong>Denique</strong></span> <span class='ocrx_word' id='word_1_805' title='bbox 2631 4917 3000 4989; x_wconf 79' lang='lat' dir='ltr'><strong>prospiciebat</strong></span> <span class='ocrx_word' id='word_1_806' title='bbox 3036 4917 3177 4988; x_wconf 85' lang='lat' dir='ltr'><strong>quod</strong></span> <span class='ocrx_word' id='word_1_807' title='bbox 3219 4916 3491 4975; x_wconf 78' lang='lat' dir='ltr'><strong>Catholici</strong></span> <span class='ocrx_word' id='word_1_808' title='bbox 3542 4921 3748 4976; x_wconf 88' lang='lat' dir='ltr'><strong>merito</strong></span> <span class='ocrx_word' id='word_1_809' title='bbox 3787 4937 3883 4976; x_wconf 71' lang='lat' dir='ltr'><strong>es-</strong></span> 
     </span>
    </p>
   </div>
   <div class='ocr_carea' id='block_1_110' title="bbox 2275 4997 3880 5082">
    <p class='ocr_par' dir='ltr' id='par_1_110' title="bbox 2275 4997 3880 5082">
     <span class='ocr_line' id='line_1_110' title="bbox 2275 4997 3880 5082; baseline 0.002 -17"><span class='ocrx_word' id='word_1_810' title='bbox 2275 5012 2608 5082; x_wconf 88' lang='lat' dir='ltr'><strong>probrarunt</strong></span> <span class='ocrx_word' id='word_1_811' title='bbox 2637 4997 2901 5080; x_wconf 83' lang='lat' dir='ltr'><strong>improbo</strong></span> <span class='ocrx_word' id='word_1_812' title='bbox 2941 5011 3018 5064; x_wconf 90' lang='lat' dir='ltr'><strong>illi</strong></span> <span class='ocrx_word' id='word_1_813' title='bbox 3061 5009 3339 5080; x_wconf 72' lang='lat' dir='ltr'><strong>Ephesiae</strong></span> <span class='ocrx_word' id='word_1_814' title='bbox 3373 5019 3431 5066; x_wconf 88' lang='lat' dir='ltr'><strong>et</strong></span> <span class='ocrx_word' id='word_1_815' title='bbox 3457 5023 3670 5066; x_wconf 77' lang='lat' dir='ltr'><strong>animo</strong></span> <span class='ocrx_word' id='word_1_816' title='bbox 3692 5015 3880 5069; x_wconf 80' lang='lat' dir='ltr'><strong>conci-</strong></span> 
     </span>
    </p>
   </div>
   <div class='ocr_carea' id='block_1_111' title="bbox 2278 5101 3877 5175">
    <p class='ocr_par' dir='ltr' id='par_1_111' title="bbox 2278 5101 3877 5175">
     <span class='ocr_line' id='line_1_111' title="bbox 2278 5101 3877 5175; baseline 0.002 -18"><span class='ocrx_word' id='word_1_817' title='bbox 2278 5104 2370 5171; x_wconf 92' lang='lat' dir='ltr'><strong>lio,</strong></span> <span class='ocrx_word' id='word_1_818' title='bbox 2415 5103 2556 5174; x_wconf 91' lang='lat' dir='ltr'><strong>quod</strong></span> <span class='ocrx_word' id='word_1_819' title='bbox 2597 5103 2980 5172; x_wconf 83' lang='lat' dir='ltr'><strong>reprobabant.</strong></span> <span class='ocrx_word' id='word_1_820' title='bbox 3024 5101 3156 5157; x_wconf 86' lang='lat' dir='ltr'><strong>Nam</strong></span> <span class='ocrx_word' id='word_1_821' title='bbox 3212 5104 3313 5156; x_wconf 81' lang='lat' dir='ltr'><strong>iuit</strong></span> <span class='ocrx_word' id='word_1_822' title='bbox 3363 5103 3484 5160; x_wconf 70' lang='lat' dir='ltr'><strong>haec</strong></span> <span class='ocrx_word' id='word_1_823' title='bbox 3520 5119 3742 5171; x_wconf 85' lang='lat' dir='ltr'><strong>eorum,</strong></span> <span class='ocrx_word' id='word_1_824' title='bbox 3790 5107 3877 5175; x_wconf 78' lang='lat' dir='ltr'><strong>qui</strong></span> 
     </span>
    </p>
   </div>
   <div class='ocr_carea' id='block_1_112' title="bbox 2275 5194 3877 5266">
    <p class='ocr_par' dir='ltr' id='par_1_112' title="bbox 2275 5194 3877 5266">
     <span class='ocr_line' id='line_1_112' title="bbox 2275 5194 3877 5266; baseline 0.001 -15"><span class='ocrx_word' id='word_1_825' title='bbox 2275 5194 2515 5251; x_wconf 83' lang='lat' dir='ltr'><strong>Flaviani</strong></span> <span class='ocrx_word' id='word_1_826' title='bbox 2554 5206 2773 5252; x_wconf 64' lang='lat' dir='ltr'><strong>cannam</strong></span> <span class='ocrx_word' id='word_1_827' title='bbox 2825 5202 3010 5266; x_wconf 83' lang='lat' dir='ltr'><strong>postea</strong></span> <span class='ocrx_word' id='word_1_828' title='bbox 3058 5202 3288 5265; x_wconf 83' lang='lat' dir='ltr'><strong>egerunt</strong></span> <span class='ocrx_word' id='word_1_829' title='bbox 3337 5195 3394 5251; x_wconf 92' lang='lat' dir='ltr'><strong>in</strong></span> <span class='ocrx_word' id='word_1_830' title='bbox 3440 5195 3877 5252; x_wconf 69' lang='lat' dir='ltr'><strong>Clialeedouensi</strong></span> 
     </span>
    </p>
   </div>
   <div class='ocr_carea' id='block_1_113' title="bbox 2274 5287 3875 5362">
    <p class='ocr_par' dir='ltr' id='par_1_113' title="bbox 2274 5287 3875 5362">
     <span class='ocr_line' id='line_1_113' title="bbox 2274 5287 3875 5362; baseline 0.001 -18"><span class='ocrx_word' id='word_1_831' title='bbox 2274 5289 2505 5361; x_wconf 81' lang='lat' dir='ltr'><strong>synodo,</strong></span> <span class='ocrx_word' id='word_1_832' title='bbox 2533 5289 2801 5359; x_wconf 77' lang='lat' dir='ltr'><strong>exceptio,</strong></span> <span class='ocrx_word' id='word_1_833' title='bbox 2835 5287 2937 5344; x_wconf 87' lang='lat' dir='ltr'><strong>Ubi</strong></span> <span class='ocrx_word' id='word_1_834' title='bbox 2963 5287 3128 5361; x_wconf 79' lang='lat' dir='ltr'><strong>gladii</strong></span> <span class='ocrx_word' id='word_1_835' title='bbox 3157 5299 3206 5343; x_wconf 74' lang='lat' dir='ltr'><strong>et</strong></span> <span class='ocrx_word' id='word_1_836' title='bbox 3233 5293 3418 5358; x_wconf 74' lang='lat' dir='ltr'><strong>fustes,</strong></span> <span class='ocrx_word' id='word_1_837' title='bbox 3445 5291 3615 5360; x_wconf 77' lang='lat' dir='ltr'><strong>quatis</strong></span> <span class='ocrx_word' id='word_1_838' title='bbox 3645 5292 3875 5362; x_wconf 70' lang='lat' dir='ltr'><strong>synodus</strong></span> 
     </span>
    </p>
   </div>
   <div class='ocr_carea' id='block_1_114' title="bbox 2273 5378 3873 5456">
    <p class='ocr_par' dir='ltr' id='par_1_114' title="bbox 2273 5378 3873 5456">
     <span class='ocr_line' id='line_1_114' title="bbox 2273 5378 3873 5456; baseline 0.002 -20"><span class='ocrx_word' id='word_1_839' title='bbox 2273 5382 2383 5436; x_wconf 74' lang='lat' dir='ltr'><strong>est?</strong></span> <span class='ocrx_word' id='word_1_840' title='bbox 2405 5381 2616 5436; x_wconf 82' lang='lat' dir='ltr'><strong>Interea</strong></span> <span class='ocrx_word' id='word_1_841' title='bbox 2648 5391 2830 5451; x_wconf 86' lang='lat' dir='ltr'><strong>patres</strong></span> <span class='ocrx_word' id='word_1_842' title='bbox 2855 5382 2948 5452; x_wconf 88' lang='lat' dir='ltr'><strong>qui</strong></span> <span class='ocrx_word' id='word_1_843' title='bbox 2975 5381 3042 5435; x_wconf 85' lang='lat' dir='ltr'><strong>ad</strong></span> <span class='ocrx_word' id='word_1_844' title='bbox 3069 5378 3576 5438; x_wconf 72' lang='lat' dir='ltr'><strong>Chalcedonensem</strong></span> <span class='ocrx_word' id='word_1_845' title='bbox 3602 5385 3873 5456; x_wconf 72' lang='lat' dir='ltr'><strong>synodu-</strong></span> 
     </span>
    </p>
   </div>
   <div class='ocr_carea' id='block_1_115' title="bbox 2273 5472 3873 5546">
    <p class='ocr_par' dir='ltr' id='par_1_115' title="bbox 2273 5472 3873 5546">
     <span class='ocr_line' id='line_1_115' title="bbox 2273 5472 3873 5546; baseline 0.001 -18"><span class='ocrx_word' id='word_1_846' title='bbox 2273 5487 2596 5539; x_wconf 88' lang='lat' dir='ltr'><strong>convenere,</strong></span> <span class='ocrx_word' id='word_1_847' title='bbox 2629 5487 2752 5528; x_wconf 87' lang='lat' dir='ltr'><strong>cum</strong></span> <span class='ocrx_word' id='word_1_848' title='bbox 2773 5481 3079 5528; x_wconf 82' lang='lat' dir='ltr'><strong>metuerent</strong></span> <span class='ocrx_word' id='word_1_849' title='bbox 3111 5472 3573 5546; x_wconf 80' lang='lat' dir='ltr'><strong>Eutycbianorum</strong></span> <span class='ocrx_word' id='word_1_850' title='bbox 3609 5478 3873 5530; x_wconf 70' lang='lat' dir='ltr'><strong>tumultus</strong></span> 
     </span>
    </p>
   </div>
   <div class='ocr_carea' id='block_1_116' title="bbox 2273 5567 3875 5639">
    <p class='ocr_par' dir='ltr' id='par_1_116' title="bbox 2273 5567 3875 5639">
     <span class='ocr_line' id='line_1_116' title="bbox 2273 5567 3875 5639; baseline 0.002 -17"><span class='ocrx_word' id='word_1_851' title='bbox 2273 5576 2328 5622; x_wconf 84' lang='lat' dir='ltr'><strong>et</strong></span> <span class='ocrx_word' id='word_1_852' title='bbox 2357 5582 2525 5633; x_wconf 89' lang='lat' dir='ltr'><strong>arma,</strong></span> <span class='ocrx_word' id='word_1_853' title='bbox 2560 5577 2826 5636; x_wconf 85' lang='lat' dir='ltr'><strong>rogarunt</strong></span> <span class='ocrx_word' id='word_1_854' title='bbox 2855 5581 2951 5636; x_wconf 87' lang='lat' dir='ltr'><strong>per</strong></span> <span class='ocrx_word' id='word_1_855' title='bbox 2980 5567 3190 5636; x_wconf 81' lang='lat' dir='ltr'><strong>legatos</strong></span> <span class='ocrx_word' id='word_1_856' title='bbox 3220 5567 3420 5623; x_wconf 75' lang='lat' dir='ltr'><strong>Leonis</strong></span> <span class='ocrx_word' id='word_1_857' title='bbox 3448 5582 3608 5636; x_wconf 64' lang='lat' dir='ltr'><strong>papa</strong></span> <span class='ocrx_word' id='word_1_858' title='bbox 3641 5570 3875 5639; x_wconf 80' lang='lat' dir='ltr'><strong>impera-</strong></span> 
     </span>
    </p>
   </div>
   <div class='ocr_carea' id='block_1_117' title="bbox 2275 5658 3870 5726">
    <p class='ocr_par' dir='ltr' id='par_1_117' title="bbox 2275 5658 3870 5726">
     <span class='ocr_line' id='line_1_117' title="bbox 2275 5658 3870 5726; baseline 0.002 -12"><span class='ocrx_word' id='word_1_859' title='bbox 2275 5670 2449 5714; x_wconf 87' lang='lat' dir='ltr'><strong>torem</strong></span> <span class='ocrx_word' id='word_1_860' title='bbox 2481 5658 2824 5723; x_wconf 76' lang='lat' dir='ltr'><strong>Martianum,</strong></span> <span class='ocrx_word' id='word_1_861' title='bbox 2879 5666 2939 5715; x_wconf 92' lang='lat' dir='ltr'><strong>ut</strong></span> <span class='ocrx_word' id='word_1_862' title='bbox 2973 5659 3192 5715; x_wconf 82' lang='lat' dir='ltr'><strong>adesset</strong></span> <span class='ocrx_word' id='word_1_863' title='bbox 3238 5659 3306 5714; x_wconf 82' lang='lat' dir='ltr'><strong>ad</strong></span> <span class='ocrx_word' id='word_1_864' title='bbox 3332 5658 3440 5712; x_wconf 77' lang='lat' dir='ltr'><strong>vim</strong></span> <span class='ocrx_word' id='word_1_865' title='bbox 3487 5659 3870 5726; x_wconf 66' lang='lat' dir='ltr'><strong>inhibendam;</strong></span> 
     </span>
    </p>
   </div>
   <div class='ocr_carea' id='block_1_118' title="bbox 2273 5751 3876 5830">
    <p class='ocr_par' dir='ltr' id='par_1_118' title="bbox 2273 5751 3876 5830">
     <span class='ocr_line' id='line_1_118' title="bbox 2273 5751 3876 5830; baseline 0.004 -23"><span class='ocrx_word' id='word_1_866' title='bbox 2273 5752 2475 5830; x_wconf 80' lang='lat' dir='ltr'><strong>alioqui</strong></span> <span class='ocrx_word' id='word_1_867' title='bbox 2503 5751 2623 5808; x_wconf 79' lang='lat' dir='ltr'><strong>sine</strong></span> <span class='ocrx_word' id='word_1_868' title='bbox 2653 5753 2745 5809; x_wconf 81' lang='lat' dir='ltr'><strong>tali</strong></span> <span class='ocrx_word' id='word_1_869' title='bbox 2771 5751 3023 5825; x_wconf 70' lang='lat' dir='ltr'><strong>praesidio</strong></span> <span class='ocrx_word' id='word_1_870' title='bbox 3039 5752 3192 5818; x_wconf 81' lang='lat' dir='ltr'><strong>nolle</strong></span> <span class='ocrx_word' id='word_1_871' title='bbox 3213 5766 3277 5808; x_wconf 80' lang='lat' dir='ltr'><strong>se</strong></span> <span class='ocrx_word' id='word_1_872' title='bbox 3295 5755 3600 5823; x_wconf 71' lang='lat' dir='ltr'><strong>convenire</strong></span> <span class='ocrx_word' id='word_1_873' title='bbox 3623 5754 3876 5812; x_wconf 70' lang='lat' dir='ltr'><strong>dixerunt</strong></span> 
     </span>
    </p>
   </div>
  </div>
