4134 6186
342 199 476 259 μοι

1247 198 1573 261 HISTORIA
1608 194 2211 261 CARTHAGINENSIS
2249 197 2726 259 COLLATIONIS.

3539 208 3685 273 θῦε

339 325 397 372 et
425 315 713 386 protestati
754 325 911 383 sunt,
940 324 1003 374 ut
1037 316 1193 373 testis
1221 324 1305 374 est
1350 315 1636 379 Liberatus
1658 310 1944 385 Carthang
1972 315 2031 379 Α
2053 313 2170 370 tulo
2189 314 2373 373 ornari
2398 315 2457 373 in
2483 314 2787 387 epitaphio,
2811 311 3188 385 Quodnam:
3214 316 3274 377 iu
3300 317 3421 385 τοεο
3448 320 3684 393 Traiano

339 408 553 478 aeneis,
575 423 699 480 cap.
730 407 951 466 decimo
978 409 1158 466 tertio.

409 500 701 558 Postremo
724 510 784 558 et
828 500 965 565 illud
995 498 1397 557 observandum
1422 507 1529 567 est,
1561 504 1623 556 ut
1652 498 1951 557 Donatistae

340 602 519 651 actum
558 593 819 665 agebant,
868 594 949 651 sic
993 592 1369 653 Marcellinum
1411 590 1553 662 juris
1591 592 1817 655 minime
1854 599 1947 649 aut

339 685 469 744 novi
495 695 590 744 aut
624 686 776 745 dubii
801 686 1070 745 arbitrum
1099 685 1270 742 fuisse
1297 702 1312 741 :
1345 692 1402 742 et
1421 684 1549 743 facti
1577 685 1759 756 potius
1783 700 1943 756 quam

332 781 474 854 juris
502 778 677 836 fuisse
702 779 1082 850 qumsitorem,
1112 785 1169 834 et
1197 777 1419 849 quidem
1462 776 1825 849 cognitionem
1865 776 1946 832 illi

339 873 519 945 petitis
545 887 709 943 quam
749 870 1197 942 jurisdictionem
1222 870 1467 926 mandari
1497 887 1510 923 :
1542 870 1773 940 denique
1797 868 1947 939 judi-

337 979 459 1021 cem
505 978 630 1020 cum
652 962 895 1018 formula
940 961 1059 1018 dari
1088 979 1102 1015 :
1135 969 1195 1016 ut
1221 961 1357 1017 olim
1395 976 1577 1017 rerum
1612 960 1945 1031 privatarum

331 1055 545 1126 judices
577 1055 768 1126 privati
811 1070 845 1110 a
888 1062 1127 1125 praetore
1156 1053 1443 1109 dabantur.
1492 1052 1601 1111 Sed
1632 1067 1807 1123 neque
1860 1053 1947 1109 hic

335 1148 531 1205 sedere
570 1147 742 1203 voluit
768 1145 1142 1213 Marcellinus,
1174 1145 1279 1201 nisi
1307 1146 1352 1201 si
1385 1144 1945 1202 assiderentcollocu-

332 1245 481 1295 tores
512 1256 528 1292 :
570 1252 696 1301 cum
736 1246 917 1293 tamen
949 1237 1002 1291 in
1027 1235 1239 1306 judicio
1264 1234 1414 1292 civili
1441 1236 1594 1292 solus
1639 1236 1825 1295 sedeat
1858 1235 1946 1306 ju—

333 1331 462 1398 dcx,
488 1341 637 1388 stare
661 1337 844 1391 autem
867 1329 1166 1401 iubeantur
1194 1329 1518 1402 litigatores.
1550 1331 1793 1402 Denique
1820 1344 1947 1401 pro-.

333 1431 588 1490 testatur,
619 1424 767 1496 quod
793 1423 1188 1481 Constantinus
1209 1421 1263 1479 in
1305 1422 1529 1483 Nicaeae
1553 1423 1788 1479 concilio
1819 1437 1949 1494 pro-

334 1525 567 1574 testatus
610 1527 731 1574 erat
770 1517 972 1574 sedens
1020 1518 1077 1572 in
1118 1516 1231 1573 imo
1259 1515 1543 1575 subsellio.
1579 1517 1643 1571 Et
1678 1526 1857 1572 tamen
1885 1523 1947 1572 ut

340 1610 572 1666 Collatia
598 1610 812 1667 diversa
842 1608 945 1667 fuit
970 1608 1069 1666 abs
1096 1609 1303 1665 forensi
1327 1608 1510 1679 aliquo
1524 1607 1752 1678 judicio,
1783 1608 1864 1664 sic
1889 1614 1945 1662 et

2052 407 2352 479 prostabat.
2407 408 2601 467 Exstat
2653 407 2752 469 lib.
2798 422 2879 463 xu
2919 404 3045 462 cod.
3096 408 3299 475 titulus
3329 427 3422 481 ,vu
3456 413 3530 481 de
3563 413 3684 483 Pri,-

2051 499 2283 557 micerio
2309 506 2364 555 et
2403 500 2653 568 notariis,
2683 501 2777 561 ubi
2820 506 2880 555 et
2908 498 2979 557 de
3025 498 3269 563 tribunis
3305 506 3531 567 notariis
3559 507 3678 578 agi-

2052 601 2158 650 tur.
2206 592 2264 648 In
2311 591 2605 649 Theodosii
2637 592 2758 665 lege
2789 590 3060 661 scriptum
3106 602 3193 649 est
3240 610 3255 647 :
3294 592 3572 671 Praecipua
3601 607 3677 661 est

2055 693 2244 739 nostra:
2297 685 2503 755 pietatis
2580 685 2800 739 intentio
2855 684 2996 737 circa
3063 685 3392 743 notariorum
3466 704 3674 749 nomen.

2052 775 2258 832 Deinde
2304 778 2355 830 in
2408 776 2529 847 lege
2575 776 2776 833 Leonis
2807 774 2948 845 lmp.
2985 772 3311 833 Prwclaram
3355 776 3674 848 nobilemque

2051 869 2289 924 militiam
2314 869 2675 940 spectabilium
2707 868 3044 931 tribunorum
3073 869 3422 937 notariorum,
3462 870 3674 929 diversis

2051 960 2417 1030 beneﬁciorum
2446 961 2613 1016 titulis
2636 960 2973 1017 muniendam
2998 960 3259 1015 credimus
3285 968 3333 1015 et
3360 961 3668 1032 augendam.

2055 1052 2322 1109 Videntur
2370 1053 2424 1107 hi
2452 1053 2653 1109 notarii
2700 1053 2872 1108 fuisse
2904 1049 2997 1121 qui
3037 1066 3183 1108 nunc
3208 1050 3465 1107 dicuntur
3488 1067 3670 1108 secre-

2050 1142 2174 1198 tarii
2197 1158 2387 1214 regum
2429 1144 2483 1199 in
2513 1142 2710 1201 Gallia.
2738 1141 3104 1209 Theodosius,
3132 1142 3188 1198 in
3215 1143 3253 1197 l.
3278 1158 3357 1198 xu
3385 1141 3447 1199 C.
3479 1142 3549 1200 de
3568 1158 3665 1199 ex.-

2048 1248 2168 1292 cus.
2217 1252 2344 1291 muu
2377 1253 2390 1289 :
2437 1235 2668 1304 Notarii,
2722 1235 2924 1307 inquit,
2956 1235 3118 1291 nostri
3167 1251 3200 1290 a
3228 1235 3455 1290 sordidis
3492 1252 3669 1293 mune-

2049 1326 2198 1382 ribus
2224 1314 2550 1383 exoriuntur.

2120 1412 2519 1490 Qualis‘autem
2548 1431 2896 1493 quantusque
2941 1420 3023 1475 vir
3062 1419 3231 1476 fuerit
3270 1419 3362 1476 hic
3401 1420 3668 1479 Marcelli-

2050 1528 2176 1582 nus,
2219 1529 2382 1585 quam
2428 1530 2619 1585 aequus
2665 1514 2898 1583 arbiter,
2939 1528 3106 1584 quam
3134 1513 3448 1569 moderatus
3474 1514 3667 1585 judex,

2047 1606 2164 1676 ipsa
2192 1606 2354 1676 hujus
2385 1605 2711 1661 Collationis
2746 1614 2866 1662 acta
2893 1605 3095 1661 melius
3123 1603 3386 1663 indicant.
3416 1605 3663 1663 Dicerem

337 1703 409 1759 ab
452 1703 837 1760 Eeclesiastico
863 1702 1122 1769 concilio,
1166 1703 1219 1758 in
1246 1717 1358 1773 quo
1389 1703 1566 1773 potius
1585 1702 1799 1773 judices
1821 1709 1947 1758 sunt
1974 1708 2023 1772 Β
2051 1697 2197 1768 quod
2224 1698 2450 1754 Orosius
2472 1696 2627 1765 dicit,
2657 1699 2837 1759 virum
2854 1697 3126 1767 imprimis
3153 1697 3476 1769 prudentem
3500 1698 3667 1756 fuisse

330 1795 624 1852 antistites.
667 1794 838 1864 Quam
881 1803 1067 1851 autem
1095 1794 1357 1862 demisse,
1404 1803 1799 1863 temperanter,
1828 1809 1948 1851 mo-

333 1885 509 1953 deste,
540 1885 629 1941 hic
669 1901 731 1943 se
754 1886 991 1957 gesserit
1018 1884 1368 1941 Marcellinus
1391 1928 1407 1954 ,
1440 1893 1562 1941 acta
1605 1884 1721 1956 ipsa
1752 1885 1949 1941 melius

334 1977 647 2035 Ostendent.
687 1976 902 2033 Nullam
950 1987 1132 2033 autem
1182 1976 1272 2034 hic
1317 1976 1436 2032 fieri
1468 1977 1804 2035 mentionem
1834 1976 1954 2047 epi-

336 2071 488 2142 scopi
515 2070 767 2138 Romani,
790 2084 899 2126 non
923 2069 1235 2135 mirabitur,
1265 2070 1382 2140 qui,
1405 2084 1528 2140 qua:
1547 2068 1662 2138 jam
1686 2068 1822 2135 dixi,
1846 2082 1941 2124 ex-

336 2164 555 2235 pendet.
580 2164 725 2219 Eum
742 2171 893 2219 certe
916 2162 1314 2221 reverebantur
1330 2170 1387 2219 et
1411 2161 1781 2219 observabant
1804 2160 1947 2227 Afri,

339 2257 551 2313 tametsi
583 2257 643 2312 in
661 2256 904 2313 concilio
923 2255 1236 2311 Milevitana
1264 2264 1323 2312 et
1348 2253 1791 2325 Carthagineasi,
1820 2267 1947 2311 cum

336 2363 491 2405 suam
534 2349 589 2404 in
628 2358 865 2420 utroque
895 2347 1225 2405 sententiam
1257 2345 1326 2403 de
1365 2345 1679 2417 Pelagianis
1716 2346 1784 2402 ad
1818 2360 1947 2403 eum

336 2444 673 2510 retulissent,
719 2442 973 2498 dicantur
1013 2440 1404 2497 transmarinas
1454 2440 1663 2510 alioqui
1703 2440 1948 2512 appella-

340 2535 519 2591 tiones
544 2534 863 2590 inhibuisse.
892 2532 1004 2591 Sed
1032 2548 1211 2604 neque
1231 2532 1671 2602 praetereundum
1692 2545 1780 2591 εει
1799 2532 1948 2604 quod

337 2630 645 2694 observant,
673 2644 785 2701 quo
826 2637 1075 2698 tempore
1120 2627 1238 2683 brec
1264 2625 1505 2683 Collatia
1535 2628 1805 2696 postulata
1835 2636 1941 2695 est,

338 2738 409 2779 eo
434 2733 679 2793 tempore
708 2720 1088 2778 Innocentium
1113 2720 1426 2791 episcopum
1457 2718 1645 2788 Rom.,
1683 2721 1826 2778 Urbe
1843 2721 1948 2783 abs

337 2814 530 2873 Gothis
549 2823 728 2886 capta,
757 2816 915 2885 longe
940 2812 1086 2885 aliud
1108 2813 1252 2868 domi
1276 2810 1529 2867 habuisse
1554 2812 1701 2883 quod
1728 2822 1943 2885 ageret.

341 2912 410 2966 Et
443 2910 577 2981 quid
603 2910 648 2966 si
674 2909 851 2966 dicam
876 2924 1000 2965 eum
1032 2908 1347 2965 Honoriano
1369 2906 1641 2978 rescripto
1668 2907 1942 2965 mandata

338 3002 656 3059 Collationis
683 3003 848 3059 veluti
870 3000 1297 3071 subscripsisse?
1323 2998 1484 3058 Certe
1503 2999 1731 3059 Orosius
1755 3009 1945 3059 narrat

2049 1797 2106 1845 et
2140 1788 2495 1857 indusuium,
2536 1789 2893 1861 omniumque
2934 1784 3207 1847 bonorum
3234 1790 3537 1849 studiorum
3565 1807 3665 1864 ap-

2050 1884 2510 1953 petentissimum.
2550 1884 2658 1941 Sed
2684 1885 2845 1941 unius
2871 1884 3166 1955 Augustini
3196 1886 3510 1947 testimonio
3533 1901 3667 1944 con-

2050 1984 2235 2032 tentus
2264 1990 2415 2042 sum,
2441 1985 2503 2035 ut
2542 1976 2842 2049 intelligam
2873 1977 3054 2035 virum
3096 1993 3384 2050 maguum,
3414 1988 3470 2036 et
3489 1980 3661 2053 juris-

2048 2070 2359 2127 cousultum
2387 2071 2612 2129 minime
2652 2069 2945 2142 profanum
2990 2070 3185 2133 fuisse.
3220 2071 3448 2145 Scripsit
3473 2074 3663 2146 Angu-

2048 2162 2229 2217 stinus
2272 2160 2343 2225 ad
2366 2177 2492 2218 eum
2524 2178 2635 2227 non
2663 2163 2837 2221 solum
2885 2162 3059 2221 libros
3089 2164 3162 2223 de
3182 2174 3528 2239 peccatorum
3556 2167 3668 2223 Me-

2054 2254 2174 2310 ritis
2198 2261 2254 2311 et
2271 2253 2617 2315 Remissione
2629 2265 2823 2312 contra
2837 2255 3189 2327 Pelagianos,
3215 2267 3272 2319 et
3295 2260 3365 2317 de
3386 2260 3592 2334 Spiritu
3612 2269 3669 2327 ct

2049 2346 2295 2403 Littera:
2330 2346 2428 2403 sed
2456 2357 2511 2403 et
2548 2347 2948 2407 eruditissimos
2996 2349 3125 2409 illos
3152 2353 3225 2413 de
3269 2352 3499 2417 Civitate
3538 2355 3663 2425 Dei,

2047 2438 2337 2496 inchoatos
2376 2440 2535 2510 paulo
2561 2449 2686 2511 post
2714 2438 2907 2498 urbem
2951 2454 3195 2516 captam,
3233 2446 3338 2505 hoc
3382 2455 3488 2516 est,
3518 2449 3663 2517 circa

2049 2540 2264 2603 tempus
2304 2532 2624 2591 Collationis
2663 2534 3116 2607 Carthaginiensis
3148 2556 3161 2592 :
3194 2540 3291 2599 sed
3320 2546 3376 2596 et
3401 2541 3664 2615 epistolas

2051 2625 2185 2681 duas
2214 2626 2248 2681 ὅ
2286 2635 2342 2680 ει
2376 2626 2428 2693 7,
2461 2640 2529 2683 ex
2578 2626 2775 2696 quibus
2801 2638 3050 2698 apparet,
3104 2630 3161 2687 in
3188 2631 3365 2697 media
3386 2626 3535 2706 reip.
3563 2649 3664 2706 guo

2050 2719 2378 2776 bernatione
2408 2719 2781 2777 Marcellinum
2812 2719 2878 2777 de
2907 2721 3177 2793 religione
3214 2724 3480 2797 imprimis
3510 2727 3665 2787 solli-

2048 2811 2215 2877 citum
2263 2811 2455 2879 fuisse,
2507 2822 2563 2869 et
2610 2811 2996 2870 subtilissimas
3046 2816 3214 2881 etiam
3253 2817 3308 2874 in
3355 2833 3425 2877 eo
3457 2834 3661 2891 genere

2049 2904 2770 2975 quzestionesintellexisse:
2805 2905 2918 2961 imo
2946 2908 3243 2983 quemdam
3288 2910 3457 2969 veluti
3497 2914 3661 2990 ὶρσκωι-

2050 2994 2264 3056 διώκτην
2294 2996 2484 3063 fuisse,
2519 2996 2609 3067 qui
2641 2996 3004 3067 Augustinum
3037 2999 3490 3061 incitaret.Adde
3514 3006 3662 3079 ejus-

338 3112 464 3154 eum
494 3097 766 3152 Ravenna
811 3095 1000 3162 fuisse,
1031 3110 1140 3167 quo
1181 3104 1427 3165 tempore
1455 3095 1686 3151 Romam
1727 3097 1943 3155 invase-
1966 3094 2014 3157 C
2048 3089 2174 3147 dem
2203 3089 2486 3162 Augustini
2512 3090 2578 3144 ad
2616 3105 2738 3147 cum
2768 3090 3029 3161 epistolas
3080 3092 3239 3162 duas,
3274 3094 3379 3167 158
3417 3105 3474 3167 et
3516 3096 3659 3177 159,,

339 3200 466 3245 runt
511 3188 693 3246 Gothi.
750 3188 809 3246 Si
866 3198 994 3243 tunc
1024 3188 1292 3244 Ravenna:
1332 3186 1450 3252 fuit,
1486 3185 1587 3242 fuit
1635 3202 1757 3245 cum
1800 3187 1939 3259 Imp.

340 3282 601 3339 Honorio.
636 3280 902 3352 Adjiciam
924 3280 1068 3352 quod
1099 3279 1275 3348 magis
1300 3278 1489 3335 mirari
1510 3279 1703 3350 aliquis
1731 3287 1945 3350 posset,

343 3372 579 3430 Felicem
609 3373 920 3445 quemdam,
960 3372 1054 3443 qui
1100 3386 1162 3428 se
1207 3370 1363 3427 urbis.
1399 3368 1590 3427 Rom
1627 3372 1942 3441 episcopum

343 3482 465 3525 esse
485 3466 745 3537 iactabat,
767 3467 821 3522 in
847 3467 948 3522 hac
967 3465 1410 3523 Collationecum
1433 3465 1731 3523 Donatistis
1748 3465 1942 3533 fuisse,

343 3567 463 3615 acta
492 3558 800 3630 significant
818 3599 833 3622 ,
863 3557 952 3613 ubi
980 3568 1035 3614 et
1064 3558 1308 3615 Romana
1334 3558 1519 3616 nescio
1539 3572 1661 3628 quae
1683 3557 1944 3621 nobilitas

344 3652 505 3707 simul
555 3649 747 3706 adesse
782 3648 1001 3705 dicitur.
1034 3648 1432 3719 Sed‘suspicor
1478 3650 1714 3718 aliquem
1764 3650 1945 3707 Dona-

344 3742 525 3798 tistam
574 3739 1121 3813 pseudoepiscopum,
1170 3740 1260 3809 qui
1291 3738 1485 3794 Roma:
1506 3740 1623 3801 suis
1648 3739 1946 3796 Donatistis

344 3832 717 3890 Montensibus
752 3834 837 3908 (ut
885 3832 959 3889 ibi
990 3829 1424 3903 appellabantur)
1469 3829 1779 3901 praefuerat,
1809 3831 1952 3901 urbe

346 3939 524 3997 capta,
570 3924 778 3982 Gothos
811 3924 1102 3995 fugientem
1130 3938 1254 3979 cum
1295 3923 1410 3979 suis
1448 3923 1502 3978 in
1545 3920 1785 3979 Africam
1829 3932 1945 3979 tra-

348 4019 566 4089 iecisse,
596 4005 817 4076 et'sese
860 4016 1146 4075 Collationi
1192 4015 1629 4088 Carthaginensi,
1677 4016 1735 4075 in
1779 4032 1946 4088 quam

349 4109 493 4168 forte
519 4111 731 4175 incidit,
763 4111 955 4181 cupide
997 4118 1054 4166 et
1082 4110 1371 4169 ambitiose
1400 4109 1781 4167 immiscuisse.
1811 4110 1953 4173 Nam

351 4212 404 4257 et
454 4201 750 4260 Donatistis
791 4202 1109 4272 tempestive
1154 4200 1485 4257 submissum
1524 4198 1812 4257 videbatur
1840 4200 1947 4259 tale

353 4295 635 4351 auxilium.

421 4386 592 4445 Porro
615 4402 739 4447 cum
767 4384 1016 4449 audimus
1043 4384 1411 4443 Marcellinum
1442 4384 1717 4440 tribunum
1748 4391 1803 4437 et
1847 4396 1945 4437 uo-

2051 3184 2143 3241 ubi
2173 3199 2388 3255 quoque
2418 3183 2680 3255 scriptum
2707 3194 2812 3253 est,
2840 3199 3038 3242 causas
3082 3187 3497 3261 Ecclesiasticas
3537 3192 3659 3263 ejus

2049 3279 2386 3341 excellentia:
2417 3277 2771 3358 potissimum,
2805 3278 3079 3352 injuncms
3119 3280 3309 3343 fuisse.
3360 3282 3478 3355 Non
3508 3267 3648 3354 erat,

2052 3382 2112 3430 ut
2138 3373 2230 3429 ille
2256 3372 2396 3444 apud
2427 3370 2750 3429 Ciceroneni
2777 3372 3040 3431 ridiculus
3068 3374 3132 3432 L.
3159 3373 3390 3441 Gellius.
3422 3378 3656 3453 quicum

2051 3464 2105 3521 in
2129 3465 2315 3521 Asiam
2345 3466 2543 3533 iturus,
2567 3464 2810 3522 Athenas
2846 3465 3111 3535 venisset,
3154 3472 3363 3539 putavit
3385 3485 3509 3529 sese
3537 3480 3653 3527 sta-

2052 3558 2144 3613 tim
2177 3574 2367 3614 omnes
2391 3557 2632 3615 omnium
2675 3557 3157 3630 Philosophorum,
3190 3578 3329 3634 quos
3372 3564 3439 3620 ad
3469 3580 3531 3623 se
3557 3582 3654 3623 vo—
3702 3596 3709 3599 ι

2049 3651 2215 3715 cavit,
2242 3651 2645 3707 controversias
2665 3650 2840 3706 obiter
2860 3649 3091 3707 delinire
3120 3667 3299 3722 posse,
3320 3670 3441 3711 cum
3468 3667 3653 3719 tamen

2052 3756 2121 3796 ne
2162 3756 2258 3797 eas
2288 3741 2501 3811 quidem
2533 3740 2879 3812 intelligeret.
2927 3741 3124 3799 Noster
3151 3744 3498 3807 Marcellinus
3542 3765 3654 3814 non

2051 3833 2220 3889 divini
2267 3835 2448 3891 minus
2476 3837 2652 3905 ‘quam
2704 3833 2923 3893 humani
2967 3836 3103 3906 juris
3155 3838 3363 3907 peritus
3397 3851 3537 3915 erat.
3584 3844 3657 3905 Et

2051 3942 2184 3983 vero
2215 3927 2352 3983 tales
2373 3927 2787 3999 iurisconsulti,
2824 3929 2977 3994 tales,
3010 3929 3253 4001 inquam,
3287 3933 3494 4003 politici
3524 3935 3657 4007 viri,

2048 4029 2159 4077 tam
2189 4021 2339 4093 digni
2382 4030 2525 4089 sunt,
2574 4022 2771 4092 quibus
2812 4022 2929 4077 haec
2956 4036 3088 4078 cura
3136 4024 3444 4093 mandetur,
3486 4042 3654 4095 quam

2051 4113 2211 4183 hujus
2241 4114 2502 4182 temporis
2542 4112 2799 4183 profanos
2826 4114 3009 4168 nescio
3047 4128 3183 4183 quos
3210 4114 3490 4186 Ulpianos,
3521 4119 3652 4177 reli-

2048 4205 2225 4275 gionis
2252 4205 2503 4262 irrisores
2549 4213 2609 4267 et
2647 4205 3077 4276 proculcatores,
3122 4210 3304 4279 potius
3334 4226 3494 4281 quam
3522 4227 3653 4283 pro,-

2048 4309 2352 4367 curatores,
2382 4299 2627 4361 Ecclesia
2652 4300 2852 4357 Christi
2880 4302 3074 4360 merito
3108 4315 3440 4363 exsecratur.
3468 4307 3655 4378 Augu-

2031 4390 2246 4457 ‘stinus,
2269 4391 2434 4459 epist.
2463 4391 2533 4446 50
2557 4391 2624 4446 ad
2648 4390 2980 4448 Bonifaciom
3010 4394 3262 4454 comitem
3295 4395 3540 4468 :Laudo,
3568 4401 3655 4463 in-g

354 4482 547 4539 larium
570 4480 851 4550 praefuisse
881 4479 1007 4539 huic
1042 4477 1354 4545 Collationi,
1384 4476 1736 4548 intelligimus
1767 4474 1944 4533 virum
1973 4486 2028 4547 Ι)
2053 4482 2186 4551 quit,
2217 4492 2264 4535 et
2291 4481 2549 4555 gratulor,
2582 4491 2628 4537 et
2652 4483 2906 4551 admiror,
2931 4484 3011 4554 ﬁli
3038 4485 3367 4544 dilectissime
3388 4489 3650 4561 Bonifaci,

354 4575 653 4644 sapientem
692 4584 745 4630 et
774 4574 1109 4644 religiosum,
1139 4581 1195 4629 et
1227 4580 1493 4642 potestate
1535 4585 1727 4641 magna
1757 4569 1950 4639 praedi-

356 4675 492 4733 tum,
538 4667 910 4739 magistratum
938 4665 1064 4725 dico
1094 4664 1447 4735 spectabilem
1490 4670 1547 4718 et
1586 4662 1948 4720 clarissimum

360 4763 506 4831 (nam
531 4762 681 4819 hisce
708 4763 880 4818 titulis
907 4762 1241 4819 ornabantur.
1266 4760 1465 4817 tribuni
1499 4756 1715 4823 notarii,
1744 4764 1801 4812 et
1840 4756 1953 4813 Au-

355 4854 602 4925 gustinus
637 4855 756 4924 ipse
799 4854 854 4910 in
893 4854 1054 4924 epist.
1098 4851 1200 4910 159
1229 4861 1284 4906 ει
1324 4851 1447 4919 160,
1486 4851 1553 4906 iis
1601 4859 1758 4905 ornat
1809 4847 1954 4904 hunc

358 4945 752 5019 Marcellinum)
779 4961 998 5017 operam
1024 4945 1245 5009 dedisse
1275 4943 1398 5001 huic
1417 4943 1732 5015 cognitioni.
1756 4941 1952 5001 Tribu-

358 5056 461 5096 nus
502 5040 664 5097 etiam
702 5048 760 5098 et
807 5040 1053 5099 notarius
1094 5038 1259 5099 fuisse
1301 5038 1501 5103 dicitur
1534 5035 1796 5093 Dulcitius
1840 5034 1951 5103 ille,

360 5135 449 5189 cui
478 5144 665 5204 postea
707 5134 760 5189 in
790 5133 973 5189 Africa
1004 5133 1383 5191 demandatam
1413 5145 1629 5202 quoque
1660 5129 1827 5187 fuisse
1858 5144 1957 5184 cu-

360 5240 481 5282 ram
530 5226 707 5296 legum
735 5233 792 5281 et
829 5224 1133 5295 jussionum
1164 5224 1529 5296 imperialiuni
1560 5231 1749 5279 contra
1780 5221 1959 5277 Dona-

366 5321 521 5377 tistae
550 5318 739 5375 scribit
783 5317 1008 5388 August.
1042 5316 1113 5377 Et
1144 5318 1421 5380 Ambros.,
1463 5318 1514 5369 in
1559 5312 1721 5386 epist.
1756 5313 1848 5375 3‘2.
1883 5313 1958 5370 ait

364 5413 611 5469 missum.
640 5408 706 5463 ad
736 5422 796 5467 se
843 5422 967 5467 esse
1004 5408 1073 5465 ab
1100 5408 1299 5478 lmper.
1331 5405 1711 5463 Valentiniano
1742 5404 1958 5463 Dalma-

368 5506 501 5560 tium
528 5503 799 5561 tribunum
820 5512 876 5561 et
900 5502 1195 5565 notarium,
1221 5499 1310 5570 qui
1338 5501 1404 5553 ad
1427 5500 1807 5557 consistorium
1831 5514 1961 5554 evo-

369 5603 524 5653 caret
552 5595 893 5655 Ambrosium
925 5594 977 5648 in
1008 5606 1174 5648 causa
1203 5591 1503 5660 religionis.
1545 5592 1767 5656 Omitto,
1796 5590 1961 5651 Clau-

378 5686 597 5759 dianum
637 5694 850 5770 poetam
896 5684 1018 5755 ejus
1047 5683 1332 5761 temporis,
1363 5682 1562 5741 tribuni
1592 5691 1648 5741 et
1674 5682 1871 5743 notarii
1901 5683 1969 5740 ti-

2056 4573 2192 4642 quod
2220 4573 2349 4626 inter
2373 4589 2527 4631 curas
2551 4572 2800 4631 bellorum
2819 4583 2869 4630 et
2890 4591 3150 4645 armorum
3174 4579 3489 4645 vehementer
3516 4582 3659 4649 desi-g

2056 4663 2208 4720 deras
2228 4681 2289 4720 ea
2309 4682 2479 4734 nosse,
2508 4681 2624 4738 quis
2648 4665 2746 4722 Dei
2766 4676 2906 4728 sunt.
2937 4667 3043 4727 Sed
3066 4681 3268 4739 quanto
3292 4675 3462 4743 magis
3491 4674 3542 4730 id
3572 4675 3655 4737 di.

2056 4770 2178 4811 cere
2221 4758 2488 4828 potuitde
2520 4757 2835 4814 Marcellino
2866 4760 3087 4829 togato?
3131 4761 3317 4819 Exstat
3366 4772 3422 4821 ct
3465 4764 3656 4825 lliero-a

2058 4850 2206 4920 nymi
2248 4850 2475 4919 epistola
2510 4850 2576 4905 ad
2626 4850 2770 4908 hunc
2799 4851 3195 4919 Marcellinum,
3224 4869 3349 4923 qua:
3389 4856 3545 4917 testis
3573 4867 3661 4923 est

2061 4941 2206 4999 hunc
2227 4943 2404 4998 virum
2426 4943 2806 5003 subtilissimas
2829 4944 3087 5000 Ecclesiae
3109 4948 3457 5016 qumstiones,
3487 4952 3659 5021 veluti

2059 5034 2126 5091 de
2164 5037 2374 5106 origine
2397 5037 2591 5092 animm
2617 5037 2849 5097 sollicite
2870 5040 3243 5115 proposuisse,
3269 5048 3327 5101 et
3348 5040 3413 5115 ad
3445 5041 3659 5109 discen:

2060 5127 2187 5183 dum
2236 5131 2406 5200 magis
2447 5139 2692 5201 paratum
2738 5130 2911 5194 fuisse
2936 5146 3097 5201 quam
3128 5140 3246 5197 erat
3292 5133 3660 5208 Hieronymus

2061 5220 2179 5289 ipse
2208 5220 2275 5279 ad
2318 5220 2755 5291 respondendum
2782 5237 2795 5273 :
2828 5235 2891 5277 ac
2913 5236 2982 5279 ne
3020 5220 3124 5277 hoc
3151 5224 3368 5293 quidem
3414 5225 3659 5299 studium

2062 5312 2343 5371 remisisse
2372 5312 2425 5371 in
2458 5313 2631 5373 media
2676 5314 2810 5384 reip.
2855 5313 3287 5385 perturbatione,
3314 5332 3438 5373 cum
3467 5316 3661 5374 Hiero-

2064 5419 2259 5475 nymus
2286 5405 2336 5460 ei
2377 5406 2705 5471 rescribens,
2734 5404 2964 5469 fateatur
2991 5420 3114 5463 sese
3143 5408 3292 5464 urbis
3336 5408 3525 5467 Romae
3570 5425 3664 5479 vae

2064 5500 2300 5554 statione
2326 5497 2611 5553 confusum
2644 5513 2753 5557 non
2779 5513 2939 5568 posse
2966 5501 3165 5556 litteris
3186 5515 3407 5569 operam
3436 5499 3588 5555 dare.

2137 5591 2274 5651 Nolo
2316 5591 2419 5646 hoc
2448 5590 2571 5646 loco
2603 5593 2899 5661 prmterire,
2927 5592 3070 5662 quod
3103 5593 3218 5661 ipse
3249 5591 3583 5661 Augustinus
3608 5592 3667 5659 in

2071 5686 2168 5745 lib.
2210 5694 2331 5756 post
2372 5683 2568 5741 Collat.
2596 5699 2717 5757 cap.
2761 5684 2857 5753 24,
2899 5685 2996 5754 ait,
3031 5684 3338 5745 Donatistae
3377 5698 3407 5741 a
3440 5685 3674 5756 primam
