4134 6186
559 247 581 303 l
596 248 699 304 163

2040 249 2405 307 Al’l’ENDIX.

3722 252 3871 309 MM

556 381 658 421 suo
688 381 786 436 per
811 367 1119 422 tractoriam
1149 365 1314 428 fuisse
1330 373 1605 422 evocatos.
1621 365 1903 420 Tractorla
1928 365 2148 421 verbum
2176 373 2229 431 Α
2257 384 2340 423 na:
2373 369 2424 422 in
2479 382 2687 425 summa
2721 345 2900 424 rerum
2949 384 3171 428 suarum
3217 383 3325 427 non
3372 369 3545 426 solum
3575 370 3874 442 perturba-

559 459 724 533 350
745 459 982 530 eStjuris
1008 459 1204 525 nostri,
1230 458 1389 513 sicuti
1411 469 1467 514 et
1492 459 1544 513 in
1573 457 1762 514 eadem
1797 474 1964 529 prope
1990 459 2155 530 signi-

561 557 833 619 licatione,
862 549 1087 618 Erectio,
1114 568 1221 620 quo
1248 553 1410 607 etiam
1434 553 1598 607 verbo
1623 552 1796 607 utitur
1821 554 2156 624 Augustinus

559 646 654 702 lib.
709 661 743 699 v
768 643 1020 700 Confess.
1047 644 1328 716 Significat
1348 654 1527 701 autem
1550 645 1788 701 libellum
1813 647 1894 700 vel
1918 646 2155 716 diploma

558 746 618 792 ut
657 737 838 793 missis
867 746 962 792 aut
982 737 1223 793 evocatis
1249 738 1407 791 detur
1435 738 1691 792 viaticum
1735 739 1805 793 de
1832 739 2070 808 publico.
2100 748 2157 795 et

554 832 721 886 ututi
773 831 983 899 possint
1021 846 1183 886 cursu
1234 831 1469 900 publico.
1521 831 1709 887 Exstat
1755 831 1851 886 lib.
1913 848 1985 887 xu
2014 831 2151 887 Cod.

552 924 698 979 titul.
729 924 796 978 de
847 923 1031 980 Tract.
1063 924 1150 977 nhi
1184 922 1454 991 interpres
1486 932 1748 992 prieterea
1788 922 1955 977 refert
1980 923 2153 993 quod-

555 1016 678 1070 dam
710 1017 1068 1083 fragmentum
1098 1016 1377 1084 cujusdam
1405 1016 1566 1070 edicti
1588 1016 1924 1070 Constantini
1952 1014 2156 1070 facien-

555 1113 624 1166 tis
675 1116 1004 1167 mentionem
1048 1109 1428 1164 tracmriarum
1474 1117 1531 1164 et
1574 1110 1871 1163 evectionis
1921 1108 2153 1179 publica)

551 1203 745 1258 danda:
790 1202 1087 1256 Donatistis
1129 1211 1347 1272 propter
1375 1216 1596 1256 causam
1629 1200 1920 1256 Caeciliani.
1946 1200 2147 1270 Super-

552 1305 638 1350 est
693 1304 752 1349 ut
779 1310 1108 1365 quazramus,
1140 1310 1247 1363 quo
1277 1308 1421 1348 anno
1463 1291 1644 1348 habita
1672 1293 1740 1347 sit
1768 1293 1998 1348 Collatio
2023 1290 2158 1348 Car-

555 1386 915 1456 thaginensis.
946 1386 1106 1452 Quod
1129 1385 1347 1454 quidem
1374 1399 1482 1454 quo
1504 1384 1674 1454 magis
1706 1398 1929 1439 necesse
1955 1385 2027 1437 sit
2054 1384 2158 1438 im-

553 1478 745 1551 primis
788 1477 1011 1542 rescire,
1056 1486 1204 1531 tanto
1249 1476 1419 1546 magis
1451 1474 1621 1530 miror
1650 1489 1916 1544 nusquam
1948 1474 2016 1528 ab
2046 1475 2155 1529 Au-

550 1571 769 1642 gustino
797 1585 1111 1640 expressum
1142 1579 1234 1624 aut
1264 1577 1507 1625 notatum
1552 1581 1694 1622 esse.
1744 1566 1852 1621 Nec
1894 1582 2018 1636 spes
2048 1565 2153 1620 ulla

552 1674 689 1728 erat,
741 1662 962 1717 aliunde
1007 1662 1059 1715 id
1088 1676 1247 1732 posse
1294 1660 1622 1728 intelligere.
1660 1658 1764 1714 Sed
1795 1666 1943 1713 tanto
1981 1659 2154 1728 magis

2258 460 2428 526 tione,
2461 461 2555 515 sed
2585 462 2746 517 etiam
2770 462 3173 534 desperatione,
3194 465 3496 532 praesertim
3509 464 3622 533 jam
3649 478 3874 521 mortuo

2256 553 2541 610 Stilicone.
2565 555 2724 611 Gothi
2755 555 2983 611 Romam
3024 565 3305 627 ceperant,
3335 567 3613 627 totamque
3653 558 3871 613 Italiam

2256 647 2592 713 evastabant,
2625 648 2983 719 omnibusque
3031 650 3241 718 imperii
3290 650 3520 706 Romani
3571 651 3874 720 provinciis

2257 737 2636 792 imminebant.
2667 737 2853 808 Neque
2882 749 3061 796 tamen
3116 752 3400 810 propterea
3431 741 3624 797 infelix
3669 743 3874 799 attoni-

2257 835 2461 896 tnsque‘
2477 829 2748 885 Honorius
2776 846 2881 887 non
2900 833 3049 888 audit
3077 834 3338 888 Ecclesiae
3354 835 3631 889 Africanae
3652 850 3869 904 preces.

2259 919 2451 976 Multas
2481 931 2533 974 et
2557 922 2667 990 ipse
2693 934 2921 991 paterno
2950 927 3202 995 exemplo
3224 926 3336 996 jam
3369 925 3522 994 leges
3549 928 3749 997 tulerat
3772 926 3875 981 ad-

2261 1026 2454 1066 versus
2474 1011 2800 1070 Donatistas.
2834 1013 2941 1071 Sed
2968 1026 3071 1069 tam
3097 1032 3224 1070 suas
3244 1032 3406 1086 quam
3429 1027 3697 1086 paternas
3726 1017 3872 1087 leges

2258 1101 2424 1156 veluti
2453 1104 2705 1173 suspendi
2738 1107 2953 1174 patitur,
2987 1122 3109 1162 Cum
3151 1108 3304 1162 audit
3334 1109 3495 1164 aliter
3533 1123 3663 1164 cum
3692 1110 3871 1164 Dona-

2259 1195 2398 1251 tistis
2426 1212 2568 1251 nunc
2594 1199 2861 1269 agendum
2889 1216 3030 1256 esse.
3068 1198 3293 1271 Aliquot
3320 1211 3448 1257 ante
3489 1202 3653 1257 annis
3685 1204 3872 1260 edixe-

2257 1296 2343 1341 rat
2369 1288 2511 1359 quod
2551 1290 2616 1343 ad
2648 1306 2836 1345 earnm
2877 1294 3280 1349 exsecutionem
3314 1296 3646 1365 pertinebat,
3672 1311 3747 1351 ne
3782 1312 3870 1353 cas

2262 1380 2555 1436 Donatista:
2580 1390 2831 1450 putarent
2877 1384 3154 1441 refrixisse
3181 1398 3273 1440 aut
3301 1389 3496 1443 saltem
3519 1391 3782 1457 tepuisse,
3814 1402 3871 1446 ut

2258 1472 2496 1542 loquitur
2523 1474 2573 1527 in
2607 1475 2641 1528 l.
2697 1491 2824 1530 XLVI
2850 1474 2913 1531 C.
2944 1477 3043 1533 'l‘h.
3063 1478 3130 1533 de
3152 1477 3355 1534 Hazrct.
3385 1479 3497 1536 Sed
3510 1488 3869 1552 eteoquoqne

2261 1573 2508 1634 tempore
2533 1564 2792 1637 jusserat,
2842 1576 2900 1623 ut
2947 1570 3161 1639 publice
3207 1582 3608 1642 proponeretur
3635 1574 3781 1639 quod
3817 1576 3863 1629 in

2258 1655 2755 1716 Africam‘miscrat
2783 1663 3016 1719 cdictmn
3050 1664 3117 1719 de
3164 1667 3371 1721 unitate
3402 1665 3438 1719 l.
3470 1682 3508 1720 ιι
3548 1664 3617 1721 C.
3671 1666 3776 1722 Th.
3804 1667 3864 1723 de

554 1755 683 1809 mihi
708 1756 1008 1825 gratulatus
1047 1770 1185 1823 sum,
1217 1771 1340 1810 cum
1371 1755 1423 1807 in
1460 1755 1609 1808 Actis
1637 1753 2039 1820 manuscriptis.
2074 1762 2156 1807 at-
2187 1757 2236 1816 B
2262 1746 2435 1818 Rclig.
2462 1748 2660 1805 Verum
2690 1752 3095 1810 Donatistarum
3119 1756 3351 1811 schisma
3370 1758 3506 1812 solis
3528 1757 3735 1812 edictis
3763 1758 3863 1813 tolli

550 1862 656 1917 que
693 1846 829 1901 adeo
869 1846 1049 1900 statim
1084 1847 1137 1900 in
1177 1845 1351 1914 prima
1395 1846 1585 1915 pagina
1624 1844 1728 1913 legi
1760 1844 1994 1898 habitam
2029 1859 2152 1900 esse

555 1938 624 1994 P.
653 1938 711 1992 C.
749 1937 970 1991 Varanis
991 1937 1096 1993 kal.
1127 1937 1259 1992 Jun.
1288 1937 1379 1992 Sic
1408 1936 1622 1991 tandem
1652 1936 1890 1991 intellexi
1915 1936 2151 1992 habitam

551 2045 675 2086 esse
698 2029 943 2084 kalendis
961 2029 1105 2085 Junii
1134 2039 1257 2099 post
1290 2029 1631 2085 consulatum
1645 2027 1896 2094 Varanis,
1922 2029 2022 2084 hoc
2043 2040 2148 2099 est,

556 2137 698 2175 anno
729 2120 929 2177 Christi
958 2121 1496 2192 quadringentesimo
1528 2121 1835 2189 undecimo,
1881 2132 1998 2192 post
2023 2138 2155 2193 cap-

559 2222 665 2268 tam
695 2214 884 2268 urbem
906 2214 1132 2269 Romam
1159 2216 1426 2285 proximo.
1456 2213 1600 2271 Sane
1624 2230 1769 2269 anno
1799 2214 1998 2270 Christi
2021 2232 2154 2287 qua—

555 2306 987 2377 dringentesimo
1013 2306 1247 2373 decimo,
1268 2307 1514 2362 kalendis
1540 2306 1804 2373 Januarii,
1831 2308 1963 2363 nul!i
1986 2307 2153 2364 fuisse

547 2399 805 2456 dicuntur
829 2401 999 2455 creati
1030 2401 1284 2456 consules
1309 2400 1595 2467 ordinarii,
1648 2409 1707 2456 et
1756 2412 2046 2472 propterea
2096 2404 2150 2458 in

553 2495 875 2565 quihusdam
910 2494 1087 2550 Fastis
1117 2496 1330 2565 reperio
1357 2510 1481 2550 eum
1510 2510 1709 2550 annum
1740 2495 1842 2551 hoc
1869 2495 2030 2552 modo
2056 2509 2154 2550 no-

552 2593 651 2647 tari
694 2591 755 2646 P.
787 2589 849 2645 C.
898 2592 1031 2659 imp.
1068 2589 1361 2645 TheodOsii
1405 2589 1644 2646 Junioris
1693 2589 1760 2644 A.
1807 2606 1886 2655 ιιι,
1917 2600 1973 2645 et
2015 2588 2145 2660 Imp.

551 2680 773 2738 Honorii
795 2680 860 2737 Α.
892 2698 1007 2737 vui.
1034 2681 1140 2738 Sed
1174 2688 1354 2736 tamen
1378 2690 1591 2737 constat
1619 2697 1686 2738 eo
1710 2698 1877 2748 anno,
1905 2681 2151 2737 kalendis

551 2774 834 2829 Februarii
864 2774 918 2829 in
949 2773 1172 2830 Oriente
1200 2783 1440 2829 creatum
1485 2789 1607 2830 esse
1651 2773 1920 2829 Varanein
1948 2788 2148 2829 consu-

547 2867 916 2944 lem,‘llom:e
957 2881 1087 2921 vero
1141 2868 1284 2921 circa
1332 2866 1440 2921 kal.
1487 2865 1660 2923 Julias
1704 2866 2025 2922 Tertullum.
2080 2865 2148 2921 Et

547 2970 833 3031 propterea
867 2960 920 3015 in
952 2958 1221 3014 Chronico
1263 2958 1512 3029 Prosperi
1538 2968 1593 3014 et
1621 2957 1933 3015 Gassiodori
1977 2958 2144 3036 scrip-

546 3061 660 3108 tum
688 3064 793 3114 εει.
831 3052 1122 3108 Varane-et
1167 3051 1417 3107 Tertullo
1461 3066 1604 3107 coss.
1651 3063 1863 3121 captam
1896 3066 1925 3105 a
1952 3050 2147 3106 Gothis

2259 1863 2367 1903 non
2407 1862 2568 1919 posse
2606 1848 2905 1903 audiebat:
2954 1856 3010 1902 et
3065 1847 3333 1902 Africana:
3381 1848 3653 1903 Ecclesiae
3697 1860 3865 1905 tamen

2258 1944 2524 1995 unitatem
2549 1941 2804 1995 omnibus
2828 1940 3003 1995 modis
3026 1940 3237 1995 restitui
3265 1940 3510 2010 optabat.

2334 2030 2577 2102 Denique
2619 2031 2885 2087 Ecclesia:
2913 2032 3288 2087 illius‘cnram
3340 2034 3607 2102 majorem
3638 2032 3865 2104 gessisse

2258 2124 2492 2191 videtur,
2528 2140 2689 2195 quam
2719 2141 2831 2179 sua:
2861 2124 3045 2180 Ro:na:
3074 2136 3238 2195 atque
3260 2125 3451 2180 Italiae.
3481 2126 3595 2194 Qua
3626 2127 3681 2181 in
3710 2143 3770 2182 re
3799 2126 3865 2181 fa-

2258 2218 2362 2273 cile
2410 2219 2788 2275 admirabilem
2845 2220 2938 2275 Dei
2984 2219 3386 2290 providentiam
3439 2232 3720 2290 agnoscet,
3776 2222 3858 2291 qui

2258 2322 2458 2380 quanta
2500 2312 2662 2383 hujus
2714 2313 2971 2384 principis
3022 2312 3228 2384 alioqui
3284 2314 3403 2368 sive
3455 2313 3697 2369 socordia
3744 2314 3858 2368 sive

2255 2406 2492 2476 ignavia,
2518 2408 2632 2461 sive
2670 2404 2753 2479 (ut
2777 2407 3060 2462 Ciceronis
3082 2407 3247 2462 verbo
3281 2406 3431 2479 utar)
3456 2422 3561 2463 non
3589 2407 3857 2473 curantia,

2255 2510 2562 2570 quantaque
2590 2515 2777 2555 eorum
2811 2509 3114 2570 temporum
3160 2498 3409 2556 confusio
3436 2498 3627 2567 fuerit,
3681 2514 3858 2555 recor-

2254 2593 2490 2649 dahitur.
2520 2593 2726 2665 Nempe
2749 2594 2877 2650 fecit
2905 2594 3065 2656 Deus.
3106 2603 3163 2648 ut
3193 2593 3468 2650 Honorius
3502 2595 3592 2649 hic
3634 2594 3858 2649 audierit

2255 2683 2399 2739 viros
2427 2684 2621 2752 bonos,
2654 2692 2710 2739 et
2733 2684 2802 2741 ab
2826 2685 2891 2739 iis
2917 2686 3016 2740 sibi
3043 2684 3238 2740 dictari
3264 2701 3459 2756 passus
3477 2686 3550 2740 sit
3576 2686 3852 2754 rescripta,

2253 2792 2376 2848 qua:
2411 2778 2775 2848 consignaret.
2811 2777 2954 2849 Ergo
2990 2778 3042 2831 in
3074 2778 3333 2833 mandato
3357 2778 3519 2849 hujus
3544 2778 3854 2834 (iollationis

2252 2870 2464 2926 diceres
2495 2870 2861 2926 Theodosium
2912 2870 3091 2940 potius
3120 2886 3282 2942 quam
3333 2871 3639 2927 Honorium
3693 2869 3849 2940 loqui.

2251 2965 2574 3020 Ambrosius
2621 2965 2742 3030 ait,
2789 2964 3161 3020 Theodosium
3220 2965 3394 3035 magis
3446 2966 3518 3020 de
3575 2964 3849 3030 Ecclesiae,

2249 3073 2409 3128 quam
2436 3058 2631 3112 animae
2650 3072 2763 3114 suae
2784 3058 2963 3114 salute
2991 3058 3285 3113 sollicitum
3317 3059 3510 3115 fuisse.
3534 3056 3656 3113 Non
3685 3057 3849 3111 dicam

544 3148 737 3203 urbem
766 3140 992 3201 Romam
1025 3146 1213 3202 fuisse.
1242 3146 1351 3202 Sed
1381 3145 1610 3201 Tertulli
1657 3144 1832 3200 rarior
1857 3155 1910 3198 et
1950 3144 2144 3198 obscu-
2169 3146 2215 3211 C
2251 3148 2544 3204 llonorium
2576 3149 2745 3203 tilium
2775 3148 2940 3204 fuisse
2980 3150 3203 3204 omnino
3243 3148 3496 3219 ejusdem
3526 3150 3719 3205 animi.
3752 3144 3847 3204 Sed

545 3240 654 3296 rior
687 3240 787 3295 fuit
815 3242 1101 3297 memoria.
1135 3241 1318 3313 Itaque
1347 3243 1401 3295 in
1426 3241 1631 3297 Chron.
1653 3240 1945 3296 Marcellini
1973 3239 2142 3309 scrip-

543 3343 654 3388 tum
684 3344 789 3399 est,
821 3333 1033 3390 Varane
1066 3333 1182 3387 solo
1210 3349 1325 3389 cos.
1356 3345 1570 3403 captam
1614 3334 1761 3388 illam
1795 3333 1983 3388 fuisse.
2016 3330 2143 3388 Scio

544 3423 700 3495 hujus
738 3424 972 3480 nominis
1018 3425 1219 3479 variam
1266 3440 1387 3480 esse
1417 3427 1763 3496 scripturam.
1813 3424 1944 3479 Nam
1979 3424 2140 3480 modo

542 3515 686 3572 hunc
717 3516 1007 3583 Varonem,
1043 3519 1204 3572 modo
1239 3518 1502 3581 Vararim,
1552 3519 1713 3572 modo
1743 3518 2013 3573 Varauum
2043 3532 2140 3572 no-

538 3611 733 3665 minari
760 3605 941 3665 audio.
970 3611 1104 3665 Puto
1126 3620 1305 3665 tamen
1334 3612 1537 3665 rectius
1557 3610 1849 3666 Varanem.

614 3703 869 3774 Sequenti
910 3718 1055 3759 anno
1099 3702 1273 3759 fateor
1315 3702 1681 3758 Theodosium
1720 3704 1857 3773 Aug.
1908 3718 1959 3758 tv
2019 3718 2130 3759 eos.

536 3792 762 3849 indicari
808 3795 861 3848 in
889 3793 1162 3850 Chronico
1209 3794 1484 3865 Prosperi,
1529 3793 1861 3865 Cassiodori,
1896 3806 1950 3850 et
1996 3796 2135 3851 Mar—

535 3884 737 3938 cellini.
770 3884 876 3939 Sed
917 3885 1155 3955 Prosper
1182 3887 1332 3940 addit
1363 3886 1629 3941 Varanem
1662 3902 1766 3941 non
1799 3889 1970 3941 solum
2001 3888 2132 3944 urbe

535 3990 565 4030 a
611 3975 803 4031 Gothis
852 3986 1011 4047 capta
1052 3978 1225 4032 solum
1281 3980 1447 4034 fuisse
1481 3980 1837 4034 Orientalium
1897 3984 2128 4049 partium

531 4069 834 4133 consulem,
866 4072 960 4124 sed
1007 4076 1062 4123 ct
1102 4071 1155 4125 in
1201 4071 1451 4138 sequenti
1493 4088 1637 4127 anno
1676 4072 1777 4129 obs
1802 4082 2025 4128 irvatum
2076 4076 2125 4130 id

528 4174 671 4216 esse.
697 4159 842 4231 Ergo
865 4163 916 4215 in
955 4161 1099 4217 Actis
1124 4178 1247 4233 qua:
1274 4162 1407 4231 dixi,
1436 4164 1698 4233 scriptum
1733 4165 1895 4220 estP.
1929 4164 1989 4220 G.
2023 4166 2129 4221 Va-

527 4252 697 4316 ranis,
752 4253 854 4308 hcc
901 4262 987 4309 est
1026 4269 1146 4324 post
1192 4257 1530 4311 consulatum
1578 4256 1824 4323 Varanis,
1873 4258 1938 4313 ad
1989 4259 2126 4315 indi-

524 4346 771 4421 candum,
808 4362 933 4402 eum
962 4362 1163 4403 annum
1191 4350 1281 4419 qui
1314 4361 1533 4406 secutus
1577 4361 1661 4407 est
1698 4351 1844 4407 illius
1870 4354 2123 4410 consula-

524 4445 661 4492 tum.

2246 3240 2299 3294 iu
2329 3240 2429 3297 hac
2457 3242 2649 3296 saltem
2696 3241 3095 3298 Donatistarum
3127 3257 3291 3297 causa
3332 3241 3487 3309 fecit,
3530 3242 3677 3314 quod
3708 3250 3849 3311 pater

2243 3334 2461 3391 fecisset
2502 3377 2518 3403 ,
2566 3348 2620 3392 et
2660 3336 2833 3392 edicta
2872 3338 3056 3393 emisit
3105 3337 3264 3406 plena
3318 3347 3567 3408 paterna:
3613 3338 3839 3409 pietatis.

2245 3426 2379 3483 Vivo
2398 3428 2660 3485 Stilicone
2684 3430 2936 3486 solebant
2962 3430 3113 3484 mulli
3153 3429 3484 3485 calumniari
3531 3431 3702 3502 leges,
3731 3445 3842 3501 qua

2242 3520 2296 3576 in
2329 3520 2563 3577 Africam
2594 3522 2971 3589 mittebantur,
3001 3524 3214 3577 tametsi
3251 3522 3483 3579 Honorii
3511 3538 3713 3579 nomen
3742 3537 3844 3593 pra

2238 3629 2299 3669 se
2320 3615 2538 3680 ferrent,
2559 3623 2739 3670 tamen
2760 3616 2928 3685 magis
2946 3616 3043 3670 abs
3063 3615 3348 3680 Stilicone,
3370 3631 3536 3687 quam
3558 3618 3661 3671 abs
3672 3616 3843 3672 Theo-

2236 3705 2375 3762 dosii
2406 3707 2516 3762 tilio
2563 3709 2719 3773 mitti,
2778 3719 2835 3763 ut
2890 3708 3219 3777 Augustinus
3269 3719 3459 3763 narrat
3505 3711 3669 3777 epist.
3724 3707 3842 3763 till.

2236 3797 2389 3853 Nunc
2418 3809 2628 3854 mortuo
2660 3800 2924 3856 Stilicone
2951 3800 3055 3855 dici
3100 3802 3209 3855 tale
3237 3801 3448 3869 aliquid
3494 3816 3603 3857 non
3648 3801 3839 3871 potuit.

2235 3889 2397 3965 Idem“
2424 3893 2780 3963 Augustinus,
2802 3909 2891 3963 ep.
2950 3893 3085 3960 l66,
3134 3895 3326 3951 scribit
3356 3896 3675 3951 Donatistas
3716 3909 3842 3950 con-

2233 3992 2454 4053 questos
2493 3999 2615 4039 esse
2642 3985 2711 4039 de
2740 3985 2949 4057 legibus
2973 3985 3207 4041 ﬁliorum
3238 3987 3559 4043 Theodosii.
3588 3988 3697 4044 Sed
3726 3987 3840 4056 ipse

2232 4077 2526 4146 respondet
2555 4079 2684 4132 nihil
2712 4095 2809 4136 ens
2854 4080 2997 4136 aliud
3028 4097 3186 4150 quam
3222 4092 3479 4151 repetere
3502 4092 3671 4150 atque
3702 4095 3834 4136 con-

2230 4169 2446 4224 firmare
2462 4169 2725 4239 judicium
2760 4170 3123 4236 Constantini,
3141 4172 3537 4238 Valentiniani,
3566 4172 3826 4236 Gratiani,

2228 4260 2549 4316 Theodosii:
2571 4264 2841 4335 simulque
2861 4265 3161 4321 detestatur
3180 4266 3466 4323 lulianum
3492 4272 3830 4336 Antistatam,

2225 4355 2317 4425 qui
2365 4356 2447 4426 (ut
2482 4354 2580 4429 ait)
2626 4360 2934 4428 permiserit
2975 4360 3279 4416 libertatem
3325 4362 3613 4431 perditioni
3657 4360 3831 4431 partis

2227 4450 2438 4515 Donati,
2488 4465 2610 4506 cum
2662 4467 2731 4506 eo
2773 4452 2933 4507 modo
2965 4460 3177 4522 putaret
3202 4453 3571 4510 Christianum
3619 4467 3829 4509 nomen

593 4526 819 4598 Captum
867 4544 898 4583 a
956 4528 1146 4586 Gothis
1186 4530 1354 4589 fuisse
1398 4535 1590 4590 urbem
1631 4535 1856 4592 Romam
1907 4554 1958 4593 ix
2001 4530 2111 4595 kal.
2140 4546 2193 4608 1)
2222 4554 2379 4609 posse
2409 4543 2583 4612 perire
2610 4541 2679 4598 de
2703 4546 2865 4598 terris
2890 4544 2934 4599 si
2959 4544 3254 4615 sacrilegas
3280 4547 3662 4602 dissensiones
3701 4546 3839 4600 Iibe-

520 4618 801 4692 Septemb.
830 4623 1015 4677 verius
1042 4634 1148 4679 est.
1178 4623 1383 4681 Eodem
1416 4635 1598 4682 autem
1639 4644 1785 4684 anno
1810 4631 1970 4699 paulo
1999 4642 2120 4700 post

517 4716 587 4768 ab
628 4716 759 4785 imp.
790 4716 1033 4772 HOiiorio
1060 4717 1317 4774 indictam
1347 4729 1401 4775 et
1446 4719 1763 4790 imperatam
1797 4725 1962 4778 fuisse
2000 4724 2118 4779 Col-

520 4807 776 4863 lationem
821 4808 1306 4881 Cartliagiuensem
1350 4812 1654 4878 observavi,
1689 4816 1811 4885 quia
1857 4816 1975 4884 ejus
2012 4814 2127 4874 hac.

516 4900 585 4955 de
611 4917 669 4957 re
697 4901 1018 4971 rescriptum
1051 4914 1234 4958 exstat
1264 4904 1317 4958 in
1347 4904 1473 4967 illis.
1504 4921 1622 4974 quae
1648 4905 1756 4961 dixi
1789 4908 1943 4968 actis.
1969 4908 2108 4979 quod

516 4991 701 5046 datum
724 4992 920 5046 dicitur
942 4991 1213 5049 Ravenme
1243 4995 1419 5063 pridie
1447 4995 1565 5050 idus
1595 4995 1877 5053 Octobres.
1911 4998 2107 5054 Consul

513 5099 620 5142 non
650 5084 992 5152 adscribitur,
1019 5087 1341 5158 negligentia
1372 5088 1595 5144 librarii.
1621 5091 1725 5145 Sed
1748 5090 1980 5146 adscribi
2011 5107 2108 5161 po-

512 5185 617 5232 test
643 5176 912 5246 debetque
947 5176 1195 5235 Varanes.
1242 5179 1334 5236 Sic
1360 5182 1500 5251 quod
1532 5183 1581 5235 in
1613 5184 1714 5238 hac
1744 5182 1973 5238 llistoria
2008 5184 2107 5238 im-

510 5270 700 5340 primis
727 5270 1092 5338 quaerebatur,
1127 5281 1180 5325 et
1200 5272 1418 5328 aliunde
1445 5275 1695 5343 cognosci
1738 5290 1842 5331 non
1874 5286 2099 5345 poterat,

506 5359 675 5431 liquot
714 5360 781 5414 de
814 5372 1057 5431 tempore
1097 5361 1460 5420 Collationis:
1510 5368 1651 5434 quod
1692 5368 1910 5438 quidem
1955 5378 2104 5425 tanto

501 5451 814 5523 diligentius
873 5452 1212 5523 investigavi,
1269 5458 1393 5525 quia
1462 5466 1517 5513 et
1568 5460 1859 5513 maximum
1915 5475 2096 5529 Opera:

501 5548 729 5614 pretium
774 5546 843 5600 sit
876 5544 1140 5614 imprimis
1179 5548 1471 5605 observare
1503 5560 1735 5622 tempus,
1763 5566 1869 5622 quo
1916 5553 2095 5609 lloiio-

496 5639 608 5693 rius
637 5637 704 5691 ab
726 5635 923 5693 Africis
948 5636 1239 5693 Catholicis
1273 5650 1377 5694 tam
1420 5643 1575 5698 valde
1604 5643 1983 5715 interpellatus
2010 5655 2094 5702 est

493 5740 681 5786 contra
716 5730 1115 5787 Donatistarum
1145 5733 1539 5807 intempeiiem.
1569 5737 1856 5795 Desidebat
1881 5737 2091 5797 Ravenb

2223 4648 2311 4688 ras
2339 4649 2460 4690 esse
2502 4636 2858 4705 permitteret.
2893 4638 3191 4693 Donatista!
3216 4647 3407 4694 contra
3454 4640 3557 4695 hoc
3604 4640 3837 4695 nomine

2220 4727 2587 4796 pt'ajdicabant
2612 4727 2884 4783 lulianum
2919 4729 3091 4795 illum,
3119 4738 3176 4784 et
3212 4730 3354 4798 apud
3384 4718 3509 4785 eum
3532 4731 3723 4786 solum
3745 4745 3839 4786 so-

2219 4817 2323 4871 lam
2349 4818 2605 4887 justitiam
2630 4820 2807 4874 locum
2841 4819 3039 4875 habere
3062 4828 3347 4891 propterea
3372 4821 3687 4891 jactabant.
3723 4822 3840 4879 Au-

2212 4913 2461 4982 gustinus
2492 4913 2622 4966 nihil
2658 4913 2928 4982 iujustius,
2958 4914 3089 4968 nihil
3138 4914 3431 4985 indignius,
3468 4916 3606 4970 nihil
3644 4920 3836 4988 perni-

2213 5003 2413 5058 ciosius
2442 5018 2564 5059 esse
2611 5007 2706 5058 ait.
2744 5004 2807 5058 Et
2834 5022 2967 5077 qum,
2999 5006 3193 5077 inquit,
3246 5008 3397 5077 pejor
3437 5025 3578 5063 mors
3606 5011 3835 5077 anime,

2212 5114 2368 5167 quam
2407 5097 2612 5152 libertas
2648 5101 2877 5155 erroris?
2919 5100 3125 5155 Interea
3175 5110 3357 5156 tamen
3408 5120 3477 5157 ne
3520 5103 3837 5162 Donatistae

2210 5190 2361 5258 queri
2379 5198 2726 5257 possent,aut
2750 5192 2853 5247 sibi
2879 5193 3126 5260 injuriam
3156 5192 3295 5257 ﬁeri,
3326 5206 3423 5249 aut
3446 5209 3570 5251 sese
3600 5196 3836 5253 inaudi-

2209 5289 2292 5334 tos
2319 5281 2561 5335 damnari
2605 5300 2618 5335 :
2660 5281 2882 5352 placuit,
2925 5299 3109 5339 rursus
3156 5285 3209 5339 in
3254 5284 3562 5342 Collatione
3604 5292 3833 5347 tamdiu

2207 5373 2384 5429 audiri
2409 5374 2662 5444 quamdiu
2693 5377 2893 5433 vellent
2919 5395 2933 5432 :
2957 5388 3013 5433 et
3043 5380 3247 5444 interea
3280 5380 3481 5434 liberos
3509 5395 3671 5439 esse.
3716 5385 3833 5442 Sed

2202 5468 2404 5538 alioqui
2434 5484 2647 5539 semper
2688 5472 2739 5524 in
2760 5471 2935 5527 Africa
2962 5474 3273 5541 permittere
3300 5474 3471 5528 altare
3497 5489 3709 5533 contra
3749 5480 3834 5535 al-

2203 5568 2341 5627 tare,
2383 5561 2638 5631 nlajot'em
2674 5562 2931 5619 Ecclesia:
2956 5557 3357 5621 deformitatem
3388 5583 3515 5621 esse
3536 5570 3831 5638 judicavit

2200 5651 2333 5720 imp.
2366 5653 2651 5719 Honorius,
2688 5671 2846 5725 quam
2876 5671 2941 5710 eo
2985 5667 3229 5730 tempore
3268 5658 3450 5714 Roma:
3477 5672 3606 5715 erat
3643 5664 3709 5719 in
3735 5682 3830 5721 ur-

2198 5744 2278 5798 bis
2304 5747 2585 5802 eversione
2608 5761 2767 5819 atque
2783 5749 3053 5806 vastitate.
