4134 6186
372 274 511 332 “65

1273 273 1594 333 HISTORIA
1634 270 2230 332 CARTIIAGINENSIS
2269 266 2654 325 COLLATION
2662 266 2748 324 IS.
3263 297 3278 322 ο

3551 280 3691 337 1466

360 372 364 375 ’
438 390 594 446 Nunc
623 387 956 444 veniendum
986 399 1067 444 est
1089 390 1155 445 ad
1185 391 1340 458 Acta,
1373 393 1485 447 sive
1524 398 1602 463 (ut
1633 392 1975 464 appellaban-
2004 395 2048 450 Α
2084 404 2213 455 pore
2243 389 2361 453 fuit,
2390 396 2444 440 et
2470 385 2723 456 quintum
2781 391 3184 448 oecumenicum
3213 409 3334 451 esse
3376 395 3590 465 dicitur,
3637 406 3696 453 et

365 481 476 553 tur)
521 491 673 552 gesta
717 481 1046 536 Collationis
1088 501 1100 534 :
1149 499 1267 552 qua:
1297 484 1512 552 quidem
1545 484 1672 539 olim
1729 483 1968 538 studiose

361 586 614 644 excepta,
643 575 982 642 conscripta,
1011 575 1313 645 collataque
1335 575 1566 640 fuerant,
1589 576 1683 632 sed
1714 576 1968 646 temporis

365 668 585 736 injuria,
659 665 1106 736 posteritatisque
1176 667 1500 737 negligentia
1556 667 1962 722 interciderant.

361 761 506 832 Ergo
535 776 660 815 cum
696 775 872 827 nuper
911 757 1174 827 majorem
1207 760 1594 831 melioremque
1625 777 1812 815 eorum
1849 776 1968 831 par-

361 864 492 919 tem,
547 851 816 909 beneficio
872 850 960 905 Jo.
996 851 1117 906 'l'ilii
1171 861 1359 907 nactus
1415 869 1613 916 essent,
1666 852 1966 906 existimavi

359 963 612 1018 magnum
663 946 794 999 tnihi
847 945 1140 1014 quemdam
1187 944 1496 1001 thesaurum
1547 947 1786 1001 oblatum
1824 961 1963 1000 esse.

360 1043 492 1097 Nam
521 1041 622 1098 etsi
651 1057 715 1096 ex
744 1038 1054 1110 Augustino
1084 1053 1292 1093 summa
1325 1040 1500 1110 capita
1537 1039 1691 1094 facile
1720 1049 1967 1107 reprtcre

361 1134 550 1213 liceat:
585 1145 762 1188 tamen
789 1132 982 1197 nmlta,
1004 1146 1127 1200 quae
1155 1131 1246 1186 ille
1265 1133 1543 1202 praeteriit.
1563 1131 1964 1196 desiderabam,

359 1237 412 1282 et
459 1227 810 1281 memineram
861 1239 1025 1295 quam
1071 1223 1227 1278 valde
1261 1227 1389 1279 olim
1433 1225 1672 1279 Ecclesia
1707 1225 1969 1280 voluisset

359 1322 562 1390 integra
599 1320 713 1373 hinc
742 1322 873 1373 Acta
906 1316 1033 1388 legi.
1066 1331 1369 1388 eorumque
1394 1318 1708 1372 memoriam
1741 1333 1964 1372 conscr-

356 1415 490 1468 vari.
522 1413 654 1467 Nam
696 1421 749 1466 et
781 1412 898 1481 ipse
946 1412 1282 1480 Augustinus
1328 1412 1379 1464 in
1425 1410 1520 1466 lib.
1546 1411 1615 1465 de
1643 1409 1820 1464 Gestis
1843 1424 1965 1464 cum

357 1507 603 1564 Emerita
655 1515 858 1568 narrat,
892 1505 1030 1575 apud
1060 1519 1254 1558 omnes
1306 1504 1389 1574 (ut
1426 1505 1521 1574 ait)
1552 1504 1840 1574 diligentes
1867 1503 1968 1557 Ec-

357 1603 554 1658 elesias
603 1601 882 1656 Africanas
930 1599 1225 1668 quotannis
1279 1614 1343 1653 ea
1389 1613 1418 1651 a
1464 1599 1643 1666 capite
1687 1598 1750 1650 ad
1805 1597 1964 1651 finem

359 1710 529 1766 usque
554 1693 744 1748 ordine
800 1691 1018 1746 recitata
1073 1690 1274 1757 fuisse,
1325 1707 1433 1759 quo
1481 1702 1724 1761 tempore
1766 1690 1966 1760 populo

2076 481 2147 554 iis.
2171 480 2310 535 forte
2331 480 2666 536 occurrisset
2711 481 2994 547 qllnddam
3027 497 3188 558 caput
3236 499 3505 559 umquam
3554 489 3697 561 frag.

2074 583 2313 628 mentum
2345 571 2645 628 Gestorum
2680 568 3018 632 Collationis
3041 579 3504 650 Carthaginensis,
3549 580 3692 651 quod

2072 675 2184 722 tum
2214 666 2265 720 in
2298 665 2390 719 illo
2453 662 2723 718 Orientali
2780 669 3020 724 concilio
3070 672 3338 741 prolatum
3386 673 3482 727 fuit
3535 672 3693 727 annis

2074 759 2357 828 plusquam
2389 763 2611 811 centum
2641 763 2696 808 ct
2724 758 3090 831 quadraginta
3139 773 3488 835 posteaquam
3519 765 3693 819 fuerat

2071 857 2333 923 scriptum
2359 851 2409 905 in
2437 848 2622 904 Africa
2655 860 2671 904 :
2715 852 3028 909 existimavi
3056 871 3142 911 me
3171 865 3384 911 nactum
3412 871 3532 911 esse
3585 855 3691 910 ali-

2072 945 2224 1016 quid,
2250 944 2390 1015 quod
2417 941 2648 996 minime
2675 942 2728 997 in
2755 943 2862 1001 hoc
2883 951 3280 1004 commentario
3307 950 3686 1021 negligendum

2072 1049 2235 1095 esset.
2268 1039 2362 1093 Est
2392 1045 2579 1091 autem
2623 1030 2942 1106 ejusmodi:
3001 1042 3082 1098 Ea;
3125 1042 3332 1106 Gestis,
3378 1059 3492 1110 qua:
3539 1045 3680 1113 apud

2075 1131 2449 1186 Marcellinum
2489 1128 2550 1182 γ.
2587 1127 2648 1184 C.
2695 1133 2962 1186 tribunum
3015 1145 3061 1188 et
3103 1137 3357 1188 notarium
3382 1144 3498 1188 acta
3542 1143 3681 1200 sunt,

2071 1241 2188 1294 cap.
2248 1222 2384 1285 188,
2437 1221 2762 1291 Augustinus
2809 1227 3078 1299 episctspus
3128 1227 3374 1282 Ecclesia:
3419 1229 3686 1282 catholica:

2072 1316 2202 1370 dixit
2229 1332 2248 1370 :
2283 1314 2407 1369 Non
2438 1316 2493 1367 in
2522 1313 2823 1370 hominibus
2849 1335 2966 1389 spes
2993 1320 3229 1389 ponenda
3247 1335 3319 1373 est
3341 1319 3606 1385 Ecclesiar,
3639 1319 3684 1371 si

2074 1408 2194 1462 boni
2223 1416 2365 1470 sunt,
2399 1423 2586 1476 neque,
2629 1408 2674 1460 si
2701 1409 2830 1462 mali
2849 1422 2988 1471 sunt,
3010 1410 3304 1480 judicanda
3324 1421 3398 1464 est
3446 1409 3544 1465 Dei
3572 1409 3678 1463 Ec-

2073 1505 2228 1558 clesia
2259 1503 2500 1574 periisse.
2528 1501 2634 1557 Sed
2665 1513 2834 1557 tamen
2881 1505 3114 1572 ipsorum
3170 1521 3377 1558 causam
3423 1515 3680 1568 tamquam

2071 1598 2294 1667 fratrum
2324 1609 2620 1651 nostrorum
2666 1601 3032 1668 suscipimus;
3080 1609 3149 1664 et,
3195 1599 3242 1654 si
3290 1601 3436 1653 nobis
3479 1595 3678 1652 ostendi

2073 1691 2330 1761 potuerint
2361 1691 2651 1756 criminari,
2677 1693 2827 1746 hodie
2858 1694 2976 1746 illos
3004 1693 3545 1746 anathematizamus:
3575 1705 3677 1742 non

358 1788 591 1845 maxime
617 1788 882 1856 integrum
907 1792 1023 1840 erat
1044 1785 1260 1840 audire.
1298 1783 1496 1838 Fateor
1526 1799 1631 1836 non
1665 1784 1824 1839 modo
1851 1783 1963 1852 lep-
1999 1782 2042 1840 B
2073 1795 2238 1838 tamen
2265 1794 2476 1853 promer
2499 1785 2616 1838 illos
2640 1783 2926 1838 Ecclesium
2955 1783 3111 1838 al)eo
3133 1785 3441 1854 promissam
3462 1793 3506 1838 et
3529 1780 3680 1837 exhi-

360 1884 612 1953 tologica,
643 1882 735 1936 sed
776 1891 829 1935 et
859 1895 1022 1950 prape
1053 1879 1391 1948 battologica
1414 1891 1575 1948 posse
1607 1877 1775 1930 videri
1805 1893 1819 1930 :
1845 1879 1968 1946 quia

359 1977 657 2032 recitentur
685 1987 872 2029 omnes
917 1972 1328 2026 Donatistarum
1360 1969 1760 2032 cavillationes,
1792 1983 1855 2022 ac
1901 1985 1969 2023 ne

361 2069 582 2126 verbum
626 2067 842 2135 quidem
871 2065 1038 2119 ullum
1067 2064 1540 2133 prtetcrntittatur.
1574 2061 1678 2116 Sed
1714 2060 1969 2116 Ecclesia:

362 2175 416 2219 et
441 2163 650 2234 rcipub.
682 2160 946 2225 interfuit,
975 2159 1181 2226 singula
1212 2158 1381 2230 351
1410 2172 1475 2209 eo
1510 2154 1670 2209 tui-do
1699 2154 1967 2208 conscribi

361 2266 520 2326 atque
545 2255 762 2325 exponi.
795 2253 860 2307 Et
879 2260 1061 2306 tamen
1081 2266 1148 2304 ne
1169 2265 1361 2303 eorum
1391 2247 1528 2302 forte
1555 2246 1832 2312 lctigitutlo
1860 2246 1972 2300 lec-

362 2359 508 2404 tores
523 2347 850 2411 deterreret,
868 2343 1194 2413 Augustinus
1211 2342 1487 2411 epitouten
1512 2341 1671 2392 etiam
1695 2339 1973 2406 conscrip-

362 2444 453 2507 sit,
495 2456 654 2511 qnatn
677 2440 886 2493 vocavit
911 2438 1248 2492 Breviculum
1276 2453 1287 2486 :
1321 2443 1375 2489 et
1397 2449 1582 2488 rursus
1605 2432 1792 2486 cadem
1822 2432 1888 2484 de.
1913 2449 1971 2487 re

363 2534 579 2602 scripsit
605 2533 654 2586 iu
686 2532 779 2585 lib.
799 2529 1164 2593 PostCollat.,
1183 2537 1238 2582 et
1259 2529 1494 2596 denique
1521 2543 1586 2580 ex
1619 2524 1827 2598 synodo
1854 2524 1973 2579 Cir-

364 2627 502 2681 tensi
524 2625 771 2682 eamdem
795 2624 1162 2678 narrationem
1199 2624 1418 2693 repetit,
1449 2623 1606 2690 epist.
1645 2619 1770 2684 152,
1804 2636 1966 2689 quam

362 2719 580 2788 quidem
609 2717 894 2787 epistolam
928 2715 1150 2776 indicat,
1184 2729 1306 2768 cum
1339 2714 1404 2766 ad
1431 2713 1806 2768 Marcellinum
1833 2713 1970 2766 scri-

363 2811 495 2865 bens
527 2811 596 2866 de
639 2811 787 2864 hisce
827 2809 940 2864 suis
986 2806 1266 2862 laboribus
1310 2806 1362 2859 itt
1405 2806 1562 2872 epist.
1619 2803 1762 2859 158:
1811 2803 1966 2870 Mihi,

362 2903 559 2974 inquit,
594 2904 694 2975 fuit
734 2901 977 2956 breviatio
999 2909 1259 2973 gestorum
1293 2897 1597 2952 Col/alienis
1625 2907 1816 2951 nostra:
1844 2898 1969 2952 satis

360 3010 592 3066 aper-osa,
623 3009 739 3046 cum
764 2993 984 3046 viderem
1012 2991 1269 3044 neminem
1297 2989 1423 3042 velle
1451 2998 1592 3041 tanto
1619 2989 1796 3060 aggeri
1828 2987 1965 3042 litte-

362 3104 538 3140 rarum
582 3087 797 3157 legendo
843 3101 898 3139 se
935 3084 1290 3138 committere:
1336 3084 1469 3136 sicut
1513 3084 1637 3135 mihi
1684 3082 1966 3150 fuitetiam

2075 1879 2230 1931 bitam
2264 1878 2546 1932 deserimus
2576 1887 2621 1930 et
2645 1878 2996 1946 relinquimus.

2150 1971 2262 2025 Hoc
2297 1971 2654 2042 fragmentum
2685 1981 2740 2025 et
2760 1987 2880 2040 cap.
2912 1971 3012 2025 187
3044 1969 3335 2026 Gesmrum
3359 1963 3678 2024 Collatienis

2075 2063 2256 2118 deerat
2281 2067 2441 2117 etiam
2477 2064 2526 2116 in
2553 2062 2767 2117 'l'iliano
2787 2063 3110 2131 exemplari,
3139 2061 3283 2130 quod
3343 2061 3529 2115 multis
3556 2054 3679 2110 aliis

2077 2155 2251 2210 modis
2290 2171 2536 2209 mancum
2590 2167 2645 2211 et
2675 2155 2922 2208 mutilum
2979 2162 3081 2207 est.
3139 2152 3247 2208 Sed
3305 2153 3510 2207 interea
3549 2148 3679 2201 dum

2076 2249 2528 2315 exstaectabimus,
2555 2246 2916 2318 utaliquaudo
2944 2248 3148 2315 integra
3183 2246 3274 2300 illa
3314 2245 3477 2302 Gesta
3522 2251 3679 2306 repe—

2082 2342 2289 2396 riantur
2317 2352 2369 2396 ut
2391 2343 2640 2408 edantur,
2671 2341 2991 2412 praecipuam
3019 2349 3224 2410 partem
3258 2340 3486 2410 hujusce
3507 2331 3686 2388 Colla-

2078 2434 2242 2488 tionis
2271 2450 2628 2502 esponatnus.

2147 2525 2224 2580 Ac
2251 2527 2514 2596 imprimis
2564 2526 2779 2596 quidem
2834 2525 3066 2580 observo
3113 2536 3374 2593 magnum
3433 2523 3490 2571 et
3541 2511 3688 2567 cele-

2077 2617 2228 2673 bri-tu
2259 2619 2424 2675 fuisse
2453 2631 2782 2674 conventum
2836 2634 2956 2672 cunt
3003 2617 3262 2672 catholici
3296 2609 3540 2684 episcopi
3583 2607 3688 2661 du-

2075 2714 2216 2768 renti
2234 2723 2289 2768 et
2309 2716 2579 2785 octoginta
2607 2729 2722 2775 sex,
2749 2713 3041 2767 Donatista:
3065 2727 3194 2768 vero
3217 2707 3450 2765 ducenti
3474 2714 3691 2774 septua-

2073 2805 2222 2874 ginta
2277 2819 2472 2862 novem
2519 2807 2918 2861 convenissent.
2977 2807 3040 2860 Et
3105 2816 3292 2860 tamen
3356 2800 3514 2870 paulo
3565 2807 3693 2854 ante

2074 2900 2246 2953 mttlto
2268 2900 2450 2968 plures
2508 2899 2799 2954 Dooatistte
2854 2908 3225 2952 convenerant
3298 2897 3358 2952 in
3417 2892 3691 2966 Bagaiensi

2072 2991 2305 3046 concilio
2331 2978 2592 3046 adversus
2616 3006 2746 3045 suos
2773 2989 3219 3053 Maxituianistas,
3239 2987 3482 3047 alteram
3517 2991 3692 3046 Dona-

2074 3085 2320 3138 tistarum
2349 3095 2572 3140 sectam.
2607 3083 2760 3138 Adeo
2809 3083 2861 3137 in
2907 3081 3089 3136 Africa
3139 3080 3454 3138 invaluerat
3495 3085 3688 3142 Donati

360 3181 582 3249 epistola
612 3181 680 3233 ad
709 3181 847 3252 ipsos
891 3180 1051 3234 (uicos
1097 3177 1401 3232 Donatistas
1427 3178 1491 3230 de
1521 3178 1615 3231 hac
1643 3178 1818 3230 eadem
1847 3176 1969 3232 Col-
1996 3170 2042 3234 C
2075 3176 2327 3230 siiboles:
2362 3191 2537 3246 neque
2562 3191 2666 3230 non
2689 3176 2757 3230 de
2779 3189 2874 3229 sua
2904 3175 3253 3228 multitudine
3276 3174 3359 3230 illi
3383 3178 3687 3247 gloriaban-

359 3277 550 3330 latione
576 3284 769 3329 nostra.
804 3273 1004 3330 Scribit
1031 3283 1212 3328 autem
1258 3273 1322 3326 ad
1353 3273 1745 3336 Marcellinum,
1778 3283 1830 3324 ut
1865 3291 1965 3340 pu-

358 3367 624 3422 hlicentur
652 3380 800 3437 gesta
832 3369 882 3420 itt
925 3382 1084 3420 causa
1133 3365 1494 3435 quorumdam
1527 3365 1824 3420 crudi-lium
1860 3365 1968 3419 Do-

357 3459 675 3513 natistarum
709 3463 758 3512 in
782 3459 988 3529 judicio
1019 3457 1418 3513 convictm-um.
1470 3457 1601 3511 Nam
1635 3467 1683 3511 et
1719 3457 1842 3512 talia
1874 3474 1961 3512 re-

355 3551 508 3605 citari
558 3567 652 3619 per
689 3565 880 3604 omnes
920 3551 1196 3606 Ecrlcsias
1237 3558 1392 3620 optat
1439 3565 1546 3604 non
1581 3551 1759 3604 minus
1801 3565 1962 3618 quam

353 3653 501 3716 gesta
530 3645 700 3716 ipsius
726 3642 1061 3697 Collationis.
1096 3644 1246 3698 Adeo
1282 3645 1509 3699 historia
1560 3644 1959 3699 Donatistarum

354 3739 469 3792 visa
497 3748 576 3793 est
598 3737 779 3806 digna,
807 3751 926 3806 qum
949 3737 1332 3790 inculcaretur.
1356 3736 1546 3792 Obiter
1569 3747 1746 3792 autem
1770 3737 1959 3794 admo-

352 3846 475 3891 neo,
514 3831 621 3885 falli
655 3831 960 3892 Erasmum,
1009 3830 1097 3900 qui
1133 3831 1183 3882 in
1225 3840 1548 3899 argumento
1577 3831 1695 3899 ejus
1718 3830 1782 3884 ad
1815 3829 1958 3884 Mar-

353 3923 608 3979 collinum
638 3925 883 3994 epistola:
927 3932 1173 3982 annotat.
1208 3922 1570 3994 Augustinum
1601 3922 1666 3976 ad
1718 3923 1954 3977 .‘llarcell.

355 4029 558 4084 petere,
592 4029 646 4070 ut
695 4032 816 4087 qum
855 4019 1118 4070 adversus
1150 4016 1456 4070 Donatistas
1501 4016 1553 4068 in
1585 4016 1816 4070 concilio
1847 4016 1960 4085 epi-

351 4126 636 4178 sc0porum
661 4111 876 4165 decreta
905 4120 1049 4172 stmt,
1079 4110 1444 4179 publicentur.
1466 4108 1627 4165 Certe
1656 4110 1707 4163 in
1725 4110 1956 4163 concilio

350 4206 727 4276 episc0porum
779 4221 882 4258 non
923 4204 1318 4258 decernebatur
1360 4204 1501 4271 qttod
1549 4221 1645 4270 pro
1701 4204 1953 4257 tribunali

350 4296 669 4352 Marcellini.
719 4297 884 4351 Porro
934 4305 988 4350 ut
1018 4295 1288 4364 gaudebat
1332 4297 1664 4365 Augustinus
1694 4295 1950 4348 Marcelli-

352 4407 476 4445 num
501 4389 818 4446 Cullationis
840 4389 1176 4460 cognitorem
1211 4388 1394 4448 fuisse.
1422 4389 1499 4440 sic
1528 4397 1582 4442 et
1614 4386 1947 4442 Bonil'acinnt

349 4483 613 4541 Comitem
655 4481 870 4550 optabat
907 4482 1028 4550 ejus
1061 4475 1341 4534 historiam
1373 4493 1721 4547 cognoscere.
1766 4478 1948 4546 Itaque

2073 3276 2159 3320 tur
2191 3283 2300 3321 non
2331 3269 2508 3322 minus
2539 3284 2696 3338 quam
2730 3268 2864 3321 alias
2884 3267 2952 3320 de
2978 3283 3071 3320 sua
3099 3267 3400 3336 paucitate.
3432 3273 3684 3342 Augusti-

2073 3375 2176 3414 nus
2207 3361 2460 3414 vanitatis
2482 3375 2575 3414 eos
2602 3359 2930 3429 redarguere
2959 3359 3092 3422 \ull,
3113 3362 3232 3427 quia
3255 3359 3532 3428 jactareut
3557 3381 3680 3421 sese

2069 3467 2192 3508 esse
2224 3453 2500 3523 plusquam
2525 3453 3017 3521 quadringentosjin
3046 3448 3223 3506 Africa
3245 3456 3538 3510 antistites.
3567 3457 3675 3513 Sed

2067 3544 2113 3598 si
2132 3560 2262 3600 suos
2279 3545 2706 3599 Maximianistas
2728 3544 2827 3598 sibi
2851 3545 3068 3612 adjungi
3097 3545 3459 3611 patiebantur.
3484 3565 3671 3604 revera

2069 3646 2225 3691 erant
2259 3638 2539 3706 plusquam
2567 3636 2968 3707 quadringenti.
3005 3636 3427 3692 Maxitnianistas
3460 3652 3667 3706 autem,

2068 3732 2163 3801 qui
2203 3747 2309 3786 non
2343 3733 2520 3785 minus
2575 3731 2834 3800 optabant
2879 3729 2998 3784 huic
3026 3729 3311 3783 (Iollatiui.i
3376 3731 3664 3797 interesse,

2069 3839 2229 3892 quant
2261 3825 2452 3894 reliqui
2488 3825 2782 3878 Donatista:
2808 3839 2928 3878 eant
2951 3821 3306 3892 refugiebant,
3358 3839 3462 3875 non
3503 3825 3665 3878 modo

2065 3917 2359 3973 Donatista
2389 3919 2717 3988 rejecerunt,
2775 3918 2869 3972 sed
2902 3928 2954 3972 et
2984 3916 3243 3971 Catholici
3293 3918 3659 3972 excluserunt.

2061 4007 2172 4064 (iur
2203 4009 2253 4064 id
2280 4013 2474 4065 factum
2509 4012 2600 4077 sit,
2649 4011 2850 4065 indicat
2877 4009 3208 4080 Augustinus
3236 4011 3288 4062 in
3338 4009 3473 4062 libro
3499 4011 3659 4064 tertio

2061 4117 2248 4157 contra
2279 4103 2547 4157 Juliauum
2570 4122 2582 4156 :
2610 4103 2903 4173 Cupientes,
2935 4105 3124 4170 inquit,
3151 4101 3479 4171 exiguitatem
3507 4117 3654 4154 suam

2059 4196 2267 4246 nomine
2289 4193 2466 4247 saltent
2490 4195 2788 4247 certaminis
2815 4193 3096 4256 consolari,
3129 4204 3175 4247 rt
3203 4195 3317 4246 idco
3363 4194 3524 4245 videri
3551 4195 3655 4248 ali-

2057 4287 2183 4354 quid
2210 4285 2348 4354 apud
2374 4301 2461 4338 eos
2515 4286 2699 4355 quibus
2744 4286 3146 4352 contemptibiles
3166 4295 3340 4346 erant,
3372 4285 3493 4353 quia
3523 4286 3653 4340 inire

2057 4379 2320 4432 nobiscum
2349 4379 2633 4432 sinerentur
2655 4393 2888 4441 examen,
2914 4377 3300 4449 intrrpellantes
3327 4392 3411 4429 eos
3433 4388 3478 4428 et
3509 4377 3654 4430 libel-

2058 4474 2166 4526 lum
2194 4473 2374 4527 dantes
2406 4485 2837 4543 provocantesque
2862 4473 3275 4539 contempsimus.
3310 4469 3479 4541 Magis
3517 4471 3653 4524 enim

349 4574 417 4630 ad
447 4591 568 4627 eum
615 4571 858 4628 scribens
889 4573 1048 4643 epist.
1082 4569 1152 4624 50
1183 4589 1194 4623 :
1248 4571 1524 4635 Quoniam,
1573 4571 1764 4636 inquit,
1797 4569 1948 4623 valde
1975 4555 2027 4615 D
2053 4566 2117 4619 de
2149 4567 2426 4620 certamine
2467 4564 2724 4618 nominari
2773 4564 3154 4630 desiderabant,
3204 4579 3355 4632 quam
3403 4563 3653 4633 formida-

349 4667 552 4740 prolixa
588 4675 705 4720 sunt
734 4677 895 4738 gesta,
921 4676 966 4718 et
995 4664 1085 4717 tibi
1110 4664 1230 4716 aliis
1254 4664 1398 4716 rebus
1432 4661 1680 4716 Romana:
1713 4664 1829 4734 paci
1857 4680 1944 4716 ne-

346 4759 580 4813 cessariis
613 4769 880 4829 occupato.
921 4756 1138 4809 multum
1162 4764 1313 4807 estut
1343 4753 1601 4826 legantur,
1637 4755 1943 4808 breviarium

347 4866 520 4903 eorum
564 4850 654 4903 tibi
693 4850 795 4921 legi
822 4849 1026 4913 poterit.
1078 4846 1217 4914 Quid
1252 4847 1473 4900 multis?
1515 4846 1853 4901 Existimavit
1888 4847 1938 4900 in

347 4943 410 4997 iis
440 4944 595 4997 sitam
641 4956 762 4998 esse
813 4941 1068 4996 Ecclesiae
1100 4941 1406 4994 victoriam.
1458 4941 1638 5009 itaque
1679 4940 1729 4994 in
1778 4941 1935 5007 epist.

345 5035 451 5092 204
484 5035 548 5089 ad
598 5033 886 5104 quemdam
917 5033 1249 5087 Donatistam
1276 5049 1288 5085 :
1327 5031 1592 5096 Prcestitit,
1616 5031 1806 5101 inquit,
1837 5033 1936 5084 mi-

343 5127 625 5181 sericordia
659 5123 770 5190 Dei,
807 5137 862 5178 ut
884 5135 929 5180 et
955 5142 1046 5179 nos
1067 5126 1353 5197 etepiscopi
1380 5126 1529 5178 vestri
1555 5134 1658 5178 tam
1682 5125 1938 5196 frequenti

344 5234 718 5288 numerosoque
762 5228 1006 5270 conventu
1045 5216 1405 5291 Carthaginem
1437 5219 1741 5281 veniremus,
1788 5227 1939 5281 atque

340 5313 474 5366 inter
494 5329 585 5364 nos
611 5310 676 5362 de
691 5310 803 5381 ipsa
825 5309 1137 5364 dissensione
1158 5308 1540 5363 ordinatissime
1564 5311 1933 5380 conferremus.

343 5403 498 5460 Gesta
527 5403 814 5474 conscripta
845 5411 980 5468 sunt,
1013 5414 1200 5456 nostra:
1237 5403 1394 5455 etiam
1427 5401 1824 5472 subscriptiones
1863 5411 1936 5456 te-

342 5508 546 5550 nentur.
579 5493 711 5566 Lege
735 5496 812 5550 vel
838 5507 1012 5566 patere
1042 5505 1094 5549 ut
1121 5494 1211 5547 tibi
1239 5495 1475 5563 legantur
1503 5511 1520 5549 :
1552 5507 1598 5550 et
1645 5507 1763 5549 tunc
1803 5495 1934 5567 elige

341 5589 479 5662 quod
498 5590 739 5646 volueris.

415 5683 559 5740 Sane
587 5698 707 5737 cum
728 5698 892 5754 super
920 5679 1224 5736 incidissem
1257 5679 1308 5734 in
1341 5675 1472 5734 Acta
1526 5681 1739 5737 concilii
1790 5681 1934 5738 Con-

342 5774 813 5845 stantinopolitani
834 5772 1083 5840 secundi,
1113 5771 1254 5843 quod
1285 5770 1574 5829 Justiniani
1604 5775 1774 5830 nostri
1801 5783 1935 5831 tem-

2055 4660 2178 4713 bant
2208 4661 2261 4712 in
2289 4661 2564 4713 certamine
2585 4660 2813 4730 superari
2845 4674 2862 4711 :
2884 4675 2973 4712 nec
2999 4657 3272 4720 sperabant
3291 4659 3514 4712 victorite
3538 4659 3650 4729 glo-

2048 4753 2202 4815 riam,
2231 4753 2323 4806 sed
2351 4757 2546 4825 famam
2570 4754 2888 4824 requirebant
2911 4751 3238 4818 Collationis,
3267 4753 3386 4822 quia
3413 4754 3644 4807 multitu~

2047 4845 2184 4899 diuis
2208 4863 2308 4900 non
2337 4846 2605 4901 habebant.

2117 4937 2244 4991 Haec
2270 4939 2360 4992 ille
2393 4956 2405 4990 :
2440 4939 2529 5008 qui
2582 4937 2710 4994 inde
2738 4937 2927 5008 probat
2962 4952 3066 4992 non
3113 4954 3234 4992 esse
3280 4954 3640 5009 consequens,

2045 5041 2101 5084 ut
2125 5033 2211 5099 qui
2245 5031 2495 5085 conferre
2527 5032 2577 5085 in
2603 5030 3007 5100 aliquojudicio
3038 5034 3222 5086 volunt
3249 5048 3346 5087 nec
3367 5033 3638 5098 sinuntur.

2045 5121 2229 5192 putari
2260 5123 2491 5178 debeant
2522 5126 2589 5178 de
2617 5126 2845 5178 veritate
2886 5123 3160 5178 confidere
3191 5142 3204 5176 :
3268 5125 3427 5194 idque
3455 5126 3640 5194 objicit

2045 5217 2371 5285 Pelagianis,
2396 5217 2485 5286 qtti
2514 5233 2634 5271 cum
2654 5217 2762 5286 jam
2799 5219 3032 5272 damnati
3062 5218 3114 5272 iu
3159 5219 3388 5273 concilio
3427 5217 3640 5286 episeo-

2043 5324 2231 5380 porum
2265 5309 2513 5375 fuissent,
2538 5309 2815 5378 jactabaut
2836 5311 3092 5378 quasdam
3120 5311 3325 5364 litteras
3346 5310 3637 5380 imperato-

2039 5405 2170 5471 rias,
2228 5418 2293 5458 ex
2346 5403 2545 5474 quibus
2594 5403 2660 5457 ad
2711 5419 2902 5458 novam
2951 5401 3306 5459 Collationcnt
3335 5403 3632 5458 catholicos

2042 5499 2432 5568 prcrucabant.
2467 5513 2694 5568 cauique
2723 5497 3014 5554 Catholicis
3041 5500 3439 5563 recusantibus,
3463 5499 3634 5552 victo-

2038 5605 2127 5645 res
2157 5605 2214 5645 se
2237 5606 2357 5645 e~se
2381 5589 2578 5645 stolide
2602 5591 2986 5661 gloriabantur.

2114 5682 2284 5736 Porro
2314 5699 2472 5753 quam
2505 5686 2650 5738 ultro
2685 5699 2805 5738 sese
2854 5683 3148 5738 offert-bant
3201 5681 3627 5750 Maximianistac,

2044 5777 2135 5847 qui
2167 5776 2368 5848 repulsi
2409 5789 2556 5846 sunt,
2599 5790 2705 5834 tam
2733 5779 2925 5848 reliqui
2959 5777 3272 5847 Donatistae,
3305 5777 3392 5845 qui
3419 5777 3633 5834 restita.
