4134 6186
482 231 616 288 Ητί

1981 223 2351 282 APPENDIX.

3626 235 3784 292 M72

481 356 729 418 tempore
759 347 1001 402 videmus
1047 357 1144 402 eos
1169 345 1260 417 qui
1303 343 1374 401 de
1404 343 1672 415 religione
1695 341 2033 398 contendunt
2061 385 2075 409 ,
2106 353 2154 408 Α
2255 341 2392 398 Cum
2421 343 2655 414 primum
2707 359 2828 401 sese
2879 353 3147 403 steterunt
3190 346 3510 414 Donatistae,
3541 349 3786 406 cavillati

481 440 882 508 intempesuve,
911 449 968 494 ut
1006 439 1186 494 omnia
1218 437 1503 506 misceant,
1535 437 1814 494 transilire
1857 437 1922 490 ad
1973 436 2082 491 cri-

481 534 833 589 minationem
887 547 1272 603 personarum.
1332 533 1474 590 Sane
1533 549 1643 604 quo
1699 533 1873 602 magis
1920 542 2073 603 gesta

481 629 803 685 Collationis
850 629 1300 701 Cartltaginensis
1345 630 1636 684 considero
1663 671 1677 696 ,
1729 636 1880 683 tanto
1909 629 2082 699 magis

481 723 693 782 sentio,
729 729 837 776 tam
869 721 935 776 ad
985 737 1098 778 rem
1131 724 1483 792 principalem
1535 723 1856 778 Catliolic-is
1892 724 2080 778 venire

480 819 666 871 statim
699 815 938 872 voluisse
963 857 980 882 ,
1028 834 1187 887 quam
1237 817 1546 873 Donatistas
1577 817 1627 872 id
1659 817 1956 886 refugisse:
1989 818 2080 887 qui

485 907 976 980 (quemadmodum
1015 923 1164 980 smpe
1194 909 1530 980 Augustinus
1561 910 1729 980 dixit)
1774 909 1876 964 hoc
1913 925 2078 964 unum

483 1005 750 1074 agebant,
792 1015 850 1058 ut
909 1003 1037 1059 nihil
1077 1015 1354 1075 ageretur.
1407 1005 1540 1060 Nam
1597 1017 1652 1060 et
1696 1003 2082 1076 Carthaginem

483 1105 689 1151 tantmn
717 1098 935 1154 venisse
966 1099 1220 1154 videntur
1248 1109 1306 1154 ut
1325 1100 1591 1155 redirent.
1617 1100 1764 1155 Dixit
1788 1102 1953 1155 etiam
1981 1101 2082 1155 ali-

481 1190 696 1258 quando
738 1194 1070 1262 Angustinus
1114 1193 1164 1247 iu
1203 1193 1361 1248 libris
1390 1204 1582 1249 contra
1607 1193 1884 1250 Iulianum
1919 1194 2075 1250 Pela-

480 1281 720 1352 gianum,
756 1283 989 1338 frontem
1024 1285 1408 1341 hzereticorum
1438 1302 1544 1340 non
1572 1302 1693 1341 esse
1725 1286 1985 1343 frontem.
2025 1287 2078 1342 Id

481 1391 614 1430 vero
643 1377 712 1431 de
753 1377 1060 1433 incredibili
1098 1379 1501 1434 Donatistarum
1541 1379 1876 1448 impudentia
1909 1379 2080 1435 multo

483 1469 656 1539 magis
700 1469 806 1524 uici
862 1471 1033 1537 potuit
1083 1471 1400 1538 debuitque.
1450 1470 1593 1526 Sane
1639 1487 1761 1525 cum
1805 1469 2082 1527 refelleret

480 1559 839 1616 Crescunium
899 1560 1231 1616 Donatistam
1297 1563 1753 1631 grammatictnn,
1814 1561 2082 1631 significat

481 1666 650 1723 prope
669 1667 793 1708 esse
837 1662 894 1706 ιιι
917 1654 1186 1708 exclamet
1218 1653 1346 1708 illud
1381 1653 1576 1718 Persii,
1611 1655 1834 1723 frontem
1866 1654 2081 1723 periisse

2187 439 2374 492 nescio
2400 438 2526 508 quid
2555 438 2797 500 fuerunt,
2841 440 2906 494 de.
2934 449 3214 510 tempore,
3244 442 3387 512 quod
3418 445 3790 510 praestitutum

2187 530 2363 585 fuerat
2405 530 2515 599 jam
2546 531 2749 600 elapso.
2784 531 2889 587 Sed
2937 532 3290 588 interlocutus
3315 543 3400 587 est
3430 533 3787 591 Marcellinus

2185 624 2256 680 de
2288 625 2673 696 prorogatiune
2700 643 2712 678 :
2739 635 2793 680 et
2828 626 3046 681 tenebat
3083 626 3215 680 illud
3250 626 3464 697 Ulpiani
3498 645 3513 681 :
3550 627 3655 693 Qui
3693 644 3794 698 pro

2187 718 2442 772 tribunali
2469 719 2757 789 cognoscit,
2782 735 3163 788 nonnumquam
3191 728 3392 787 tempus
3404 719 3634 792 judicali
3663 737 3796 792 pro-

2185 822 2356 879 rogat,
2381 819 2512 876 etc.,
2541 813 2577 866 l.
2629 828 2665 866 tt
2693 811 2759 866 de
2780 812 2855 867 Re
2883 812 3050 879 jndic.
3079 812 3254 867 Credo
3281 811 3561 879 equidem,
3600 813 3797 866 Iuben-

2188 912 2273 957 ter
2303 904 2464 957 etiam
2493 904 2783 958 Donatista:
2813 904 3354 960 submnrmurassent
3385 905 3516 960 illud
3547 924 3580 962 e
3611 907 3799 961 medio

2183 1003 2306 1072 jure
2329 1004 2496 1066 civili,
2519 1019 2724 1057 moram
2760 1004 2969 1072 purgari
3004 1017 3113 1057 non
3141 1017 3318 1071 posse,
3344 1004 3435 1056 ubi
3470 1003 3631 1072 lapsu
3657 1015 3799 1058 temo

2189 1098 2335 1166 poris
2361 1098 2655 1150 commissa
2683 1105 2784 1150 est.
2821 1094 2924 1149 Sed
2955 1094 3104 1150 hisce
3136 1095 3346 1149 cavillis
3370 1109 3478 1150 nou
3501 1105 3624 1149 erat
3651 1109 3798 1149 nunc

2187 1189 2358 1244 locus.
2392 1189 2662 1242 Caeterum
2696 1203 2815 1240 cum
2853 1186 2986 1240 ordo
3013 1184 3335 1241 Collationis
3365 1187 3641 1256 imprimis
3669 1201 3802 1256 pos-

2188 1281 2406 1344 tularet,
2437 1287 2493 1332 ut
2538 1279 2792 1348 utrinque
2822 1277 2957 1332 certi
3004 1276 3384 1346 deligerentur
3410 1286 3628 1331 actores
3649 1319 3665 1342 ,
3701 1277 3798 1332 id-

2185 1385 2294 1440 que
2331 1370 2674 1424 Marcelliuns
2703 1369 2942 1423 ediceret
2972 1407 2988 1434 ,
3034 1378 3089 1422 et
3137 1366 3409 1423 Catholici
3452 1370 3794 1439 probarent,

2189 1464 2486 1518 Donatista:
2527 1477 2717 1517 rursus
2747 1460 3148 1523 reclamabant,
3179 1462 3268 1531 qui
3315 1476 3439 1515 cum
3483 1471 3797 1532 prOpetreo

2185 1559 2327 1612 centi
2357 1557 2770 1619 convenissent,
2800 1554 3055 1609 volebant
3083 1570 3270 1608 omnes
3294 1553 3582 1623 disputare
3609 1573 3622 1606 :
3648 1553 3798 1623 quod

2186 1651 2432 1721 profecto
2448 1649 2565 1703 sine
2591 1648 2821 1702 tumultu
2851 1658 2906 1702 et
2934 1645 3255 1701 confusione
3271 1646 3387 1700 fieri
3411 1663 3519 1700 non
3551 1655 3792 1716 poterat.

477 1744 544 1798 de
571 1746 739 1800 rebus.
777 1746 842 1800 Et
875 1746 984 1800 alio
1013 1747 1134 1801 loco
1155 1747 1292 1802 dixit
1321 1763 1380 1802 se
1410 1748 1594 1802 mirari
1621 1749 1952 1809 Donatistas.
1975 1747 2071 1801 ha-
2107 1750 2155 1810 B
2182 1743 2322 1813 Ergo
2372 1742 2721 1796 Marcellinus
2767 1740 3150 1811 interloquitur
3176 1781 3191 1804 ,
3247 1739 3656 1795 observandum
3701 1739 3792 1794 hic

484 1835 616 1890 bere
649 1836 700 1890 in
729 1851 959 1907 corpore
986 1841 1326 1908 sanguinem,
1348 1844 1412 1893 et
1435 1847 1612 1894 tamen
1643 1855 1931 1908 numquam
1954 1856 2078 1894 eru-

477 1929 726 1984 bescere.
759 1929 1029 1995 Dicerem,
1051 1948 1212 2000 quam
1242 1933 1495 1987 crudeles
1521 1932 1732 1987 fuerunt
1761 1930 1943 1987 sicarii
1969 1945 2074 1987 tam

478 2019 665 2074 vafros
707 2019 875 2076 fuisse
916 2025 1300 2094 pragmaticus.
1345 2022 1451 2076 Sed
1485 2033 1637 2088 acta,
1669 2024 1736 2077 de
1765 2024 1965 2093 quibus
1992 2023 2075 2076 lu-

475 2128 639 2184 quor,
662 2116 1006 2170 testahnotur
1028 2158 1040 2180 ,
1077 2116 1332 2186 strophas
1358 2131 1547 2170 eorum
1589 2133 1694 2171 non
1721 2127 1827 2172 tam
1863 2117 2077 2172 erudito

474 2205 661 2274 aliquo
688 2205 920 2262 artificio
954 2214 1147 2271 tectas,
1172 2223 1330 2278 quam
1356 2210 1660 2263 meretricia
1690 2210 1918 2280 quadam
1951 2225 2077 2281 pro-

477 2300 644 2354 tervia
677 2303 1042 2354 communitas
1073 2301 1262 2358 fuisse.
1299 2302 1442 2358 Sunt
1471 2302 1526 2357 iu
1556 2303 1707 2358 libris
1727 2305 1866 2373 juris
1904 2305 2076 2374 expli-

473 2401 592 2446 cata
631 2393 744 2446 haec
773 2393 936 2448 verba
968 2393 1102 2464 legis
1136 2435 1152 2461 ,
1194 2395 1239 2448 si
1268 2394 1508 2449 caluitur.
1540 2394 1647 2450 Sed
1692 2396 1780 2450 vix
1821 2412 2090 2466 umquam

472 2481 652 2552 magis
673 2482 800 2553 quid
837 2483 967 2538 illud
995 2483 1086 2551 sit,
1111 2485 1386 2556 apparuit,
1409 2501 1569 2554 quam
1593 2487 1646 2540 in
1674 2487 2072 2542 Donatistarum

475 2575 926 2644 tergiversatione
953 2587 1118 2646 atque
1150 2576 1522 2633 frustratione.
1554 2577 1698 2648 Ergo
1733 2578 2074 2634 Marcellinus

477 2667 926 2723 interloeutiunes
957 2685 1128 2739 prope
1153 2679 1478 2736 scxcentas,
1521 2681 1577 2723 ut
1602 2685 1790 2726 eorum
1833 2670 2074 2725 ludifica-

475 2764 606 2819 tioni
630 2774 966 2829 occurreret,
983 2766 1335 2834 interponere
1353 2778 1572 2820 coactus
1597 2766 1714 2830 fuit,
1739 2767 1889 2835 prius
1911 2783 2069 2834 quam

475 2854 540 2908 ad
572 2871 685 2909 rem
719 2869 817 2910 eos
844 2858 1159 2910 restitantes
1191 2871 1468 2923 revocare,
1499 2867 1553 2911 et
1579 2858 1644 2912 ad
1676 2873 1895 2912 causam
1927 2859 2068 2928 prin-

475 2949 702 3017 cipalem
732 2948 1082 3018 judicandam
1116 2951 1305 3004 venire
1352 2951 1609 3020 putuerit.
1646 2952 1710 3004 Et
1747 2967 1875 3006 vero
1904 2967 2068 3022 opor-

475 3043 579 3096 tuit
623 3058 729 3095 non
776 3045 953 3098 minus
1006 3044 1222 3108 civilis,
1273 3061 1435 3114 quam
1467 3045 1634 3100 divini
1660 3046 1799 3115 juris
1833 3048 2068 3116 peritum

2178 1849 2321 1899 esse,
2345 1833 2487 1903 quod
2514 1833 2566 1886 in
2597 1832 2828 1903 publicis
2849 1831 3155 1888 actionibus
3176 1841 3232 1887 et
3252 1832 3577 1900 corporibus
3605 1842 3798 1885 cnstoc

2179 1925 2326 1980 ditur
2354 1968 2368 1991 ,
2413 1935 2470 1980 ut
2521 1942 2618 1995 per
2645 1936 2850 1991 certas,
2885 1925 3044 1980 sicuti
3073 1925 3180 1989 ait,
3215 1934 3270 1983 et
3299 1923 3581 1979 ordinatas
3611 1937 3668 1980 et
3700 1923 3797 1979 tir-

2178 2029 2352 2072 matas
2405 2033 2666 2087 personas
2725 2019 2905 2071 omnia
2963 2027 3333 2088 peragantut',
3376 2016 3537 2072 sicuti
3587 2030 3784 2072 noster

2177 2108 2443 2180 Ulpianus
2509 2111 2717 2164 scribit.
2788 2109 2997 2176 Quibus
3061 2113 3385 2178 permissum
3433 2120 3518 2164 est
3573 2123 3785 2179 corpus

2182 2201 2383 2257 habere
2409 2201 2625 2272 collegii
2652 2203 2766 2256 sive
2813 2202 3089 2256 societatis
3135 2204 3390 2262 nomine.
3423 2217 3609 2257 eorum
3646 2219 3787 2271 pro-

2177 2296 2355 2365 prium
2395 2309 2550 2359 esse,
2586 2295 2652 2348 ad
2681 2295 2986 2363 exemplum
3024 2293 3362 2364 Reipublica!
3397 2293 3592 2349 habere
3622 2304 3783 2348 acto-

2178 2402 2290 2440 rem
2318 2387 2430 2441 sive
2459 2386 2742 2457 syndicnm
2765 2428 2779 2451 ,
2805 2402 2900 2456 per
2921 2402 3108 2457 quem,
3139 2386 3284 2456 quod
3311 2388 3679 2441 communiter
3695 2388 3786 2459 agi

2178 2479 2404 2549 ﬁerique
2432 2490 2700 2548 oporteat,
2730 2493 2922 2549 agatur
2943 2492 2998 2534 et
3034 2481 3149 2546 liat,
3185 2481 3222 2534 Ι.
3251 2497 3306 2544 ’1,
3336 2480 3487 2548 Quod
3513 2480 3788 2550 cttjusque

2178 2574 2576 2628 nnivers.uom.
2589 2575 2724 2643 Ergo
2741 2575 2952 2631 tandem
2975 2573 3172 2641 placuit
3189 2573 3420 2646 355m
3433 2575 3788 2637 convenit,ut

2174 2676 2380 2736 septem
2412 2683 2476 2722 ex
2504 2684 2730 2722 numero
2747 2667 3177 2731 Catholicorum,
3203 2681 3257 2722 et
3281 2667 3506 2722 totidem
3531 2683 3597 2722 ex
3630 2678 3784 2736 parte

2177 2763 2370 2817 Donati
2399 2763 2792 2832 deligerentur,
2817 2763 2910 2831 qui
2932 2777 3046 2817 suae
3071 2763 3451 2817 universitatis
3478 2764 3703 2818 nomine
3727 2773 3784 2818 et

2174 2856 2432 2910 mandato
2483 2871 2702 2910 causam
2760 2863 3026 2925 agerent,
3060 2865 3116 2910 et
3164 2855 3597 2925 disputationem
3637 2871 3779 2924 pra:-

2176 2957 2424 3004 texerent
2472 2948 2526 3002 in
2577 2948 2677 3002 hac
2706 2949 3032 3004 Cullatiune.
3069 2948 3269 3003 Eorum
3323 2959 3508 3003 autem
3563 2960 3780 3016 septem

2175 3047 2431 3114 princeps
2475 3025 2641 3099 veluti
2685 3045 2786 3100 fuit
2831 3047 2955 3100 hinc
2987 3046 3344 3114 Augustinus,
3377 3044 3531 3102 illius
3561 3043 3786 3098 Petilia-

477 3135 664 3200 fuisse,
689 3143 748 3190 nt
775 3135 860 3191 hic
889 3147 1175 3207 pragstaret
1203 3136 1348 3205 quod
1381 3146 1498 3190 erat
1534 3152 1778 3192 necesse.
1809 3136 1940 3191 Nam
1969 3138 2073 3191 Du-
2098 3139 2143 3202 C
2179 3154 2280 3192 nus
2305 3156 2318 3192 :
2351 3150 2407 3193 ut
2433 3148 2488 3194 et
2512 3149 2672 3194 antea
2700 3139 2755 3194 bi
2776 3139 2994 3208 scriptis
3017 3139 3349 3194 adversariis
3376 3138 3678 3193 conflictati
3703 3139 3787 3193 iu-

477 3227 693 3282 natistae
747 3243 870 3284 cum
916 3229 1236 3284 simularent
1287 3244 1410 3285 sese
1453 3245 1674 3284 causam
1727 3245 1890 3301 agere
1929 3230 2069 3287 velle

476 3329 683 3374 tantum
729 3337 800 3376 ex
833 3323 1004 3378 sacris
1033 3322 1251 3386 litteris,
1284 3322 1445 3376 sicuti
1477 3321 1758 3392 theologos
1794 3323 2025 3377 decebat
2053 3342 2068 3377 :

475 3422 654 3469 tamen
683 3417 1123 3485 prmscriptiones
1161 3415 1399 3470 infinitas
1428 3431 1496 3469 ex
1553 3415 1757 3470 forensi
1789 3417 2070 3470 tcchnolu-

473 3506 558 3576 gia
592 3508 931 3575 repetebant,
961 3523 1082 3576 quae
1108 3507 1229 3560 sine
1253 3507 1392 3573 juris
1409 3507 1586 3560 civilis
1628 3508 1940 3577 cognitione
1979 3523 2068 3562 re.

473 3598 584 3654 lelli
629 3613 734 3653 non
769 3610 1043 3669 poterant.
1096 3597 1386 3653 Miraretur
1413 3598 1628 3669 aliquis.
1662 3615 1787 3666 eos,
1813 3615 1934 3654 cum
1964 3618 2067 3654 tin-

472 3677 634 3760 dique
661 3693 1053 3761 conquirerent
1076 3705 1266 3746 omnes
1289 3691 1380 3763 (nt
1422 3700 1615 3746 vocant
1644 3691 1665 3764 )
1689 3693 2070 3748 declinatorias

474 3783 844 3851 exceptiones,
881 3795 1062 3838 tamen
1093 3799 1200 3838 non
1229 3785 1513 3851 excepisse
1535 3826 1550 3850 ,
1577 3785 1720 3855 quod
1750 3786 2068 3841 Ambrosius

473 3884 630 3927 antea
668 3886 958 3942 exceperat
999 3874 1065 3928 ad
1101 3874 1464 3930 Valentiniani
1520 3877 1753 3945 junioris
1802 3879 2071 3932 consisto-

476 3966 644 4032 rium,
671 3967 852 4023 aulica
883 3967 1072 4024 fraude
1099 3967 1324 4023 Justinae
1370 3981 1652 4033 evocatus,
1683 3980 1740 4024 ut
1778 3971 1829 4025 in
1859 3986 1926 4026 eo
1945 3988 2068 4026 cum

472 4057 692 4114 Arianis
728 4060 1056 4130 disiiutaret.
1105 4061 1210 4116 Sed
1243 4061 1740 4117 dissimilitudinem
1773 4064 2071 4120 observare

473 4148 634 4207 facile
662 4151 788 4208 licet
818 4173 832 4209 :
859 4165 914 4208 et
969 4155 1268 4209 DOuatista:
1313 4156 1416 4210 sibi
1463 4157 1727 4226 gratulari
1759 4157 2067 4222 debebant,

473 4259 596 4299 sese
641 4245 708 4300 ad
762 4248 946 4302 aulam
995 4247 1222 4302 ΗοιιιιΓὶἰ
1255 4248 1336 4303 vel
1381 4250 1804 4305 transmarinum
1854 4250 2070 4322 aliquod

474 4327 710 4392 tribunal
739 4378 754 4399 ,
783 4340 942 4393 sicuti
973 4352 1132 4394 antea
1157 4343 1370 4396 evocari
1403 4355 1659 4397 curarant
1691 4343 2032 4399 Carcilianum
2051 4387 2067 4411 ,

481 4442 623 4481 nunc
656 4443 762 4482 non
795 4429 1030 4485 evocari.
1077 4430 1132 4485 In
1168 4434 1318 4487 Actis
1361 4435 1623 4505 scriptum
1655 4446 1738 4491 est
1770 4436 1910 4491 hanc
1943 4436 2070 4492 Col-

2175 3241 2258 3288 tcr
2283 3247 2405 3288 sese
2433 3232 2667 3300 fuerant,
2695 3244 2748 3288 et
2769 3244 2886 3288 erat
2916 3234 2969 3288 in
2994 3250 3091 3288 suo
3119 3235 3353 3303 quisque
3384 3233 3581 3288 ordine
3641 3249 3782 3303 pra:-

2173 3327 2560 3381 stantissimus.
2591 3327 2658 3382 Et
2700 3328 2999 3382 Petilianus
3024 3328 3118 3396 qui
3148 3327 3448 3396 aliquando
3475 3328 3782 3381 causidicus

2175 3418 2389 3486 fuerat,
2417 3421 2623 3490 jactare
2653 3421 2870 3475 solebat
2909 3437 3058 3475 suam
3091 3421 3364 3492 quondam
3397 3422 3699 3490 potentiam
3730 3422 3781 3473 in

2174 3516 2530 3571 advocatione
2596 3517 2844 3583 forensi,
2910 3526 2969 3571 ut
3019 3517 3093 3570 ait
3164 3515 3302 3585 Aug.
3348 3516 3447 3572 lib.
3477 3533 3538 3570 ιιι
3591 3524 3782 3570 contra

2175 3607 2332 3662 Petit.
2357 3624 2479 3678 cap.
2510 3609 2597 3663 i7.
2630 3609 2736 3664 Sed
2763 3623 2851 3664 res
2884 3610 2997 3679 ipsa
3018 3609 3258 3665 ostendit
3286 3610 3424 3663 nihil
3453 3609 3598 3663 aliud
3621 3625 3782 3673 ιιιιιιιη

2175 3698 2417 3769 ineptum
2471 3701 2714 3755 rabulam
2774 3699 2980 3765 fuiSse,
3007 3701 3132 3771 qui,
3173 3716 3334 3770 quam
3377 3701 3431 3755 iu
3475 3700 3786 3756 Collatioue
3837 3735 3848 3741 ι

2173 3805 2391 3846 causam
2416 3791 2483 3846 de
2507 3793 2745 3847 Ecclesia
2777 3794 3104 3862 impotenter
3127 3803 3334 3862 ageret,
3357 3809 3426 3847 ne
3452 3793 3787 3860 intelligeret

2173 3884 2390 3950 quidem
2421 3902 2433 3937 :
2468 3895 2525 3938 ut
2560 3885 2900 3952 impudentes
2940 3893 2994 3939 et
3020 3884 3223 3952 garruli
3260 3885 3529 3939 causidici
3564 3886 3615 3938 in
3662 3884 3786 3939 foro

2175 3972 2384 4026 educati
2417 3983 2622 4028 temere
2653 3985 2705 4029 et
2732 3975 2980 4045 imperite
3016 3984 3072 4030 et
3099 3973 3331 4030 confuse
3382 3975 3660 4030 balbutire
3694 3991 3784 4030 so-

2175 4067 2286 4121 lent
2313 4066 2378 4120 de
2405 4067 2686 4137 religione.

2249 4161 2424 4215 Porro
2448 4162 2570 4231 quia
2601 4161 2863 4218 Catholici
2895 4164 2964 4218 ab
2994 4163 3329 4233 imperatore
3361 4166 3620 4236 petierant
3649 4163 3779 4218 Col-

2175 4254 2455 4316 lationem,
2476 4255 2769 4311 Donatistae
2796 4256 3049 4312 volebant
3069 4257 3225 4312 initio
3245 4256 3349 4312 sibi
3375 4259 3465 4313 edi
3486 4267 3540 4312 et
3561 4256 3779 4312 nomina

2176 4347 2480 4418 legatorum
2512 4358 2569 4402 et
2612 4364 2824 4420 preces.
2858 4351 3186 4418 Quzerehaut
3228 4352 3399 4418 enim,
3456 4350 3594 4421 quod
3628 4352 3684 4404 in
3715 4367 3783 4406 eo

2183 4457 2399 4512 quoque
2426 4459 2630 4514 genere
2659 4445 2997 4498 arrodereut.
3031 4444 3382 4500 Marcellinus
3413 4445 3544 4499 nihil
3581 4444 3688 4500 hoc
3715 4443 3786 4498 ad

476 4520 737 4576 lationem
781 4522 1018 4577 habitam
1071 4539 1197 4579 esse
1246 4525 1300 4579 in
1351 4527 1661 4583 Secretario
1713 4529 2068 4584 Thermarum
2100 4531 2292 4592 Drcm
2345 4536 2622 4606 pertinere
2668 4539 3018 4606 pronuntiat:
3049 4546 3105 4592 et
3134 4537 3460 4608 respondet
3515 4538 3786 4606 rescripto

475 4614 930 4686 Gargilianarum,
961 4617 1102 4688 quod
1135 4619 1188 4672 in
1221 4619 1355 4674 urbe
1389 4620 1806 4692 Carthaginiensi
1860 4622 2076 4679 videtur

477 4709 644 4762 fuisse
675 4710 1004 4765 auditorium
1029 4710 1246 4781 aliquod
1274 4712 1474 4767 nobile.
1515 4713 1816 4784 Cyprianus
1840 4730 1965 4769 reus
1994 4715 2076 4769 di-

476 4799 618 4856 citur
645 4803 708 4856 ad
742 4816 1026 4872 paternum
1055 4803 1442 4859 Proconsulem
1476 4805 1957 4876 Carlhagiuensem
1979 4809 2075 4864 ad-

477 4889 673 4946 ductus
702 4895 867 4948 fuisse
899 4895 950 4949 in
975 4893 1245 4964 quoddam
1276 4894 1667 4952 Secretarium.
1701 4898 1770 4952 Et
1793 4899 1844 4952 in
1886 4899 2074 4955 codice

477 4979 939 5039 Constitutionum
983 5002 1130 5056 saepe
1159 4996 1382 5042 voratur
1415 4989 1775 5045 Secretarium
1805 4992 2072 5061 jndicum,

480 5088 535 5130 ut
568 5076 962 5134 Consistorinm
988 5081 1275 5150 Principis.
1307 5081 1669 5137 Secretarium
1701 5083 1943 5139 I’raatorii
1982 5101 2078 5138 vu-

479 5178 572 5224 cat
616 5175 946 5241 Augustinus
975 5174 1112 5228 libro
1139 5191 1196 5230 nt
1223 5187 1407 5231 contra
1433 5177 1694 5233 Crescou.
1737 5195 1858 5249 cap.
1893 5179 1978 5236 56.
2013 5182 2070 5236 In

481 5261 810 5332 llippuucnsi
845 5265 1048 5320 Balneo
1085 5269 1245 5323 Susn.
1269 5269 1370 5324 sub
1399 5272 1684 5339 prmsentia
1718 5273 1902 5343 populi
1951 5289 2073 5330 sese

479 5357 780 5411 contulisse
802 5371 926 5412 cum
957 5356 1256 5416 Fortunato
1285 5362 1585 5419 Manichan
1624 5364 1810 5419 scribit
1849 5366 1899 5421 in
1932 5366 2072 5422 libro

477 5459 668 5505 contra
696 5448 920 5505 Fortun.
956 5451 1014 5506 In
1038 5450 1225 5507 Trullo
1247 5455 1428 5523 palatii
1456 5457 1778 5512 convenisse
1801 5459 2065 5530 synodum

478 5542 896 5614 Constattlinop.
967 5559 1073 5599 non
1129 5557 1211 5600 est
1261 5550 1520 5615 ignotum.
1573 5549 1725 5617 Quod
1773 5550 1898 5604 dico
1934 5592 1948 5615 ,
2002 5567 2069 5607 ne

479 5637 603 5705 quis
640 5638 726 5693 hic
777 5638 1088 5696 offendatur
1144 5639 1396 5697 Thermis
1437 5642 1754 5714 Gagilianis.
1800 5643 1958 5700 Nunc
2003 5645 2070 5701 ad

477 5742 594 5784 rem
604 5763 618 5783 ι

2181 4627 2515 4697 pragmatico
2539 4643 2726 4694 preces
2749 4628 2913 4683 inseri
2943 4644 3048 4683 non
3079 4631 3277 4684 solere.
3317 4629 3552 4683 Petitam
3583 4629 3654 4681 ab
3685 4629 3787 4682 im-

2179 4729 2434 4786 peratore
2486 4735 2609 4776 esse
2651 4719 3011 4776 Collationem
3063 4737 3170 4776 non
3231 4723 3458 4776 omnino
3505 4723 3786 4776 audebant

2179 4807 2477 4864 Donatistm
2523 4813 2927 4879 reprehendere
2968 4831 2981 4866 :
3028 4814 3154 4883 quia
3180 4823 3236 4867 et
3285 4813 3386 4880 ipsi
3423 4816 3638 4884 priores
3675 4815 3782 4868 ali-

2179 4903 2399 4971 quando
2431 4902 2479 4957 id
2515 4905 2818 4973 petiissent,
2849 4914 2904 4960 et
2952 4919 3168 4959 causam
3207 4904 3491 4959 Cmciliani
3541 4905 3674 4959 olim
3716 4906 3784 4960 ad

2179 4994 2594 5050 Constantinum
2643 4999 2985 5054 retulissent.
3043 4998 3150 5054 Sed
3187 4999 3327 5052 clam
3378 5009 3564 5053 tamen
3595 5001 3783 5054 nescio

2179 5086 2305 5155 quid
2338 5087 2860 5144 submnrmurabant
2888 5110 2900 5143 :
2937 5090 3092 5144 Nobis
3132 5091 3332 5161 (inquit
3361 5090 3703 5160 Augustinus
3729 5094 3780 5146 in

2177 5177 2316 5232 libro
2347 5191 2465 5247 post
2495 5177 2717 5252 Collat.)
2741 5182 2990 5237 inuidiam
3019 5182 3296 5246 concitant,
3330 5183 3471 5252 quod
3500 5185 3649 5248 apud
3683 5187 3784 5236 im-

2178 5282 2467 5338 peratorem
2514 5289 2724 5326 causam
2779 5291 2994 5345 agamus
3038 5271 3308 5329 Ecclesia.
3345 5273 3480 5327 Hinc
3530 5275 3627 5329 illa
3662 5274 3785 5328 Pri-

2174 5365 2335 5418 miani
2376 5363 2661 5420 Donatista:
2709 5381 2807 5421 vox
2829 5384 2847 5421 :
2871 5368 2959 5422 Illi
2989 5377 3193 5437 portant
3241 5367 3520 5420 multorum
3553 5368 3785 5431 impera-

2175 5465 2345 5510 torum
2366 5475 2538 5512 sacras
2562 5475 2582 5512 :
2610 5475 2702 5512 nos
2746 5459 2862 5513 sola
2918 5467 3186 5529 portamus
3216 5458 3519 5530 Evangelia.
3560 5460 3683 5514 Dixi
3717 5475 3782 5516 ea

2174 5548 2243 5603 de
2298 5565 2360 5604 te
2394 5549 2668 5620 quidpiam
2703 5553 2755 5605 in
2793 5560 3037 5604 annutat.
3070 5552 3137 5604 ad
3168 5551 3448 5619 Optatum,
3484 5553 3584 5606 ubi
3618 5564 3668 5604 et
3704 5554 3782 5606 al-

2177 5651 2348 5698 teram
2399 5659 2463 5698 ex
2514 5645 2814 5712 Augustino
2840 5645 3062 5699 recitavi
3106 5641 3594 5711 exprobrationem
3628 5645 3782 5702 Peti-

2183 5735 2314 5791 liani
2338 5753 2352 5790 :
2396 5735 2534 5801 Quid
2559 5737 2703 5792 nobis
2723 5752 2840 5792 cum
2871 5734 3078 5805 regibus
3104 5734 3305 5801 seaculi,
3333 5750 3467 5805 quos
3495 5752 3781 5807 nam
