4134 6186
383 230 528 288 M77

1291 232 1604 294 HISTORIA
1641 227 2291 290 CARTIIAGMNSIS
2332 230 2838 305 COLLATIONIS.

3615 266 3752 323 “78

379 355 727 405 ostemarcnt
749 347 986 418 alicujus
1007 351 1272 423 corporis,
1299 353 1399 408 hoc
1415 361 1522 417 est,
1545 364 1657 405 suae
1687 347 2001 405 societatis
2023 354 2082 415 Α
2103 349 2334 422 pothesi
2384 352 2680 418 dissensio
2723 375 2880 433 erat;
2911 377 2967 423 et
3009 383 3131 426 cum
3173 376 3384 446 utrique
3413 391 3543 435 suas
3588 381 3750 436 veluti

380 449 439 496 et
460 441 892 510 conspirationis
919 445 1298 514 speciosiorem
1327 447 1437 502 sive
1468 445 1654 500 faciem
1681 443 1825 496 sive
1855 445 2002 499 cnlo-

381 549 524 601 rem,
558 533 664 588 hoc
687 529 801 600 est,
847 534 985 590 ritus
1014 549 1067 593 et
1089 554 1272 594 mores
1301 540 1472 595 minus
1495 539 1726 593 vitiosos
1751 547 1776 585 τ
1820 544 2002 594 tamen

382 628 671 698 praevaluit
709 627 883 683 altera
920 627 1318 688 Catholieorum
1354 634 1593 704 probatio
1615 675 1628 697 ,
1661 643 1786 702 qua
1833 647 2004 700 penes

377 735 464 786 se,
490 719 694 776 Christi
721 735 950 789 corpus,
984 721 1034 775 id
1061 734 1164 789 est,
1192 725 1503 794 Ecclesiam,
1523 741 1642 781 esse
1663 721 1996 780 evicerunt:

381 821 441 868 et
465 812 635 869 simul
653 812 800 882 apud
835 812 1146 869 Douatistas
1175 833 1279 871 non
1302 832 1421 873 esse
1442 817 1828 873 ostenderunt.
1860 818 2001 872 Nam

378 914 436 961 et
462 920 586 962 esse
619 905 835 960 unicam
861 915 1100 959 constat.
1132 905 1353 965 Frustra
1374 919 1553 966 autem
1577 910 1644 966 de
1667 907 1846 979 capite
1874 910 2002 980 glo-

379 1002 627 1065 riantur,
661 1000 756 1070 qui
781 999 853 1054 de
881 1013 1118 1068 corpore
1144 1016 1250 1057 non
1280 1012 1425 1059 sunt.
1474 1005 1606 1060 Nam
1637 1005 1728 1060 ubi
1758 1004 2000 1059 alterum

379 1109 492 1148 non
519 1101 638 1161 est,
669 1104 926 1148 neutrum
951 1100 1040 1147 est
1060 1133 1075 1158 ,
1127 1109 1249 1150 cum
1281 1106 1335 1152 et
1363 1099 1509 1152 totus
1535 1099 1784 1154 Christus
1831 1103 2002 1168 caput

377 1197 436 1244 et
453 1203 658 1258 corpus
681 1189 773 1255 sit,
797 1196 858 1243 ut
878 1187 955 1242 ait
979 1187 1336 1259 Augustinus.
1361 1192 1526 1265 353
1549 1193 1682 1248 Hinc
1705 1193 2000 1262 protritum

379 1283 511 1338 illud
553 1283 799 1353 ejusdem
845 1291 1039 1338 contra
1088 1281 1444 1342 Douatistas:
1498 1287 1662 1342 Extra
1705 1285 2004 1341 Ecclesium

369 1394 484 1432 non
519 1387 596 1431 est
631 1378 794 1431 salus.
825 1377 971 1432 Sane
1004 1376 1204 1432 Paulus
1239 1379 1544 1437 Ecclesium
1579 1381 1813 1452 appellat
1839 1378 2004 1434 Chri~

375 1481 545 1526 stum.
575 1467 817 1538 Cumque
841 1467 1051 1523 Jehova
1083 1470 1160 1524 sit
1197 1474 1484 1541 proprium
1515 1488 1716 1528 nomen
1745 1475 1838 1529 Dei
1862 1516 1876 1535 ,
1908 1482 2003 1527 ‘ta—

384 1576 514 1617 men
543 1561 704 1617 etiam
736 1559 1049 1614 attribuitur
1074 1576 1181 1616 non
1214 1562 1393 1617 modo
1422 1563 1574 1618 altari
1603 1563 2002 1636 Hierosolymi-

383 1663 528 1719 tano,
563 1654 656 1708 sed
679 1665 733 1707 et
757 1668 920 1707 nove
942 1652 1314 1720 Hierusalem,
1344 1655 1399 1708 id
1422 1664 1526 1721 est,
1552 1655 1842 1712 Ecclesiae.
1870 1657 2001 1712 Hart:

381 1759 563 1803 autem
591 1747 767 1801 obiter
791 1744 934 1810 dico,
963 1754 1018 1800 ttt
1054 1750 1226 1820 magis
1263 1747 1672 1817 intelligamus,
1699 1760 1909 1819 quanta
1930 1750 2000 1806 de

380 1856 448 1896 re
486 1847 778 1910 quaeratur,
809 1837 932 1892 cum
969 1837 1033 1892 de
1062 1838 1322 1896 Ecclesia
1362 1841 1626 1911 quaeritur
1650 1851 1862 1896 etcum
1903 1843 2010 1896 Do-

385 1931 600 1988 natistis
633 1931 716 2001 agi
745 1930 813 1986 de
852 1945 912 1986 re
943 1945 1126 2002 magna
1153 1935 1538 2004 omniumque
1563 1933 1699 1988 adeo
1734 1935 2007 2005 maxima,

389 2025 814 2081 meminerimus.
881 2047 888 2054 -

463 2119 819 2190 Posteaquam
838 2129 1014 2174 autem
1031 2114 1140 2185 jam
1170 2118 1544 2190 intelligimus
1569 2122 1629 2176 τὸ
1658 2121 2008 2193 κρινούμενον,

391 2227 696 2281 quaeramus
722 2213 782 2268 τὸ
809 2216 1078 2289 κριτήριον·
1113 2214 1336 2267 tametsi
1373 2223 1427 2267 et
1457 2213 1558 2267 hoc
1584 2212 1698 2282 jam
1735 2213 2014 2283 judicave-

392 2305 596 2374 rimus,
637 2306 770 2361 illud
811 2306 938 2361 nolo
975 2304 1257 2375 prtrterire
1303 2305 1455 2374 quod
1489 2303 1918 2377 Chrysostomus
1955 2310 2012 2362 in

396 2396 587 2452 ltomil.
623 2397 692 2450 49
731 2398 784 2450 in
811 2412 938 2450 ntv
965 2411 1082 2466 cap.
1118 2395 1336 2462 Matth.,
1388 2394 1589 2450 fatetur
1628 2412 1726 2451 suo
1763 2407 2013 2466 tempore

396 2489 566 2545 fuisse
591 2487 972 2548 difﬁcillimum
1006 2500 1341 2556 cognoscere
1373 2493 1433 2541 et
1469 2487 1684 2543 discere
1715 2496 1771 2542 et
1807 2487 2013 2544 discer-

395 2599 530 2640 nere
550 2583 851 2639 Ecclesium
875 2583 927 2635 in
951 2590 1097 2635 tanta
1117 2578 1442 2634 confusione
1461 2579 1857 2647 similitudinis,
1883 2598 2008 2637 cum

400 2676 642 2732 haeretici
666 2683 1005 2730 ostentarent
1023 2687 1146 2744 quae
1166 2669 1438 2727 Catholici
1465 2672 1848 2728 ostendebant.
1877 2673 2010 2730 Uni-

397 2785 522 2825 cum
568 2783 699 2823 vero
745 2767 1013 2837 reliquum
1063 2765 1234 2819 fuisse
1279 2763 1538 2818 indicium
1580 2779 1647 2820 ex
1691 2765 2006 2836 Scripturis.

402 2861 812 2931 Scd‘qnnmodo
831 2861 856 2913 τ
886 2860 1221 2930 Augustinus
1251 2858 1302 2912 id
1324 2857 1576 2927 explicat.

476 2953 768 3008 Donatistae
800 2952 852 3007 in
885 2952 1190 3007 Collatione
1221 2949 1506 3019 rogabant,
1543 2949 1736 3020 quibus
1765 2953 2012 3010 testimo-

401 3047 540 3114 niis,
567 3046 766 3102 divinis
793 3061 864 3100 an
895 3045 1146 3101 humanis
1173 3054 1458 3115 ageretur,
1491 3053 1545 3098 et
1570 3059 1676 3114 quo
1701 3043 1908 3114 judicio
1941 3047 2007 3102 lis

2112 442 2310 498 theses
2352 458 2433 499 ex
2471 457 2646 511 sacris
2687 458 2877 515 litteris
2908 473 3246 534 repeterent,
3296 471 3515 526 minime
3547 487 3748 526 conve-

2112 535 2349 590 niebant
2400 537 2462 592 in
2493 543 2627 613 fine,
2653 565 2775 616 usu,
2806 553 3265 623 interpretatione.
3300 559 3568 616 Catholici
3593 561 3739 616 enim

2111 643 2239 684 cum
2279 641 2455 720 suis")
2501 638 2793 697 Ecclesium
2821 660 2942 700 esse
2971 649 3310 718 catholicam,
3357 654 3463 708 hoc
3491 663 3592 720 est,
3625 663 3744 709 toto

2113 721 2254 776 orbe
2280 717 2571 796 dill'usam,
2588 731 2790 803 liquere
2817 736 2920 789 non
2947 737 3273 807 dubitarent,
3300 717 3438 798 rsatis
3464 717 3738 812 superque

2115 827 2242 868 esse
2284 819 2574 888 statuunt,
2625 826 2670 879 si
2717 826 2943 894 probent
2973 831 3139 884 Sacris
3171 831 3364 887 litteris
3405 833 3734 889 catholicam

2107 909 2525 968 commendari.
2553 915 2853 972 Ordinatur
2878 930 3057 976 autem
3083 938 3114 975 a
3146 922 3356 979 Veteri-5
3400 925 3738 982 Testamenti

2109 1000 2294 1056 libris.
2323 1000 2450 1058 Non
2472 1009 2618 1062 enim
2649 1008 2750 1064 hos
2776 1010 3131 1080 repudiabant
3162 1013 3494 1082 Donatistae,
3529 1028 3592 1070 ut
3619 1017 3736 1072 Ma-

2117 1093 2336 1149 nicha-i.
2385 1096 2455 1151 Et
2487 1109 2542 1153 ut
2583 1115 2610 1152 a
2648 1102 2926 1172 principio
2960 1119 3046 1159 res
3096 1116 3398 1175 repetatur,
3442 1111 3735 1179 promissio

2114 1185 2254 1241 facta
2297 1186 2535 1244 Abrahae
2565 1193 2836 1262 imprimis
2874 1197 3198 1264 preponitnr
3235 1199 3265 1270 -(
3284 1215 3410 1253 nam
3453 1209 3509 1254 et
3536 1216 3601 1255 ex
3637 1201 3732 1256 illo

2115 1279 2321 1336 findere
2345 1283 2612 1354 dependet
2653 1288 2904 1358 quicquid
2930 1289 3130 1346 deinde
3163 1293 3212 1347 in
3245 1294 3506 1350 universa
3533 1295 3730 1352 Eccle-

2103 1371 2194 1426 sia
2241 1373 2623 1447 admiramur).
2667 1379 2880 1434 Deinde
2913 1383 3167 1437 vaticinia
3215 1379 3620 1454 Prophetarum
3661 1388 3732 1444 de

2111 1465 2402 1522 vocatione
2427 1471 2689 1538 gentium,
2723 1487 2848 1542 quae
2874 1472 3096 1530 Christo
3131 1475 3378 1531 exhibito
3408 1477 3589 1533 futura
3618 1491 3729 1547 est,

2111 1562 2478 1616 accumulant.
2507 1562 2644 1618 Nam
2678 1574 2731 1620 et
2755 1580 2815 1621 ea
2847 1569 3328 1625 conveniunt-cum
3359 1572 3735 1641 promissione

2108 1647 2249 1704 facta
2276 1649 2536 1707 Abrahae.

2032 1755 2082 1820 Β
2175 1743 2279 1798 Est
2301 1754 2486 1800 autem
2519 1747 2806 1818 diligenter
2831 1751 3260 1817 observandum,
3294 1754 3445 1824 quod
3468 1756 3732 1825 Augusti-

2111 1851 2220 1890 nus
2241 1839 2483 1906 graviter
2505 1840 2824 1896 observavit
2852 1853 2908 1897 et
2939 1845 3189 1914 religiose
3227 1856 3429 1901 monet
3466 1849 3735 1906 concione

2107 1930 2355 1985 secunda
2383 1931 2440 1986 in
2465 1933 2656 2001 psalm.
2702 1949 2856 2000 mi;
2889 1952 3117 2006 nempe,
3157 1939 3461 2008 prophetas
3495 1943 3741 2012 apertius

2113 2021 2183 2076 de
2211 2021 2455 2078 Ecclesia
2472 2041 2634 2094 quam
2660 2026 2728 2081 de
2753 2027 2970 2083 Christo
2991 2030 3205 2084 locutos
3227 2046 3388 2088 esse:
3419 2034 3581 2105 idque
3611 2051 3737 2105 pro-

2117 2123 2326 2183 pterea,
2373 2117 2524 2186 quod
2575 2117 2824 2173 viderent
2867 2120 2921 2174 in
2972 2121 3166 2186 spiritu
3209 2121 3297 2191 (ut
3337 2121 3440 2195 ait)
3479 2125 3738 2182 homines

2115 2217 2308 2262 contra
2343 2209 2645 2281 Ecclesium
2688 2211 2928 2267 facturos
2977 2230 3101 2269 esse
3167 2219 3506 2288 particulas,
3566 2232 3620 2276 et
3668 2221 3739 2277 de

2117 2299 2333 2354 Christo
2361 2317 2466 2356 non
2495 2311 2702 2356 tantum
2733 2303 2879 2357 litem
2905 2304 3190 2360 habituros
3211 2349 3225 2372 ,
3245 2311 3351 2363 sed
3388 2311 3454 2366 de
3483 2313 3732 2368 Ecclesia

2113 2408 2341 2462 magnas
2363 2397 2744 2450 contentiones
2770 2397 3124 2453 excitaturus.
3157 2399 3305 2471 Ergo
3331 2403 3465 2458 illud
3484 2449 3498 2472 ,
3531 2405 3598 2460 de
3628 2421 3740 2475 quo

2113 2484 2353 2555 sitajores
2373 2487 2496 2543 lites
2512 2486 2718 2543 futura:
2740 2497 2916 2555 erant,
2941 2490 3155 2559 planius
3181 2502 3236 2547 e't
3253 2497 3507 2565 apertius
3529 2498 3735 2567 praedi-

2111 2586 2262 2633 ctum
2295 2595 2440 2634 esse.
2483 2581 2747 2651 Proponit
2786 2581 2944 2651 hujus
2986 2582 3062 2638 rei
3095 2587 3416 2656 exemplum
3453 2604 3522 2644 ex
3549 2591 3740 2646 Gene-

2113 2685 2244 2726 seos
2281 2687 2399 2742 cap.
2424 2688 2556 2740 uti,
2584 2673 2676 2728 ubi
2726 2683 2848 2744 post
2887 2676 3128 2731 [saccum
3175 2693 3208 2732 e
3259 2691 3440 2737 morte
3489 2683 3739 2754 ereptum

2115 2765 2450 2834 promittit-ur
2479 2768 2709 2822 Abrahtn
2733 2784 2919 2824 semen
2949 2771 3248 2838 iit-finitum,
3281 2784 3448 2846 atque
3475 2793 3540 2832 eo
3569 2778 3736 2834 modo

2115 2860 2358 2916 Ecclesia
2407 2870 2594 2933 aperte
2629 2863 2980 2934 praedicatur,
3023 2880 3146 2921 cum
3182 2866 3440 2926 Christus
3480 2886 3587 2928 non
3621 2874 3734 2930 nisi

2117 2953 2361 3026 ﬁgurate.
2407 2955 2644 3012 Tandem
2688 2959 2996 3026 concludit,
3037 2976 3179 3030 pene
3215 2964 3420 3035 ubique
3444 2966 3729 3025 Christum

2119 3048 2171 3100 in
2219 3048 2403 3117 aliquo
2449 3049 2697 3105 involuto
2740 3061 3082 3108 sacramento
3125 3055 3482 3122 przedicatum
3527 3075 3650 3115 esse
3699 3077 3730 3118 a

400 3139 754 3195 deliniretur?
789 3137 968 3194 Nostri
1007 3153 1218 3193 sacram
1259 3139 1584 3206 scripturam
1606 3181 1620 3206 ,
1653 3148 1705 3193 et
1733 3149 1927 3196 testem
1957 3151 2011 3197 et
2035 3144 2082 3210 C
2117 3138 2408 3209 Prophet-is
2437 3157 2449 3194 :
2485 3141 2786 3197 Ecclesium
2817 3159 2946 3199 vero
2987 3157 3196 3216 aperte,
3227 3156 3290 3203 ttt
3331 3165 3451 3206 eam
3485 3153 3736 3211 viderent

399 3234 632 3306 judicent
662 3233 763 3289 sibi
799 3234 910 3288 fore
933 3232 1288 3306 respondent.
1319 3230 1426 3286 Sed
1453 3230 1729 3301 quomodo
1759 3248 1820 3286 ea
1855 3242 2011 3290 utan-

402 3339 508 3396 tur,
535 3328 738 3398 etquid
771 3327 898 3384 inde
928 3335 1213 3398 repetant,
1250 3332 1308 3378 ut
1335 3325 1588 3380 evincunt
1617 3323 1762 3394 quod
1791 3326 2008 3395 volunt,

400 3421 801 3475 observandum
844 3421 1008 3476 etiam
1037 3429 1139 3475 est.
1166 3419 1301 3473 Cum
1347 3419 1678 3488 Augustinus
1701 3418 1773 3474 de
1802 3419 2012 3491 Baptis-

401 3528 491 3567 mo
533 3512 600 3568 ab
635 3512 937 3578 haereticis,
980 3513 1032 3567 id
1085 3522 1211 3577 est,
1256 3522 1409 3566 extra
1444 3510 1746 3566 Ecclesiam
1778 3512 2013 3568 admini-

402 3614 598 3672 strate,
630 3605 893 3661 adversus
921 3605 1230 3660 Donatistas
1259 3604 1530 3674 disputat,
1557 3620 1665 3658 non
1689 3613 1896 3660 tantum
1923 3606 2010 3660 al-

403 3699 544 3771 legat
585 3699 910 3769 scripturam
940 3741 954 3766 ,
1015 3698 1111 3752 sed
1154 3699 1506 3767 apostolicam
1556 3698 1908 3754 traditionem
1957 3709 2013 3754 et

404 3791 664 3847 Ecclesia..-
694 3805 872 3856 usum,
899 3788 1368 3853 consuetudinem,
1394 3788 1792 3853 testimonium,
1817 3800 2012 3844 aucto-

403 3885 619 3940 ritatem
645 3923 661 3950 ,
689 3893 744 3938 ut
797 3883 834 3936 ι.
893 3899 931 3938 n
957 3882 1024 3937 de
1050 3881 1324 3952 Baptismo
1367 3895 1489 3949 cap.
1519 3880 1583 3948 7,
1613 3891 1672 3936 et
1705 3881 1742 3934 l.
1775 3896 1828 3935 tv
1862 3897 1911 3937 c.
1942 3884 2008 3952 6,

401 3985 461 4032 et
501 3976 540 4030 l.
571 3991 606 4030 v
651 3989 775 4043 cap.
803 3974 893 4040 25,
929 3983 982 4030 et
1011 3973 1048 4028 l.
1082 3988 1099 4027 t
1135 3982 1324 4027 contra
1351 3972 1614 4027 Crescon.
1639 3987 1762 4043 cap.
1792 3973 1883 4039 51,
1912 3974 2005 4041 5‘2,

404 4068 495 4125 55.
531 4065 751 4122 Sciebat
779 4066 1032 4136 Optatum
1062 4065 1414 4136 quaestionem
1441 4063 1513 4119 de
1541 4064 1702 4120 unico
1729 4067 2008 4135 Baptismo

399 4171 592 4216 contra
637 4159 947 4214 Douatistas
988 4157 1222 4211 voluisse
1263 4155 1489 4211 delinire
1527 4171 1593 4210 ex
1637 4157 1797 4210 nudis
1835 4159 2012 4212 sacris

405 4227 631 4310 litteris.
660 4250 768 4309 Sed
804 4249 1093 4306 infeliciter
1126 4249 1176 4302 id
1211 4263 1337 4304 eum
1372 4256 1609 4304 tentasse
1640 4250 2008 4317 agnoscebat:

406 4360 582 4416 neque
610 4345 902 4416 ingenuum
931 4358 1053 4399 esse
1073 4341 1372 4412 judicavit,
1422 4341 1573 4396 locos
1605 4343 1891 4412 scriptura:
1915 4343 2013 4400 de-

324 4463 342 4475 -
409 4447 680 4508 torquere.
732 4438 872 4508 Ergo
916 4436 1060 4507 quod
1099 4435 1328 4504 Optatos
1355 4434 1428 4490 de
1455 4434 1734 4504 Baptismo
1765 4435 2012 4492 dicturus

2116 3241 2174 3285 et
2201 3232 2292 3300 qui
2316 3231 2475 3286 futuri
2503 3243 2662 3288 erant
2691 3245 2878 3290 contra
2907 3237 3075 3292 illam.

2183 3322 2331 3390 Quid
2369 3323 2694 3380 Donatistae?
2725 3328 3076 3397 Augustinus,
3110 3330 3162 3385 in
3189 3331 3287 3387 lib.
3323 3334 3391 3390 de
3419 3333 3566 3393 Unit.
3594 3353 3642 3394 c.
3676 3339 3731 3407 9,

2117 3418 2196 3472 ait
2241 3433 2338 3472 cos
2379 3434 2486 3474 non
2533 3435 2694 3475 ausos
2733 3423 2948 3492 quidem
2989 3441 3110 3480 esse
3155 3426 3317 3496 plane
3361 3429 3542 3486 dicere
3588 3431 3726 3488 falsa

2117 3527 2243 3566 esse
2264 3553 2277 3576 ,
2305 3527 2426 3581 qua:
2457 3529 2521 3568 επ
2547 3514 2833 3585 prephetis
2862 3518 3233 3573 recitabantur
3264 3523 3515 3577 vaticinia
3557 3525 3623 3580 de
3651 3525 3736 3580 fu-

2121 3614 2240 3658 tura
2273 3605 2632 3672 amplitudine
2667 3607 2927 3662 Ecclesiae
2956 3609 3270 3666 christiante
3314 3622 3428 3668 toto
3468 3617 3599 3671 orbe
3629 3617 3736 3672 dif-

2119 3693 2278 3763 fusae,
2313 3696 2414 3750 hoc
2443 3707 2546 3762 est,
2577 3698 2901 3755 catholicae:
2959 3701 3054 3756 sed
3079 3704 3363 3771 excepisse
3388 3714 3590 3773 tamen,
3625 3723 3735 3766 non

2115 3803 2245 3844 esse
2279 3803 2341 3843 ea
2381 3791 2599 3860 impleta
2627 3833 2642 3859 ,
2691 3795 2814 3864 quia
2848 3795 3094 3851 homines
3135 3796 3430 3855 noluerint.
3472 3799 3569 3857 ilic
3599 3819 3730 3860 vero

2121 3881 2296 3934 multo
2318 3883 2488 3951 magis
2523 3884 2752 3956 insurgit
2777 3896 2831 3942 et
2851 3889 3049 3943 clamat
3079 3887 3434 3958 Augustinus,
3466 3893 3597 3948 nihil
3625 3894 3730 3952 hoc

2119 3973 2264 4029 aliud
2295 3975 2439 4040 esse,
2471 3990 2632 4046 quam
2666 3978 2870 4046 dicere,
2899 3982 3240 4052 prophetiam
3273 4001 3394 4040 esse
3426 3986 3641 4054 falsam,
3670 3999 3732 4046 et

2118 4066 2414 4134 prepbetas
2434 4065 2604 4123 fuisse
2640 4072 3161 4142 pseudoprophetas.
3222 4072 3420 4130 Fateor
3452 4080 3730 4146 perversi-

2121 4163 2230 4209 tate
2255 4156 2586 4225 ingratorum
2619 4159 2900 4217 hominum
2935 4163 3134 4218 factum
3161 4179 3304 4233 esse,
3333 4176 3391 4222 ut
3417 4171 3603 4224 multae
3636 4171 3733 4229 Dei

2121 4249 2543 4317 promissiones,
2591 4267 2699 4307 non
2743 4253 2868 4310 dico
2908 4257 3076 4311 irritm
3118 4256 3342 4327 fuerint,
3389 4262 3483 4316 sed
3530 4262 3733 4323 fuerint

2120 4340 2524 4411 quodammodo
2546 4344 2841 4416 impeditte,
2857 4360 3126 4420 quatenus
3151 4363 3304 4406 erant
3331 4354 3733 4416 eonditionales

2118 4434 2445 4502 appendices
2469 4435 2709 4493 fmderis.
2742 4437 2847 4496 Sed
2871 4442 3011 4512 quod
3036 4443 3227 4499 attinet
3249 4445 3315 4500 ad
3344 4448 3734 4520 principalem,

407 4540 594 4586 contra
637 4531 943 4585 Donatistas
983 4536 1376 4599 provocaverat
1423 4541 1604 4582 sacras
1647 4528 1855 4583 litteras
1882 4568 1897 4593 ,
1947 4538 2008 4583 et
2033 4537 2091 4600 Β
2116 4541 2236 4594 qum
2269 4541 2406 4596 pura
2441 4527 2559 4594 fuit,
2593 4534 3035 4600 promissionem,
3057 4537 3227 4591 veluti
3249 4537 3314 4592 de
3342 4540 3534 4596 Messia
3559 4543 3722 4600 exhi-

409 4625 550 4694 quod
590 4639 659 4680 ex
704 4623 1015 4680 testamenti
1051 4621 1248 4677 tabulis
1291 4621 1359 4677 de
1403 4621 1684 4676 Voluntate
1733 4621 2013 4678 testatoris

406 4720 753 4790 iudicandum
797 4733 920 4776 esse
948 4716 1324 4789 jurisconsulti
1365 4716 1547 4782 aiunt,
1577 4716 1685 4771 huc
1716 4717 2010 4774 retulerat:

411 4812 463 4868 id
493 4813 847 4885 Augustinus,
881 4815 933 4866 in
967 4810 1158 4881 psalm.
1196 4825 1308 4877 XXI,
1341 4810 1411 4864 ita
1442 4809 1682 4864 imitatus
1707 4819 1897 4874 est,ut
1924 4818 2011 4866 ta-

414 4921 536 4961 men
583 4906 634 4960 in
671 4905 974 4972 quaestione
1015 4901 1086 4957 de
1132 4901 1366 4957 Ecclesia
1408 4902 1586 4972 potius
1630 4900 1733 4957 hoc
1781 4902 2011 4959 diceret.

413 4999 543 5055 Nam
578 5000 629 5054 in
658 4999 899 5070 graviori
941 4996 1042 5051 hac
1077 5010 1242 5051 causa
1281 4996 1547 5050 sentiebat
1587 4995 1912 5063 scripturam
1944 4995 2014 5048 li-

412 5091 630 5161 quldius
657 5091 886 5161 probare
912 5088 1056 5160 quod
1085 5088 1283 5143 aiebat.
1313 5091 1486 5158 Atque
1509 5089 1582 5142 ita
1605 5088 1766 5142 etiam
1793 5088 1845 5141 in
1871 5087 2014 5142 libro

415 5183 484 5239 de
500 5183 713 5240 Unitate
744 5182 1155 5238 Eccles.coutra
1183 5181 1502 5238 Petilianum
1526 5200 1536 5235 :
1568 5179 1690 5235 Non
1714 5181 2010 5248 audimus,

413 5279 613 5349 inquit,
647 5280 774 5334 11ωο
797 5277 944 5343 dico,
984 5277 1097 5333 hinc
1123 5277 1292 5343 dicis;
1323 5277 1413 5330 sed
1450 5278 1747 5340 audiamus,
1780 5275 1898 5331 hinc
1922 5274 2014 5330 di-

418 5374 492 5428 cit
519 5374 795 5427 Dominus.
823 5371 956 5428 Sunt
983 5382 1115 5427 certe
1141 5371 1255 5426 libri
1283 5369 1563 5434 Dominici,
1589 5385 1808 5440 quarunt
1833 5377 2019 5423 aucto-

419 5465 557 5518 ritati
587 5467 787 5537 utrique
823 5465 1164 5520 consentimus
1188 5505 1203 5530 ,
1242 5463 1440 5533 utrique
1479 5462 1738 5518 credimus
1763 5503 1777 5528 ,
1816 5462 2020 5531 utrique

421 5557 688 5615 servimus.
734 5558 818 5614 lbi
867 5572 1154 5628 quarramua
1193 5554 1510 5622 Ecclesium,
1559 5554 1630 5609 ibi
1677 5555 2018 5610 discutiamus

422 5665 630 5704 causam
673 5660 923 5706 nostram.

496 5739 614 5798 Non
643 5747 967 5799 recusarunt
991 5737 1129 5796 hanc
1152 5737 1326 5812 legem
1358 5736 1678 5795 Donatistae:
1713 5737 1810 5795 sed
1837 5739 1890 5794 in
1918 5738 2016 5811 by-

2120 4617 2318 4686 bende,
2351 4632 2402 4675 et
2441 4621 2559 4691 ejus
2575 4638 2740 4693 regno
2768 4624 3117 4682 instauranda
3159 4639 3320 4699 atque
3349 4635 3723 4704 propagando,

2121 4711 2416 4794 Apostolus
2442 4714 2727 4783 proﬁtetur
2754 4733 2873 4773 eam
2919 4734 3024 4774 non
3067 4721 3309 4791 potuisse
3346 4723 3598 4794 impediri
3627 4727 3727 4787 ho-

2123 4787 2328 4860 minum
2355 4805 2696 4879 indignitate.
2743 4811 2941 4866 Fateor
2981 4787 3143 4868 etiam
3167 4816 3342 4870 multa
3371 4787 3438 4873 de
3467 4817 3729 4877 Ecclesiae

2121 4899 2452 4953 excellentia
2488 4910 2542 4956 et
2578 4902 2864 4973 majestate
2897 4907 3190 4975 prophetas
3219 4909 3534 4978 praedixisse
3558 4954 3573 4980 ,
3607 4931 3728 4985 quae

2123 4992 2177 5045 in
2213 4994 2370 5048 ccelis
2412 4994 2758 5064 impleantur.
2801 4997 2908 5054 Sed
2951 5000 3003 5054 in
3052 5002 3212 5056 terris
3250 5003 3441 5060 saltem
3485 5006 3734 5066 inchoari

2123 5099 2285 5140 nemo
2322 5089 2616 5156 negaverit.
2662 5089 2819 5161 Apud
2853 5089 3047 5146 Isaiam
3083 5091 3221 5150 Deus
3252 5094 3483 5166 loquens
3514 5099 3583 5154 de
3619 5099 3726 5155 Ec-

2122 5175 2303 5232 clesiae
2347 5179 2802 5248 amplificatione,
2852 5198 2975 5239 cum
3019 5185 3376 5255 jurejurando
3431 5191 3542 5244 ait:
3596 5187 3734 5248 Mihi

2126 5267 2358 5337 ﬂectetur
2382 5285 2529 5324 omne
2555 5287 2708 5342 genu.
2757 5273 2814 5329 Id
2845 5286 3025 5331 autem
3051 5276 3252 5333 Paulus
3283 5279 3447 5335 refert
3470 5280 3536 5336 ad
3565 5281 3728 5339 finem

2131 5361 2336 5428 mundi,
2380 5372 2435 5418 et
2479 5375 2812 5434 postremum
2860 5368 2943 5442 (ut
2991 5371 3236 5444 vocatur)
3285 5373 3571 5444 judicium.
3621 5377 3731 5433 Sed

2131 5457 2338 5513 interea
2366 5501 2380 5527 ,
2412 5473 2516 5514 non
2547 5472 2703 5532 negat
2733 5463 2862 5533 quin
2893 5479 2991 5521 suo
3021 5468 3185 5522 etiam
3213 5468 3446 5537 quodam
3479 5469 3641 5526 modo
3669 5470 3728 5527 id

2134 5547 2229 5604 ﬁat
2255 5550 2308 5605 in
2337 5550 2577 5609 Ecclesia
2610 5552 2924 5612 christiana.

2199 5647 2338 5702 Cum
2371 5648 2663 5706 Donatistae
2687 5667 2884 5723 negare
2906 5667 3013 5710 non
3040 5659 3261 5723 possent
3283 5652 3516 5724 aliquant
3543 5657 3731 5715 catho-

2134 5738 2294 5797 licam
2313 5739 2616 5799 ‘Ecclesiam
2641 5751 2856 5800 exstare
2878 5784 2894 5814 ,
2927 5758 3038 5800 suae
3059 5742 3323 5802 Ecclesia:
3343 5744 3489 5805 hunc
3514 5748 3729 5808 titulum
