4134 6186
477 263 503 318 Ι
516 257 622 316 679

1935 250 1974 304 Α
1986 245 2300 306 PPENDlX.

3649 242 3796 300 “80

477 380 833 444 arrogarunt:
861 379 915 425 et
935 385 1056 426 cum
1088 369 1430 425 adversarios
1463 366 1730 438 negabant
1757 377 1897 430 esse,
1923 363 2066 434 qttod
2096 369 2151 431 Α
2175 361 2334 415 tertio
2375 365 2563 412 contra
2592 353 2879 421 Crescon.,
2921 369 3042 424 cap.
3069 355 3172 418 63,
3222 352 3436 424 arripit,
3475 351 3621 423 quod
3675 353 3796 444 ipse

476 469 830 528 dicebautur,
861 464 1209 521 Catholicos:
1245 473 1356 518 tum
1390 477 1522 518 vero
1548 462 1603 516 itt
1627 459 1930 516 Collatione
1955 473 2078 513 sese

478 568 856 630 nuncuparunt
891 559 1178 628 episcopos
1216 565 1274 613 et
1317 556 1639 613 defensores
1667 555 1947 611 catholica:
1977 553 2080 608 Ec-

478 654 659 710 clesim.
683 661 739 709 et
763 651 1022 707 veritatis.
1054 651 1152 706 Hic
1182 666 1312 708 vero
1335 648 1499 719 empit
1529 663 1651 704 esse
1678 649 1907 720 qmestio
1930 646 2073 708 facti,

478 747 659 816 potius
687 759 846 815 quam
887 743 1025 812 jutis
1060 760 1074 796 :
1105 754 1161 798 et
1203 750 1352 798 tanto
1393 759 1580 797 rursus
1607 740 1902 805 difﬁcilior,
1935 738 2078 808 quod

479 835 772 891 Donatista:
799 833 1101 888 doctrinam
1135 833 1262 889 ﬁdei
1292 832 1617 888 catholicam
1653 831 1886 886 retinere
1915 829 2078 884 etiam

477 927 821 992 videbantur,
853 941 1024 996 neque
1045 926 1331 995 apostasia:
1363 927 1415 980 iu
1438 940 1505 980 eo
1532 940 1730 994 genere
1751 923 2081 980 accusaban-

481 1031 586 1077 tur.
631 1019 906 1076 Adversus
949 1020 1085 1074 alios
1127 1018 1413 1075 haereticos
1459 1019 1627 1073 veluti
1676 1027 1867 1073 contra
1913 1015 2082 1071 Marri-

480 1115 664 1170 chatos
691 1123 748 1170 et
774 1113 1010 1168 Arianos
1039 1111 1250 1168 facilior
1275 1111 1373 1167 fuit
1413 1113 1571 1182 hujus
1595 1111 1909 1181 quaestionis
1941 1110 2083 1179 diju-

481 1207 702 1264 dicatio.
754 1207 898 1263 Sane
938 1206 1270 1270 Lactantius,
1299 1205 1390 1260 lib.
1445 1222 1518 1269 tv,
1562 1219 1682 1273 cap.
1733 1205 1823 1270 ’50,
1870 1203 2080 1270 scribit,

480 1299 726 1368 singulos
763 1307 936 1353 cmtus
979 1296 1357 1353 haarcticorum
1393 1297 1735 1352 exiStimasse
1778 1311 1929 1351 suam
1961 1311 2084 1351 esse

481 1391 777 1448 Ecclesiatn
808 1389 1153 1445 catholicam.
1184 1391 1386 1447 Saltem
1421 1391 1472 1444 id
1496 1391 1773 1459 jactarunt
1797 1429 1813 1455 ,
1853 1405 1976 1444 cum
2004 1388 2085 1442 vi-

481 1484 677 1540 derent
696 1483 924 1553 primam
955 1481 1095 1536 hanc
1123 1497 1244 1537 esse
1275 1482 1534 1538 Ecclesia:
1561 1480 1870 1536 christiante
1901 1479 2088 1536 condi-

489 1576 714 1631 tionem.
738 1573 845 1630 Sed
867 1588 990 1629 cum
1019 1573 1085 1629 ad
1111 1573 1484 1642 probationem
1516 1583 1736 1629 ventum
1763 1581 1899 1636 erat,
1933 1580 2090 1628 erant

483 1668 718 1724 ridiculi.
773 1666 887 1722 lmo
937 1666 1103 1722 etiam
1150 1666 1470 1731 eveniebat,
1526 1677 1582 1720 ut
1627 1666 1826 1720 nostris
1870 1663 2086 1720 tandem

2181 450 2510 506 Cresconius
2559 451 2839 504 confessus
2869 455 3004 512 erat,
3039 456 3208 500 totum
3251 445 3497 516 quotidie
3527 443 3794 498 mundum

2182 544 2320 599 verti
2353 544 2406 597 in
2437 557 2631 596 nomen
2657 541 3024 595 Christianum
3057 557 3069 591 :
3099 549 3170 594 'et
3221 536 3538 608 respondet,
3602 535 3797 592 Eccle-

2179 636 2316 691 siam
2347 634 2413 688 ad
2447 633 2662 688 residua
2693 631 2998 702 occupanda
3035 629 3277 702 quotidie
3309 627 3562 683 diffundi.

2255 729 2552 784 Fortunius
2583 726 2864 780 Donatista
2902 724 3130 780 audiens
3163 723 3306 777 illam
3348 721 3576 777 demum
3609 719 3799 775 Eccle-

2181 824 2317 877 siam
2347 836 2472 876 esse
2501 819 2858 885 Catholicam,
2905 835 3022 888 qua!
3071 826 3188 872 ιοΙο
3229 831 3288 872 se
3336 827 3611 870 lerrarttm
3662 813 3800 868 orbe

2179 912 2530 973 diffunderet,
2560 927 2720 966 ausus
2751 920 2835 966 est
2861 910 3064 974 dicere,
3104 924 3256 964 suam
3286 908 3490 979 ubique
3521 916 3800 961 terrarum

2183 1022 2308 1063 esse
2335 1005 2798 1060 communionem.
2851 1003 3203 1073 Augustinus,
3242 1001 3404 1070 epist.
3482 999 3625 1062 165,
3667 1007 3728 1052 ut
3751 1000 3804 1054 ei

2183 1098 2536 1169 respondeat,
2581 1105 2760 1167 rogat,
2789 1112 2915 1150 num
2955 1096 3149 1164 possit.
3189 1094 3449 1164 epistolas
3487 1091 3804 1156 Formatas,

2185 1207 2295 1263 quo
2321 1191 2480 1260 velit,
2526 1191 2678 1244 dare.
2711 1189 2803 1245 Sic
2846 1190 2988 1245 enim
3035 1188 3293 1244 facillime
3325 1187 3607 1242 terminari
3637 1201 3808 1258 pOsse

2187 1283 2330 1339 hanc
2354 1283 2740 1353 quaestionem.
2768 1282 2939 1336 Erant
2973 1281 3054 1335 ha:
3091 1283 3334 1350 epistola:
3363 1281 3807 1337 communicato-

2187 1376 2318 1438 riaa.
2353 1384 2502 1430 certa
2549 1373 2779 1428 formula
2832 1383 3144 1443 conceptm,
3193 1387 3329 1442 quas
3378 1372 3524 1426 ultro
3549 1373 3807 1440 citroque

2188 1468 2476 1523 mittebant
2520 1468 2791 1537 episcoiti,
2822 1477 2877 1520 ut
2921 1476 3086 1521 testes
3112 1476 3167 1520 et
3194 1463 3360 1520 veluti
3407 1474 3648 1520 tesseras
3690 1479 3810 1519 sua:

2189 1561 2569 1619 confessionis.
2601 1562 2694 1617 Sic
2721 1563 2970 1631 Optatus,
3003 1561 3100 1614 lib.
3133 1575 3171 1614 ιι
3227 1568 3419 1613 contra
3453 1555 3807 1624 Donatistas,

2189 1657 2263 1709 ait
2288 1671 2416 1709 suos
2456 1670 2576 1709 cum
2608 1655 2839 1708 Damaso
2864 1655 3267 1709 communicare
3288 1695 3304 1717 ,
3333 1667 3460 1707 cum
3502 1667 3618 1719 quo
3662 1661 3811 1705 totus

482 1759 882 1824 concederent,
910 1758 1053 1829 quod
1087 1769 1293 1813 temere
1329 1751 1704 1829 imprudentes
1725 1800 1740 1825 ,
1775 1757 1841 1812 iis
1868 1758 2085 1826 eripere
2118 1759 2163 1818 Β
2191 1749 2340 1802 orbis
2363 1747 2697 1803 commercio
2736 1745 3112 1803 Formatarum
3141 1745 3461 1801 eoncordat.
3510 1744 3813 1798 Donalista:

482 1853 786 1907 voluerant.
814 1849 954 1920 Aug.
983 1859 1173 1906 contra
1198 1865 1286 1920 ep.
1315 1849 1695 1922 Mattich..cap.
1724 1850 1758 1904 4
1782 1865 1794 1900 :
1824 1847 1889 1902 In
1915 1849 2094 1901 cat/to-

482 1944 631 2007 licaz,
665 1944 840 2008 inquit
866 1983 881 2008 ,
923 1941 1168 1996 Ecclesia:
1209 1944 1400 2012 gremio
1430 1959 1507 1996 me
1537 1951 1668 1996 tenet
1699 1942 1868 2008 ipsum
1910 1956 2094 1994 nomen

483 2035 753 2090 catholicas
775 2051 793 2088 :
835 2035 974 2104 quod
1018 2051 1117 2087 non
1147 2037 1256 2089 sine
1279 2051 1436 2088 causa
1465 2035 1599 2088 inter
1638 2044 1744 2088 tam
1770 2035 1958 2088 multas
1989 2035 2091 2089 ha:-

485 2145 622 2183 reses
649 2128 724 2182 sic
746 2128 848 2181 ista
876 2125 1108 2181 Ecclesia
1134 2126 1246 2181 sola
1271 2128 1526 2192 obtinuit,
1559 2137 1611 2180 ut
1637 2144 1750 2180 cum
1781 2143 1956 2181 omnes
1984 2128 2091 2181 hae-

486 2219 632 2273 retici
655 2234 708 2272 se
727 2216 1006 2273 catholicos
1025 2219 1130 2272 dici
1150 2219 1305 2272 velint
1324 2259 1340 2284 ,
1366 2221 1610 2288 quierenti
1634 2231 1801 2273 tamen
1823 2219 2093 2290 peregrino

485 2311 663 2377 alicui,
695 2311 782 2364 ubi
809 2310 879 2364 ad
902 2308 1210 2364 catholicam
1237 2312 1586 2377 conveniatur,
1617 2312 1790 2365 nullus
1821 2313 2090 2365 Ineraticoo

489 2420 626 2467 rum,
650 2404 728 2458 vel
754 2403 1021 2458 basilicam
1047 2420 1214 2469 suam,
1257 2404 1333 2458 uel
1361 2404 1570 2458 domum
1591 2405 1780 2458 audeat
1806 2405 2090 2459 ostendere.

487 2493 632 2550 Idem
651 2496 1002 2566 Augustinus;
1031 2496 1082 2550 in
1099 2496 1192 2552 lib.
1215 2495 1280 2551 de
1301 2511 1425 2550 vera
1443 2495 1614 2566 Relig.
1631 2513 1752 2566 cap.
1773 2498 1823 2550 7:
1853 2496 1896 2551 Τ
1897 2498 2094 2552 enenda

491 2597 586 2654 est,
615 2587 809 2656 inquit,
843 2591 956 2660 ejus
997 2585 1246 2642 Ecclesiae
1275 2589 1668 2642 communicatio
1692 2603 1808 2658 qua:
1838 2591 2095 2643 catholica

488 2692 583 2746 est,
617 2693 664 2736 et
703 2681 959 2736 catholica
996 2682 1312 2745 nominatur,
1353 2698 1456 2735 non
1483 2682 1648 2736 solum
1677 2699 1709 2735 a
1737 2683 1871 2748 suis,
1918 2698 2092 2736 verum

486 2773 642 2828 etiam
685 2774 748 2827 ab
793 2773 1028 2827 omnibus
1070 2772 1313 2827 inimicis.
1366 2771 1536 2827 Velint
1567 2774 1732 2839 enim,
1777 2775 1964 2840 nolint,
1989 2774 2093 2844 ipsi

489 2882 688 2938 quoque
708 2867 932 2921 lueretici
955 2874 1002 2920 et
1023 2865 1354 2919 schismaturn
1380 2867 1600 2931 alumni,
1623 2866 1826 2937 quando
1848 2883 1950 2920 non
1975 2884 2092 2920 cum

488 2958 630 3026 suis,
669 2957 760 3012 sed
799 2974 916 3011 cum
956 2957 1212 3012 extraneis
1251 2958 1550 3023 loquuntur,
1601 2957 1910 3012 catholicam
1963 2959 2094 3013 nihil

490 3049 636 3104 aliud
660 3065 812 3119 quam
834 3049 1143 3102 catholicam
1165 3058 1366 3103 vocant.
1395 3049 1516 3103 Non
1541 3050 1675 3103 enim
1701 3058 1914 3121 possunt
1944 3048 2095 3103 intel-

2191 1841 2470 1912 jactabant
2509 1842 2711 1895 saltem
2762 1855 3009 1910 magnam
3057 1855 3178 1895 esse
3230 1837 3643 1893 multitudinem
3697 1852 3814 1890 sua:

2197 1944 2382 2001 sectae,
2431 1942 2571 1988 etut
2617 1948 2736 1987 eam
2788 1941 3162 1997 ostentarent,
3215 1941 3324 1984 tam
3369 1927 3526 1982 multi
3557 1928 3813 1982 certatim

2195 2025 2598 2095 confertitnque
2647 2032 3040 2079 concurrerant
3079 2020 3464 2091 Carthaginem
3510 2019 3576 2074 ad
3625 2018 3814 2074 Colla-

2199 2120 2399 2175 tiooem
2431 2138 2444 2173 :
2477 2121 2869 2189 conquestique
2897 2121 3061 2172 etiam
3085 2126 3230 2181 sunt,
3257 2117 3520 2183 iniuriam
3553 2114 3658 2169 sibi
3693 2113 3817 2168 fieri

2195 2214 2263 2268 ab
2296 2214 2382 2272 iis.
2415 2214 2508 2283 qui
2538 2228 2632 2268 eos
2663 2229 2768 2265 non
2818 2226 2938 2266 esse
2966 2211 3166 2265 multos
3187 2209 3458 2264 dixerant.
3484 2207 3590 2264 Sed
3615 2218 3809 2261 tamen

2196 2320 2319 2359 cum
2342 2321 2453 2374 prie
2475 2304 2758 2359 catholicis
2785 2303 2939 2372 pauci
2969 2317 3093 2358 eSse
3116 2301 3451 2368 viderentur,
3477 2301 3809 2371 paucitatem

2196 2395 2554 2451 nihilominus
2585 2411 2736 2449 suam
2761 2395 3050 2449 voluerunt
3078 2408 3200 2448 esse
3234 2393 3495 2448 indicium
3523 2393 3813 2456 Ecclesizc,

2195 2487 2324 2558 quia
2353 2487 2437 2558 (ut
2462 2503 2650 2542 eorum
2682 2495 2940 2558 patronus
2969 2484 3302 2542 Cresconius
3331 2484 3573 2555 diccbat)
3604 2486 3656 2538 in
3688 2501 3820 2554 pau-

2197 2582 2276 2635 eis
2305 2582 2616 2652 frequenter
2653 2582 2732 2636 sit
2770 2582 2974 2638 veritas
3005 2597 3018 2633 :
3051 2596 3242 2635 errare
3282 2589 3468 2635 autem
3520 2580 3816 2634 multorum

2194 2673 2286 2726 sit.
2316 2673 2674 2743 Augustinus,
2726 2671 2823 2727 lib.
2859 2685 2918 2726 nt
2973 2681 3164 2726 contra
3217 2670 3483 2726 Crescon.
3542 2685 3665 2740 cap.
3712 2669 3814 2736 66,

2195 2765 2486 2832 respondet
2513 2765 2683 2818 bonos
2714 2778 2981 2835 verosque
3009 2761 3371 2824 Christianos,
3405 2762 3499 2832 qui
3530 2778 3628 2830 per
3668 2762 3814 2831 scip-

2193 2871 2286 2910 sos
2317 2857 2468 2910 multi
2498 2869 2652 2921 sunt,
2690 2856 2741 2909 in
2770 2856 3180 2925 comparatione
3220 2855 3492 2908 malorum
3519 2852 3812 2908 falsorum-

2192 2963 2296 3018 que
2325 2949 2509 3003 itidem
2541 2963 2742 3019 paucos
2768 2964 2913 3004 esse.
2939 2947 3108 3014 ldem,
3143 2948 3238 3001 lib.
3285 2963 3322 3001 ιι
3354 2957 3548 3001 contra
3584 2947 3809 3002 Advers.

2195 3039 2299 3111 leg.
2333 3055 2456 3109 cap.
2494 3041 2598 3108 12,
2647 3055 2769 3095 cum
2812 3040 3056 3095 audisset
3104 3037 3400 3110 quemdam
3448 3038 3810 3094 Manichzeum

492 3139 604 3214 ligi,
637 3141 738 3194 nisi
773 3140 868 3194 hoc
893 3157 1004 3194 eam
1033 3146 1239 3195 nomine
1267 3140 1581 3206 discernunt,
1615 3142 1753 3211 quod
1777 3142 1839 3195 ab
1860 3143 2096 3195 universo
2122 3138 2167 3201 C
2199 3136 2587 3189 continendam
2627 3149 2850 3190 suorum
2881 3135 3230 3206 paucitatem,
3281 3135 3410 3202 quia
3463 3135 3548 3204 (ut
3577 3133 3810 3203 diccbat)

490 3232 652 3305 357
674 3235 792 3288 orbe
818 3243 1166 3304 nuncupatur.
1208 3232 1314 3288 Sed
1352 3242 1407 3288 et
1438 3249 1620 3288 rursus
1651 3232 1703 3287 in
1745 3233 1840 3288 lib.
1871 3233 1938 3288 de
1969 3231 2098 3288 Util.

491 3327 712 3380 credeu.
743 3328 864 3396 cap;
889 3326 944 3394 7,
989 3325 1177 3381 scribit
1205 3325 1422 3397 quidem
1445 3341 1634 3382 omnes
1659 3326 1942 3382 Itmreticiis
1964 3327 2103 3382 velle

491 3417 664 3473 videri
706 3428 762 3472 et
799 3419 903 3472 dici
951 3417 1288 3472 catholicos:
1331 3418 1425 3473 sed
1467 3435 1628 3472 unam
1666 3428 1846 3474 tamen
1872 3433 1994 3474 esse
2020 3419 2098 3489 (ιιι

491 3521 685 3564 omnes
703 3509 1031 3579 concedunt)
1053 3509 1379 3563 catholicam
1404 3507 1728 3573 Ecclesiam,
1751 3512 1858 3564 ntul
1874 3509 2102 3564 titudtne

492 3601 833 3656 refertiorem
859 3641 876 3668 ,
919 3602 964 3656 si
999 3611 1170 3656 totum
1202 3602 1390 3656 orbem
1419 3601 1762 3665 consideres,
1788 3611 1844 3658 et
1871 3603 2101 3656 veritate

499 3693 855 3750 sinceriorem
883 3693 1100 3750 caeteris
1129 3695 1402 3749 omnibus.
1435 3693 1515 3749 Ex
1541 3711 1648 3764 quo
1671 3696 1752 3765 (ut
1774 3695 1870 3766 ait)
1901 3695 2100 3765 liqueat

490 3784 861 3856 iudicantibus
886 3785 1106 3841 arbitris
1126 3828 1141 3852 ,
1174 3801 1310 3856 quos
1344 3787 1490 3840 nulla
1531 3786 1754 3856 impedit
1778 3789 1949 3857 gratia
1971 3829 1986 3851 ,
2010 3791 2097 3842 cui

496 3877 568 3932 sit
593 3877 918 3934 catholicum
951 3893 1152 3932 nomen
1175 3878 1519 3934 tribuendum
1545 3919 1562 3946 ,
1602 3878 1744 3948 quod
1767 3895 1955 3934 omnes
1985 3894 2101 3934 am-

498 3967 669 4024 biunt.
710 3968 817 4025 Sed
856 3978 911 4023 et
949 3977 1135 4039 postea
1171 3969 1450 4024 audiemus
1480 3984 1551 4024 ex
1600 3969 1817 4025 Victore
1855 3969 2100 4026 Uticensi

497 4061 728 4120 Arianos
766 4063 818 4118 in
861 4061 1093 4133 quadam
1124 4061 1535 4134 Carthaginensi
1566 4058 1871 4119 Collatiotte
1911 4062 2100 4132 impri-

495 4158 598 4213 mis
625 4157 694 4213 de
718 4159 821 4212 hoc
848 4157 1006 4212 titulo
1033 4157 1182 4211 litem
1211 4157 1464 4212 movisse.

569 4250 712 4306 Sane
741 4248 1070 4304 Novatianos
1095 4247 1387 4319 aliquando
1429 4247 1481 4302 id
1511 4249 1746 4305 irrisisse
1767 4292 1780 4316 ,
1825 4250 1951 4322 quia
1997 4251 2100 4322 (ut

497 4341 740 4414 aiebant)
770 4342 872 4396 sub
900 4340 1179 4412 Apostolis
1221 4357 1380 4396 nemo
1423 4340 1720 4420 catholicus
1764 4343 2094 4412 vocabatur,

499 4436 784 4493 observavi
817 4437 868 4490 in
904 4434 1135 4506 quadam
1166 4435 1391 4504 epistola
1429 4434 1646 4490 Paciani
1677 4435 2096 4492 Barcinonensis

2206 3243 2500 3298 paucorum
2527 3229 2595 3282 sit
2623 3227 2888 3299 sapientia
2922 3246 2934 3281 ε
2965 3226 3258 3298 respOudet
3281 3225 3386 3282 hoc
3418 3228 3679 3282 omnibus
3707 3228 3812 3282 haec

2205 3325 2387 3380 reticis
2414 3323 2740 3379 adversariis
2772 3323 3036 3378 Ecclesia:
3059 3323 3370 3388 catholicae,
3416 3339 3544 3394 quae
3577 3339 3672 3393 per
3697 3337 3810 3375 om-

2206 3431 2303 3471 nes
2334 3425 2508 3471 terras
2545 3417 2766 3486 copiosa
2798 3415 3074 3472 fertilitate
3112 3415 3456 3482 diffunditur,
3499 3417 3553 3469 in
3584 3431 3680 3469 sua
3717 3430 3810 3470 cu-

2201 3507 2399 3577 jusque
2454 3511 2672 3578 propria
2715 3509 2951 3564 vanitate
2998 3523 3289 3562 commune
3337 3524 3484 3564 esse.
3519 3509 3720 3564 Omnes
3748 3509 3815 3562 de

2204 3614 2300 3654 sua
2332 3609 2600 3670 paucitate
2623 3601 2864 3672 gloriari,
2907 3613 2962 3656 et
2997 3601 3260 3656 seducere
3311 3602 3718 3656 multitudinem
3763 3599 3809 3654 si

2205 3693 2452 3763 possint,
2513 3696 2667 3748 velle.
2695 3694 2837 3750 Sane
2870 3694 3143 3758 Socrates,
3193 3694 3331 3748 Hist.
3366 3694 3581 3749 Eccles.
3615 3695 3708 3748 lib.
3759 3709 3812 3756 v,

2203 3803 2324 3858 cap.
2361 3790 2449 3855 10,
2480 3800 2683 3854 narrat,
2730 3789 2961 3844 Arianos
3013 3790 3247 3858 primum
3293 3788 3566 3860 gloriatos
3597 3802 3719 3842 esse
3748 3786 3814 3840 de

2203 3896 2298 3935 sua
2331 3879 2698 3935 multitudine.
2743 3879 2840 3936 Ubi
2873 3895 2999 3935 vero
3027 3881 3124 3933 abs
3148 3879 3470 3934 Theodosio
3493 3881 3727 3949 repressi
3763 3887 3818 3932 et

2203 3975 2513 4028 civitatibus
2538 3973 2696 4043 ejcCti
2721 3981 2922 4039 essent,
2946 3973 3182 4042 jactasse
3204 3973 3255 4026 in
3275 3972 3514 4027 desertis
3540 3973 3654 4026 suis
3684 3986 3815 4042 syn-

2202 4068 2385 4136 agogis
2421 4065 2574 4130 illud,
2605 4063 2764 4118 Multi
2793 4065 2980 4129 vocati,
3009 4065 3163 4137 pauci
3185 4064 3354 4118 electi.

2272 4159 2409 4214 Cum
2439 4159 2705 4214 sentirent
2733 4157 3029 4213 Donatista:
3063 4172 3187 4212 sese
3213 4172 3448 4213 numero
3475 4169 3531 4214 et
3562 4157 3810 4212 multitu-

2198 4251 2324 4307 diue
2347 4268 2453 4306 non
2478 4266 2636 4322 posse
2664 4249 2914 4306 evincere
2935 4264 3131 4304 nomen
3156 4249 3588 4314 Catholicorum,
3614 4248 3816 4304 eottfe-

2197 4345 2354 4414 giunt
2393 4344 2458 4398 ad
2491 4343 2649 4398 aliam
2689 4343 3113 4398 cavillationem.
3166 4342 3301 4397 Nam
3330 4353 3450 4398 acta
3489 4342 3816 4397 Collationis

2201 4445 2449 4502 narrant,
2500 4435 2859 4492 Gaudentium
2902 4434 3128 4500 dixisse,
3179 4434 3285 4489 hoc
3321 4451 3445 4490 eSsc
3475 4435 3818 4489 catholicum

500 4529 568 4585 ad
598 4529 1055 4601 Sympronianum
1096 4526 1472 4582 Novatiauum.
1505 4527 1641 4596 Quid
1687 4541 1865 4584 autem
1899 4537 1959 4583 ut
1989 4529 2089 4584 hoc
2121 4527 2168 4587 D
2194 4532 2337 4600 quod
2361 4532 2719 4586 sacramentis
2749 4531 2964 4600 plenum
2985 4540 3089 4596 est,
3113 4529 3260 4598 quod
3289 4528 3588 4598 perfectum
3612 4569 3627 4589 ,
3662 4530 3818 4597 quod

507 4636 705 4677 nomen
731 4631 994 4686 tueretur,
1018 4617 1363 4689 reSpoudcrit
1385 4618 1672 4684 Paciauus,
1705 4635 1932 4690 magnus
1960 4619 2088 4674 olim

501 4713 555 4768 in
577 4711 819 4769 Ecclesia
835 4712 1082 4778 antistes,
1104 4709 1292 4766 eadem
1312 4711 1540 4780 epistola
1567 4715 1838 4781 suggerit:
1859 4725 2021 4780 quam
2039 4719 2094 4765 et

501 4803 796 4861 Dooatistae
815 4805 1005 4876 legisse
1018 4811 1326 4874 potuerunt.
1352 4803 1616 4858 Praeterea
1636 4803 1761 4872 quid
1785 4803 1943 4872 paulo
1969 4814 2093 4859 ante

500 4899 859 4970 Augustinum
874 4899 988 4968 ipse
1007 4897 1135 4968 imp.
1160 4895 1498 4952 Theodosius
1523 4895 1639 4964 lege
1660 4899 1762 4948 lata
1786 4896 2092 4951 cdixeritea

501 4991 571 5046 de
600 5006 660 5046 re
699 4990 792 5044 lib.
827 5005 879 5057 ι,
915 5003 1034 5059 cap.
1059 4987 1128 5043 de
1157 5001 1367 5042 summa
1404 4985 1596 5041 Trinit.
1627 4985 1780 5041 Nunc
1810 4987 2092 5042 videamus

501 5079 632 5152 quid
663 5079 952 5135 Donatista:
977 5079 1368 5146 obtenderent,
1403 5089 1457 5131 ut
1479 5077 1620 5132 hunc
1639 5078 1851 5132 titulum
1877 5077 1980 5132 sibi
2007 5094 2093 5134 ar-

501 5173 978 5244 rOgarent,nostris
991 5181 1173 5229 autem
1191 5169 1894 5227 detraherent.Cresconius
1916 5173 2060 5226 Dona
2074 5203 2091 5212 -

503 5267 627 5320 tista
655 5263 986 5328 clamitabat,
1023 5261 1352 5329 Ecclesium,
1387 5268 1470 5316 cui
1492 5263 1826 5333 Augustinus
1847 5279 2096 5318 commu-

504 5355 743 5419 nicabat,
768 5369 873 5408 non
889 5369 1010 5409 esse
1033 5355 1383 5420 catholicam,
1411 5357 1533 5424 quia
1557 5363 1701 5409 totus
1731 5356 1789 5414 ei
1812 5355 1961 5410 Orbis
1987 5372 2093 5409 non

502 5445 962 5512 communicaret,
1021 5459 1144 5499 cum
1191 5447 1407 5514 quidem
1453 5448 1638 5500 multa:
1693 5445 1868 5501 adhuc
1901 5457 2094 5517 gentes

500 5539 769 5606 barbarae,
801 5553 922 5611 quae
949 5538 1003 5592 in
1033 5537 1308 5592 Christum
1339 5540 1576 5594 nondum
1619 5540 1963 5596 crediderant
1992 5585 2007 5609 ,
2039 5556 2093 5597 et

499 5639 683 5694 multae
714 5635 946 5689 haereses
966 5632 1068 5687 sub
1098 5629 1313 5686 nomine
1331 5629 1755 5698 Christi,alien:e
1783 5650 1812 5689 a
1836 5638 2096 5692 societate

499 5727 900 5788 communionis
962 5723 1249 5797 Augustini
1299 5733 1504 5782 essent.
1578 5728 1906 5797 Augustinus
1953 5730 2096 5788 libro

2201 4624 2627 4677 immaculatum.
2655 4622 2746 4678 Sic
2771 4633 2826 4675 et
2846 4621 3199 4692 Augustinus,
3234 4623 3286 4676 in
3313 4621 3555 4685 Brevic.,
3579 4621 3820 4685 scribit,

2206 4715 2509 4769 Donatistas
2540 4713 2906 4782 reSpondisse,
2951 4712 3295 4768 Catholicum
3342 4728 3546 4768 nomen
3591 4729 3706 4766 non
3755 4729 3826 4767 ex

2204 4810 2552 4864 universitate
2581 4807 2856 4872 Gentium,
2891 4807 2986 4863 sed
3026 4824 3094 4863 ex
3123 4806 3459 4878 plenitudine
3491 4822 3828 4861 sacramen-

2201 4910 2379 4958 torum
2413 4918 2532 4958 esse
2571 4902 2895 4958 institutum.
2937 4902 3134 4956 Verum
3170 4903 3347 4971 inepta
3388 4909 3448 4954 et
3485 4901 3666 4955 inanis
3701 4909 3832 4954 erat

2205 4995 2318 5050 lure
2347 4995 2608 5066 argutiola
2639 5011 2652 5048 :
2687 4996 2908 5048 Acutum
2930 4993 3128 5065 aliquid
3159 4993 3254 5046 sibi
3279 4994 3456 5047 dicere
3477 4991 3829 5056 uidebantur,

2201 5085 2376 5156 inquit
2400 5087 2629 5156 August.
2662 5087 2824 5156 epist.
2848 5086 2938 5149 49,
2963 5101 3077 5138 cum
3099 5083 3384 5139 Catholica:
3400 5100 3583 5139 nomen
3614 5101 3731 5138 non
3759 5101 3829 5137 ea:

2201 5179 2358 5233 totius
2393 5178 2529 5232 orbis
2562 5181 2916 5233 communione
2952 5180 3396 5248 interpretantur,
3428 5180 3517 5230 sed
3542 5191 3605 5229 ea;
3635 5177 3834 5231 obser-

2201 5273 2402 5326 vatione
2446 5282 2813 5341 prwceptorum
2842 5272 3066 5326 omnium
3105 5288 3153 5325 et
3191 5278 3656 5325 sacramentorum.
3703 5271 3834 5324 Au-

2201 5365 2447 5432 gustinus
2468 5365 2778 5431 restiondet,
2811 5365 2971 5420 aliam
3003 5378 3127 5418 esse
3160 5364 3319 5432 hujus
3347 5363 3498 5416 vocis
3528 5362 3835 5430 signiﬁca-

2203 5455 2404 5511 tionem
2437 5499 2452 5524 ,
2485 5468 2541 5512 et
2574 5467 2752 5512 tamen
2781 5472 2840 5512 se
2865 5473 2972 5512 non
3006 5457 3060 5512 in
3090 5470 3152 5512 ea
3197 5455 3438 5520 lnerere,
3467 5453 3564 5508 sed
3603 5452 3838 5509 divinis

2202 5548 2435 5603 oraculis
2466 5547 2619 5602 inniti
2662 5548 3104 5618 promittentibus
3155 5545 3450 5601 Ecclesiam
3505 5555 3624 5598 tato
3686 5547 3838 5600 urbe

2202 5639 2470 5694 diffusam.
2494 5639 2562 5693 Et
2581 5655 2712 5694 vero
2734 5641 2821 5694 ille
2851 5639 2990 5694 idem
3016 5638 3348 5694 Gaudentius
3371 5634 3592 5690 tandem
3624 5651 3708 5690 eo
3741 5653 3838 5691 re-

2203 5731 2353 5801 cidit,
2385 5743 2441 5788 ιιι
2466 5747 2586 5789 cum
2619 5735 2796 5803 urgeri
2840 5748 2899 5790 sc
2937 5733 3187 5802 sentiret,
3224 5729 3672 5804 indignabundus
3730 5745 3835 5788 ex-
