4134 6186
308 137 429 192 “Si

1195 134 1514 194 HISTORIA
1556 134 2162 196 CARTIIAGINENSIS
2199 140 2680 202 COLLATIONIS.

3471 162 3617 222 1482

299 249 556 314 clamarit,
591 247 924 306 catholicam
956 249 1256 306 Ecclesiam
1289 250 1585 305 humanum
1627 265 1749 306 esse
1796 251 1896 320 tig-
1927 253 1977 312 Α
2007 261 2074 307 ta:
2102 267 2163 308 se
2187 267 2312 309 cum
2337 257 2504 313 veteri
2534 257 2736 326 optima
2765 255 3008 318 Ecclesia
3033 263 3277 325 Romana
3304 278 3619 334 consentire

299 353 554 399 mentum.
591 341 774 398 Testis
817 352 903 398 est
947 345 1282 414 Augustinus
1316 343 1410 397 lib.
1443 359 1481 398 ιι
1511 351 1700 398 contra
1748 342 1900 400 Gau-

297 436 440 492 dent.
500 434 692 504 Maiori
732 435 922 491 calore
960 435 1248 502 dixissent,
1305 434 1641 490 Catholicam
1699 449 1901 490 nomen

298 544 414 586 esse
456 528 738 600 profanum
790 536 849 583 et
879 526 1072 594 civile,
1114 544 1222 598 quo
1267 529 1417 601 leges
1465 537 1714 593 utuntur,
1774 543 1899 583 cum

298 622 599 694 significant
629 621 1304 694 procuratorem_Ca:saris
1336 623 1372 674 Ι.
1411 635 1536 691 pen.
1567 617 1629 675 C.
1662 619 1730 674 de
1762 619 1899 675 Bon.

301 691 504 786 proscr.
537 691 681 772 Sane
709 723 844 770 ante
893 691 1278 786 Augustinum,
1311 713 1538 784 Optatus
1567 711 1662 766 lib.
1701 726 1736 764 ιι
1763 723 1902 766 con-

300 815 379 862 tra
411 807 710 862 Donatistas
734 807 1029 876 disputans
1061 821 1165 862 non
1197 805 1374 862 solum
1416 813 1571 875 urget
1599 801 1904 859 Ecclesiam

304 916 420 957 esse
460 900 800 965 catholicam,
836 910 897 956 et
941 901 1012 956 ita
1043 899 1305 970 appellari
1331 940 1347 964 ,
1377 914 1498 969 quae
1527 898 1599 952 sit
1631 904 1744 951 toto
1769 895 1906 960 orbe

305 1000 566 1048 terrarum
595 991 786 1048 diffusa
821 1008 836 1044 :
891 991 988 1048 sed
1019 1003 1076 1047 et
1106 991 1240 1046 alias
1289 993 1372 1052 (ut
1415 989 1597 1061 vocat)
1641 987 1907 1044 Ecclesia:

305 1084 483 1152 dotes,
507 1085 698 1155 quibus
730 1084 818 1139 illa
854 1095 910 1140 et
946 1093 1170 1140 ornatur
1200 1093 1256 1140 et
1281 1083 1640 1154 dignoscitur,
1663 1081 1903 1136 indicat:

305 1177 518 1232 tametsi
558 1176 612 1232 id
657 1178 819 1256 faciat
846 1177 1040 1250 frigide
1071 1188 1126 1234 et
1169 1179 1418 1235 obscure.
1451 1177 1758 1240 Praetereo,
1786 1191 1908 1244 qua:

305 1271 465 1340 paulo
507 1282 630 1340 post
673 1251 1030 1342 Augustinum
1066 1269 1383 1326 Vincentius
1426 1269 1722 1325 Lirinensis
1750 1283 1812 1324 ea
1840 1267 1909 1323 de

304 1378 363 1419 re
387 1370 598 1420 acutius
646 1365 884 1436 scripsit.
939 1363 1045 1420 Sed
1074 1363 1206 1420 illud
1255 1364 1401 1430 dico,
1435 1380 1558 1419 cum
1608 1361 1909 1434 apostolica

307 1454 545 1511 Ecl-lesia
587 1455 929 1525 defenditur,
961 1472 1070 1512 non
1097 1455 1316 1512 defendi
1346 1456 1702 1528 apostolicam
1733 1453 1909 1510 collu-

305 1547 524 1602 vionem
569 1548 926 1618 quorumdam
980 1547 1313 1604 nebulonum
1367 1549 1459 1619 qui
1501 1548 1766 1604 κακολυκοὶ
1809 1561 1910 1617 po-

2005 348 2427 416 contendebant,
2460 360 2645 406 etnon
2694 350 2796 406 nisi
2837 368 2865 406 a
2905 354 3165 428 degeneri
3206 363 3496 424 defecisse.
3529 370 3622 426 Sic

2001 435 2114 506 jam
2144 454 2324 496 causa:
2355 442 2604 512 qumdam
2658 445 2940 503 translatio
2989 461 3128 519 erat,
3162 465 3222 511 ut
3265 473 3374 514 non
3412 469 3521 518 tam
3554 465 3622 521 de

2006 529 2258 586 Africana
2289 549 2449 604 quam
2479 537 2547 592 de
2571 537 2812 593 Romana
2841 540 3080 598 Ecclesia
3114 546 3378 622 deinceps
3408 571 3624 626 quaere-

2005 630 2178 688 retur,
2207 633 2264 679 et
2291 642 2483 683 rursus
2508 627 2791 698 multiplex
2821 635 3053 702 quaasﬁo
3079 638 3201 696 facti
3248 643 3624 706 oboriebatur.

2006 711 2124 768 Non
2167 718 2439 788 negabant
2489 720 2788 778 Donatista:
2834 726 3117 786 Africanas
3169 733 3444 795 Ecclesias
3490 751 3630 798 tam-

2006 820 2167 875 quam
2195 810 2442 866 colonias
2465 812 2745 882 respicere
2766 817 2992 888 debere,
3025 823 3323 885 Romanam
3356 841 3630 907 tamquam

2009 902 2382 999 metrOpolim,
2412 913 2474 958 ut
2519 913 2577 958 et
2614 903 2990 970 Tertullianus
3019 917 3152 974 Afer
3181 921 3250 978 de
3277 902 3589 999 Praescript.
3617 949 3630 986 :

2017 987 2600 1091 Videamus,_ittqttit.
2642 1003 2768 1069 quid
2801 1004 3037 1064 Ecclesia
3079 1010 3317 1071 Romana
3363 987 3638 1091 didicerit,

2006 1083 2133 1152 quid
2159 1084 2434 1152 docuerit,
2481 1102 2602 1143 cum
2637 1091 2895 1165 Africanis
2920 1118 3120 1172 quoque
3159 1105 3409 1166 Ecclesiis
3439 1083 3640 1172 cantes:

2009 1176 2214 1278 ierarit.
2273 1177 2426 1248 Ergo
2453 1177 2759 1241 Donatista:
2800 1199 2976 1248 astute
3005 1209 3282 1268 curarant,
3319 1211 3375 1259 ut
3404 1207 3638 1278 aliquant

2010 1268 2203 1326 Romae
2234 1270 2559 1329 Ecclesiam
2590 1275 2870 1338 haberent.
2905 1283 3012 1343 Sed
3045 1305 3149 1346 non
3192 1268 3641 1363 potuerunt'efli-

2009 1377 2158 1432 cere,
2195 1375 2250 1419 ut
2282 1365 2406 1458 jam
2442 1364 2574 1426 inde
2603 1373 2672 1430 ab
2714 1381 3083 1446 apostolorum
3125 1391 3464 1458 temporibus
3497 1395 3642 1452 vide-

2011 1467 2205 1514 rentur
2234 1458 2307 1515 ibi
2357 1457 2626 1522 habuisse
2655 1473 2968 1543 episcopmn
3015 1493 3128 1533 sum
3153 1457 3338 1538 sectae.
3383 1487 3526 1558 Ergo
3553 1505 3643 1547 re-

2013 1552 2294 1652 vocati-ad
2327 1552 2607 1625 originem
2645 1566 3062 1623 evanescebant.
3103 1571 3382 1644 Originem
3413 1552 3598 1639 autem
3619 1624 3637 1652 ,

306 1639 414 1695 tius
454 1640 672 1696 dicendi
703 1652 848 1697 sunt.
885 1643 1026 1712 Ergo
1059 1644 1352 1698 Donatistae
1377 1654 1651 1714 postremo
1673 1640 1912 1705 Catholi-
1937 1637 1988 1699 B
2013 1657 2138 1698 cum
2190 1643 2258 1700 de
2308 1651 2664 1708 successione
2722 1667 2993 1726 ageretur,
3051 1637 3444 1734 inspiciendam
3489 1637 3639 1743 esse:

304 1733 385 1788 cis
415 1733 742 1804 apostasiam
790 1736 1132 1804 obiecerunt,
1165 1737 1324 1805 cujus
1374 1745 1554 1790 tamen
1589 1733 1690 1805 ipsi
1733 1734 1912 1804 potius

306 1825 385 1880 rei
419 1835 594 1880 erant.
629 1829 959 1893 Augustinus
1007 1827 1060 1881 in
1112 1827 1206 1883 lib.
1236 1827 1306 1883 de
1337 1841 1508 1898 agone
1535 1826 1740 1882 Christ.
1787 1840 1908 1896 cap.

306 1916 378 1973 29
405 1935 416 1970 :
450 1916 599 1984 Cum,
632 1917 822 1989 inquit,
846 1917 1133 1974 Donatistis
1161 1919 1346 1990 objicis
1367 1921 1505 1973 locos
1533 1919 1820 1989 Scriptura:
1849 1917 1912 1971 de

310 2011 548 2067 Ecclesia
575 2021 679 2066 toto
701 2013 822 2067 orbe
853 2012 1218 2081 diﬁ'undenda,
1242 2012 1451 2078 dicunt,
1478 2014 1595 2083 jam
1616 2012 1716 2067 ista
1740 2012 1916 2066 omnia

311 2103 476 2173 fuisse
499 2105 772 2176 completa,
802 2115 1076 2175 antequam
1100 2115 1230 2162 esset
1265 2122 1388 2178 pars
1413 2104 1601 2160 Donati
1632 2103 1764 2160 :sed
1797 2120 1916 2176 pos-

313 2205 399 2248 tea
425 2204 581 2250 totam
630 2194 918 2252 Ecclesium
959 2199 1196 2268 periisse,
1227 2207 1277 2252 et
1305 2198 1359 2251 in
1386 2197 1498 2252 sola
1525 2195 1724 2250 Donati
1774 2206 1919 2267 parte

314 2288 561 2356 reliquias
602 2293 714 2362 ejus
756 2292 1010 2346 mansisse
1035 2291 1372 2346 contendunt.
1402 2289 1542 2358 Quid
1569 2289 1636 2345 ad
1667 2289 1785 2346 haec
1809 2289 1922 2345 Au-

314 2379 607 2449 gustinus?
633 2381 678 2434 υ
705 2381 959 2455 linguam,
985 2382 1179 2454 inquit,
1212 2382 1482 2454 superbam
1531 2392 1577 2437 et
1620 2382 1921 2455 nefariam!

317 2470 468 2528 Idem
500 2471 556 2527 in
580 2471 721 2528 libro
745 2472 815 2528 de
839 2473 983 2529 Unit.
1016 2485 1205 2531 contra
1234 2473 1555 2531 Petilianum
1583 2484 1788 2540 narrat,
1819 2475 1925 2531 Do-

319 2567 552 2622 natistas
575 2566 795 2638 quidem
843 2567 1126 2624 confessos
1178 2565 1394 2622 tandem
1434 2581 1580 2636 esse,
1629 2583 1752 2639 qua:
1791 2567 1926 2624 Pro-

319 2660 505 2733 pheta:
532 2661 904 2732 prredixerunt
929 2661 996 2716 de
1048 2659 1306 2716 Ecclesia:
1354 2659 1758 2731 amplitudine:
1826 2663 1924 2718 sed

317 2758 643 2827 excepisse,
671 2767 856 2827 postea
891 2755 1076 2811 orbem
1116 2763 1402 2821 terrarum,
1437 2763 1496 2810 ut
1536 2753 1920 2826 loquebantur,

319 2856 700 2918 apostatasse,
773 2846 1146 2918 defecisseque
1198 2861 1265 2902 ex
1332 2845 1583 2903 omnibus
1656 2844 1928 2904 Gentibus

317 2943 692 3000 Christianam
718 2942 1064 3014 religionem,
1085 2950 1313 3012 excepta
1340 2950 1492 3011 parte
1514 2941 1706 2997 Donati
1739 2958 1751 2994 :
1784 2943 1928 2998 sicut

2015 1735 2134 1804 ipse
2175 1752 2397 1808 quoque
2443 1739 2816 1803 Tertullianus
2868 1766 3270 1818 praemonuerat
3321 1760 3374 1816 in
3426 1763 3518 1819 lib.
3570 1735 3644 1822 de

2016 1825 2304 1899 Przrscrip.
2357 1829 2504 1888 Sane
2551 1847 2668 1890 acta
2717 1836 3038 1896 Collationis
3086 1853 3378 1917 testantur,
3421 1853 3644 1911 Petilia-

2016 1934 2147 2013 num
2175 1921 2563 1991 anticipatione
2583 1927 2818 1997 quadam
2848 1945 3030 2000 usum,
3056 1937 3221 1992 etiam
3254 1944 3558 2013 Augustino
3586 1955 3646 2004 et

2016 2011 2137 2082 ejus
2166 2013 2395 2086 collegis
2424 2016 2565 2073 ultro
2595 2018 2747 2074 litem
2792 2025 3027 2080 movisse
3059 2027 3127 2082 de
3158 2011 3374 2102 origine
3420 2049 3474 2093 et
3514 2054 3646 2096 suc—

2018 2107 2288 2162 cessione.
2323 2109 2564 2181 Rogasse
2606 2112 2775 2179 enim,
2808 2117 2930 2184 quis
2957 2133 3055 2173 eos
3099 2122 3448 2184 ordinasset?
3475 2147 3641 2201 quem

2023 2207 2230 2268 patrem
2260 2209 2310 2256 et
2345 2211 2621 2258 auctorem
2650 2203 2956 2262 haberent?
2988 2211 3130 2268 unde
3155 2217 3499 2287 cmpisscnt?
3526 2224 3644 2276 Au-

2022 2291 2292 2362 gustinum
2323 2303 2504 2350 autem
2557 2297 2932 2368 respondisse,
2970 2302 3039 2357 ab
3083 2303 3204 2374 ipso
3250 2309 3469 2366 Christo
3501 2313 3646 2368 indi-

2023 2381 2137 2437 cari
2185 2383 2470 2440 exordium
2519 2401 2634 2442 sua;
2682 2392 3084 2454 communionis
3127 2402 3185 2451 et
3228 2401 3494 2471 originem
3527 2420 3660 2459 sua}

2026 2474 2308 2539 Ecclesiae,
2347 2493 2467 2547 quae
2496 2477 2567 2534 ab
2594 2478 2936 2538 Hierusalem
2977 2483 3174 2542 diﬂ‘usa
3206 2501 3290 2546 est
3324 2507 3420 2563 per
3449 2509 3646 2551 omnes

2027 2575 2217 2636 gentes
2254 2569 2513 2625 continuo
2537 2571 2772 2641 quodam
2805 2587 3117 2643 progressu.
3151 2578 3241 2635 Sic
3272 2596 3334 2637 se
3362 2583 3643 2642 Christum

2029 2658 2234 2715 habere
2260 2670 2442 2731 caput,
2490 2661 2683 2730 Deum,
2733 2663 2948 2720 Patrem
2981 2683 2993 2719 :
3028 2678 3283 2737 matrem,
3338 2673 3642 2732 Ecelesiam

2032 2749 2218 2805 talem.
2257 2749 2465 2821 Rogant
2495 2752 2790 2810 Donatista:
2841 2757 2962 2826 quis
2997 2758 3366 2830 Augustinum
3393 2767 3646 2824 ordinas-

2031 2850 2136 2898 set.
2171 2843 2507 2914 Augustinus
2553 2847 2753 2904 fatetur
2800 2847 2969 2906 fuisse
3011 2851 3299 2924 Megalium
3348 2859 3646 2918 Primatem

2033 2933 2320 2991 Numidiae.
2355 2937 2647 2995 Donatista:
2685 2940 2890 3011 aliquid
2922 2942 3034 2998 vitii
3083 2945 3136 3001 in
3183 2963 3246 3004 ea
3301 2950 3646 3009 ordinatione

320 3039 386 3094 iis
412 3036 624 3106 Enoch,
646 3037 700 3092 in
730 3035 904 3106 Noha,
933 3036 987 3092 in
1013 3034 1348 3101 Abrahamo,
1375 3034 1544 3102 Isaac,
1578 3045 1632 3091 et
1656 3033 1846 3102 Jacob,
1872 3044 1922 3092 et

2033 3037 2224 3083 notare
2263 3037 2318 3084 et
2347 3030 2752 3100 reprehendere
2780 3033 3059 3090 volebant.
3103 3036 3210 3093 Sed
3241 3038 3411 3097 futilis
3454 3060 3646 3101 corunt
3718 3055 3720 3057 ’

317 3130 377 3187 in
414 3130 623 3186 duabus
673 3127 918 3186 tribubus
963 3127 1101 3185 Juda
1156 3127 1289 3184 olim
1339 3127 1602 3184 remansit
1657 3125 1923 3184 Ecclesia.

317 3223 582 3296 Speciosa
626 3231 744 3280 erat
785 3222 901 3279 hac
932 3221 1336 3278 Donatistarum
1386 3220 1690 3290 replicatio,
1738 3218 1831 3292 qui
1872 3229 1929 3277 ct

316 3315 652 3389 apostasiam
699 3317 853 3386 quasi
877 3313 1211 3370 Catholicam
1243 3311 1348 3368 dici
1381 3326 1540 3381 posse
1569 3311 1927 3381 objiciebant,

316 3410 366 3465 si
397 3410 558 3478 longe
587 3416 644 3462 et
669 3407 774 3463 late
801 3405 998 3462 diffusa
1028 3414 1256 3476 occupet
1287 3402 1474 3458 orbem
1508 3410 1794 3458 terrarum.
1821 3401 1930 3460 Sed

318 3503 377 3557 in
422 3499 694 3570 apostasia
723 3499 1005 3569 probanda
1037 3500 1285 3570 imperite
1326 3495 1632 3563 haerebant,
1689 3497 1778 3567 qui
1808 3512 1930 3553 eam

319 3609 433 3653 non
457 3609 522 3650 ex
555 3592 796 3648 doctrina
829 3593 952 3650 ﬁdei
978 3635 992 3659 ,
1024 3593 1119 3649 sed
1170 3608 1239 3648 ex
1289 3590 1565 3646 hominum
1609 3591 1849 3649 moribus
1877 3601 1933 3650 et

317 3683 584 3755 degeneri
624 3684 859 3755 nequitia
891 3685 1146 3739 aestimari
1175 3683 1464 3749 volebant,
1508 3682 1754 3740 homines
1801 3701 1932 3756 pro-

317 3777 472 3834 fecto
504 3776 817 3846 praeposteri
841 3784 896 3831 et
921 3775 1122 3830 morosi
1154 3784 1209 3830 et
1231 3775 1548 3845 importuni,
1586 3775 1931 3846 potiusquam

317 3885 486 3926 acres
513 3879 607 3923 aut
628 3869 791 3924 acuti.

399 3961 518 4017 Non
561 3961 732 4031 potuit
785 3959 904 4018 haec
950 3959 1322 4017 controversia
1367 3959 1562 4016 melius
1597 3959 1930 4032 dijudicari,

316 4069 492 4127 quam
521 4068 587 4109 ex
624 4054 986 4111 successione.
1021 4052 1164 4124 Ergo
1209 4053 1475 4110 Catholici
1528 4054 1935 4124 responderunt

317 4147 626 4218 legitimam
649 4147 762 4218 jam
795 4147 920 4204 inde
961 4149 1029 4204 ab
1058 4147 1314 4218 apostolis
1357 4147 1764 4202 successionem
1815 4148 1922 4203 sibi

319 4239 614 4310 suffragari
648 4256 662 4291 :
694 4239 984 4295 Donatistis
1013 4255 1142 4295 vero
1166 4239 1366 4294 nullam
1389 4252 1530 4294 esse.
1563 4239 1694 4294 Dico
1715 4251 1936 4294 succes-

320 4336 541 4389 sionem
593 4347 699 4390 non
751 4333 913 4388 modo
959 4349 1337 4403 personarum,
1367 4333 1462 4388 sed
1507 4333 1672 4388 etiam
1703 4346 1931 4387 rerum:

2033 3119 2309 3175 cavillatio
2339 3120 2458 3190 fuit,
2501 3137 2622 3193 qua:
2651 3139 2760 3180 non
2790 3125 3152 3196 extorquebat
3181 3127 3330 3186 Afris
3351 3130 3647 3192 Catholicis

2033 3211 2407 3267 defensionem
2434 3227 2547 3269 sua:
2571 3231 2694 3272 cum
2724 3215 2970 3272 Ecclesia
3003 3217 3162 3274 Rom.
3217 3227 3642 3298 communionis,

2035 3304 2089 3358 in
2115 3319 2219 3375 qua
2248 3303 2302 3358 bi
2331 3305 2665 3362 exultabant.

2106 3395 2336 3467 Optatos
2385 3396 2480 3454 lib.
2507 3415 2579 3466 ιι,
2630 3401 2918 3472 disputans
2973 3413 3164 3460 contra
3221 3406 3644 3470 Parmenianum

2037 3490 2393 3554 Donatistam.
2426 3504 2712 3550 enumerat
2733 3494 2845 3565 jam
2874 3493 3004 3551 inde
3035 3511 3067 3550 a
3112 3498 3275 3556 Petro
3319 3505 3639 3562 continuam

2035 3584 2437 3641 successionem
2469 3587 2850 3661 episcoporum
2901 3589 3062 3647 Rom.
3108 3608 3233 3650 cum
3266 3599 3462 3668 quibus
3519 3601 3641 3657 Afri

2035 3680 2301 3738 Catholici
2332 3685 2834 3743 communicabant.
2881 3685 3022 3740 Tum
3066 3704 3194 3744 vero
3242 3693 3510 3750 insultans
3541 3697 3648 3752 Do-

2037 3774 2274 3842 natistis,
2315 3773 2434 3841 Vos,
2463 3775 2658 3846 inquit,
2716 3786 2897 3832 reslrw
2935 3778 3192 3836 cathedra:
3217 3784 3464 3855 originem
3486 3789 3642 3844 edite.

2036 3862 2478 3933 Respondebant,
2510 3877 2566 3922 ut
2599 3876 2762 3923 erant
2788 3869 3002 3935 insulsi,
3045 3871 3363 3942 Donatistae,
3409 3893 3470 3935 se
3501 3895 3643 3951 que-

2036 3973 2143 4029 que
2165 3957 2219 4013 in
2246 3956 2381 4013 urbe
2411 3957 2580 4015 Roma
2609 3959 2817 4016 habere
2851 3960 3169 4017 antistitem.
3203 3965 3432 4036 Optatus
3473 3971 3616 4041 repli

2035 4058 2126 4105 cat
2155 4051 2410 4121 primum,
2439 4067 2600 4123 quem
2645 4053 2717 4108 ibi
2766 4051 3094 4121 habuerunt,
3126 4057 3211 4111 vel
3252 4061 3430 4126 potius
3475 4078 3634 4131 quem

2036 4157 2103 4198 eo
2149 4145 2450 4208 miserunt,
2489 4144 2656 4200 fuisse
2701 4145 2994 4215 quemdam
3043 4147 3356 4225 Victorem,
3403 4167 3642 4225 eumque

2038 4233 2249 4304 Afrum,
2281 4235 2370 4306 qui
2411 4247 2538 4291 ante
2580 4237 2845 4292 Donatum
2879 4253 2986 4293 non
3027 4238 3211 4296 fuerit.
3265 4243 3410 4315 Ergo
3441 4256 3495 4302 et
3522 4249 3634 4303 Au-

2038 4327 2288 4395 gustinus
2316 4326 2370 4381 in
2413 4327 2646 4399 quodam
2680 4328 2874 4398 psalm.
2911 4339 3100 4386 contra
3137 4333 3464 4405 Donatistas,
3516 4338 3638 4392 Nu-

323 4441 509 4496 neqne
541 4437 744 4482 tantum
775 4426 1057 4494 doctrinm,
1088 4426 1182 4481 sed
1213 4437 1265 4482 et
1306 4426 1665 4482 ordinationis
1698 4443 1711 4478 :
1760 4441 1937 4498 neque
1962 4413 2020 4475 Ῑ)
2044 4429 2258 4488 mera“,
2306 4419 2500 4490 ἱιιίιιιίιν
2530 4420 2818 4474 εαεενάοίεε
2863 4423 2925 4476 αθ
2955 4422 3069 4494 ἱρεα
3115 4411 3262 4479 Ρέινὲ
3305 4421 3464 4483 sede:
3493 4424 3546 4484 δι’
3582 4431 3639 4486 in

326 4519 514 4574 solum
548 4519 926 4585 ordinationis,
974 4519 1070 4576 sed
1097 4522 1258 4575 etiam
1299 4519 1598 4590 religionis.
1637 4519 1799 4576 Certe
1845 4522 1936 4577 ubi

329 4611 464 4667 talis
512 4613 784 4668 successio
826 4621 930 4679 est,
979 4610 1211 4666 defectio
1249 4627 1356 4665 non
1401 4621 1505 4675 est,
1535 4611 1643 4666 imo
1687 4627 1816 4666 vero
1853 4620 1938 4667 est

325 4704 672 4760 continuatio
699 4721 712 4758 :
745 4712 804 4759 ut
843 4719 1019 4775 neque
1049 4703 1116 4769 ii,
1148 4702 1342 4774 quibus
1370 4702 1445 4756 ita
1477 4703 1806 4770 succeditur,
1840 4704 1936 4761 de.

323 4799 570 4855 cessisse
603 4797 824 4852 omnino
865 4796 1166 4854 videantur.
1216 4795 1308 4851 Usi
1335 4805 1492 4850 antea
1519 4803 1674 4850 erant
1717 4795 1817 4852 hac
1845 4796 1940 4852 de-

325 4890 585 4946 fensione
611 4890 846 4946 Irenaeus
871 4901 923 4944 ct
971 4887 1232 4960 Origenes
1261 4887 1522 4943 adversus
1550 4888 1632 4942 sui
1677 4889 1937 4959 temporis

325 4981 830 5055 3581imreticos,
860 4993 914 5038 et
941 4982 1057 5053 ipse
1081 4997 1297 5053 quoque
1321 4979 1687 5036 Tertullianus
1717 4980 1846 5036 Afer
1871 4986 1940 5037 de

327 5075 626 5144 Prmscrip.
664 5075 900 5130 hacretic.
948 5074 1176 5146 Optatos
1217 5073 1462 5130 eamdem
1511 5075 1735 5144 opponit
1763 5073 1942 5128 Dona-

328 5163 483 5220 tistis
512 5165 604 5221 lib.
631 5181 696 5231 u,
729 5176 784 5220 ct
813 5166 930 5235 ejus
956 5168 1205 5238 exemplo
1233 5165 1567 5236 Augustinus
1587 5206 1601 5230 ,
1630 5165 1720 5235 qui
1751 5173 1807 5220 et
1829 5164 1940 5219 Ma-

329 5255 568 5311 nichaeis
590 5254 839 5310 eumdem
870 5246 1033 5311 veluti
1059 5260 1284 5314 arietem
1307 5255 1493 5326 objicit
1514 5257 1820 5327 quinquies,
1847 5264 1940 5311 aut

330 5345 523 5402 sexies
552 5345 604 5400 in
655 5345 809 5401 libris
854 5358 1043 5403 contra
1090 5349 1371 5414 Faustum,
1411 5357 1467 5403 et
1507 5351 1558 5402 in
1611 5348 1703 5402 lib.
1748 5359 1938 5402 contra

330 5434 507 5507 epist.
524 5436 782 5506 Manich.,
803 5450 856 5494 et
874 5440 926 5495 in
950 5441 1043 5497 lib.
1065 5442 1132 5496 de
1156 5441 1284 5498 Util.
1302 5441 1477 5507 cred.,
1507 5452 1560 5495 et
1577 5442 1627 5495 in
1651 5441 1742 5495 lib.
1771 5457 1783 5494 |
1809 5456 1940 5497 con-

335 5544 429 5589 tra
457 5531 669 5589 advers.
697 5534 801 5606 leg.
841 5551 961 5606 cap.
992 5537 1084 5592 20.
1127 5536 1233 5592 Sed
1261 5551 1384 5591 cum
1408 5535 1670 5592 adversus
1699 5536 1944 5590 Donatis-

332 5637 431 5683 tas
457 5629 650 5698 agitur,
683 5627 962 5686 dil‘ticilior
985 5630 1099 5680 haec
1127 5631 1264 5683 ratio
1290 5637 1375 5683 est
1409 5645 1423 5683 :
1450 5629 1576 5699 quia
1605 5638 1661 5686 et
1686 5629 1942 5688 Donatis-

872 5723 1145 5784 Ρλτιιοι..
1205 5720 1320 5784 XI.

2044 4512 2224 4567 ordine
2250 4527 2426 4567 eorum
2457 4519 2685 4583 patrum,
2708 4513 2824 4582 quis
2851 4513 2936 4567 cui
2955 4517 3216 4584 successit,
3246 4518 3427 4574 videte.
3453 4520 3558 4576 Sed
3585 4529 3644 4578 et

2044 4604 2096 4659 in
2128 4604 2222 4660 lib.
2251 4604 2458 4670 Qumst.
2493 4602 2704 4658 Veteris
2731 4611 2788 4658 et
2808 4605 2944 4659 Novi
2964 4604 3206 4662 Testam.
3231 4623 3350 4679 cap.
3382 4611 3486 4666 110
3515 4611 3641 4683 (qui

2042 4698 2180 4754 liber
2198 4697 2500 4769 Augustino
2519 4695 2856 4768 ascribitur),
2877 4697 3125 4751 Ordinem
3139 4740 3154 4765 ,
3180 4699 3374 4770 inquit,
3398 4705 3460 4757 ab
3481 4720 3640 4774 apos-

2045 4792 2149 4846 tolo
2177 4791 2334 4847 Petro
2366 4800 2606 4861 coeptum,
2639 4799 2686 4844 et
2713 4807 2872 4859 usque
2899 4791 2967 4843 ad
2991 4794 3085 4845 hoc
3112 4801 3310 4862 tempus
3341 4810 3432 4862 per
3458 4796 3642 4852 tradu-

2041 4901 2150 4939 cem
2191 4884 2566 4940 succedentium
2611 4884 2971 4954 episcoporum
3020 4893 3276 4938 servatum
3318 4887 3640 4958 perturbant,

2045 4977 2278 5031 ordinem
2320 4975 2416 5030 sibi
2444 4976 2555 5030 sine
2601 4976 2802 5047 origine
2828 4974 3162 5045 vindicantes,
3194 4991 3382 5047 corpus
3407 4981 3519 5036 sine
3556 4998 3646 5036 ca-

2041 5071 2168 5141 pile.

2117 5163 2452 5231 DOnatisttn,
2505 5173 2566 5218 ut
2614 5163 2984 5219 Romanorum
3052 5163 3428 5234 episcoporum
3497 5168 3642 5224 illam

2047 5257 2476 5319 successionem,
2507 5271 2668 5327 quam
2695 5255 2810 5313 Afri
2837 5255 3100 5311 Catholici
3143 5273 3266 5312 cum
3301 5258 3366 5312 iis
3395 5274 3648 5316 commu-

2047 5350 2290 5405 nicantes
2314 5348 2611 5419 jactabant,
2655 5349 3006 5416 interruptam
3037 5358 3091 5404 et
3121 5349 3368 5404 vitiosam
3405 5366 3528 5408 esse
3557 5369 3650 5411 os‘

2048 5429 2372 5506 tenderent,
2417 5454 2593 5510 neque
2634 5447 2810 5495 tamen
2843 5442 3065 5497 conluse
3108 5455 3168 5496 ea
3203 5442 3268 5495 de
3298 5456 3357 5495 re
3388 5442 3651 5498 declami-

2048 5543 2163 5589 tare
2204 5531 2537 5597 viderentur,
2585 5531 2876 5603 aliquando
2931 5534 3140 5595 dixere,
3189 5546 3395 5600 primos
3441 5533 3654 5604 aliquos

2054 5627 2182 5687 illos
2206 5627 2426 5698 quidem
2454 5625 2726 5698 inculpate
2757 5625 2859 5697 (sic
2883 5627 3029 5682 enim
3061 5624 3444 5694 loquebantur)
3485 5624 3649 5688 Rom.

3095 5719 3172 5784 b7
