4134 6186
500 146 642 209 “83

1963 125 2187 188 APPBN
2195 126 2329 186 [ΠΧ.

3670 108 3815 172 ΝΜ

497 258 872 328 episcopatum
899 253 1135 324 gessisse
1171 270 1183 305 :
1234 249 1328 304 sed
1375 248 1511 303 alios
1558 245 1758 303 deinde
1804 244 2100 302 dissimiles
2124 242 2179 305 Α
2201 239 2340 293 rium
2374 237 2533 292 Rom.
2563 243 2620 291 et
2650 231 2896 288 Ecclesia
2921 230 3234 287 Christiana
3274 224 3819 328 maxime-florebat,

496 347 693 404 fuisse:
719 362 855 417 quos
868 356 921 402 et
945 341 1352 399 incredibilibus
1374 341 1662 395 calumniis
1679 338 1927 395 insectati
1949 348 2103 404 sunt,

501 451 560 494 ut
589 441 662 494 ait
703 439 1033 508 Augustinus
1061 436 1113 490 in
1144 435 1282 490 libro
1309 433 1375 488 de
1404 432 1564 487 unico
1605 432 1902 501 Baptismo.
1940 429 2102 484 Deni-

502 547 607 604 que
635 530 977 586 clamitarunt
995 525 1389 592 Marcellinum,
1412 524 1730 591 Miltiadem,
1749 522 2096 585 SilveSIrum,

501 640 611 680 non
634 620 1294 679 minustraditoresiuisse
1313 634 1473 689 quam
1502 618 1871 674 Caecilianum.
1905 614 2101 670 Mirum

502 730 655 781 vero,
681 714 862 784 potius
881 728 988 767 non
1012 710 1281 782 objecisse
1302 709 1504 765 Liberii
1527 708 1815 779 quamdam
1834 706 2105 762 desertio-

502 823 651 872 ncm,
684 815 739 861 et
767 804 978 860 Damasi
1000 802 1093 874 qui
1124 802 1175 856 ei
1201 802 1491 867 successit,
1531 799 1845 857 seditiosam
1884 798 2103 854 ordina-

501 900 729 964 tionem,
776 896 937 969 quam
981 906 1037 951 et
1083 895 1360 965 Pelagiani
1405 903 1688 964 propterea
1736 892 2099 962 exagitarunt.

500 988 637 1045 Nam
665 989 717 1045 id
745 988 1076 1059 Augustinus
1101 987 1389 1057 significat,
1418 1001 1540 1040 cum
1571 985 1711 1039 libro
1735 992 1891 1038 sexto
1910 992 2101 1041 contra

503 1081 705 1138 Julian.
741 1082 947 1152 inquit:
981 1080 1057 1134 De
1085 1079 1442 1134 constituendo
1472 1081 1708 1150 episcopo
1736 1077 2106 1131 dissensionem

504 1174 688 1245 populi
713 1174 861 1227 Rom.
887 1172 1285 1228 insultabundus
1316 1173 1558 1244 objectas.
1588 1170 1781 1225 Notum
1815 1179 1994 1226 autem
2022 1178 2107 1224 est

505 1281 574 1323 ex
617 1266 924 1334 Ammiano,
970 1264 1144 1336 qualis
1175 1276 1230 1321 et
1258 1281 1418 1335 quam
1456 1273 1680 1320 cruenta
1710 1264 1874 1318 fuerit
1899 1278 1962 1318 ea
1993 1262 2109 1318 dis-

507 1359 692 1416 sensio
716 1403 731 1427 ,
774 1375 896 1415 cum
928 1361 1191 1415 Damasus
1221 1369 1499 1414 crearetur
1538 1360 1845 1429 episcopus.
1899 1356 2006 1414 Sed
2053 1366 2110 1412 et

502 1452 751 1509 Julianus
776 1452 1123 1523 Pelagianos,
1155 1466 1277 1506 cum
1304 1452 1451 1506 sedis
1490 1450 1748 1505 Romana:
1785 1449 2110 1503 auctoritate

503 1557 873 1615 premeretur,
901 1544 1060 1598 etiam
1097 1543 1271 1613 ipsum
1304 1542 1387 1613 (ut
1424 1542 1499 1596 ait
1526 1541 1719 1597 eodem
1752 1540 1873 1595 loco
1895 1540 2110 1609 Augus-

2200 330 2304 401 ipsi
2326 328 2655 385 defecissent
2683 326 2751 380 ab
2782 323 3047 380 Ecclesia.
3081 321 3269 389 Neque
3295 319 3641 389 Augustinus
3672 332 3825 373 nunc

2200 423 2432 488 laborat,
2468 430 2526 477 ut
2555 420 2708 475 illum
2738 417 2887 473 Pauli
2917 415 2986 472 ad
3012 415 3540 471 Thessalonicenses
3561 411 3634 466 de
3663 409 3826 485 Anti-

2201 515 2410 575 christo
2437 514 2613 569 locum
2643 518 2883 581 exponat
2911 506 3093 579 :quod
3126 515 3313 576 postea
3339 505 3473 559 fecit
3492 504 3561 559 ad
3593 502 3823 558 Marcel-

2201 610 2375 667 linum
2405 617 2651 665 nosirum
2688 607 2829 660 libro
2857 620 2950 671 xx,
2981 602 3162 686 capite
3196 601 3282 666 i9,
3315 599 3387 655 de
3414 599 3649 657 Civitate
3701 597 3825 653 Dei.

2202 703 2436 758 Tantum
2469 715 2614 756 nunc
2639 697 2822 763 diluit,
2851 696 2993 769 quod
3030 711 3101 751 ex
3148 694 3353 749 Hilario
3388 689 3699 748 Donatista:
3725 690 3824 744 ob-

2198 796 2465 868 iecerant.
2495 792 2686 849 Hilarii
2717 789 2881 846 verba
2920 772 2974 844 in
3019 788 3116 842 nu.
3140 788 3208 842 de
3229 785 3441 858 Synod.
3491 772 3613 838 hinc
3652 792 3821 837 sunt:

2203 891 2391 946 Audivi
2419 898 2466 942 et
2490 887 2595 941 vidi
2620 885 2745 943 vitia
2768 883 3101 955 praesentium
3127 898 3229 936 non
3260 882 3542 942 laicorum,
3571 876 3664 931 sed
3685 877 3825 947 epis-

2206 999 2473 1056 wporum.
2525 979 2666 1035 Nam
2693 981 2882 1046 absque
2909 977 3154 1044 episcopo
3172 973 3392 1029 Eleusin
3420 981 3472 1026 et
3494 971 3681 1040 paucis
3703 987 3823 1024 cum

2206 1094 2288 1144 eo,
2317 1092 2382 1132 ea:
2407 1074 2595 1146 majori
2623 1080 2770 1145 parte
2788 1069 2995 1124 Asiana:
3022 1068 3197 1122 deem
3216 1065 3506 1139 provincia:
3522 1061 3692 1117 Deum
3707 1079 3826 1116 nes-

2207 1170 2368 1224 ciunt.
2402 1166 2566 1234 Atque
2599 1164 2800 1218 utinam
2854 1178 2969 1217 eum
3013 1160 3288 1215 nescirent.
3339 1154 3476 1212 Cum
3527 1155 3829 1225 procliviori

2208 1265 2345 1319 enim
2372 1262 2520 1316 venia
2555 1261 2857 1333 ignorarent
2884 1272 3041 1327 quam
3084 1253 3443 1308 obtrectarent.
3478 1250 3540 1305 Si
3566 1249 3823 1305 Donatis-

2208 1362 2279 1409 ta:
2302 1355 2428 1409 hinc
2452 1352 2684 1422 probare
2707 1348 2960 1404 volebant
2978 1346 3283 1401 Ecclesiam
3294 1344 3408 1413 jam
3438 1352 3553 1397 tum
3579 1343 3636 1396 in
3661 1341 3836 1413 359

2208 1448 2342 1505 orbe
2375 1448 2640 1518 periisse,
2674 1444 2856 1514 inepte
2901 1442 3084 1496 Asiam
3126 1455 3223 1507 pro
3254 1445 3371 1491 toto
3409 1436 3547 1491 orbe
3595 1433 3834 1502 accipie-

2209 1543 2360 1598 bant.
2374 1542 2628 1611 Quinimo
2642 1539 2695 1593 in
2715 1536 2906 1593 eodem
2919 1535 3059 1589 libro
3072 1532 3310 1588 Hilarius
3326 1530 3626 1584 conﬁtetur
3636 1527 3831 1582 saltem

504 1636 679 1707 tinus)
710 1636 885 1690 beata:
929 1636 1213 1703 memoria;
1235 1633 1517 1687 Zozimum
1539 1675 1552 1699 ,
1598 1632 1911 1703 apostolicae
1958 1629 2104 1685 sedis
2135 1633 2184 1697 B
2209 1634 2400 1692 Gallia:
2432 1641 2487 1689 et,
2514 1630 2806 1687 Britannia:
2837 1627 3111 1683 Ecclesias
3144 1626 3198 1679 in
3229 1624 3336 1679 fide
3371 1624 3588 1678 sincera
3642 1620 3836 1689 persti-

505 1729 823 1800 episcopum
842 1768 856 1791 ,
884 1725 1341 1798 praevaricationis
1364 1725 1654 1781 accusavit.
1690 1724 1888 1779 Verum
1919 1722 2008 1777 ubi
2035 1729 2113 1777 ta-

507 1822 582 1879 lia
606 1822 1026 1893 objiciebantur,
1062 1820 1324 1877 Catholici
1351 1819 1750 1888 restiondehant
1770 1832 1891 1873 esse
1911 1815 2117 1871 calum-

506 1915 626 1972 nias
657 1932 670 1966 :
699 1922 756 1970 et
778 1914 904 1969 licet
935 1929 1059 1969 vera
1084 1912 1309 1968 crimina
1342 1920 1544 1975 essent,
1586 1923 1761 1966 tamen
1790 1909 1999 1979 privata
2032 1909 2115 1963 vi-

509 2008 583 2063 tia
617 2022 978 2079 personarum
1022 2007 1269 2076 religioni
1298 2014 1354 2060 et
1398 2005 1676 2070 Ecclesite,
1728 2018 1848 2073 quae
1892 2011 1947 2058 et
1991 2002 2120 2069 talia

506 2110 732 2171 peccata
765 2100 985 2153 damnat
1015 2114 1122 2152 non
1160 2084 1373 2152 obesse.
1411 2097 1537 2151 Plus
1571 2096 1850 2151 habuisset
1893 2094 2113 2161 coloris,

510 2192 558 2247 si
586 2190 883 2246 Donatistae
912 2190 1258 2260 obiecissent,
1284 2187 1426 2259 quod
1455 2188 1573 2258 ipse
1599 2188 1727 2242 olim
1754 2186 2117 2243 Tertullianus

511 2283 646 2340 Afer
669 2284 720 2336 in
752 2283 892 2336 libro
918 2291 1105 2336 contra
1130 2281 1392 2335 Praxeam
1424 2289 1728 2346 notaverat,
1758 2279 1876 2349 ejus
1908 2288 2120 2346 tempo-

517 2375 598 2430 ris
628 2374 924 2429 antistitem
962 2372 1266 2426 Romanum
1301 2386 1468 2442 prope
1511 2370 1891 2426 Moutauistatn
1927 2370 2116 2435 fuisse,

519 2478 576 2523 et
606 2466 813 2536 reliqua
856 2466 1259 2532 cumulasscnt,
1299 2465 1566 2535 quaeipse
1607 2463 1975 2519 Tertullianus
2019 2475 2120 2519 suo

515 2557 796 2615 schismati
826 2556 1143 2612 obtenditiu
1165 2555 1304 2610 libro
1326 2554 1392 2611 de
1418 2555 1604 2610 Pudic.
1624 2566 1678 2611 et
1701 2564 1890 2611 contra
1919 2554 2115 2624 Psych.

512 2649 621 2707 Sed
653 2651 734 2706 usi
758 2659 884 2706 sunt
923 2659 1152 2719 patrono
1177 2646 1465 2717 Petiliaoo,
1488 2648 1577 2718 qui
1610 2657 1715 2703 tam
1746 2646 1845 2702 fuit
1872 2645 2117 2715 ineptus,

513 2760 673 2815 quam
704 2744 1032 2799 fucratolim
1062 2758 1187 2800 acer
1223 2752 1279 2801 et
1319 2743 1617 2799 vehemens
1642 2741 2030 2796 Tcrtullianus.
2061 2739 2118 2796 Si

515 2836 917 2893 Tertullianum
969 2837 1200 2892 alterum
1244 2836 1562 2891 habuissent
1615 2850 1833 2891 suarum
1886 2834 2118 2904 partium

516 2929 573 2987 in
605 2928 931 2997 Collatione,
967 2930 1138 2999 magis
1168 2928 1421 2984 sudasset
1448 2928 1800 2995 Augustinus.
1831 2926 1983 2983 Nune
2004 2926 2121 2981 lan-

2221 1728 2373 1784 tisse.
2407 1726 2590 1797 Neque
2614 1739 2746 1781 vero
2776 1722 2952 1777 minus
2973 1719 3243 1776 Africanae
3282 1716 3551 1772 Ecclesiaa
3580 1714 3838 1770 Arianis-

2219 1837 2368 1876 mum
2417 1818 2744 1887 rejecerant.
2799 1815 2903 1872 Sed
2972 1812 3308 1883 Augustinus
3350 1812 3456 1866 alia
3503 1808 3838 1864 defensione

2219 1912 2410 1968 utitur.
2442 1909 2725 1977 Quanam?
2777 1908 2865 1961 Ait
2890 1905 3153 1961 Hilarium
3207 1903 3399 1960 decem
3432 1900 3839 1971 provinciarum

2221 2005 2544 2059 Asianorum
2595 2001 2802 2056 zizania
2850 1999 3120 2070 arguisse,
3173 2013 3283 2052 non
3325 1998 3502 2066 ipsum
3554 1996 3839 2050 triticum:

2220 2108 2314 2153 aut
2338 2099 2505 2152 etiam
2543 2097 2719 2167 ipsum
2747 2095 3006 2159 triticum,
3030 2092 3172 2164 quod
3204 2092 3423 2147 delectu
3454 2090 3696 2161 quodam
3745 2105 3844 2160 pe-

2221 2191 2514 2252 riclitatur,
2542 2198 2747 2259 quanto
2776 2186 3181 2250 vehementius,
3217 2193 3369 2239 tanto
3397 2184 3578 2238 utilius
3600 2198 3844 2253 arguen-

2220 2281 2349 2338 dum
2387 2296 2510 2337 esse
2555 2290 2793 2349 putasse.
2830 2280 2921 2334 Ait
2966 2279 3278 2333 Donatistas
3325 2275 3644 2332 calumniari
3668 2275 3843 2330 docto

2220 2376 2365 2440 viro,
2408 2374 2498 2445 qui
2522 2375 2766 2445 graviter
2794 2373 3129 2442 increpabat,
3162 2386 3272 2441 quo
3322 2372 3521 2427 iterum
3564 2372 3844 2441 parturie-

2219 2469 2348 2523 bat:
2382 2478 2436 2523 et
2464 2468 2655 2523 eodem
2686 2466 2849 2533 modo
2880 2467 3125 2537 potuisse
3149 2464 3359 2531 dicere,
3411 2481 3513 2520 nec
3543 2473 3627 2520 tot
3652 2465 3845 2519 Eccle-

2220 2562 2329 2616 sias
2368 2559 2594 2616 Galatia:
2622 2571 2749 2615 tunc
2778 2558 2965 2622 luisse,
2996 2558 3214 2629 quando
3259 2557 3481 2612 dicebat
3516 2556 3839 2626 Apostolus,

2225 2650 2271 2706 0
2298 2653 2441 2707 stulti
2466 2650 2689 2718 Galate,
2714 2662 2820 2705 etc.
2854 2651 2944 2704 Ait
2975 2651 3270 2705 Ecclesiam
3315 2648 3617 2720 aliquando
3644 2650 3843 2705 obscu—

2221 2747 2353 2809 rari,
2400 2756 2454 2801 et
2492 2754 2767 2811 tamquam
2808 2743 3118 2799 obnubilari
3174 2742 3529 2798 multitudine
3557 2743 3844 2798 seandalo-

2222 2859 2343 2897 rum
2374 2862 2389 2898 :
2417 2842 2511 2897 sed
2536 2842 2699 2897 etiam
2733 2852 2859 2896 tunc
2885 2840 2939 2895 in
2971 2842 3086 2897 suis
3108 2838 3440 2893 firmissimis
3462 2839 3717 2895 eminere
3746 2856 3760 2891 :
3791 2848 3845 2893 et

2223 2932 2516 3004 aliquando
2539 2931 2941 2988 multitudinem
2975 2930 3375 3001 tranquillitate
3399 2932 3674 3000 temporis
3699 2933 3844 3001 quie-

516 3023 712 3094 guidos
750 3030 805 3076 et
833 3020 1027 3075 molles
1065 3021 1286 3076 vincere
1320 3020 1476 3076 facile
1506 3018 1625 3075 fuit.
1657 3018 1789 3074 Nam
1824 3026 1879 3074 et
1917 3017 1963 3073 si
1993 3017 2118 3087 quid
2148 3021 2195 3086 α
2227 3033 2278 3082 ta
2310 3034 2364 3080 et
2391 3026 2560 3080 libera
2590 3039 2854 3094 apparere
2887 3041 2900 3077 :
2932 3023 3227 3094 aliquando
3270 3025 3645 3078 tentationum
3674 3034 3729 3079 et
3754 3025 3844 3079 tri-

523 3119 810 3188 objiciunt,
845 3119 970 3188 quid
1000 3117 1147 3173 aliud
1191 3132 1373 3186 quam,
1409 3127 1467 3171 ut
1510 3117 1584 3170 ait
1608 3117 1797 3175 Poeta.
1824 3116 1989 3170 telum
2023 3117 2122 3169 im-

519 3210 661 3267 belle
680 3212 798 3267 siue
824 3212 934 3266 ictu
957 3219 1357 3279 contorquent,
1386 3208 1472 3263 vel
1505 3209 1669 3278 (quod
1697 3208 1918 3279 dicitur)
1950 3208 2124 3277 plumu-

519 3304 682 3362 beum
706 3315 761 3361 et
801 3306 1053 3360 obtusum
1098 3304 1384 3373 pugionem
1418 3302 1727 3357 intentant?
1758 3301 1898 3356 Ecce
1938 3314 2007 3355 ne
2035 3316 2126 3354 va-

519 3399 633 3469 gari
677 3398 733 3452 in
764 3412 889 3453 aere
916 3397 1250 3461 viderentur,
1282 3405 1336 3450 et
1363 3392 1525 3465 agere
1546 3434 1560 3457 ,
1600 3394 1717 3448 sine
1745 3392 1858 3447 ullo
1884 3393 2127 3449 testimo-

519 3490 636 3554 nio,
683 3488 975 3559 aliquando
1017 3485 1215 3558 (inquit
1240 3488 1572 3555 Augustinus
1613 3486 1773 3555 epist.
1808 3484 1899 3557 48)
1952 3485 2118 3541 veluti

516 3579 846 3637 insidiantes
877 3578 1201 3635 testimoniis
1230 3577 1449 3640 divinis,
1481 3585 1755 3656 tamquam
1793 3576 1903 3646 jam
1933 3577 2125 3646 periis-

527 3685 612 3731 set
642 3672 886 3729 Ecclesia
924 3671 995 3727 de
1025 3670 1155 3725 orbe
1205 3679 1471 3725 terrarum
1496 3711 1510 3735 ,
1560 3669 1892 3738 objicit-bant
1938 3669 2128 3724 Hilarii

524 3764 814 3837 quamdam
846 3762 1244 3835 querimoniam
1274 3761 1341 3815 de
1383 3760 1675 3831 provinciis
1701 3752 1975 3825 Asiaticis,
2007 3776 2127 3831 qua:

523 3855 714 3911 Arium
742 3854 1127 3924 sequebantur.
1162 3852 1440 3919 Poterant,
1480 3852 1524 3905 si
1556 3851 1837 3907 doctiores
1862 3852 2129 3911 acriores-

520 3964 626 4020 que
658 3948 918 4014 fuissent,
949 3947 1114 4002 talem
1143 3947 1431 4014 apostasiaa
1458 3945 1934 4014 exprobrationem
1967 3958 2130 4014 exag-

523 4056 738 4112 gerare.
769 4038 902 4094 Nam
954 4039 1069 4105 ipse
1118 4036 1477 4107 Hieronymus
1507 4045 1693 4093 contra
1743 4050 1917 4090 error.
1964 4034 2126 4090 Joan.

524 4135 759 4193 Hicros:
792 4133 974 4188 Totum
1007 4130 1223 4205 (inquit)
1258 4130 1542 4196 Orientem,
1591 4142 1799 4202 excepto
1846 4132 2130 4185 Athanasio

526 4238 575 4284 et
608 4228 865 4291 Paulino,
910 4225 1225 4280 Arianorum
1255 4226 1464 4280 haeresis
1489 4225 1804 4296 possidebat.
1849 4224 1963 4279 Imo
2001 4240 2131 4281 vero

526 4332 580 4377 et
601 4321 946 4377 Occidentem
980 4328 1327 4389 pervaserat,
1359 4328 1415 4373 et
1456 4318 1632 4387 ipsum
1662 4318 1974 4387 episcopum
2017 4317 2128 4372 Ro-

2221 3116 2561 3173 bulatiouum
2604 3116 2859 3172 ﬂuctibus
2899 3116 3104 3185 operiri
3132 3124 3298 3184 atque
3341 3117 3687 3185 perturbari.
3720 3116 3845 3171 'l'ale

2224 3218 2651 3286 autem’tempus
2678 3208 2864 3273 fuisse,
2889 3209 2958 3264 de
2985 3224 3093 3279 quo
3113 3208 3343 3278 scripsit
3370 3208 3642 3264 Hilarius.
3671 3209 3841 3273 Addo,

2226 3304 2389 3374 paulo
2420 3312 2561 3373 post,
2591 3312 2836 3371 tempore
2877 3300 3191 3364 Theodosii,
3235 3301 3549 3357 Ecclesium
3582 3303 3730 3357 illam
3766 3310 3843 3356 nt-

2225 3411 2456 3467 cumquc
2479 3396 2761 3452 liberatam
2795 3395 2985 3459 fuisse.
3013 3406 3071 3451 ut
3101 3411 3294 3451 rursus
3324 3407 3499 3463 esset,
3528 3398 3715 3463 qualis
3740 3397 3844 3451 fue-

2227 3500 2313 3543 rat
2356 3499 2599 3559 tempore
2626 3488 2990 3545 Constantini.
3033 3489 3206 3556 Addo,
3258 3491 3743 3546 non‘dissimilem
3772 3492 3845 3545 vi.

2228 3579 2605 3635 cissitadinem
2633 3581 2765 3635 olim
2807 3580 2981 3635 visam
3017 3594 3138 3635 esse
3177 3588 3233 3633 et
3279 3581 3333 3634 in
3383 3595 3562 3651 regno
3606 3580 3843 3636 Davidis.

2228 3670 2338 3727 Sed
2380 3670 2728 3741 interruptio,
2761 3686 2884 3742 quas
2909 3671 3123 3727 videtur
3151 3672 3583 3728 cominuitatem
3633 3675 3848 3729 abrum-

2230 3777 2384 3833 pere,
2418 3778 2523 3818 non
2553 3763 2691 3819 tollit
2710 3763 3142 3833 perpetuitatem.
3168 3761 3474 3830 Caeterum,
3498 3775 3559 3821 ut
3584 3766 3653 3820 ad
3686 3766 3850 3821 Dona-

2230 3859 2383 3911 tistas
2413 3857 2656 3922 redeam,
2694 3856 2737 3911 si
2783 3872 2850 3912 ex
2902 3856 3103 3910 Hilario
3154 3856 3365 3927 aliquid
3408 3857 3660 3927 proferre
3701 3859 3849 3914 vole-

2229 3951 2381 4017 bant,
2421 3952 2563 4021 quod
2604 3954 2908 4021 Augustino
2935 3951 3235 4020 objicerent
3275 3955 3331 4007 in
3384 3952 3495 4008 hac
3519 3968 3713 4021 causa,
3756 3968 3850 4009 eor

2230 4058 2339 4099 non
2380 4046 2559 4112 potius
2587 4046 2931 4114 protulerunt
2956 4043 3099 4111 quod
3130 4043 3374 4098 Hilarius
3408 4044 3634 4113 scripsit
3662 4054 3847 4099 contra

2231 4136 2559 4191 Auxentium
2593 4136 2661 4192 de
2690 4135 2969 4191 Ecclesia?
2991 4133 3100 4190 Cur
3129 4152 3235 4189 non
3269 4148 3470 4206 urgent
3503 4134 3651 4205 quod
3676 4135 3852 4203 scrip-

2230 4228 2301 4283 sit
2330 4227 2576 4293 Rufinus,
2613 4228 2872 4284 Ecclesire
2899 4226 3090 4283 faciem
3114 4227 3228 4296 jam
3255 4243 3325 4283 eo
3366 4237 3620 4298 tempore
3642 4227 3848 4283 fre-dam

2234 4320 2527 4377 admodum
2559 4320 2762 4376 fuisse?
2797 4320 2913 4373 lmo
2938 4333 3070 4374 vero
3116 4333 3214 4374 cur
3259 4333 3373 4373 non
3418 4319 3697 4386 objiciunt
3724 4334 3852 4389 gra-

526 4429 745 4469 manmn
765 4411 1075 4482 infregerat.
1098 4410 1476 4478 Quidmultis?
1502 4408 1730 4462 Basilius
1753 4410 1911 4479 epist.
1933 4410 2022 4474 60,
2051 4408 2127 4463 fa-
2156 4400 2204 4465 Ι)
2229 4415 2434 4468 viorem
2485 4413 2880 4483 querimoniam
2931 4412 3112 4467 Basilii
3159 4422 3216 4467 et
3272 4413 3625 4481 horribilem,
3688 4429 3853 4485 quam

528 4515 674 4564 tetur
699 4521 820 4561 sese
862 4506 1135 4574 cogitasse
1188 4503 1451 4573 principia
1491 4518 1613 4558 esse
1645 4503 1790 4557 illius
1838 4504 2126 4572 apostasia:

525 4601 682 4670 cujus
714 4599 959 4655 meminit
1002 4598 1199 4652 Paulus
1224 4598 1292 4652 ad
1335 4597 1526 4651 Thess.
1561 4596 1883 4667 Neque,non
1918 4598 1968 4649 in
2002 4595 2129 4651 Col-

526 4692 729 4749 latione
761 4692 1051 4752 Donatistae
1081 4690 1320 4759 ohjicere
1350 4696 1594 4758 poterant
1617 4729 1632 4753 ,
1676 4689 1864 4744 urbem
1896 4688 2125 4742 Romam

510 4798 556 4837 -a
586 4784 836 4839 Barbaris
857 4793 1066 4853 captam
1094 4797 1234 4845 esse,
1271 4792 1327 4836 et
1356 4782 1642 4850 imperium
1681 4780 1990 4835 Romanum
2013 4782 2127 4850 jam

528 4874 835 4944 pessumire
867 4875 1062 4929 :sieuti
1088 4888 1154 4927 eo
1180 4884 1424 4941 tempore
1457 4871 1821 4943 Hieronymus
1852 4873 1965 4942 ipse
1994 4872 2131 4927 allu-

530 4966 668 5022 dens
698 4968 764 5022 ad
792 4968 938 5022 illum
967 4968 1117 5023 Pauli
1154 4968 1330 5023 locum
1372 4966 1439 5021 ad
1481 4966 1801 5022 Thessalon.
1831 4978 1882 5022 et
1918 4968 2128 5025 ruinam

534 5058 766 5113 Romani
797 5059 1179 5129 itnperii,.qute
1218 5060 1503 5127 apostasia:
1537 5074 1759 5129 regnum
1797 5075 2129 5128 praecessura

526 5150 873 5217 credebatur,
916 5152 1203 5223 deplorans
1236 5151 1289 5204 in
1330 5151 1556 5218 cpistola
1594 5152 1663 5206 ad
1704 5150 2023 5207 Gerontium
2063 5154 2132 5208 de

530 5236 745 5315 Monog.
778 5243 948 5315 inquit
980 5261 993 5297 :
1032 5243 1131 5308 Qui
1154 5243 1354 5298 tenebat
1377 5285 1392 5309 ,
1423 5244 1487 5298 de
1515 5245 1681 5298 medio
1703 5245 1763 5315 [it
1789 5261 1809 5299 .'
1840 5255 1885 5299 et
1917 5263 2021 5300 non
2050 5248 2132 5302 iu-

525 5339 802 5410 lelligimus
831 5336 1202 5391 Antichristum
1235 5339 1689 5409 apprOpiuquare?
1709 5338 1815 5394 Sed
1842 5339 2132 5395 Donatista:

526 5438 695 5502 agunt
743 5430 901 5501 paulo
952 5429 1253 5485 remissius.
1288 5430 1477 5501 Neque
1514 5422 1645 5488 sane
1696 5432 1778 5486 sui
1825 5432 2132 5488 schismatis

527 5523 938 5580 excusationem
980 5520 1314 5592 probabilem
1354 5522 1492 5578 inde
1535 5531 1785 5593 poterant
1840 5533 2125 5593 repetere,

524 5632 649 5675 cum
676 5617 893 5690 quidem
917 5617 1028 5689 jam
1063 5625 1305 5687 tempore
1334 5616 1706 5686 Constantini,
1735 5634 1842 5690 quo
1869 5626 1926 5677 et
1952 5617 2127 5691 impe-

2235 4507 2349 4569 edit
2391 4508 2652 4576 picturam
2685 4506 2941 4561 Ecclesia:
2969 4504 3051 4579 (ut
3090 4504 3167 4559 ita
3195 4505 3380 4561 dicam
3424 4506 3689 4577 conhise)
3728 4522 3859 4561 con-

2234 4600 2405 4659 fuse?
2442 4601 2552 4657 Cur
2581 4617 2685 4656 non
2714 4601 2954 4655 clamant
2992 4600 3388 4673 Hieronymum
3432 4603 3720 4667 conﬁteri,
3754 4602 3859 4657 Ec-

2235 4694 2418 4749 clesiae
2443 4694 2628 4750 faecem
2657 4710 2753 4765 pro
2784 4695 3023 4752 Ecclesia
3054 4696 3391 4765 superfuisse
3413 4706 3674 4766 tempore
3696 4697 3862 4767 huqu

2234 4784 2593 4843 Collationis?
2619 4787 2728 4843 Cur
2755 4802 2861 4841 non
2894 4789 3060 4857 ipsius
3092 4789 3375 4858 Augustini
3397 4787 3469 4843 ad
3492 4790 3681 4857 ipsum
3714 4790 3863 4845 Mar.

2231 4883 2490 4938 cellinum
2530 4882 2694 4936 verba
2721 4898 2788 4936 ex
2817 4881 3046 4953 epistola
3076 4881 3111 4937 5
3150 4890 3438 4950 repetunt,
3480 4880 3551 4935 In
3595 4884 3705 4937 ista
3759 4884 3867 4956 (in-

2233 4974 2369 5047 quit)
2404 4975 2619 5029 colluvie
2649 4991 2850 5028 morum
2879 4974 3213 5047 pessimorum
3259 4984 3307 5027 et
3338 4975 3528 5029 ueteris
3553 4974 3861 5045 disciplina

2235 5070 2537 5139 deperditw,
2562 5079 2668 5127 etc.
2706 5070 2904 5125 Verum
2944 5069 3247 5139 simplicem
3294 5070 3596 5124 historiam
3623 5072 3867 5126 actionis

2236 5163 2548 5217 Donatianac
2577 5177 2986 5233 persequamur.

2307 5256 2441 5311 Cum
2462 5256 2759 5310 Donatista:
2785 5255 3131 5311 clamitarent
3174 5253 3481 5309 Ecclesiam
3509 5256 3864 5312 catholicam

2237 5359 2574 5416 apostatasse
2599 5346 2680 5416 (ut
2716 5345 3100 5418 loquebantur)
3128 5355 3295 5415 atque
3324 5345 3555 5414 periisse
3581 5388 3598 5412 ,
3654 5359 3715 5402 et
3765 5347 3865 5401 hoc

2236 5438 2474 5495 clamore
2520 5438 2741 5493 eludere
2786 5439 2991 5495 vellent
3038 5438 3426 5509 prophetarum
3472 5440 3755 5496 Vaticinia
3799 5442 3868 5497 de

2235 5531 2492 5588 Ecclesia:
2534 5530 2744 5600 gloria,
2786 5528 3183 5602 amplitudine,
3223 5529 3598 5600 perpetuitate
3639 5549 3656 5585 ε
3700 5548 3862 5604 mga-

2234 5620 2650 5681 runtCatboliei
2676 5621 2732 5685 in
2752 5619 3078 5689 Collatione,
3130 5620 3349 5677 ubinam
3372 5615 3661 5689 scriptum
3718 5632 3865 5681 esset
