4134 6186
325 100 461 163 MSS

1208 97 1538 159 HISTORIA
1574 86 2177 153 CARTHAGINENSIS
2214 91 2693 155 COLLATIONIS.

3500 93 3641 154 “86

320 226 430 272 tam
456 214 565 270 cito
592 225 718 269 esse
731 187 1042 283 perituram
1065 228 1079 267 :
1109 222 1169 268 ut
1197 224 1252 269 et
1282 213 1618 285 Augustinus
1644 214 1697 269 in
1722 213 1815 270 lib.
1846 213 1914 269 de
1948 207 2004 266 Α
2030 209 2473 276 praemonstratio
2496 206 2748 277 quaedam
2772 213 2921 276 erat,
2947 206 3105 266 valde
3127 207 3349 266 laudata
3373 206 3465 268 sit.
3487 211 3643 270 Unde

322 306 469 365 Uuit.
514 305 713 377 quaerit
751 322 780 361 a
813 305 1081 361 Petiliano
1102 348 1118 375 ,
1153 307 1374 377 quando
1397 348 1410 371 ,
1443 307 1598 376 quis,
1649 305 1923 376 quomodo

317 398 582 454 delcverit
608 396 885 452 Eeclesias
911 398 1215 467 apostolico
1242 399 1427 454 labore
1452 398 1735 461 fundatas?
1763 400 1922 453 sicuti

318 499 375 548 et
415 492 470 546 iu
512 488 678 559 epist.
711 490 806 545 itii
830 531 846 556 ,
890 490 960 545 ad
1012 490 1350 546 Honoratum
1374 533 1389 558 ,
1418 500 1607 562 rogat,
1651 490 1924 561 quomodo

316 588 566 645 Christus
610 586 915 658 perdiderit
956 586 1333 645 haereditatem
1365 588 1619 645 Gentium
1652 588 1753 644 sibi
1799 600 1923 657 pro-

319 681 581 737 missam?
614 680 739 735 Hzec
768 680 915 735 enim
959 681 1317 751 interrogatio
1349 679 1448 736 fuit
1474 721 1490 747 ,
1521 697 1644 752 qua:
1673 680 1924 736 Donatis-

322 773 389 829 tis
419 773 644 828 minime
671 782 728 827 ut
758 773 1049 843 oportebat
1074 774 1141 830 ad
1171 774 1274 830 hoc
1303 783 1586 830 certamen
1610 773 1921 837 instructis,

321 866 489 922 veluti
531 881 593 919 os
637 866 932 921 obstruxit.
977 866 1144 921 Miror
1175 881 1283 921 non
1332 866 1637 937 obiecisse,
1682 866 1827 938 quod
1868 866 1924 920 iu

323 958 610 1015 Ezechiele
636 958 719 1013 vel
744 958 797 1013 in
832 957 1078 1024 lianiele,
1099 959 1186 1014 vel
1209 959 1261 1013 in
1295 959 1622 1030 Apocalypsi
1662 960 1924 1029 scriptum

320 1066 443 1106 esse
472 1051 669 1106 dicitur
710 1050 779 1107 de
822 1050 1197 1117 Autichristo,
1226 1050 1313 1108 vel
1353 1052 1520 1107 etiam
1562 1052 1616 1108 in
1662 1053 1823 1123 epist.
1858 1051 1925 1106 ad

320 1145 694 1201 Thessalonic.
727 1149 809 1200 An
848 1160 949 1201 suo
978 1154 1226 1216 tempore
1254 1146 1500 1201 nondum
1533 1149 1754 1203 venisse
1786 1155 1925 1201 tem-

319 1256 421 1312 pus
474 1241 620 1296 illius
669 1241 989 1296 Antichristi
1038 1241 1399 1297 sentiebant?
1439 1241 1742 1311 Supererat
1788 1240 1928 1295 alius

318 1331 470 1387 locus
520 1333 671 1387 Pauli
735 1334 803 1386 ad
850 1331 1196 1388 Timotheum
1239 1332 1308 1388 de
1347 1334 1615 1402 apostatis
1641 1374 1655 1398 ,
1694 1333 1784 1403 qui
1829 1345 1926 1387 no-

318 1426 560 1481 vissimis
588 1425 925 1495 temporibus
950 1432 1253 1497 emergent.
1288 1424 1399 1481 Sed
1445 1425 1565 1495 ipse
1592 1424 1929 1494 Augustinus

325 1517 382 1571 in
429 1517 522 1571 lib.
558 1516 628 1571 de
666 1515 883 1572 Unitate
920 1526 1112 1571 contra
1161 1517 1526 1583 Petilianum,
1574 1515 1742 1570 veluti
1783 1529 1928 1585 prae-

2027 307 2083 353 et
2110 300 2350 368 psalmus
2376 313 2620 361 uxxvu,
2673 297 2744 354 de
2767 297 2936 357 Sione
2965 308 3021 358 et
3046 301 3445 375 Hierosolymis
3471 323 3484 359 :
3516 304 3646 362 Glo-

2025 390 2173 446 riosa
2199 433 2215 457 ,
2268 393 2477 464 inquit,
2507 393 2579 447 de
2606 400 2658 446 te
2686 391 2943 450 dicuntur
2966 438 2981 462 ,
3024 411 3057 452 o
3087 396 3219 452 urbs
3240 397 3447 453 divina.

2102 482 2291 539 Redeo
2320 485 2391 540 ad
2435 484 2789 552 Donatistas,
2829 488 2922 558 qui
2974 488 3211 560 repetito
3241 490 3313 547 ab
3342 490 3491 548 illius
3535 502 3656 545 me-

2028 576 2199 631 moria
2240 577 2498 647 exemplo
2521 617 2536 641 ,
2568 578 2818 646 speciose
2843 580 3125 648 iactabant
3148 622 3163 651 ,
3207 594 3334 639 sese
3363 598 3493 641 esse
3522 592 3661 638 tam-

2027 682 2188 735 quam
2218 669 2356 731 duas
2378 670 2506 724 illas
2536 669 2743 738 tribus,
2769 688 2897 745 quae
2922 691 3031 730 nou
3059 674 3318 733 deiecere
3340 718 3356 743 .
3386 691 3517 735 cum
3545 676 3671 732 alia:

2029 761 2216 817 decem
2250 763 2433 817 tribus
2470 760 2694 819 lsraelis
2734 765 2835 823 abs
2860 767 3019 823 Judae
3057 784 3231 842 regno
3270 768 3681 838 desciverant,

2029 863 2232 910 secutae
2274 854 2704 913 Jeroboamum.
2736 857 2847 915 Sed
2876 858 3149 919 Catholici
3194 865 3396 922 merito
3426 867 3685 936 inverte:

2028 945 2162 1001 bant
2211 946 2362 1002 hanc
2412 951 2882 1018 comparatiottetn
2918 970 2932 1007 :
2977 963 3036 1010 et
3072 958 3326 1027 quamvis
3370 958 3699 1017 faterentur

2030 1038 2231 1092 multas
2261 1051 2402 1092 esse
2432 1042 2679 1099 maculas
2718 1052 2774 1101 et
2800 1046 2956 1102 labes
2994 1061 3115 1104 suae
3141 1050 3444 1123 Ecclesiae,
3514 1065 3711 1115 tamen

2030 1129 2292 1201 quamdiu
2344 1128 2449 1183 illa
2479 1131 2759 1192 Christum
2788 1138 3029 1196 habebat
3071 1153 3270 1212 caput,
3301 1149 3573 1205 schisma
3607 1152 3718 1213 Do-

2031 1221 2377 1276 natistarum
2426 1235 2555 1280 esse
2597 1226 2823 1298 impium
2865 1232 3300 1291 contendebant.
3334 1237 3456 1296 Sed
3497 1253 3577 1299 et
3604 1248 3720 1311 Au.

2030 1329 2176 1414 gust.
2216 1315 2287 1414 in_
2455 1330 2646 1414 contra
2682 1320 2931 1393 Fulgent.
2964 1341 3093 1382 eum
3124 1331 3342 1388 audiret
3376 1332 3730 1414 Catholicos

2032 1422 2075 1510 ἶ
2091 1405 2410 1510 Donatistis
2440 1412 2624 1467 vocari
2647 1414 3025 1510 Samaritanus
3047 1460 3061 1484 ,
3090 1422 3286 1489 probat
3319 1422 3489 1493 ipsos
3534 1405 3728 1510 potius

2035 1499 2365 1603 Donatistas
2396 1516 2522 1603 esse
2567 1513 2840 1603 tamquam
2870 1508 3275 1569 Samaritanos.
3309 1517 3466 1575 Hinc
3526 1499 3720 1603 autem

318 1619 587 1680 occupat,
625 1620 680 1665 et
717 1611 767 1666 id
805 1612 1078 1681 pertinere
1112 1611 1188 1665 ait
1218 1610 1285 1666 ad
1344 1622 1709 1683 purgamenta
1740 1610 1926 1666 Eccle-

2040 1592 2314 1689 peudebat
2342 1592 2614 1687 judicium
2645 1598 2715 1652 de
2742 1602 3002 1669 exemplo
3038 1610 3460 1666 communionis
3501 1635 3579 1681 ex

320 1701 448 1769 site,
487 1714 539 1758 et
579 1703 645 1758 ad
676 1718 772 1759 eos
811 1703 904 1775 qui
945 1704 1013 1758 ab
1053 1703 1297 1759 Ecclesia
1336 1704 1637 1759 defecere:
1671 1702 1834 1759 sicuti
1875 1717 1930 1759 et

320 1797 377 1852 in
431 1796 756 1852 Manichacus
804 1797 983 1852 locum
1036 1797 1190 1852 illum
1248 1807 1537 1865 retorquet
1587 1799 1625 1851 l.
1662 1813 1695 1851 v
1739 1806 1929 1852 contra

319 1885 574 1943 Faustum
598 1888 773 1957 capite
806 1887 892 1953 l0,
933 1896 988 1943 et
1026 1886 1119 1943 lib.
1150 1903 1258 1942 xxx
1283 1929 1296 1951 ,
1330 1897 1389 1943 et
1428 1888 1525 1941 lib.
1556 1903 1574 1942 ι
1602 1897 1790 1943 contra
1830 1887 1931 1943 Fe—

321 1981 480 2037 licem
511 1982 889 2050 Maniclta'um,
917 1997 1038 2053 cap.
1072 1981 1104 2038 7
1125 2022 1140 2050 ,
1174 1990 1228 2037 et
1252 1981 1306 2037 in
1324 1978 1489 2037 libro
1511 1991 1700 2037 contra
1720 1978 1927 2037 Secun-

320 2073 533 2141 diuum,
562 2087 680 2143 cap.
705 2072 762 2127 2.
1464 2144 1479 2151 Η

396 2167 568 2222 Venio
598 2167 662 2221 ad
704 2165 753 2221 id
788 2165 929 2236 quod
977 2166 1274 2222 Donatistae
1306 2167 1362 2222 in
1409 2165 1721 2222 Collatioue
1761 2166 1931 2236 potis-

317 2260 517 2314 simum
557 2259 862 2328 urgebant:
897 2267 955 2314 ut
994 2275 1116 2314 cum
1147 2259 1420 2313 catholica
1452 2257 1702 2312 Ecclesia
1734 2257 1930 2326 praedi-

315 2359 537 2407 caretur
561 2392 573 2413 ,
609 2351 714 2420 ipsi
754 2362 992 2405 sanctam
1025 2366 1242 2422 quoque
1283 2364 1408 2405 esse
1451 2348 1659 2404 debere
1691 2347 1927 2402 vicissim

312 2442 754 2510 contenderent,
787 2444 1003 2512 qualem
1040 2442 1484 2498 adversariorum
1509 2482 1523 2505 ,
1566 2438 1670 2494 hoc
1705 2448 1790 2494 est
1827 2439 1931 2494 Ca-

314 2539 648 2595 tholicorum
705 2537 1040 2603 Ecclesiam,
1084 2553 1187 2591 non
1233 2551 1359 2591 esse
1406 2533 1780 2588 clamitabant.
1826 2532 1929 2588 Ca-

317 2630 508 2685 tholici
547 2630 911 2700 agnoscebant
949 2627 1076 2698 quid
1113 2627 1211 2683 sibi
1241 2628 1499 2686 deesset,
1534 2632 1589 2678 et
1617 2624 1795 2692 qualis
1837 2624 1926 2679 illa

318 2738 449 2779 esse
480 2721 725 2781 deberet.
768 2720 877 2778 Sed
922 2722 976 2776 in
1019 2720 1119 2776 hac
1162 2721 1267 2775 vita
1308 2716 1612 2789 perfectam
1658 2732 1764 2770 non
1810 2716 1929 2773 fore

310 2816 673 2871 fatebantur:
707 2814 940 2871 futuram
975 2831 1106 2870 vero
1145 2815 1196 2869 iu
1227 2815 1387 2871 ctelis
1414 2831 1427 2867 :
1459 2800 1518 2869 ei
1558 2813 1663 2868 hoc
1688 2810 1929 2882 quotidie

316 2911 451 2981 agi,
487 2923 542 2965 ut
576 2911 800 2966 maculae
838 2911 1153 2975 deleantur,
1197 2918 1252 2965 et
1293 2924 1492 2980 rugosa
1534 2922 1656 2962 esse
1695 2907 1928 2962 desinat.

2036 1688 2139 1743 tcri
2180 1684 2501 1745 Judatorum
2544 1690 2789 1748 Ecclesia
2834 1696 3112 1765 repetito,
3151 1699 3221 1755 de
3261 1718 3381 1772 quo
3410 1704 3465 1760 iu
3522 1684 3697 1779 coita.

2035 1780 2184 1835 tione
2213 1780 2453 1835 maxime
2480 1791 2747 1839 certatum
2778 1792 2901 1840 est:
2936 1791 3163 1845 tametsi
3190 1808 3297 1848 non
3324 1794 3682 1865 dissimulem

2035 1879 2329 1942 utramque
2371 1882 2579 1942 partem
2625 1876 2679 1930 in
2725 1890 2790 1931 ea
2820 1881 3184 1940 contentione
3226 1900 3419 1955 parum
3451 1898 3675 1954 cavisse

2033 1965 2207 2021 videri
2235 2007 2251 2032 ,
2283 1973 2407 2022 cum
2439 1978 2629 2023 neutra
2660 1968 2717 2023 in
2756 1973 3017 2044 exemplo
3048 1976 3446 2055 prophetarum
3467 2026 3481 2048 ,
3515 1991 3668 2057 quod

2033 2057 2270 2128 allegat,
2313 2059 2449 2115 satis
2484 2060 2745 2116 observat
2788 2062 3089 2122 discrimen
3116 2111 3132 2137 ,
3167 2071 3313 2141 quod
3370 2076 3661 2145 prapheta:

2036 2158 2221 2204 tamen
2267 2162 2457 2208 omnes
2511 2153 2805 2209 inculcant.
2852 2157 3009 2214 Adeo
3055 2161 3242 2218 fervor
3285 2170 3657 2228 contentionis
3714 2170 3721 2175 ’

2034 2241 2313 2299 interdum
2343 2244 2570 2300 confuse
2613 2245 2847 2315 miscet,
2896 2264 3021 2319 qua:
3065 2252 3428 2313 discernenda
3472 2272 3654 2317 erant.

2036 2336 2226 2406 itaque
2259 2346 2409 2393 tanto
2437 2339 2608 2408 magis
2638 2339 3031 2398 excutiendum
3064 2359 3212 2402 nunc
3239 2358 3322 2403 est
3358 2352 3460 2404 hoc
3487 2362 3656 2423 caput

2028 2428 2357 2486 Collationis
2381 2471 2395 2493 ,
2430 2440 2488 2486 ut
2523 2446 2648 2486 cum
2679 2441 2901 2488 ventum
2934 2436 3009 2491 sit
3046 2438 3115 2491 ad
3148 2440 3478 2510 pra'cipttum
3521 2458 3654 2499 cau-

2036 2538 2115 2578 sa:
2137 2532 2338 2579 statum
2363 2567 2377 2592 ,
2412 2526 2693 2596 utriusque
2720 2526 2891 2595 partis
2914 2531 3160 2588 rationes
3190 2535 3412 2603 propius
3441 2549 3652 2607 expen~

2043 2618 2259 2674 damus.
2292 2619 2424 2674 Acta
2463 2619 2781 2675 Collatiouis
2822 2626 3451 2686 testantur'Catholicos
3492 2645 3646 2687 suam

2045 2712 2131 2783 (ut
2172 2711 2388 2782 vocant)
2418 2710 2693 2767 Notarium
2719 2754 2733 2779 ,
2776 2721 2830 2767 et
2875 2715 3192 2774 Donatistas
3238 2736 3394 2778 suam
3441 2739 3645 2796 propo-

2036 2806 2219 2860 suisse
2244 2813 2409 2875 atqu’e
2440 2804 2761 2875 opposuisse
2786 2847 2800 2870 ,
2840 2822 2967 2863 cum
3012 2812 3231 2883 scriptis
3266 2818 3446 2884 potius
3484 2833 3645 2889 quam

2038 2897 2226 2952 verbis
2268 2907 2492 2968 agerent
2536 2905 2594 2953 et
2638 2898 3064 2959 contenderent.
3117 2905 3393 2965 Notariam
3419 2924 3486 2966 eo
3536 2925 3641 2968 sse-

317 3004 431 3060 Sed
463 3003 723 3074 integram
765 2995 1206 3058 reformationem
1242 3002 1294 3055 in
1340 3001 1443 3057 hac
1491 3000 1770 3054 hominum
1813 2998 1932 3053 col-
1956 2988 2004 3054 C
2037 2992 2165 3047 culo
2188 2992 2307 3047 sive
2327 2993 2492 3048 etiam
2518 2991 2795 3047 Notoriam
2829 2996 3101 3053 vocabant
3128 3001 3454 3074 scripturam
3476 3048 3489 3072 ,
3523 3022 3644 3077 quae

315 3098 544 3153 luvione
586 3112 689 3151 non
733 3104 971 3152 exstare.
1007 3096 1147 3167 Ergo
1188 3095 1526 3165 Augustinus
1552 3104 1607 3147 ut
1638 3090 1930 3161 Fulgenlio

318 3189 623 3246 Donatistae
663 3189 741 3243 sic
781 3187 1097 3258 respondit,
1128 3187 1371 3258 gloriose
1401 3185 1663 3257 garrienti
1703 3184 1772 3239 de
1815 3201 1927 3240 sua:

320 3283 588 3339 Ecclesiae
631 3280 1004 3353 perfectione,
1044 3281 1123 3335 sic
1168 3280 1220 3335 iu
1268 3281 1431 3350 epist.
1486 3279 1557 3335 50
1601 3278 1668 3332 ad
1707 3277 1930 3333 Bonifa-

318 3379 472 3436 ciutn
499 3396 510 3429 :
545 3376 688 3430 Absit
718 3418 731 3443 ,
765 3377 967 3446 inquit,
1000 3383 1057 3428 ut
1077 3373 1347 3445 quisquam
1376 3382 1611 3427 nostrum
1638 3372 1711 3426 ita
1741 3388 1794 3426 se
1810 3374 1930 3445 jus-

320 3482 438 3526 tum
469 3469 642 3534 dicat,
681 3478 735 3522 ut
776 3468 887 3522 sine
925 3476 1133 3538 peccato
1174 3483 1227 3521 se
1266 3482 1374 3520 esse
1405 3467 1612 3538 jactare
1649 3462 1836 3518 audeat
1870 3463 1929 3517 in

321 3568 426 3621 Imc
462 3556 566 3618 uita
587 3604 600 3628 ,
646 3563 801 3617 sicuti
832 3560 1121 3615 Donatistae
1159 3560 1215 3614 in
1256 3569 1434 3614 nostra
1465 3554 1752 3623 Collatiam:
1780 3557 1928 3610 dixe-

317 3667 449 3713 runt
473 3700 487 3723 ,
516 3658 570 3711 in
596 3672 656 3710 ea
681 3671 733 3710 se
764 3670 872 3708 esse
906 3652 1140 3707 Ecclesia
1166 3669 1279 3722 qua:
1309 3668 1411 3705 non
1453 3650 1640 3704 habeat
1666 3650 1926 3702 maculant

321 3760 417 3805 aut
454 3764 668 3822 rugam,
701 3755 788 3801 aut
816 3744 918 3799 tale
952 3745 1227 3818 ejusmodi.
1262 3743 1386 3797 Fuit
1417 3753 1595 3796 tamen
1630 3758 1734 3795 non
1767 3741 1927 3794 dissi-

322 3840 474 3899 inilis
494 3840 717 3911 jactatio
745 3838 1157 3905 Pelagianorum
1186 3879 1198 3899 ,
1255 3847 1310 3891 ut
1362 3834 1564 3890 iudicat
1594 3833 1927 3902 Augustinus

315 3932 422 3989 lib.
470 3946 526 3999 tv
568 3930 632 3985 ad
677 3930 1016 3985 Bouifacium
1059 3945 1177 3998 cap.
1223 3929 1282 3993 7,
1330 3935 1387 3983 et
1424 3927 1520 3982 lib.
1569 3943 1606 3981 tt
1647 3926 1715 3982 de
1770 3926 1928 3981 Bono

318 4039 476 4097 pers.
508 4039 561 4079 c.
589 4023 624 4080 5
645 4065 659 4089 ,
691 4034 741 4079 et
784 4023 821 4077 1.
849 4039 886 4077 ιι
917 4030 1107 4076 contra
1134 4019 1430 4076 Iulianum.
1463 4018 1570 4075 Sed
1603 4034 1764 4090 quam
1795 4034 1929 4073 ven—

319 4129 443 4173 tosa
476 4116 549 4172 sit
576 4114 788 4169 vanitas
820 4114 1196 4168 haereticorum
1220 4155 1235 4179 ,
1261 4128 1366 4166 non
1406 4120 1489 4165 est
1517 4112 1779 4181 ignotum.

399 4209 572 4263 Porro
612 4223 736 4262 cum
786 4204 1055 4261 Catholici
1107 4206 1157 4259 in
1208 4202 1512 4260 Collatione
1550 4201 1930 4257 distiuxissent

322 4300 632 4358 Ecclesiant
666 4316 785 4370 qua:
816 4306 900 4354 est
929 4297 983 4352 in
1012 4297 1165 4353 etatis
1193 4296 1260 4352 ab
1286 4310 1348 4352 ea
1379 4308 1500 4365 qua:
1527 4305 1609 4349 est
1636 4295 1691 4348 in
1723 4293 1884 4348 terris
1911 4309 1925 4345 :

2039 3083 2245 3153 aliquid
2283 3093 2467 3138 notum
2508 3083 2739 3140 faciebat
2772 3087 2861 3141 vel
2894 3088 3211 3147 indicabat:
3242 3109 3416 3167 neque
3441 3097 3645 3170 alioqui

2036 3176 2117 3230 sic
2159 3176 2460 3246 appellatur
2507 3191 2539 3231 a
2580 3176 2734 3232 nobis
2779 3178 2863 3233 vel
2917 3182 3165 3237 notariis.
3199 3184 3271 3241 Ut
3311 3197 3492 3244 autem
3540 3190 3644 3247 hoc

2034 3268 2207 3322 verbo
2233 3267 2565 3337 Augustinus
2599 3282 2821 3338 quoque
2860 3270 2916 3324 in
2949 3271 3173 3328 historia
3203 3278 3361 3347 hujus
3385 3279 3639 3338 Collatio—

2036 3361 2124 3414 ttis
2163 3361 2329 3432 δα)
2363 3360 2637 3415 utitur'eo
2677 3361 2841 3416 modo
2865 3405 2879 3430 ,
2910 3378 3070 3433 quem
3107 3366 3255 3436 dixi,
3299 3370 3379 3426 sic
3418 3381 3472 3428 et
3511 3373 3641 3431 alibi

2034 3452 2208 3523 magis
2243 3452 2479 3508 civiliter
2520 3452 2570 3507 in
2604 3451 2829 3508 historia
2872 3454 3314 3527 Donatistarum,
3358 3463 3639 3523 Notoriam

2034 3545 2153 3601 sive
2188 3546 2462 3601 Nutariam
2495 3555 2649 3602 vocat
2676 3548 2938 3617 scriptum
2969 3551 3039 3605 ab
3065 3551 3369 3612 Irenarchis
3399 3558 3638 3630 elogium

2032 3637 2105 3693 de
2133 3639 2241 3693 reis
2286 3639 2621 3702 Donatistis.
2671 3648 2728 3692 ut
2773 3640 2826 3694 in
2873 3642 3036 3709 epist.
3073 3645 3179 3701 i59
3207 3646 3261 3701 et
3302 3649 3427 3705 160.
3459 3653 3640 3723 Atque

2034 3729 2108 3784 ita
2137 3730 2303 3785 etiam
2346 3741 2637 3801 usurpatur
2660 3732 2712 3786 in
2740 3730 2871 3787 Jure
2898 3734 3067 3802 civili,
3099 3747 3158 3792 ut
3188 3739 3240 3793 in
3269 3739 3307 3794 l.
3339 3738 3524 3799 Divus.
3565 3745 3639 3802 De

2032 3819 2256 3877 Custod.
2291 3837 2435 3878 reor.
2490 3823 2527 3876 l.
2572 3823 2642 3878 ab
2693 3812 3061 3895 accusatione,
3110 3829 3525 3902 §Accusatores
3567 3839 3634 3893 ad

2034 3915 2222 3970 Senat.
2253 3915 2459 3983 Turpil.
2500 3915 2536 3969 l.
2570 3914 2645 3970 Ea
2684 3916 2899 3986 quidem
2922 3959 2937 3981 ,
2973 3919 3036 3975 C.
3074 3921 3148 3978 De
3166 3937 3408 3982 accusat.
3456 3926 3494 3982 l.
3529 3929 3634 3999 51,

2032 4005 2096 4063 C.
2127 4008 2230 4064 Th.
2263 4009 2330 4065 de
2373 4009 2556 4079 Episc.
2591 4016 2647 4065 et
2688 4009 2871 4066 cleric.
2903 4011 3063 4080 Apud
3098 4015 3385 4085 Vopiscum
3423 4020 3636 4077 duobus

2034 4101 2169 4155 locis
2201 4102 2424 4155 Notoria
2454 4101 2789 4172 generaliter
2814 4102 3014 4157 dicitur
3040 4106 3288 4175 epiStola.
3325 4109 3430 4165 Sed
3471 4110 3636 4167 redeo

1987 4213 1997 4222 '
2032 4193 2101 4249 ad
2131 4192 2406 4249 Notariam
2434 4193 2521 4248 vel
2552 4192 2830 4248 Notoriam
2857 4192 3263 4254 Catholicorum
3292 4200 3344 4253 in
3374 4201 3474 4258 hac
3502 4202 3631 4257 Col-

2033 4285 2238 4341 latione
2269 4286 2605 4357 propositam
2629 4326 2644 4352 ,
2679 4286 2729 4340 in
2768 4301 2871 4356 qua
2901 4286 3034 4342 Acta
3077 4296 3343 4346 testantur
3372 4284 3631 4365 scriplam

321 4393 626 4450 Donatistae
671 4368 985 4446 calumniati
1027 4397 1192 4451 sunt,
1249 4402 1344 4444 eos
1385 4387 1589 4458 fingere
1625 4387 1760 4441 duas
1803 4400 1926 4441 esse

2035 4385 2092 4433 et
2117 4378 2451 4448 propositam
2482 4376 2747 4446 imprimis
2780 4378 2945 4432 fuisse
2971 4377 3107 4436 hanc
3128 4380 3340 4437 thesim.

325 4485 610 4543 Ecclesias
629 4525 644 4551 ,
674 4483 775 4540 nec
803 4481 1124 4539 meminisse
1169 4496 1330 4536 unam
1375 4478 1539 4536 modo
1561 4493 1702 4535 esse.
1732 4478 1927 4533 Catho-

317 4577 420 4636 lici
452 4576 976 4632 talem-calumniam
1021 4573 1179 4630 facile
1218 4575 1523 4628 refutarunt
1547 4614 1560 4635 ,
1594 4587 1715 4625 cum
1756 4571 1924 4640 repli-

318 4680 525 4729 caruut
572 4680 625 4727 et
677 4669 1071 4736 ostenderunt,
1139 4666 1384 4722 eamdem
1435 4664 1605 4735 ipsam
1656 4677 1818 4718 unam
1871 4670 1929 4717 et

321 4774 574 4821 sanctam
619 4760 911 4817 Ecclesium
940 4801 955 4826 ,
988 4774 1133 4815 nunc
1177 4772 1298 4813 esse
1338 4756 1530 4822 aliter,
1575 4765 1702 4811 tunc
1744 4757 1923 4810 autem

316 4859 488 4914 aliter
537 4872 659 4913 esse
699 4855 963 4920 futuram,
1007 4864 1065 4909 ut
1110 4852 1184 4908 ait
1229 4849 1568 4924 Augustinus
1615 4849 1809 4905 Collat.
1851 4849 1925 4916 '5,

318 4965 449 5022 cap.
480 4952 535 5005 4.
569 4950 685 5023 Ego
714 4965 821 5005 non
860 4948 1152 5004 dubitarim
1182 4958 1291 5002 tres
1333 4944 1596 5016 gradatim
1629 4956 1926 5015 agnoscere

315 5043 532 5099 formas
557 5053 613 5099 et
657 5043 871 5114 species
899 5040 1159 5098 Eeclesim
1186 5058 1197 5093 :
1229 5040 1463 5110 primam
1491 5037 1780 5092 Mosaicam
1809 5035 1929 5092 sive

315 5118 605 5194 Judaicam
627 5180 641 5203 ,
666 5136 958 5191 secundam
979 5134 1307 5190 catholicam
1326 5177 1340 5200 ,
1368 5133 1585 5187 tertiam
1608 5131 1887 5185 caelestem
1908 5172 1925 5196 ,

316 5239 379 5287 et
425 5230 645 5298 quidem
676 5227 965 5283 secundum
1008 5228 1176 5296 priori
1220 5227 1391 5281 multo
1427 5224 1874 5281 excellentiorem
1904 5263 1919 5287 .

316 5333 381 5381 et
419 5324 631 5377 tertiam
664 5321 897 5377 secunda
929 5337 1118 5376 rursus
1146 5320 1318 5374 multo
1350 5318 1635 5373 meliorem
1678 5307 1953 5385 promitti

315 5430 352 5471 a
394 5412 728 5482 Prophetis:
777 5421 832 5467 et
875 5419 1054 5467 tamen
1106 5412 1228 5465 talis
1271 5409 1545 5481 profectus
1597 5422 1703 5462 nou
1744 5407 1921 5462 inter-

314 5505 528 5574 rumpit
555 5506 1014 5560 continuationem
1042 5503 1203 5558 unius
1234 5502 1493 5556 Ecclesia:
1522 5520 1534 5554 :
1570 5515 1747 5572 neque
1793 5500 1921 5554 obs-

322 5604 445 5663 tat,
476 5595 601 5665 quin
644 5605 695 5651 et
736 5598 908 5666 prima
956 5593 1050 5648 illa
1099 5591 1378 5655 Ecclesia,
1421 5605 1543 5661 quae
1570 5599 1625 5646 et
1667 5588 1924 5646 secunda:

2111 4469 2387 4542 Propheta:
2430 4469 2677 4541 populum
2704 4478 3021 4541 peccatorem
3048 4481 3103 4526 et
3144 4471 3427 4532 Dominum
3456 4480 3634 4535 multis

2037 4561 2409 4617 execrabilibus
2433 4561 2899 4616 abominationibus
2921 4559 3255 4629 o/Tendentem
3276 4610 3290 4632 ,
3317 4577 3420 4622 tam
3450 4572 3636 4627 severis

2037 4652 2248 4708 uocibus
2283 4653 2594 4724 urguebant,
2622 4662 2668 4705 et
2692 4651 2919 4723 ﬂagellis
2941 4655 3279 4725 correptionis
3304 4658 3460 4713 duros
3484 4658 3641 4732 atque

2033 4745 2316 4800 indomitos
2354 4747 2552 4800 animos
2579 4787 2593 4813 ,
2624 4762 2782 4816 usque
2821 4746 2891 4799 ad
2925 4746 3225 4804 inimicitias
3268 4750 3539 4808 adversum
3581 4772 3636 4810 se

2037 4825 2306 4892 horribiles
2336 4836 2625 4892 excitabant
2650 4853 2669 4892 :
2706 4854 2797 4891 nec
2829 4847 2998 4892 tamen
3020 4826 3091 4893 se
3114 4841 3177 4894 ob
3215 4859 3273 4897 eo
3312 4846 3504 4917 populo
3524 4889 3538 4915 ,
3578 4849 3635 4904 in

2037 4946 2138 5000 quo
2163 4932 2335 5001 utique
2357 4932 2510 4985 etiam
2537 4930 2656 4984 boni
2681 4932 2816 4986 inter
2834 4932 2999 4985 malos
3034 4945 3179 4988 erant
3202 4977 3216 5001 ,
3244 4940 3501 5009 corporali
3528 4941 3635 4997 dis-
3671 4981 3675 4984 μ

2037 5023 2251 5077 crimine
2287 5022 2619 5086 dividebant;
2652 5022 2834 5077 melius
2864 5024 3164 5095 judicantes
3203 5044 3295 5098 per
3332 5033 3634 5100 patientiam

2040 5120 2178 5189 ferre
2224 5115 2391 5171 malos
2415 5158 2431 5185 ,
2482 5132 2634 5187 quam
2680 5132 2773 5186 per
2819 5116 3136 5172 calumniam
3195 5121 3483 5194 relinquere
3539 5127 3633 5181 bo-

2041 5227 2157 5265 ποις.

2108 5303 2510 5359 Donatistarum
2560 5301 2842 5371 responsio
2869 5301 2922 5357 in
2954 5302 3063 5359 illis
3092 5306 3237 5362 Actis
3276 5309 3485 5379 longior
3508 5322 3588 5367 est
3621 5331 3635 5368 :

2034 5397 2133 5456 sed
2162 5396 2438 5453 conclusio
2467 5405 2553 5451 est
2592 5398 2706 5450 lucc
2734 5394 2801 5451 de
2835 5399 3109 5467 prophetis
3131 5441 3145 5465 ,
3176 5416 3403 5471 quorum
3432 5406 3636 5460 mentio

2038 5491 2175 5547 facta
2208 5500 2319 5544 erat
2350 5508 2363 5545 :
2410 5488 2561 5557 Quod
2587 5489 2719 5542 inter
2745 5504 2830 5543 eos
2858 5505 2985 5561 quos
3012 5490 3325 5546 damnabunt
3347 5534 3361 5559 ,
3390 5497 3634 5564 fuerunt,

2034 5581 2451 5640 commorationis
2480 5580 2606 5649 fuit,
2638 5596 2738 5634 non
2781 5584 3169 5638 communionis.
