4134 6186
536 121 675 180 148⁵1
1752 113 1814 182 ῗὲ

1999 110 2362 170 ΑΡΡΕΝΒΙΧ.

3707 115 3858 175 1488

605 233 748 303 Quid
779 231 977 288 deinde
1002 229 1322 300 replicariut
1360 226 1622 284 Catholici
1648 269 1662 294 ,
1695 227 1931 284 breviter
1961 241 2128 297 expo-
2157 226 2210 286 A
2235 228 2639 284 communicare
2675 229 2934 285 debuisse
2960 248 2972 272 τ
3003 243 3127 284 cum
3170 229 3388 301 quidem
3425 245 3538 285 uou
3578 241 3728 287 esset
3774 235 3861 287 le-

541 329 623 384 nit
669 325 1002 396 Augustinus
1034 323 1085 375 in
1123 322 1401 376 Breviculo
1437 321 1754 377 Collationis
1788 322 1963 376 tertiac
1992 321 2131 386 diei,

539 421 624 476 his
661 418 860 474 verbis.
896 415 973 469 De
1003 414 1302 485 prophetis,
1333 414 1453 484 quia
1488 414 1721 468 dixerant
1755 413 2046 468 Donatista:
2082 413 2134 466 in

539 513 724 568 litteris
750 509 857 563 suis
884 549 898 573 ,
931 524 1036 561 non
1077 523 1162 561 eos
1201 507 1582 560 communicare
1618 507 1724 572 illis
1762 507 1814 560 in
1842 523 1970 578 quos
2001 504 2138 558 mala

539 612 683 658 tanta
726 600 1006 663 dixerunt,
1050 599 1425 668 responderunt
1476 597 1760 661 Catholici,
1807 598 1946 668 quod
1981 613 2139 651 unum

540 696 785 764 templum
831 693 1022 765 fuerit,
1055 709 1154 760 quo
1198 693 1423 746 universi
1462 692 1735 746 utebantur
1767 709 1786 746 :
1831 709 1924 746 nec
1962 707 2142 760 quem-

539 805 694 858 quam
723 786 1123 858 prophetarum,
1155 787 1243 854 qui
1274 795 1416 839 tanta
1447 786 1688 840 dixerunt
1722 788 1777 840 in
1805 787 1970 841 malos
2015 801 2141 840 con-

535 882 762 936 stituisse
808 879 906 933 sibi
959 879 1107 932 aliud
1157 879 1444 946 templum,
1495 881 1774 949 sacriﬁcia,
1826 882 2136 935 sacerdotes.

537 974 683 1030 Idem
709 971 1042 1042 Augustinus
1068 970 1121 1025 in
1146 971 1238 1025 lib.
1267 983 1453 1025 contra
1498 972 1758 1026 Donatist.
1790 982 1910 1042 post
1941 972 2140 1027 Collat.

537 1080 659 1134 cap.
698 1064 804 1120 20:
838 1062 1054 1126 Adhuc,
1101 1063 1294 1132 inquit,
1337 1063 1524 1117 audent
1569 1081 1968 1118 commemorare
2019 1081 2142 1134 pro-

540 1159 744 1229 phetica
781 1167 830 1211 et
861 1155 1146 1224 apostolica
1175 1156 1466 1210 testimonia
1491 1197 1504 1219 ,
1537 1157 1722 1226 quibus
1750 1175 1842 1211 nos
1870 1158 2138 1212 universa-

539 1252 657 1305 liter
692 1251 744 1303 in
777 1249 874 1303 illa
902 1246 1194 1302 Collatione
1224 1249 1583 1319 respondimus
1605 1291 1619 1315 ,
1648 1250 1970 1304 ostendentes
1999 1251 2140 1319 ipsos

538 1341 818 1411 prophetas
858 1350 1061 1393 sanctos
1087 1356 1203 1393 cum
1232 1340 1418 1408 iniquis
1449 1342 1502 1394 in
1543 1358 1644 1394 uno
1675 1344 1863 1414 templo
1882 1385 1896 1409 ,
1931 1343 2023 1397 sub
2051 1344 2140 1398 iis-

539 1434 657 1489 dem
681 1432 1028 1488 sacerdotibus
1049 1433 1178 1485 inter
1208 1432 1384 1485 cadent
1415 1443 1735 1486 sacramenta
1762 1445 1986 1489 versatos
2005 1477 2016 1498 ,
2048 1451 2140 1488 nec

539 1535 707 1579 tamen
751 1541 784 1576 a
827 1524 976 1576 malis
1020 1523 1180 1589 fuisse
1207 1523 1469 1594 pollutos,
1515 1526 1634 1590 quia
1670 1535 1953 1592 noverant,
2008 1526 2139 1579 inter

2235 322 2483 392 gitimum
2517 321 2690 377 altare
2729 331 2880 377 extra
2913 323 3170 390 templum
3205 340 3219 376 :
3251 323 3470 378 tametsi
3499 324 3859 379 sacerdotum

2237 424 2290 468 et
2323 413 2506 484 populi
2539 413 2643 468 vita
2677 413 2871 469 fuisset
2905 414 3132 469 minime
3176 414 3394 470 vitiosa.
3436 415 3511 470 Et
3551 432 3682 472 vero
3721 432 3862 487 pro-

2241 507 2418 575 pheta:
2445 506 2604 560 aliter
2625 505 3030 576 reprehendunt
3067 508 3329 563 sacriﬁcia
3360 507 3550 576 Judm,
3584 510 3746 565 aliter
3777 509 3862 566 ls-

2239 601 2422 657 raelis.
2455 600 2512 655 In
2556 600 2659 656 illis
2684 601 2828 655 enim
2869 601 3276 671 reprehendunt
3307 603 3641 675 hypocrisim
3663 613 3723 661 et
3757 606 3865 659 im-

2241 693 2500 764 pietatem
2529 708 2885 763 persouarum
2919 711 2934 748 :
2967 695 3018 748 in
3061 694 3147 749 his
3189 711 3319 750 vero
3359 695 3593 750 formam
3635 712 3865 767 quoque

2241 798 2296 844 et
2325 789 2680 843 substantiam
2714 788 2953 856 ipsorum
2978 789 3393 844 sacriﬁciorum.
3429 791 3780 861 Augustinus
3807 791 3862 846 in

2241 879 2380 936 libro
2405 888 2526 950 post
2546 878 2746 935 Collat.
2771 878 2874 933 ait:
2899 880 3266 946 Quiestionem
3295 880 3438 936 hanc
3462 881 3516 935 in
3544 881 3864 938 Collatioue

2242 973 2409 1028 fuisse
2434 973 2714 1028 evidenter
2744 972 2996 1028 solutam.
3027 973 3140 1042 Ego
3162 988 3290 1028 vero
3318 973 3402 1044 (ut
3430 973 3568 1027 nihil
3600 973 3868 1028 dissimu-

2243 1065 2376 1137 lem)
2403 1081 2568 1136 cogor
2597 1065 2780 1121 dicere
2819 1065 2988 1121 fuisse
3020 1064 3329 1120 evidentem
3358 1066 3653 1137 utriusque
3685 1067 3867 1136 partis

2244 1160 2532 1230 quemdam
2560 1175 2840 1227 errorem,
2868 1170 2920 1216 et
2947 1161 3164 1231 quidem
3189 1161 3332 1231 juris
3357 1173 3410 1216 et
3446 1161 3575 1216 facti
3611 1177 3864 1217 errorem

2244 1251 2501 1321 quamdiu
2534 1266 2641 1306 non
2665 1251 2954 1306 adhibetur
2975 1253 3250 1306 distinctio
3269 1295 3282 1317 ,
3315 1268 3482 1324 quam
3507 1254 3639 1308 dixi.
3666 1253 3865 1323 Itaque

2245 1344 2417 1398 miror
2443 1357 2565 1396 cum
2599 1343 2651 1396 iu
2679 1342 2971 1398 collatione
2998 1341 3418 1412 Carthaginiensi
3449 1344 3713 1400 adessent
3748 1356 3864 1401 tam

2224 1435 2399 1490 .multi
2425 1435 2668 1504 praeclari
2694 1435 2984 1500 antitistes,
3014 1437 3284 1490 neminem
3314 1436 3645 1492 observasse
3664 1437 3868 1494 discri-

2246 1542 2383 1600 men?
2418 1525 2582 1592 illud,
2621 1526 2765 1596 quod
2798 1527 2960 1582 toties
3001 1534 3059 1582 et
3100 1535 3206 1582 tam
3239 1526 3530 1584 evidenter
3570 1529 3862 1600 pmpbeta:

535 1624 769 1669 sanctum
801 1625 850 1668 et
882 1616 1237 1681 immundum,
1270 1631 1372 1667 non
1408 1615 1562 1668 sicuti
1589 1616 1673 1668 isti
1705 1617 1926 1669 sentiunt
1954 1632 2138 1684 corpo-
2168 1607 2217 1666 Β
2247 1598 2542 1652 Ῑη⁰¹¹¹⁶³¹¹¹ο

535 1708 713 1762 raliter
739 1707 988 1776 populum
1020 1705 1328 1771 dividendo,
1359 1708 1447 1760 sed
1478 1709 1603 1762 bene
1618 1709 1915 1784 judicando
1936 1718 1982 1763 et
2012 1709 2140 1764 bene

534 1798 780 1861 vivendo,
825 1799 1130 1852 discernere.
1161 1798 1307 1852 Idem
1351 1798 1511 1868 paulo
1552 1810 1674 1869 post
1717 1801 1937 1871 propius
1981 1817 2140 1858 acce-

533 1892 668 1948 dens
695 1890 761 1946 ad
797 1891 1197 1945 Donatistarum
1224 1891 1586 1958 objectionetn
1606 1932 1620 1954 ,
1651 1892 1765 1946 ait:
1796 1893 1932 1962 quod
1951 1896 2137 1964 jussus

531 1996 602 2040 est
633 1985 838 2053 quidem
883 1984 1136 2048 protr/tela
1182 1999 1269 2036 nec
1315 2000 1499 2053 panem
1543 1983 1893 2050 manducare,
1925 2002 2015 2040 nec
2054 1988 2136 2040 vi-

531 2092 653 2129 num
681 2075 849 2128 bibere
882 2075 937 2126 in
967 2074 1211 2128 Samaria
1234 2115 1249 2138 ,
1279 2091 1378 2144 quo
1411 2075 1597 2130 missus
1627 2077 1796 2145 fuerat
1824 2118 1840 2144 ,
1882 2088 1934 2132 ut
1971 2081 2135 2134 corri-

533 2175 671 2236 peret
695 2182 779 2219 eos
801 2165 890 2232 qui
916 2181 1095 2218 vaccas
1121 2165 1492 2219 constituerant
1519 2166 1815 2221 adorandas
1839 2185 1979 2224 more
2016 2171 2135 2240 ido-

531 2259 696 2313 lorum
727 2255 1140 2330 ngyptiorum,
1184 2255 1280 2310 hoc
1310 2260 1520 2311 omnino
1561 2260 1731 2327 facere
1780 2261 1955 2315 debuit
1995 2263 2133 2332 quod

529 2360 841 2422 prceceperat
872 2349 1150 2414 Dominus,
1184 2350 1268 2403 cui
1297 2361 1417 2404 tunc
1444 2367 1502 2405 eo
1534 2353 1683 2406 modo
1711 2353 1833 2409 illos
1874 2357 2134 2426 corripere

526 2447 724 2518 placuit
763 2456 817 2500 ut
860 2446 990 2500 nihil
1031 2446 1100 2499 ibi
1140 2454 1368 2516 tangeret
1421 2446 1673 2518 propheta
1701 2463 1848 2512 quem
1896 2449 2124 2504 miserat.

528 2542 798 2608 Numquid
829 2543 964 2597 enim
993 2544 1048 2596 in
1095 2542 1324 2597 Ecclesia
1378 2561 1479 2598 non
1521 2547 1580 2615 ﬁt
1621 2547 1848 2617 quotidie
1873 2589 1888 2613 ,
1925 2550 2130 2618 quando

527 2650 612 2688 eos
631 2676 646 2699 ,
674 2650 801 2705 quos
828 2635 999 2688 acrius
1025 2635 1367 2704 corripimus,
1400 2637 1602 2690 etiamsi
1631 2638 1683 2690 in
1718 2654 1895 2691 eorum
1934 2656 2128 2709 posses-

522 2727 667 2781 sione
689 2745 901 2793 sumns,
933 2727 1063 2781 nihil
1099 2727 1169 2780 ibi
1203 2728 1342 2796 apud
1371 2745 1458 2783 eos
1499 2732 1843 2801 contingimus
1863 2774 1878 2798 ,
1915 2742 1973 2786 ut
2012 2751 2132 2789 sett-

523 2821 654 2876 tiant
683 2832 930 2892 quantum
961 2839 1138 2878 eorum
1173 2836 1380 2891 peccata
1409 2825 1716 2880 doleamus?
1746 2827 2018 2897 Numquid
2047 2840 2129 2884 ta-

523 2929 639 2967 men
665 2914 780 2968 ideo
809 2913 970 2985 plebis
999 2915 1245 2968 discessio
1278 2917 1513 2983 facienda
1543 2929 1650 2983 est,
1687 2929 1744 2972 ut
1774 2921 1906 2974 sicut
1951 2922 2125 2976 mollis

2321 1689 2488 1744 Recte
2517 1690 2809 1746 Donatista:
2831 1690 2980 1744 aiunt
3001 1689 3170 1745 Eliam
3196 1700 3250 1746 et
3273 1690 3531 1746 Elismum
3561 1707 3859 1764 numquam

2243 1785 2685 1840 communicasse
2721 1785 2982 1838 altaribus
3020 1785 3278 1840 Samaria:
3302 1827 3318 1852 ,
3361 1797 3417 1840 et
3461 1799 3764 1858 propterea
3805 1789 3859 1845 in

2241 1876 2540 1932 solitudine
2578 1885 2820 1932 moratos
2859 1893 3000 1933 esse.
3040 1878 3224 1948 Itaque
3269 1880 3439 1936 miror
3483 1881 3858 1951 Augustinum

2240 1979 2607 2047 respondere,
2642 1979 2808 2032 Eliam
2837 1987 2888 2032 et
2924 1978 3174 2032 Eliszrutu
3214 1994 3320 2033 n0n
3358 1978 3531 2033 fuisse
3571 1980 3627 2034 in
3661 1981 3860 2035 solitu-

2239 2069 2368 2126 dine
2397 2071 2811 2126 devitantlorum
2851 2070 3108 2126 Samaria:
3151 2081 3621 2127 sacramentorum
3662 2088 3854 2131 causa.

2240 2161 2562 2216 Habitarunt
2595 2163 2757 2217 etiam
2801 2161 2854 2217 in
2894 2163 3104 2218 Bethel.
3145 2162 3256 2219 Sed
3307 2180 3600 2236 numquam
3638 2176 3741 2220 aut
3781 2166 3852 2222 ibi

2237 2254 2644 2322 sacrificarunt,
2691 2265 2785 2311 aut
2828 2256 2946 2327 ejus
2984 2257 3090 2311 loci
3136 2257 3423 2312 sacriﬁciis
3465 2261 3856 2314 communica-

2237 2355 2379 2401 runt.
2410 2347 2651 2419 Denique
2682 2357 2737 2404 et
2772 2349 3043 2420 singulare
3079 2359 3132 2404 et
3171 2350 3676 2406 extraordinarium
3711 2352 3849 2420 fuit,

2235 2441 2378 2511 quod
2415 2441 2468 2495 in
2505 2451 2688 2496 monte
2716 2442 2967 2497 Carmelo
3016 2441 3166 2497 Elias
3213 2442 3386 2497 semel
3424 2442 3848 2499 sacriﬁcaverit.

2234 2536 2437 2591 Saltem
2479 2553 2601 2591 cum
2635 2537 2963 2606 Augustinus
2985 2538 3060 2592 ait
3101 2537 3276 2592 Eliam
3309 2546 3404 2592 aut
3436 2537 3703 2592 Elisaaum
3740 2554 3849 2593 non

2234 2630 2503 2687 devitasse
2530 2643 2866 2687 sacramenta
2897 2631 3185 2697 Samarize,
3217 2631 3673 2702 distinguendum
3700 2640 3852 2689 esset

2234 2729 2375 2781 inter
2415 2736 2750 2782 sacramenta
2799 2725 3234 2781 circumcisionis
3274 2735 3331 2781 et
3365 2736 3720 2782 sacramenta
3764 2742 3852 2782 sa-

2231 2819 2580 2874 criﬁciorum.
2614 2818 2886 2875 Sacriﬁcia
2924 2828 3070 2875 certe
3106 2819 3158 2873 in
3197 2819 3450 2874 Samaria
3498 2819 3734 2874 omnino
3769 2819 3850 2872 vi-

2233 2913 2394 2968 tanda
2432 2922 2486 2966 et
2532 2911 2785 2983 fugienda
2833 2923 3032 2969 erant:
3074 2912 3198 2983 quia
3248 2928 3356 2966 non
3403 2912 3508 2966 nisi
3551 2913 3606 2967 in
3642 2912 3847 2982 templo

522 3009 680 3059 herba
699 3047 713 3068 ,
744 3006 1020 3060 indiscrete
1042 3007 1365 3060 eradicentur
1388 3009 1582 3077 inﬁrmi
1605 3051 1618 3072 ,
1641 3011 1730 3080 qui
1753 3012 1814 3064 de
1835 3003 2123 3082 pectoribus
2150 2989 2196 3053 (ἶ
2234 3004 2722 3076 llierosttlymitano
2745 3005 2822 3058 las
2853 3015 2966 3061 erat
2994 3003 3325 3060 sacriﬁcare.
3349 3004 3457 3060 Sed
3494 3005 3846 3061 circumcisio

522 3097 788 3151 hominum
809 3139 822 3158 .
847 3106 892 3152 et
922 3099 1110 3167 ignotis
1150 3100 1300 3168 factis
1320 3140 1334 3164 ,
1361 3101 1561 3156 etiamsi
1591 3103 1734 3156 nobis
1759 3104 1860 3157 sint
1884 3106 2086 3178 cognita
2104 3148 2118 3173 ,

512 3189 756 3262 judicare
785 3208 886 3246 non
915 3195 1174 3260 possunt?
1201 3193 1343 3248 Nam
1368 3196 1423 3249 in
1449 3198 1564 3266 ipsa
1599 3197 1840 3252 Samaria
1870 3209 1917 3254 et
1944 3199 2123 3255 Helias

519 3296 567 3339 et
598 3284 853 3342 Ilelisteus
883 3296 1054 3352 erant,
1090 3278 1136 3341 et
1173 3289 1216 3341 si
1258 3289 1358 3359 ipsi
1382 3290 1435 3342 in
1463 3289 1777 3358 solitudine,
1822 3310 1922 3348 non
1954 3303 2124 3349 tamen

521 3377 913 3432 devitandorum
951 3389 1391 3433 sacramentorum
1427 3398 1618 3448 causa,
1647 3383 1737 3436 sed
1785 3385 1905 3454 quia
1947 3401 2123 3456 perse-

519 3473 776 3525 cutionem
796 3471 859 3524 ab
882 3473 1053 3541 impiis
1080 3473 1283 3540 regibus
1307 3473 1648 3539 patiebantur.
1679 3474 1818 3528 Nam
1841 3477 1952 3530 illic
1976 3487 2123 3532 erant

519 3579 620 3617 non
643 3563 815 3634 utique
844 3564 896 3616 in
924 3562 1231 3629 solitudine,
1261 3573 1528 3630 separata,
1553 3581 1666 3634 quin
1690 3567 1800 3638 ipse
1846 3568 2122 3639 ignorabat

517 3652 742 3720 Helias,
790 3663 980 3725 septem
1027 3654 1193 3707 millia
1236 3655 1495 3721 virorum,
1541 3657 1632 3727 qui
1691 3675 1795 3712 non
1843 3670 2121 3716 curvarunt

515 3761 648 3816 genu
677 3756 796 3798 ante
843 3744 993 3799 Baal.
1029 3744 1155 3799 Haec
1196 3745 1304 3800 ille.
1343 3745 1439 3801 llic
1481 3762 1611 3802 vero
1640 3763 1862 3805 neceSse
1890 3757 2012 3816 est,
2061 3761 2120 3808 ut

519 3839 752 3907 ingenue
788 3837 1003 3904 dicam,
1045 3837 1188 3908 quod
1235 3838 1432 3895 sentio.
1471 3840 1603 3896 Cum
1645 3841 1958 3912 diligentius
1986 3859 2119 3901 con-

517 3931 698 3986 sidero
739 3947 858 4000 quac
906 3931 1016 4000 jam
1064 3930 1288 3986 recitata
1333 3941 1492 3997 sunt,
1541 3933 1960 3990 videntur-mihi
2009 3946 2117 3993 tam

515 4021 777 4079 Catholici
818 4036 978 4092 quam
1022 4021 1312 4075 Donatistae
1348 4021 1747 4079 inconsiderate
1769 4027 2110 4085 confundere

515 4113 804 4170 discrimen
827 4111 968 4183 quod
994 4112 1121 4168 olim
1148 4111 1246 4167 fuit
1266 4113 1406 4168 inter
1422 4113 1612 4168 Judam
1637 4124 1691 4170 et
1717 4117 1968 4173 Israelem
1988 4161 2003 4184 ,
2036 4119 2118 4174 in-

514 4214 705 4277 terque
740 4204 1076 4260 Hierusalem
1113 4215 1167 4260 et
1203 4205 1523 4261 Samariam.
1568 4206 1698 4262 Nam
1732 4220 1789 4263 ut
1822 4210 2116 4268 Donatistae

513 4297 739 4354 confuse
759 4297 1096 4355 contendunt
1122 4299 1412 4370 pr0phetas
1436 4310 1653 4370 propter
1679 4301 1953 4358 hominum
1983 4304 2110 4360 vitia

2228 3097 2483 3152 similiter
2510 3097 2716 3166 templo
2747 3097 2961 3166 alligata
2994 3112 3099 3153 non
3124 3107 3262 3152 erat.

2300 3189 2469 3246 Recte
2496 3206 2681 3245 rursus
2703 3191 2998 3246 Donatista:
3021 3190 3087 3246 de
3119 3191 3401 3260 prophetis
3428 3189 3575 3247 Osca
3597 3201 3656 3248 et
3681 3193 3842 3250 Amos

2227 3278 2448 3347 dixere,
2491 3281 2633 3353 quod
2671 3282 2738 3338 de
2770 3283 2888 3336 Elia
2928 3292 2985 3338 et
3023 3282 3256 3350 Elisa-o,
3301 3285 3426 3353 quia
3463 3285 3725 3340 similiter
3767 3285 3841 3340 illi

2227 3376 2508 3444 prOpheta:
2535 3376 2766 3444 agebant
2813 3391 2936 3431 cum
2979 3375 3274 3440 lsraelitis,
3309 3387 3364 3431 et
3412 3390 3598 3433 tamen
3639 3380 3841 3434 clama-

2227 3465 2388 3532 bant,
2425 3466 2508 3522 Ne
2533 3469 2657 3522 eatis
2685 3468 2738 3521 in
2771 3464 2976 3540 Gilgal,
3011 3484 3072 3521 ne
3103 3468 3404 3522 ostendatis
3433 3470 3488 3522 in
3517 3469 3841 3526 Bethauem:

2228 3556 2330 3612 hoc
2353 3567 2463 3620 est.
2495 3575 2564 3615 ne
2593 3560 3004 3615 communicetis
3033 3561 3317 3615 sacriﬁciis
3340 3559 3566 3617 Israelis
3591 3564 3714 3618 sive
3742 3565 3813 3619 δι

2227 3650 2432 3703 marite.
2467 3650 2536 3706 At
2567 3668 2674 3705 non
2714 3651 2968 3706 similiter
3007 3651 3302 3716 dixissent,
3331 3650 3418 3705 Ne
3452 3655 3750 3708 ascendatis
3787 3655 3842 3708 in

2226 3741 2579 3798 Hierusalem.
2608 3743 2750 3812 Ergo
2796 3745 2935 3799 male
2981 3744 3276 3798 Donatista:
3326 3744 3628 3816 subjiciunt
3662 3764 3677 3800 :
3717 3745 3840 3800 1am

2224 3850 2342 3888 vero
2381 3836 2434 3888 in
2467 3835 2592 3890 urbe
2623 3834 2989 3906 Hierosolyma
3013 3836 3269 3903 quomodo
3299 3847 3540 3906 poterant
3568 3840 3839 3908 propheta

2222 3927 2496 3993 sacriﬁciis
2547 3929 2865 3996 peccantium
2915 3928 3180 3981 hominum
3242 3929 3667 3996 communicare,
3722 3945 3838 4000 qua

2223 4015 2396 4070 divino
2422 4017 2604 4086 spiritu
2628 4018 2766 4088 pleni
2791 4017 3125 4072 damnabunt.
3149 4017 3326 4088 Atque
3354 4020 3408 4073 in
3435 4021 3518 4075 his
3544 4019 3837 4090 Propheta:

2221 4106 2551 4163 damnabunt
2590 4125 2696 4163 non
2737 4119 2844 4163 tam
2875 4109 3126 4164 sacriﬁcii
3159 4108 3423 4178 formam,
3459 4127 3620 4182 quam
3659 4113 3838 4166 sacri-

2221 4199 2433 4257 ﬁcantis
2463 4201 2760 4274 hypocrita:
2786 4217 3097 4273 personam.
3827 4189 3834 4202 ⁷

2293 4296 2400 4352 Sed
2443 4306 2498 4352 et
2527 4297 2614 4352 ubi
2651 4298 2946 4353 Donatista:
2975 4296 3377 4352 concludebant
3400 4339 3416 4359 .
3449 4298 3837 4354 Commoratio-

515 4407 624 4446 non
654 4391 1086 4446 communicasse
1125 4391 1404 4447 sacriﬁciis
1443 4393 1556 4448 sive
1601 4393 2111 4468 Hierosolymitanis
2141 4381 2196 4442 Ῑ)
2219 4390 2298 4444 ηίε
2327 4391 2504 4461 (uiue.
2538 4407 2642 4445 ηοη
2685 4390 3087 4457 communioni‘,
3135 4390 3274 4462 quod
3308 4389 3586 4462 Ρνορῆειίε
3627 4393 3830 4462 fuerit“

511 4482 627 4538 sive
657 4482 1011 4538 Samaritauis
1042 4501 1054 4536 :
1089 4484 1166 4539 sic
1209 4483 1474 4539 Catholici
1518 4500 1622 4540 non
1669 4488 1846 4544 minus
1885 4490 2112 4547 confuse

507 4582 695 4630 contra
729 4574 1061 4630 contendere
1088 4574 1344 4630 videnlur
1369 4618 1384 4643 ,
1413 4585 1522 4631 tam
1561 4577 1646 4634 his
1675 4595 1836 4649 quam
1877 4581 1985 4636 illis
2015 4598 2103 4638 sa-

508 4666 724 4722 criﬁciis
754 4666 876 4723 illos
897 4667 1364 4734 communicasse,
1393 4677 1449 4724 et
1472 4671 1686 4726 tametsi
1716 4672 1958 4727 moribus
1985 4689 2109 4730 sese

507 4768 860 4828 separarent,
888 4769 1064 4815 tamen
1109 4760 1372 4815 altaribus
1419 4761 1583 4818 fuisse
1625 4762 1969 4833 conjunctos.
2013 4765 2110 4820 At-

506 4854 631 4922 qui,
668 4862 726 4907 ut
752 4853 870 4923 ipse
901 4854 1230 4924 Augustinus
1254 4854 1348 4909 lib.
1385 4870 1494 4908 xvu
1527 4855 1596 4911 de
1619 4855 1784 4911 Civit.
1822 4858 1952 4922 Dei,
1979 4875 2099 4930 cap.

506 4941 577 4996 22
603 4985 616 5008 ,
659 4952 807 4998 recte
849 4931 1104 5010 dixerat,
1148 4943 1200 4998 in
1246 4942 1444 4999 Israele
1490 4959 1681 5001 omnes
1731 4962 1886 5018 reges
1934 4947 2100 5007 fuisse

502 5033 764 5100 reprobus
785 5075 799 5100 ,
840 5048 946 5088 nou
987 5034 1153 5090 etiam
1194 5035 1246 5089 in
1287 5034 1422 5090 Juda
1450 5056 1462 5092 :
1493 5037 1572 5091 sic
1601 5037 1782 5094 dicere
1809 5039 1996 5096 debuit
2029 5042 2100 5098 de

501 5125 783 5182 sacriﬁciis
821 5144 834 5181 :
877 5137 931 5181 et
979 5127 1200 5198 quidem
1246 5128 1528 5184 sncriﬁciis
1582 5130 2096 5203 llierosolymitanis

497 5218 931 5273 communicasse
977 5219 1270 5288 prophetas
1296 5228 1348 5274 et
1375 5222 1779 5278 communicare
1801 5223 2058 5282 debuisse
2076 5266 2091 5290 ,

2214 4482 2350 4535 inter
2390 4499 2475 4537 eos
2497 4526 2510 4549 ,
2543 4500 2670 4554 quos
2719 4483 3031 4537 damnabant
3066 4498 3086 4537 :
3119 4482 3327 4538 Rursus
3371 4483 3828 4554 distinguendum

2212 4575 2312 4630 fuit
2366 4577 2506 4630 inter
2556 4575 2747 4630 Judam
2803 4584 2859 4629 et
2913 4575 3190 4630 lsraelem.
3249 4575 3544 4646 Propheta
3595 4577 3826 4646 quidem

2213 4669 2376 4725 etiam
2411 4668 2628 4724 oriundi
2671 4683 2737 4724 ex
2771 4667 2940 4734 Juda,
2980 4668 3278 4739 migrarunt
3317 4669 3369 4723 in
3417 4669 3680 4724 Israelem
3708 4712 3724 4735 ,
3765 4680 3830 4726 ut

2212 4762 2286 4818 ibi
2340 4773 2776 4826 comtnorantes,
2827 4779 2932 4818 non
2982 4762 3199 4832 quidem
3246 4764 3513 4818 altaribus
3557 4764 3828 4820 Samaria

2209 4857 2702 4917 communicarent;
2735 4853 2832 4908 sed
2861 4863 2920 4910 ut
2946 4869 3008 4910 ea
3038 4854 3366 4910 damnarent
3395 4871 3408 4909 :
3443 4855 3606 4910 sicuti
3636 4856 3824 4914 fecere

2207 4948 2377 5003 Amos
2420 4958 2474 5002 et
2510 4948 2698 5004 Oseas.
2732 4947 2936 5003 Levita:
2978 4957 3190 5011 autem,
3228 4946 3323 5017 qui
3367 4947 3420 5002 in
3458 4948 3680 5004 Israelis
3723 4949 3823 5003 tri-

2205 5037 2380 5092 hnhus
2426 5038 2783 5105 habitabant,
2826 5038 2950 5094 inde
2990 5053 3179 5094 omnes
3219 5037 3481 5109 fugerunt
3530 5040 3585 5094 in
3618 5040 3814 5096 urbem

2201 5129 2662 5202 Hierosolymam,
2694 5131 2788 5186 ubi
2819 5140 3024 5186 tantum
3053 5129 3368 5186 sacriﬁcare
3399 5130 3478 5186 fas
3513 5141 3657 5188 erat.

2273 5224 2593 5290 Donatistae,
2631 5231 2688 5278 ut
2715 5223 3025 5279 refellerent
3054 5223 3197 5293 quod
3233 5222 3498 5278 Catholici
3531 5224 3586 5279 in
3632 5223 3819 5282 Colla-

497 5310 754 5381 quamdiu
795 5311 1010 5366 illorum
1059 5311 1297 5376 legitima
1342 5323 1457 5367 erat
1497 5313 1665 5368 forma
1707 5333 1717 5368 :
1753 5318 1968 5372 tametsi
2001 5333 2090 5373 sa-

490 5403 769 5460 cerdotum
798 5411 855 5458 et
895 5402 1075 5472 populi
1121 5419 1311 5473 magna
1340 5415 1483 5459 esset
1526 5406 1728 5475 alioqui
1771 5410 2084 5479 corruptio,

488 5509 543 5549 et
569 5494 875 5550 damnanda
904 5492 1224 5562 hypocrisis.
1259 5495 1364 5550 Sed
1393 5498 1673 5552 sacriﬁciis
1712 5500 1929 5556 lsraelis
1968 5503 2083 5559 sive

489 5587 789 5658 Samariaz,
830 5601 1004 5658 neque
1044 5586 1334 5659 praphetas
1380 5592 1809 5649 communicasse
1837 5634 1852 5663 ,
1907 5609 2080 5666 neque

2191 5314 2395 5370 latione
2425 5314 2670 5369 dit-erant
2696 5356 2710 5379 ,
2745 5317 3008 5380 moribus,
3057 5331 3165 5369 non
3205 5315 3530 5386 corporibus
3558 5321 3738 5374 bonos
3774 5334 3812 5375 a

2193 5389 2350 5462 malis
2379 5407 2618 5477 separari
2648 5407 2874 5474 debere,
2905 5408 3210 5478 allegarunt
3235 5409 3367 5463 illud
3403 5409 3591 5465 Isaiae:
3622 5410 3812 5469 Disce-

2190 5501 2296 5556 dite
2320 5544 2334 5566 ,
2369 5500 2612 5554 discedite
2639 5543 2655 5569 ,
2693 5501 2825 5556 exite
2867 5502 2930 5556 de
2969 5503 3140 5576 medio
3188 5519 3382 5556 eorum.
3416 5501 3763 5559 Mundamiui
3784 5550 3805 5570 ,

2186 5604 2326 5662 etc.,
2356 5593 2514 5665 361
2543 5594 2666 5668 quia
2698 5602 2751 5648 et
2785 5593 2979 5648 Paulus
3004 5591 3054 5648 id
3089 5595 3284 5664 repetit
3312 5593 3362 5647 in
3385 5594 3558 5663 epist.
3595 5597 3666 5652 ad
3694 5597 3800 5654 Co-
