4134 6186
273 359 406 418 1489

1150 350 1469 413 HISTORIA
1504 344 2110 431 CARTHAGINENSIS
2147 348 2634 408 COLLATIONIS.

3460 352 3487 409 i
3498 352 3607 414 ιθο

272 481 434 540 rinth.
473 478 581 537 Sed
624 477 769 550 quod
808 478 873 534 ad
922 476 1111 534 lsaiam
1153 475 1385 542 attinet,
1429 478 1643 528 constat
1686 469 1859 537 prima
1889 467 1941 529 A
1966 467 2110 539 quod
2141 469 2527 529 Nazianzenus
2557 470 2628 525 de
2657 470 2776 527 suis
2812 467 3155 540 temporibus
3186 462 3609 534 tat-Arianorum

272 574 354 633 illa
384 574 500 644 ejus
531 572 695 627 verba
729 583 937 626 tantum
972 570 1077 625 hoc
1107 568 1249 624 velle
1277 576 1334 622 et
1367 579 1527 636 agere
1548 604 1563 630 ,
1598 570 1659 617 ut
1692 558 1864 616 Judaei

273 670 377 725 sint
399 667 569 739 parati
594 665 659 721 ad
679 663 1067 730 discedendum
1096 678 1159 718 ex
1190 659 1467 731 Babylone
1492 655 1673 711 statim
1702 661 1865 723 atque

272 762 382 819 dies
409 760 747 816 liberationis
774 758 1005 814 venerit.
1032 757 1245 811 Interea
1275 764 1455 808 autem
1485 752 1648 807 etiam
1678 755 1864 803 monet

274 866 327 912 ut
356 855 462 910 sint
488 854 672 910 mundi
700 871 713 908 :
750 869 816 909 ne
843 852 1054 908 scilicet
1087 847 1490 905 communicent
1517 845 1677 901 idolis
1702 842 1860 899 Chal-

278 936 558 1005 daeorum:
590 945 734 1015 quod
777 944 1071 1016 Apostolus
1097 943 1162 997 ad
1194 956 1322 997 suos
1366 939 1681 994 Corinthios
1709 951 1865 1006 repe-

279 1042 367 1104 tit,
398 1056 464 1096 ne
492 1049 548 1096 et
574 1040 607 1095 ii
646 1041 1046 1095 communicent
1076 1034 1425 1105 idolothytis,
1452 1043 1559 1088 etc.
1595 1029 1701 1088 Sed
1729 1029 1865 1084 alio-

273 1132 359 1203 qui
406 1145 511 1186 non
544 1129 727 1201 jubet,
760 1139 818 1185 ut
860 1129 1090 1198 patriam
1134 1141 1286 1182 suam
1317 1126 1661 1194 relinquant,
1702 1130 1756 1176 et
1796 1136 1864 1176 ex

273 1222 674 1279 idololatrarum
735 1221 963 1277 urbibus
1012 1218 1237 1290 fugiant.
1280 1215 1498 1287 Alioqui
1546 1230 1612 1269 ex
1664 1213 1864 1269 mundo

271 1316 418 1372 exire
446 1331 541 1371 eos
568 1323 882 1386 oporteret,
914 1323 974 1369 ut
1001 1313 1128 1369 alibi
1158 1312 1253 1367 ait.
1286 1310 1440 1380 Quod
1481 1318 1659 1364 autem
1689 1307 1863 1363 ,ιιιόωὶ

269 1423 333 1464 ex
377 1408 654 1480 Babylone
687 1406 973 1463 discedere
998 1405 1366 1476 jubebantur,
1407 1402 1737 1474 peculiarem
1779 1415 1865 1454 ra-

271 1502 470 1557 tionem
505 1501 707 1569 habet,
737 1516 856 1572 qua:
887 1499 952 1554 ad
983 1498 1121 1554 alios
1169 1497 1427 1553 trahenda
1467 1511 1578 1550 non
1614 1502 1718 1550 est.
1753 1495 1863 1549 Au-

268 1594 514 1664 gustinus
551 1595 603 1647 in
654 1588 753 1647 lib.
788 1592 856 1647 de
886 1590 1107 1647 Unitate
1147 1591 1326 1659 capite
1365 1586 1462 1655 12,
1492 1594 1679 1642 narrat
1718 1585 1863 1641 Peti-

267 1686 466 1743 lianum
497 1686 842 1750 clamitasse,
864 1684 1053 1741 decem
1089 1684 1260 1739 tribus
1291 1683 1495 1738 divisas
1524 1696 1646 1753 esse
1676 1692 1731 1737 et
1755 1690 1860 1736 tra-

265 1775 406 1832 ditas
445 1792 603 1833 servo
650 1776 959 1832 Salomonis
985 1817 1000 1842 ,
1048 1790 1245 1845 nempe
1281 1773 1612 1830 Jeroboamo
1656 1791 1669 1827 :
1719 1774 1855 1828 duas

1966 562 2301 633 intemperie
2331 567 2563 637 loquens
2590 572 2646 619 et
2676 565 2961 635 suspirans
2990 563 3470 638 conquerebatur,
3497 587 3612 630 non

1967 656 2135 711 modo
2177 658 2487 714 Ecclesiam
2529 658 2849 713 distractam
2896 671 3026 712 esse
3054 696 3070 721 ,
3116 664 3178 711 ut
3222 657 3358 717 olim
3385 662 3533 723 Juda
3562 679 3625 727 et

1966 747 2171 815 Israel,
2216 751 2314 806 sed
2364 768 2462 822 per
2510 751 2709 806 domos
2749 751 3007 821 singulas
3048 752 3315 820 populum
3353 755 3647 821 Cbristia-r

1968 855 2097 894 num
2145 857 2272 897 esse
2323 844 2647 899 dissectum.
2693 841 2942 912 Legerat
2991 844 3147 909 quod
3197 848 3290 908 ille
3338 853 3407 911 ad
3451 856 3631 917 Deum

1966 944 2272 987 conversus
2319 936 2531 1005 precari
2585 933 2841 999 solebat,
2894 933 2961 987 (Ι
3028 932 3293 1015 Domine,
3339 950 3406 1006 sit
3446 953 3641 1026 aliquis

1967 1022 2095 1114 {inis
2142 1024 2305 1097 hujus
2349 1025 2471 1080 belli
2500 1025 2860 1080 ecclesiastici.
2893 1026 3002 1080 Ne
3040 1032 3110 1088 sit
3156 1040 3379 1114 amplius
3406 1022 3551 1101 Iuda
3588 1060 3638 1104 et

1967 1111 2144 1168 Israel
2190 1131 2209 1169 :
2259 1115 2603 1171 Hierusalem
2652 1127 2699 1172 et
2747 1116 3033 1173 Samaria
3068 1141 3090 1178 :
3126 1111 3361 1187 Balaam
3395 1148 3444 1192 et
3478 1139 3621 1195 Jero.

1967 1207 2143 1262 boam.
2192 1209 2311 1265 Non
2356 1210 2595 1276 dubito,
2640 1211 2770 1281 quin
2814 1211 3137 1283 Augustini
3177 1226 3385 1282 similes
3428 1246 3624 1298 preces

1969 1301 2178 1358 fuerint
2219 1316 2274 1361 et
2317 1307 2514 1361 similia
2549 1316 2676 1362 rota
2712 1309 3093 1382 suspiriaque.
3140 1317 3204 1373 Ut
3232 1332 3411 1376 autem
3447 1324 3617 1380 Oseas

1971 1403 2028 1450 et
2077 1393 2384 1452 Hieremias
2430 1397 2803 1468 praedixerant
2849 1399 2976 1456 fore
3003 1445 3018 1468 ,
3071 1415 3127 1461 et
3168 1408 3303 1463 Juda
3345 1422 3400 1466 et
3442 1412 3612 1471 Israel

1970 1503 2165 1565 rursus
2196 1489 2491 1560 aliquando
2517 1491 2903 1550 coalescerent
2934 1497 3040 1552 sub
3076 1516 3184 1555 uno
3219 1505 3395 1572 capite
3432 1505 3601 1578 (quod

1969 1580 2189 1651 quidem
2222 1582 2308 1637 ubi
2346 1583 2592 1640 Ecclesia
2615 1583 2929 1644 Christiana
2957 1591 3190 1659 primum
3220 1595 3455 1663 coaluit,
3489 1600 3600 1654 lac-

1972 1685 2086 1731 tum
2117 1692 2241 1733 esse
2273 1678 2498 1734 dubium
2525 1695 2639 1736 non
2672 1683 2804 1751 est),
2838 1685 2926 1738 vix
2957 1686 3190 1742 audebat
3223 1704 3444 1758 sperare
3472 1707 3596 1746 rur-

1970 1781 2064 1822 sus
2097 1770 2253 1824 lacile
2292 1770 2343 1825 id
2392 1772 2637 1827 futurum
2665 1789 2823 1842 esse,
2863 1791 2985 1830 cum
3017 1793 3216 1833 novum
3253 1781 3304 1834 in
3348 1781 3593 1839 Ecclesia

263 1886 395 1928 vero
428 1871 757 1926 remansisse
802 1869 913 1924 lilio
956 1868 1301 1933 Salomonis,
1331 1865 1531 1922 deinde
1577 1880 1855 1936 compara~
1890 1852 1940 1913 B
1968 1860 2207 1916 schisma
2235 1861 2532 1918 invaluisse
2557 1865 2802 1922 videbat.
2832 1866 2994 1923 Certe
3021 1869 3160 1924 idem
3184 1870 3590 1942 Nazianzenus,

262 1964 465 2019 tionem
498 1963 748 2034 fingendo
779 1961 1095 2017 dictitasse:
1130 1959 1222 2016 Sic
1247 1968 1295 2014 et
1323 1976 1460 2013 nunc
1481 1968 1616 2012 totus
1638 1956 1862 2012 mundus

261 2057 567 2127 apostatavit
591 2072 610 2111 :
642 2073 734 2111 nos
763 2064 933 2110 autem
962 2064 1216 2123 tamquam
1250 2054 1369 2107 (luta
1403 2052 1512 2107 illte
1544 2052 1705 2106 tribus
1742 2066 1863 2121 per-

259 2152 544 2206 mansimus
586 2152 640 2204 in
670 2149 861 2219 templo
895 2148 1025 2215 Dei,
1070 2148 1123 2203 id
1171 2156 1295 2214 est,
1328 2148 1382 2200 in
1421 2143 1681 2199 Ecclesia.
1723 2141 1863 2210 Quid

259 2245 327 2301 ad
375 2243 494 2299 lucc
538 2243 913 2314 Augustinus?
964 2241 1290 2306 Ostendam,
1349 2239 1561 2310 inquit,
1616 2237 1864 2308 scriptum

259 2353 404 2404 esse,
449 2352 503 2389 se
537 2352 642 2390 esse
672 2338 799 2390 tales
818 2375 832 2399 ,
868 2335 1000 2388 sicut
1029 2334 1279 2403 scriptum
1316 2342 1424 2396 est,
1452 2331 1572 2386 illas
1610 2330 1741 2384 duas
1771 2328 1865 2382 tri-

258 2429 356 2484 bus
396 2428 525 2483 tales
559 2428 715 2498 fuisse
737 2443 756 2480 :
784 2436 828 2480 et
859 2436 976 2480 tunc
1006 2425 1139 2479 nihil
1167 2426 1471 2480 resistimus.
1505 2423 1613 2480 Sed
1647 2439 1865 2480 succes-

254 2522 344 2578 sio
365 2562 380 2587 ,
413 2518 483 2575 de
517 2534 621 2590 qua
651 2518 798 2584 dixi,
826 2517 1153 2573 ostendebat
1181 2517 1363 2587 potius
1400 2515 1713 2573 Catholicos
1739 2532 1865 2573 esse

253 2612 422 2669 tales.
453 2609 700 2666 Schistna
725 2624 856 2665 vero
894 2608 1168 2664 indicabat
1194 2608 1501 2663 Donatistas
1534 2610 1710 2678 petius
1738 2623 1864 2664 esse

250 2703 469 2761 similes
520 2702 710 2758 decem
758 2700 1024 2757 tribubus.
1072 2700 1212 2755 Olim
1256 2700 1474 2768 quidem
1521 2700 1709 2756 decem
1753 2700 1865 2757 illa:

251 2798 437 2853 tribus
466 2795 682 2852 Israelis
710 2810 874 2865 penes
900 2810 959 2850 se
984 2810 1107 2851 esse
1134 2795 1429 2851 Ecclesium
1452 2838 1468 2863 ,
1493 2798 1673 2868 potius
1698 2812 1862 2869 quam

250 2892 309 2949 in
347 2891 721 2958 Hierusalem,
754 2890 1175 2946 contendebant.
1208 2890 1311 2947 Sed
1341 2907 1631 2959 numquam
1665 2890 1718 2947 id
1749 2892 1865 2947 evi-

249 2996 489 3050 cerunt,
534 2998 710 3053 neque
741 2983 886 3039 ullus
929 2999 1185 3055 umquam
1234 2985 1493 3054 propheta
1537 2984 1588 3039 id
1623 2984 1686 3040 iis
1731 3001 1865 3041 con-

245 3076 448 3133 cessit.
481 3075 615 3130 Cum
657 3075 904 3132 abductze
933 3076 987 3131 in
1015 3076 1335 3132 servitutem
1379 3092 1457 3132 ea:
1485 3085 1672 3133 essent
1710 3086 1767 3134 et
1796 3080 1864 3134 iis

248 3168 659 3225 successissent
701 3168 989 3223 Samaritae
1034 3166 1247 3223 duravit
1291 3167 1485 3223 eadem
1533 3170 1859 3224 contentio:

246 3262 400 3318 adeo
430 3269 489 3316 ut
522 3263 774 3316 tumulum
816 3263 1074 3333 templum
1115 3262 1170 3317 in
1208 3271 1393 3317 m0nte
1419 3262 1652 3317 Garisim
1690 3262 1865 3318 aediﬁ—

246 3364 444 3413 catum
471 3355 575 3420 sit,
607 3356 764 3425 quale
794 3356 1184 3427 Hierosplymis
1213 3353 1388 3411 fuerat
1415 3370 1443 3409 a
1472 3355 1671 3412 Iudaeis
1700 3356 1861 3412 redu.

246 3447 417 3504 cibus
448 3460 555 3500 non
581 3447 748 3500 multo
776 3458 901 3502 ante
930 3451 1307 3502 instauratum.
1339 3447 1417 3501 Ac
1438 3446 1653 3516 quidem
1685 3462 1864 3518 quaes-

245 3540 333 3596 tio
366 3548 500 3593 tunc
538 3552 753 3608 quoque
781 3540 975 3609 agitata
1015 3548 1135 3605 est,
1178 3549 1356 3594 utrum
1404 3548 1550 3595 esset
1600 3540 1861 3609 templum

245 3634 566 3705 legitimum
599 3650 611 3685 :
657 3631 979 3702 tandemque
1005 3642 1087 3687 est
1124 3633 1290 3688 relata
1331 3633 1397 3687 ad
1427 3633 1690 3703 judicium
1731 3633 1864 3688 Pto-

248 3724 449 3782 lomaei
495 3723 733 3796 Egyptii
785 3725 930 3793 regis
974 3742 988 3777 :
1030 3732 1087 3779 et
1128 3724 1346 3794 quidem
1399 3725 1627 3779 terribili
1673 3726 1866 3780 condi-

250 3822 419 3879 tione
442 3862 458 3885 ,
489 3828 549 3873 ut
582 3819 671 3888 qui
697 3818 991 3874 advocatus
1012 3832 1173 3873 causa
1204 3818 1458 3885 caderet,
1493 3825 1668 3873 morte
1700 3818 1869 3872 mulc-

247 3921 502 3970 taretur.
536 3911 641 3965 Sed
681 3911 863 3966 audita
903 3910 1065 3966 Mosis
1097 3911 1244 3982 lege,
1285 3920 1341 3965 et
1378 3910 1607 3981 probata
1654 3909 1869 3981 pontifi-

246 4021 391 4062 cum
426 4002 741 4059 Judzeorum
781 4005 1035 4058 continua
1072 4003 1421 4059 successione
1443 4046 1457 4068 ,
1491 4011 1640 4058 recte
1662 4003 1872 4073 judica—

247 4108 378 4155 tum
415 4107 503 4153 est
542 4110 641 4166 pro
670 4095 872 4166 templo
900 4095 1412 4166 Hierosolymitano.
1447 4093 1627 4150 Tesns
1666 4105 1749 4149 est
1778 4095 1873 4150 Jo-

248 4195 477 4264 sephns
508 4190 601 4246 lib.
636 4206 765 4258 xm,
793 4204 841 4244 c.
870 4189 923 4244 6.
969 4188 1172 4258 Estque
1220 4188 1464 4258 profecto
1509 4186 1731 4242 historia
1784 4188 1873 4242 illa

246 4282 644 4343 memorabilis
665 4324 680 4347 ,
713 4292 764 4337 et
799 4280 1050 4335 idoneum
1084 4280 1395 4350 exemplum
1416 4321 1430 4344 ,
1464 4279 1606 4350 quod
1644 4281 1728 4335 hic
1760 4280 1876 4334 lan-

248 4378 457 4433 dctur.
483 4374 587 4430 Sed
616 4374 778 4429 simul
822 4375 1082 4429 miremur
1105 4416 1117 4435 ,
1149 4373 1523 4428 Samaritanos
1560 4381 1740 4426 tamen
1772 4372 1872 4426 sibi

245 4465 635 4526 nihilominus
677 4480 962 4535 arrogasse
1007 4465 1149 4536 quod
1192 4464 1445 4519 solebant
1479 4482 1492 4518 :
1533 4463 1676 4533 quod
1714 4462 1876 4518 etiam

246 4561 460 4618 fecere
489 4573 610 4613 cum
641 4574 830 4614 eorum
862 4559 1124 4625 templum
1153 4557 1531 4627 ~Garizitanum
1566 4556 1757 4613 fuisset
1795 4557 1879 4612 di-

246 4668 463 4714 rutum
501 4652 684 4708 :adco
724 4663 783 4708 ut
813 4653 1017 4708 Christi
1061 4662 1304 4722 tempore
1348 4665 1466 4706 eam
1508 4651 1659 4706 litem
1689 4652 1881 4706 etiam-

248 4765 403 4808 num
465 4747 792 4817 perdurasse
842 4746 1145 4802 audiamus.
1188 4745 1334 4801 Nihil
1380 4745 1554 4800 dicam
1600 4744 1668 4800 de
1707 4744 1881 4800 altero

250 4843 492 4915 templo
531 4842 831 4912 apostatico
853 4882 869 4908 ,
902 4841 1043 4912 quod
1080 4831 1160 4896 in'
1182 4839 1421 4912 Egypto
1456 4839 1523 4894 ad
1573 4839 1881 4909 exemplum

249 4932 766 5006 Ilierosolymitani
801 4932 1076 4988 conditum
1112 4932 1181 5004 ab
1214 4933 1347 5005 ipsis
1377 4931 1581 4998 Iudaeis
1611 4939 1724 4998 est,
1752 4947 1884 4988 con-

240 5030 511 5086 nivente
558 5040 685 5095 rege
730 5024 1047 5079 Ptolomteo.
1102 5024 1254 5079 Nunc
1300 5024 1445 5080 enim
1496 5039 1583 5079 me
1627 5025 1883 5081 contineo

243 5124 311 5180 in
352 5117 628 5188 exemplo
669 5118 870 5173 veteris
911 5117 1267 5175 dissensionis
1315 5118 1458 5173 inter
1488 5118 1788 5174 Samariam
1831 5127 1886 5174 et

241 5210 651 5273 Hierusalem.
684 5209 869 5281 Neque
900 5218 1080 5280 potest
1108 5210 1164 5266 in
1207 5212 1311 5268 hoc
1344 5223 1669 5281 argumento
1697 5227 1884 5267 exem-

241 5311 430 5382 plum
486 5302 753 5358 illustrius
793 5312 849 5358 et
881 5302 1101 5359 historia
1135 5306 1335 5359 veteris
1377 5303 1637 5359 Ecclesia:
1674 5304 1841 5374 repeti
1871 5321 1884 5358 :

242 5400 310 5457 in
345 5393 518 5469 quod
545 5393 761 5462 quidem
789 5408 914 5450 cum
943 5395 1245 5462 intuemur,
1274 5403 1383 5449 tam
1413 5394 1696 5451 horribilis
1722 5398 1886 5452 etiam

239 5485 647 5550 schismatis.
704 5486 844 5557 quod
898 5488 1104 5542 tamdiu
1155 5488 1408 5552 duravit,
1456 5490 1715 5542 memoria
1779 5503 1878 5544 nos

239 5576 586 5659 percellat,
619 5593 843 5636 necesse
870 5590 972 5635 est.
1006 5578 1190 5647 Neque
1215 5577 1436 5633 dubium
1464 5587 1581 5646 est,
1611 5581 1739 5650 quin
1773 5581 1883 5636 An-

240 5673 545 5753 gustinus
575 5671 741 5726 multa
781 5672 1120 5743 prospiciens
1151 5671 1276 5726 inde
1312 5670 1628 5740 colligeret,
1660 5674 1802 5744 quod
1831 5674 1886 5728 in

244 5770 595 5832 schismate
628 5764 1027 5819 Donatistarum
1057 5778 1278 5835 gemens
1307 5762 1618 5834 deploraret
1638 5806 1654 5831 ,
1685 5774 1742 5820 ut
1766 5765 1891 5821 tris—

1969 1952 2060 2022 qui
2107 1952 2244 2007 vidit
2277 1968 2435 2023 quam
2466 1954 2820 2013 Theodosius
2855 1960 3222 2017 Ecclesiarum
3250 1964 3432 2031 ἕνωσιν
3459 1982 3593 2035 pro-

1969 2046 2231 2114 curabat,
2259 2047 2456 2118 gaudio
2482 2051 2743 2107 exultans
2771 2053 3064 2122 aliquando
3086 2056 3439 2123 exclamavit,
3464 2058 3590 2116 Non

1968 2141 2196 2209 amplius
2224 2142 2437 2195 invicem
2483 2147 2706 2220 φέρομεν
2750 2153 2837 2204 καί
2882 2146 3072 2224 ἄγομεν
3094 2191 3109 2215 ,
3135 2148 3306 2206 ludas
3331 2163 3377 2207 et
3419 2152 3592 2211 Israel

1968 2248 2133 2287 unum
2177 2234 2276 2289 sibi
2324 2246 2520 2302 ponunt
2567 2241 2923 2310 principatum
2964 2259 2982 2296 :
3023 2260 3195 2298 omnes
3246 2247 3371 2317 facti
3409 2265 3591 2304 sumus

1970 2324 2256 2380 Christiani
2297 2342 2317 2380 :
2364 2327 2470 2382 Sed
2502 2327 2853 2400 Augustinus
2892 2345 2998 2389 tam
3046 2334 3172 2390 felix
3213 2351 3318 2393 non
3360 2338 3496 2405 fuit,
3528 2322 3631 2411 ut‘

1971 2417 2026 2473 id
2056 2419 2280 2474 omnino
2317 2419 2519 2474 viderit
2549 2438 2564 2475 :
2612 2426 2833 2481 tametsi
2873 2425 3103 2482 Collatia
3140 2426 3590 2501 Carthaginensis

1968 2512 2037 2567 ad
2065 2527 2184 2569 eam
2217 2512 2479 2570 unitatem
2521 2516 2925 2575 restituendam
2958 2521 3183 2578 multum
3215 2527 3474 2582 momenti
3501 2536 3587 2583 at—

1972 2604 2216 2679 lulerit.]

2045 2696 2230 2753 Redeo
2265 2696 2331 2752 ad
2363 2712 2488 2753 eum
2538 2699 2749 2769 locum,
2806 2704 2858 2759 in
2894 2721 3002 2777 quo
3044 2709 3377 2781 Augustinus
3421 2727 3587 2787 negat

1974 2789 2284 2850 Donatistas
2310 2805 2452 2857 esse,
2478 2794 2625 2863 quod
2654 2794 2762 2852 dici
2786 2799 2992 2867 volunt,
3024 2800 3129 2857 hoc
3155 2816 3261 2872 εει,
3305 2816 3583 2879 tamquam

1973 2882 2171 2938 tribum
2202 2882 2375 2938 Judze.
2422 2882 2628 2954 Adjicit
2670 2890 2814 2945 enim
2868 2908 2962 2961 per
3005 2898 3435 2965 concessionem,
3480 2901 3585 2956 etsi

1972 2973 2025 3028 id
2048 2981 2256 3041 essent,
2284 2981 2463 3030 tamen
2489 2975 2675 3047 legere
2702 2979 2903 3037 debere
2927 2988 3237 3055 prophetas,
3267 2990 3358 3060 qui
3384 2990 3580 3047 dicunt

1970 3065 2227 3123 Israelem
2258 3068 2645 3124 aversatricem
2664 3070 3015 3142 justilicatam
3038 3093 3159 3135 esse
3180 3085 3416 3151 peccatis
3438 3083 3579 3140 Juda

1974 3159 2448 3231 praevaricatricis.
2483 3160 2600 3217 Iloc
2627 3172 2779 3221 certe
2799 3165 3083 3239 Jeremias,
3109 3187 3231 3244 cap,
3254 3190 3331 3240 ιιι,
3361 3189 3416 3232 et
3444 3176 3583 3234 Eze-

1972 3252 2136 3318 chiel,
2168 3266 2289 3322 cap.
2331 3267 2445 3320 xu,
2475 3252 2696 3324 dixere,
2730 3268 2788 3312 ut
2827 3268 2883 3313 et
2928 3276 3057 3317 suos
3084 3262 3302 3322 Judzeos
3338 3271 3576 3341 castiga-

1972 3354 2117 3409 rent,
2154 3344 2411 3400 Ecclesiae
2443 3345 2602 3403 titulo
2646 3349 2810 3406 nimis
2845 3351 3065 3425 indigne
3110 3356 3440 3417 abutentes:
3476 3378 3572 3418 ne-

1971 3451 2079 3507 que
2128 3435 2317 3492 dubito
2353 3437 2483 3508 quin
2531 3447 2583 3493 et
2629 3439 2746 3508 ipse
2787 3441 3018 3514 August.
3068 3450 3305 3516 peccatis
3350 3466 3576 3507 suorum

1973 3532 2206 3587 minime
2244 3531 2550 3601 indulgens,
2584 3535 2783 3604 saepius
2823 3552 2924 3593 suo
2961 3542 3162 3609 p0pulo
3193 3542 3244 3598 id
3273 3545 3571 3612 exprobra-

1971 3624 2066 3678 rit.
2092 3623 2225 3677 Illud
2258 3623 2428 3678 miror
2458 3624 2602 3693 quod
2626 3626 2680 3680 in
2703 3627 2897 3684 eodem
2927 3644 3025 3685 suo
3047 3632 3144 3686 lib.
3170 3634 3239 3688 de
3267 3633 3414 3691 Unit.
3444 3652 3581 3691 con-

1973 3722 2054 3767 tra
2082 3714 2426 3778 Petilianum,
2469 3729 2589 3770 cum
2632 3718 2770 3774 hanc
2796 3722 3152 3789 quaestionem
3192 3733 3409 3794 tractat,
3440 3728 3579 3800 adji-

1974 3806 2048 3859 cit
2094 3815 2302 3876 partem
2340 3806 2482 3863 illam
2512 3810 2713 3865 veteris
2750 3814 2957 3883 p0puli,
3002 3814 3103 3869 hoc
3134 3825 3242 3883 est,
3293 3816 3576 3887 Israelem,

1975 3896 2337 3969 deputandam
2387 3916 2494 3955 non
2539 3917 2662 3957 esse
2689 3947 2704 3973 ,
2771 3915 3042 3977 tamquam
3089 3906 3316 3964 haeresis
3360 3909 3575 3969 fuisset.

1976 3991 2148 4047 Deum
2177 3992 2319 4048 enim
2343 3993 2531 4049 decem
2564 3996 2683 4051 illas
2719 3998 2890 4053 tribus
2913 3999 3143 4069 jnssisse
3172 4003 3436 4073 separari,
3468 4020 3575 4060 non

1976 4093 2036 4138 ut
2057 4084 2265 4154 religio.
2294 4086 2388 4141 sed
2417 4097 2472 4140 nt
2498 4102 2722 4157 regnum
2751 4089 3104 4145 divideretur.
3128 4092 3262 4148 Cum
3292 4093 3409 4149 ha‘c
3434 4096 3576 4168 lego,

1978 4175 2155 4231 fateor
2185 4181 2281 4248 (ne
2324 4178 2453 4249 quid
2476 4179 2683 4235 iterum
2729 4181 3089 4254 dissimulem)
3136 4201 3226 4242 me
3268 4186 3477 4245 haerere
3522 4199 3579 4245 et

1979 4270 2298 4327 subsistere.
2331 4272 2473 4329 Dens
2499 4272 2717 4343 quidem
2740 4276 2888 4346 juste
2918 4282 3219 4350 meritoque
3240 4283 3578 4349 decreverat,

1980 4361 2271 4419 Jeroboam
2302 4365 2416 4420 fore
2442 4381 2647 4437 regem,
2678 4378 2734 4423 ut
2774 4371 2987 4439 puniret
3029 4384 3306 4442 peccatum
3334 4376 3581 4433 Salomo-

1982 4455 2089 4511 nis.
2121 4454 2226 4511 Sed
2253 4457 2607 4514 nihilominus
2637 4459 2802 4516 Israel
2840 4466 3098 4532 peccavit,
3125 4482 3247 4522 cum
3289 4471 3581 4539 perﬁdiose

1986 4550 2147 4605 talem
2196 4550 2299 4607 sibi
2343 4567 2525 4623 regem
2575 4554 2784 4622 ascivit,
2828 4567 2885 4612 ut
2929 4572 2959 4612 a
2999 4574 3163 4630 regno
3193 4561 3414 4619 Davidis
3456 4573 3511 4620 et
3548 4581 3581 4622 a

1989 4642 2188 4712 templo
2213 4642 2489 4701 deficeret.
2523 4645 2630 4703 Sed
2655 4662 2722 4731 let
2748 4649 2863 4719 ipse
2895 4653 3229 4721 Augustinus
3255 4655 3393 4711 libro
3418 4672 3433 4711 ι
3460 4673 3583 4714 con-

1986 4742 2069 4789 tra
2105 4734 2455 4792 Cresconium
2497 4753 2617 4809 cap.
2666 4741 2756 4809 51,
2783 4743 2856 4797 ait
2885 4732 3253 4801 Samaritanos
3287 4746 3455 4806 fuisse
3485 4767 3579 4807 ve-

1986 4829 2082 4883 luti
2105 4829 2415 4900 _bzcreticos
2445 4832 2777 4891 inda-orum.
2811 4835 3005 4902 Audio,
3038 4839 3179 4908 quod
3223 4851 3409 4897 contra
3441 4842 3585 4900 Peti-

1986 4922 2190 4978 lianum
2217 4924 2311 4990 ait,
2341 4926 2506 4980 Deum
2533 4926 2781 4996 jussisse,
2815 4941 2874 4983 ut
2903 4945 3126 5001 regnum
3149 4930 3287 4987 Juda
3312 4933 3582 4991 dividere-

1991 5025 2119 5081 tur,
2175 5032 2282 5071 non
2339 5019 2501 5073 etiam
2548 5020 2758 5090 religio.
2807 5020 2922 5077 Non
2989 5024 3133 5079 enim
3183 5024 3412 5094 jussisse
3465 5029 3586 5086 fieri

1992 5109 2232 5164 scltisma
2259 5129 2272 5164 :
2301 5110 2489 5180 Sicuti,
2522 5115 2719 5186 inquit,
2751 5131 2887 5185 sa'pe
2911 5116 2967 5170 in
3001 5118 3121 5172 orbe
3153 5127 3407 5175 terrarum
3430 5138 3589 5192 regna

1993 5203 2320 5270 dividuntur,
2361 5214 2408 5260 et
2434 5216 2603 5261 tamen
2649 5206 2942 5263 Christiana
2981 5211 3151 5265 unitas
3178 5228 3281 5266 non
3319 5215 3588 5281 dividitur,

1993 5298 2117 5367 quia
2156 5298 2211 5350 in
2254 5307 2471 5369 utraque
2517 5311 2664 5370 parte
2701 5301 2987 5357 inveniatur
3033 5302 3271 5359 Ecclesia
3314 5305 3589 5360 catholica.

1994 5390 2196 5446 Verum
2232 5390 2299 5465 (si
2338 5392 2471 5448 mihi
2503 5392 2586 5450 fas
2622 5405 2706 5450 est
2735 5396 2965 5468 ingenue
3005 5396 3189 5455 dicere
3217 5399 3363 5469 quod
3392 5399 3590 5464 sentio,

1996 5491 2057 5537 ut
2084 5484 2227 5553 quod
2259 5499 2448 5540 verum
2470 5499 2592 5541 esse
2619 5496 2767 5557 puto,
2797 5491 3100 5546 verecunde
3124 5488 3366 5561 quidem,
3394 5487 3488 5542 sed
3512 5494 3596 5541 ta-

1998 5591 2123 5631 men
2149 5576 2319 5633 libere
2341 5593 2635 5648 exponam,
2670 5581 2819 5636 nullo
2844 5584 3125 5652 Augustini
3158 5581 3473 5651 praejudicio
3494 5581 3594 5634 ima

2000 5667 2240 5738 peditus)
2261 5670 2510 5725 existimo
2539 5671 2933 5729 observandum
2965 5688 3085 5729 esse
3120 5671 3281 5726 aliam
3313 5670 3480 5727 fuisse
3504 5686 3594 5727 ra-

2007 5763 2205 5818 tionem
2238 5766 2386 5836 regni
2416 5764 2621 5821 Judaiei
2664 5768 2780 5824 site
2813 5767 3069 5830 Davidici,
3112 5764 3273 5820 aliam
3310 5780 3432 5822 esse
3460 5762 3602 5823 alio-3
3640 5764 3649 5773 ’

247 5862 575 5930 ιιεεῑιιιξιιιι
625 5857 884 5914 Ecclesia:
932 5856 1290 5913 calamitatem
1339 5853 1582 5915 defieret.
1635 5856 1897 5932 [Legerat
2005 5866 2125 5914 rttm
2147 5861 2459 5931 regnorum.
2487 5857 2618 5915 Nam
2650 5860 2703 5914 in
2734 5862 2898 5930 regno
2924 5852 3141 5917 Davidis
3162 5857 3243 5916 sic
3273 5848 3478 5917 inclusa
3503 5842 3600 5918 fuit
