4134 6186
592 392 726 451 ΝΜ

2045 379 2415 443 APPENDIX.

3754 375 3903 433 ΗΜ

590 500 856 568 Ecclesia,
882 500 1067 571 sicque
1097 512 1218 553 cum
1269 511 1336 553 eo
1362 495 1673 567 conjuncta,
1703 501 1764 549 ut
1811 506 1917 555 non
1950 492 2186 564 potuerit
2210 488 2625 562 Aquerimonia
2673 488 2883 560 liquere
2937 487 3265 559 generaliter
3315 487 3637 553 contendit,
3692 490 3898 549 nullam

588 594 777 655 dividi.
800 593 927 669 quin
958 591 1153 663 religio
1180 590 1536 655 divideretur,
1570 589 1673 645 hoc
1701 596 1805 657 est,
1838 586 1966 656 quin
1993 586 2084 657 qui
2119 584 2187 641 ab

590 704 656 745 eo
685 688 1036 750 descisceret,
1070 685 1377 741 schismatis
1396 698 1521 741 reus
1549 690 1712 737 esset.
1745 680 1877 736 Nam
1907 680 1999 750 qui
2029 678 2097 733 ab
2121 693 2188 733 eo

590 779 897 846 deﬁciebat,
930 780 1000 834 ab
1030 778 1277 834 Ecclesia
1303 792 1520 848 quoque
1547 775 1659 845 ipsa
1689 773 1998 831 deﬁciebat.
2027 771 2190 831 Certe

590 874 847 931 orabatur
868 889 964 945 pro
986 873 1086 929 hoc
1104 887 1292 947 regno,
1310 877 1371 927 ut
1390 885 1486 940 pro
1501 867 1768 933 Ecclesia,
1787 867 2189 938 psalm.1.xxvu

590 975 647 1024 et
671 982 804 1023 cvm
834 982 848 1019 :
882 972 939 1021 et
969 964 1132 1020 David
1162 969 1447 1035 propterea
1485 960 1767 1015 dicebatur
1797 957 2191 1030 primogenitus

592 1060 738 1115 inter
764 1072 943 1133 reges,
981 1056 1174 1127 psalm.
1202 1068 1424 1111 LXXXIX.
1453 1052 1545 1120 At,
1571 1051 1803 1122 inquies,
1836 1050 1980 1105 Deus
2010 1059 2192 1106 tamen

590 1150 788 1209 dicitur
815 1146 1065 1205 divisisse
1111 1161 1337 1217 regnum
1368 1144 1609 1199 Davidis.
1639 1142 1859 1210 Fateor,
1902 1140 1999 1196 sed
2030 1140 2193 1211 longe

591 1243 700 1301 alio
727 1240 856 1307 ﬁne,
885 1254 1043 1311 quam
1076 1238 1194 1310 ipse
1221 1237 1511 1294 Jeroboam
1542 1235 1920 1291 schismaticus
1949 1240 2045 1287 aut
2070 1248 2193 1304 quae

592 1347 717 1399 eum
762 1343 962 1388 secutae
989 1343 1115 1388 sunt
1140 1331 1327 1386 decem
1372 1328 1562 1394 tribus,
1595 1343 1823 1399 quarum
1860 1328 2019 1398 longe
2046 1325 2194 1383 aliud

594 1429 715 1493 fuit,
758 1441 918 1496 quam
959 1425 1052 1480 Dei
1098 1424 1409 1480 consilium.
1444 1421 1570 1477 Ha‘c
1610 1419 1788 1475 obiter
1826 1419 1969 1475 dicta
2008 1426 2189 1475 sunto.

591 1519 884 1575 Conclusio
922 1516 1209 1588 Augustini
1255 1524 1441 1573 contra
1500 1513 1825 1569 Petilianum
1879 1520 1983 1575 est,
2028 1510 2196 1567 fuisse

593 1615 757 1668 etiam
799 1613 852 1667 in
886 1610 1086 1666 lsraele
1128 1608 1439 1681 praphetas.
1486 1606 1682 1662 Audio.
1723 1604 1830 1660 Sed
1861 1614 1989 1659 tunc
2021 1602 2196 1657 fateor

592 1706 908 1762 Donatistas
938 1714 1087 1760 recte
1116 1704 1337 1762 dixisse.
1370 1700 1816 1756 commorationis
1846 1696 1977 1753 illud
2003 1695 2193 1764 fuisse,

594 1816 703 1856 non
735 1799 1149 1855 communionis.
1181 1798 1236 1853 In
1257 1795 1392 1852 Iuda
1416 1808 1550 1850 vero
1573 1807 1679 1848 non
1705 1792 1865 1846 modo
1889 1804 2195 1853 commora-

2287 581 2629 657 temporibus
2661 579 2797 634 Elia:
2820 578 2988 635 fuisse
3023 581 3317 635 Ecclesiam
3346 580 3764 650 aspectabilem.
3807 579 3901 634 At—

2287 688 2393 742 que
2420 674 2537 744 ipsa
2564 673 2792 727 historia
2839 686 2989 727 sacra
3015 682 3245 729 testatur
3291 675 3465 730 Eliam
3494 682 3705 729 tantum
3748 674 3902 746 loqui

2289 763 2358 819 de
2385 779 2551 834 regno
2581 760 2799 818 lsraelis
2829 764 2920 818 ubi
2953 764 3229 821 habitabat
3261 785 3274 819 :
3308 767 3362 821 in
3392 782 3569 838 regno
3597 778 3782 823 autem
3812 767 3907 823 Ju-

2288 855 2372 912 ἀπ
2402 871 2469 911 eo
2501 867 2744 926 tempore
2770 854 2938 913 fuisse
2974 857 3242 914 illustrem
3290 858 3596 914 Ecclesium
3637 871 3908 930 regnante

2289 950 2573 1021 Josaphat,
2603 967 2765 1022 quem
2795 959 2851 1006 et
2877 959 3145 1023 tamquam
3182 952 3412 1008 alterum
3444 952 3709 1008 Davidcm
3737 954 3910 1011 fuisse

2290 1044 2579 1116 signiﬁcat.
2620 1047 2737 1102 Imo
2763 1060 2895 1102 vero
2922 1046 3064 1102 idem
3088 1046 3343 1102 Calvinus
3374 1049 3425 1099 in
3456 1050 3578 1116 ipsa
3606 1061 3704 1102 sua
3736 1050 3908 1105 Insti-

2291 1136 2500 1191 tutione
2529 1136 2741 1191 videtur
2788 1134 3013 1192 confuse
3052 1136 3251 1204 dicere,
3303 1136 3449 1206 quod
3493 1138 3799 1194 Donatistae
3860 1141 3909 1197 in

2292 1227 2593 1285 Collatione
2617 1228 2880 1285 dicebant
2919 1229 3018 1285 hac
3046 1229 3100 1284 in
3128 1238 3298 1300 parte.
3334 1229 3576 1300 Allegat,
3605 1231 3911 1301 Prophetas

2295 1323 2587 1380 deJudaeis
2626 1333 2683 1380 et
2728 1324 2990 1380 Israelitis
3030 1325 3112 1380 sui
3148 1324 3330 1379 smculi
3376 1325 3587 1395 passim
3616 1326 3910 1395 clamasse,

2298 1406 2519 1486 profana
2546 1433 2669 1473 esse
2690 1419 3090 1487 conventicula,
3115 1419 3314 1490 quibus
3341 1434 3448 1473 non
3474 1421 3647 1491 magis
3671 1436 3907 1478 consen-

2298 1497 2402 1563 tire
2432 1509 2612 1573 liceat,
2640 1525 2805 1586 quam
2837 1510 3005 1565 Deum
3037 1511 3307 1580 abnegare
3348 1532 3362 1568 :
3395 1510 3486 1565 vel
3517 1512 3563 1577 si
3597 1512 3705 1567 illae
3731 1511 3915 1569 Eccle-

2297 1602 2393 1656 siae
2438 1601 2701 1670 fuerunt,
2759 1602 2829 1658 ab
2876 1602 3124 1658 Ecclesia
3180 1604 3273 1658 Dei
3328 1604 3548 1660 alienos
3603 1605 3816 1676 fuisse,
3863 1609 3913 1665 in

2300 1694 2503 1751 Israele
2531 1696 2771 1767 quidem,
2802 1695 2998 1763 Eliam,
3030 1696 3308 1753 Michaeam
3326 1707 3385 1753 et
3406 1699 3622 1759 similes
3648 1718 3663 1756 :
3697 1701 3752 1755 in
3774 1701 3911 1758 Iuda

2300 1795 2480 1842 autem
2521 1786 2735 1853 Isaiam,
2770 1789 3086 1855 Jeremiam,
3116 1788 3332 1845 Oscam.
3380 1791 3679 1848 Concludit
3739 1805 3915 1851 autem

598 1903 680 1948 tos
708 1907 854 1958 esse,
895 1890 990 1947 sed
1019 1890 1182 1945 etiam
1222 1886 1677 1950 communicasse,
1714 1882 2000 1938 dicendum
2032 1880 2197 1937 etiam
2226 1880 2276 1941 B
2304 1893 2529 1934 necesse
2555 1878 2748 1946 fuisse,
2804 1881 2872 1935 ab
2901 1896 3089 1936 eorum
3117 1890 3353 1937 coetuum
3384 1886 3758 1941 consensione
3801 1887 3917 1943 des-

596 1994 702 2050 est,
734 1992 790 2038 ut
812 1990 938 2037 ante
965 1981 1243 2037 admonui.

670 2075 769 2133 Hic
797 2090 900 2144 ego
943 2075 1154 2129 veniam
1191 2071 1431 2126 audacia;
1463 2078 1729 2141 peterem,
1778 2068 1822 2123 si
1865 2067 2028 2138 paulo
2058 2064 2197 2121 libe-

595 2167 712 2221 rius
739 2165 932 2221 videor
957 2173 1149 2219 notare
1181 2164 1232 2217 in
1257 2162 1559 2233 Augustino
1589 2169 1643 2215 et
1673 2159 1794 2230 ejus
1814 2158 2063 2228 collegis,
2087 2170 2200 2234 non

598 2259 732 2314 satis
752 2257 820 2312 ab
852 2257 917 2313 iis
932 2256 1278 2313 observatum
1303 2269 1426 2312 esse
1451 2253 1743 2311 discrimen
1770 2250 1921 2307 Iuda:
1947 2260 2003 2307 et
2031 2251 2202 2308 lsrae-

596 2352 684 2407 lis.
719 2350 827 2407 Sed
856 2349 1077 2421 pudoris
1106 2350 1286 2420 potius
1311 2363 1473 2419 quam
1504 2346 1814 2417 petulantia:
1842 2344 2008 2400 ullius
2036 2343 2202 2399 vesti-

598 2446 742 2515 gium
769 2443 823 2497 in
858 2458 979 2498 meo
1008 2441 1150 2497 facto
1177 2448 1434 2512 agnoscet
1459 2454 1649 2510 aequus
1674 2447 1728 2494 et
1751 2436 1998 2493 veritatis
2035 2436 2199 2510 362

599 2535 875 2592 studiosus
921 2534 1107 2609 judex.
1138 2533 1299 2589 Certe
1347 2541 1405 2588 ut
1441 2531 1574 2588 mihi
1629 2531 1898 2601 integrum
1950 2544 2056 2583 non
2103 2528 2203 2583 fuit

601 2629 944 2684 dissimulare
964 2627 1109 2698 quod
1138 2625 1460 2691 sentiebam,
1489 2625 1568 2679 sic
1594 2636 1831 2694 agnosco
1856 2620 2054 2677 factum
2078 2634 2202 2678 esse

602 2719 835 2791 quodam
868 2720 1072 2789 impetu
1114 2717 1515 2789 disputationis,
1548 2715 1618 2770 ad
1651 2716 2052 2771 Donatistarum
2083 2728 2202 2769 mo-

602 2813 938 2866 rosissimam
997 2809 1461 2883 importunitatem
1501 2808 1943 2878 reprimendum,
1993 2817 2051 2860 ut
2097 2804 2201 2862 Ca-

604 2903 789 2959 tholici
829 2905 881 2958 in
929 2899 1231 2958 Collatione
1277 2901 1455 2957 minus
1499 2899 1845 2955 distinxerim
1883 2898 2079 2955 Iudam
2133 2897 2202 2953 ab

602 2997 826 3064 lsraele,
878 3011 999 3051 cum
1051 2993 1346 3067 prophetas
1387 2976 1733 3065 quantumvis
1772 3005 1994 3047 severos
2043 2990 2204 3045 vitio-

606 3106 724 3145 rum
754 3089 1179 3159 reprehensores
1210 3087 1430 3141 minime
1459 3086 1703 3141 omnium
1735 3086 1901 3139 fuisse
1930 3084 2197 3140 schisma-

604 3181 741 3236 ticos
785 3180 1075 3235 ostendere
1106 3178 1331 3248 vellent,
1379 3187 1435 3235 et
1473 3178 1784 3232 Donatistas
1821 3176 1977 3231 valde
2017 3191 2202 3246 repre-

2301 1971 2531 2040 ciscere,
2577 1989 2699 2043 quas
2745 1975 2879 2028 nihil
2911 1974 3058 2030 aliud
3098 1985 3216 2031 erat
3237 1991 3400 2047 quam
3434 1979 3613 2048 impia
3655 1979 3918 2037 adversus

2307 2063 2475 2117 Deum
2502 2065 2862 2135 conspiratio.
2894 2066 3029 2134 Quis
3062 2081 3169 2122 non
3202 2067 3349 2124 videt
3373 2068 3494 2125 haec
3530 2070 3766 2129 confuse
3793 2072 3919 2138 dici,

2302 2158 2392 2213 ubi
2421 2156 2865 2230 distinguendum
2897 2168 3016 2216 erat
3035 2161 3177 2216 inter
3203 2161 3399 2217 Iudam
3425 2172 3484 2218 et
3512 2164 3829 2221 Israelem?
3857 2164 3917 2221 Et

2303 2268 2438 2309 vero
2463 2252 2518 2309 in
2549 2254 2739 2309 eadem
2787 2254 2949 2326 paulo
2977 2263 3103 2310 ante
3135 2257 3328 2327 pagina
3359 2256 3462 2313 sibi
3493 2258 3660 2312 veluti
3697 2270 3919 2315 contra-

2302 2345 2512 2414 dicens,
2545 2346 2681 2402 dixit
2710 2347 2855 2418 quod
2886 2358 2941 2404 et
2971 2349 3246 2413 volumus.
3283 2359 3337 2404 et
3374 2349 3443 2405 ad
3478 2349 3812 2407 Donatistas
3836 2368 3917 2407 re-

2303 2436 2568 2493 fellendos
2592 2438 2846 2495 dicimus.
2872 2458 2891 2492 (
2917 2440 3139 2507 Fateor,
3163 2442 3357 2514 inquit,
3384 2442 3690 2514 prophetas
3709 2460 3919 2514 omnes,

2302 2531 2393 2600 qui
2429 2529 2825 2603 Hierosolymis
2845 2531 3083 2599 fuerunt,
3111 2548 3235 2589 cum
3263 2551 3352 2590 res
3376 2536 3486 2591 illic
3515 2546 3713 2592 essent
3739 2538 3918 2593 admo-

2301 2621 2428 2677 dum
2458 2636 2754 2695 corruptie,
2785 2641 2887 2682 nec
2912 2642 3156 2683 seorsum
3205 2627 3571 2697 sacriﬁcaSse,
3617 2646 3726 2687 nec
3756 2648 3909 2703 sepa-

2305 2723 2454 2769 ratos
2479 2716 2547 2770 ab
2576 2716 2696 2770 aliis
2722 2726 2895 2773 cattus
2929 2719 3180 2774 habuisse
3205 2719 3271 2777 ad
3307 2720 3609 2776 orandum.
3644 2723 3923 2781 llabelnnt

2303 2808 2450 2860 enim
2500 2806 2594 2861 Dei
2634 2808 2949 2864 mandatum
2978 2851 2992 2877 ,
3031 2825 3139 2882 quo
3186 2812 3237 2865 in
3288 2813 3555 2883 templum
3612 2814 3919 2874 Salomonis

2303 2902 2598 2957 convenire
2628 2902 2986 2974 jubebantur.
3040 2904 3362 2962 Sacerdotes
3407 2906 3719 2976 Lt‘ViliCOS,
3766 2925 3917 2980 quos,

2304 2994 2431 3061 quia
2472 3008 2753 3048 sacrorum
2799 2995 3074 3050 antistites
3115 2995 3352 3051 ordinati
3393 3006 3559 3057 erant
3610 3014 3640 3053 a
3675 3000 3917 3071 Domino,

2306 3085 2536 3140 necdum
2570 3086 2827 3153 abdicati,
2867 3096 3163 3158 utcumque
3204 3089 3409 3159 indigni
3460 3104 3531 3145 eo
3571 3089 3793 3148 honore
3836 3110 3917 3148 es-

2306 3186 2451 3243 sent,
2475 3178 2653 3232 locum
2678 3179 2829 3233 illum
2861 3178 3039 3234 adhuc
3068 3189 3258 3235 tenere
3285 3194 3582 3238 noverant.
3613 3184 3726 3240 Sed
3757 3202 3916 3256 neque

604 3274 930 3341 henderent,
964 3272 1056 3344 qui
1087 3272 1170 3329 sui
1211 3271 1519 3326 schismatis
1554 3270 1861 3351 exemplum
1883 3269 2202 3341 repetebant
2228 3261 2274 3333 Ο
2307 3268 2375 3324 ad
2400 3269 2564 3325 ullum
2589 3272 3024 3340 superstitiosum
3053 3272 3255 3326 cultum
3294 3274 3687 3343 adigebantur.
3728 3295 3748 3330 ι
3779 3278 3913 3333 Idem

601 3384 634 3430 a,
671 3367 970 3438 prophetis,
1009 3381 1144 3437 quos
1168 3364 1367 3436 fugisse
1407 3379 1519 3419 sua:
1559 3364 1735 3435 gentis
1770 3364 2031 3419 sacriﬁcia
2064 3378 2200 3419 con-

601 3460 717 3514 fuse
757 3458 1129 3525 clamitabant,
1177 3457 1453 3512 contrario
1482 3458 1714 3531 quodam
1758 3457 1918 3515 modo
1946 3456 2099 3511 Juda:
2147 3466 2204 3513 et

603 3549 831 3605 Israelis
854 3549 1145 3603 discrimen
1175 3536 1610 3603 confundentes.
1662 3546 1931 3603 Caeterum
1979 3550 2201 3605 minime

602 3642 803 3713 alioqui
848 3639 1204 3711 Augustinum
1254 3641 1532 3709 ignorasse
1571 3638 1716 3709 quod
1754 3639 1884 3709 dixi,
1927 3640 2037 3694 imo
2069 3655 2201 3697 vero

520 3784 525 3787 .
602 3735 707 3791 tale
752 3733 1043 3788 discrimen
1086 3732 1373 3804 diligenter
1415 3732 1548 3787 alias
1586 3731 1877 3801 indicasse,
1923 3732 2079 3788 testis
2117 3740 2204 3789 est

604 3827 723 3895 ejus
745 3826 883 3889 liber
909 3842 1017 3880 xvu
1034 3828 1101 3881 de
1127 3826 1286 3880 Civit.
1316 3825 1426 3887 Dei.

677 3917 745 3973 Ut
772 3928 952 3972 autem
986 3917 1137 3972 novis
1169 3916 1329 3971 hodie
1354 3917 1567 3983 Momis,
1606 3917 1698 3990 qui
1727 3926 1891 3973 totam
1936 3918 2203 3981 Collatio-

605 4024 728 4063 nem
759 4006 1245 4078 Carthaginiensem
1297 4018 1517 4078 propter
1559 4011 1864 4081 μνημονικὸν
1916 4010 2203 4088 ἆμᾳρτημα

604 4099 854 4165 irridere,
888 4107 944 4155 et
965 4098 1122 4154 bonis
1148 4098 1398 4153 Patribus
1426 4099 1690 4156 insultare
1716 4100 1939 4169 vellent,
1969 4102 2200 4158 frtenum

602 4191 818 4261 aliquod
847 4191 1109 4261 injiciam,
1140 4192 1286 4246 venit
1330 4191 1383 4245 in
1424 4201 1662 4247 mentem
1689 4192 1833 4262 quod
1858 4194 1972 4264 ipse
2011 4192 2199 4249 Calvi-

604 4279 704 4340 nus
754 4299 1017 4340 novorum
1070 4298 1359 4339 censorum
1409 4285 1706 4356 princeps,
1761 4301 1881 4340 cum
1929 4287 2201 4344 sexcentis

602 4377 802 4447 alioqui
843 4376 897 4432 in
927 4376 1059 4431 locis
1100 4385 1437 4444 annotasset,
1466 4376 1602 4431 illud
1649 4393 1679 4432 a
1734 4377 2013 4449 pr0phetis
2039 4380 2201 4436 toties

599 4467 893 4523 indicatum
939 4467 1256 4533 discrimen,
1301 4475 1482 4522 tamen
1534 4467 1723 4524 nescio
1766 4469 2040 4540 quomodo
2085 4472 2203 4540 ejus

601 4560 848 4617 oblivisci
889 4559 1128 4626 videtur,
1156 4560 1247 4615 ubi
1272 4561 1325 4615 in
1356 4560 1718 4630 disputatione
1752 4561 1995 4616 incaluit.
2038 4563 2201 4620 Certe

2304 3377 2493 3417 rursus
2520 3363 2571 3417 in
2603 3363 2790 3416 eadem
2815 3366 2972 3434 paulo
2993 3373 3118 3419 ante
3143 3381 3240 3419 sua
3274 3365 3489 3423 lnstit.:
3529 3386 3552 3419 ι
3588 3371 3898 3439 Horrenda,

2306 3454 2499 3523 inquit,
2527 3465 2651 3510 sunt
2685 3454 2791 3509 ilhe
2826 3455 3245 3529 descriptiones,
3285 3459 3505 3528 quibus,
3542 3459 3740 3529 Isaias,
3770 3463 3907 3519 Iere-

2305 3546 2462 3611 mias,
2486 3544 2625 3611 Joel,
2662 3546 2911 3601 Habacuc
2941 3558 2993 3603 et
3049 3548 3135 3602 alii
3168 3548 3430 3605 Ecclesia:
3460 3550 3909 3624 Hierosolyniita-

2305 3652 2387 3691 na:
2417 3638 2637 3692 morbos
2657 3637 2969 3709 deplorant.
2994 3638 3049 3696 In
3082 3641 3264 3710 plebe,
3291 3643 3343 3695 in
3373 3644 3728 3715 magistratu,
3764 3649 3815 3701 in
3837 3664 3910 3702 sa-

2301 3728 2634 3793 cerdotibus,
2680 3731 2861 3785 omnia
2916 3747 3085 3802 usque
3133 3732 3273 3787 adeo
3312 3746 3576 3806 corrupta
3624 3750 3812 3807 erant,
3857 3750 3906 3794 ut

2303 3821 2502 3876 clamet
2529 3821 2717 3889 Isaias,
2756 3838 2786 3877 a
2815 3825 3015 3880 vertice
3045 3827 3239 3895 capitis
3268 3842 3440 3898 usque
3470 3828 3537 3883 ad
3584 3831 3799 3887 calcem
3832 3849 3908 3904 pe-

2307 3913 2415 3982 dis,
2441 3913 2577 3969 nihil
2599 3929 2721 3970 esse
2746 3914 2856 3970 illic
2881 3932 3100 3973 sanum.
3127 3917 3339 3988 Religio
3366 3922 3560 3989 partim
3583 3934 3910 3995 contempta,

2304 4006 2500 4073 partim
2541 4006 2931 4080 contaminata.
2973 4008 3029 4062 In
3080 4010 3324 4065 moribus
3358 4013 3561 4083 passim
3606 4016 3910 4071 referuntur

2304 4094 2462 4165 furta,
2508 4100 2734 4168 rapinae,
2766 4100 3031 4169 perﬁdiae,
3074 4101 3275 4170 caedes,
3326 4112 3386 4158 et
3435 4106 3641 4160 similia
3687 4110 3910 4164 scelera.

2302 4190 2485 4260 Neque
2508 4200 2688 4248 tamen
2722 4200 3010 4264 propterea
3045 4205 3140 4248 aut
3171 4209 3341 4251 novas
3386 4197 3489 4250 sibi
3518 4198 3799 4253 Ecclesias
3820 4202 3913 4255 eri-

2302 4281 2523 4352 gebant,
2562 4291 2655 4338 aut
2701 4298 2840 4339 nova
2887 4284 3079 4339 altaria
3119 4288 3484 4343 exstruebant
3512 4290 3822 4359 prophetae,
3865 4295 3912 4349 in

2302 4377 2496 4446 quibus
2521 4388 2767 4448 separata
2797 4378 3063 4433 sacriﬁcia
3098 4377 3370 4435 haberent
3396 4399 3410 4434 :
3436 4380 3536 4435 sed
3560 4382 3911 4452 qualescum-

2303 4484 2410 4539 que
2446 4479 2633 4523 essent
2665 4470 2934 4535 homines,
2972 4469 3111 4540 .quia
3156 4478 3339 4525 tamen
3373 4473 3703 4543 reputabant
3738 4477 3913 4530 Domi-

2304 4576 2432 4616 num
2462 4561 2602 4632 apud
2629 4576 2725 4617 eos
2756 4562 2979 4618 verbum
3009 4579 3166 4621 suum
3194 4564 3511 4635 deposuisse
3557 4577 3615 4621 et
3650 4582 3913 4625 erremu-

598 4668 722 4709 cum
746 4651 978 4723 primum
1019 4651 1184 4707 iratus
1209 4652 1263 4708 in
1310 4668 1397 4707 me
1420 4652 1709 4719 scriberet,
1754 4654 1914 4709 etiam
1952 4653 2081 4710 illud
2111 4640 2272 4710 in-D
2298 4656 2415 4709 nias
2454 4654 2779 4722 instituisse,
2832 4657 3025 4727 quibus
3080 4658 3190 4712 illic
3233 4659 3551 4728 colebatur,
3625 4662 3681 4715 in
3743 4663 3912 4718 medio

601 4744 831 4801 vertisse
873 4745 1107 4800 videtur.
1153 4745 1280 4801 Ait:
1306 4744 1445 4811 Quin
1478 4744 1851 4816 Hierosolymis
1890 4763 2012 4803 vera
2042 4750 2199 4820 fuerit

604 4837 862 4905 Ecclesia,
895 4855 996 4908 quo
1027 4847 1253 4908 tempore
1288 4837 1579 4892 sacerdotes
1608 4854 1640 4891 a
1665 4839 1890 4910 legitimo
1924 4839 2019 4895 Dei
2049 4844 2191 4897 cultu
2233 4834 2241 4839 ”

608 4929 943 4998 deﬂexerant,
976 4929 1182 4982 minime
1210 4929 1504 5002 ambigitur.
1541 4931 1622 4983 An
1660 4945 1779 4985 vero
1817 4934 1928 5004 ejus
1954 4932 2200 4989 Ecclesiw

604 5021 882 5074 auctoritas
908 5019 1078 5092 vigere
1118 5030 1164 5076 et
1190 5020 1358 5075 valere
1387 5020 1618 5075 debuerit
1641 5022 1783 5091 apud
1813 5025 1946 5093 pios,
1978 5010 2197 5096 expro-

602 5111 765 5179 phetis
809 5117 965 5183 patet,
997 5113 1085 5183 qui
1114 5111 1297 5177 ubique
1342 5112 1568 5167 clamant
1598 5113 1891 5185 longissime
1920 5116 1983 5170 ab
2009 5118 2186 5189 ‘impia

597 5218 774 5256 eorum
803 5201 1027 5271 factione
1056 5202 1419 5257 recedendum.
1454 5203 1599 5259 Idem
1634 5208 1793 5275 paulo
1827 5214 1946 5275 post
1975 5207 2069 5276 ait,
2102 5224 2191 5265 ne-

594 5294 709 5366 gari
736 5311 842 5350 non
875 5309 1056 5364 posse,
1080 5296 1219 5369 apud
1246 5296 1539 5363 Israelitas,
1573 5297 1665 5369 qui
1695 5297 2077 5357 .Ieroboamum
2105 5319 2191 5360 se-

596 5383 706 5440 cuti
758 5388 905 5447 sunt,
946 5381 1114 5437 fuisse
1157 5385 1392 5454 aliquam
1429 5385 1751 5443 Ecclesium.
1807 5389 1960 5444 Addo
2010 5390 2191 5453 locum

596 5464 849 5529 alterum,
880 5461 970 5530 qui
1014 5475 1155 5516 nunc
1181 5464 1311 5518 mihi
1353 5466 1406 5520 in
1446 5477 1681 5521 mentem
1720 5467 1887 5523 venit.
1928 5470 2062 5526 Nota
2108 5484 2193 5531 est

596 5540 934 5614 querimonia
957 5538 1087 5595 Elite
1104 5540 1384 5611 prophetae
1402 5549 1787 5616 conquerentis
1808 5560 1929 5603 sese
1943 5551 2191 5609 relictum

597 5638 720 5681 esse
742 5622 939 5681 solum.
968 5618 1101 5681 Eam
1116 5622 1333 5691 proprie
1354 5626 1680 5694 pertinuisse
1699 5627 1767 5684 ad
1794 5636 1991 5685 statum
2020 5632 2195 5691 Israe-

597 5698 669 5757 lis
700 5702 878 5771 potius
916 5715 1078 5777 quam
1114 5700 1266 5767 Iuda:
1305 5704 1636 5775 Augustinus
1685 5718 1833 5764 recte
1879 5711 2194 5773 observavit

596 5791 654 5835 et
677 5780 953 5835 admonuit
983 5780 1077 5836 lib.
1111 5797 1219 5836 xvn
1257 5779 1328 5837 de
1355 5782 1585 5840 Civitate
1613 5785 1706 5842 Dei
1738 5802 1859 5857 cap.
1889 5789 1980 5851 22.
2012 5792 2193 5849 Calvi-

2304 4747 2593 4815 impiorum
2634 4757 2777 4805 coetu
2807 4764 2970 4818 puras
3000 4765 3192 4804 manus
3218 4752 3285 4805 ad
3329 4751 3484 4806 illum
3515 4744 3911 4809 extendebant.

2304 4841 2463 4897 Certe
2491 4842 2536 4897 si
2563 4852 2841 4913 putassent
2866 4843 3067 4915 aliquid
3090 4843 3215 4899 inde
3237 4845 3588 4916 contagionis
3616 4861 3680 4900 se
3703 4860 3913 4901 cutura-

2305 4938 2458 5006 here,
2506 4939 2717 4994 centies
2776 4936 2954 5007 potius
3007 4939 3202 4993 mortui
3243 4936 3504 5007 fuiSsent,
3557 4956 3729 5011 quam
3775 4941 3912 5013 passi

2306 5029 2535 5085 fuissent
2568 5030 2699 5084 illuc
2732 5044 2792 5084 se
2834 5030 3092 5101 pertrahi.
3135 5028 3281 5083 Nihil
3318 5046 3454 5102 ergo
3485 5046 3583 5085 eos
3615 5034 3911 5099 retinebat,

2303 5121 2594 5195 quominus
2640 5120 3028 5177 discessionem
3076 5121 3349 5190 facerent,
3406 5138 3570 5194 quam
3623 5125 3913 5179 servanda:

2301 5216 2526 5272 unitatis
2569 5214 2827 5270 studium.
2861 5214 3014 5285 Quod
3050 5216 3094 5271 si
3137 5215 3330 5286 religio
3378 5215 3587 5271 sanctis
3626 5220 3910 5290 prophetis

2301 5308 2422 5375 fuit,
2467 5308 2538 5363 ob
2579 5307 2810 5378 plurima
2858 5315 2913 5362 et
2956 5307 3188 5361 maxima
3222 5308 3428 5362 scelera
3475 5321 3586 5362 non
3628 5309 3799 5364 unius
3826 5317 3913 5364 aut

2299 5397 2524 5454 alterius
2565 5395 2823 5461 hominis,
2850 5394 2943 5451 sed
2970 5394 3369 5467 propemodum
3403 5395 3571 5450 totius
3614 5401 3827 5469 populi,
3857 5412 3912 5452 se

2302 5482 2370 5537 ab
2401 5479 2647 5535 Ecclesia
2681 5478 2925 5534 alienare
2959 5496 2973 5533 :
3007 5481 3237 5554 nimium,
3272 5479 3430 5535 nobis
3470 5494 3827 5554 arroganlus.
3868 5482 3912 5536 si

2300 5562 2546 5633 protinus
2573 5557 2835 5613 audemus
2853 5560 2926 5612 ab
2950 5560 3204 5615 Ecclesia:
3228 5552 3626 5620 communione
3642 5552 3907 5633 censere,

2297 5642 2390 5697 ubi
2419 5655 2526 5694 non
2557 5640 2799 5693 omnium
2828 5653 3014 5693 mores
3052 5640 3136 5694 vel
3166 5647 3348 5695 nostro
3367 5640 3594 5710 judicio
3623 5648 3713 5702 vel
3735 5646 3914 5704 Chris-

2297 5721 2457 5777 tiana:
2486 5719 2647 5777 etiam
2682 5717 3008 5788 professioni
3034 5718 3392 5777 satisfaciunt.

2374 5818 2394 5852 ι
2429 5798 2549 5855 Jam
2581 5798 2781 5854 Christi
2813 5806 2868 5852 et
2890 5798 3259 5867 apostolorum
3290 5803 3561 5869 saeculum
3591 5807 3765 5875 quia
3784 5806 3917 5869 id!

510 5894 523 5905 .
598 5874 702 5917 nus
738 5867 916 5914 tamen
946 5861 999 5913 in
1040 5861 1357 5941 prtefatione
1406 5878 1519 5919 suae
1570 5864 1945 5943 lnstitutionis,
1985 5885 2052 5926 ex
2098 5874 2190 5929 illa
2292 5878 2477 5959 Neque
2517 5885 2698 5949 tamen
2745 5861 3009 5956 impedire
3052 5880 3232 5969 potuit
3256 5861 3550 5968 desperata
