4134 6186
245 275 256 286 ’
301 309 431 373 ιιθδ

1167 304 1499 366 HISTORIA
1539 300 2164 367 CARTHAGINENSIS
2210 309 2722 379 COLLATIONIS.

3548 360 3691 423 H94

299 442 520 537 “"97"”
547 427 824 537 ξηυίῗίὲῗν
852 436 1043 537 ⁰Ἶ¹¹¹³⁸
1068 423 1760 537 ἷ¹ξῗῗείῗξῗῗ¹¹ἷῖῗὲξῖ³ῗῗῗζ
1785 423 1899 537 ῗίῗ
1923 419 1986 485 Α
2008 425 2240 537 Si”?
2264 439 2335 537 οἳ
2365 432 2693 537 ί“ίθίξ¹“ί⁸⁹⁸’
2723 447 2997 511 “mrum
3022 457 3151 515 οάίο
3173 476 3202 517 a
3232 462 3473 537 legitima
3504 419 3693 535 Eccle;

300 521 471 577 soluta
512 520 726 576 vivendi
764 519 1001 589 licentia,
1032 518 1159 591 qttin
1192 515 1388 572 iisdem
1434 514 1611 571 sacris
1636 528 1763 569 eum
1794 527 1899 584 po-

303 612 422 683 pulo
454 621 758 677 uterentur,
806 621 859 667 et
900 611 953 666 in
976 624 1138 666 unum
1188 621 1311 663 cum
1362 604 1595 674 reliquis
1626 604 1902 675 templum

301 702 360 757 ad
393 703 603 773 publica
630 702 902 773 religionis
928 700 1184 758 exercitia
1216 696 1589 753 convenirent.
1622 694 1787 751 Unde
1810 693 1905 749 id?

302 796 399 852 nisi
426 796 549 867 quia
586 795 832 851 sciebant
859 796 1117 851 malorum
1161 790 1426 848 societate
1467 788 1696 851 minime
1724 785 1908 857 pollui

302 888 407 957 qui,
438 902 567 958 pura
588 886 941 952 conscientia,
972 886 1160 941 iisdem
1190 881 1359 937 sacris
1383 875 1910 934 communicarent?

302 980 352 1036 Si
384 996 541 1051 quem
578 995 762 1050 parum
810 989 1034 1034 movent
1078 977 1349 1048 propheta:
1380 981 1435 1029 et
1471 968 1753 1043 apoSIoli;
1810 966 1915 1023 ille

302 1073 488 1128 saltem
520 1071 717 1127 Christi
748 1070 1057 1127 auctoritati
1082 1069 1407 1139 acquiescat.
1446 1065 1592 1118 Bene
1620 1075 1763 1130 ergo
1799 1058 1918 1129 Cy-

300 1167 518 1238 prianus
553 1182 565 1218 :
600 1163 713 1219 Etsi
745 1164 1013 1231 videnlur,
1046 1163 1240 1232 inquit,
1277 1160 1332 1215 in
1380 1155 1616 1213 Ecclesia
1653 1152 1909 1219 zizania,

298 1269 386 1312 aut
409 1273 533 1313 vasa
567 1258 799 1329 impura,
829 1273 935 1312 non
963 1263 1046 1311 est
1081 1264 1256 1310 tamen
1283 1269 1379 1308 cur
1407 1251 1507 1322 ipsi
1540 1250 1607 1305 de
1637 1243 1914 1303 Ecclesia

298 1349 665 1405 recedamus:
700 1347 856 1403 nobis
907 1347 1081 1402 danda
1122 1361 1309 1416 opera,
1351 1355 1405 1400 et
1456 1352 1717 1417 quantum
1774 1335 1914 1393 licet

297 1442 676 1509 innitendum,
710 1453 769 1496 ut
803 1456 899 1496 vas
942 1456 1165 1497 aureum
1218 1449 1273 1495 et
1323 1449 1639 1510 argenteum
1694 1431 1903 1488 simus.

237 1515 245 1531 ’
295 1534 565 1592 Cmterum
606 1537 788 1592 tietilia
816 1550 945 1590 vasa
972 1533 1317 1604 confringere
1346 1532 1511 1588 solius
1541 1526 1760 1587 Domini
1789 1533 1901 1594 est,

2008 520 2091 574 sia
2116 522 2483 633 discedunt,
2503 532 2635 589 dum
2665 552 2694 591 a
2731 541 2970 607 factione
2998 520 3686 633 improborum—declina;

2010 624 2350 728 sepultam:
2389 620 2655 728 allegant
2686 628 2993 698 Ecclesiam
3035 620 3237 705 Christi
3271 620 3682 721 sanetam—csse:

2015 703 2247 810 γει-αξη
2281 719 2347 762 ιιι
2396 714 2570 771 simul
2604 719 2912 800 intelligant
2956 753 3077 795 esse
3120 759 3185 799 ex
3226 747 3385 806 bonis
3430 764 3485 810 et

2015 808 2410 907 permixtam,
2450 808 2600 866 illam
2627 833 2695 873 ex
2724 836 2822 880 ore
2847 825 3048 888 Christi
3078 840 3391 906 parabolam

2019 906 2073 1005 ni
2097 905 2222 1005 qna
2258 896 2364 949 reti
2397 913 2776 983 comparatur,
2807 934 2917 988 quo
2945 896 3121 990 pisces
3141 946 3302 987 omne
3326 896 3683 1005 gentisve-olli:

2019 991 2493 1105 :A'fq.“
2533 997 2859 1100 seliguntur,
2888 1013 3062 1101 donec
3091 1019 3145 1073 in
3176 991 3495 1086 littore
3510 991 3681 1105 esp-o-

2025 1075 2137 1193 siti.
2162 1075 2434 1180 Andiant
2460 1089 2580 1187 agri
2604 1108 2729 1152 esse
2755 1090 3135 1180 similequni
3177 1114 3319 1173 bona
3333 1075 3676 1193 ιιῖζζέξξξέξ-

2026 1176 2474 1278 ῗιῗῗῖἰιῗεὶιιιιε
2503 1192 2706 1278 ιηιηιιοι
2743 1190 2932 1252 fraude
2956 1198 3196 1260 inficitur
3217 1209 3415 1278 quibus
3444 1230 3552 1271 non
3575 1234 3677 1274 ex-

2564 1274 2575 1284 .
3156 1258 3183 1260 η
3223 1258 3415 1278 Ἴων..-
3445 1258 3549 1271 ην..
3576 1258 3676 1274 με

2026 1263 2309 1367 purgatur:
2325 1258 2532 1367 donec
2564 1289 2615 1329 tn
2643 1292 2826 1339 aream
2874 1289 3100 1349 advecta
3133 1298 3293 1356 fuerit
3319 1309 3537 1364 messis.
3562 1311 3679 1367 Au-

2022 1347 2171 1461 diam
2195 1350 2465 1461 denique
2496 1375 2684 1461 aream
2728 1389 2874 1445 esse,
2921 1382 2974 1437 in
3005 1400 3109 1455 qua
3154 1391 3233 1447 sic
3265 1347 3673 1461 colleczugmlst

2018 1449 2293 1550 triticum.
2330 1450 2389 1494 ιιι
2425 1452 2537 1508 sub
2561 1461 2714 1527 palea
2739 1449 3040 1541 delitescat,
3071 1480 3247 1538 donec
3270 1449 3667 1550 vannovetucri:

2015 1535 2113 1642 bro
2150 1549 2548 1642 .reopfll‘gatum
2602 1553 2656 1608 in
2717 1558 2975 1620 horreum
3036 1576 3257 1629 tandem
3319 1535 3655 1642 recondiitir.

294 1629 380 1683 cui
406 1638 461 1684 et
486 1630 633 1698 virga
658 1626 831 1683 ferrea
862 1627 986 1682 data
1014 1637 1095 1682 est
1129 1643 1142 1679 :
1169 1641 1267 1679 nec
1301 1626 1579 1695 quisquam
1606 1620 1710 1677 sibi
1744 1617 1898 1722 quod
2009 1628 2163 1696 Quod
2192 1629 2241 1684 si
2273 1627 2382 1685 hoc
2407 1640 2562 1694 malo
2607 1647 2678 1701 ad
2702 1649 2848 1707 diem

289 1720 568 1791 proprium
601 1728 686 1775 est
713 1719 815 1774 soli
849 1718 1009 1799 Filio,
1034 1717 1299 1783 vendicet,
1336 1725 1388 1771 nt
1419 1716 1484 1771 ad
1510 1729 1692 1770 arcam
1721 1710 1895 1769 venti-

2004 1722 2317 1826 Ecclesia-m
2367 1738 2753 1796 pronuntiavit
2801 1722 3097 1817 Domi-nus,
3159 1764 3219 1808 ut
3266 1722 3645 1826 improborum

289 1810 509 1866 landam
551 1818 606 1864 et
644 1810 974 1880 purgandam
1016 1808 1225 1876 paleam
1273 1808 1524 1873 sulﬁciat,
1578 1806 1891 1877 zizaniaque
1922 1801 1977 1864 B
2005 1815 2378 1881 permixtione
2400 1835 2687 1896 oneretur,
2724 1834 2923 1892 frustra
2953 1801 3107 1895 nullo

289 1906 474 1961 omnia
503 1904 741 1960 humano
766 1903 973 1975 judicio
1000 1904 1355 1973 segreganda.
1386 1899 1627 1969 Superba
1667 1912 1749 1956 est
1781 1901 1885 1954 ista

285 2000 600 2064 obstinatio,
628 2009 683 2054 et
707 1997 969 2068 sacrilega
1013 1995 1386 2066 praesumptio,
1416 2008 1574 2064 quam
1603 1993 1704 2049 sibi
1733 1991 1886 2048 furor

284 2106 485 2162 pravus
509 2090 757 2155 assumit;
798 2097 903 2146 etc.
928 2088 1119 2143 Fixum
1151 2088 1313 2158 igitur
1342 2098 1627 2157 utrumque
1658 2086 1883 2141 istorum

283 2194 522 2253 maneat,
567 2186 701 2241 nihil
729 2185 1096 2241 excusationis
1140 2200 1266 2240 eum
1311 2183 1531 2249 habere,
1573 2182 1666 2253 qui
1712 2192 1884 2238 exter-

281 2295 409 2335 nam
440 2279 703 2335 Ecclesiae
731 2280 1170 2335 communionem
1194 2285 1390 2348 sponte
1414 2275 1639 2342 deserit,
1674 2276 1761 2331 ubi
1785 2277 1883 2333 Dei

279 2371 504 2427 verbum
538 2370 883 2441 praedicatur,
914 2381 970 2424 et
1004 2378 1342 2427 sacramenta
1391 2367 1877 2424 administrantur:

278 2461 481 2517 deinde
508 2460 639 2516 nihil
669 2461 889 2516 obstare
920 2460 1008 2515 vel
1038 2474 1330 2529 paucorum
1359 2458 1443 2511 vel
1482 2459 1773 2513 multorum
1803 2459 1881 2512 vi-

279 2555 353 2609 tia
386 2555 676 2623 quominus
724 2553 838 2608 illic
869 2554 973 2607 rite
998 2551 1342 2609 caeremoniis
1369 2565 1400 2605 a
1441 2552 1552 2605 Deo
1596 2550 1877 2616 institutis,

280 2646 444 2705 ﬁdem
477 2659 718 2702 nosuam
760 2643 1114 2715 proﬁteamur
1147 2661 1161 2699 :
1196 2643 1323 2713 quia
1365 2657 1464 2697 nec
1503 2641 1725 2697 alterius
1763 2642 1880 2699 sive

275 2741 541 2812 pastoris,
573 2740 688 2795 sive
728 2738 945 2809 privati,
989 2738 1306 2808 indignitate
1338 2736 1555 2791 laeditur
1613 2735 1700 2804 pia
1743 2750 1877 2791 con-

272 2832 531 2900 scientia,
568 2846 670 2888 nec
718 2833 897 2886 minus
944 2846 1074 2901 pura
1108 2842 1231 2885 sunt
1278 2840 1334 2884 et
1376 2830 1634 2884 salutaria
1667 2828 1880 2886 Domini

271 2927 539 2997 mysteria
574 2925 782 2979 homini
820 2933 1010 2981 sancto
1034 2933 1090 2979 et
1116 2923 1447 2994 recto,.quia
1477 2922 1636 2978 simul
1669 2923 1736 2977 ab
1774 2922 1879 2977 im-

271 3021 430 3087 puris
459 3024 837 3073 attrectentur.
872 3035 891 3070 ι
926 3016 1054 3072 Hice
1084 3017 1199 3085 ille,
1223 3032 1344 3087 qute
1377 3033 1517 3073 nunc
1544 3032 1648 3073 non
1679 3019 1878 3076 invitus

267 3111 552 3177 describo,
585 3118 645 3164 ut
678 3110 970 3165 adversarii
994 3125 1210 3181 quoque
1234 3110 1596 3175 confessione,
1632 3126 1875 3180 causam,

1993 1917 2271 2002 quaerunt.
2302 1927 2321 1962 ο
2358 1911 2489 1971 llaec
2529 1918 2645 1975 ille.
2682 1924 2817 1991 Quae
2856 1931 2901 1983 si
2951 1933 3193 1987 nondum
3239 1911 3523 1997 sufﬁciunt
3561 1948 3633 2002 ad

1990 2001 2439 2061 contundendam
2487 2020 2810 2071 nostrorum
2854 2035 3151 2076 censorum
3181 2024 3301 2081 sive
3339 2001 3629 2089 eontnmaé

1990 2093 2129 2196 ciam
2178 2094 2297 2150 sive
2339 2102 2752 2174 morositatem,
2785 2111 3041 2179 adjiciam
3073 2116 3219 2182 quod
3258 2117 3402 2175 idem
3432 2138 3623 2183 eorum

1987 2190 2249 2251 magister
2274 2190 2499 2257 scripsit
2524 2195 2593 2250 ad
2607 2213 2797 2255 versus
2822 2203 3228 2272 Anabaptistas.

2064 2293 2085 2327 ε
2120 2275 2386 2343 Vidimus,
2433 2282 2636 2353 inquit,
2680 2306 2809 2358 quae
2842 2293 2971 2347 vitia
2995 2292 3051 2346 in
3097 2295 3338 2356 Ecclesia
3387 2304 3614 2365 Iudaica

1984 2366 2269 2465 Propheta:
2301 2373 2741 2465 reprehendunt,
2768 2393 2865 2438 aut
2898 2385 3077 2451 potius
3105 2399 3290 2446 contra
3320 2409 3458 2465 quas
3478 2401 3610 2457 abo-

1984 2458 2304 2552 minationes
2336 2462 2752 2536 vociferentur;
2786 2487 2969 2541 neque
3000 2490 3126 2533 vero
3151 2458 3608 2552 reprehensiones

1982 2548 2091 2654 illae
2116 2562 2433 2653 competunt
2456 2555 2510 2609 in
2543 2572 2711 2619 unum
2736 2577 2927 2631 genus
2957 2548 3228 2629 hominum
3257 2595 3271 2633 :
3301 2581 3394 2636 sed
3426 2585 3604 2654 palam

1981 2640 2342 2741 denuntiant,
2370 2660 2398 2698 a
2440 2645 2801 2716 primoribus
2843 2654 2914 2711 ad
2943 2659 3145 2730 plebem
3172 2683 3365 2741 usque,
3394 2640 3605 2735 slsum:

1984 2734 2086 2841 niis
2136 2735 2202 2789 ad
2251 2734 2469 2839 intimos
2521 2742 2706 2799 omnia
2766 2743 2866 2801 sic
2911 2767 3151 2830 corrupta
3207 2734 3270 2821 et
3303 2734 3601 2841 depravata

1981 2824 2170 2891 fuisse,
2202 2837 2260 2881 ut
2288 2828 2373 2885 vix
2398 2835 2619 2887 unicum
2651 2836 2978 2902 membrum
3006 2824 3190 2913 sanum
3220 2824 3601 2937 reperirihpos:

1978 2921 2068 2974 sit.
2080 2921 2224 3031 liltec
2250 2922 2395 2978 enim
2422 2936 2549 2983 sunt
2578 2928 2838 2999 ipsorum
2883 2945 3061 3002 verba.
3092 2952 3172 3007 An
3195 2921 3324 3011 vero
3349 2921 3603 3031 propter-

1979 3027 2041 3112 ea
2067 3012 2342 3112 desierunt
2372 3032 2495 3072 cum
2544 3022 2751 3090 populo
2791 3024 2981 3102 iniquo
3008 3049 3063 3095 et
3111 3012 3368 3112 perverso
3396 3012 3599 3110 conve-

1984 3104 2120 3209 nire,
2152 3113 2208 3158 nt
2253 3106 2547 3209 adorarent
2580 3113 2775 3181 Deum,
2812 3129 2872 3175 ut
2900 3104 3164 3190 o'lferrent
3211 3104 3598 3209 sacrificiaiut

265 3218 437 3274 quam
469 3218 592 3272 ago,
636 3216 887 3273 peragam
925 3219 939 3257 τ
967 3176 1029 3258 εί
1067 3176 1195 3256 ιθὶίη
1240 3202 1642 3272 subscriptione
1677 3176 1875 3261 ροηδε-,ξ
1905 3176 1953 3242 C
1983 3196 2229 3252 audirent
2260 3197 2561 3254 doctrinam
2589 3176 2774 3274 legis?
2797 3209 2882 3266 An
2909 3176 3183 3292 seei-suurn,
3211 3176 3596 3300 ῖὲιᾟρἷιῑέἐιᾙ

265 3310 420 3361 mem
447 3293 850 3349 conclusionem
873 3292 1317 3364 Carthaginensis
1344 3294 1660 3349 Collationis
1686 3303 1875 3355 contra

266 3386 611 3445 Donatistas.
662 3385 849 3455 Itaque
878 3401 984 3441 non
1020 3387 1288 3458 gravabor
1318 3400 1382 3441 ex
1432 3386 1621 3442 eadem
1654 3388 1874 3443 Institu-

262 3482 425 3535 tione
462 3486 713 3548 repetere
741 3493 804 3535 ea
848 3494 967 3549 quae
998 3482 1157 3549 paulo
1199 3488 1326 3536 ante
1371 3490 1499 3534 sunt
1542 3480 1864 3552 subscripta.

259 3573 411 3629 Nam
456 3588 524 3628 ex
560 3570 862 3641 Augustino
897 3573 1125 3639 repetita
1157 3573 1429 3637 videntur,
1462 3584 1516 3629 et
1561 3573 1869 3631 Donatistas

259 3666 443 3723 veluti
467 3665 738 3737 jugulant.
771 3663 932 3736 363
963 3663 1222 3729 Fuerunt,
1277 3665 1476 3734 inquit,
1513 3682 1749 3735 semper,
1777 3669 1869 3737 qui

257 3761 407 3823 falsa
426 3757 697 3813 absolutae
720 3758 1092 3810 sanctimoniae
1117 3760 1469 3825 persuasione
1496 3757 1707 3826 imbuti,
1743 3767 1868 3812 tam-

254 3867 435 3925 quam
474 3848 621 3905 aerei
661 3847 878 3919 quidam
911 3848 1188 3903 daPmones
1210 3848 1319 3919 jam
1359 3848 1484 3905 laeti
1513 3860 1714 3917 essent,
1750 3867 1868 3907 om-

254 3948 423 4004 nium
455 3942 733 3999 hominum
762 3943 1096 3997 consortium
1119 3951 1559 4013 aspernarentur,
1590 3942 1645 3999 in
1667 3945 1865 4015 quibus

253 4042 569 4096 humanum
612 4034 795 4091 adhuc
835 4035 1035 4104 aliquid
1076 4035 1305 4092 subesse
1353 4047 1659 4099 cernerent.
1703 4037 1863 4096 Tales

251 4133 400 4188 olim
421 4141 578 4185 erant
606 4128 826 4187 Cathari
845 4142 895 4187 et
918 4131 1011 4201 qui
1040 4130 1104 4187 ad
1131 4148 1317 4188 eorum
1343 4134 1617 4188 vesaniam
1644 4135 1868 4190 accede-

248 4225 423 4289 bant,
473 4222 784 4280 Donatistm.
834 4223 994 4279 Tales
1025 4222 1187 4278 hodie
1227 4234 1350 4278 sunt
1390 4239 1455 4281 ex
1496 4224 1879 4295 Anabaptistis.

249 4316 510 4384 nonnulli
539 4316 628 4386 qni
659 4331 820 4387 supra
848 4316 983 4371 alios
1015 4316 1205 4371 volunt
1227 4315 1393 4373 videri
1421 4315 1864 4386 profecisse.Alii

243 4421 394 4473 sunt
452 4414 541 4481 qui
594 4411 1002 4469 inconsiderato
1042 4411 1211 4481 magis
1243 4411 1467 4481 iustitia:
1501 4413 1650 4478 zelo,
1700 4428 1861 4483 quam

244 4510 458 4565 insana
491 4507 577 4568 illa
622 4509 873 4578 superbia
922 4516 1167 4575 peccant.
1203 4506 1337 4563 Dum
1374 4509 1517 4563 enim
1560 4508 1702 4579 apud
1739 4523 1856 4574 eos,

240 4602 462 4675 quibus
490 4601 838 4672 Evangelium
880 4600 1249 4668 annuntiatur,
1292 4598 1409 4668 ejus
1446 4600 1709 4655 doctrinae
1749 4616 1857 4656 non

239 4691 599 4764 respondere
624 4693 853 4749 fructum
883 4693 1094 4757 vident,
1136 4691 1335 4746 nullam
1378 4690 1492 4748 illic
1516 4707 1639 4748 esse
1666 4692 1860 4748 Eccle-

234 4791 425 4854 δίειμι,
464 4786 648 4845 statim
673 4786 935 4857 judicant.
964 4784 1267 4843 Justissima
1299 4784 1514 4855 quidem
1564 4794 1647 4839 est
1691 4784 1859 4839 uiren-

233 4882 364 4947 sin,
396 4887 449 4934 et
470 4879 556 4939 cui
588 4878 705 4947 plus
722 4878 853 4939 satis
871 4876 1171 4933 occasionis
1196 4877 1298 4931 hoc
1326 4876 1631 4933 miserrimo
1657 4877 1860 4934 saeculo

237 4974 592 5047 praebemus.
625 4971 739 5028 Nec
772 4986 1035 5028 excusare
1066 4970 1191 5026 licet
1231 4969 1572 5027 maledictam
1620 4982 1857 5028 nostram

233 5068 556 5142 ignaviam,
579 5082 740 5137 quam
771 5066 1026 5125 Dominus
1050 5065 1368 5136 impunitam
1395 5080 1517 5120 csse
1547 5080 1653 5121 non
1681 5066 1853 5124 sinet:

236 5174 304 5219 ιιι
336 5162 462 5233 jam
491 5160 748 5232 gravibus
776 5158 1001 5229 ﬂagellis
1045 5160 1309 5227 castigare
1347 5157 1553 5227 incipit.
1592 5156 1680 5212 Vtr-
1723 5173 1853 5228 ergo

234 5253 533 5323 nobisqui
568 5260 675 5309 tam
708 5250 970 5308 dissoluta
998 5250 1319 5321 ﬂagitiorum
1359 5248 1575 5305 licentia
1604 5253 1855 5304 commit-

233 5349 449 5409 timus,
518 5356 572 5398 ut
614 5351 833 5412 prepter
875 5358 973 5397 nos
994 5335 1354 5397 vulnerentur
1383 5341 1680 5397 imbecilles
1726 5356 1857 5397 con-

228 5439 528 5497 scientiae.
572 5435 675 5491 Sed
719 5436 769 5491 in
799 5438 899 5490 hoc
923 5436 1156 5489 vicissim
1192 5439 1415 5501 peccant
1449 5433 1524 5489 illi
1556 5448 1691 5504 quos
1715 5433 1855 5491 dixi-

231 5526 569 5599 mus,quod
600 5526 878 5583 offensioni
912 5541 1021 5579 suae
1050 5523 1268 5577 modum
1300 5529 1539 5579 statuere
1580 5522 1847 5581 nesciunt.

226 5623 400 5681 Nam
440 5620 525 5675 ubi
560 5619 817 5674 Dominus
864 5616 1206 5672 clementiam
1248 5615 1435 5684 exigit.
1488 5617 1689 5671 omissa
1738 5618 1849 5683 illa,

232 5724 411 5771 totos
453 5728 512 5767 se
553 5711 915 5767 immoderata:
942 5709 1215 5763 severitati
1266 5706 1503 5761 tradunt.
1540 5707 1674 5775 Quia
1708 5709 1851 5764 enim

241 5819 378 5875 non
417 5811 602 5877 putant
631 5816 752 5863 esse
783 5801 1105 5872 Ecclesiam,
1144 5799 1230 5869 ubi
1273 5815 1379 5861 non
1414 5809 1499 5857 est
1536 5800 1706 5863 solida
1732 5802 1854 5863 vita:

1881 4556 1940 4620 D

1979 3290 2149 3388 altare
2176 3302 2582 3388 exstrtnterunt,
2619 3306 2677 3353 ut
2707 3315 2842 3369 pura
2873 3307 3121 3371 Ecclesia
3154 3290 3499 3388 potirentur?
3529 3290 3590 3386 Si

1977 3383 2236 3484 polluitur
2266 3384 2470 3484 fidelis,
2503 3390 2730 3484 quodin
2764 3401 3016 3461 precibus
3046 3383 3170 3464 cum
3200 3412 3403 3484 iniquis
3428 3383 3585 3476 com:

1975 3478 2236 3541 municet,
2263 3477 2316 3532 in
2344 3479 2611 3537 audienda
2638 3483 2908 3557 doctrina,
2934 3494 2990 3549 in
3042 3477 3405 3561 sacramentis
3435 3514 3586 3567 reci.

1974 3567 2183 3637 piendis
2216 3587 2231 3624 :
2262 3568 2547 3640 Prophetae
2573 3588 2764 3632 carnes
2797 3582 2986 3648 polluti
3027 3587 3272 3660 fuerunt,
3319 3612 3384 3652 ac
3411 3602 3582 3658 veluti

1973 3662 2138 3719 duces
2164 3665 2253 3732 qui
2281 3672 2507 3720 caeteros
2546 3670 2796 3740 exemplo
2825 3688 2925 3728 suo
2953 3678 3008 3731 in
3031 3683 3256 3739 exitium
3289 3688 3576 3749 ducerem,

1976 3848 2118 3901 totos
2149 3847 2447 3903 veniamus.
2494 3850 2731 3908 Primum
2779 3858 2981 3916 scimus
3012 3865 3189 3932 qualis
3224 3883 3292 3924 eo
3327 3847 3574 3943 tempore

1971 3939 2135 3993 fuerit
2165 3938 2421 3994 Ecclesiae
2452 3940 2959 4018 llierowlymitanae
2985 3964 3178 4013 status.
3210 3959 3416 4020 Tamen
3440 3936 3568 4022 eum
3646 3936 3655 3943 δ

1969 4030 2179 4085 caeteris
2232 4028 2495 4085 Dominus
2546 4034 2704 4090 Jesns
2760 4040 3075 4098 circumcidi
3125 4049 3314 4103 voluit.
3365 4054 3571 4113 Deinde

1970 4122 2303 4191 purgationis
2325 4122 2412 4178 die
2436 4124 2502 4180 ad
2528 4130 2785 4197 temphnn
2815 4133 3024 4204 alieni,
3049 4147 3109 4193 ut
3130 4155 3197 4197 ex
3224 4145 3387 4200 solito
3414 4162 3570 4207 more

1972 4216 2082 4270 Deo
2113 4215 2419 4272 oﬂcrrctur.
2462 4219 2517 4274 Si
2553 4220 2807 4293 allegent,
2833 4230 3006 4283 sancti
3037 4232 3142 4288 viri
3173 4236 3421 4292 manibus
3443 4254 3569 4297 sus-

1968 4317 2183 4378 ceptum
2212 4307 2382 4366 fuisse
2405 4329 2418 4365 :
2447 4316 2775 4382 reSpondeo,
2801 4317 2853 4373 id
2878 4321 3043 4376 totius
3064 4322 3327 4383 Ecclesia:
3346 4332 3567 4389 nomine

1967 4399 2168 4456 factum
2202 4419 2217 4457 :
2258 4419 2376 4473 qua:
2409 4414 2588 4461 tamen
2634 4410 2893 4477 spurcitia
2920 4412 3085 4468 multa
3116 4418 3565 4479 etabominandis

1968 4494 2112 4551 vitiis
2137 4496 2400 4552 scatebat.
2446 4499 2506 4556 Si
2537 4515 2747 4557 rursum
2783 4503 3070 4574 objicient,
3106 4507 3364 4567 infantem
3401 4513 3566 4572 fuisse

1967 4603 2063 4644 nec
2088 4591 2156 4643 ab
2182 4603 2249 4643 eo
2278 4590 2495 4661 proprie
2512 4591 2647 4649 facta
2667 4610 2679 4645 :
2696 4596 3083 4664 respondeoita
3112 4600 3371 4660 infantem
3396 4604 3564 4667 fuisse

1966 4682 2015 4734 in
2049 4680 2280 4736 humana
2317 4693 2531 4751 natura,
2560 4700 2718 4756 quam
2747 4703 2776 4742 a
2815 4688 2967 4744 nobis
2994 4704 3301 4762 acceperat,
3339 4704 3398 4752 ut
3424 4697 3562 4754 inte-

1963 4773 2063 4827 ritn
2116 4774 2449 4843 providentia
2474 4792 2570 4834 sua
2594 4779 2771 4835 divina
2794 4793 3090 4852 regeretur,
3121 4800 3223 4857 qua
3261 4804 3556 4861 numquam

1958 4868 2211 4933 scivissct
2238 4884 2297 4925 se
2328 4870 2434 4926 ulla
2466 4872 2680 4929 actione
2725 4877 3112 4942 contaminari,
3165 4895 3286 4949 quae
3322 4881 3557 4941 ﬁliorum

1964 4961 2058 5017 Dei
2104 4963 2322 5031 puritati
2371 4976 2717 5036 repugnaret.
2770 4968 3071 5036 Quinetiam
3112 4971 3194 5027 vir
3236 4972 3442 5043 factus,
3491 4992 3557 5034 ac

1963 5054 2102 5124 quod
2158 5056 2390 5125 amplius
2420 5066 2521 5123 est,
2565 5074 2686 5113 cum
2721 5061 3039 5128 prmdicaret
3064 5064 3287 5121 verbum
3321 5067 3439 5135 Dei,
3490 5084 3573 5124 ac»

1962 5149 2139 5202 ollicio
2167 5164 2265 5204 suo
2299 5148 2636 5220 fungeretur,
2676 5166 2794 5206 eam
2825 5158 2967 5209 viam
2999 5167 3313 5225 persecutus
3343 5169 3426 5215 est
3462 5175 3555 5218 us-

1960 5256 2066 5311 que
2093 5241 2158 5296 ad
2190 5248 2493 5298 extremum
2530 5242 2672 5297 diem
2704 5245 2847 5300 vitae.
2889 5245 2947 5303 Si
2975 5247 3267 5317 oﬂenditur
3299 5252 3439 5308 Deus
3482 5253 3553 5310 ab

1959 5349 2060 5398 eo,
2104 5336 2193 5404 qni
2228 5335 2477 5403 precandi
2515 5344 2570 5390 et
2603 5334 2951 5393 teSIilicandae
2991 5340 3119 5395 ﬁdei
3146 5356 3259 5396 sua:
3295 5345 3467 5413 gratia
3496 5344 3551 5399 in

1959 5440 2156 5483 emtum
2187 5427 2420 5497 aliquem
2466 5426 2784 5497 ingreditur,
2836 5445 2863 5483 a
2898 5446 3003 5502 quo
3048 5434 3294 5488 scelerati
3330 5452 3435 5489 non
3462 5451 3552 5490 ar-

1959 5531 2149 5575 centur
2195 5539 2208 5576 :
2252 5524 2378 5592 quid
2435 5525 2533 5579 sibi
2587 5528 2758 5582 voluit
2809 5526 3065 5582 Dominus
3121 5533 3341 5592 noster,
3389 5527 3552 5598 quale

1959 5613 2260 5683 CXCtltpltllll
2286 5616 2531 5685 praebuit,
2564 5634 2683 5674 cum
2709 5621 2960 5689 templum
3003 5620 3547 5688 Hierosolymitanum

1960 5704 2353 5774 ingrederetur,
2378 5718 2434 5762 ut
2463 5726 2564 5764 una
2587 5726 2708 5765 cum
2730 5711 2934 5767 Scribis
2955 5718 3009 5765 et
3032 5708 3340 5776 Pharisaeis,
3371 5722 3426 5767 et
3454 5727 3549 5783 p0-

1963 5797 2088 5872 puln
2120 5805 2245 5861 tunc
2277 5801 2642 5871 perditissimo
2670 5818 2824 5861 sacra
2866 5800 3108 5857 faceret?
3153 5799 3429 5874 Protinus,
3466 5816 3554 5863 sat
