4134 6186
556 357 698 418 M95

1991 361 2361 421 APPENDIX.

3728 367 3856 424 N96

556 477 696 541 scio,
721 475 1006 546 excipient,
1026 473 1302 532 Christum
1328 474 1382 532 in
1404 474 1665 547 templum
1694 491 1804 533 non
1825 476 2159 545 ascendisse,
2189 485 2239 548 Α
2266 479 2382 535 bat.
2413 477 2546 534 Nam
2569 478 2659 550 qui
2691 477 2806 535 edit
2831 485 2886 532 et
2922 477 3056 534 bibit
3078 479 3322 549 indigne,
3343 478 3612 551 judicium
3643 481 3746 537 sibi
3769 484 3858 554 ipsi

560 567 667 624 nisi
699 578 756 622 ut
793 567 921 623 vilia
948 577 1002 624 et
1032 568 1238 624 scelera
1270 568 1717 638 reprehenderet,
1769 586 1890 640 qua:
1921 581 2032 626 tum
2063 569 2158 625 ad-

559 659 950 718 mittebantur:
983 675 1090 717 non
1115 669 1175 716 nt
1195 677 1318 717 cum
1349 676 1538 717 eorum
1563 661 1847 719 sacrificiis
1873 672 1929 719 et
1947 663 2163 719 caeteris

556 750 1030 808 testificationibus
1051 753 1174 809 fidei
1201 753 1567 824 participaret.
1602 755 1804 811 Verum
1833 756 2018 812 falsam
2041 771 2162 812 esse

557 847 702 904 hanc
738 848 1064 904 solutionem
1097 849 1254 905 facile
1290 859 1375 906 est
1419 859 1872 907 commonstrare.
1918 850 2033 906 Non
2066 849 2164 906 abs

556 953 620 996 re
637 939 766 995 dicit
786 939 1134 997 Pauluseum
1167 942 1442 1006 subditum
1475 943 1580 1014 legi
1604 943 1804 1000 factum
1833 943 1924 1018 (de
1944 943 2164 1000 Christo

559 1045 779 1102 semper
805 1031 1074 1104 intelligo)
1126 1043 1184 1089 ut
1217 1035 1286 1090 ab
1317 1034 1436 1106 ejus
1465 1034 1729 1091 servitute
1759 1050 1949 1091 omnes
1993 1035 2085 1106 qui
2113 1035 2164 1090 ei

557 1125 1010 1196 subjiciebantnr,
1043 1128 1360 1185 redimeret.
1415 1129 1488 1185 De
1515 1130 1884 1186 cteretnoniali
1925 1129 2046 1200 lege
2072 1143 2167 1184 no-

562 1221 810 1277 minatim
839 1221 1005 1277 verba
1051 1221 1201 1278 facit.
1251 1223 1387 1278 Cum
1446 1222 1608 1294 igitur
1655 1223 1721 1278 ad
1764 1223 2047 1292 templum,
2103 1236 2168 1278 ac

563 1312 838 1383 praecipue
898 1313 1089 1369 diebus
1144 1313 1296 1370 festis
1356 1323 1410 1370 et
1465 1314 1802 1371 solemnibus
1850 1313 2162 1381 accedebat,

564 1403 812 1474 quamvis
839 1419 904 1459 eo
927 1406 1154 1472 veniret,
1187 1415 1244 1460 nt
1279 1406 1560 1462 meliorem
1593 1405 1946 1476 prontovendi
1983 1405 2166 1459 Evan-

562 1496 714 1569 gelii,
738 1506 793 1552 et
815 1498 1153 1569 corrigendis
1172 1499 1460 1570 impiorum
1485 1499 1649 1564 vitiis,
1669 1500 2008 1556 occasionem
2034 1513 2168 1552 nan-

565 1590 696 1646 cisci
723 1603 906 1661 posset
940 1611 952 1646 :
984 1599 1166 1648 tamen
1196 1607 1302 1648 non
1326 1592 1610 1650 desinebat
1639 1608 1761 1649 sese
1812 1594 1949 1664 legis
1978 1594 2171 1648 obser-

565 1693 810 1740 vatorcm
853 1686 1164 1756 ostendere,
1196 1703 1318 1760 quae
1349 1688 1468 1760 lege
1499 1688 1778 1758 jubentur,
1813 1689 2037 1751 faciens,
2072 1703 2169 1743 ve-

569 1775 728 1831 niens
776 1777 832 1832 in
880 1779 1138 1849 templum
1176 1779 1440 1835 adorandi
1497 1788 1554 1836 et
1601 1779 1939 1836 sacrificandi
1981 1793 2166 1835 causa.

2264 574 2380 632 edit
2407 585 2462 630 et
2491 573 2644 630 bibit.
2674 573 2730 628 In
2759 573 2961 644 quibus
2989 573 3174 629 verbis
3203 574 3312 629 duo
3351 583 3484 630 sunt
3510 574 3856 632 observanda.

2265 671 2534 736 Primum,
2561 668 2778 740 indigne
2802 684 2996 740 panem
3023 671 3235 726 Domini
3258 671 3449 749 edere,
3473 686 3586 728 non
3606 687 3730 729 esse
3753 689 3861 729 cum

2266 763 2334 818 iis
2365 761 2456 834 qui
2484 761 2688 833 indigni
2711 770 2836 816 sunt
2861 763 3262 819 communicare
3294 779 3309 817 :
3339 763 3438 818 sed
3468 780 3580 818 non
3610 764 3716 820 rite
3744 781 3864 836 prse-

2269 870 2464 927 parare
2495 855 2762 924 seipsum,
2819 869 2922 910 nec
2975 855 3284 925 expendere
3326 855 3491 911 fidem
3527 859 3796 927 propriam
3821 870 3868 915 et

2270 947 2663 1017 paenitentiam.
2692 945 2964 1009 Alterum.
2991 963 3113 1002 cum
3146 962 3300 1003 omna
3332 947 3654 1017 recipienda
3679 958 3780 1016 est,
3809 965 3866 1004 ne

2266 1038 2482 1095 initium
2508 1037 2768 1092 faciamus
2793 1037 2861 1092 ab
2879 1037 3017 1103 aliis,
3045 1053 3153 1109 quo
3173 1039 3554 1095 examinemus
3584 1041 3760 1111 ipsos,
3784 1041 3868 1097 sed

2269 1130 2635 1200 nosmetipsos
2659 1129 2977 1200 probemus,
2999 1139 3056 1185 et
3084 1138 3231 1185 certe
3257 1130 3302 1185 si
3346 1141 3612 1187 accurate
3640 1133 3869 1188 conside-

2269 1237 2460 1282 rentur
2484 1224 2688 1289 omnia,
2746 1224 2837 1295 qui
2868 1223 2942 1279 ita
2967 1224 3078 1279 otio
3105 1225 3384 1280 abundant
3431 1235 3492 1280 ut
3520 1227 3798 1298 inquirant
3823 1231 3867 1284 in

2271 1320 2430 1385 alios,
2457 1317 2656 1388 saepius
2679 1317 2732 1372 in
2753 1332 2816 1374 re
2843 1331 2940 1372 sua
2964 1326 3091 1373 sunt
3118 1318 3461 1390 negligentes
3483 1329 3540 1375 et
3560 1320 3824 1377 obliviosi.
3849 1340 3865 1375 ι

2270 1409 2544 1466 Hactenus
2570 1409 2682 1464 ille.

2347 1501 2534 1556 Visum
2565 1499 2669 1556 fuit
2695 1501 3008 1572 superiores
3037 1502 3245 1574 aliquot
3273 1503 3507 1576 paginas
3533 1519 3605 1560 ex
3645 1506 3759 1574 ejus
3784 1507 3871 1561 viri

2272 1593 2682 1650 commentariis
2733 1592 3044 1651 describere
3065 1637 3080 1663 ,
3130 1596 3284 1666 cujus
3314 1611 3414 1652 ore
3445 1606 3504 1652 et
3545 1597 3872 1654 confessione

2276 1685 2586 1741 Donatistas
2611 1699 2826 1756 quoque
2849 1684 3120 1754 damnari,
3144 1699 3198 1742 et
3220 1687 3434 1742 similes
3466 1687 3777 1761 hypocritas
3807 1699 3872 1744 at-

2273 1793 2380 1848 que
2418 1777 2733 1834 ardeliones
2781 1778 3048 1844 accusari,
3106 1779 3356 1835 lubenter
3397 1781 3603 1849 audio,
3657 1792 3713 1836 ut
3743 1792 3875 1837 tanto

567 1869 723 1936 Quod
771 1871 888 1942 ipse
914 1886 1010 1928 ore
1045 1887 1144 1927 suo
1184 1874 1543 1940 confirmavit,
1601 1889 1726 1930 eum
1773 1875 2170 1932 Samaritanam
2201 1882 2251 1942 Β
2278 1869 2453 1940 magis
2498 1885 2562 1924 os
2613 1869 2932 1926 obstruetur
2971 1871 3113 1928 male
3161 1871 3369 1927 feriatis
3420 1872 3747 1941 quibusdam
3779 1875 3878 1942 ejus

567 1964 907 2020 conveniret.
961 1964 1215 2036 Loquens
1265 1966 1410 2021 enim
1458 1983 1524 2021 ex
1573 1966 1818 2022 omnium
1858 1965 2172 2021 Judaaorum

569 2071 824 2128 persona,
857 2059 933 2112 ait
957 2077 970 2112 :
1000 2059 1208 2115 Scimus
1231 2060 1288 2114 id
1307 2062 1443 2132 quod
1470 2060 1748 2115 ademntus
1778 2078 1798 2116 :
1825 2069 1878 2115 at
1899 2077 2007 2128 uos,
2036 2059 2175 2131 quod

571 2148 802 2203 adoratis
852 2149 1104 2216 nescitis:
1134 2150 1258 2218 quia
1304 2151 1450 2206 salus
1501 2167 1566 2206 ex
1617 2150 1822 2208 Judzeis
1867 2161 1968 2206 est.
2023 2151 2174 2207 Haud

572 2251 724 2298 certe
749 2242 817 2298 ab
844 2242 948 2298 illis
967 2257 1028 2300 se
1048 2253 1318 2315 segregat,
1342 2260 1465 2300 cum
1490 2245 1730 2316 loquitur
1747 2245 1814 2300 de
1834 2235 2176 2313 adoration'e,

572 2351 677 2407 qua
707 2337 873 2392 etiam
901 2337 1168 2393 sacriﬁcia
1196 2339 1547 2395 continentur
1575 2357 1588 2392 :
1619 2355 1806 2396 verum
1829 2354 1952 2396 sese
1981 2338 2179 2410 redigit

570 2429 629 2486 in
655 2443 1003 2486 communem
1035 2429 1280 2486 ordinem
1309 2439 1653 2486 cteterorum.
1687 2429 1744 2486 ld
1771 2429 1917 2501 quod
1948 2430 2088 2486 ratio
2111 2431 2179 2486 ab

572 2537 642 2578 eo
685 2522 960 2593 adjuncta,
1015 2523 1187 2594 magis
1232 2525 1398 2580 etiam
1423 2525 1710 2580 confirmat
1741 2542 1754 2578 :
1785 2539 2003 2594 nempe,
2052 2525 2180 2594 quia

572 2615 721 2670 salus
748 2631 814 2670 ex
845 2613 1050 2670 ludatis
1074 2626 1178 2670 est.
1207 2615 1300 2672 His
1327 2617 1472 2671 enim
1492 2616 1676 2672 verbis
1692 2615 1824 2672 nihil
1850 2615 1994 2670 aliud
2014 2615 2178 2670 intel-

573 2709 714 2780 ligit,
738 2724 900 2779 quam
920 2708 1127 2765 cultum
1141 2711 1230 2782 qui
1255 2709 1650 2782 Hierosolymis
1668 2709 2026 2765 exhibebatur
2043 2708 2180 2775 Deo,

575 2800 683 2872 ipsi
712 2811 924 2872 gratum
958 2800 1145 2867 fuisse,
1183 2809 1391 2857 tantum
1429 2801 1498 2857 ob
1529 2801 1708 2858 foedus
1753 2801 1897 2872 quod
1923 2817 2046 2856 cum
2077 2815 2180 2872 po-

577 2893 706 2964 pulo
733 2892 827 2948 illo
851 2893 1065 2949 inierat.
1101 2893 1181 2949 Ex
1210 2893 1404 2965 quibus
1437 2893 1794 2964 perspicimus
1821 2909 1944 2949 eum
1974 2893 2064 2964 qui
2092 2908 2181 2948 sa-

578 2986 873 3041 cramentis
903 3001 934 3041 a
968 2985 1078 3042 Deo
1121 2986 1381 3042 institutis
1418 3001 1541 3042 eum
1572 2987 1772 3058 iniquis
1799 2986 2182 3050 communicat,

579 3077 827 3148 ipsorum
857 3093 1155 3150 congressu
1207 3095 1315 3136 non
1356 3079 1557 3151 pollui,
1613 3079 1777 3137 modo
1808 3081 1924 3152 ipse
1953 3079 2186 3135 crimine

579 3180 762 3240 vacet,
792 3187 1032 3245 puraque
1054 3173 1388 3230 conscientia
1420 3175 1490 3230 sit
1518 3173 1799 3244 praeditus.
1827 3172 1975 3228 [dem
2011 3174 2184 3241 Apos-

2279 1961 2585 2032 discipulis,
2636 1975 2865 2030 quorum
2897 1976 3144 2016 severam
3195 1963 3410 2018 scilicet
3451 1977 3764 2028 censuram,
3791 1963 3880 2018 hoc

2279 2065 2384 2118 est,
2417 2069 2671 2111 vesanam
2701 2055 3102 2126 intemperiem,
3139 2056 3319 2111 notari
3339 2065 3507 2128 atque
3527 2057 3770 2114 coerceri
3797 2071 3880 2112 ne-

2278 2163 2436 2204 cesse
2466 2159 2569 2204 est.
2626 2147 2778 2204 Nunc
2830 2159 2886 2204 nt
2927 2148 2993 2204 ad
3045 2149 3408 2207 Collationem
3447 2161 3695 2208 revertar
3727 2171 3742 2206 :
3773 2152 3882 2222 ejus

2279 2251 2398 2297 aeta
2420 2240 2746 2313 significant,
2779 2241 3083 2298 Donatistas
3112 2230 3276 2298 etiam
3319 2243 3584 2311 ohjecisse
3610 2245 3880 2315 quidpiam

2281 2350 2350 2391 ex
2380 2336 2564 2406 Aggaei
2597 2335 2879 2407 prophetae
2915 2350 3038 2406 cap.
3089 2352 3152 2399 ιι,
3184 2336 3255 2392 de
3287 2337 3539 2407 fugienda
3569 2339 3884 2409 contagione

2281 2427 2571 2494 malorum,
2628 2428 2847 2484 tametsi
2887 2426 3224 2500 Augustinus
3271 2430 3478 2485 scribat
3527 2431 3744 2485 nonnisi
3774 2439 3883 2500 post

2280 2517 2644 2576 Collationem
2675 2519 2729 2575 id
2777 2535 2874 2576 eos
2903 2520 3192 2591 allegasse.
3223 2520 3470 2588 Qua-stin
3493 2531 3674 2576 autem
3701 2520 3799 2575 fuit
3825 2519 3886 2574 de

2282 2611 2435 2669 hisce
2460 2612 2666 2680 verbis,
2701 2611 3024 2683 Quicumque
3063 2614 3339 2668 accesserit
3358 2613 3429 2667 ad
3451 2614 3626 2679 illum,
3656 2615 3885 2683 inquine-

2281 2705 2440 2773 bitur,
2487 2715 2618 2771 etc.,
2651 2721 2771 2776 quae
2819 2706 3070 2776 leguntur
3122 2707 3174 2762 in
3229 2708 3685 2778 interpretatione
3732 2706 3882 2763 LXX.

2282 2799 2389 2856 Sed
2414 2800 2458 2855 si
2486 2799 2748 2856 Catholici
2772 2799 3254 2866 observassent,ab
3272 2801 3670 2872 interpretibus
3691 2801 3794 2856 illis
3805 2799 3889 2854 ad-

2278 2893 2423 2965 jecta
2451 2892 2618 2949 videri
2645 2910 2658 2947 :
2683 2893 2874 2948 saltem
2892 2908 2996 2948 non
3010 2902 3223 2948 exstare
3245 2893 3300 2948 in
3315 2905 3576 2950 contextu
3607 2893 3887 2958 Hebraico,

2286 3001 2478 3057 magna
2533 2987 2779 3042 molestia
2828 2987 3192 3058 respondendi
3237 2987 3396 3043 facile
3436 3003 3499 3043 se
3548 2988 3888 3044 liberassent.

2365 3079 2656 3134 Donatistae
2681 3096 2786 3134 non
2816 3088 2923 3135 tam
2951 3080 3268 3135 fueruntvel
3293 3080 3594 3151 ingeniosi,
3621 3081 3710 3136 vel
3728 3094 3886 3148 acies,

2285 3170 2374 3226 vel
2405 3169 2642 3237 facundi,
2670 3171 2756 3226 vel
2783 3171 3150 3237 vehementes,
3183 3187 3343 3243 quam
3368 3172 3456 3226 alii
3479 3173 3712 3243 quidam
3743 3173 3792 3227 in
3810 3186 3890 3227 ac-

581 3262 680 3318 toli
713 3265 957 3336 magistri
993 3265 1306 3336 exemplum
1337 3266 1511 3321 secuti
1563 3267 1828 3322 fecerunt.
1873 3263 2080 3320 Verum
2120 3277 2188 3318 ne
2213 3264 2260 3329 C
2290 3262 2530 3336 cusanda
2555 3262 2818 3330 Ecclesia,
2855 3278 2886 3318 a
2912 3278 3014 3334 qua
3043 3262 3372 3318 defecerant.
3404 3263 3517 3318 lino
3558 3265 3758 3329 multa,
3786 3277 3889 3333 qua:

583 3357 912 3428 prolixiores
937 3359 1132 3426 simus,
1161 3373 1324 3430 quam
1354 3374 1451 3428 par
1477 3359 1568 3421 sit.
1609 3357 1776 3413 Paulo
1807 3372 1916 3412 uno
1945 3356 2188 3412 contenti

583 3448 777 3504 simus.
809 3448 1014 3506 Omitto
1039 3450 1186 3520 quod
1227 3464 1623 3521 quemcumque
1651 3451 1704 3504 in
1733 3450 1912 3504 locum
1960 3449 2188 3514 veniret,

583 3539 704 3595 sine
730 3539 836 3595 ulla
860 3540 1176 3597 difficultate
1202 3542 1256 3596 in
1284 3556 1614 3614 synagogam
1641 3541 1955 3597 Judaaorum
1985 3540 2193 3612 ingrcs-

587 3648 682 3689 sus
726 3643 831 3701 est,
885 3643 943 3689 ut
983 3643 1164 3690 oraret
1211 3635 1381 3690 Deum
1412 3645 1467 3691 et
1513 3635 1582 3692 de
1613 3636 1879 3706 scriptura
1912 3643 2188 3691 tractaret.

589 3725 792 3782 Omitto
818 3729 1008 3794 etiam,
1033 3727 1179 3799 quod
1204 3729 1255 3784 ei
1283 3728 1476 3799 religio
1503 3744 1610 3784 non
1637 3727 1740 3783 fuit
1764 3742 1884 3784 sese
1909 3729 1965 3783 in
1993 3727 2194 3799 templo

591 3819 876 3888 exhibere,
908 3829 968 3875 ut
998 3820 1071 3876 ibi
1102 3821 1270 3876 Deum
1297 3821 1588 3888 adoraret,
1619 3828 1674 3876 et
1701 3819 2040 3875 caeremoniis
2066 3819 2197 3890 legi-

594 3910 743 3966 timis
787 3928 892 3968 una
940 3927 1064 3968 cum
1113 3913 1337 3984 reliquis
1388 3923 1674 3969 uteretur:
1707 3915 1954 3984 quamvis
1983 3929 2193 3969 summa

594 4015 740 4060 esset
763 4004 1106 4061 sacerdotum
1147 4013 1202 4060 et
1229 4005 1554 4072 scribarum,
1603 4006 1696 4075 qui
1738 4015 1849 4059 tum
1882 4005 1991 4059 illic
2016 4015 2193 4071 erant,

601 4097 920 4169 improbitas
949 4105 1006 4155 et
1047 4098 1310 4168 nequitia.
1363 4095 1482 4152 Non
1531 4096 1675 4167 quod
1707 4097 1798 4152 illa
1831 4097 1897 4152 ad
1926 4114 2040 4153 rem
2089 4114 2194 4153 non

597 4192 801 4248 faciant
831 4210 843 4246 :
873 4190 970 4249 sed
997 4193 1121 4263 quia
1145 4191 1379 4248 clariore
1412 4190 1794 4262 probationum
1822 4207 2043 4262 genere,
2075 4208 2197 4264 qua:

597 4283 880 4339 calumniis
912 4282 1092 4337 minus
1113 4282 1259 4338 eludi
1289 4292 1535 4353 possunt,
1565 4297 1673 4337 non
1694 4297 1963 4337 caremus.
1995 4282 2198 4352 Nempe

596 4373 742 4444 quod
768 4373 1121 4443 conqueritur
1148 4386 1244 4428 eos
1271 4374 1364 4444 qui
1389 4373 1564 4444 ipsum
1592 4373 1848 4444 adjuvare
1872 4373 2197 4440 debuerant,

599 4465 802 4522 Christi
831 4466 1038 4522 honore
1058 4475 1114 4521 et
1158 4466 1418 4521 Ecclesiae
1449 4467 1832 4537 prorogatione
1854 4465 2195 4536 posthabitis,

600 4557 824 4630 privatis
837 4558 1134 4615 commodis
1149 4560 1262 4614 suis
1275 4558 2200 4631 studuisse.Nequetamenlegimus

2294 3373 2398 3414 suo
2447 3358 2720 3436 schismati
2751 3357 2998 3428 speciose
3035 3356 3330 3412 obtendere
3385 3367 3671 3426 poterant,
3727 3355 3891 3412 nescio

2293 3449 2566 3522 quomodo
2584 3449 2891 3520 praeterisse
2911 3448 3180 3504 videntur.
3198 3449 3403 3504 Saltem
3429 3448 3599 3503 hodie
3628 3448 3755 3502 novi
3780 3462 3890 3502 cen-

2294 3556 2450 3598 sores
2480 3550 2536 3597 et
2556 3541 2769 3597 illorum
2797 3541 2992 3612 alioqui
3023 3556 3190 3612 prope
3241 3541 3480 3610 patroni,
3537 3541 3896 3610 Ecclesia-que

2295 3643 2642 3691 accusatores
2668 3637 2820 3689 alunt
2844 3649 2941 3690 eos
2990 3635 3376 3705 praevaricatos
3405 3649 3573 3705 posse
3622 3634 3815 3699 videri,
3852 3643 3897 3688 et

2297 3724 2494 3781 bonam
2533 3741 2749 3781 causam
2775 3726 2916 3782 male
2945 3726 3139 3796 egisse,
3163 3725 3361 3796 jusque
3390 3741 3548 3780 suum
3584 3726 3898 3797 ignorasse:

2297 3817 2580 3890 ignOrasse
2623 3817 2992 3874 conditionem
3027 3817 3308 3885 Ecclesiae,
3353 3832 3384 3870 a
3411 3833 3516 3887 qua
3563 3816 3898 3880 defecerant,

2300 3911 2576 3982 ignorasse
2603 3910 2722 3980 ejus
2750 3910 2987 3966 maculas
3011 3918 3068 3965 et
3096 3911 3243 3964 vitia.
3279 3909 3449 3965 Aiunt
3478 3911 3738 3978 Aerium,
3769 3911 3904 3966 Jovi-

2300 4005 2542 4071 niannm,
2574 4003 2949 4076 Vigilantium,
2989 4003 3241 4060 Faustum
3271 4003 3659 4071 Manichteum,
3689 4018 3745 4062 et
3769 4004 3904 4061 simi-

2301 4095 2384 4152 les
2407 4096 2716 4168 diligentius
2750 4107 2970 4153 notasse
2993 4113 3114 4168 qua:
3145 4097 3629 4169 reprehenderent
3660 4118 3674 4154 :
3709 4111 3764 4156 et
3793 4100 3906 4169 quia

2300 4184 2404 4242 hos
2433 4187 2860 4255 reprehensores
2906 4187 3146 4244 Ecclesia
3190 4188 3486 4256 damnarit,
3531 4191 3736 4246 iterum
3764 4206 3910 4245 ream

2300 4294 2425 4336 esse
2449 4279 2672 4336 debere.
2705 4278 2811 4335 Sed
2853 4295 2994 4336 nunc
3024 4280 3160 4336 nihil
3195 4283 3390 4336 attinet
3415 4296 3716 4353 suggerere
3739 4283 3916 4338 Dona-

2303 4372 2448 4428 tistis
2494 4387 2688 4427 novam
2730 4372 3164 4430 criminationem
3188 4378 3215 4441 ξε
3249 4375 3468 4429 tametsi
3509 4375 3674 4431 facile
3705 4390 3915 4446 quoque

2303 4465 2374 4518 sit
2418 4479 2536 4519 eam
2583 4464 2858 4521 refellere.
2909 4465 3130 4542 Possem
3159 4465 3324 4521 etiam
3361 4481 3710 4538 exaggerare
3737 4468 3918 4540 populi

2302 4555 2744 4627 Carthaginensis
2773 4565 3076 4613 extremam
3120 4560 3524 4629 corruptionem
3549 4569 3616 4614 et
3641 4561 3920 4618 horrenda

599 4650 800 4722 ipsum,
829 4667 898 4706 ne
927 4651 1281 4723 pollueretur,
1313 4665 1372 4707 se
1397 4649 1466 4705 ab
1487 4665 1676 4706 eorum
1697 4660 1842 4707 cmtu
1859 4665 2195 4722 segregasse.
2224 4661 2276 4722 ι)
2306 4647 2624 4719 infinitaque
2648 4648 2878 4713 scelera,
2921 4665 3042 4720 qna:
3067 4648 3358 4705 Salvianus
3399 4652 3713 4724 episcopus
3742 4653 3928 4710 nassi-

679 4761 700 4795 i
733 4741 889 4811 Item,
929 4758 1052 4799 eum
1081 4744 1210 4800 vitia
1253 4743 1346 4798 illa
1370 4742 1664 4807 horrenda,
1705 4742 1902 4812 quibus
1929 4743 2200 4800 Corinthii

600 4845 658 4892 et
689 4835 894 4892 Galatae
933 4837 1290 4902 laborabant,
1343 4834 1695 4906 reprehendit
1727 4851 1742 4888 :
1773 4849 1881 4889 non
1912 4843 2060 4892 vetat
2106 4849 2202 4892 eos

601 4930 694 5000 qui
724 4931 841 5000 puri
872 4939 998 4986 sunt
1026 4939 1082 4986 et
1112 4931 1404 4992 immunes,
1438 4927 1602 4984 ullam
1651 4943 1774 4984 cum
1803 4929 2020 4985 caeteris
2046 4944 2197 4984 com-

601 5021 913 5078 munionem
948 5022 1148 5079 habere
1177 5021 1353 5094 quoad
1381 5020 1521 5077 bene
1553 5032 1777 5092 purgata
1810 5021 2009 5076 fuerint
2039 5020 2204 5094 364

603 5114 930 5170 omnia:sed
957 5123 1165 5171 tantum
1197 5114 1518 5170 adhortatur
1537 5124 1596 5168 ut
1621 5113 1750 5169 vitia
1773 5129 1894 5184 qua:
1922 5128 2021 5169 suo
2047 5129 2198 5182 quat-

603 5223 711 5280 que
733 5207 856 5263 loco
879 5209 1253 5275 reprehendit,
1279 5207 1570 5278 corrigant,
1596 5207 1740 5262 nulla
1765 5206 2042 5263 mentione
2064 5205 2203 5262 facta

605 5301 676 5358 de
706 5299 972 5371 ejusmodi
999 5303 1399 5373 segregatione,
1428 5303 1643 5372 qualem
1672 5302 1758 5358 isti
1787 5301 2006 5358 fanatici
2035 5305 2203 5358 intro-

605 5379 808 5436 ducere
830 5379 1040 5436 volunt.

682 5479 702 5512 ‹
737 5459 876 5528 Quid
923 5475 1054 5516 vero
1102 5475 1324 5517 necesse
1373 5470 1457 5518 est
1501 5460 1640 5518 adeo
1695 5462 2019 5532 disputare?
2068 5462 2201 5517 Cum

601 5542 898 5613 Apostolus
950 5543 1068 5612 ipse
1117 5541 1226 5595 alio
1277 5539 1332 5594 in
1373 5541 1494 5598 loco
1523 5549 1786 5606 tractans,
1824 5557 1933 5611 quo
1978 5541 2209 5611 quisque

605 5622 769 5679 modo
797 5621 1089 5694 prmparari
1137 5619 1335 5675 debeat
1379 5619 1446 5673 ad
1497 5619 1865 5690 recipiendam
1886 5661 1900 5685 ,
1935 5629 1993 5674 ut
2022 5619 2199 5686 decet,

603 5718 816 5760 coenam
854 5705 1098 5769 Domini,
1146 5718 1253 5758 non
1294 5702 1450 5774 jubet
1480 5715 1920 5774 unumquemque
1970 5700 2202 5769 proximi

603 5785 688 5840 sui
717 5785 844 5838 vitia
874 5785 1186 5840 examinare
1219 5803 1232 5839 :
1265 5781 1360 5837 sed
1394 5785 1464 5838 ita
1513 5782 1784 5850 loquitur,
1812 5779 2013 5834 Probet
2051 5780 2198 5850 seip-

603 5877 724 5918 aum
751 5864 933 5931 homo,
956 5881 1020 5921 ac
1063 5866 1141 5921 sic
1165 5865 1234 5920 de
1266 5879 1402 5936 pane
1429 5863 1524 5920 illo
1552 5863 1700 5928 edat,
1750 5871 1804 5916 et
1835 5860 1903 5916 de
1927 5859 2096 5918 calice
2120 5860 2204 5918 ωδ

2302 4740 2491 4797 liensis
2507 4741 2792 4811 descripsit
2823 4740 2920 4798 lib.
2939 4757 3034 4797 vnt
3061 4742 3129 4797 de
3143 4733 3590 4800 Provident.Sed
3622 4762 3700 4802 ne
3730 4748 3927 4816 eaqui-

2303 4832 2425 4890 deni
2455 4833 2795 4889 sufficiebant
2821 4833 2886 4888 ad
2925 4834 3291 4890 excusandum
3315 4835 3552 4890 schisma
3611 4837 3908 4894 Donatista

2303 4943 2446 4986 rum.
2464 4925 2607 4983 Sane
2619 4941 2741 4982 cum
2762 4927 2929 4982 multa
2951 4929 3112 5000 vulgo
3141 4929 3279 4984 male
3305 4927 3422 4984 fieri
3453 4929 3758 4989 fatebatur
3781 4934 3932 4990 etde-

2307 5019 2550 5090 plorabat
2609 5021 2966 5090 Augustinus,
3013 5021 3066 5075 in
3097 5022 3161 5076 iis
3212 5019 3490 5092 fugiendis
3551 5029 3933 5083 consentien-

2305 5123 2416 5171 tem
2449 5114 2684 5171 habuere
2709 5116 3020 5171 Donatistae.
3056 5115 3163 5172 Sed
3189 5110 3310 5186 quae
3341 5115 3590 5173 Ecclesia
3618 5133 3792 5176 recte
3820 5137 3934 5193 pro-

2303 5207 2498 5276 babat,
2537 5209 2775 5280 graviter
2816 5209 3057 5266 defendit
3080 5208 3297 5264 diluens
3338 5209 3816 5270 adversariorum
3861 5230 3938 5271 ca-

2307 5303 2538 5358 lumnias
2569 5319 2581 5355 :
2613 5312 2664 5356 et
2692 5310 2750 5357 ut
2771 5303 2935 5357 multa
2965 5301 3044 5357 illi
3076 5301 3570 5371 exprobrarentur,
3610 5314 3824 5364 tamen
3847 5308 3939 5364 Ec-

2305 5383 2529 5438 clesiam
2556 5379 2760 5436 Christi
2801 5396 2926 5437 esse
2949 5383 3391 5462 constantissime
3437 5386 3779 5453 contendit,
3812 5405 3944 5462 pr:—

2305 5463 2494 5517 sertim
2515 5477 2636 5516 cum
2671 5471 2924 5518 auctores
2951 5461 3042 5517 illa
3065 5462 3237 5517 bonos
3267 5460 3515 5526 haberet,
3546 5473 3609 5519 et
3665 5460 3942 5538 promissa

2310 5543 2629 5612 laudatoque
2657 5551 2802 5596 esset
2842 5556 2872 5595 a
2925 5541 3224 5610 prolihetis,
3266 5541 3436 5609 qualis
3463 5551 3597 5610 post
3653 5549 3942 5606 Christum

2311 5620 2551 5676 exhibita
2582 5629 2688 5686 est,
2721 5629 2942 5690 lotoque
2967 5620 3103 5675 orbe
3147 5619 3338 5675 diﬂ'usa
3372 5637 3386 5674 :
3415 5634 3610 5692 neque
3644 5630 3835 5684 aliam
3872 5646 3946 5685 uso

2312 5701 2530 5756 tendere
2571 5700 2862 5758 Donatista:
2906 5709 3150 5770 possent,
3205 5701 3270 5754 ad
3302 5715 3460 5770 quam
3512 5706 3817 5764 vaticinia
3867 5711 3944 5764 ilia

2311 5779 2700 5849 Prophetarum
2742 5777 3211 5849 referripoesent.
3261 5778 3450 5848 Itaque
3476 5779 3755 5844 deficere
3782 5790 3859 5845 ab
3892 5806 3950 5846 ea

2310 5861 2548 5918 Ecclesia
2576 5860 2840 5915 catholica
2871 5873 2978 5914 non
3008 5858 3263 5914 debuisse
3297 5857 3646 5932 Donatistas,
3717 5869 3950 5926 cond“.
