4134 6186
366 394 507 452 M97
1275 362 1603 427 HISTORIA
1639 346 2258 415 CARTHAGINENSIS
2293 342 2784 403 COLLATIONIS.
3577 364 3720 424 “98

367 507 484 564 dit:
510 510 566 559 et
585 496 756 575 (quod
785 492 976 550 mirum
1004 485 1108 559 est)
1129 482 1318 543 eadem
1341 488 1424 536 est
1449 483 1803 575 nunceo-rum
1834 479 1963 570 cono
1995 465 2055 525 A
2081 555 2117 575 ν
2153 462 2327 518 Porro
2354 462 2481 532 quia
2517 461 2816 518 Donatista:
2843 464 3148 525 audiebant
3197 471 3498 534 Ecclesiam
3527 482 3649 537 catlt

368 507 484 564 dit:
510 510 566 559 et
585 499 756 575 (quod
785 499 976 550 mirum
1004 499 1108 559 est)
1129 499 1318 543 eadem
1341 499 1424 536 est
1449 499 1590 532 llum;
1615 499 1803 527 eum...
1834 499 1961 520 ιυιι-
1995 499 2055 525 ι.
2154 499 2174 517 .
2197 499 2327 518 νην
2354 499 2481 532 ην...
2518 499 2816 518 mnuum“,
2843 499 3148 525 “umnam
3197 499 3498 534 mmmam
3527 499 3649 537 eam

368 600 564 664 closio,
597 595 693 667 qui
720 587 925 661 alioqui
951 585 1096 641 illius
1125 593 1339 653 quoque
1381 568 1637 641 temporis
1667 559 1970 667 Ecclesium
2079 555 2271 622 licam,
2305 569 2418 610 non
2449 555 2617 610 modo
2642 559 2851 611 sanctis
2874 563 3179 633 martyriis,
3210 569 3304 622 sed
3339 579 3394 624 et
3420 499 3719 632 inusti-ib;

368 600 564 664 closio,
597 595 693 667 qui
720 592 925 661 alioqui
951 592 1096 641 illius
1125 593 1339 653 quoque
1381 592 1637 641 temporis
1669 592 1970 619 Duucarum
2079 592 2271 622 "una,
2307 592 2418 610 ην..
2449 592 2617 610 ...νυν
2642 592 2851 611 unum
2874 592 3179 633 unum“,
3210 592 3304 622 ac"
3339 592 3394 624 ει
3420 592 3721 632 "nummis

367 691 639 750 acerrime
670 691 953 746 accusant,
1007 686 1062 733 et
1091 673 1192 730 sibi
1237 671 1404 726 licere
1444 669 1728 735 propterea
1757 653 1973 718 volunt,
2080 650 2368 706 miraculis
2410 648 2584 708 fuisse
2614 635 2890 722 ornatam,
2945 659 3228 727 jactarunt
3255 665 3418 722 etiam
3456 684 3568 726 suae
3596 689 3691 742 p'tr

369 786 516 862 quod
548 793 730 839 tamen
761 773 1057 834 Donatistis
1085 776 1305 839 negant.
1334 763 1462 830 Qua:
1495 771 1654 828 porro
1676 747 1973 806 Donatista:

370 881 649 943 dicebant,
689 882 748 928 ut
784 884 938 926 suam
981 867 1268 921 factionem
1319 854 1610 926 probarent
1639 859 1760 901 esse
1788 854 1972 896 veram

372 932 675 1032 Ecclesiam
704 962 930 1029 Christi,
974 955 1243 1030 putidiora
1296 955 1422 1005 sunt
1452 957 1609 1015 quam
1641 949 1698 994 ut
1727 932 1974 1007 pluribus

374 1067 550 1128 refelli
574 1065 811 1121 debeant
836 1076 850 1112 :
880 1053 1165 1110 audiamus
1192 1057 1396 1102 tamen.

447 1159 738 1218 Jactabant
765 1154 822 1208 in
869 1145 1198 1207 Collatione,
1259 1151 1380 1193 sese
1409 1129 1676 1189 antistites
1705 1133 1759 1180 et
1788 1120 1979 1177 defen-

375 1268 529 1312 sores
551 1263 675 1306 esse
704 1246 933 1301 sincerae
959 1234 1237 1296 Ecclesiae,
1266 1243 1387 1301 qua:
1415 1230 1501 1296 (ut
1526 1215 1768 1288 aiebant)
1794 1225 1978 1285 perse-

375 1347 652 1404 cutionem
685 1338 908 1411 patitur,
937 1340 994 1388 et
1021 1344 1130 1385 non
1179 1324 1323 1380 facit.
1357 1319 1589 1376 Crucem
1629 1311 1772 1367 enim
1801 1316 1850 1363 et
1887 1319 1979 1375 pa-

374 1441 626 1501 tientiam
653 1449 778 1492 esse
809 1427 1059 1503 quaedam
1084 1420 1312 1491 insignia
1360 1410 1623 1470 Ecclesize
1650 1403 1978 1477 profiteban-

376 1545 486 1592 tur.
509 1530 618 1589 Sed
650 1499 986 1597 Augustinus
1006 1511 1286 1574 contendit
1311 1521 1408 1565 eos
1424 1506 1604 1561 facere
1627 1499 1804 1571 potius
1821 1507 1982 1564 quam

376 1629 491 1703 pati
521 1646 535 1683 :
567 1625 653 1681 vel
695 1585 895 1691 sivqnid
938 1610 1211 1670 interdum
1247 1607 1542 1678 patiuntur,
1569 1596 1717 1666 juste
1743 1605 1838 1647 eos
1873 1585 1982 1660 pati

377 1681 523 1798 quod
548 1721 747 1788 injuste
779 1713 1004 1768 faciunt.
1039 1707 1211 1762 Immo
1242 1702 1298 1755 in
1325 1711 1419 1753 sua
1448 1689 1676 1762 epistola
1704 1705 1756 1754 ι,
1793 1681 1987 1756 probat

380 1832 488 1873 non
511 1825 633 1869 esse
653 1815 1012 1875 consequens,
1040 1806 1099 1852 ut
1123 1791 1362 1850 Ecclesia
1388 1800 1512 1843 vera
1541 1785 1634 1849 sit,
1660 1796 1779 1852 quae
1800 1789 1985 1849 perse-

380 1908 654 1966 cutionem
688 1899 910 1972 patitur,
959 1907 1064 1948 non
1102 1902 1222 1960 quae
1255 1883 1421 1940 facit:
1455 1888 1508 1934 et
1550 1875 1753 1931 refutat

385 2002 561 2066 tistas,
590 1996 681 2068 qui
712 2007 820 2050 non
844 1995 1094 2062 qumrunt
1123 1995 1338 2043 causas,
1376 1987 1544 2046 quare
1573 1970 1806 2039 quisque
1829 1962 1994 2018 faciat

385 2082 972 2167 persecutionem,vel
1017 2091 1182 2148 quare
1214 2072 1452 2144 patiatur
1483 2085 1494 2118 :
1527 2061 1622 2118 sed
1670 2061 1773 2114 hoc
1799 2063 1998 2136 putant

389 2204 511 2248 esse
547 2188 761 2258 signum
787 2177 898 2234 veri
927 2168 1242 2234 Christiani,
1273 2165 1318 2220 si
1352 2159 1788 2234 persecutionem
1820 2148 1994 2222 patia-

393 2292 500 2347 lur,
533 2297 639 2336 non
671 2285 854 2331 autem
884 2268 1064 2324 faciat.

464 2375 608 2430 Sane
650 2368 774 2440 quia
824 2355 1114 2432 aliquando
1159 2353 1227 2408 ab
1265 2350 1597 2417 imperatore
1630 2339 1832 2394 missus
1882 2338 2003 2387 erat

395 2463 658 2524 Macarius
689 2455 980 2530 przefectus
1011 2448 1075 2502 ad
1104 2439 1462 2502 coercendam
1489 2433 1894 2490 Donatistarum
1920 2426 2004 2479 in-

396 2527 710 2621 solentiam,
743 2545 1136 2606 Partneniauus
1165 2535 1442 2593 Donatista
1473 2527 1772 2584 Catholicis
1801 2533 2004 2591 expro-

399 2654 564 2711 brans
596 2651 678 2723 (ut
702 2641 958 2709 vocabat)
996 2633 1358 2692 Macarianam
1389 2620 1783 2679 viminvidiose
1809 2612 1999 2670 clamio

399 2754 608 2805 tavcrat
643 2761 656 2798 :
691 2739 814 2795 Non
839 2741 1001 2807 potest
1047 2727 1148 2782 dici
1180 2720 1437 2782 Ecclesia,
1467 2730 1579 2786 qua:
1611 2711 1835 2767 cruentis
1866 2722 2003 2761 mor-

400 2841 543 2899 sibus
569 2835 820 2910 pascitur,
864 2838 913 2883 et
942 2831 1237 2880 sanctorum
1283 2812 1535 2886 sanguine
1574 2809 1852 2877 apimatur.
1897 2798 2004 2857 Sed

401 2899 632 3007 Optatus
662 2929 756 2985 lib.
807 2941 866 2989 tt,
914 2921 1061 2993 justa
1105 2908 1542 2971 recriminatione
1570 2903 1621 2958 id
1653 2904 1705 2956 in
1753 2899 2010 2955 adversa-

402 2998 542 3084 rium
575 3011 988 3079 retorseratzEt
1010 3006 1296 3069 ostendam,
1331 2998 1526 3070 inquit,
1561 3004 1760 3066 portent
1786 3002 2010 3046 uestram

404 3117 628 3173 cruentis
651 3109 906 3167 morsibus
936 3112 1158 3176 pastum,
1210 3106 1257 3152 et
1291 3091 1548 3163 sanguine
1594 3085 2010 3141 Christianorum

404 3211 705 3284 opimatant,
740 3211 847 3259 etc.
897 3199 1087 3253 Postea
1140 3203 1317 3248 tamen
1378 3181 1675 3238 Petilianus
1729 3176 2009 3232 Donatista

404 3267 577 3361 multo
617 3309 672 3354 ct
699 3293 942 3352 odiosius
966 3297 1022 3345 et
1043 3283 1327 3340 verbosius
1354 3275 1641 3346 repetitam
1671 3267 2012 3326 Parmeniani

405 3395 489 3450 sui
515 3393 627 3448 sive
671 3382 1068 3460 querimoniam
1101 3378 1214 3432 sive
1263 3365 1748 3441 exprobrationem
1781 3359 2007 3432 ingemi-

407 3484 575 3542 navit.
620 3481 728 3537 Scd
775 3474 1110 3547 AttguStinus
1141 3467 1329 3524 futiles
1370 3460 1677 3516 calumnias
1733 3467 1789 3510 et
1833 3452 2017 3508 inania

407 3575 699 3635 maledicta
727 3584 852 3627 esse
870 3545 1117 3620 “ostendit
1162 3579 1175 3615 :
1233 3559 1350 3614 imo
1381 3566 1512 3608 vero
1557 3549 1752 3621 probat
1792 3545 2017 3602 Donati-

409 3678 521 3726 stas
536 3663 877 3736 impudenter
892 3656 1010 3710 aliis
1024 3652 1284 3723 obiicere,
1302 3645 1449 3720 quod
1465 3642 1566 3712 ipsi
1583 3638 2016 3696 committebant.

482 3759 767 3818 Jactabant
793 3752 1090 3808 Donatistae
1116 3758 1247 3798 suos
1279 3748 1555 3807 martyres
1584 3752 1594 3788 :
1623 3742 1680 3787 et
1706 3730 2023 3787 Parmenia-

414 3871 518 3912 nus
547 3849 815 3908 invidiose
845 3839 1049 3900 nostris
1086 3851 1180 3894 eos
1211 3842 1372 3890 antea
1422 3829 1719 3897 objecerat.
1763 3822 1872 3880 Sed
1914 3822 2024 3875 Au-

416 3948 666 4022 gustinus
696 3939 935 4014 graviter
962 3935 1124 3990 talem
1153 3928 1506 4000 jactationem
1541 3919 1875 3975 refutaverat
1921 3914 2021 3968 lib.

418 4056 438 4096 ι
485 4046 675 4094 contra
721 4026 1139 4088 Parmenianum
1168 4036 1290 4086 cap.
1346 4018 1398 4072 7.
1451 4011 1814 4068 Nihilmninus
1843 4017 2024 4060 tamen

421 4129 718 4190 Petilianns
796 4119 1041 4180 eamdem
1110 4112 1436 4170 cantilenam
1493 4105 1656 4161 canit.
1721 4101 1861 4171 Ergo
1916 4099 2029 4152 Au-

423 4225 672 4297 gustinus
725 4215 971 4274 eamdem
1021 4207 1431 4279 responsionem
1479 4198 1707 4268 repetit,
1755 4190 2026 4248 ostendit-

427 4333 554 4390 que,
584 4330 692 4371 non
735 4321 976 4382 ptenam,
1007 4303 1102 4360 sed
1132 4312 1351 4356 causam
1381 4293 1598 4350 efficere
1628 4298 1917 4359 martyres.
1962 4283 2031 4336 Et

430 4419 613 4466 tamen
665 4404 972 4462 Donatistas
999 4395 1170 4453 occidi
1203 4399 1381 4462 negat.
1426 4387 1541 4443 lmo
1571 4399 1698 4438 vero
1731 4382 1876 4450 ipsos
1906 4391 2030 4431 sese

431 4502 638 4560 furiose
661 4497 1023 4571 prtecipitare,
1039 4491 1248 4560 sibique
1271 4493 1500 4540 mortem
1530 4480 1668 4550 ultro
1689 4475 2031 4531 consciscere

2081 753 2151 846 ".5
2173 742 2366 846 nesci?
2397 758 2534 846 αξωῖ
2555 746 2848 846 θητξεξιίθς
2878 751 3034 817 (luasi
3065 764 3214 810 certa
3244 758 3442 817 indicia
3470 765 3718 820 testimo-

2083 835 2294 935 niaque
2320 833 2614 935 Ecclesiae.
2647 837 2755 935 Sed
2778 853 2938 898 acute
2960 842 3300 917 Augustinus
3326 868 3388 907 ea
3415 864 3695 927 retorquet

2084 936 2143 980 ut
2177 923 2370 1020 potius
2401 940 2499 996 pro
2529 928 2709 1001 signis
2753 901 3081 994 Antichristi

2083 1035 2202 1076 rum
2235 991 2611 1078 habeantur:
3119 991 3191 996 ’Π
3222 991 3678 1020 Γ”““¹”Ὕ“”“

2159 1115 2340 1190 365
2356 1117 2496 1184 Quid
2518 1135 2629 1175 non
2651 1121 2768 1176 ausi
2787 1131 2912 1179 sunt
2930 1124 3251 1197 Donatistae,
3272 1134 3396 1203 quid
3417 1150 3523 1190 non
3543 1144 3720 1192 tenta-
3791 1152 3805 1161 ’

2084 1221 2215 1269 runt
2248 1207 2634 1267 utEcclesiam
2663 1229 2830 1284 penes
2851 1231 2909 1272 se
2931 1233 3053 1275 esse
3077 1223 3405 1291 probarent?
3432 1226 3717 1284 Jactarunt

2085 1307 2256 1362 etiam
2317 1305 2569 1374 angelum
2626 1308 2907 1365 caelestem
2966 1316 3324 1383 apparuisse,
3374 1320 3463 1388 qui
3515 1334 3704 1374 eorum

2086 1412 2316 1455 causam
2350 1399 2738 1456 confirmaret.
2771 1401 2878 1458 Sed
2908 1405 3244 1474 Augustinus
3275 1409 3327 1463 in
3358 1411 3520 1478 epist.
3545 1427 3684 1466 cur

2771 1453 2875 1458 ,----
2908 1453 3242 1474 __r-o..--...--
3360 1453 3388 1464 ν
3434 1453 3520 1465 ω..
3545 1453 3674 1466 es...

2087 1494 2253 1549 altius
2281 1495 2544 1581 assurgit,
2595 1504 2654 1550 et
2685 1496 2762 1551 illi
2793 1497 2954 1552 etiam
2980 1541 2996 1564 ,
3030 1501 3075 1553 si
3104 1502 3224 1570 quis
3253 1453 3478 1570 fuisset,
3541 1453 3708 1561 aude;

2087 1589 2411 1645 denuntiare
2437 1591 2762 1657 anathema,
2797 1592 2966 1649 fretus
2997 1595 3266 1651 vaticiniis
3315 1598 3703 1669 prophetarum

2087 1683 2416 1738 catholicam
2457 1683 2764 1741 Ecclesiam
2809 1689 3263 1756 promittentium.
3321 1690 3388 1745 Et
3436 1693 3562 1756 has,
3622 1694 3707 1749 in-

2091 1778 2241 1848 quit,
2281 1779 2648 1847 prontissiones
2677 1781 2900 1848 tenenti,
2933 1783 2978 1835 si
3001 1783 3094 1836 tibi
3119 1783 3331 1853 angelus
3362 1736 3575 1839 de'cgl’o

1802 1872 1984 1925 Dona-
2015 1848 2066 1908 Β
2094 1879 2260 1934 ceret,
2288 1871 2484 1924 dimitte
2511 1871 2960 1926 Claristianitatem
2985 1874 3122 1928 orbis
3147 1848 3206 1929 et"
3234 1885 3344 1928 tene
3382 1884 3555 1945 partes
3602 1875 3710 1930 Do-

2097 1961 2245 2026 nati,
2297 1963 2568 2017 anathema
2608 1979 2722 2017 esse
2761 1964 2983 2018 deberet.
3041 1965 3336 2020 Donatista:
3383 1965 3598 2021 tandem
3643 1982 3710 2022 eo

2097 2066 2389 2111 eVﬂSCl'lllll
2413 2097 2426 2120 ,
2473 2065 2528 2110 ut
2555 2057 2725 2112 etiam
2757 2057 2998 2114 dicerent
3034 2059 3198 2113 Deum
3237 2060 3416 2128 ipsum
3454 2059 3522 2114 de
3567 2060 3709 2116 caelo

2099 2147 2450 2218 reSpondisse
2479 2149 2694 2205 Donato
2727 2169 2740 2206 :
2786 2166 2958 2220 prope
2989 2159 3048 2207 ut
3072 2151 3141 2207 de
3167 2167 3267 2208 suo
3297 2161 3519 2209 auctore
3557 2153 3706 2210 dice-

2102 2252 2223 2297 rent
2245 2284 2259 2308 ,
2310 2242 2554 2330 auditam
2581 2259 2707 2300 esse
2737 2245 2832 2299 Dei
2868 2259 3056 2300 vocem
3090 2245 3254 2309 illam,
3288 2245 3472 2316 Ipsum
3513 2247 3710 2302 audite.

2103 2333 2310 2389 Verum
2356 2335 2500 2405 quod
2529 2377 2544 2401 ,
2608 2336 2702 2391 ubi
2755 2339 3015 2393 miracula
3059 2337 3335 2408 jactarunt
3383 2355 3710 2412 responsum

2107 2425 2429 2515 audierunt,
2482 2427 2626 2482 idem
2675 2444 2821 2484 nunc
2868 2428 2947 2484 eis
2979 2430 3318 2499 Augustinus
3347 2431 3556 2500 objicit.
3604 2433 3710 2486 Aut

2109 2519 2390 2592 falluntur,
2442 2519 2658 2589 inquit,
2690 2530 2781 2574 aut
2812 2521 3023 2591 fallunt.
3073 2519 3138 2575 Et
3167 2532 3344 2578 contra
3369 2523 3515 2589 istos,
3556 2531 3614 2578 ut
3639 2524 3712 2578 ita

2109 2615 2331 2685 loquar,
2377 2612 2794 2667 mirabiliarios:
2822 2623 3030 2666 cautum
3077 2630 3156 2667 me
3199 2613 3317 2684 fecit
3349 2611 3491 2668 Deus
3538 2629 3710 2680 meus,

2111 2708 2287 2762 dicens
2311 2724 2329 2762 :
2363 2706 2426 2762 In
2456 2709 2752 2764 novissimis
2780 2709 3090 2781 temporibus
3113 2718 3364 2782 exurgent
3391 2709 3715 2780 pseudome-

2112 2803 2300 2872 pheta’,
2331 2802 2580 2873 facientes
2612 2804 2761 2876 signa
2788 2813 2835 2858 et
2865 2814 3120 2876 portenta,
3149 2813 3202 2857 ut
3228 2805 3281 2858 in
3311 2819 3534 2858 errorem
3563 2803 3718 2857 indu-

2113 2907 2250 2960 cant,
2281 2897 2325 2951 si
2353 2896 2466 2965 ﬁeri
2497 2906 2684 2965 potest,
2717 2897 2871 2951 etiam
2901 2897 3104 2950 electos.
3144 2895 3278 2950 Ecce
3307 2896 3526 2964 prwdixi
3552 2896 3716 2950 vobis.

2116 2989 2258 3062 Ergo
2285 3001 2464 3044 cautos
2492 3005 2588 3044 nos
2617 2990 2739 3060 fecit
2766 3005 3006 3062 sponsus,
3031 2991 3152 3058 quia
3181 2999 3228 3044 et
3251 2989 3518 3044 miraculis
3549 2990 3720 3059 decipi

2119 3105 2220 3143 non
2249 3087 2511 3140 debemus.

2191 3178 2377 3233 Redeo
2405 3175 2470 3230 ad
2501 3182 2621 3229 acta
2643 3171 2989 3240 Collationis,
3026 3184 3082 3229 ut
3106 3175 3320 3231 audiam
3349 3175 3545 3246 ecquid
3594 3187 3720 3230 tan-

2043 3231 2091 3296 C
2124 3271 2248 3327 dem
2294 3269 2363 3325 dc
2404 3267 2704 3323 Donatistis
2751 3231 3115 3338 pronuntiarit
3159 3231 3527 3324 Marcellinus.
3577 3268 3724 3323 Nihil

2124 3365 2268 3419 enim
2298 3359 2503 3430 alioqui
2541 3366 2721 3414 actum
2757 3369 2922 3414 esset.
2976 3359 3308 3429 Augustinus
3346 3359 3399 3414 in
3434 3359 3723 3416 Breviculo

2122 3459 2200 3512 ait
2237 3471 2362 3512 eum
2405 3453 2789 3524 pronuntiasse
2834 3453 3141 3507 confutatos
3185 3467 3308 3508 esse
3347 3467 3376 3506 a
3423 3451 3722 3508 Catholicis

2127 3551 2473 3613 Donatistas,
2505 3545 2746 3601 omnium
2777 3545 3225 3600 documentorum
3256 3545 3718 3600 manifes‘tatione.

2127 3645 2394 3715 lntegram
2425 3641 2777 3703 sententiam,
2810 3655 2931 3708 quae
2959 3639 3171 3708 longior
3197 3647 3303 3703 est,
3335 3647 3391 3692 et
3415 3637 3578 3694 edicti
3611 3638 3725 3692 for-

2127 3754 2269 3794 mam
2314 3735 2515 3800 habet,
2563 3734 2848 3787 continent
2884 3741 3002 3785 acta
3029 3730 3097 3785 de
3129 3730 3325 3800 quibus
3356 3729 3568 3800 loquor.
3630 3729 3727 3784 Est

2128 3841 2306 3885 autem
2343 3829 2393 3881 in
2424 3841 2486 3880 ea
2515 3825 2782 3895 imprimis
2811 3823 3188 3888 memorabile,
3217 3823 3358 3892 quod
3383 3823 3537 3892 jubet
3565 3821 3722 3877 tidem

2129 3924 2402 3994 publicam
2448 3918 2688 3974 evocatis
2723 3917 3022 3972 Donatistis
3049 3917 3228 3972 datam
3265 3916 3450 3989 (vulgo
3491 3917 3729 3972 salvum-

2130 4017 2456 4072 conductum
2486 4009 2707 4081 vocant)
2750 4009 2996 4076 servari,
3051 4019 3109 4064 ut
3148 4010 3214 4065 iis
3245 4010 3474 4065 liberum
3506 4019 3561 4066 et
3591 4011 3729 4064 intc-

2129 4124 2283 4178 grnm
2315 4108 2386 4161 sit
2417 4110 2532 4158 tuto
2562 4104 2781 4156 domum
2814 4101 3015 4155 redire.
3047 4101 3154 4155 Sed
3189 4101 3402 4156 interea
3428 4117 3534 4156 non
3569 4116 3731 4172 posse

2132 4216 2193 4255 se
2224 4199 2428 4253 diutius
2457 4193 2676 4250 differre
2719 4194 2898 4263 legum
2928 4201 3116 4247 contra
3149 4207 3244 4248 eos
3272 4193 3500 4247 latarum
3535 4209 3733 4250 execu-

2135 4293 2362 4357 tionem,
2398 4297 2796 4359 proptereaque
2820 4286 2974 4356 jubt-t
3013 4295 3067 4340 ut
3099 4300 3287 4340 eorum
3317 4297 3490 4342 cintus
3531 4287 3731 4342 dissol-

2134 4395 2355 4449 vantur,
2386 4390 2440 4437 et
2472 4378 2720 4435 Basilica:
2750 4393 2887 4449 quas
2919 4387 3280 4448 occuparant,
3313 4377 3611 4435 Catholicis
3647 4395 3707 4436 re

2134 4484 2452 4530 stituantur.

437 4596 650 4668 ιπυικιι-
693 4592 926 4661 Legam"
955 4585 1072 4656 eius
1100 4579 1324 4653 θρὶειυιίι
1356 4571 1796 4670 αυίιιίιυξβοξῑιξιξι
1828 4565 1893 4621 ad
1926 4565 2029 4618 Βο-
2057 4611 2109 4670 D
2210 4569 2515 4633 Possidius,
2546 4566 2637 4636 qui
2671 4565 2836 4620 etiam
2868 4561 3135 4626 interfuit,
3166 4563 3241 4618 ait
3269 4563 3577 4618 Donatistas
3607 4578 3731 4619 scn-

437 4659 688 4745 nifacium
715 4699 730 4739 :
757 4659 812 4737 et
853 4679 1176 4749 adjungatur
1211 4669 1513 4743 Cyprianus
1549 4659 2027 4728 Christi'martyr,

437 4781 530 4854 qui
555 4778 728 4834 multo
749 4783 876 4830 ante
899 4781 1145 4840 tempora
1161 4763 1586 4822 Donatistarum,
1610 4755 1771 4811 etiam
1796 4752 2030 4815 dixerat,

439 4885 592 4933 extra
626 4869 925 4929 Ecclesiam
956 4879 1063 4920 non
1090 4874 1249 4932 posse
1275 4870 1396 4913 esse
1431 4861 1744 4922 martyrem,
1775 4859 1949 4915 neque
1980 4843 2032 4896 in

439 4980 616 5027 morte
641 4963 889 5024 coronari
921 4972 1101 5032 posse,
1149 4952 1306 5009 sicuti
1348 4958 1402 5005 et
1433 4945 1617 5002 multis
1643 4950 1761 5012 post
1785 4935 2037 5009 Augusti-

441 5080 571 5122 num
602 5059 816 5116 saeeulis
837 5057 954 5126 ipse
980 5046 1290 5108 Bernartius
1310 5040 1546 5099 ostendit
1567 5036 1731 5093 etiam
1762 5030 2035 5089 diabolum

442 5157 646 5214 habere
669 5165 798 5208 suos
834 5155 1102 5217 martyres
1137 5162 1150 5197 :
1183 5150 1237 5195 et
1267 5137 1544 5206 eleganter
1567 5130 1665 5194 ait,
1697 5127 1891 5182 mirum
1931 5137 2037 5177 non

443 5264 586 5314 esse,
634 5246 680 5301 si
722 5241 815 5312 qui
849 5245 1027 5309 potest
1074 5231 1320 5288 homines
1362 5224 1663 5296 impellere,
1695 5229 1751 5274 ut
1777 5217 1882 5272 sibi
1910 5214 2041 5284 ipsis

446 5352 680 5399 mortem
709 5335 962 5397 inferant,
997 5328 1167 5399 possit
1198 5325 1264 5380 iis
1309 5317 1658 5391 persuadere,
1685 5321 1742 5367 ut
1769 5310 2044 5382 patiantur

446 5449 571 5492 sese
599 5431 670 5485 ab
695 5424 814 5482 aliis
841 5421 1032 5480 occidi.
1064 5420 1207 5477 Sane
1237 5425 1290 5470 et
1322 5410 1607 5475 Eusebius,
1634 5406 1725 5461 lib.
1759 5419 1814 5472 ν,
1837 5416 1955 5470 cap.
1987 5399 2044 5467 6,

447 5525 638 5584 scribit
661 5523 771 5591 jam
797 5520 928 5574 olim
970 5512 1327 5572 Montanistas
1373 5505 1609 5575 iactasse
1657 5511 1785 5554 suos
1833 5509 2048 5567 quoque

451 5629 742 5688 martyres,
780 5622 834 5668 et
879 5609 947 5665 ad
977 5608 1114 5660 hanc
1152 5601 1404 5672 gloriam,
1438 5606 1707 5664 tamquam
1738 5590 1806 5646 ad
1837 5602 2046 5644 sacram

451 5710 770 5773 auchoram,
800 5699 1134 5772 confugisse,
1183 5703 1241 5748 ut
1281 5705 1435 5747 suam
1467 5697 1667 5744 sectam
1703 5680 2052 5740 commenda-

453 5815 577 5863 rent
607 5809 769 5870 atque
804 5795 1173 5850 celebrarent.
1217 5785 1324 5844 Sed
1371 5798 1457 5841 res
1486 5781 1599 5852 ipsa
1626 5776 1860 5848 loquitur
1888 5774 2054 5830 fuisse

457 5894 658 5954 fatuam
684 5886 990 5955 κινοδοξίανι

2140 4665 2304 4719 tentia
2331 4662 2626 4733 cognituris
2657 4669 2874 4714 notatos
2901 4675 3043 4724 esse,
3099 4671 3151 4714 et
3181 4666 3306 4728 post
3332 4671 3519 4712 eorum
3548 4657 3734 4726 appel-

2139 4755 2423 4820 lationem,
2453 4751 2677 4822 piissimi
2708 4751 2854 4820 regis
2881 4763 3147 4818 responso
3173 4748 3319 4817 juste
3351 4748 3490 4801 inter
3523 4746 3738 4802 hasreti-

2141 4861 2235 4901 cos
2264 4860 2383 4901 esse
2410 4843 2823 4900 condemnatos.
2852 4840 3056 4910 Nempe
3083 4839 3408 4895 sententiam
3439 4837 3741 4894 Marcellini

2141 4951 2431 4998 consecuta
2466 4949 2550 4994 est
2591 4939 2676 4993 lex
2722 4937 3094 5008 imperatoria.
3155 4935 3288 4990 Nam
3316 4943 3368 4988 et
3398 4950 3516 5001 qua:
3545 4936 3597 4988 in
3624 4935 3734 4990 Co-

2143 5035 2264 5090 dice
2289 5033 2668 5089 'l‘heodosiano
2695 5031 2790 5085 lib.
2825 5045 2972 5096 XLIV,
2995 5029 3061 5083 de
3083 5028 3281 5084 Haeret.
3313 5035 3487 5083 exstat
3513 5028 3734 5083 Honorii

2146 5127 2464 5183 Constitutio
2508 5133 2702 5180 contra
2737 5123 3048 5177 Donatistas
3071 5163 3084 5186 ,
3137 5120 3262 5176 data
3292 5119 3567 5177 Ravennse
3591 5119 3740 5175 Cott-

2146 5221 2348 5276 stantio
2376 5229 2431 5276 et
2452 5221 2744 5278 Constante
2774 5232 2924 5270 coss.
2957 5215 3174 5271 nonnisi
3216 5215 3430 5271 duobus
3468 5225 3587 5285 post
3612 5215 3739 5270 Col-

2148 5316 2404 5370 lationem
2441 5310 2921 5381 Carthaginensem
2957 5308 3111 5362 annis
3142 5308 3288 5362 edita
3314 5316 3414 5362 est.
3469 5308 3645 5375 Atque
3672 5309 3744 5362 ita

2151 5407 2370 5480 quidem
2394 5405 2526 5461 olim
2544 5403 2796 5458 solebant
2821 5400 3114 5456 Christiani
3148 5401 3509 5470 imperatores
3534 5399 3747 5456 sancire

2153 5503 2377 5558 decreta
2407 5499 2782 5554 conciliorum.
2815 5494 3080 5552 Prtefatur
3108 5507 3286 5549 autem
3322 5493 3588 5547 llonorius
3611 5492 3743 5562 Imp.

2154 5608 2278 5650 sese
2321 5593 2586 5647 hactenus
2635 5589 2944 5660 pepercisse
2997 5585 3288 5640 Donatistis
3314 5625 3328 5647 ,
3370 5596 3506 5651 quos
3552 5583 3748 5653 inquit,

2156 5685 2415 5756 patientia
2441 5680 2743 5736 clementia!
2773 5689 2973 5733 nostra:
3005 5674 3262 5731 servavit.
3293 5672 3348 5726 ld
3375 5687 3506 5727 vero
3531 5690 3637 5729 non
3665 5690 3750 5730 sa-

2160 5779 2227 5833 tis
2256 5775 2687 5845 intelligeretur,
2727 5771 2828 5825 nisi
2858 5766 3267 5824 meminerimus
3296 5779 3454 5834 quam
3485 5767 3755 5836 patienter

2162 5879 2216 5929 et
2259 5870 2490 5942 benigno
2523 5867 2683 5939 paulo
2708 5870 2833 5922 ante
2858 5859 3024 5918 auditi
3067 5859 3121 5915 in
3150 5858 3454 5919 Collationc
3496 5861 3747 5921 fuissent.
