4134 6186
482 343 623 405 1499

1942 349 2309 413 APPENDIX.

3643 362 3792 421 ιδιο

480 460 668 533 Neque
706 471 885 520 tamen
928 463 1086 535 plane
1107 464 1307 521 n'ovum
1329 475 1436 535 est,
1465 466 1609 539 quod
1634 465 1907 523 llouorius
1925 464 2081 537 jubet
2106 468 2151 541 Α
2181 481 2379 539 nempe
2411 467 2550 524 vinci
2581 482 2763 541 posse,
2792 467 3105 541 persuaderi
3132 485 3241 526 non
3271 484 3453 542 posse.
3503 471 3569 527 Et
3598 482 3793 531 tamen

485 569 581 610 eos
608 570 730 612 esse
756 554 1128 621 intestabiles,
1181 557 1493 631 nullamque
1529 566 1854 630 potestatem
1891 556 2077 628 ullius,

483 654 541 701 ut
570 646 826 717 loquitur,
860 646 1107 715 ineundi,
1139 648 1343 705 habere
1373 651 1470 704 ait.
1508 649 1670 705 Certe
1699 648 2080 709 Tbeodosiana

481 753 696 810 quoque
726 738 810 794 lex
843 737 964 805 fuit,
993 755 1096 811 qua
1128 742 1194 795 iis
1226 744 1307 797 vel
1338 741 1572 798 faciendi
1611 751 1958 809 testamenta,
1990 741 2081 798 vel

483 852 579 909 per
598 838 920 894 donationes
947 838 1107 894 alicui
1133 839 1259 912 quid
1288 840 1603 897 conferendi
1631 838 1861 899 facultas
1886 838 2078 909 adimi-

482 914 568 985 tur
592 973 607 996 ,
653 929 741 987 vel
769 947 837 987 ex
866 932 1251 991 donationibus
1293 935 1708 991 testainentisve
1744 934 1949 1005 aliquid
1989 948 2081 989 ca-

482 1020 665 1093 piendi
693 1063 708 1084 ,
756 1030 812 1077 ut
858 1022 977 1093 ipse
1005 1024 1340 1093 Augustinus
1382 1026 1579 1080 recitat
1621 1025 1686 1083 ad
1722 1025 1884 1082 linem
1923 1024 2022 1081 lib.
2061 1040 2081 1081 ι

480 1127 669 1171 contra
706 1116 1052 1172 Parmeniau.
1117 1116 1221 1175 Sed
1270 1128 1326 1175 et
1370 1118 1438 1174 ad
1478 1120 1569 1190 jus
1611 1118 1772 1176 civile
1821 1118 2080 1188 pertinet,

478 1216 879 1279 proptereaque
917 1209 1093 1277 minus
1133 1211 1417 1280 praeterire
1460 1226 1681 1280 possum
1712 1210 1854 1282 quod
1885 1210 2078 1269 eodem

482 1298 606 1353 loco
634 1308 817 1354 narrat
839 1298 1173 1374 Augustinus
1199 1344 1215 1370 ,
1263 1318 1385 1357 cum
1428 1302 1593 1359 homo
1620 1303 1836 1374 quidam
1882 1303 2082 1361 nobilis

480 1391 907 1462 imperatoribus
933 1395 1328 1467 supplicasset,
1361 1399 1483 1469 quia
1516 1413 1672 1453 soror
1706 1398 1823 1469 ejus
1854 1414 1974 1470 qua:
2013 1399 2083 1455 de

482 1495 633 1556 parte
661 1486 855 1542 Donati
898 1488 1115 1554 fuerat,
1153 1505 1276 1545 cum
1319 1490 1744 1563 defungeretur,
1778 1493 1830 1547 in
1867 1493 2082 1563 aliquos

477 1579 877 1634 communionis
909 1594 1023 1634 suae
1066 1580 1299 1650 plurima
1340 1584 1692 1650 contulisset,
1746 1596 2081 1659 prmeeptum

481 1682 621 1734 esse,
653 1678 714 1724 ut
741 1671 923 1726 omnia
956 1671 1113 1727 fratri
1141 1675 1585 1733 restituerentur.
1612 1675 1713 1731 Hic
1742 1692 1871 1748 ergo
1900 1678 2080 1733 locum

482 1777 591 1817 non
623 1764 811 1819 habuit
842 1764 935 1819 lex
965 1764 1129 1835 Papia
1160 1765 1226 1821 de
1257 1766 1478 1822 caducis
1498 1810 1512 1834 ,
1548 1784 1612 1821 ex
1645 1784 1750 1839 qua
1781 1768 1946 1824 ﬁscus
1988 1784 2080 1825 ca-

2181 560 2379 621 multos
2404 560 2495 631 qui
2527 561 2798 619 sanabiles
2824 570 3007 628 erant,
3041 562 3338 631 resipuisse
3369 563 3487 634 ipse
3515 565 3792 635 Augusti-

2179 668 2282 707 nus
2308 662 2535 708 testatur
2558 654 2611 708 in
2636 653 2730 709 lib.
2756 653 2823 709 de
2839 653 3015 710 Gestis
3041 669 3163 709 cum
3194 655 3435 709 Emerito
3465 656 3553 710 ubi
3583 657 3654 712 de
3676 658 3786 713 hac

2178 743 2482 799 Collatione
2524 744 2784 816 loquens:
2832 744 3172 812 Donatistas,
3223 748 3436 818 inquit.
3489 748 3543 801 in
3575 750 3792 806 nomine

2180 835 2376 893 Christi
2415 839 2467 894 in
2492 841 2743 910 gremium
2771 839 3080 893 catholicum
3125 857 3314 911 magna
3341 857 3405 896 ea:
3434 852 3582 912 parte
3609 859 3797 897 susce-

2178 937 2379 1004 pimus,
2427 933 2500 987 ita
2547 943 2605 987 ut
2644 948 2777 1003 pene
2805 948 2978 988 omnes
3014 934 3367 989 communioni
3394 935 3668 989 catltolicte
3704 953 3798 990 so-

2179 1025 2343 1078 ciatos
2368 1041 2475 1078 esse
2503 1024 2843 1097 gaudeamus.
2884 1024 3029 1081 Idem
3060 1027 3391 1095 Augustinus
3435 1026 3487 1080 in
3531 1028 3696 1097 epist.
3725 1046 3788 1096 L,

2180 1115 2248 1171 ad
2291 1115 2657 1183 Bonifacium,
2708 1117 2819 1183 ait,
2861 1115 3092 1172 Maxime
3123 1127 3238 1187 post
3280 1116 3626 1172 Collationem
3672 1116 3811 1191 quc

2182 1206 2316 1261 inter
2360 1223 2452 1261 nos
2496 1218 2544 1261 et
2587 1209 2855 1277 episcopos
2890 1224 3063 1263 eorum
3102 1206 3247 1276 apud
3272 1204 3645 1278 Carthaginem
3687 1212 3793 1281 fuit

2182 1315 2248 1354 ex
2274 1316 2463 1373 magna
2493 1310 2639 1371 parte
2668 1301 2886 1359 correcti
2909 1310 3047 1354 sunt.
3086 1299 3225 1370 Ergo
3252 1299 3435 1356 effecit
3463 1299 3581 1356 htcc
3608 1302 3798 1356 Colla-

2182 1395 2258 1449 tio
2288 1395 2432 1465 quod
2474 1395 2560 1450 vix
2592 1380 2843 1466 umquam
2874 1393 3093 1450 efficere
3133 1403 3431 1465 potuerunt
3471 1395 3706 1449 maxima
3733 1405 3795 1451 et

2182 1488 2385 1557 optima
2431 1487 2635 1558 alioqui
2677 1487 2923 1541 concilia.
2993 1486 3102 1541 Sed
3153 1487 3349 1542 vellem
3412 1489 3581 1542 etiam
3645 1487 3794 1560 quod

2188 1579 2522 1650 Augustinus
2567 1580 2829 1650 optabat,
2872 1580 3144 1637 effecisset
3196 1592 3253 1634 ut
3301 1582 3573 1638 Catholici
3626 1583 3793 1650 ntali,

2183 1688 2412 1741 quorum
2488 1672 2803 1745 depravatio
2860 1671 3106 1727 irritabat
3168 1672 3514 1738 Donatistas,
3594 1674 3793 1729 horum

2184 1766 2505 1821 tumultibus
2545 1748 2785 1822 correcti
2820 1774 2876 1821 et
2909 1764 3184 1821 emendati
3227 1764 3480 1820 fuissent.
3530 1768 3601 1821 At
3629 1784 3793 1838 quam

484 1854 699 1922 piehat,
742 1854 887 1927 quod
915 1856 1168 1913 relictum
1197 1865 1316 1913 erat
1343 1860 1392 1914 ei
1435 1859 1526 1929 qui
1552 1875 1749 1933 capere
1792 1876 1897 1917 non
1925 1873 2082 1935 pote-
2110 1848 2157 1923 Β
2187 1857 2365 1927 potius
2395 1857 2517 1911 facti
2550 1856 2657 1911 sint
2686 1856 2990 1913 deteriores
3012 1899 3027 1923 ,
3075 1857 3247 1911 bonus
3273 1867 3357 1911 est
3388 1857 3542 1912 testis
3584 1857 3798 1914 Salvia-

474 1946 584 2004 'rat.
630 1947 736 2004 Sed
788 1948 890 2004 etsi
916 1948 1087 2007 frater
1114 1951 1205 2007 ille
1232 1949 1425 2007 fuisset
1454 1954 1758 2022 praeteritus
1783 1955 1872 2012 vel
1901 1956 2083 2011 exhze-

483 2039 734 2109 rcdatus,
774 2040 899 2112 jure
929 2045 1208 2098 communi
1238 2045 1502 2114 potuisset
1532 2046 1846 2103 rescindere
1875 2050 2082 2104 sororis

480 2141 897 2202 testamentum,
948 2134 1000 2188 in
1056 2151 1163 2205 quo
1216 2145 1401 2207 turpes
1452 2148 1506 2192 et
1553 2138 1783 2199 infames
1833 2156 2080 2210 persona:

481 2223 694 2294 (quales
719 2233 877 2280 erant
902 2226 1219 2298 Donatistis)
1244 2228 1475 2284 fuissent
1508 2231 1788 2288 instituta.
1819 2232 1925 2291 Sed
1953 2234 2081 2305 quia

486 2331 630 2373 nunc
659 2315 728 2373 de
751 2317 872 2388 jure
895 2318 1042 2374 civili
1074 2320 1387 2389 disputandi
1417 2323 1568 2378 locus
1596 2340 1701 2379 non
1732 2334 1833 2390 est,
1860 2337 2082 2396 praeter-

479 2422 546 2463 eo
575 2409 720 2481 quod
756 2408 1000 2481 pluribus
1028 2413 1208 2468 verbis
1234 2428 1300 2469 ea
1328 2415 1395 2470 de
1438 2431 1499 2470 re
1549 2416 1653 2471 dici
1698 2427 1903 2487 posset.
1966 2419 2081 2476 Ilo-

483 2517 588 2557 neo
618 2511 796 2557 tamen
837 2504 1095 2561 lectorem
1120 2549 1136 2574 ,
1181 2516 1238 2561 ut
1268 2505 1515 2562 conferat
1544 2524 1703 2579 quam
1743 2509 1903 2578 hujus
1945 2510 2081 2582 legis

482 2592 928 2663 depravationem
982 2609 1169 2663 postea
1219 2596 1271 2651 in
1321 2598 1503 2655 Africa
1555 2600 1727 2655 edidit
1777 2602 2080 2659 llunerieus

484 2686 797 2756 Vandalus,
846 2698 904 2743 ut
932 2687 1118 2744 Victor
1148 2688 1421 2746 Uticensis
1462 2692 1557 2748 lib.
1589 2708 1644 2747 ιιι
1684 2702 1890 2748 narrat.
1941 2693 2077 2750 lllud

483 2789 752 2850 praeterea
778 2796 844 2837 ex
875 2782 969 2837 lib.
1001 2798 1098 2837 xvr
1125 2781 1259 2837 Cod.
1292 2783 1564 2840 Theodos.
1601 2785 1681 2839 tit.
1713 2801 1765 2852 v,
1798 2801 1849 2841 c.
1881 2784 1949 2853 5,
1990 2787 2076 2841 di-

480 2871 729 2937 dicimus,
753 2872 895 2943 quod
924 2872 1027 2928 huc
1049 2875 1272 2929 omnino
1299 2874 1641 2930 referendum
1674 2888 1776 2947 est,
1806 2892 1911 2933 non
1943 2880 2079 2932 mul-

482 2972 536 3018 to
588 2973 713 3033 post
749 2962 1107 3021 Collationem
1160 2974 1430 3021 mortuum
1481 2967 1650 3024 fuisse
1677 2968 2075 3035 Marcellinum,

480 3063 877 3125 proptereaque
910 3057 1198 3127 quaesitum
1237 3046 1441 3123 fuisse,
1491 3073 1559 3113 an
1586 3060 1707 3129 ejus
1738 3071 1912 3116 morte
1957 3070 2075 3117 acta

477 3146 804 3203 Collatiouis
851 3149 1328 3206 labefactarentnr.
1383 3150 1770 3221 Imperatorem
1808 3168 1939 3209 vero
1970 3153 2077 3210 llo-

2187 1965 2287 2005 nus
2351 1950 2707 2005 Massiliensis
2772 1950 2827 2005 in
2872 1950 2962 2004 lib.
3009 1949 3079 2004 de
3105 1948 3325 2006 Provid.
3371 1958 3425 2005 et
3456 1949 3662 2016 Judic.,
3698 1952 3795 2009 ubi

2184 2043 2692 2113 Carthaginensium
2722 2043 3096 2100 incredibilem
3126 2044 3389 2098 insaniam
3410 2052 3464 2097 et
3491 2044 3793 2113 projectam

2186 2136 2483 2208 nequitiam
2516 2136 2799 2192 describit.
2844 2135 2989 2207 Ergo
3031 2152 3138 2190 non
3177 2136 3347 2190 multo
3385 2146 3503 2206 post
3527 2134 3794 2191 Collatio-

2186 2244 2308 2283 nem
2347 2229 2543 2284 accidit
2584 2242 2640 2283 ut
2679 2229 2863 2283 hostes
2896 2228 3191 2284 Donatistis
3233 2229 3396 2298 longe
3435 2228 3791 2286 immaniores

2186 2322 2237 2377 in
2266 2320 2503 2377 Africam
2547 2319 2884 2386 inundarint,
2920 2320 3012 2390 qui
3055 2319 3303 2375 terribile
3330 2320 3517 2377 divina:
3557 2321 3788 2376 ultionis

2184 2414 2446 2468 adversus
2471 2413 2807 2482 deploratam
2840 2412 3240 2483 improbitatem
3270 2413 3574 2480 exemplum
3597 2413 3792 2467 edide-

2184 2514 2334 2572 runt,
2358 2505 2556 2559 excisis
2588 2506 2869 2573 plusquam
2894 2502 3254 2575 quadraginta
3283 2500 3560 2567 Ecclesiis,
3589 2513 3640 2555 et
3672 2504 3789 2574 ipsa

2184 2597 2418 2667 denique
2440 2593 2767 2666 Carthagine
2796 2611 2983 2651 eversa
3012 2612 3027 2661 ;
3075 2596 3423 2665 moriensque
3448 2597 3789 2665 Augustinus

2185 2690 2346 2744 talem
2387 2688 2747 2743 calamitatem
2790 2688 2862 2743 ita
2899 2687 3148 2756 deﬂevit,
3192 2698 3249 2741 ut
3291 2687 3550 2767 tamenin
3590 2702 3655 2743 ea
3687 2703 3786 2759 ge-

2184 2796 2336 2836 mens
2372 2780 2577 2850 justum
2627 2780 2720 2835 Dei
2754 2779 3018 2852 judicium
3064 2789 3403 2850 agnosceret,
3448 2781 3610 2834 sicuti
3652 2780 3787 2836 Pos-

2182 2871 2354 2928 sidius
2391 2883 2593 2927 narrat.
2659 2870 2871 2929 Interea
2915 2873 3293 2945 gratulandum
3333 2881 3420 2927 est
3463 2874 3782 2939 Donatistis,

2181 2966 2225 3017 si
2262 2965 2350 3034 qui
2388 2964 2658 3018 sanabiles
2688 2974 2867 3032 erant,
2910 2962 3114 3019 nttllum
3150 2962 3466 3017 scandalum
3503 2964 3787 3018 obstitisse

2183 3056 2470 3127 quominus
2506 3056 2572 3111 ad
2602 3072 2720 3111 eam
2752 3056 3014 3121 redirent,
3060 3071 3218 3127 quam
3264 3055 3316 3110 in
3348 3053 3659 3123 collatione
3687 3057 3787 3112 Ec-

2181 3149 2404 3203 clesiam
2444 3150 2793 3219 agnoverant.
2817 3146 2959 3204 Sane
2996 3147 3301 3211 Possidius,
3345 3147 3437 3218 qui
3464 3144 3783 3214 Collatioui,

481 3238 692 3294 norium
734 3238 945 3297 duobus
981 3243 1204 3298 circiter
1246 3244 1527 3299 mensibus
1567 3254 1691 3317 post
1733 3249 2074 3314 superiorem

2183 3251 2236 3292 ut
2267 3238 2421 3306 dixi,
2456 3238 2738 3306 interluit,
2784 3246 3050 3301 testatur.
3091 3237 3258 3310 366
3300 3239 3645 3308 potissimum
3690 3253 3788 3310 per

476 3332 646 3403 legem
680 3349 782 3389 suo
812 3350 872 3390 ea
901 3336 1081 3392 edicto
1124 3338 1318 3392 iterum
1364 3338 1743 3395 confirmasse.
1796 3340 1885 3396 Sic
1925 3343 2074 3397 enim

478 3424 697 3485 Iuliano
726 3431 1037 3500 proconsuli
1069 3430 1266 3488 Africm
1294 3433 1578 3489 rescribit:
1616 3431 1843 3490 Notione
1882 3446 1929 3490 et
1966 3437 2078 3491 sol-

480 3519 751 3576 licitudine
781 3520 1078 3577 Marcellini
1119 3525 1413 3595 spectabilis
1452 3529 1711 3581 memoria:
1756 3529 1853 3583 viri
1894 3541 2078 3586 contra

481 3608 783 3667 Donatistos
835 3626 977 3685 gesto
1026 3624 1141 3668 sunt
1192 3632 1251 3670 ea
1297 3631 1412 3682 qua:
1458 3618 1714 3673 translata
1758 3619 1813 3674 in
1871 3620 2079 3690 publica

482 3707 795 3761 monimento
848 3707 1034 3763 habere
1093 3709 1330 3764 volumus
1391 3720 1693 3781 perpetuam
1756 3712 2071 3783 ﬁrmitatem.

484 3794 665 3868 Neque
683 3803 819 3852 enim
839 3810 1004 3854 morte
1025 3801 1303 3871 cognitoris
1332 3804 1498 3870 perire
1519 3802 1663 3857 debet
1691 3805 1897 3875 publica
1922 3806 2071 3876 ﬁdes.

481 3886 603 3943 Dat.
631 3904 688 3943 ιιι
728 3888 935 3945 kalend.
968 3890 1231 3961 Septemb.
1252 3933 1266 3954 .
1310 3892 1464 3949 Rom.
1487 3941 1500 3962 ,
1534 3894 1837 3952 Constantio
1865 3907 1910 3952 et
1940 3897 2077 3953 Con-

478 3987 645 4034 stante
671 3997 801 4035 coss.
845 3981 951 4037 Sed
981 3981 1047 4036 ad
1076 3982 1236 4052 hujus
1269 3983 1403 4054 legis
1432 3985 1546 4043 sive
1576 3989 1826 4057 rescripti
1858 3999 2076 4045 senten-

478 4072 603 4126 tiam
648 4071 1092 4144 intelligendam,
1137 4076 1442 4131 necessaria
1483 4075 1581 4131 fuit
1628 4078 1944 4135 Collatiouis
1994 4082 2077 4136 hi-

476 4167 644 4222 storia
693 4182 856 4239 quam
880 4167 1129 4239 exposui.
1162 4168 1228 4223 Et
1256 4176 1317 4224 ut
1343 4169 1642 4241 fragmenta
1668 4172 1922 4245 colligam
1953 4191 2073 4242 quae

476 4254 723 4330 dispersa
771 4260 1115 4331 dissectaque
1161 4278 1267 4316 nou
1308 4262 1725 4339 intelliguntur:
1765 4282 1909 4321 nunc
1934 4266 2073 4339 adji-

474 4355 612 4410 ciam
650 4354 792 4427 quod
828 4355 1095 4415 Honorius
1126 4356 1335 4422 scribit,
1375 4366 1432 4412 et
1458 4357 1524 4411 ad
1555 4358 1694 4415 hunc
1724 4359 1904 4414 locum
1950 4376 2074 4431 per-

478 4447 632 4516 tinet,
669 4448 841 4520 iuquit
877 4449 970 4506 lib.
1006 4466 1100 4515 vn,
1132 4464 1251 4520 cap.
1279 4450 1385 4504 42:
1418 4449 1516 4506 His
1544 4451 1720 4508 diebus
1747 4454 2073 4525 pra'ripicnte

481 4539 742 4604 Honorio,
771 4557 877 4612 pax
903 4551 952 4595 et
984 4542 1153 4596 unitas
1191 4559 1284 4616 per
1311 4544 1600 4597 universam
1626 4545 1859 4617 Africam
1892 4544 2072 4602 Eccle-

2181 3333 2321 3387 hanc
2341 3332 2694 3387 collationem
2722 3331 2919 3386 factum
2951 3346 3092 3393 esse,
3119 3340 3177 3384 ut
3204 3332 3508 3401 Augustino
3538 3333 3773 3401 palmam

2181 3427 2323 3481 Deus
2365 3426 2616 3493 dederit,
2661 3435 2714 3480 et
2758 3426 2809 3480 in
2852 3426 2969 3481 dies
3010 3433 3261 3496 ageretur
3301 3425 3451 3495 pacis
3501 3427 3685 3479 unitas
3725 3433 3781 3480 et

2180 3520 2442 3582 ECrl_esi;e
2505 3517 2965 3585 confraternitas,
3031 3529 3086 3574 et
3148 3517 3299 3572 multi
3370 3517 3781 3574 Donatistarum

2179 3611 2424 3683 episcopi
2456 3612 2521 3665 ad
2554 3626 2741 3683 pacem
2772 3610 3092 3665 catholicam
3126 3609 3384 3664 redierint
3413 3652 3430 3676 ,
3482 3619 3537 3665 et
3566 3611 3782 3682 quidvis

2179 3720 2245 3760 eo
2276 3705 2497 3760 nomine
2540 3705 2607 3759 ab
2640 3703 2936 3758 Donatistis
2974 3704 3117 3775 passi
3156 3702 3285 3759 sint.
3335 3702 3551 3760 Interea
3598 3717 3778 3761 tamen

2182 3800 2323 3853 idem
2353 3798 2634 3854 Possidius
2664 3798 2851 3869 adjicit
2889 3814 2996 3853 non
3031 3796 3272 3853 defuisse
3306 3798 3403 3869 qui
3438 3800 3780 3857 calumninse

2176 3893 2427 3949 dicerent
2472 3908 2577 3947 non
2621 3893 2789 3948 fuisse
2825 3893 3121 3963 permissos
3155 3893 3467 3950 Donatistas
3494 3894 3638 3965 apud
3687 3912 3785 3967 po-

2179 3994 2428 4040 testatem
2460 4000 2580 4056 quae
2609 3999 2829 4038 causam
2859 3984 3085 4049 audivit,
3120 3984 3303 4040 dicere
3330 3989 3513 4039 omnia
3545 4001 3642 4056 pro
3667 3986 3784 4041 Suis

2177 4077 2421 4149 partibus
2442 4118 2458 4144 ,
2498 4076 2753 4146 quoniam
2782 4075 3067 4131 catholica:
3094 4079 3500 4132 communionis
3527 4082 3785 4144 cognitor

2175 4184 2287 4224 sua:
2320 4168 2535 4223 favebat
2567 4166 2848 4223 Ecclesian
2911 4168 3018 4222 Sed
3061 4168 3275 4223 inanem
3318 4170 3484 4224 fuisse
3510 4169 3649 4225 hanc
3677 4188 3775 4224 ca-

2177 4261 2510 4316 villationem
2544 4259 2823 4315 Possidius
2854 4259 3109 4316 ostendit.
3156 4259 3259 4315 Alii
3295 4261 3573 4333 fingebant
3599 4262 3776 4332 pretio

2174 4365 2492 4425 corruptum
2525 4353 2895 4409 Marcellinum
2930 4352 3116 4409 fuisse.
3178 4352 3285 4410 Sed
3321 4354 3423 4408 hoc
3452 4354 3636 4409 eadem
3670 4360 3783 4408 int-

2179 4446 2436 4517 pudentia
2475 4444 2733 4502 dicebant
2770 4461 2874 4513 qua
2914 4444 3042 4499 olim
3080 4459 3203 4499 eum
3236 4446 3604 4516 appellassent
3628 4443 3786 4501 Con-

2176 4539 2475 4601 stantinum
2503 4579 2517 4604 ,
2564 4547 2615 4592 ct
2663 4537 2710 4592 is
2750 4534 3096 4592 Caecilianum
3137 4537 3469 4593 absolvisset
3517 4537 3791 4593 damnas-

474 4631 568 4685 sia:
592 4632 861 4687 catholico:
884 4632 1087 4686 reddita
1118 4643 1224 4701 est,
1275 4645 1321 4688 et
1350 4651 1536 4703 corpus
1562 4633 1757 4690 Christi
1787 4636 1947 4708 (quod
1977 4655 2070 4693 nos
2100 4629 2149 4688 D
2177 4640 2370 4702 setquc
2417 4630 2683 4685 Donatum
2713 4671 2727 4694 ,
2776 4628 3009 4684 cavillati
3059 4639 3184 4683 sunt
3233 4640 3552 4700 corruptum
3605 4630 3791 4688 fuisse

472 4724 675 4793 sumus)
704 4725 1058 4799 redintegrato
1088 4726 1393 4784 discissione
1418 4740 1655 4786 sanatum
1685 4742 1759 4785 est
1778 4775 1792 4799 ,
1828 4732 2070 4805 imposito

471 4818 767 4874 executione
820 4819 989 4874 sancti
1049 4823 1290 4892 prmepti
1345 4823 1652 4881 Marcellino
1704 4826 1910 4882 tribuno
1958 4828 2067 4882 viro

469 4908 724 4978 imprimis
768 4911 1006 4981 prudenti
1035 4922 1081 4970 et
1123 4914 1381 4970 industrio
1411 4918 1740 4991 omniumque
1770 4920 2067 4976 studiorum

472 5003 723 5056 bonorum
750 5007 1207 5076 oppetentissimo,
1254 5026 1404 5080 quem
1432 5008 1671 5066 Marinus
1714 5029 1884 5068 comes
1923 5016 2069 5087 apud

471 5093 838 5169 Carthaginem
893 5102 1185 5171 incertum,
1251 5105 1362 5159 celo
1408 5107 1746 5175 stimulatus,
1808 5125 1876 5163 an
1934 5127 2066 5165 auro

468 5201 745 5261 corruptus
766 5235 781 5259 ,
824 5196 1013 5249 occidit
1035 5213 1054 5250 :
1094 5198 1182 5267 qui
1208 5200 1448 5252 continuo
1478 5210 1746 5256 revocatus
1773 5218 1836 5256 eo:
1859 5202 2063 5277 Africa,

469 5288 739 5357 factusque
767 5289 1019 5361 privatus,
1042 5291 1119 5345 vel
1148 5291 1217 5345 ad
1244 5308 1467 5364 plenam,
1490 5291 1571 5347 uel
1592 5294 1661 5347 ad
1691 5298 2064 5365 penitentiam,

466 5378 797 5433 conscientia:
846 5396 956 5434 suae
999 5381 1241 5437 dimissus
1290 5395 1385 5439 est.
1454 5383 1579 5439 Haec
1624 5387 1867 5442 Orosius.
1934 5387 2066 5459 Quze

467 5469 685 5541 quidem
717 5470 955 5527 indicant
985 5474 1105 5542 quis
1136 5473 1296 5529 fuerit
1323 5476 1437 5551 sive
1471 5475 1705 5548 fructus,
1744 5480 1856 5535 sive
1886 5482 2063 5539 exitus

467 5560 786 5618 Collatiouis
821 5578 944 5619 cum
975 5564 1291 5633 Donatistis,
1324 5571 1530 5641 etquid
1562 5589 1681 5629 eam
1708 5587 2062 5629 consecutum

468 5653 559 5720 sit,
597 5666 735 5715 utet
778 5658 845 5713 iis
884 5660 1111 5715 satisfiat
1149 5662 1237 5732 qtti
1278 5674 1527 5732 qumrunt
1563 5668 1755 5731 ecquid
1802 5669 1894 5725 illa
1940 5685 2068 5742 pro-

471 5742 680 5802 fuerit?
717 5755 793 5807 Ac
818 5759 1035 5828 quidem
1062 5760 1296 5832 primum
1325 5760 1631 5833 respondeo
1654 5759 1721 5815 de
1749 5761 2064 5831 Donatistis,

468 5838 609 5912 ‘lu0d
642 5840 1000 5927 Hieronymus
1020 5855 1087 5914 de
1104 5855 1462 5932 Luciferianis
1482 5871 1670 5915 eorum
1693 5870 1861 5939 prope
1880 5856 2064 5929 sociis,

2173 4722 2579 4796 imperatorem.
2632 4721 2811 4791 Atque
2849 4730 2906 4775 ut
2946 4721 3319 4793 intelligamus
3360 4722 3489 4775 nihil
3527 4738 3634 4776 non
3679 4738 3791 4780 eos

2173 4800 2443 4889 captasse,
2466 4817 2608 4888 quod
2633 4816 3114 4878 calumniarentur,
3143 4815 3305 4870 etiam
3331 4817 3617 4885 conquesti
3645 4828 3794 4874 sunt

2174 4920 2338 4968 noctu
2364 4910 2736 4966 Marcellinum
2766 4908 3059 4978 judicasse.
3094 4907 3195 4978 Ipsi
3224 4907 3533 4963 cavillando
3564 4910 3616 4963 iu
3644 4910 3798 4964 Col-

2172 5006 2373 5062 lationc
2401 5003 2511 5076 jam
2543 5003 2685 5058 dicm
2711 5012 3193 5073 consumpserant,
3238 5010 3293 5054 ut
3328 5002 3383 5055 in
3414 5002 3661 5057 tenebris
3696 5003 3795 5058 ef-

2172 5098 2437 5170 fugerent.
2496 5093 2666 5151 Judex
2702 5093 2891 5169 volens
2940 5107 3034 5149 sua
3080 5090 3338 5162 patientia
3375 5092 3443 5146 iis
3476 5092 3799 5162 prmciilere

2171 5206 2390 5247 omnem
2424 5190 2475 5243 in
2510 5196 2784 5258 posterum
2823 5187 3164 5242 occasionem
3191 5185 3357 5255 justm
3388 5185 3796 5255 querimoniae,

2171 5284 2463 5355 adjiciebat
2516 5279 2855 5352 clepsydram
2886 5322 2898 5342 ,
2948 5290 3001 5333 et
3057 5279 3366 5348 patiebatur
3414 5294 3510 5334 eos
3554 5280 3800 5348 quidvis

2171 5380 2355 5435 dicere
2384 5420 2398 5443 ,
2451 5377 2630 5447 potius
2654 5388 2816 5444 quam
2849 5372 3119 5427 actionem
3163 5371 3610 5440 interrumperet.
3661 5372 3801 5429 Sed

2173 5483 2353 5530 tamen
2386 5473 2633 5535 tandem,
2666 5467 2995 5522 sententiam
3028 5466 3179 5526 tulit,
3222 5480 3346 5519 rum
3378 5465 3450 5518 illi
3477 5463 3799 5535 dixissent,

2170 5579 2223 5623 et
2254 5567 2456 5623 dixisse
2485 5581 2545 5622 se
2572 5563 2809 5619 confessi
2838 5572 3023 5619 essent
3047 5580 3060 5615 :
3097 5575 3291 5630 neque,
3321 5559 3443 5627 quia
3469 5561 3657 5615 Serius
3686 5562 3804 5633 ju-

2169 5660 2471 5725 dicaverat,
2493 5667 2778 5729 propterea
2809 5671 2920 5712 rem
2944 5654 3238 5726 indicatam
3266 5649 3404 5706 eludi
3431 5664 3642 5721 passus
3668 5666 3797 5716 est,

2171 5753 2374 5809 Gellius
2401 5752 2539 5807 libro
2561 5748 2773 5805 decimo
2797 5756 2990 5818 quarto
3015 5746 3206 5801 scribit
3230 5743 3672 5799 senatusconsult
3688 5738 3813 5804 nm'

2178 5859 2279 5907 nec
2307 5855 2433 5905 ante
2461 5849 2707 5901 exortum
2734 5882 2751 5912 ,
2781 5856 2882 5905 nec
2911 5851 3031 5916 post
3055 5856 3307 5907 occasum
3337 5842 3515 5911 solem
3547 5841 3801 5922 factum,
