4134 6186
406 473 586 520 ratum
615 457 805 513 fuisse.
837 452 950 508 Imo
981 453 1038 502 et
1064 457 1185 499 cum
1214 438 1280 494 de
1309 430 1527 507 iudiciis
1550 426 1824 494 ageretur,

879 543 1019 607 fuit,
1074 534 1172 591 Sol
1212 541 1427 585 occasus
1462 529 1704 589 suprema
1749 511 2019 606 tempestas

409 659 537 705 esto.
574 643 682 702 Sed
697 605 820 695 “non
853 605 1044 692 eadem
1077 627 1177 683 fuit
1205 620 1448 677 omnium
1478 612 1821 667 decretorum
1849 605 2015 653 ratto:

410 757 589 814 neque
619 749 840 806 semper
865 746 926 786 ea
960 728 1043 782 lex
1075 728 1290 777 servata
1321 717 1426 767 est.
1488 704 1621 767 Nam
1650 705 1706 753 et
1733 706 1878 763 saepe
1901 688 2017 743 Ro-

1274 809 1284 814 -
1537 797 1547 814 ε
1600 786 1816 814 *χηηξρε
1856 788 2016 814 nnnln

523 786 588 797 ..ν
619 786 827 806 ---νῖν

413 786 559 895 main
615 827 809 890 imitati
855 829 983 879 sunt
1016 809 1409 882 Areopagitas.
1461 797 1552 870 qui
1600 786 1819 859 nonnisi
1850 788 2022 895 nocti:

411 872 835 1000 2.
1010 872 1199 1000 uoster
1222 872 1559 1000 ιὐειίηξθιιυε
1590 893 1644 946 ί¹¹
1688 872 2020 1000 Five}???

411 969 567 1091 iubet
596 969 1032 1088 pedaneos'suos
1065 996 1279 1070 judices
1318 989 1515 1047 sedere
1558 996 1657 1054 pro
1688 969 1942 1091 tribunali
1988 979 2020 1019 a

418 1061 632 1166 lsummit;
658 1100 897 1160 diluculo
928 1104 1098 1163 usque
1125 1079 1593 1166 ad’vespertinum
1618 1061 2020 1138 crepusculum,

418 1202 535 1257 sive
580 1206 637 1253 ut
680 1192 949 1264 loquitur,
997 1205 1070 1246 εις
1100 1160 1263 1237 Betim
1285 1173 1437 1246 ὀψίαν
1459 1210 1475 1235 ,
1521 1176 1703 1235 neque
1730 1160 2022 1264 quicquam

419 1294 640 1358 obstat,
676 1247 807 1359 quin
836 1283 881 1336 si
915 1247 1077 1334 causa
1109 1268 1383 1344 postulet,
1424 1259 1589 1333 judex
1624 1253 1795 1326 possit
1822 1247 2025 1304 diutius

419 1387 584 1443 etiam
616 1349 834 1438 sedere.
884 1370 1131 1439 Denique
1170 1372 1225 1419 et
1265 1362 1594 1421 testamenta
1627 1358 1678 1404 et
1711 1349 2027 1402 contractus

421 1486 586 1536 noctu
637 1487 796 1546 posse
849 1467 1006 1531 ﬁeri,
1059 1453 1416 1517 dubitandum
1468 1461 1577 1504 non
1626 1455 1749 1499 esse
1792 1438 1880 1493 lex
1926 1433 2024 1488 ait.

1372 1542 1411 1546 _
1671 1544 1679 1546 _
1794 1530 1813 1546 ,
1910 1525 2022 1546 Mn

898 1525 1216 1629 penultim.,
1266 1547 1334 1600 de
1370 1542 1742 1633 Τοεειιιιιιεξιιι.Γ
1792 1530 1854 1586 L.
1908 1525 2025 1582 Non

423 1625 850 1724 minorem,'C:
893 1625 963 1705 de
1008 1647 1293 1701 Transact.
1350 1634 1549 1691 Noster
1606 1625 1828 1699 quidem
1881 1628 2030 1675 certe

423 1715 760 1829 Augustinus
810 1720 1151 1817 respondens
1192 1731 1493 1793 Donatistis
1540 1728 1853 1781 exclamat:
1902 1715 2031 1783 Quis

1330 301 1653 373 HISTORIA
1693 277 2293 357 CAR'I'HAGINBNSIS
2328 264 2805 336 COLLATIONIS.

1851 414 1904 467 in
1939 422 2016 466 xu
2043 406 2098 476 Α
2176 402 2433 472 Ῥιοερειπ
2464 401 2518 457 in
2549 411 2651 453 suo
2680 392 2966 450 Chronico
2991 392 3067 447 ait
3096 388 3375 459 Pelagium
3405 398 3560 441 anno
3584 384 3746 440 (‘hri-

3598 251 3746 319 ιδω

2118 496 2189 551 sti
2215 493 2322 549 415
2350 492 2663 563 publicasse
2693 500 2856 542 suum
2882 483 3105 555 dogma,
3133 482 3239 536 hoc
3263 487 3369 547 est,
3397 478 3591 533 statim
3626 483 3760 548 post

2123 586 2430 645 Donatistas
2460 585 2513 638 in
2542 576 2857 643 Collatioue
2882 588 3190 646 repressos.
3222 575 3378 627 Anno
3398 578 3590 625 autem
3612 569 3749 639 420,

2121 683 2307 737 habito
2334 679 2479 750 apud
2505 673 2899 744 Carthaginem
2927 668 3166 726 concilio
3192 666 3299 725 217
3329 664 3751 736 episc0porum,

2120 775 2286 833 missa
2316 788 2445 830 esse
2472 770 2542 827 ad
2575 769 2895 841 pontificem
2923 764 3204 819 Zosimum
3235 757 3524 832 synodalia
3557 757 3756 813 decre-

2124 884 2175 928 ta
2198 912 2214 940 ,
2245 869 2453 941 quibus
2485 863 2733 935 probatis
2762 877 2864 933 per
2893 869 3064 916 totum
3093 854 3357 912 mundum
3389 851 3623 907 baresis
3651 848 3759 907 Pe-

2123 971 2334 1042 lagiana
2367 965 2635 1020 damnata
2663 960 2756 1016 sit.
2814 956 2925 1015 Sed
2968 970 3084 1011 rem
3128 961 3297 1007 totam
3340 949 3479 1005 satis
3517 963 3625 1003 non
3656 961 3758 1003 ex-

2124 1064 2287 1136 plicat
2318 1060 2584 1125 Prosper.
2638 1054 2718 1111 Ex
2753 1050 3039 1122 Augustini
3068 1062 3201 1102 vero
3232 1032 3455 1112 scriptis
3486 1051 3746 1113 repetere

2124 1160 2275 1222 licet,
2305 1148 2463 1224 quod
2498 1146 2766 1217 imprimis
2800 1144 2891 1198 hic
2919 1138 3322 1197 observandum
3355 1143 3467 1192 est.

2198 1221 2439 1316 Propter
2464 1240 2775 1311 Pelagium,
2812 1244 3061 1305 tempore
3088 1229 3407 1286 Innocentii
3437 1221 3635 1301 pontif.
3669 1230 3761 1286 cui

2128 1341 2383 1405 lusimus
2430 1332 2737 1396 successit,
2787 1326 2982 1384 eodem
3027 1334 3280 1393 tempore
3309 1324 3643 1379 convenisse
3676 1324 3787 1378 vi--

2130 1437 2326 1490 dentur
2354 1430 2468 1483 duo
2496 1440 2692 1495 magna
2730 1420 2964 1478 concilia
2994 1459 3006 1483 ,
3045 1415 3493 1485 Carthaginense
3523 1424 3579 1470 et
3607 1416 3765 1471 Mile-

2129 1530 2376 1581 vitauum
2414 1537 2427 1572 :
2471 1517 2603 1575 illud
2629 1512 2980 1584 Carthaginis
3006 1519 3060 1565 et
3090 1506 3317 1572 Africae,
3347 1505 3457 1562 hoc
3483 1506 3758 1563 Numidiae

2134 1617 2336 1690 passim
2365 1620 2527 1668 vocat
2551 1607 2892 1680 Augustinus
2921 1603 3086 1673 epist.
3108 1614 3280 1661 mm.
3305 1614 3437 1663 xcu,
3470 1614 3611 1665 κων,
3642 1613 3755 1671 cvi,

2136 1668 2313 1690 .-----η
2641 1668 2671 1680 υ
2959 1668 2975 1673 -

2131 1727 2199 1767 cx
2226 1721 2281 1767 et
2314 1721 2479 1764 ctvn.
2528 1702 2772 1765 Fateor,
2821 1712 2946 1754 cum
2994 1693 3274 1763 Pelagiani
3325 1707 3549 1746 causam
3596 1668 3753 1746 suam

423 1784 504 1817 ιιι]
547 1784 760 1821 ιιδιμιυθ
811 1784 894 1807 tua
942 1784 1151 1798 ιιι-νιν..-
1193 1784 1385 1793 ,νυ-ηρ
1478 1784 1485 1785 ,

422 1784 556 1924 [ενιῗι
598 1851 755 1901 uictos
800 1784 1033 1897 Itomriues
1080 1828 1322 1900 conqueri
1363 1821 1502 1894 quod
1558 1827 1706 1872 nocte
1732 1820 1910 1879 contra
1943 1822 2027 1861 eos
2056 1793 2104 1857 Β
2130 1801 2362 1877 judicari
2407 1798 2611 1854 vellent
2660 1796 2717 1850 in
2768 1786 3067 1846 universali
3119 1786 3363 1843 concilio
3413 1784 3655 1841 Orientis
3697 1794 3756 1840 et

1566 1916 1576 1924 .
1642 1910 1673 1924 ι.
1747 1923 1750 1924 ν
1796 1900 2029 1924 ψάμμλε
2134 1892 2443 1924 ΠηηῖιΙΛιιΙῖο
2547 1886 2902 1924 Annnclinnm
2948 1878 2999 1924 id
3031 1877 3098 1924 iis
3132 1891 3400 1924 negasse-
3437 1874 3755 1924 τθςῃοῃάίε..

423 1900 497 1999 est
530 1941 731 2013 prolata
759 1932 1010 1993 sententia
1034 1945 1053 1996 ;
1082 1925 1229 1998 quasi
1261 1938 1362 1976 non
1392 1930 1528 1986 stupe
1546 1910 1759 1986 judice;
1782 1900 2055 1966 audiendi,

426 1996 703 2094 necessitas
735 2036 936 2093 teneat,
983 2031 1041 2078 ut
1070 1996 1237 2091 usque
1267 2016 1335 2070 ad
1372 2011 1597 2069 multam
1640 2010 1840 2075 partem
1868 1996 2032 2062 noctis

425 2133 603 2187 sedere
631 2121 929 2198 cogantur?
954 2117 1033 2173 An
1060 2114 1179 2169 ideo
1209 2127 1312 2165 non
1339 2114 1416 2163 est
1446 2116 1619 2158 verum
1651 2094 1790 2168 quod
1820 2091 2031 2155 dicitur,

426 2222 550 2293 quia
580 2234 670 2290 per
697 2224 897 2272 noctem
924 2206 1156 2263 dicitur?
1191 2213 1300 2259 etc.

500 2270 828 2369 Interfuerat
865 2298 1154 2359 Collationi
1214 2291 1494 2350 Emeritos
1543 2279 1871 2338 Donatista:
1927 2270 2036 2329 Sed

432 2411 665 2479 ingenue
710 2416 816 2469 non
869 2397 1137 2457 fatebatur
1180 2404 1303 2445 sese
1342 2387 1394 2440 in
1432 2396 1500 2438 ea
1540 2379 1745 2439 victum
1772 2385 1934 2436 esse,
1984 2375 2041 2425 et

434 2500 621 2557 nescio
666 2510 803 2568 quos
838 2487 1228 2559 calumniarum
1278 2482 1455 2537 fumos
1502 2468 1797 2545 spargebat
1838 2465 1891 2519 in
1942 2476 2040 2517 sua

434 2585 760 2653 Caesariensi
790 2580 1129 2657 Mauritania.
1177 2577 1253 2632 Eo
1283 2576 1465 2642 itaque
1494 2581 1622 2624 cum
1655 2559 1930 2633 profectus
1956 2572 2042 2613 es-

437 2691 523 2740 set
549 2680 919 2754 Augustinus,
968 2688 1074 2727 non
1121 2665 1394 2726 recusavit
1436 2661 1609 2717 veluti
1638 2666 1820 2711 actum
1856 2666 2041 2723 agere,

439 2788 493 2834 et
521 2743 1010 2849 gesta‘Co-llationis
1036 2777 1225 2821 rursus
1256 2769 1534 2829 exponere
1562 2762 1727 2821 atque
1757 2745 1917 2803 tueri.
1954 2743 2045 2798 Ait

441 2871 495 2926 id
524 2842 604 2923 ‘se
649 2864 845 2921 fecisse
890 2857 1131 2919 Honorio
1178 2869 1255 2909 xu
1302 2862 1357 2907 et
1405 2842 1724 2904 Theodosio
1769 2851 1862 2892 vttt
1901 2849 2043 2891 coss.

442 2964 628 3033 Itaque
654 2962 881 3030 apparet
908 2961 1113 3023 septem
1144 2949 1303 3003 annis
1332 2954 1455 3015 post
1476 2937 1843 2996 Collatiouem
1875 2929 1927 2984 id
1956 2943 2049 2983 ac-

444 3054 645 3111 cidisse
665 3091 681 3116 ,
731 3056 896 3120 atque
919 3044 1057 3099 adeo
1085 3056 1151 3107 eo
1175 3039 1295 3109 ipso
1321 3052 1500 3100 anno,
1539 3046 1650 3099 qtto
1678 3028 1733 3082 in
1765 3020 2052 3091 Carthagi-

449 3148 605 3205 nensi
646 3142 880 3200 concilio
909 3150 1071 3193 causa
1099 3132 1514 3204 Pelagianorum
1550 3123 1818 3194 agebatur
1840 3156 1858 3183 ,
1900 3121 1958 3170 et
1994 3120 2052 3170 ttt

449 3244 501 3298 in
520 3240 830 3297 Milevitano
848 3233 1084 3306 iudicata
1120 3229 1293 3284 fuerat
1316 3240 1460 3285 anno
1483 3218 1679 3292 priori.
1715 3211 2051 3282 Augustinus

449 3337 545 3393 lib.
572 3351 609 3390 tt
643 3302 880 3390 ltetract.
910 3324 1230 3396 simpliciter
1246 3322 1320 3374 ait
1346 3319 1626 3387 aliquanto
1657 3315 1783 3379 post
1797 3302 2056 3363 Collatio-

454 3443 602 3493 nein,
627 3440 748 3480 cum
781 3420 1029 3494 qumdam
1056 3426 1176 3487 orta
1203 3422 1348 3469 esset
1379 3407 1682 3467 necessitas
1708 3395 1966 3469 pergendi
1998 3393 2054 3465 in

456 3519 827 3576 Mauritaniam
846 3513 1238 3571 Ctesariensmt
1269 3521 1390 3563 sese
1416 3505 1597 3574 egisse
1621 3511 1745 3553 cum
1776 3492 1870 3549 illo
1902 3491 2059 3545 Eme-

456 3615 563 3669 rito
599 3627 614 3665 :
666 3623 842 3683 neque
871 3604 1073 3673 alioqui
1105 3614 1322 3667 causam
1370 3598 1519 3655 illius
1557 3606 1674 3648 sum
1701 3582 2059 3660 profectiOuis

458 3678 767 3773 cxprintita
797 3698 891 3753 Sic
915 3706 971 3751 et
1000 3696 1051 3750 iu
1080 3694 1239 3763 epist.
1274 3706 1410 3746 ccvn
1444 3707 1459 3744 :
1492 3686 1593 3746 Eo.
1631 3680 1828 3750 inquit,
1858 3693 1950 3733 nos
1980 3678 2062 3731 in-

452 3771 643 3873 juncta
672 3791 821 3847 nobis
851 3804 883 3842 a
912 3785 1119 3841 Zosimo
1166 3780 1467 3852 apostolicae
1504 3777 1644 3832 sedis
1690 3771 1938 3839 epispr
1976 3782 2062 3823 ec-

461 3888 751 3946 clcsiaslica
802 3881 1075 3955 necessitas
1124 3877 1432 3932 deduxerat.
1509 3870 1578 3927 Et
1639 3861 1917 3921 Possidius
1968 3857 2064 3928 qui

465 3978 708 4036 interfuit
734 3972 1058 4031 Caesariensi
1110 3968 1187 4024 illi
1241 3964 1480 4029 actioni,
1534 3977 1639 4017 non
1679 3957 1862 4014 minus
1899 3968 2062 4022 quam

464 4069 755 4129 Collationi
782 4060 1229 4135 Carthaginensi,
1263 4067 1470 4115 tantum
1500 4055 1594 4118 ait,
1628 4052 1774 4109 sedis
1801 4046 2067 4120 apostoli-

467 4180 546 4221 ea:
572 4164 783 4218 litteras
812 4155 1144 4229 compulisse
1171 4150 1530 4221 Augustinum
1553 4160 1677 4202 cum
1707 4144 1831 4197 aliis
1855 4139 2068 4209 episco-

468 4259 552 4329 pis
604 4254 796 4311 venire
854 4250 908 4305 in
955 4244 1335 4311 Mauritaniam
1383 4241 1455 4295 ob
1513 4234 1883 4295 terminandas
1928 4232 2069 4288 alias

468 4348 732 4411 Ecclesia:
762 4341 1161 4419 necessitates:
1197 4352 1430 4407 cumque
1463 4332 1748 4395 incidisset
1770 4328 1825 4386 in
1858 4324 2072 4383 Emeri-

432 4462 436 4466 ‘
473 4456 583 4500 tum
615 4443 731 4512 ejus
762 4416 870 4495 loci
898 4434 1301 4495 Donatistarum
1334 4427 1680 4498 episcopum,
1714 4435 1835 4481 cum
1869 4432 1937 4477 eo
1967 4416 2073 4474 ite-

474 4553 595 4592 rum
624 4543 975 4604 congressum
1006 4539 1130 4593 esse
1156 4564 1172 4590 ,
1221 4530 1279 4575 ut
1320 4521 1365 4575 is
1396 4518 1565 4575 libere
1601 4516 1808 4573 diceret
1842 4525 1943 4580 pro
1971 4522 2067 4569 sua
2093 4544 2149 4604 Β

474 4638 629 4699 parte
654 4666 670 4693 ,
704 4600 1062 4694 qua-cumque
1089 4613 1254 4669 vellet
1279 4652 1294 4677 ,
1342 4609 1473 4680 quia
1499 4606 1714 4677 quidam
1746 4600 2072 4659 dictitabant
2094 4600 2125 4625 —'

476 4733 600 4774 eum
648 4690 1038 4771 iuCollatione
1089 4702 1424 4776 prohibitum
1465 4713 1588 4754 esse
1636 4694 1821 4761 omnia
1863 4690 2071 4757 dicere.

478 4807 613 4875 Quid
647 4806 717 4860 ibi
749 4812 959 4875 gestum
992 4800 1097 4864 sit,
1132 4798 1248 4866 ipse
1276 4792 1611 4864 Augustinus
1642 4786 1988 4856 conscripsit,
2016 4792 2078 4840 ut

480 4910 627 4973 gesta
656 4894 1009 4955 Cmsariensis
1041 4892 1183 4961 illius
1211 4884 1588 4957 collocationis
1614 4897 1738 4936 cum
1772 4880 1922 4936 Actis
1944 4880 2077 4933 Car-

483 4971 815 5065 thagincnsis
859 4986 1187 5045 Collationis
1229 4981 1709 5051 conjungercntur.
1764 4971 2076 5031 Ridiculum

483 5098 566 5145 est
606 5085 750 5157 quod
806 5082 1172 5153 exscriptores
1201 5073 1583 5131 Ccnturiarum
1623 5067 1864 5123 historia:
1891 5064 2081 5120 Eccle-

485 5155 719 5234 siastica:
749 5190 917 5243 nuper
938 5175 1289 5228 annotaruut.
1318 5160 1738 5221 illiCaesariensi
1766 5155 2079 5228 repetitioni

487 5268 800 5326 interfuisse
844 5266 1204 5334 imperatores
1244 5250 1542 5335 Iio'norium
1593 5264 1647 5308 et
1688 5248 2077 5313 Theodosium,

490 5362 613 5429 quia
645 5360 785 5413 hanc
826 5356 891 5410 iis
925 5355 1241 5409 consulibus
1287 5349 1525 5423 habitam
1550 5346 1886 5424 Augustinus
1914 5339 2081 5394 dicat.

564 5454 864 5523 Superest,
914 5457 970 5504 ιιι
1000 5449 1355 5502 observemus
1381 5442 1572 5507 eodem
1613 5447 1859 5509 tempore
1883 5447 2085 5489 conve-

468 5546 640 5600 .nisse
672 5541 931 5598 adversus
964 5538 1284 5607 Pelagianos
1317 5530 1711 5587 nobilissimum
1741 5526 1874 5583 illud
1902 5525 2087 5582 conci-

497 5639 625 5692 lium
654 5633 1082 5703 Cartltagiueuse
1119 5645 1132 5680 :
1182 5626 1267 5679 cui
1302 5636 1481 5677 tamen
1530 5623 1817 5695 pauciores
1845 5618 2087 5693 episcopi

500 5728 750 5785 catholici
780 5722 1167 5785 interfuerunt,
1197 5730 1361 5795 quam
1393 5714 1750 5789 interfuerant
1779 5710 2086 5782 Collationi.

498 5824 631 5899 Nam
661 5825 711 5879 in
741 5824 843 5899 hac
869 5830 1162 5883 cccxxxvt,
1188 5814 1246 5899 in
1278 5812 1375 5889 illo
1394 5825 1525 5887 vero
1545 5825 1685 5887 acvit
1710 5820 2086 5883 numerantur.

2134 1874 2447 1953 Occidentis
2472 1931 2488 1955 ,
2539 1886 2903 1957 Augustinum
2947 1878 2999 1934 id
3030 1877 3098 1932 iis
3132 1891 3400 1948 negasse,
3437 1874 3755 1946 respondis-

2137 2001 2303 2056 seque
2330 1981 2645 2041 rarissimas
2675 1978 2846 2032 fuisse
2874 1973 3150 2037 haereses,
3182 1980 3409 2040 propter
3434 1985 3570 2040 quas
3600 1970 3754 2023 dam-

2139 2080 2349 2137 nandas
2406 2076 2567 2130 fuerit
2612 2069 2925 2128 necessaria
2970 2067 3323 2134 congregatio
3370 2064 3583 2136 synodi.
3639 2062 3751 2119 Sed

2141 2184 2320 2229 tamen
2367 2184 2489 2225 cum
2540 2166 2592 2222 id
2640 2163 2917 2223 scribebat
2955 2152 3433 2227 Augustinus'lib.
3462 2171 3519 2211 tv
3560 2163 3775 2211 contra:

2140 2264 2279 2319 duas
2300 2263 2472 2330 Epist.
2505 2258 2713 2327 Pelag.,
2745 2269 2869 2324 cap.
2890 2249 3143 2319 ult.,jam
3172 2248 3539 2304 videratduas
3556 2249 3750 2302 saltem

2146 2350 2504 2423 provinciales
2544 2347 2790 2419 synodos
2838 2346 3199 2411 congregatas
3262 2337 3330 2393 ad
3386 2336 3753 2391 damnandam

2149 2446 2396 2502 haeresim
2428 2442 2801 2512 Pelagianam.
2845 2436 2979 2490 Nam
3008 2431 3061 2486 id
3096 2430 3284 2486 scribit
3313 2430 3382 2485 ad
3412 2427 3751 2484 Bonifacium

2148 2550 2302 2612 pont.
2327 2538 2483 2595 Rom.
2519 2544 2577 2591 et
2600 2533 2777 2590 multo
2806 2536 2926 2600 post
2955 2526 3077 2583 illas
3104 2524 3345 2598 synodos
3375 2522 3665 2590 scripsisse
3691 2533 3754 2575 se

2150 2650 2255 2689 non
2299 2628 2612 2687 dissimulat
2649 2643 2662 2679 :
2705 2634 2759 2680 et
2797 2637 2928 2678 vero
2968 2631 3156 2675 earum
3203 2613 3521 2686 prazjudicio
3562 2612 3750 2678 flebat,

2151 2740 2204 2781 ut
2238 2734 2386 2781 tanto
2414 2721 2582 2792 magis
2617 2715 2927 2787 Pelagianis
2967 2721 3260 2781 negaretur
3294 2705 3441 2777 quod
3487 2710 3753 2775 praeterea

2150 2815 2485 2873 calunmiose
2516 2810 2886 2883 postulabant.
2914 2803 3093 2859 Credo
3122 2799 3375 2871 equidem
3403 2810 3500 2851 eos
3528 2792 3755 2850 cavilla-

2154 2922 2236 2967 tus
2262 2924 2383 2969 esse
2405 2906 2551 2978 quod
2580 2903 2883 2960 Palladium
2911 2895 3199 2970 quemdam
3223 2893 3481 2949 Arianum
3512 2890 3563 2943 in
3586 2887 3757 2957 Aqui-

2153 3004 2340 3059 leiensi
2370 2999 2580 3074 synodo
2609 2994 2866 3054 eludendi
2918 3004 3080 3047 causa
3125 2993 3409 3043 causatum
3458 2997 3583 3038 esse
3622 2978 3758 3051 legi-

2159 3114 2299 3165 mus,
2330 3110 2453 3153 cum
2481 3109 2598 3148 eam
2629 3089 2904 3163 synodum
2935 3084 3187 3154 refugere
3228 3095 3289 3135 se
3335 3078 3584 3143 diceret,
3627 3076 3755 3147 quia

2155 3187 2479 3253 universalis
2507 3200 2616 3241 non
2645 3194 2811 3241 esset.
2874 3180 2982 3239 Sed
3014 3178 3156 3250 quod
3188 3173 3509 3231 Ambrosius
3531 3211 3545 3234 ,
3578 3170 3669 3240 qui
3703 3167 3755 3224 ei

2156 3281 2390 3338 concilio
2439 3289 2711 3347 pra-erat,
2761 3274 3043 3345 respondit
3088 3268 3367 3331 Palladio,
3412 3264 3751 3334 Augustinus

2159 3371 2459 3442 Pelagianis
2511 3367 2850 3437 respondere
2897 3364 3128 3436 potuit:
3182 3359 3398 3415 tametsi
3436 3354 3762 3412 Ambrosius

2159 3467 2261 3521 hoc
2290 3463 2410 3533 plus
2437 3461 2701 3524 haberet,
2733 3458 2877 3529 quod
2919 3459 2971 3512 in
2999 3457 3220 3511 Nicaeae
3248 3448 3479 3508 concilio
3507 3448 3762 3504 damnata

2159 3570 2301 3616 esset
2353 3555 2576 3619 haeresis
2616 3554 2835 3617 Ariona.
2897 3551 3070 3608 Porro
3115 3544 3471 3603 memorabile
3497 3551 3582 3597 est
3621 3536 3763 3604 quod

2162 3649 2496 3721 Augustinus
2529 3653 2792 3713 prmterea
2818 3642 3085 3713 signiﬁcat
3107 3680 3122 3703 ,
3157 3637 3476 3707 Pelagianos
3501 3631 3766 3688 Collatio—

2164 3759 2284 3797 nem
2313 3738 2652 3813 postulasse,
2704 3736 2882 3805 qualis
2912 3748 3035 3791 cum
3070 3728 3365 3786 Donatistis
3398 3725 3593 3781 fuerat.
3656 3721 3764 3778 Sed

2167 3836 2359 3889 merito
2383 3831 2693 3887 Catholicos
2720 3844 2842 3885 eam
2873 3827 3141 3898 refugisse
3161 3867 3176 3891 ,
3210 3839 3279 3879 ne
3305 3831 3488 3876 actum
3520 3825 3743 3891 agerent

2239 3926 2505 3995 C:eterum
2539 3923 2645 3989 etsi
2674 3921 3035 3991 Augustinum
3064 3916 3302 3974 concilio
3333 3915 3645 3971 Milevitano
3673 3926 3769 3981 po-

2168 4022 2274 4075 tius
2304 4032 2464 4089 quam
2492 4014 2905 4084 Carthaginensi
2934 4011 3249 4068 interfuiSse
3274 4009 3541 4073 dicamus,
3575 4015 3759 4060 taiuen

2168 4128 2290 4169 cum
2316 4110 2682 4175 Milevitanum
2712 4107 2874 4161 citius
2907 4104 3119 4163 finitum
3161 4100 3356 4164 fuerit,
3406 4108 3463 4154 et
3487 4095 3769 4164 Carthagi-

2171 4218 2342 4260 nense
2371 4200 2574 4265 diutius
2602 4197 2817 4267 durarit
2844 4237 2859 4262 ,
2917 4210 3028 4251 non
3071 4206 3368 4261 negamus,
3422 4196 3480 4244 et
3524 4187 3647 4240 huic
3688 4187 3772 4240 ii:-

2172 4305 2384 4352 teresse
2414 4291 2629 4357 tandem
2666 4289 2816 4351 illum
2852 4287 3114 4359 potuisse.
3163 4284 3410 4352 Ineptum
3458 4289 3633 4333 tamen
3661 4287 3768 4343 est,

2174 4387 2321 4460 quod
2351 4386 2649 4454 scriptores
2677 4380 3061 4439 Centuriarum
3091 4383 3375 4439 annotant,
3410 4371 3769 4441 Augustinum

2176 4485 2225 4538 ei
2269 4481 2580 4552 praefuisse,
2634 4492 2698 4537 ex
2732 4490 2906 4546 eoque
2942 4472 3010 4527 ad
3048 4469 3423 4527 Innocentium
3463 4464 3772 4534 scripsisse,

2177 4573 2459 4653 Aurelium
2501 4571 2679 4641 potius
2711 4568 2898 4626 dicere
2928 4563 3205 4636 oportuit:
3248 4559 3405 4614 sicuti
3438 4566 3496 4612 et
3523 4557 3570 4612 is
3595 4556 3774 4627 primo

2178 4670 2300 4725 loco
2329 4666 2638 4722 nominatur
2665 4664 2717 4721 in
2745 4660 2973 4732 epistola
3001 4658 3120 4727 ejus
3151 4653 3366 4710 concilii
3415 4651 3480 4706 ad
3509 4651 3776 4705 Innocen-

2179 4762 2350 4825 tium,
2398 4758 2449 4813 iu
2499 4771 2601 4825 qua
2631 4753 2962 4825 Augustinus
3006 4765 3113 4805 non
3153 4747 3504 4801 nominatur:
3555 4741 3770 4796 tametsi

2180 4853 2408 4926 epistola
2437 4851 2603 4906 relata
2631 4849 2702 4904 sit
2729 4846 2871 4902 inter
2896 4841 3183 4914 Augustini
3214 4838 3474 4909 epistolas
3506 4851 3653 4890 num.
3680 4834 3773 4899 90,

2181 4947 2339 5002 sicuti
2367 4957 2421 4999 et
2452 4955 2771 5019 reSpOnsnm
2816 4934 3112 4993 Innocentii
3138 4932 3441 5003 subjectum
3478 4938 3582 4993 est,
3613 4925 3771 4999 367

2187 5052 2412 5095 numero
2441 5036 2527 5091 91.
2584 5032 2851 5095 Caeterum
2904 5038 3015 5097 tam
3061 5042 3126 5084 ex
3174 5023 3479 5079 Milevitano
3517 5021 3775 5082 concilio,

2184 5148 2343 5205 quam
2372 5130 2565 5187 deinde
2595 5143 2660 5183 cx
2693 5126 2824 5180 urbe
2848 5117 3265 5190 Carthaginensi
3291 5114 3620 5185 Augustinus
3651 5125 3775 5163 cum

2188 5227 2301 5283 suis
2335 5225 2562 5295 collegis
2602 5219 2885 5288 rescripsit
2919 5216 3107 5270 eadem
3138 5213 3207 5267 de
3231 5226 3291 5266 re
3318 5210 3383 5264 ad
3413 5205 3664 5262 eumdem
3692 5203 3776 5257 In.

2187 5318 2499 5373 nocentium
2527 5314 2687 5383 epist.
2719 5324 2832 5365 xcn
2857 5319 2908 5364 et
2942 5323 3068 5374 xcv,
3110 5313 3165 5361 et
3194 5309 3374 5359 exstat
3397 5299 3462 5354 ad
3493 5305 3778 5365 utramque

2191 5425 2510 5480 responsum
2550 5400 2861 5474 Innocentiif
2889 5400 3052 5472 epist.
3082 5413 3213 5455 xcttt
3253 5405 3309 5452 et
3339 5407 3479 5448 xcvr.
3524 5388 3782 5458 Augusti-

2199 5479 2299 5560 nus
2348 5502 2491 5558 lih.r
2539 5506 2724 5557 contra
2753 5496 3026 5555 lulianum
3067 5507 3188 5559 cap.
3215 5490 3280 5555 2,
3323 5482 3643 5553 simpliciter
3681 5479 3777 5544 ait,

2194 5594 2562 5653 Innocentium
2611 5590 2880 5645 Africanis
2930 5583 3274 5656 restitnidisse
3315 5573 3589 5635 conciliis,
3634 5568 3781 5640 quod

2194 5689 2499 5761 antiquitus
2529 5683 2826 5757 apostolica
2854 5681 3014 5745 sedes
3037 5687 3091 5736 et
3117 5676 3359 5732 Romana
3389 5666 3631 5725 Ecclesia
3658 5678 3781 5724 cum

2194 5785 2404 5868 caeteris
2434 5792 2597 5859 tenet,
