  <div class='ocr_page' id='page_1' title='image "/cluster/home/n/w/nwhite01/storage/ocr_20150623/11/hvd.32044096580402/779.png"; bbox 0 0 4134 6186; ppageno 0'>
   <div class='ocr_carea' id='block_1_1' title="bbox 387 303 3681 368">
    <p class='ocr_par' dir='ltr' id='par_1_1' title="bbox 387 303 3681 368">
     <span class='ocr_line' id='line_1_1' title="bbox 387 303 3681 368; baseline -0 -1"><span class='ocrx_word' id='word_1_1' title='bbox 387 305 528 368; x_wconf 71' lang='grc'><strong>1505</strong></span> <span class='ocrx_word' id='word_1_2' title='bbox 1655 303 1661 307; x_wconf 79' lang='grc'><em>’</em></span> <span class='ocrx_word' id='word_1_3' title='bbox 1871 303 2241 366; x_wconf 80' lang='grc' dir='ltr'><strong>ΑΡΓΕΝΟΙΧ.</strong></span> <span class='ocrx_word' id='word_1_4' title='bbox 3545 309 3681 366; x_wconf 69' lang='grc'><strong>1504</strong></span> 
     </span>
    </p>
   </div>
   <div class='ocr_carea' id='block_1_2' title="bbox 455 421 3686 496">
    <p class='ocr_par' dir='ltr' id='par_1_2' title="bbox 455 421 3686 496">
     <span class='ocr_line' id='line_1_2' title="bbox 455 421 3686 496; baseline -0 -14"><span class='ocrx_word' id='word_1_5' title='bbox 455 426 626 482; x_wconf 89' lang='lat' dir='ltr'><strong>Porro</strong></span> <span class='ocrx_word' id='word_1_6' title='bbox 647 437 772 482; x_wconf 91' lang='lat' dir='ltr'><strong>cum</strong></span> <span class='ocrx_word' id='word_1_7' title='bbox 798 423 992 481; x_wconf 86' lang='lat' dir='ltr'><strong>Patres</strong></span> <span class='ocrx_word' id='word_1_8' title='bbox 1019 421 1675 496; x_wconf 89' lang='lat' dir='ltr'><strong>conciliCarthaginensis</strong></span> <span class='ocrx_word' id='word_1_9' title='bbox 1706 423 1761 479; x_wconf 89' lang='lat' dir='ltr'><strong>in</strong></span> <span class='ocrx_word' id='word_1_10' title='bbox 1791 437 1885 478; x_wconf 88' lang='lat' dir='ltr'><strong>sua</strong></span> <span class='ocrx_word' id='word_1_11' title='bbox 1915 421 1983 477; x_wconf 89' lang='lat' dir='ltr'><strong>ad</strong></span> <span class='ocrx_word' id='word_1_12' title='bbox 2009 423 2065 483; x_wconf 80' lang='grc' dir='ltr'><strong>Α</strong></span> <span class='ocrx_word' id='word_1_13' title='bbox 2089 426 2260 494; x_wconf 89' lang='lat' dir='ltr'><strong>scopi,</strong></span> <span class='ocrx_word' id='word_1_14' title='bbox 2295 424 2386 494; x_wconf 99' lang='lat' dir='ltr'><strong>qui</strong></span> <span class='ocrx_word' id='word_1_15' title='bbox 2417 426 2660 480; x_wconf 84' lang='lat' dir='ltr'><strong>eamdem</strong></span> <span class='ocrx_word' id='word_1_16' title='bbox 2693 440 2911 482; x_wconf 82' lang='lat' dir='ltr'><strong>causam</strong></span> <span class='ocrx_word' id='word_1_17' title='bbox 2945 425 3299 482; x_wconf 80' lang='lat' dir='ltr'><strong>discuterent.</strong></span> <span class='ocrx_word' id='word_1_18' title='bbox 3333 427 3686 496; x_wconf 80' lang='lat' dir='ltr'><strong>Augustinus,</strong></span> 
     </span>
    </p>
   </div>
   <div class='ocr_carea' id='block_1_3' title="bbox 387 520 1990 590">
    <p class='ocr_par' dir='ltr' id='par_1_3' title="bbox 387 520 1990 590">
     <span class='ocr_line' id='line_1_3' title="bbox 387 520 1990 590; baseline -0.004 -10"><span class='ocrx_word' id='word_1_19' title='bbox 387 520 762 580; x_wconf 83' lang='lat' dir='ltr'><strong>Innocentiqu</strong></span> <span class='ocrx_word' id='word_1_20' title='bbox 793 521 1021 590; x_wconf 84' lang='lat' dir='ltr'><strong>epistola</strong></span> <span class='ocrx_word' id='word_1_21' title='bbox 1053 531 1311 586; x_wconf 90' lang='lat' dir='ltr'><strong>narrent,</strong></span> <span class='ocrx_word' id='word_1_22' title='bbox 1340 521 1510 576; x_wconf 80' lang='lat' dir='ltr'><strong>ferme</strong></span> <span class='ocrx_word' id='word_1_23' title='bbox 1537 531 1662 576; x_wconf 87' lang='lat' dir='ltr'><strong>ante</strong></span> <span class='ocrx_word' id='word_1_24' title='bbox 1688 523 1990 590; x_wconf 83' lang='lat' dir='ltr'><strong>quinquen-</strong></span> 
     </span>
    </p>
   </div>
   <div class='ocr_carea' id='block_1_4' title="bbox 395 614 1997 686">
    <p class='ocr_par' dir='ltr' id='par_1_4' title="bbox 395 614 1997 686">
     <span class='ocr_line' id='line_1_4' title="bbox 395 614 1997 686; baseline -0.003 -13"><span class='ocrx_word' id='word_1_25' title='bbox 395 618 546 674; x_wconf 85' lang='lat' dir='ltr'><strong>nium</strong></span> <span class='ocrx_word' id='word_1_26' title='bbox 580 617 742 672; x_wconf 89' lang='lat' dir='ltr'><strong>fuisse</strong></span> <span class='ocrx_word' id='word_1_27' title='bbox 772 616 825 670; x_wconf 94' lang='lat' dir='ltr'><strong>in</strong></span> <span class='ocrx_word' id='word_1_28' title='bbox 858 615 1100 671; x_wconf 79' lang='lat' dir='ltr'><strong>Ecclesia</strong></span> <span class='ocrx_word' id='word_1_29' title='bbox 1140 614 1552 686; x_wconf 87' lang='lat' dir='ltr'><strong>Carthaginensi</strong></span> <span class='ocrx_word' id='word_1_30' title='bbox 1585 615 1840 686; x_wconf 90' lang='lat' dir='ltr'><strong>agitatam</strong></span> <span class='ocrx_word' id='word_1_31' title='bbox 1868 628 1997 668; x_wconf 89' lang='lat' dir='ltr'><strong>cau—</strong></span> 
     </span>
    </p>
   </div>
   <div class='ocr_carea' id='block_1_5' title="bbox 395 707 1996 781">
    <p class='ocr_par' dir='ltr' id='par_1_5' title="bbox 395 707 1996 781">
     <span class='ocr_line' id='line_1_5' title="bbox 395 707 1996 781; baseline -0.004 -14"><span class='ocrx_word' id='word_1_32' title='bbox 395 725 511 767; x_wconf 85' lang='lat' dir='ltr'><strong>sam</strong></span> <span class='ocrx_word' id='word_1_33' title='bbox 538 708 801 777; x_wconf 72' lang='lat' dir='ltr'><strong>leestii,</strong></span> <span class='ocrx_word' id='word_1_34' title='bbox 826 719 1047 781; x_wconf 88' lang='lat' dir='ltr'><strong>apparet</strong></span> <span class='ocrx_word' id='word_1_35' title='bbox 1068 724 1174 764; x_wconf 90' lang='lat' dir='ltr'><strong>non</strong></span> <span class='ocrx_word' id='word_1_36' title='bbox 1200 711 1361 764; x_wconf 91' lang='lat' dir='ltr'><strong>modo</strong></span> <span class='ocrx_word' id='word_1_37' title='bbox 1384 709 1722 779; x_wconf 79' lang='lat' dir='ltr'><strong>Pelagianam</strong></span> <span class='ocrx_word' id='word_1_38' title='bbox 1747 707 1996 763; x_wconf 68' lang='lat' dir='ltr'><strong>haeresim</strong></span> 
     </span>
    </p>
   </div>
   <div class='ocr_carea' id='block_1_6' title="bbox 395 797 1998 874">
    <p class='ocr_par' dir='ltr' id='par_1_6' title="bbox 395 797 1998 874">
     <span class='ocr_line' id='line_1_6' title="bbox 395 797 1998 874; baseline -0.003 -17"><span class='ocrx_word' id='word_1_39' title='bbox 395 802 726 874; x_wconf 81' lang='lat' dir='ltr'><strong>publicatam</strong></span> <span class='ocrx_word' id='word_1_40' title='bbox 767 799 935 854; x_wconf 88' lang='lat' dir='ltr'><strong>fuisse</strong></span> <span class='ocrx_word' id='word_1_41' title='bbox 965 799 1126 857; x_wconf 87' lang='lat' dir='ltr'><strong>citius</strong></span> <span class='ocrx_word' id='word_1_42' title='bbox 1155 817 1314 870; x_wconf 89' lang='lat' dir='ltr'><strong>quam</strong></span> <span class='ocrx_word' id='word_1_43' title='bbox 1346 800 1582 870; x_wconf 86' lang='lat' dir='ltr'><strong>Prosper</strong></span> <span class='ocrx_word' id='word_1_44' title='bbox 1611 809 1834 854; x_wconf 89' lang='lat' dir='ltr'><strong>annotet</strong></span> <span class='ocrx_word' id='word_1_45' title='bbox 1854 842 1868 865; x_wconf 95' lang='lat'><strong>,</strong></span> <span class='ocrx_word' id='word_1_46' title='bbox 1901 797 1998 853; x_wconf 91' lang='lat' dir='ltr'><strong>sed</strong></span> 
     </span>
    </p>
   </div>
   <div class='ocr_carea' id='block_1_7' title="bbox 397 892 1998 965">
    <p class='ocr_par' dir='ltr' id='par_1_7' title="bbox 397 892 1998 965">
     <span class='ocr_line' id='line_1_7' title="bbox 397 892 1998 965; baseline -0.004 -15"><span class='ocrx_word' id='word_1_47' title='bbox 397 906 452 950; x_wconf 91' lang='lat' dir='ltr'><strong>et</strong></span> <span class='ocrx_word' id='word_1_48' title='bbox 491 893 800 950; x_wconf 81' lang='lat' dir='ltr'><strong>damnatam</strong></span> <span class='ocrx_word' id='word_1_49' title='bbox 843 892 913 949; x_wconf 86' lang='lat' dir='ltr'><strong>ibi</strong></span> <span class='ocrx_word' id='word_1_50' title='bbox 954 907 1110 959; x_wconf 86' lang='lat' dir='ltr'><strong>esse,</strong></span> <span class='ocrx_word' id='word_1_51' title='bbox 1154 909 1264 965; x_wconf 92' lang='lat' dir='ltr'><strong>quo</strong></span> <span class='ocrx_word' id='word_1_52' title='bbox 1307 904 1549 964; x_wconf 88' lang='lat' dir='ltr'><strong>tempore</strong></span> <span class='ocrx_word' id='word_1_53' title='bbox 1600 892 1998 947; x_wconf 86' lang='lat' dir='ltr'><strong>Donatistarum</strong></span> 
     </span>
    </p>
   </div>
   <div class='ocr_carea' id='block_1_8' title="bbox 2094 520 3685 590">
    <p class='ocr_par' dir='ltr' id='par_1_8' title="bbox 2094 520 3685 590">
     <span class='ocr_line' id='line_1_8' title="bbox 2094 520 3685 590; baseline 0.002 -17"><span class='ocrx_word' id='word_1_54' title='bbox 2094 531 2153 573; x_wconf 82' lang='lat' dir='ltr'><strong>nt</strong></span> <span class='ocrx_word' id='word_1_55' title='bbox 2211 520 2359 588; x_wconf 89' lang='lat' dir='ltr'><strong>prius</strong></span> <span class='ocrx_word' id='word_1_56' title='bbox 2390 522 2682 576; x_wconf 88' lang='lat' dir='ltr'><strong>concilium</strong></span> <span class='ocrx_word' id='word_1_57' title='bbox 2714 520 3138 590; x_wconf 84' lang='lat' dir='ltr'><strong>Carthaginense</strong></span> <span class='ocrx_word' id='word_1_58' title='bbox 3190 531 3349 576; x_wconf 87' lang='lat' dir='ltr'><strong>vocat</strong></span> <span class='ocrx_word' id='word_1_59' title='bbox 3397 522 3685 576; x_wconf 88' lang='lat' dir='ltr'><strong>concilium</strong></span> 
     </span>
    </p>
   </div>
   <div class='ocr_carea' id='block_1_9' title="bbox 2097 612 3688 684">
    <p class='ocr_par' dir='ltr' id='par_1_9' title="bbox 2097 612 3688 684">
     <span class='ocr_line' id='line_1_9' title="bbox 2097 612 3688 684; baseline 0.002 -20"><span class='ocrx_word' id='word_1_60' title='bbox 2097 613 2386 682; x_wconf 82' lang='lat' dir='ltr'><strong>provincia:</strong></span> <span class='ocrx_word' id='word_1_61' title='bbox 2415 613 2785 682; x_wconf 84' lang='lat' dir='ltr'><strong>Carthaginis,</strong></span> <span class='ocrx_word' id='word_1_62' title='bbox 2827 613 2906 668; x_wconf 88' lang='lat' dir='ltr'><strong>sic</strong></span> <span class='ocrx_word' id='word_1_63' title='bbox 2945 612 3086 667; x_wconf 89' lang='lat' dir='ltr'><strong>istud</strong></span> <span class='ocrx_word' id='word_1_64' title='bbox 3129 613 3385 678; x_wconf 81' lang='lat' dir='ltr'><strong>alterunt,</strong></span> <span class='ocrx_word' id='word_1_65' title='bbox 3427 613 3569 684; x_wconf 91' lang='lat' dir='ltr'><strong>quod</strong></span> <span class='ocrx_word' id='word_1_66' title='bbox 3623 613 3688 668; x_wconf 86' lang='lat' dir='ltr'><strong>ad</strong></span> 
     </span>
    </p>
   </div>
   <div class='ocr_carea' id='block_1_10' title="bbox 2100 706 3692 778">
    <p class='ocr_par' dir='ltr' id='par_1_10' title="bbox 2100 706 3692 778">
     <span class='ocr_line' id='line_1_10' title="bbox 2100 706 3692 778; baseline -0.001 -18"><span class='ocrx_word' id='word_1_67' title='bbox 2100 707 2377 762; x_wconf 89' lang='lat' dir='ltr'><strong>Zosimum</strong></span> <span class='ocrx_word' id='word_1_68' title='bbox 2421 706 2716 762; x_wconf 70' lang='lat' dir='ltr'><strong>[Innocentii</strong></span> <span class='ocrx_word' id='word_1_69' title='bbox 2756 720 3124 761; x_wconf 85' lang='lat' dir='ltr'><strong>successorem</strong></span> <span class='ocrx_word' id='word_1_70' title='bbox 3158 707 3440 778; x_wconf 88' lang='lat' dir='ltr'><strong>scripsisse</strong></span> <span class='ocrx_word' id='word_1_71' title='bbox 3471 715 3692 771; x_wconf 85' lang='lat' dir='ltr'><strong>narrat,</strong></span> 
     </span>
    </p>
   </div>
   <div class='ocr_carea' id='block_1_11' title="bbox 2100 797 3694 868">
    <p class='ocr_par' dir='ltr' id='par_1_11' title="bbox 2100 797 3694 868">
     <span class='ocr_line' id='line_1_11' title="bbox 2100 797 3694 868; baseline -0.001 -14"><span class='ocrx_word' id='word_1_72' title='bbox 2100 811 2258 855; x_wconf 88' lang='lat' dir='ltr'><strong>vocat</strong></span> <span class='ocrx_word' id='word_1_73' title='bbox 2289 799 2580 858; x_wconf 74' lang='lat' dir='ltr'><strong>concilium</strong></span> <span class='ocrx_word' id='word_1_74' title='bbox 2613 797 2922 853; x_wconf 86' lang='lat' dir='ltr'><strong>Alricanum</strong></span> <span class='ocrx_word' id='word_1_75' title='bbox 2947 841 2961 862; x_wconf 93' lang='lat'><strong>,</strong></span> <span class='ocrx_word' id='word_1_76' title='bbox 3005 798 3059 853; x_wconf 93' lang='lat' dir='ltr'><strong>in</strong></span> <span class='ocrx_word' id='word_1_77' title='bbox 3099 799 3329 868; x_wconf 85' lang='lat' dir='ltr'><strong>epistola</strong></span> <span class='ocrx_word' id='word_1_78' title='bbox 3377 816 3545 855; x_wconf 78' lang='lat' dir='ltr'><strong>vau.</strong></span> <span class='ocrx_word' id='word_1_79' title='bbox 3586 797 3694 854; x_wconf 87' lang='lat' dir='ltr'><strong>Sed</strong></span> 
     </span>
    </p>
   </div>
   <div class='ocr_carea' id='block_1_12' title="bbox 2101 892 3701 964">
    <p class='ocr_par' dir='ltr' id='par_1_12' title="bbox 2101 892 3701 964">
     <span class='ocr_line' id='line_1_12' title="bbox 2101 892 3701 964; baseline -0.001 -16"><span class='ocrx_word' id='word_1_80' title='bbox 2101 895 2347 964; x_wconf 81' lang='lat' dir='ltr'><strong>ejusdem</strong></span> <span class='ocrx_word' id='word_1_81' title='bbox 2380 893 2596 948; x_wconf 81' lang='lat' dir='ltr'><strong>concilii</strong></span> <span class='ocrx_word' id='word_1_82' title='bbox 2630 894 2915 962; x_wconf 81' lang='lat' dir='ltr'><strong>quamdam</strong></span> <span class='ocrx_word' id='word_1_83' title='bbox 2949 892 3146 956; x_wconf 84' lang='lat' dir='ltr'><strong>fuisse.</strong></span> <span class='ocrx_word' id='word_1_84' title='bbox 3189 903 3248 948; x_wconf 89' lang='lat' dir='ltr'><strong>ut</strong></span> <span class='ocrx_word' id='word_1_85' title='bbox 3291 903 3483 955; x_wconf 77' lang='lat' dir='ltr'><strong>vocnt.</strong></span> <span class='ocrx_word' id='word_1_86' title='bbox 3524 894 3701 949; x_wconf 86' lang='lat' dir='ltr'><strong>conti-</strong></span> 
     </span>
    </p>
   </div>
   <div class='ocr_carea' id='block_1_13' title="bbox 402 985 2003 1057">
    <p class='ocr_par' dir='ltr' id='par_1_13' title="bbox 402 985 2003 1057">
     <span class='ocr_line' id='line_1_13' title="bbox 402 985 2003 1057; baseline -0.003 -14"><span class='ocrx_word' id='word_1_87' title='bbox 402 1001 565 1043; x_wconf 89' lang='lat' dir='ltr'><strong>causa</strong></span> <span class='ocrx_word' id='word_1_88' title='bbox 595 985 788 1042; x_wconf 90' lang='lat' dir='ltr'><strong>eodem</strong></span> <span class='ocrx_word' id='word_1_89' title='bbox 823 986 876 1040; x_wconf 92' lang='lat' dir='ltr'><strong>in</strong></span> <span class='ocrx_word' id='word_1_90' title='bbox 909 986 1031 1041; x_wconf 93' lang='lat' dir='ltr'><strong>loco</strong></span> <span class='ocrx_word' id='word_1_91' title='bbox 1061 987 1387 1057; x_wconf 89' lang='lat' dir='ltr'><strong>agitabatur.</strong></span> <span class='ocrx_word' id='word_1_92' title='bbox 1422 987 1643 1041; x_wconf 88' lang='lat' dir='ltr'><strong>tametsi</strong></span> <span class='ocrx_word' id='word_1_93' title='bbox 1671 986 2003 1056; x_wconf 77' lang='lat' dir='ltr'><strong>Augustinus</strong></span> 
     </span>
    </p>
   </div>
   <div class='ocr_carea' id='block_1_14' title="bbox 402 1077 2004 1150">
    <p class='ocr_par' dir='ltr' id='par_1_14' title="bbox 402 1077 2004 1150">
     <span class='ocr_line' id='line_1_14' title="bbox 402 1077 2004 1150; baseline -0.002 -14"><span class='ocrx_word' id='word_1_94' title='bbox 402 1079 458 1136; x_wconf 91' lang='lat' dir='ltr'><strong>in</strong></span> <span class='ocrx_word' id='word_1_95' title='bbox 492 1079 788 1134; x_wconf 83' lang='lat' dir='ltr'><strong>Donatistis</strong></span> <span class='ocrx_word' id='word_1_96' title='bbox 825 1078 1137 1134; x_wconf 88' lang='lat' dir='ltr'><strong>refellendis</strong></span> <span class='ocrx_word' id='word_1_97' title='bbox 1179 1089 1303 1134; x_wconf 91' lang='lat' dir='ltr'><strong>tunc</strong></span> <span class='ocrx_word' id='word_1_98' title='bbox 1324 1087 1650 1150; x_wconf 89' lang='lat' dir='ltr'><strong>occupatus,</strong></span> <span class='ocrx_word' id='word_1_99' title='bbox 1683 1077 2004 1149; x_wconf 83' lang='lat' dir='ltr'><strong>Pelagianos</strong></span> 
     </span>
    </p>
   </div>
   <div class='ocr_carea' id='block_1_15' title="bbox 406 1170 2001 1240">
    <p class='ocr_par' dir='ltr' id='par_1_15' title="bbox 406 1170 2001 1240">
     <span class='ocr_line' id='line_1_15' title="bbox 406 1170 2001 1240; baseline -0.003 -14"><span class='ocrx_word' id='word_1_100' title='bbox 406 1170 646 1226; x_wconf 91' lang='lat' dir='ltr'><strong>nondum</strong></span> <span class='ocrx_word' id='word_1_101' title='bbox 681 1184 969 1240; x_wconf 86' lang='lat' dir='ltr'><strong>aggressus</strong></span> <span class='ocrx_word' id='word_1_102' title='bbox 1001 1179 1165 1225; x_wconf 79' lang='lat' dir='ltr'><strong>esset.</strong></span> <span class='ocrx_word' id='word_1_103' title='bbox 1198 1170 1340 1226; x_wconf 86' lang='lat' dir='ltr'><strong>Sane</strong></span> <span class='ocrx_word' id='word_1_104' title='bbox 1383 1171 1479 1225; x_wconf 89' lang='lat' dir='ltr'><strong>lib.</strong></span> <span class='ocrx_word' id='word_1_105' title='bbox 1512 1187 1550 1225; x_wconf 91' lang='lat' dir='ltr'><strong>II</strong></span> <span class='ocrx_word' id='word_1_106' title='bbox 1583 1171 1846 1236; x_wconf 77' lang='lat' dir='ltr'><strong>Retract.,</strong></span> <span class='ocrx_word' id='word_1_107' title='bbox 1879 1185 2001 1240; x_wconf 88' lang='lat' dir='ltr'><strong>cap.</strong></span> 
     </span>
    </p>
   </div>
   <div class='ocr_carea' id='block_1_16' title="bbox 403 1262 2008 1335">
    <p class='ocr_par' dir='ltr' id='par_1_16' title="bbox 403 1262 2008 1335">
     <span class='ocr_line' id='line_1_16' title="bbox 403 1262 2008 1335; baseline -0.001 -16"><span class='ocrx_word' id='word_1_108' title='bbox 403 1263 476 1319; x_wconf 69' lang='grc' dir='ltr'><strong>ἵρῦ</strong></span> <span class='ocrx_word' id='word_1_109' title='bbox 499 1304 514 1327; x_wconf 91' lang='grc'><em>,</em></span> <span class='ocrx_word' id='word_1_110' title='bbox 546 1262 856 1333; x_wconf 83' lang='lat' dir='ltr'><strong>signiﬁcans</strong></span> <span class='ocrx_word' id='word_1_111' title='bbox 887 1263 1202 1320; x_wconf 86' lang='lat' dir='ltr'><strong>Ccelestiutn</strong></span> <span class='ocrx_word' id='word_1_112' title='bbox 1235 1265 1434 1335; x_wconf 84' lang='lat' dir='ltr'><strong>Pelagii</strong></span> <span class='ocrx_word' id='word_1_113' title='bbox 1479 1264 1801 1334; x_wconf 90' lang='lat' dir='ltr'><strong>discipulum</strong></span> <span class='ocrx_word' id='word_1_114' title='bbox 1843 1264 2008 1318; x_wconf 90' lang='lat' dir='ltr'><strong>fuisse</strong></span> 
     </span>
    </p>
   </div>
   <div class='ocr_carea' id='block_1_17' title="bbox 405 1352 2009 1424">
    <p class='ocr_par' dir='ltr' id='par_1_17' title="bbox 405 1352 2009 1424">
     <span class='ocr_line' id='line_1_17' title="bbox 405 1352 2009 1424; baseline -0.001 -15"><span class='ocrx_word' id='word_1_115' title='bbox 405 1352 481 1409; x_wconf 89' lang='lat' dir='ltr'><strong>ibi</strong></span> <span class='ocrx_word' id='word_1_116' title='bbox 527 1353 839 1410; x_wconf 87' lang='lat' dir='ltr'><strong>damnatum</strong></span> <span class='ocrx_word' id='word_1_117' title='bbox 871 1367 998 1409; x_wconf 84' lang='lat' dir='ltr'><strong>ante</strong></span> <span class='ocrx_word' id='word_1_118' title='bbox 1025 1370 1180 1410; x_wconf 90' lang='lat' dir='ltr'><strong>suum</strong></span> <span class='ocrx_word' id='word_1_119' title='bbox 1213 1355 1561 1424; x_wconf 88' lang='lat' dir='ltr'><strong>magistrum;</strong></span> <span class='ocrx_word' id='word_1_120' title='bbox 1592 1355 1856 1409; x_wconf 79' lang='lat' dir='ltr'><strong>Caelestius</strong></span> <span class='ocrx_word' id='word_1_121' title='bbox 1881 1395 1897 1422; x_wconf 88' lang='lat'><strong>,</strong></span> <span class='ocrx_word' id='word_1_122' title='bbox 1929 1355 2009 1407; x_wconf 86' lang='lat' dir='ltr'><strong>in-</strong></span> 
     </span>
    </p>
   </div>
   <div class='ocr_carea' id='block_1_18' title="bbox 407 1447 2011 1520">
    <p class='ocr_par' dir='ltr' id='par_1_18' title="bbox 407 1447 2011 1520">
     <span class='ocr_line' id='line_1_18' title="bbox 407 1447 2011 1520; baseline 0.001 -20"><span class='ocrx_word' id='word_1_123' title='bbox 407 1447 561 1517; x_wconf 89' lang='lat' dir='ltr'><strong>quit,</strong></span> <span class='ocrx_word' id='word_1_124' title='bbox 603 1448 888 1519; x_wconf 75' lang='lat' dir='ltr'><strong>discipulus</strong></span> <span class='ocrx_word' id='word_1_125' title='bbox 925 1448 1036 1518; x_wconf 82' lang='lat' dir='ltr'><strong>ejus</strong></span> <span class='ocrx_word' id='word_1_126' title='bbox 1065 1452 1180 1520; x_wconf 86' lang='lat' dir='ltr'><strong>jam</strong></span> <span class='ocrx_word' id='word_1_127' title='bbox 1239 1460 1446 1518; x_wconf 80' lang='lat' dir='ltr'><strong>propter</strong></span> <span class='ocrx_word' id='word_1_128' title='bbox 1494 1448 1618 1502; x_wconf 82' lang='lat' dir='ltr'><strong>tales</strong></span> <span class='ocrx_word' id='word_1_129' title='bbox 1670 1447 2011 1501; x_wconf 79' lang='lat' dir='ltr'><strong>dissensiones</strong></span> 
     </span>
    </p>
   </div>
   <div class='ocr_carea' id='block_1_19' title="bbox 406 1537 2011 1613">
    <p class='ocr_par' dir='ltr' id='par_1_19' title="bbox 406 1537 2011 1613">
     <span class='ocr_line' id='line_1_19' title="bbox 406 1537 2011 1613; baseline 0 -19"><span class='ocrx_word' id='word_1_130' title='bbox 406 1539 548 1611; x_wconf 81' lang='lat' dir='ltr'><strong>apud</strong></span> <span class='ocrx_word' id='word_1_131' title='bbox 588 1537 951 1607; x_wconf 82' lang='lat' dir='ltr'><strong>Carthaginem</strong></span> <span class='ocrx_word' id='word_1_132' title='bbox 989 1542 1042 1594; x_wconf 89' lang='lat' dir='ltr'><strong>in</strong></span> <span class='ocrx_word' id='word_1_133' title='bbox 1082 1541 1364 1613; x_wconf 82' lang='lat' dir='ltr'><strong>episcop.li</strong></span> <span class='ocrx_word' id='word_1_134' title='bbox 1395 1541 1621 1611; x_wconf 84' lang='lat' dir='ltr'><strong>judicio,</strong></span> <span class='ocrx_word' id='word_1_135' title='bbox 1663 1541 1750 1594; x_wconf 90' lang='lat' dir='ltr'><strong>ubi</strong></span> <span class='ocrx_word' id='word_1_136' title='bbox 1789 1557 1880 1611; x_wconf 83' lang='lat' dir='ltr'><strong>ego</strong></span> <span class='ocrx_word' id='word_1_137' title='bbox 1911 1557 2011 1595; x_wconf 90' lang='lat' dir='ltr'><strong>non</strong></span> 
     </span>
    </p>
   </div>
   <div class='ocr_carea' id='block_1_20' title="bbox 407 1634 1584 1705">
    <p class='ocr_par' dir='ltr' id='par_1_20' title="bbox 407 1634 1584 1705">
     <span class='ocr_line' id='line_1_20' title="bbox 407 1634 1584 1705; baseline -0.001 -15"><span class='ocrx_word' id='word_1_138' title='bbox 407 1634 659 1705; x_wconf 76' lang='lat' dir='ltr'><strong>interfui,</strong></span> <span class='ocrx_word' id='word_1_139' title='bbox 691 1636 1273 1691; x_wconf 78' lang='lat' dir='ltr'><strong>excommunicationem</strong></span> <span class='ocrx_word' id='word_1_140' title='bbox 1302 1647 1584 1690; x_wconf 85' lang='lat' dir='ltr'><strong>meruerat.</strong></span> 
     </span>
    </p>
   </div>
   <div class='ocr_carea' id='block_1_21' title="bbox 487 1727 2015 1804">
    <p class='ocr_par' dir='ltr' id='par_1_21' title="bbox 487 1727 2015 1804">
     <span class='ocr_line' id='line_1_21' title="bbox 487 1727 2015 1804; baseline -0.001 -20"><span class='ocrx_word' id='word_1_141' title='bbox 487 1728 677 1784; x_wconf 87' lang='lat' dir='ltr'><strong>Patres</strong></span> <span class='ocrx_word' id='word_1_142' title='bbox 723 1728 1022 1784; x_wconf 88' lang='lat' dir='ltr'><strong>Mitevitani</strong></span> <span class='ocrx_word' id='word_1_143' title='bbox 1068 1730 1283 1784; x_wconf 89' lang='lat' dir='ltr'><strong>concilii</strong></span> <span class='ocrx_word' id='word_1_144' title='bbox 1335 1729 1522 1802; x_wconf 90' lang='lat' dir='ltr'><strong>(inter</strong></span> <span class='ocrx_word' id='word_1_145' title='bbox 1568 1743 1705 1800; x_wconf 87' lang='lat' dir='ltr'><strong>quos</strong></span> <span class='ocrx_word' id='word_1_146' title='bbox 1743 1727 2015 1804; x_wconf 90' lang='lat' dir='ltr'><strong>Sylvanus</strong></span> 
     </span>
    </p>
   </div>
   <div class='ocr_carea' id='block_1_22' title="bbox 2106 985 3702 1054">
    <p class='ocr_par' dir='ltr' id='par_1_22' title="bbox 2106 985 3702 1054">
     <span class='ocr_line' id='line_1_22' title="bbox 2106 985 3702 1054; baseline 0.001 -13"><span class='ocrx_word' id='word_1_147' title='bbox 2106 987 2455 1051; x_wconf 79' lang='lat' dir='ltr'><strong>ouationem,</strong></span> <span class='ocrx_word' id='word_1_148' title='bbox 2504 985 2745 1054; x_wconf 89' lang='lat' dir='ltr'><strong>pluribus</strong></span> <span class='ocrx_word' id='word_1_149' title='bbox 2789 1001 2853 1040; x_wconf 81' lang='lat' dir='ltr'><strong>ex</strong></span> <span class='ocrx_word' id='word_1_150' title='bbox 2895 985 3073 1040; x_wconf 87' lang='lat' dir='ltr'><strong>Africa</strong></span> <span class='ocrx_word' id='word_1_151' title='bbox 3113 987 3597 1049; x_wconf 89' lang='lat' dir='ltr'><strong>concurrentibus,</strong></span> <span class='ocrx_word' id='word_1_152' title='bbox 3646 996 3702 1042; x_wconf 86' lang='lat' dir='ltr'><strong>et</strong></span> 
     </span>
    </p>
   </div>
   <div class='ocr_carea' id='block_1_23' title="bbox 2107 1078 3700 1150">
    <p class='ocr_par' dir='ltr' id='par_1_23' title="bbox 2107 1078 3700 1150">
     <span class='ocr_line' id='line_1_23' title="bbox 2107 1078 3700 1150; baseline 0 -17"><span class='ocrx_word' id='word_1_153' title='bbox 2107 1079 2173 1133; x_wconf 93' lang='lat' dir='ltr'><strong>iis</strong></span> <span class='ocrx_word' id='word_1_154' title='bbox 2197 1121 2210 1144; x_wconf 96' lang='lat'><strong>,</strong></span> <span class='ocrx_word' id='word_1_155' title='bbox 2242 1079 2332 1150; x_wconf 91' lang='lat' dir='ltr'><strong>qui</strong></span> <span class='ocrx_word' id='word_1_156' title='bbox 2366 1089 2525 1132; x_wconf 85' lang='lat' dir='ltr'><strong>antea</strong></span> <span class='ocrx_word' id='word_1_157' title='bbox 2556 1078 2866 1133; x_wconf 83' lang='lat' dir='ltr'><strong>Milevitano</strong></span> <span class='ocrx_word' id='word_1_158' title='bbox 2909 1078 3300 1145; x_wconf 83' lang='lat' dir='ltr'><strong>interfuerant,</strong></span> <span class='ocrx_word' id='word_1_159' title='bbox 3341 1093 3465 1133; x_wconf 89' lang='lat' dir='ltr'><strong>cum</strong></span> <span class='ocrx_word' id='word_1_160' title='bbox 3509 1080 3572 1133; x_wconf 93' lang='lat' dir='ltr'><strong>iis</strong></span> <span class='ocrx_word' id='word_1_161' title='bbox 3611 1080 3700 1149; x_wconf 90' lang='lat' dir='ltr'><strong>qui</strong></span> 
     </span>
    </p>
   </div>
   <div class='ocr_carea' id='block_1_24' title="bbox 2108 1171 3704 1242">
    <p class='ocr_par' dir='ltr' id='par_1_24' title="bbox 2108 1171 3704 1242">
     <span class='ocr_line' id='line_1_24' title="bbox 2108 1171 3704 1242; baseline 0.001 -17"><span class='ocrx_word' id='word_1_162' title='bbox 2108 1171 2539 1241; x_wconf 72' lang='lat' dir='ltr'><strong>CartlIaginensi,</strong></span> <span class='ocrx_word' id='word_1_163' title='bbox 2572 1171 3038 1235; x_wconf 75' lang='lat' dir='ltr'><strong>convenientibus,</strong></span> <span class='ocrx_word' id='word_1_164' title='bbox 3083 1171 3275 1226; x_wconf 90' lang='lat' dir='ltr'><strong>merito</strong></span> <span class='ocrx_word' id='word_1_165' title='bbox 3317 1171 3509 1242; x_wconf 85' lang='lat' dir='ltr'><strong>aliquis</strong></span> <span class='ocrx_word' id='word_1_166' title='bbox 3554 1171 3704 1226; x_wconf 79' lang='lat' dir='ltr'><strong>dixe-</strong></span> 
     </span>
    </p>
   </div>
   <div class='ocr_carea' id='block_1_25' title="bbox 2112 1261 3699 1332">
    <p class='ocr_par' dir='ltr' id='par_1_25' title="bbox 2112 1261 3699 1332">
     <span class='ocr_line' id='line_1_25' title="bbox 2112 1261 3699 1332; baseline -0.001 -14"><span class='ocrx_word' id='word_1_167' title='bbox 2112 1263 2202 1318; x_wconf 90' lang='lat' dir='ltr'><strong>rit.</strong></span> <span class='ocrx_word' id='word_1_168' title='bbox 2255 1262 2427 1318; x_wconf 90' lang='lat' dir='ltr'><strong>Sicuti</strong></span> <span class='ocrx_word' id='word_1_169' title='bbox 2474 1272 2526 1316; x_wconf 90' lang='lat' dir='ltr'><strong>et</strong></span> <span class='ocrx_word' id='word_1_170' title='bbox 2568 1277 2753 1316; x_wconf 89' lang='lat' dir='ltr'><strong>rursus</strong></span> <span class='ocrx_word' id='word_1_171' title='bbox 2793 1261 3060 1332; x_wconf 87' lang='lat' dir='ltr'><strong>quoddam</strong></span> <span class='ocrx_word' id='word_1_172' title='bbox 3103 1263 3372 1332; x_wconf 87' lang='lat' dir='ltr'><strong>posterius</strong></span> <span class='ocrx_word' id='word_1_173' title='bbox 3405 1263 3699 1332; x_wconf 86' lang='lat' dir='ltr'><strong>plenarium</strong></span> 
     </span>
    </p>
   </div>
   <div class='ocr_carea' id='block_1_26' title="bbox 2112 1353 3702 1411">
    <p class='ocr_par' dir='ltr' id='par_1_26' title="bbox 2112 1353 3702 1411">
     <span class='ocr_line' id='line_1_26' title="bbox 2112 1353 3702 1411; baseline -0.003 0"><span class='ocrx_word' id='word_1_174' title='bbox 2112 1355 2398 1411; x_wconf 82' lang='lat' dir='ltr'><strong>Concilium</strong></span> <span class='ocrx_word' id='word_1_175' title='bbox 2435 1354 2593 1408; x_wconf 83' lang='lat' dir='ltr'><strong>totius</strong></span> <span class='ocrx_word' id='word_1_176' title='bbox 2624 1353 2819 1410; x_wconf 71' lang='lat' dir='ltr'><strong>Africa:</strong></span> <span class='ocrx_word' id='word_1_177' title='bbox 2859 1355 3100 1408; x_wconf 88' lang='lat' dir='ltr'><strong>eamdem</strong></span> <span class='ocrx_word' id='word_1_178' title='bbox 3141 1355 3211 1408; x_wconf 92' lang='lat' dir='ltr'><strong>ob</strong></span> <span class='ocrx_word' id='word_1_179' title='bbox 3255 1369 3474 1408; x_wconf 83' lang='lat' dir='ltr'><strong>causam</strong></span> <span class='ocrx_word' id='word_1_180' title='bbox 3514 1368 3702 1408; x_wconf 77' lang='lat' dir='ltr'><strong>Conve-</strong></span> 
     </span>
    </p>
   </div>
   <div class='ocr_carea' id='block_1_27' title="bbox 2116 1446 3707 1520">
    <p class='ocr_par' dir='ltr' id='par_1_27' title="bbox 2116 1446 3707 1520">
     <span class='ocr_line' id='line_1_27' title="bbox 2116 1446 3707 1520; baseline -0.003 -15"><span class='ocrx_word' id='word_1_181' title='bbox 2116 1451 2262 1505; x_wconf 89' lang='lat' dir='ltr'><strong>nisse</strong></span> <span class='ocrx_word' id='word_1_182' title='bbox 2293 1450 2625 1518; x_wconf 74' lang='lat' dir='ltr'><strong>Augustinus</strong></span> <span class='ocrx_word' id='word_1_183' title='bbox 2655 1448 2921 1520; x_wconf 82' lang='lat' dir='ltr'><strong>signiliCat</strong></span> <span class='ocrx_word' id='word_1_184' title='bbox 2951 1449 3002 1502; x_wconf 91' lang='lat' dir='ltr'><strong>in</strong></span> <span class='ocrx_word' id='word_1_185' title='bbox 3043 1449 3268 1518; x_wconf 78' lang='lat' dir='ltr'><strong>epistola</strong></span> <span class='ocrx_word' id='word_1_186' title='bbox 3315 1463 3480 1500; x_wconf 76' lang='lat' dir='ltr'><strong>XLVII.</strong></span> <span class='ocrx_word' id='word_1_187' title='bbox 3525 1446 3707 1516; x_wconf 82' lang='lat' dir='ltr'><strong>Neque</strong></span> 
     </span>
    </p>
   </div>
   <div class='ocr_carea' id='block_1_28' title="bbox 2116 1539 3713 1613">
    <p class='ocr_par' dir='ltr' id='par_1_28' title="bbox 2116 1539 3713 1613">
     <span class='ocr_line' id='line_1_28' title="bbox 2116 1539 3713 1613; baseline -0.004 -15"><span class='ocrx_word' id='word_1_188' title='bbox 2116 1542 2397 1598; x_wconf 87' lang='lat' dir='ltr'><strong>dissimilis</strong></span> <span class='ocrx_word' id='word_1_189' title='bbox 2438 1543 2680 1613; x_wconf 79' lang='lat' dir='ltr'><strong>qtnedam</strong></span> <span class='ocrx_word' id='word_1_190' title='bbox 2725 1543 2820 1595; x_wconf 90' lang='lat' dir='ltr'><strong>fuit</strong></span> <span class='ocrx_word' id='word_1_191' title='bbox 2847 1539 3428 1608; x_wconf 83' lang='lat' dir='ltr'><strong>Constantinpolitani</strong></span> <span class='ocrx_word' id='word_1_192' title='bbox 3457 1539 3672 1594; x_wconf 87' lang='lat' dir='ltr'><strong>concilii</strong></span> <span class='ocrx_word' id='word_1_193' title='bbox 3697 1581 3713 1605; x_wconf 95' lang='lat'><strong>,</strong></span> 
     </span>
    </p>
   </div>
   <div class='ocr_carea' id='block_1_29' title="bbox 2118 1632 3716 1708">
    <p class='ocr_par' dir='ltr' id='par_1_29' title="bbox 2118 1632 3716 1708">
     <span class='ocr_line' id='line_1_29' title="bbox 2118 1632 3716 1708; baseline -0.004 -17"><span class='ocrx_word' id='word_1_194' title='bbox 2118 1637 2261 1708; x_wconf 86' lang='lat' dir='ltr'><strong>quod</strong></span> <span class='ocrx_word' id='word_1_195' title='bbox 2308 1637 2475 1691; x_wconf 88' lang='lat' dir='ltr'><strong>fuisse</strong></span> <span class='ocrx_word' id='word_1_196' title='bbox 2515 1635 2811 1690; x_wconf 88' lang='lat' dir='ltr'><strong>secundum</strong></span> <span class='ocrx_word' id='word_1_197' title='bbox 2856 1634 3166 1689; x_wconf 71' lang='lat' dir='ltr'><strong>universale</strong></span> <span class='ocrx_word' id='word_1_198' title='bbox 3205 1635 3395 1700; x_wconf 87' lang='lat' dir='ltr'><strong>aiunt,</strong></span> <span class='ocrx_word' id='word_1_199' title='bbox 3436 1632 3716 1698; x_wconf 85' lang='lat' dir='ltr'><strong>conditio,</strong></span> 
     </span>
    </p>
   </div>
   <div class='ocr_carea' id='block_1_30' title="bbox 2120 1727 3722 1793">
    <p class='ocr_par' dir='ltr' id='par_1_30' title="bbox 2120 1727 3722 1793">
     <span class='ocr_line' id='line_1_30' title="bbox 2120 1727 3722 1793; baseline -0.004 -8"><span class='ocrx_word' id='word_1_200' title='bbox 2120 1746 2242 1785; x_wconf 91' lang='lat' dir='ltr'><strong>cum</strong></span> <span class='ocrx_word' id='word_1_201' title='bbox 2293 1729 2481 1784; x_wconf 83' lang='lat' dir='ltr'><strong>Patres</strong></span> <span class='ocrx_word' id='word_1_202' title='bbox 2530 1729 2691 1784; x_wconf 90' lang='lat' dir='ltr'><strong>modo</strong></span> <span class='ocrx_word' id='word_1_203' title='bbox 2731 1728 3153 1793; x_wconf 88' lang='lat' dir='ltr'><strong>dimitterentur,</strong></span> <span class='ocrx_word' id='word_1_204' title='bbox 3197 1727 3358 1781; x_wconf 89' lang='lat' dir='ltr'><strong>modo</strong></span> <span class='ocrx_word' id='word_1_205' title='bbox 3397 1741 3722 1781; x_wconf 76' lang='lat' dir='ltr'><strong>revocaren-</strong></span> 
     </span>
    </p>
   </div>
   <div class='ocr_carea' id='block_1_31' title="bbox 410 1805 3722 1893">
    <p class='ocr_par' dir='ltr' id='par_1_31' title="bbox 410 1805 3722 1893">
     <span class='ocr_line' id='line_1_31' title="bbox 410 1805 3722 1893; baseline -0.002 -16"><span class='ocrx_word' id='word_1_206' title='bbox 410 1821 589 1893; x_wconf 86' lang='lat' dir='ltr'><strong>primo</strong></span> <span class='ocrx_word' id='word_1_207' title='bbox 631 1822 781 1887; x_wconf 90' lang='lat' dir='ltr'><strong>loco,</strong></span> <span class='ocrx_word' id='word_1_208' title='bbox 825 1822 1162 1891; x_wconf 83' lang='lat' dir='ltr'><strong>Augustinus</strong></span> <span class='ocrx_word' id='word_1_209' title='bbox 1200 1830 1395 1876; x_wconf 89' lang='lat' dir='ltr'><strong>octavo</strong></span> <span class='ocrx_word' id='word_1_210' title='bbox 1434 1822 1787 1892; x_wconf 81' lang='lat' dir='ltr'><strong>numeratur)</strong></span> <span class='ocrx_word' id='word_1_211' title='bbox 1822 1819 1875 1874; x_wconf 92' lang='lat' dir='ltr'><strong>in</strong></span> <span class='ocrx_word' id='word_1_212' title='bbox 1917 1834 2014 1873; x_wconf 87' lang='lat' dir='ltr'><strong>sua</strong></span> <span class='ocrx_word' id='word_1_213' title='bbox 2046 1805 2094 1866; x_wconf 84' lang='grc' dir='ltr'>Β</span> <span class='ocrx_word' id='word_1_214' title='bbox 2123 1834 2226 1877; x_wconf 90' lang='lat' dir='ltr'><strong>tur.</strong></span> <span class='ocrx_word' id='word_1_215' title='bbox 2270 1824 2540 1878; x_wconf 52' lang='lat' dir='ltr'><strong>Catterum</strong></span> <span class='ocrx_word' id='word_1_216' title='bbox 2582 1838 2705 1877; x_wconf 91' lang='lat' dir='ltr'><strong>cum</strong></span> <span class='ocrx_word' id='word_1_217' title='bbox 2744 1821 2994 1876; x_wconf 76' lang='lat' dir='ltr'><strong>historici</strong></span> <span class='ocrx_word' id='word_1_218' title='bbox 3048 1823 3145 1875; x_wconf 86' lang='lat' dir='ltr'><strong>ista</strong></span> <span class='ocrx_word' id='word_1_219' title='bbox 3187 1821 3408 1875; x_wconf 81' lang='lat' dir='ltr'><strong>confuse</strong></span> <span class='ocrx_word' id='word_1_220' title='bbox 3457 1831 3722 1886; x_wconf 86' lang='lat' dir='ltr'><strong>narrant,</strong></span> 
     </span>
    </p>
   </div>
   <div class='ocr_carea' id='block_1_32' title="bbox 414 1910 2015 1983">
    <p class='ocr_par' dir='ltr' id='par_1_32' title="bbox 414 1910 2015 1983">
     <span class='ocr_line' id='line_1_32' title="bbox 414 1910 2015 1983; baseline -0.001 -16"><span class='ocrx_word' id='word_1_221' title='bbox 414 1912 482 1967; x_wconf 84' lang='lat' dir='ltr'><strong>ad</strong></span> <span class='ocrx_word' id='word_1_222' title='bbox 523 1910 895 1967; x_wconf 84' lang='lat' dir='ltr'><strong>Innocentium</strong></span> <span class='ocrx_word' id='word_1_223' title='bbox 936 1913 1166 1983; x_wconf 86' lang='lat' dir='ltr'><strong>epistola</strong></span> <span class='ocrx_word' id='word_1_224' title='bbox 1207 1915 1356 1968; x_wconf 90' lang='lat' dir='ltr'><strong>aiunt</strong></span> <span class='ocrx_word' id='word_1_225' title='bbox 1383 1928 1503 1968; x_wconf 89' lang='lat' dir='ltr'><strong>sese</strong></span> <span class='ocrx_word' id='word_1_226' title='bbox 1533 1913 1599 1967; x_wconf 85' lang='lat' dir='ltr'><strong>ad</strong></span> <span class='ocrx_word' id='word_1_227' title='bbox 1630 1929 1752 1967; x_wconf 92' lang='lat' dir='ltr'><strong>eum</strong></span> <span class='ocrx_word' id='word_1_228' title='bbox 1786 1913 1854 1967; x_wconf 90' lang='lat' dir='ltr'><strong>de</strong></span> <span class='ocrx_word' id='word_1_229' title='bbox 1881 1927 2015 1967; x_wconf 87' lang='lat' dir='ltr'><strong>con-</strong></span> 
     </span>
    </p>
   </div>
   <div class='ocr_carea' id='block_1_33' title="bbox 414 2003 2014 2074">
    <p class='ocr_par' dir='ltr' id='par_1_33' title="bbox 414 2003 2014 2074">
     <span class='ocr_line' id='line_1_33' title="bbox 414 2003 2014 2074; baseline -0.003 -14"><span class='ocrx_word' id='word_1_230' title='bbox 414 2004 544 2060; x_wconf 89' lang='lat' dir='ltr'><strong>cilio</strong></span> <span class='ocrx_word' id='word_1_231' title='bbox 583 2003 851 2060; x_wconf 87' lang='lat' dir='ltr'><strong>Numidia:</strong></span> <span class='ocrx_word' id='word_1_232' title='bbox 890 2005 1131 2060; x_wconf 88' lang='lat' dir='ltr'><strong>scribere</strong></span> <span class='ocrx_word' id='word_1_233' title='bbox 1169 2005 1237 2060; x_wconf 91' lang='lat' dir='ltr'><strong>de</strong></span> <span class='ocrx_word' id='word_1_234' title='bbox 1279 2007 1429 2060; x_wconf 83' lang='lat' dir='ltr'><strong>Actis</strong></span> <span class='ocrx_word' id='word_1_235' title='bbox 1467 2014 1654 2060; x_wconf 81' lang='lat' dir='ltr'><strong>contra</strong></span> <span class='ocrx_word' id='word_1_236' title='bbox 1699 2004 1971 2074; x_wconf 88' lang='lat' dir='ltr'><strong>Pelagium</strong></span> <span class='ocrx_word' id='word_1_237' title='bbox 1997 2045 2014 2066; x_wconf 87' lang='lat'><strong>,</strong></span> 
     </span>
    </p>
   </div>
   <div class='ocr_carea' id='block_1_34' title="bbox 411 2097 2020 2168">
    <p class='ocr_par' dir='ltr' id='par_1_34' title="bbox 411 2097 2020 2168">
     <span class='ocr_line' id='line_1_34' title="bbox 411 2097 2020 2168; baseline -0.001 -14"><span class='ocrx_word' id='word_1_238' title='bbox 411 2097 692 2154; x_wconf 82' lang='lat' dir='ltr'><strong>imitantes</strong></span> <span class='ocrx_word' id='word_1_239' title='bbox 771 2097 1214 2168; x_wconf 86' lang='lat' dir='ltr'><strong>Carthaginensis</strong></span> <span class='ocrx_word' id='word_1_240' title='bbox 1283 2099 1542 2153; x_wconf 78' lang='lat' dir='ltr'><strong>Ecclesia:</strong></span> <span class='ocrx_word' id='word_1_241' title='bbox 1618 2098 2020 2168; x_wconf 66' lang='lat' dir='ltr'><strong>provinciwque</strong></span> 
     </span>
    </p>
   </div>
   <div class='ocr_carea' id='block_1_35' title="bbox 422 2191 2023 2263">
    <p class='ocr_par' dir='ltr' id='par_1_35' title="bbox 422 2191 2023 2263">
     <span class='ocr_line' id='line_1_35' title="bbox 422 2191 2023 2263; baseline -0.002 -15"><span class='ocrx_word' id='word_1_242' title='bbox 422 2193 799 2263; x_wconf 87' lang='lat' dir='ltr'><strong>coepiscopos.</strong></span> <span class='ocrx_word' id='word_1_243' title='bbox 825 2193 966 2262; x_wconf 82' lang='lat' dir='ltr'><strong>Ergo</strong></span> <span class='ocrx_word' id='word_1_244' title='bbox 982 2193 1093 2262; x_wconf 86' lang='lat' dir='ltr'><strong>jam</strong></span> <span class='ocrx_word' id='word_1_245' title='bbox 1119 2192 1320 2247; x_wconf 91' lang='lat' dir='ltr'><strong>editum</strong></span> <span class='ocrx_word' id='word_1_246' title='bbox 1342 2205 1458 2248; x_wconf 88' lang='lat' dir='ltr'><strong>erat</strong></span> <span class='ocrx_word' id='word_1_247' title='bbox 1496 2192 1773 2248; x_wconf 90' lang='lat' dir='ltr'><strong>decretum</strong></span> <span class='ocrx_word' id='word_1_248' title='bbox 1806 2191 2023 2247; x_wconf 90' lang='lat' dir='ltr'><strong>concilii</strong></span> 
     </span>
    </p>
   </div>
   <div class='ocr_carea' id='block_1_36' title="bbox 419 2286 2017 2358">
    <p class='ocr_par' dir='ltr' id='par_1_36' title="bbox 419 2286 2017 2358">
     <span class='ocr_line' id='line_1_36' title="bbox 419 2286 2017 2358; baseline -0.001 -16"><span class='ocrx_word' id='word_1_249' title='bbox 419 2286 569 2342; x_wconf 86' lang='lat' dir='ltr'><strong>illius</strong></span> <span class='ocrx_word' id='word_1_250' title='bbox 619 2287 1061 2357; x_wconf 87' lang='lat' dir='ltr'><strong>Carthagineusis</strong></span> <span class='ocrx_word' id='word_1_251' title='bbox 1109 2295 1297 2341; x_wconf 90' lang='lat' dir='ltr'><strong>contra</strong></span> <span class='ocrx_word' id='word_1_252' title='bbox 1353 2287 1694 2358; x_wconf 77' lang='lat' dir='ltr'><strong>Pelagianam</strong></span> <span class='ocrx_word' id='word_1_253' title='bbox 1748 2288 2017 2341; x_wconf 61' lang='lat' dir='ltr'><strong>haeresim.</strong></span> 
     </span>
    </p>
   </div>
   <div class='ocr_carea' id='block_1_37' title="bbox 421 2375 2026 2447">
    <p class='ocr_par' dir='ltr' id='par_1_37' title="bbox 421 2375 2026 2447">
     <span class='ocr_line' id='line_1_37' title="bbox 421 2375 2026 2447; baseline 0 -16"><span class='ocrx_word' id='word_1_254' title='bbox 421 2375 766 2446; x_wconf 67' lang='lat' dir='ltr'><strong>Reslionsum</strong></span> <span class='ocrx_word' id='word_1_255' title='bbox 806 2386 986 2432; x_wconf 91' lang='lat' dir='ltr'><strong>autem</strong></span> <span class='ocrx_word' id='word_1_256' title='bbox 1029 2376 1330 2432; x_wconf 84' lang='lat' dir='ltr'><strong>Innocentii</strong></span> <span class='ocrx_word' id='word_1_257' title='bbox 1372 2377 1566 2447; x_wconf 90' lang='lat' dir='ltr'><strong>pontif.</strong></span> <span class='ocrx_word' id='word_1_258' title='bbox 1599 2377 1665 2432; x_wconf 88' lang='lat' dir='ltr'><strong>ad</strong></span> <span class='ocrx_word' id='word_1_259' title='bbox 1696 2377 1888 2433; x_wconf 91' lang='lat' dir='ltr'><strong>Patres</strong></span> <span class='ocrx_word' id='word_1_260' title='bbox 1927 2378 2026 2431; x_wconf 88' lang='lat' dir='ltr'><strong>Mi-</strong></span> 
     </span>
    </p>
   </div>
   <div class='ocr_carea' id='block_1_38' title="bbox 423 2469 2025 2536">
    <p class='ocr_par' dir='ltr' id='par_1_38' title="bbox 423 2469 2025 2536">
     <span class='ocr_line' id='line_1_38' title="bbox 423 2469 2025 2536; baseline -0.001 -11"><span class='ocrx_word' id='word_1_261' title='bbox 423 2469 692 2526; x_wconf 85' lang='lat' dir='ltr'><strong>levitauos</strong></span> <span class='ocrx_word' id='word_1_262' title='bbox 731 2471 914 2524; x_wconf 89' lang='lat' dir='ltr'><strong>datum</strong></span> <span class='ocrx_word' id='word_1_263' title='bbox 968 2484 1090 2526; x_wconf 89' lang='lat' dir='ltr'><strong>esse</strong></span> <span class='ocrx_word' id='word_1_264' title='bbox 1128 2470 1326 2525; x_wconf 87' lang='lat' dir='ltr'><strong>diettur</strong></span> <span class='ocrx_word' id='word_1_265' title='bbox 1376 2487 1428 2525; x_wconf 93' lang='lat' dir='ltr'><strong>vI</strong></span> <span class='ocrx_word' id='word_1_266' title='bbox 1479 2470 1699 2526; x_wconf 83' lang='lat' dir='ltr'><strong>kalend.</strong></span> <span class='ocrx_word' id='word_1_267' title='bbox 1736 2470 2025 2536; x_wconf 85' lang='lat' dir='ltr'><strong>Februar.,</strong></span> 
     </span>
    </p>
   </div>
   <div class='ocr_carea' id='block_1_39' title="bbox 423 2560 2025 2634">
    <p class='ocr_par' dir='ltr' id='par_1_39' title="bbox 423 2560 2025 2634">
     <span class='ocr_line' id='line_1_39' title="bbox 423 2560 2025 2634; baseline -0.002 -15"><span class='ocrx_word' id='word_1_268' title='bbox 423 2562 666 2619; x_wconf 84' lang='lat' dir='ltr'><strong>Honorio</strong></span> <span class='ocrx_word' id='word_1_269' title='bbox 705 2573 760 2619; x_wconf 88' lang='lat' dir='ltr'><strong>et</strong></span> <span class='ocrx_word' id='word_1_270' title='bbox 797 2560 1117 2619; x_wconf 88' lang='lat' dir='ltr'><strong>Constantio</strong></span> <span class='ocrx_word' id='word_1_271' title='bbox 1171 2578 1314 2619; x_wconf 90' lang='lat' dir='ltr'><strong>coss.</strong></span> <span class='ocrx_word' id='word_1_272' title='bbox 1361 2564 1470 2634; x_wconf 84' lang='lat' dir='ltr'><strong>Ego</strong></span> <span class='ocrx_word' id='word_1_273' title='bbox 1519 2572 1649 2634; x_wconf 86' lang='lat' dir='ltr'><strong>puto</strong></span> <span class='ocrx_word' id='word_1_274' title='bbox 1701 2563 1983 2634; x_wconf 87' lang='lat' dir='ltr'><strong>legendum</strong></span> <span class='ocrx_word' id='word_1_275' title='bbox 2011 2602 2025 2626; x_wconf 92' lang='lat'><strong>,</strong></span> 
     </span>
    </p>
   </div>
   <div class='ocr_carea' id='block_1_40' title="bbox 426 2652 2029 2719">
    <p class='ocr_par' dir='ltr' id='par_1_40' title="bbox 426 2652 2029 2719">
     <span class='ocr_line' id='line_1_40' title="bbox 426 2652 2029 2719; baseline -0.002 -10"><span class='ocrx_word' id='word_1_276' title='bbox 426 2653 703 2710; x_wconf 73' lang='lat' dir='ltr'><strong>Constante</strong></span> <span class='ocrx_word' id='word_1_277' title='bbox 739 2664 786 2708; x_wconf 87' lang='lat' dir='ltr'><strong>et</strong></span> <span class='ocrx_word' id='word_1_278' title='bbox 825 2655 1124 2710; x_wconf 87' lang='lat' dir='ltr'><strong>Constantio</strong></span> <span class='ocrx_word' id='word_1_279' title='bbox 1163 2671 1322 2719; x_wconf 84' lang='lat' dir='ltr'><strong>coss.,</strong></span> <span class='ocrx_word' id='word_1_280' title='bbox 1366 2656 1524 2710; x_wconf 88' lang='lat' dir='ltr'><strong>sicuti</strong></span> <span class='ocrx_word' id='word_1_281' title='bbox 1564 2664 1619 2709; x_wconf 92' lang='lat' dir='ltr'><strong>et</strong></span> <span class='ocrx_word' id='word_1_282' title='bbox 1655 2655 1706 2709; x_wconf 91' lang='lat' dir='ltr'><strong>in</strong></span> <span class='ocrx_word' id='word_1_283' title='bbox 1737 2654 1925 2710; x_wconf 88' lang='lat' dir='ltr'><strong>codice</strong></span> <span class='ocrx_word' id='word_1_284' title='bbox 1975 2652 2029 2707; x_wconf 89' lang='lat' dir='ltr'><strong>hi</strong></span> 
     </span>
    </p>
   </div>
   <div class='ocr_carea' id='block_1_41' title="bbox 429 2747 2032 2820">
    <p class='ocr_par' dir='ltr' id='par_1_41' title="bbox 429 2747 2032 2820">
     <span class='ocr_line' id='line_1_41' title="bbox 429 2747 2032 2820; baseline 0.001 -18"><span class='ocrx_word' id='word_1_285' title='bbox 429 2747 683 2802; x_wconf 84' lang='lat' dir='ltr'><strong>consules</strong></span> <span class='ocrx_word' id='word_1_286' title='bbox 722 2748 1143 2819; x_wconf 87' lang='lat' dir='ltr'><strong>conjunguntur.</strong></span> <span class='ocrx_word' id='word_1_287' title='bbox 1189 2748 1313 2804; x_wconf 86' lang='lat' dir='ltr'><strong>Fuit</strong></span> <span class='ocrx_word' id='word_1_288' title='bbox 1351 2749 1570 2820; x_wconf 89' lang='lat' dir='ltr'><strong>quidem</strong></span> <span class='ocrx_word' id='word_1_289' title='bbox 1631 2749 1718 2805; x_wconf 90' lang='lat' dir='ltr'><strong>hic</strong></span> <span class='ocrx_word' id='word_1_290' title='bbox 1765 2749 2032 2806; x_wconf 88' lang='lat' dir='ltr'><strong>Constan-</strong></span> 
     </span>
    </p>
   </div>
   <div class='ocr_carea' id='block_1_42' title="bbox 428 2842 2034 2912">
    <p class='ocr_par' dir='ltr' id='par_1_42' title="bbox 428 2842 2034 2912">
     <span class='ocr_line' id='line_1_42' title="bbox 428 2842 2034 2912; baseline 0.001 -15"><span class='ocrx_word' id='word_1_291' title='bbox 428 2842 537 2898; x_wconf 86' lang='lat' dir='ltr'><strong>tius</strong></span> <span class='ocrx_word' id='word_1_292' title='bbox 567 2858 604 2897; x_wconf 85' lang='grc' dir='ltr'>ιι</span> <span class='ocrx_word' id='word_1_293' title='bbox 636 2857 749 2896; x_wconf 91' lang='lat' dir='ltr'><strong>cos.</strong></span> <span class='ocrx_word' id='word_1_294' title='bbox 783 2858 906 2897; x_wconf 89' lang='lat' dir='ltr'><strong>cum</strong></span> <span class='ocrx_word' id='word_1_295' title='bbox 942 2843 1182 2897; x_wconf 91' lang='lat' dir='ltr'><strong>llonorio</strong></span> <span class='ocrx_word' id='word_1_296' title='bbox 1210 2842 1346 2912; x_wconf 83' lang='lat' dir='ltr'><strong>imp.</strong></span> <span class='ocrx_word' id='word_1_297' title='bbox 1375 2843 1480 2897; x_wconf 90' lang='lat' dir='ltr'><strong>Sed</strong></span> <span class='ocrx_word' id='word_1_298' title='bbox 1523 2853 1649 2897; x_wconf 88' lang='lat' dir='ltr'><strong>tunc</strong></span> <span class='ocrx_word' id='word_1_299' title='bbox 1689 2843 2034 2899; x_wconf 90' lang='lat' dir='ltr'><strong>Innocentius</strong></span> 
     </span>
    </p>
   </div>
   <div class='ocr_carea' id='block_1_43' title="bbox 430 2933 2032 3006">
    <p class='ocr_par' dir='ltr' id='par_1_43' title="bbox 430 2933 2032 3006">
     <span class='ocr_line' id='line_1_43' title="bbox 430 2933 2032 3006; baseline 0.001 -18"><span class='ocrx_word' id='word_1_300' title='bbox 430 2943 549 2988; x_wconf 87' lang='lat' dir='ltr'><strong>erat</strong></span> <span class='ocrx_word' id='word_1_301' title='bbox 577 2943 864 3000; x_wconf 90' lang='lat' dir='ltr'><strong>mortuus,</strong></span> <span class='ocrx_word' id='word_1_302' title='bbox 921 2943 979 2988; x_wconf 92' lang='lat' dir='ltr'><strong>ut</strong></span> <span class='ocrx_word' id='word_1_303' title='bbox 1031 2949 1095 2989; x_wconf 82' lang='lat' dir='ltr'><strong>ex</strong></span> <span class='ocrx_word' id='word_1_304' title='bbox 1154 2933 1425 2990; x_wconf 87' lang='lat' dir='ltr'><strong>Chronico</strong></span> <span class='ocrx_word' id='word_1_305' title='bbox 1483 2935 1732 3004; x_wconf 88' lang='lat' dir='ltr'><strong>Prosperi</strong></span> <span class='ocrx_word' id='word_1_306' title='bbox 1787 2947 2032 3006; x_wconf 87' lang='lat' dir='ltr'><strong>apparet.</strong></span> 
     </span>
    </p>
   </div>
   <div class='ocr_carea' id='block_1_44' title="bbox 433 3025 2039 3088">
    <p class='ocr_par' dir='ltr' id='par_1_44' title="bbox 433 3025 2039 3088">
     <span class='ocr_line' id='line_1_44' title="bbox 433 3025 2039 3088; baseline 0.004 -7"><span class='ocrx_word' id='word_1_307' title='bbox 433 3025 704 3081; x_wconf 64' lang='lat' dir='ltr'><strong>Cancrum</strong></span> <span class='ocrx_word' id='word_1_308' title='bbox 744 3027 1094 3084; x_wconf 85' lang='lat' dir='ltr'><strong>Constantem</strong></span> <span class='ocrx_word' id='word_1_309' title='bbox 1145 3037 1201 3083; x_wconf 89' lang='lat' dir='ltr'><strong>et</strong></span> <span class='ocrx_word' id='word_1_310' title='bbox 1252 3029 1626 3084; x_wconf 83' lang='lat' dir='ltr'><strong>Constantium</strong></span> <span class='ocrx_word' id='word_1_311' title='bbox 1679 3047 1821 3086; x_wconf 92' lang='lat' dir='ltr'><strong>coss.</strong></span> <span class='ocrx_word' id='word_1_312' title='bbox 1875 3032 2039 3088; x_wconf 86' lang='lat' dir='ltr'><strong>fuisse</strong></span> 
     </span>
    </p>
   </div>
   <div class='ocr_carea' id='block_1_45' title="bbox 434 3119 2036 3193">
    <p class='ocr_par' dir='ltr' id='par_1_45' title="bbox 434 3119 2036 3193">
     <span class='ocr_line' id='line_1_45' title="bbox 434 3119 2036 3193; baseline 0.004 -19"><span class='ocrx_word' id='word_1_313' title='bbox 434 3133 580 3175; x_wconf 87' lang='lat' dir='ltr'><strong>anno</strong></span> <span class='ocrx_word' id='word_1_314' title='bbox 607 3119 716 3175; x_wconf 73' lang='grc'><strong>416</strong></span> <span class='ocrx_word' id='word_1_315' title='bbox 753 3120 954 3176; x_wconf 89' lang='lat' dir='ltr'><strong>indicat</strong></span> <span class='ocrx_word' id='word_1_316' title='bbox 986 3121 1128 3177; x_wconf 91' lang='lat' dir='ltr'><strong>idem</strong></span> <span class='ocrx_word' id='word_1_317' title='bbox 1161 3123 1430 3193; x_wconf 85' lang='lat' dir='ltr'><strong>Prosper:</strong></span> <span class='ocrx_word' id='word_1_318' title='bbox 1466 3133 1524 3178; x_wconf 87' lang='lat' dir='ltr'><strong>ut</strong></span> <span class='ocrx_word' id='word_1_319' title='bbox 1579 3127 1622 3180; x_wconf 83' lang='lat' dir='ltr'><strong>si</strong></span> <span class='ocrx_word' id='word_1_320' title='bbox 1654 3142 1719 3179; x_wconf 86' lang='lat' dir='ltr'><strong>eo</strong></span> <span class='ocrx_word' id='word_1_321' title='bbox 1749 3141 1890 3180; x_wconf 87' lang='lat' dir='ltr'><strong>anno</strong></span> <span class='ocrx_word' id='word_1_322' title='bbox 1923 3141 2036 3180; x_wconf 87' lang='lat' dir='ltr'><strong>res-</strong></span> 
     </span>
    </p>
   </div>
   <div class='ocr_carea' id='block_1_46' title="bbox 438 3193 2115 3282">
    <p class='ocr_par' dir='ltr' id='par_1_46' title="bbox 438 3193 2115 3282">
     <span class='ocr_line' id='line_1_46' title="bbox 438 3193 2115 3282; baseline 0.005 -17"><span class='ocrx_word' id='word_1_323' title='bbox 438 3210 692 3282; x_wconf 79' lang='lat' dir='ltr'><strong>ponderit</strong></span> <span class='ocrx_word' id='word_1_324' title='bbox 741 3210 1088 3268; x_wconf 86' lang='lat' dir='ltr'><strong>Innocentius</strong></span> <span class='ocrx_word' id='word_1_325' title='bbox 1139 3214 1460 3268; x_wconf 88' lang='lat' dir='ltr'><strong>Milevitanis</strong></span> <span class='ocrx_word' id='word_1_326' title='bbox 1501 3214 1785 3282; x_wconf 85' lang='lat' dir='ltr'><strong>Patribus,</strong></span> <span class='ocrx_word' id='word_1_327' title='bbox 1819 3233 2043 3272; x_wconf 89' lang='lat' dir='ltr'><strong>necesse</strong></span> <span class='ocrx_word' id='word_1_328' title='bbox 2069 3193 2115 3257; x_wconf 58' lang='grc' dir='ltr'>(ἶ</span> 
     </span>
    </p>
   </div>
   <div class='ocr_carea' id='block_1_47' title="bbox 439 3305 2042 3381">
    <p class='ocr_par' dir='ltr' id='par_1_47' title="bbox 439 3305 2042 3381">
     <span class='ocr_line' id='line_1_47' title="bbox 439 3305 2042 3381; baseline 0.003 -20"><span class='ocrx_word' id='word_1_329' title='bbox 439 3305 514 3361; x_wconf 87' lang='lat' dir='ltr'><strong>sit</strong></span> <span class='ocrx_word' id='word_1_330' title='bbox 562 3306 851 3361; x_wconf 92' lang='lat' dir='ltr'><strong>concilium</strong></span> <span class='ocrx_word' id='word_1_331' title='bbox 891 3307 1316 3376; x_wconf 82' lang='lat' dir='ltr'><strong>Carthaginense</strong></span> <span class='ocrx_word' id='word_1_332' title='bbox 1356 3317 1546 3363; x_wconf 90' lang='lat' dir='ltr'><strong>contra</strong></span> <span class='ocrx_word' id='word_1_333' title='bbox 1588 3310 1906 3381; x_wconf 78' lang='lat' dir='ltr'><strong>Pelagianos</strong></span> <span class='ocrx_word' id='word_1_334' title='bbox 1962 3313 2042 3366; x_wconf 90' lang='lat' dir='ltr'><strong>in-</strong></span> 
     </span>
    </p>
   </div>
   <div class='ocr_carea' id='block_1_48' title="bbox 443 3396 2044 3468">
    <p class='ocr_par' dir='ltr' id='par_1_48' title="bbox 443 3396 2044 3468">
     <span class='ocr_line' id='line_1_48' title="bbox 443 3396 2044 3468; baseline 0.004 -16"><span class='ocrx_word' id='word_1_335' title='bbox 443 3396 699 3452; x_wconf 88' lang='lat' dir='ltr'><strong>choatum</strong></span> <span class='ocrx_word' id='word_1_336' title='bbox 729 3413 850 3455; x_wconf 88' lang='lat' dir='ltr'><strong>esse</strong></span> <span class='ocrx_word' id='word_1_337' title='bbox 889 3399 1068 3454; x_wconf 83' lang='lat' dir='ltr'><strong>statim</strong></span> <span class='ocrx_word' id='word_1_338' title='bbox 1113 3408 1234 3468; x_wconf 90' lang='lat' dir='ltr'><strong>post</strong></span> <span class='ocrx_word' id='word_1_339' title='bbox 1261 3399 1618 3456; x_wconf 81' lang='lat' dir='ltr'><strong>Collatiouem</strong></span> <span class='ocrx_word' id='word_1_340' title='bbox 1649 3412 1836 3457; x_wconf 87' lang='lat' dir='ltr'><strong>contra</strong></span> <span class='ocrx_word' id='word_1_341' title='bbox 1875 3406 2044 3459; x_wconf 85' lang='lat' dir='ltr'><strong>Dona-</strong></span> 
     </span>
    </p>
   </div>
   <div class='ocr_carea' id='block_1_49' title="bbox 446 3490 2046 3565">
    <p class='ocr_par' dir='ltr' id='par_1_49' title="bbox 446 3490 2046 3565">
     <span class='ocr_line' id='line_1_49' title="bbox 446 3490 2046 3565; baseline 0.004 -21"><span class='ocrx_word' id='word_1_342' title='bbox 446 3490 621 3545; x_wconf 79' lang='lat' dir='ltr'><strong>tiStas.</strong></span> <span class='ocrx_word' id='word_1_343' title='bbox 658 3490 830 3545; x_wconf 88' lang='lat' dir='ltr'><strong>Porro</strong></span> <span class='ocrx_word' id='word_1_344' title='bbox 861 3491 1196 3561; x_wconf 90' lang='lat' dir='ltr'><strong>Augustinus</strong></span> <span class='ocrx_word' id='word_1_345' title='bbox 1229 3493 1281 3546; x_wconf 92' lang='lat' dir='ltr'><strong>in</strong></span> <span class='ocrx_word' id='word_1_346' title='bbox 1314 3494 1474 3560; x_wconf 89' lang='lat' dir='ltr'><strong>epist.</strong></span> <span class='ocrx_word' id='word_1_347' title='bbox 1510 3509 1652 3548; x_wconf 67' lang='lat' dir='ltr'><strong>xevn</strong></span> <span class='ocrx_word' id='word_1_348' title='bbox 1675 3536 1688 3559; x_wconf 95' lang='lat'><strong>,</strong></span> <span class='ocrx_word' id='word_1_349' title='bbox 1722 3495 1948 3565; x_wconf 87' lang='lat' dir='ltr'><strong>loquens</strong></span> <span class='ocrx_word' id='word_1_350' title='bbox 1977 3495 2046 3550; x_wconf 89' lang='lat' dir='ltr'><strong>de</strong></span> 
     </span>
    </p>
   </div>
   <div class='ocr_carea' id='block_1_50' title="bbox 446 3581 2046 3654">
    <p class='ocr_par' dir='ltr' id='par_1_50' title="bbox 446 3581 2046 3654">
     <span class='ocr_line' id='line_1_50' title="bbox 446 3581 2046 3654; baseline 0.005 -18"><span class='ocrx_word' id='word_1_351' title='bbox 446 3581 794 3636; x_wconf 88' lang='lat' dir='ltr'><strong>damnatione</strong></span> <span class='ocrx_word' id='word_1_352' title='bbox 830 3582 1104 3638; x_wconf 69' lang='lat' dir='ltr'><strong>hmreseos</strong></span> <span class='ocrx_word' id='word_1_353' title='bbox 1143 3583 1480 3654; x_wconf 67' lang='lat' dir='ltr'><strong>Pelagianae,</strong></span> <span class='ocrx_word' id='word_1_354' title='bbox 1523 3589 1600 3640; x_wconf 87' lang='lat' dir='ltr'><strong>ait</strong></span> <span class='ocrx_word' id='word_1_355' title='bbox 1637 3603 1743 3642; x_wconf 92' lang='lat' dir='ltr'><strong>non</strong></span> <span class='ocrx_word' id='word_1_356' title='bbox 1788 3590 1947 3643; x_wconf 91' lang='lat' dir='ltr'><strong>modo</strong></span> <span class='ocrx_word' id='word_1_357' title='bbox 1978 3590 2046 3644; x_wconf 90' lang='lat' dir='ltr'><strong>de</strong></span> 
     </span>
    </p>
   </div>
   <div class='ocr_carea' id='block_1_51' title="bbox 445 3672 2046 3752">
    <p class='ocr_par' dir='ltr' id='par_1_51' title="bbox 445 3672 2046 3752">
     <span class='ocr_line' id='line_1_51' title="bbox 445 3672 2046 3752; baseline 0.005 -22"><span class='ocrx_word' id='word_1_358' title='bbox 445 3674 682 3730; x_wconf 87' lang='lat' dir='ltr'><strong>concilio</strong></span> <span class='ocrx_word' id='word_1_359' title='bbox 709 3672 1053 3746; x_wconf 82' lang='lat' dir='ltr'><strong>Carthaginis</strong></span> <span class='ocrx_word' id='word_1_360' title='bbox 1086 3678 1382 3747; x_wconf 83' lang='lat' dir='ltr'><strong>provincia:</strong></span> <span class='ocrx_word' id='word_1_361' title='bbox 1411 3687 1465 3732; x_wconf 91' lang='lat' dir='ltr'><strong>et</strong></span> <span class='ocrx_word' id='word_1_362' title='bbox 1491 3678 1754 3735; x_wconf 76' lang='lat' dir='ltr'><strong>Numidia:</strong></span> <span class='ocrx_word' id='word_1_363' title='bbox 1785 3682 2046 3752; x_wconf 91' lang='lat' dir='ltr'><strong>scriptum</strong></span> 
     </span>
    </p>
   </div>
   <div class='ocr_carea' id='block_1_52' title="bbox 450 3769 2052 3848">
    <p class='ocr_par' dir='ltr' id='par_1_52' title="bbox 450 3769 2052 3848">
     <span class='ocr_line' id='line_1_52' title="bbox 450 3769 2052 3848; baseline 0.009 -26"><span class='ocrx_word' id='word_1_364' title='bbox 450 3769 518 3824; x_wconf 84' lang='lat' dir='ltr'><strong>ad</strong></span> <span class='ocrx_word' id='word_1_365' title='bbox 561 3769 928 3825; x_wconf 88' lang='lat' dir='ltr'><strong>Innocentium</strong></span> <span class='ocrx_word' id='word_1_366' title='bbox 972 3787 1164 3842; x_wconf 83' lang='lat' dir='ltr'><strong>papam</strong></span> <span class='ocrx_word' id='word_1_367' title='bbox 1206 3771 1412 3838; x_wconf 86' lang='lat' dir='ltr'><strong>fuisse,</strong></span> <span class='ocrx_word' id='word_1_368' title='bbox 1455 3776 1549 3830; x_wconf 89' lang='lat' dir='ltr'><strong>sed</strong></span> <span class='ocrx_word' id='word_1_369' title='bbox 1582 3786 1634 3830; x_wconf 92' lang='lat' dir='ltr'><strong>et</strong></span> <span class='ocrx_word' id='word_1_370' title='bbox 1665 3777 1939 3848; x_wconf 88' lang='lat' dir='ltr'><strong>aliquanto</strong></span> <span class='ocrx_word' id='word_1_371' title='bbox 1972 3781 2052 3835; x_wconf 91' lang='lat' dir='ltr'><strong>di-</strong></span> 
     </span>
    </p>
   </div>
   <div class='ocr_carea' id='block_1_53' title="bbox 449 3861 2051 3938">
    <p class='ocr_par' dir='ltr' id='par_1_53' title="bbox 449 3861 2051 3938">
     <span class='ocr_line' id='line_1_53' title="bbox 449 3861 2051 3938; baseline 0.006 -22"><span class='ocrx_word' id='word_1_372' title='bbox 449 3861 708 3929; x_wconf 85' lang='lat' dir='ltr'><strong>ligentius</strong></span> <span class='ocrx_word' id='word_1_373' title='bbox 736 3878 763 3914; x_wconf 91' lang='lat' dir='ltr'><strong>a</strong></span> <span class='ocrx_word' id='word_1_374' title='bbox 795 3865 1032 3933; x_wconf 88' lang='lat' dir='ltr'><strong>quinque</strong></span> <span class='ocrx_word' id='word_1_375' title='bbox 1059 3865 1348 3934; x_wconf 73' lang='lat' dir='ltr'><strong>episcopis.</strong></span> <span class='ocrx_word' id='word_1_376' title='bbox 1395 3867 1457 3920; x_wconf 83' lang='lat' dir='ltr'><strong>Hi</strong></span> <span class='ocrx_word' id='word_1_377' title='bbox 1503 3867 1720 3923; x_wconf 88' lang='lat' dir='ltr'><strong>fuerunt</strong></span> <span class='ocrx_word' id='word_1_378' title='bbox 1757 3871 2010 3926; x_wconf 85' lang='lat' dir='ltr'><strong>Aurelius</strong></span> <span class='ocrx_word' id='word_1_379' title='bbox 2036 3917 2051 3938; x_wconf 97' lang='lat'><strong>,</strong></span> 
     </span>
    </p>
   </div>
   <div class='ocr_carea' id='block_1_54' title="bbox 453 3952 2052 4032">
    <p class='ocr_par' dir='ltr' id='par_1_54' title="bbox 453 3952 2052 4032">
     <span class='ocr_line' id='line_1_54' title="bbox 453 3952 2052 4032; baseline 0.008 -26"><span class='ocrx_word' id='word_1_380' title='bbox 453 3953 716 4024; x_wconf 85' lang='lat' dir='ltr'><strong>Alypius,</strong></span> <span class='ocrx_word' id='word_1_381' title='bbox 760 3952 1126 4023; x_wconf 70' lang='lat' dir='ltr'><strong>Augustinus,</strong></span> <span class='ocrx_word' id='word_1_382' title='bbox 1179 3956 1452 4022; x_wconf 85' lang='lat' dir='ltr'><strong>Evodius,</strong></span> <span class='ocrx_word' id='word_1_383' title='bbox 1500 3971 1554 4012; x_wconf 82' lang='lat' dir='ltr'><strong>et</strong></span> <span class='ocrx_word' id='word_1_384' title='bbox 1601 3961 1911 4026; x_wconf 87' lang='lat' dir='ltr'><strong>Possidius,</strong></span> <span class='ocrx_word' id='word_1_385' title='bbox 1963 3966 2052 4032; x_wconf 90' lang='lat' dir='ltr'><strong>qui</strong></span> 
     </span>
    </p>
   </div>
   <div class='ocr_carea' id='block_1_55' title="bbox 455 4044 2060 4118">
    <p class='ocr_par' dir='ltr' id='par_1_55' title="bbox 455 4044 2060 4118">
     <span class='ocr_line' id='line_1_55' title="bbox 455 4044 2060 4118; baseline 0.006 -17"><span class='ocrx_word' id='word_1_386' title='bbox 455 4047 620 4101; x_wconf 86' lang='lat' dir='ltr'><strong>etiam</strong></span> <span class='ocrx_word' id='word_1_387' title='bbox 665 4044 927 4116; x_wconf 81' lang='lat' dir='ltr'><strong>(excepto</strong></span> <span class='ocrx_word' id='word_1_388' title='bbox 960 4045 1238 4118; x_wconf 87' lang='lat' dir='ltr'><strong>Evodio),</strong></span> <span class='ocrx_word' id='word_1_389' title='bbox 1269 4058 1326 4104; x_wconf 91' lang='lat' dir='ltr'><strong>ut</strong></span> <span class='ocrx_word' id='word_1_390' title='bbox 1356 4065 1476 4104; x_wconf 91' lang='lat' dir='ltr'><strong>cum</strong></span> <span class='ocrx_word' id='word_1_391' title='bbox 1509 4051 1806 4110; x_wconf 91' lang='lat' dir='ltr'><strong>Donatistis</strong></span> <span class='ocrx_word' id='word_1_392' title='bbox 1844 4055 1896 4108; x_wconf 93' lang='lat' dir='ltr'><strong>in</strong></span> <span class='ocrx_word' id='word_1_393' title='bbox 1937 4057 2060 4110; x_wconf 91' lang='lat' dir='ltr'><strong>Col-</strong></span> 
     </span>
    </p>
   </div>
   <div class='ocr_carea' id='block_1_56' title="bbox 467 4135 2059 4205">
    <p class='ocr_par' dir='ltr' id='par_1_56' title="bbox 467 4135 2059 4205">
     <span class='ocr_line' id='line_1_56' title="bbox 467 4135 2059 4205; baseline 0.008 -14"><span class='ocrx_word' id='word_1_394' title='bbox 467 4135 672 4191; x_wconf 88' lang='lat' dir='ltr'><strong>latione</strong></span> <span class='ocrx_word' id='word_1_395' title='bbox 711 4139 1204 4205; x_wconf 79' lang='lat' dir='ltr'><strong>committerentur,</strong></span> <span class='ocrx_word' id='word_1_396' title='bbox 1236 4141 1421 4195; x_wconf 87' lang='lat' dir='ltr'><strong>selecti</strong></span> <span class='ocrx_word' id='word_1_397' title='bbox 1453 4142 1685 4198; x_wconf 80' lang='lat' dir='ltr'><strong>fuerant.</strong></span> <span class='ocrx_word' id='word_1_398' title='bbox 1740 4145 1834 4201; x_wconf 88' lang='lat' dir='ltr'><strong>Est</strong></span> <span class='ocrx_word' id='word_1_399' title='bbox 1880 4157 2059 4203; x_wconf 88' lang='lat' dir='ltr'><strong>autem</strong></span> 
     </span>
    </p>
   </div>
   <div class='ocr_carea' id='block_1_57' title="bbox 461 4228 2058 4308">
    <p class='ocr_par' dir='ltr' id='par_1_57' title="bbox 461 4228 2058 4308">
     <span class='ocr_line' id='line_1_57' title="bbox 461 4228 2058 4308; baseline 0.008 -25"><span class='ocrx_word' id='word_1_400' title='bbox 461 4228 853 4295; x_wconf 84' lang='lat' dir='ltr'><strong>memorabile,</strong></span> <span class='ocrx_word' id='word_1_401' title='bbox 896 4229 1036 4298; x_wconf 89' lang='lat' dir='ltr'><strong>quod</strong></span> <span class='ocrx_word' id='word_1_402' title='bbox 1078 4230 1409 4301; x_wconf 82' lang='lat' dir='ltr'><strong>Augustinus</strong></span> <span class='ocrx_word' id='word_1_403' title='bbox 1451 4235 1502 4288; x_wconf 93' lang='lat' dir='ltr'><strong>in</strong></span> <span class='ocrx_word' id='word_1_404' title='bbox 1544 4237 1703 4306; x_wconf 86' lang='lat' dir='ltr'><strong>epist.</strong></span> <span class='ocrx_word' id='word_1_405' title='bbox 1737 4254 1806 4294; x_wconf 81' lang='lat' dir='ltr'><strong>cx</strong></span> <span class='ocrx_word' id='word_1_406' title='bbox 1839 4249 2058 4308; x_wconf 90' lang='lat' dir='ltr'><strong>narrat,</strong></span> 
     </span>
    </p>
   </div>
   <div class='ocr_carea' id='block_1_58' title="bbox 463 4319 2062 4400">
    <p class='ocr_par' dir='ltr' id='par_1_58' title="bbox 463 4319 2062 4400">
     <span class='ocr_line' id='line_1_58' title="bbox 463 4319 2062 4400; baseline 0.008 -25"><span class='ocrx_word' id='word_1_407' title='bbox 463 4319 678 4376; x_wconf 88' lang='lat' dir='ltr'><strong>duobus</strong></span> <span class='ocrx_word' id='word_1_408' title='bbox 727 4321 973 4376; x_wconf 81' lang='lat' dir='ltr'><strong>conciliis</strong></span> <span class='ocrx_word' id='word_1_409' title='bbox 1026 4320 1288 4378; x_wconf 78' lang='lat' dir='ltr'><strong>Numidia:</strong></span> <span class='ocrx_word' id='word_1_410' title='bbox 1339 4334 1394 4380; x_wconf 94' lang='lat' dir='ltr'><strong>et</strong></span> <span class='ocrx_word' id='word_1_411' title='bbox 1441 4325 1824 4400; x_wconf 85' lang='lat' dir='ltr'><strong>Carthaginis,</strong></span> <span class='ocrx_word' id='word_1_412' title='bbox 1877 4349 2062 4388; x_wconf 89' lang='lat' dir='ltr'><strong>curam</strong></span> 
     </span>
    </p>
   </div>
   <div class='ocr_carea' id='block_1_59' title="bbox 463 4413 2066 4489">
    <p class='ocr_par' dir='ltr' id='par_1_59' title="bbox 463 4413 2066 4489">
     <span class='ocr_line' id='line_1_59' title="bbox 463 4413 2066 4489; baseline 0.009 -23"><span class='ocrx_word' id='word_1_413' title='bbox 463 4413 858 4481; x_wconf 87' lang='lat' dir='ltr'><strong>scripturarum</strong></span> <span class='ocrx_word' id='word_1_414' title='bbox 898 4413 1002 4469; x_wconf 90' lang='lat' dir='ltr'><strong>sibi</strong></span> <span class='ocrx_word' id='word_1_415' title='bbox 1041 4413 1110 4470; x_wconf 89' lang='lat' dir='ltr'><strong>ab</strong></span> <span class='ocrx_word' id='word_1_416' title='bbox 1148 4415 1418 4486; x_wconf 87' lang='lat' dir='ltr'><strong>episcopis</strong></span> <span class='ocrx_word' id='word_1_417' title='bbox 1449 4418 1751 4489; x_wconf 84' lang='lat' dir='ltr'><strong>impositam</strong></span> <span class='ocrx_word' id='word_1_418' title='bbox 1782 4439 1923 4478; x_wconf 90' lang='lat' dir='ltr'><strong>esse.</strong></span> <span class='ocrx_word' id='word_1_419' title='bbox 1962 4424 2066 4479; x_wconf 87' lang='lat' dir='ltr'><strong>Un-</strong></span> 
     </span>
    </p>
   </div>
   <div class='ocr_carea' id='block_1_60' title="bbox 466 4503 2066 4574">
    <p class='ocr_par' dir='ltr' id='par_1_60' title="bbox 466 4503 2066 4574">
     <span class='ocr_line' id='line_1_60' title="bbox 466 4503 2066 4574; baseline 0.007 -14"><span class='ocrx_word' id='word_1_420' title='bbox 466 4503 536 4560; x_wconf 89' lang='lat' dir='ltr'><strong>de</strong></span> <span class='ocrx_word' id='word_1_421' title='bbox 573 4505 848 4574; x_wconf 85' lang='lat' dir='ltr'><strong>conjicere</strong></span> <span class='ocrx_word' id='word_1_422' title='bbox 888 4506 1048 4572; x_wconf 92' lang='lat' dir='ltr'><strong>licet,</strong></span> <span class='ocrx_word' id='word_1_423' title='bbox 1091 4507 1277 4574; x_wconf 86' lang='lat' dir='ltr'><strong>quanti</strong></span> <span class='ocrx_word' id='word_1_424' title='bbox 1317 4516 1428 4562; x_wconf 92' lang='lat' dir='ltr'><strong>tum</strong></span> <span class='ocrx_word' id='word_1_425' title='bbox 1472 4508 1627 4566; x_wconf 85' lang='lat' dir='ltr'><strong>ﬁeret</strong></span> <span class='ocrx_word' id='word_1_426' title='bbox 1666 4512 1755 4568; x_wconf 92' lang='lat' dir='ltr'><strong>hic</strong></span> <span class='ocrx_word' id='word_1_427' title='bbox 1802 4516 2066 4571; x_wconf 84' lang='lat' dir='ltr'><strong>antistes:</strong></span> 
     </span>
    </p>
   </div>
   <div class='ocr_carea' id='block_1_61' title="bbox 2122 1914 3724 1986">
    <p class='ocr_par' dir='ltr' id='par_1_61' title="bbox 2122 1914 3724 1986">
     <span class='ocr_line' id='line_1_61' title="bbox 2122 1914 3724 1986; baseline -0.003 -15"><span class='ocrx_word' id='word_1_428' title='bbox 2122 1931 2299 1984; x_wconf 77' lang='lat' dir='ltr'><strong>neque</strong></span> <span class='ocrx_word' id='word_1_429' title='bbox 2348 1916 2633 1986; x_wconf 84' lang='lat' dir='ltr'><strong>quicquam</strong></span> <span class='ocrx_word' id='word_1_430' title='bbox 2685 1915 3044 1985; x_wconf 74' lang='lat' dir='ltr'><strong>distinguunt,</strong></span> <span class='ocrx_word' id='word_1_431' title='bbox 3097 1915 3265 1968; x_wconf 89' lang='lat' dir='ltr'><strong>multa</strong></span> <span class='ocrx_word' id='word_1_432' title='bbox 3314 1914 3564 1984; x_wconf 90' lang='lat' dir='ltr'><strong>imperite</strong></span> <span class='ocrx_word' id='word_1_433' title='bbox 3593 1914 3724 1968; x_wconf 92' lang='lat' dir='ltr'><strong>mis-</strong></span> 
     </span>
    </p>
   </div>
   <div class='ocr_carea' id='block_1_62' title="bbox 2121 2007 3719 2076">
    <p class='ocr_par' dir='ltr' id='par_1_62' title="bbox 2121 2007 3719 2076">
     <span class='ocr_line' id='line_1_62' title="bbox 2121 2007 3719 2076; baseline -0.003 -12"><span class='ocrx_word' id='word_1_434' title='bbox 2121 2018 2248 2064; x_wconf 90' lang='lat' dir='ltr'><strong>cent</strong></span> <span class='ocrx_word' id='word_1_435' title='bbox 2290 2025 2408 2076; x_wconf 80' lang='lat' dir='ltr'><strong>qua:</strong></span> <span class='ocrx_word' id='word_1_436' title='bbox 2450 2009 2804 2064; x_wconf 87' lang='lat' dir='ltr'><strong>discernenda</strong></span> <span class='ocrx_word' id='word_1_437' title='bbox 2846 2018 3003 2076; x_wconf 86' lang='lat' dir='ltr'><strong>sunt,</strong></span> <span class='ocrx_word' id='word_1_438' title='bbox 3040 2019 3095 2064; x_wconf 93' lang='lat' dir='ltr'><strong>et</strong></span> <span class='ocrx_word' id='word_1_439' title='bbox 3149 2007 3432 2064; x_wconf 90' lang='lat' dir='ltr'><strong>credulum</strong></span> <span class='ocrx_word' id='word_1_440' title='bbox 3466 2007 3719 2062; x_wconf 85' lang='lat' dir='ltr'><strong>lectorem</strong></span> 
     </span>
    </p>
   </div>
   <div class='ocr_carea' id='block_1_63' title="bbox 2122 2101 2514 2171">
    <p class='ocr_par' dir='ltr' id='par_1_63' title="bbox 2122 2101 2514 2171">
     <span class='ocr_line' id='line_1_63' title="bbox 2122 2101 2514 2171; baseline -0.008 -14"><span class='ocrx_word' id='word_1_441' title='bbox 2122 2117 2267 2171; x_wconf 69' lang='lat' dir='ltr'><strong>saspe</strong></span> <span class='ocrx_word' id='word_1_442' title='bbox 2300 2101 2514 2157; x_wconf 86' lang='lat' dir='ltr'><strong>fallunt.</strong></span> 
     </span>
    </p>
   </div>
   <div class='ocr_carea' id='block_1_64' title="bbox 2199 2191 3720 2264">
    <p class='ocr_par' dir='ltr' id='par_1_64' title="bbox 2199 2191 3720 2264">
     <span class='ocr_line' id='line_1_64' title="bbox 2199 2191 3720 2264; baseline -0.001 -16"><span class='ocrx_word' id='word_1_443' title='bbox 2199 2194 2436 2264; x_wconf 84' lang='lat' dir='ltr'><strong>ProSpcr</strong></span> <span class='ocrx_word' id='word_1_444' title='bbox 2477 2204 2701 2249; x_wconf 90' lang='lat' dir='ltr'><strong>annotat</strong></span> <span class='ocrx_word' id='word_1_445' title='bbox 2741 2193 3030 2248; x_wconf 89' lang='lat' dir='ltr'><strong>concilium</strong></span> <span class='ocrx_word' id='word_1_446' title='bbox 3073 2192 3492 2262; x_wconf 85' lang='lat' dir='ltr'><strong>Carthagiucnse</strong></span> <span class='ocrx_word' id='word_1_447' title='bbox 3519 2191 3586 2244; x_wconf 92' lang='lat' dir='ltr'><strong>ad</strong></span> <span class='ocrx_word' id='word_1_448' title='bbox 3615 2192 3720 2246; x_wconf 84' lang='lat' dir='ltr'><strong>Zo-</strong></span> 
     </span>
    </p>
   </div>
   <div class='ocr_carea' id='block_1_65' title="bbox 2127 2286 3719 2357">
    <p class='ocr_par' dir='ltr' id='par_1_65' title="bbox 2127 2286 3719 2357">
     <span class='ocr_line' id='line_1_65' title="bbox 2127 2286 3719 2357; baseline -0.004 -15"><span class='ocrx_word' id='word_1_449' title='bbox 2127 2287 2324 2342; x_wconf 90' lang='lat' dir='ltr'><strong>simum</strong></span> <span class='ocrx_word' id='word_1_450' title='bbox 2344 2287 2632 2357; x_wconf 89' lang='lat' dir='ltr'><strong>scripsisse</strong></span> <span class='ocrx_word' id='word_1_451' title='bbox 2662 2287 2901 2342; x_wconf 84' lang='lat' dir='ltr'><strong>Honorio</strong></span> <span class='ocrx_word' id='word_1_452' title='bbox 2927 2303 2996 2342; x_wconf 67' lang='grc' dir='ltr'>χιι</span> <span class='ocrx_word' id='word_1_453' title='bbox 3028 2297 3082 2341; x_wconf 90' lang='lat' dir='ltr'><strong>et</strong></span> <span class='ocrx_word' id='word_1_454' title='bbox 3115 2286 3423 2341; x_wconf 88' lang='lat' dir='ltr'><strong>Theodosio</strong></span> <span class='ocrx_word' id='word_1_455' title='bbox 3457 2303 3542 2340; x_wconf 84' lang='lat' dir='ltr'><strong>vIn</strong></span> <span class='ocrx_word' id='word_1_456' title='bbox 3570 2300 3719 2340; x_wconf 84' lang='lat' dir='ltr'><strong>coss.</strong></span> 
     </span>
    </p>
   </div>
   <div class='ocr_carea' id='block_1_66' title="bbox 2127 2377 3726 2445">
    <p class='ocr_par' dir='ltr' id='par_1_66' title="bbox 2127 2377 3726 2445">
     <span class='ocr_line' id='line_1_66' title="bbox 2127 2377 3726 2445; baseline -0.002 -12"><span class='ocrx_word' id='word_1_457' title='bbox 2127 2394 2271 2434; x_wconf 83' lang='lat' dir='ltr'><strong>anno</strong></span> <span class='ocrx_word' id='word_1_458' title='bbox 2299 2379 2500 2434; x_wconf 75' lang='lat' dir='ltr'><strong>Christi</strong></span> <span class='ocrx_word' id='word_1_459' title='bbox 2534 2379 2659 2434; x_wconf 61' lang='grc'><strong>4⁸20.</strong></span> <span class='ocrx_word' id='word_1_460' title='bbox 2694 2378 2826 2434; x_wconf 89' lang='lat' dir='ltr'><strong>Aeta</strong></span> <span class='ocrx_word' id='word_1_461' title='bbox 2858 2378 3092 2433; x_wconf 87' lang='lat' dir='ltr'><strong>iudicant</strong></span> <span class='ocrx_word' id='word_1_462' title='bbox 3113 2421 3128 2445; x_wconf 95' lang='lat'><strong>,</strong></span> <span class='ocrx_word' id='word_1_463' title='bbox 3156 2377 3224 2432; x_wconf 87' lang='lat' dir='ltr'><strong>iis</strong></span> <span class='ocrx_word' id='word_1_464' title='bbox 3255 2393 3398 2432; x_wconf 88' lang='lat' dir='ltr'><strong>coss.</strong></span> <span class='ocrx_word' id='word_1_465' title='bbox 3428 2378 3480 2431; x_wconf 91' lang='lat' dir='ltr'><strong>in</strong></span> <span class='ocrx_word' id='word_1_466' title='bbox 3509 2391 3574 2431; x_wconf 90' lang='lat' dir='ltr'><strong>eo</strong></span> <span class='ocrx_word' id='word_1_467' title='bbox 3597 2391 3726 2430; x_wconf 54' lang='lat' dir='ltr'><strong>oon.</strong></span> 
     </span>
    </p>
   </div>
   <div class='ocr_carea' id='block_1_67' title="bbox 2129 2471 3725 2543">
    <p class='ocr_par' dir='ltr' id='par_1_67' title="bbox 2129 2471 3725 2543">
     <span class='ocr_line' id='line_1_67' title="bbox 2129 2471 3725 2543; baseline -0.002 -17"><span class='ocrx_word' id='word_1_468' title='bbox 2129 2474 2258 2526; x_wconf 90' lang='lat' dir='ltr'><strong>cilio</strong></span> <span class='ocrx_word' id='word_1_469' title='bbox 2300 2474 2698 2543; x_wconf 84' lang='lat' dir='ltr'><strong>pronuntiatum</strong></span> <span class='ocrx_word' id='word_1_470' title='bbox 2743 2473 2908 2527; x_wconf 88' lang='lat' dir='ltr'><strong>fuisse</strong></span> <span class='ocrx_word' id='word_1_471' title='bbox 2946 2481 3134 2527; x_wconf 84' lang='lat' dir='ltr'><strong>c0ntra</strong></span> <span class='ocrx_word' id='word_1_472' title='bbox 3174 2471 3518 2539; x_wconf 83' lang='lat' dir='ltr'><strong>Pelagianam</strong></span> <span class='ocrx_word' id='word_1_473' title='bbox 3551 2471 3725 2524; x_wconf 75' lang='lat' dir='ltr'><strong>luere-</strong></span> 
     </span>
    </p>
   </div>
   <div class='ocr_carea' id='block_1_68' title="bbox 2133 2565 3726 2637">
    <p class='ocr_par' dir='ltr' id='par_1_68' title="bbox 2133 2565 3726 2637">
     <span class='ocr_line' id='line_1_68' title="bbox 2133 2565 3726 2637; baseline -0.001 -17"><span class='ocrx_word' id='word_1_474' title='bbox 2133 2567 2266 2631; x_wconf 89' lang='lat' dir='ltr'><strong>sitn,</strong></span> <span class='ocrx_word' id='word_1_475' title='bbox 2295 2576 2351 2621; x_wconf 90' lang='lat' dir='ltr'><strong>et</strong></span> <span class='ocrx_word' id='word_1_476' title='bbox 2373 2566 2736 2636; x_wconf 86' lang='lat' dir='ltr'><strong>Augustinum</strong></span> <span class='ocrx_word' id='word_1_477' title='bbox 2768 2566 3078 2621; x_wconf 78' lang='lat' dir='ltr'><strong>interfuisse</strong></span> <span class='ocrx_word' id='word_1_478' title='bbox 3103 2565 3432 2637; x_wconf 81' lang='lat' dir='ltr'><strong>signiﬁcant.</strong></span> <span class='ocrx_word' id='word_1_479' title='bbox 3460 2565 3726 2620; x_wconf 65' lang='lat' dir='ltr'><strong>(laterum</strong></span> 
     </span>
    </p>
   </div>
   <div class='ocr_carea' id='block_1_69' title="bbox 2134 2657 3726 2728">
    <p class='ocr_par' dir='ltr' id='par_1_69' title="bbox 2134 2657 3726 2728">
     <span class='ocr_line' id='line_1_69' title="bbox 2134 2657 3726 2728; baseline -0.003 -15"><span class='ocrx_word' id='word_1_480' title='bbox 2134 2659 2251 2728; x_wconf 90' lang='lat' dir='ltr'><strong>ipse</strong></span> <span class='ocrx_word' id='word_1_481' title='bbox 2283 2657 2620 2728; x_wconf 86' lang='lat' dir='ltr'><strong>Augustinus</strong></span> <span class='ocrx_word' id='word_1_482' title='bbox 2648 2669 2834 2712; x_wconf 86' lang='lat' dir='ltr'><strong>narrat</strong></span> <span class='ocrx_word' id='word_1_483' title='bbox 2861 2673 2981 2713; x_wconf 89' lang='lat' dir='ltr'><strong>sese</strong></span> <span class='ocrx_word' id='word_1_484' title='bbox 3005 2658 3199 2714; x_wconf 90' lang='lat' dir='ltr'><strong>iisdem</strong></span> <span class='ocrx_word' id='word_1_485' title='bbox 3227 2673 3374 2714; x_wconf 89' lang='lat' dir='ltr'><strong>coss.</strong></span> <span class='ocrx_word' id='word_1_486' title='bbox 3404 2673 3483 2712; x_wconf 74' lang='lat' dir='ltr'><strong>XII</strong></span> <span class='ocrx_word' id='word_1_487' title='bbox 3508 2657 3726 2712; x_wconf 82' lang='lat' dir='ltr'><strong>kalend.</strong></span> 
     </span>
    </p>
   </div>
   <div class='ocr_carea' id='block_1_70' title="bbox 2136 2749 3733 2820">
    <p class='ocr_par' dir='ltr' id='par_1_70' title="bbox 2136 2749 3733 2820">
     <span class='ocr_line' id='line_1_70' title="bbox 2136 2749 3733 2820; baseline 0 -16"><span class='ocrx_word' id='word_1_488' title='bbox 2136 2749 2384 2804; x_wconf 83' lang='lat' dir='ltr'><strong>Octobris</strong></span> <span class='ocrx_word' id='word_1_489' title='bbox 2435 2751 2698 2804; x_wconf 71' lang='lat' dir='ltr'><strong>thsarea:</strong></span> <span class='ocrx_word' id='word_1_490' title='bbox 2747 2751 2800 2803; x_wconf 94' lang='lat' dir='ltr'><strong>in</strong></span> <span class='ocrx_word' id='word_1_491' title='bbox 2844 2749 3163 2804; x_wconf 87' lang='lat' dir='ltr'><strong>Mauritania</strong></span> <span class='ocrx_word' id='word_1_492' title='bbox 3208 2763 3564 2820; x_wconf 88' lang='lat' dir='ltr'><strong>congressum</strong></span> <span class='ocrx_word' id='word_1_493' title='bbox 3609 2762 3733 2804; x_wconf 86' lang='lat' dir='ltr'><strong>esse</strong></span> 
     </span>
    </p>
   </div>
   <div class='ocr_carea' id='block_1_71' title="bbox 2136 2841 3737 2913">
    <p class='ocr_par' dir='ltr' id='par_1_71' title="bbox 2136 2841 3737 2913">
     <span class='ocr_line' id='line_1_71' title="bbox 2136 2841 3737 2913; baseline -0.001 -17"><span class='ocrx_word' id='word_1_494' title='bbox 2136 2856 2260 2896; x_wconf 93' lang='lat' dir='ltr'><strong>cum</strong></span> <span class='ocrx_word' id='word_1_495' title='bbox 2298 2842 2534 2896; x_wconf 86' lang='lat' dir='ltr'><strong>Emerito</strong></span> <span class='ocrx_word' id='word_1_496' title='bbox 2570 2841 2875 2904; x_wconf 78' lang='lat' dir='ltr'><strong>Donatista,</strong></span> <span class='ocrx_word' id='word_1_497' title='bbox 2911 2852 2965 2896; x_wconf 89' lang='lat' dir='ltr'><strong>et</strong></span> <span class='ocrx_word' id='word_1_498' title='bbox 3005 2842 3451 2913; x_wconf 87' lang='lat' dir='ltr'><strong>Carthaginensis</strong></span> <span class='ocrx_word' id='word_1_499' title='bbox 3480 2856 3602 2897; x_wconf 91' lang='lat' dir='ltr'><strong>cum</strong></span> <span class='ocrx_word' id='word_1_500' title='bbox 3633 2841 3737 2895; x_wconf 88' lang='lat' dir='ltr'><strong>Do-</strong></span> 
     </span>
    </p>
   </div>
   <div class='ocr_carea' id='block_1_72' title="bbox 2140 2933 3739 3004">
    <p class='ocr_par' dir='ltr' id='par_1_72' title="bbox 2140 2933 3739 3004">
     <span class='ocr_line' id='line_1_72' title="bbox 2140 2933 3739 3004; baseline 0 -17"><span class='ocrx_word' id='word_1_501' title='bbox 2140 2933 2354 2988; x_wconf 88' lang='lat' dir='ltr'><strong>natistis</strong></span> <span class='ocrx_word' id='word_1_502' title='bbox 2393 2933 2712 2988; x_wconf 86' lang='lat' dir='ltr'><strong>Collationis</strong></span> <span class='ocrx_word' id='word_1_503' title='bbox 2745 2934 3010 3004; x_wconf 87' lang='lat' dir='ltr'><strong>judicium</strong></span> <span class='ocrx_word' id='word_1_504' title='bbox 3051 2935 3385 2990; x_wconf 90' lang='lat' dir='ltr'><strong>defendisse.</strong></span> <span class='ocrx_word' id='word_1_505' title='bbox 3423 2935 3571 2989; x_wconf 86' lang='lat' dir='ltr'><strong>Adeo</strong></span> <span class='ocrx_word' id='word_1_506' title='bbox 3602 2934 3739 2988; x_wconf 89' lang='lat' dir='ltr'><strong>nihil</strong></span> 
     </span>
    </p>
   </div>
   <div class='ocr_carea' id='block_1_73' title="bbox 2144 3026 3744 3098">
    <p class='ocr_par' dir='ltr' id='par_1_73' title="bbox 2144 3026 3744 3098">
     <span class='ocr_line' id='line_1_73' title="bbox 2144 3026 3744 3098; baseline 0 -16"><span class='ocrx_word' id='word_1_507' title='bbox 2144 3044 2250 3082; x_wconf 88' lang='lat' dir='ltr'><strong>non</strong></span> <span class='ocrx_word' id='word_1_508' title='bbox 2283 3036 2337 3082; x_wconf 87' lang='lat' dir='ltr'><strong>et</strong></span> <span class='ocrx_word' id='word_1_509' title='bbox 2369 3026 2599 3082; x_wconf 75' lang='lat' dir='ltr'><strong>faciebat</strong></span> <span class='ocrx_word' id='word_1_510' title='bbox 2627 3037 2681 3080; x_wconf 90' lang='lat' dir='ltr'><strong>et</strong></span> <span class='ocrx_word' id='word_1_511' title='bbox 2705 3028 2994 3096; x_wconf 72' lang='lat' dir='ltr'><strong>prtestahat</strong></span> <span class='ocrx_word' id='word_1_512' title='bbox 3015 3028 3252 3098; x_wconf 90' lang='lat' dir='ltr'><strong>optimus</strong></span> <span class='ocrx_word' id='word_1_513' title='bbox 3271 3029 3525 3092; x_wconf 80' lang='lat' dir='ltr'><strong>antistes,</strong></span> <span class='ocrx_word' id='word_1_514' title='bbox 3549 3027 3618 3083; x_wconf 90' lang='lat' dir='ltr'><strong>de</strong></span> <span class='ocrx_word' id='word_1_515' title='bbox 3643 3027 3744 3082; x_wconf 82' lang='lat' dir='ltr'><strong>Ec-</strong></span> 
     </span>
    </p>
   </div>
   <div class='ocr_carea' id='block_1_74' title="bbox 2145 3120 2856 3176">
    <p class='ocr_par' dir='ltr' id='par_1_74' title="bbox 2145 3120 2856 3176">
     <span class='ocr_line' id='line_1_74' title="bbox 2145 3120 2856 3176; baseline -0.003 0"><span class='ocrx_word' id='word_1_516' title='bbox 2145 3121 2327 3176; x_wconf 77' lang='lat' dir='ltr'><strong>clesia:</strong></span> <span class='ocrx_word' id='word_1_517' title='bbox 2357 3121 2533 3176; x_wconf 80' lang='lat' dir='ltr'><strong>Salute</strong></span> <span class='ocrx_word' id='word_1_518' title='bbox 2565 3120 2856 3175; x_wconf 76' lang='lat' dir='ltr'><strong>Sollicitus.</strong></span> 
     </span>
    </p>
   </div>
   <div class='ocr_carea' id='block_1_75' title="bbox 2223 3213 3745 3285">
    <p class='ocr_par' dir='ltr' id='par_1_75' title="bbox 2223 3213 3745 3285">
     <span class='ocr_line' id='line_1_75' title="bbox 2223 3213 3745 3285; baseline 0.002 -18"><span class='ocrx_word' id='word_1_519' title='bbox 2223 3215 2390 3268; x_wconf 87' lang='lat' dir='ltr'><strong>Porro</strong></span> <span class='ocrx_word' id='word_1_520' title='bbox 2416 3213 2482 3267; x_wconf 91' lang='lat' dir='ltr'><strong>ad</strong></span> <span class='ocrx_word' id='word_1_521' title='bbox 2512 3213 2790 3268; x_wconf 87' lang='lat' dir='ltr'><strong>Zosimum</strong></span> <span class='ocrx_word' id='word_1_522' title='bbox 2818 3229 2884 3269; x_wconf 76' lang='lat' dir='ltr'><strong>ex</strong></span> <span class='ocrx_word' id='word_1_523' title='bbox 2914 3213 3168 3268; x_wconf 85' lang='lat' dir='ltr'><strong>Africano</strong></span> <span class='ocrx_word' id='word_1_524' title='bbox 3195 3216 3434 3270; x_wconf 89' lang='lat' dir='ltr'><strong>concilio</strong></span> <span class='ocrx_word' id='word_1_525' title='bbox 3462 3215 3745 3285; x_wconf 91' lang='lat' dir='ltr'><strong>scriptum,</strong></span> 
     </span>
    </p>
   </div>
   <div class='ocr_carea' id='block_1_76' title="bbox 2146 3307 3753 3375">
    <p class='ocr_par' dir='ltr' id='par_1_76' title="bbox 2146 3307 3753 3375">
     <span class='ocr_line' id='line_1_76' title="bbox 2146 3307 3753 3375; baseline 0 -13"><span class='ocrx_word' id='word_1_526' title='bbox 2146 3317 2202 3362; x_wconf 90' lang='lat' dir='ltr'><strong>et</strong></span> <span class='ocrx_word' id='word_1_527' title='bbox 2247 3323 2276 3362; x_wconf 90' lang='lat' dir='ltr'><strong>a</strong></span> <span class='ocrx_word' id='word_1_528' title='bbox 2323 3307 2544 3363; x_wconf 86' lang='lat' dir='ltr'><strong>Zosimo</strong></span> <span class='ocrx_word' id='word_1_529' title='bbox 2591 3307 2913 3375; x_wconf 87' lang='lat' dir='ltr'><strong>rescriptum</strong></span> <span class='ocrx_word' id='word_1_530' title='bbox 2960 3307 3023 3361; x_wconf 88' lang='lat' dir='ltr'><strong>ad</strong></span> <span class='ocrx_word' id='word_1_531' title='bbox 3073 3309 3359 3363; x_wconf 78' lang='lat' dir='ltr'><strong>universos</strong></span> <span class='ocrx_word' id='word_1_532' title='bbox 3404 3310 3573 3364; x_wconf 91' lang='lat' dir='ltr'><strong>totius</strong></span> <span class='ocrx_word' id='word_1_533' title='bbox 3602 3310 3753 3363; x_wconf 86' lang='lat' dir='ltr'><strong>orbis</strong></span> 
     </span>
    </p>
   </div>
   <div class='ocr_carea' id='block_1_77' title="bbox 2147 3401 3756 3473">
    <p class='ocr_par' dir='ltr' id='par_1_77' title="bbox 2147 3401 3756 3473">
     <span class='ocr_line' id='line_1_77' title="bbox 2147 3401 3756 3473; baseline 0 -18"><span class='ocrx_word' id='word_1_534' title='bbox 2147 3403 2436 3472; x_wconf 89' lang='lat' dir='ltr'><strong>episcopos</strong></span> <span class='ocrx_word' id='word_1_535' title='bbox 2469 3401 2632 3457; x_wconf 55' lang='lat' dir='ltr'><strong>fuisse</strong></span> <span class='ocrx_word' id='word_1_536' title='bbox 2660 3404 2736 3456; x_wconf 88' lang='lat' dir='ltr'><strong>ait</strong></span> <span class='ocrx_word' id='word_1_537' title='bbox 2764 3401 2993 3473; x_wconf 87' lang='lat' dir='ltr'><strong>August.</strong></span> <span class='ocrx_word' id='word_1_538' title='bbox 3026 3402 3254 3472; x_wconf 89' lang='lat' dir='ltr'><strong>epistola</strong></span> <span class='ocrx_word' id='word_1_539' title='bbox 3293 3419 3463 3457; x_wconf 80' lang='lat' dir='ltr'><strong>vaII.</strong></span> <span class='ocrx_word' id='word_1_540' title='bbox 3497 3402 3606 3457; x_wconf 89' lang='lat' dir='ltr'><strong>Sed</strong></span> <span class='ocrx_word' id='word_1_541' title='bbox 3638 3403 3756 3472; x_wconf 86' lang='lat' dir='ltr'><strong>ejus</strong></span> 
     </span>
    </p>
   </div>
   <div class='ocr_carea' id='block_1_78' title="bbox 2151 3495 3761 3566">
    <p class='ocr_par' dir='ltr' id='par_1_78' title="bbox 2151 3495 3761 3566">
     <span class='ocr_line' id='line_1_78' title="bbox 2151 3495 3761 3566; baseline 0 -17"><span class='ocrx_word' id='word_1_542' title='bbox 2151 3497 2339 3566; x_wconf 85' lang='lat' dir='ltr'><strong>scripti</strong></span> <span class='ocrx_word' id='word_1_543' title='bbox 2371 3497 2690 3564; x_wconf 82' lang='lat' dir='ltr'><strong>rescriptive</strong></span> <span class='ocrx_word' id='word_1_544' title='bbox 2719 3495 2852 3550; x_wconf 93' lang='lat' dir='ltr'><strong>nihil</strong></span> <span class='ocrx_word' id='word_1_545' title='bbox 2887 3505 3051 3550; x_wconf 81' lang='lat' dir='ltr'><strong>extat.</strong></span> <span class='ocrx_word' id='word_1_546' title='bbox 3082 3495 3248 3550; x_wconf 89' lang='lat' dir='ltr'><strong>Addit</strong></span> <span class='ocrx_word' id='word_1_547' title='bbox 3275 3497 3657 3565; x_wconf 88' lang='lat' dir='ltr'><strong>Augustinus:</strong></span> <span class='ocrx_word' id='word_1_548' title='bbox 3694 3495 3761 3550; x_wconf 85' lang='lat' dir='ltr'><strong>Et</strong></span> 
     </span>
    </p>
   </div>
   <div class='ocr_carea' id='block_1_79' title="bbox 2151 3590 3762 3662">
    <p class='ocr_par' dir='ltr' id='par_1_79' title="bbox 2151 3590 3762 3662">
     <span class='ocr_line' id='line_1_79' title="bbox 2151 3590 3762 3662; baseline -0.002 -18"><span class='ocrx_word' id='word_1_549' title='bbox 2151 3593 2289 3659; x_wconf 86' lang='lat' dir='ltr'><strong>quod</strong></span> <span class='ocrx_word' id='word_1_550' title='bbox 2314 3592 2583 3662; x_wconf 78' lang='lat' dir='ltr'><strong>posteriori</strong></span> <span class='ocrx_word' id='word_1_551' title='bbox 2616 3591 2835 3643; x_wconf 78' lang='lat' dir='ltr'><strong>concilio</strong></span> <span class='ocrx_word' id='word_1_552' title='bbox 2867 3592 3100 3660; x_wconf 85' lang='lat' dir='ltr'><strong>plenario</strong></span> <span class='ocrx_word' id='word_1_553' title='bbox 3142 3591 3299 3644; x_wconf 84' lang='lat' dir='ltr'><strong>totius</strong></span> <span class='ocrx_word' id='word_1_554' title='bbox 3341 3590 3539 3660; x_wconf 73' lang='lat' dir='ltr'><strong>Africa:</strong></span> <span class='ocrx_word' id='word_1_555' title='bbox 3578 3600 3762 3644; x_wconf 81' lang='lat' dir='ltr'><strong>contra</strong></span> 
     </span>
    </p>
   </div>
   <div class='ocr_carea' id='block_1_80' title="bbox 2151 3681 3767 3754">
    <p class='ocr_par' dir='ltr' id='par_1_80' title="bbox 2151 3681 3767 3754">
     <span class='ocr_line' id='line_1_80' title="bbox 2151 3681 3767 3754; baseline -0.001 -18"><span class='ocrx_word' id='word_1_556' title='bbox 2151 3699 2377 3737; x_wconf 86' lang='lat' dir='ltr'><strong>errorem</strong></span> <span class='ocrx_word' id='word_1_557' title='bbox 2412 3681 2616 3754; x_wconf 85' lang='lat' dir='ltr'><strong>Pelagii</strong></span> <span class='ocrx_word' id='word_1_558' title='bbox 2644 3683 2858 3737; x_wconf 84' lang='lat' dir='ltr'><strong>breviter</strong></span> <span class='ocrx_word' id='word_1_559' title='bbox 2885 3685 3259 3737; x_wconf 82' lang='lat' dir='ltr'><strong>constituimus.</strong></span> <span class='ocrx_word' id='word_1_560' title='bbox 3294 3682 3400 3737; x_wconf 85' lang='lat' dir='ltr'><strong>Sed</strong></span> <span class='ocrx_word' id='word_1_561' title='bbox 3447 3682 3580 3736; x_wconf 86' lang='lat' dir='ltr'><strong>nihil</strong></span> <span class='ocrx_word' id='word_1_562' title='bbox 3627 3699 3767 3751; x_wconf 68' lang='lat' dir='ltr'><strong>prte—</strong></span> 
     </span>
    </p>
   </div>
   <div class='ocr_carea' id='block_1_81' title="bbox 2155 3774 3770 3844">
    <p class='ocr_par' dir='ltr' id='par_1_81' title="bbox 2155 3774 3770 3844">
     <span class='ocr_line' id='line_1_81' title="bbox 2155 3774 3770 3844; baseline -0.001 -14"><span class='ocrx_word' id='word_1_563' title='bbox 2155 3785 2304 3832; x_wconf 89' lang='lat' dir='ltr'><strong>terea</strong></span> <span class='ocrx_word' id='word_1_564' title='bbox 2345 3775 2413 3831; x_wconf 88' lang='lat' dir='ltr'><strong>de</strong></span> <span class='ocrx_word' id='word_1_565' title='bbox 2453 3791 2520 3830; x_wconf 88' lang='lat' dir='ltr'><strong>eo</strong></span> <span class='ocrx_word' id='word_1_566' title='bbox 2565 3777 2808 3843; x_wconf 86' lang='lat' dir='ltr'><strong>plcnario</strong></span> <span class='ocrx_word' id='word_1_567' title='bbox 2849 3776 3116 3840; x_wconf 90' lang='lat' dir='ltr'><strong>concilio,</strong></span> <span class='ocrx_word' id='word_1_568' title='bbox 3162 3775 3248 3828; x_wconf 88' lang='lat' dir='ltr'><strong>cui</strong></span> <span class='ocrx_word' id='word_1_569' title='bbox 3293 3789 3352 3829; x_wconf 91' lang='lat' dir='ltr'><strong>sc</strong></span> <span class='ocrx_word' id='word_1_570' title='bbox 3382 3776 3556 3844; x_wconf 86' lang='lat' dir='ltr'><strong>magis</strong></span> <span class='ocrx_word' id='word_1_571' title='bbox 3587 3774 3770 3828; x_wconf 84' lang='lat' dir='ltr'><strong>inter-</strong></span> 
     </span>
    </p>
   </div>
   <div class='ocr_carea' id='block_1_82' title="bbox 2159 3867 3771 3937">
    <p class='ocr_par' dir='ltr' id='par_1_82' title="bbox 2159 3867 3771 3937">
     <span class='ocr_line' id='line_1_82' title="bbox 2159 3867 3771 3937; baseline -0.002 -13"><span class='ocrx_word' id='word_1_572' title='bbox 2159 3869 2327 3924; x_wconf 59' lang='lat' dir='ltr'><strong>flliSSe</strong></span> <span class='ocrx_word' id='word_1_573' title='bbox 2367 3868 2672 3937; x_wconf 72' lang='lat' dir='ltr'><strong>signiﬁcat,</strong></span> <span class='ocrx_word' id='word_1_574' title='bbox 2717 3868 2859 3937; x_wconf 83' lang='lat' dir='ltr'><strong>quod</strong></span> <span class='ocrx_word' id='word_1_575' title='bbox 2900 3867 3078 3922; x_wconf 83' lang='lat' dir='ltr'><strong>dicam</strong></span> <span class='ocrx_word' id='word_1_576' title='bbox 3126 3868 3336 3933; x_wconf 84' lang='lat' dir='ltr'><strong>habeo,</strong></span> <span class='ocrx_word' id='word_1_577' title='bbox 3373 3867 3476 3921; x_wconf 86' lang='lat' dir='ltr'><strong>nisi</strong></span> <span class='ocrx_word' id='word_1_578' title='bbox 3517 3868 3663 3936; x_wconf 83' lang='lat' dir='ltr'><strong>quod</strong></span> <span class='ocrx_word' id='word_1_579' title='bbox 3706 3882 3771 3922; x_wconf 80' lang='lat' dir='ltr'><strong>ea</strong></span> 
     </span>
    </p>
   </div>
   <div class='ocr_carea' id='block_1_83' title="bbox 2159 3957 3778 4032">
    <p class='ocr_par' dir='ltr' id='par_1_83' title="bbox 2159 3957 3778 4032">
     <span class='ocr_line' id='line_1_83' title="bbox 2159 3957 3778 4032; baseline -0.001 -18"><span class='ocrx_word' id='word_1_580' title='bbox 2159 3977 2278 4032; x_wconf 77' lang='lat' dir='ltr'><strong>qua:</strong></span> <span class='ocrx_word' id='word_1_581' title='bbox 2309 3960 2771 4014; x_wconf 84' lang='lat' dir='ltr'><strong>circumferuntur</strong></span> <span class='ocrx_word' id='word_1_582' title='bbox 2798 3959 2929 4013; x_wconf 86' lang='lat' dir='ltr'><strong>Acta</strong></span> <span class='ocrx_word' id='word_1_583' title='bbox 2957 3959 3170 4014; x_wconf 90' lang='lat' dir='ltr'><strong>concilii</strong></span> <span class='ocrx_word' id='word_1_584' title='bbox 3199 3957 3683 4028; x_wconf 84' lang='lat' dir='ltr'><strong>Carthaginensis,</strong></span> <span class='ocrx_word' id='word_1_585' title='bbox 3719 3969 3778 4013; x_wconf 90' lang='lat' dir='ltr'><strong>ut</strong></span> 
     </span>
    </p>
   </div>
   <div class='ocr_carea' id='block_1_84' title="bbox 2162 4052 3776 4127">
    <p class='ocr_par' dir='ltr' id='par_1_84' title="bbox 2162 4052 3776 4127">
     <span class='ocr_line' id='line_1_84' title="bbox 2162 4052 3776 4127; baseline -0.003 -18"><span class='ocrx_word' id='word_1_586' title='bbox 2162 4054 2364 4127; x_wconf 80' lang='lat' dir='ltr'><strong>Pelagii</strong></span> <span class='ocrx_word' id='word_1_587' title='bbox 2394 4071 2498 4108; x_wconf 92' lang='lat' dir='ltr'><strong>non</strong></span> <span class='ocrx_word' id='word_1_588' title='bbox 2529 4055 2934 4116; x_wconf 91' lang='lat' dir='ltr'><strong>meminerunt,</strong></span> <span class='ocrx_word' id='word_1_589' title='bbox 2966 4054 3044 4107; x_wconf 89' lang='lat' dir='ltr'><strong>sic</strong></span> <span class='ocrx_word' id='word_1_590' title='bbox 3078 4053 3316 4106; x_wconf 89' lang='lat' dir='ltr'><strong>indicant</strong></span> <span class='ocrx_word' id='word_1_591' title='bbox 3349 4061 3632 4121; x_wconf 87' lang='lat' dir='ltr'><strong>postremo</strong></span> <span class='ocrx_word' id='word_1_592' title='bbox 3665 4052 3776 4120; x_wconf 83' lang='lat' dir='ltr'><strong>agi-</strong></span> 
     </span>
    </p>
   </div>
   <div class='ocr_carea' id='block_1_85' title="bbox 2167 4145 3776 4215">
    <p class='ocr_par' dir='ltr' id='par_1_85' title="bbox 2167 4145 3776 4215">
     <span class='ocr_line' id='line_1_85' title="bbox 2167 4145 3776 4215; baseline -0.003 -13"><span class='ocrx_word' id='word_1_593' title='bbox 2167 4157 2330 4202; x_wconf 88' lang='lat' dir='ltr'><strong>tatam</strong></span> <span class='ocrx_word' id='word_1_594' title='bbox 2377 4146 2543 4202; x_wconf 81' lang='lat' dir='ltr'><strong>fuisse</strong></span> <span class='ocrx_word' id='word_1_595' title='bbox 2583 4147 2744 4200; x_wconf 86' lang='lat' dir='ltr'><strong>aliam</strong></span> <span class='ocrx_word' id='word_1_596' title='bbox 2770 4189 2784 4212; x_wconf 95' lang='lat'><strong>,</strong></span> <span class='ocrx_word' id='word_1_597' title='bbox 2826 4146 2982 4215; x_wconf 88' lang='lat' dir='ltr'><strong>cujus</strong></span> <span class='ocrx_word' id='word_1_598' title='bbox 3024 4146 3163 4214; x_wconf 88' lang='lat' dir='ltr'><strong>apud</strong></span> <span class='ocrx_word' id='word_1_599' title='bbox 3210 4145 3576 4214; x_wconf 88' lang='lat' dir='ltr'><strong>Augustinum</strong></span> <span class='ocrx_word' id='word_1_600' title='bbox 3624 4146 3776 4198; x_wconf 79' lang='lat' dir='ltr'><strong>nulla</strong></span> 
     </span>
    </p>
   </div>
   <div class='ocr_carea' id='block_1_86' title="bbox 2167 4235 3778 4306">
    <p class='ocr_par' dir='ltr' id='par_1_86' title="bbox 2167 4235 3778 4306">
     <span class='ocr_line' id='line_1_86' title="bbox 2167 4235 3778 4306; baseline -0.006 -12"><span class='ocrx_word' id='word_1_601' title='bbox 2167 4249 2252 4294; x_wconf 87' lang='lat' dir='ltr'><strong>est</strong></span> <span class='ocrx_word' id='word_1_602' title='bbox 2301 4239 2536 4302; x_wconf 88' lang='lat' dir='ltr'><strong>mentio,</strong></span> <span class='ocrx_word' id='word_1_603' title='bbox 2587 4253 2806 4292; x_wconf 80' lang='lat' dir='ltr'><strong>causam</strong></span> <span class='ocrx_word' id='word_1_604' title='bbox 2858 4235 3065 4305; x_wconf 89' lang='lat' dir='ltr'><strong>Apiarii</strong></span> <span class='ocrx_word' id='word_1_605' title='bbox 3113 4236 3456 4306; x_wconf 79' lang='lat' dir='ltr'><strong>presbyteri,</strong></span> <span class='ocrx_word' id='word_1_606' title='bbox 3511 4235 3662 4289; x_wconf 88' lang='lat' dir='ltr'><strong>etin</strong></span> <span class='ocrx_word' id='word_1_607' title='bbox 3713 4251 3778 4288; x_wconf 85' lang='lat' dir='ltr'><strong>ea</strong></span> 
     </span>
    </p>
   </div>
   <div class='ocr_carea' id='block_1_87' title="bbox 2169 4328 3789 4400">
    <p class='ocr_par' dir='ltr' id='par_1_87' title="bbox 2169 4328 3789 4400">
     <span class='ocr_line' id='line_1_87' title="bbox 2169 4328 3789 4400; baseline -0.001 -17"><span class='ocrx_word' id='word_1_608' title='bbox 2169 4332 2526 4400; x_wconf 68' lang='lat' dir='ltr'><strong>qumstionem</strong></span> <span class='ocrx_word' id='word_1_609' title='bbox 2557 4329 2626 4385; x_wconf 90' lang='lat' dir='ltr'><strong>de</strong></span> <span class='ocrx_word' id='word_1_610' title='bbox 2662 4330 2785 4399; x_wconf 90' lang='lat' dir='ltr'><strong>jure</strong></span> <span class='ocrx_word' id='word_1_611' title='bbox 2827 4328 3230 4399; x_wconf 88' lang='lat' dir='ltr'><strong>provocationis</strong></span> <span class='ocrx_word' id='word_1_612' title='bbox 3269 4329 3535 4384; x_wconf 82' lang='lat' dir='ltr'><strong>adversus</strong></span> <span class='ocrx_word' id='word_1_613' title='bbox 3573 4329 3789 4398; x_wconf 87' lang='lat' dir='ltr'><strong>legatos</strong></span> 
     </span>
    </p>
   </div>
   <div class='ocr_carea' id='block_1_88' title="bbox 2172 4424 3796 4496">
    <p class='ocr_par' dir='ltr' id='par_1_88' title="bbox 2172 4424 3796 4496">
     <span class='ocr_line' id='line_1_88' title="bbox 2172 4424 3796 4496; baseline 0 -17"><span class='ocrx_word' id='word_1_614' title='bbox 2172 4425 2414 4493; x_wconf 88' lang='lat' dir='ltr'><strong>Zosimi,</strong></span> <span class='ocrx_word' id='word_1_615' title='bbox 2449 4427 2822 4496; x_wconf 88' lang='lat' dir='ltr'><strong>scriptumque</strong></span> <span class='ocrx_word' id='word_1_616' title='bbox 2851 4440 2914 4480; x_wconf 86' lang='lat' dir='ltr'><strong>ea</strong></span> <span class='ocrx_word' id='word_1_617' title='bbox 2947 4425 3016 4481; x_wconf 92' lang='lat' dir='ltr'><strong>de</strong></span> <span class='ocrx_word' id='word_1_618' title='bbox 3045 4440 3105 4481; x_wconf 90' lang='lat' dir='ltr'><strong>re</strong></span> <span class='ocrx_word' id='word_1_619' title='bbox 3132 4424 3305 4480; x_wconf 89' lang='lat' dir='ltr'><strong>fuisse</strong></span> <span class='ocrx_word' id='word_1_620' title='bbox 3334 4425 3401 4480; x_wconf 93' lang='lat' dir='ltr'><strong>ad</strong></span> <span class='ocrx_word' id='word_1_621' title='bbox 3445 4425 3796 4480; x_wconf 87' lang='lat' dir='ltr'><strong>Bonifacium</strong></span> 
     </span>
    </p>
   </div>
   <div class='ocr_carea' id='block_1_89' title="bbox 2177 4517 3800 4588">
    <p class='ocr_par' dir='ltr' id='par_1_89' title="bbox 2177 4517 3800 4588">
     <span class='ocr_line' id='line_1_89' title="bbox 2177 4517 3800 4588; baseline -0.002 -17"><span class='ocrx_word' id='word_1_622' title='bbox 2177 4517 2378 4572; x_wconf 90' lang='lat' dir='ltr'><strong>Zosimi</strong></span> <span class='ocrx_word' id='word_1_623' title='bbox 2410 4532 2825 4583; x_wconf 90' lang='lat' dir='ltr'><strong>successorem,</strong></span> <span class='ocrx_word' id='word_1_624' title='bbox 2859 4526 2914 4573; x_wconf 93' lang='lat' dir='ltr'><strong>et</strong></span> <span class='ocrx_word' id='word_1_625' title='bbox 2953 4518 3186 4588; x_wconf 91' lang='lat' dir='ltr'><strong>denique</strong></span> <span class='ocrx_word' id='word_1_626' title='bbox 3215 4517 3283 4571; x_wconf 91' lang='lat' dir='ltr'><strong>ad</strong></span> <span class='ocrx_word' id='word_1_627' title='bbox 3314 4517 3632 4572; x_wconf 70' lang='lat' dir='ltr'><strong>C(elestinm</strong></span> <span class='ocrx_word' id='word_1_628' title='bbox 3681 4517 3800 4571; x_wconf 83' lang='lat' dir='ltr'><strong>Bo-</strong></span> 
     </span>
    </p>
   </div>
   <div class='ocr_carea' id='block_1_90' title="bbox 471 4579 3806 4675">
    <p class='ocr_par' dir='ltr' id='par_1_90' title="bbox 471 4579 3806 4675">
     <span class='ocr_line' id='line_1_90' title="bbox 471 4579 3806 4675; baseline 0.003 -21"><span class='ocrx_word' id='word_1_629' title='bbox 471 4607 528 4654; x_wconf 89' lang='lat' dir='ltr'><strong>et</strong></span> <span class='ocrx_word' id='word_1_630' title='bbox 587 4607 765 4652; x_wconf 90' lang='lat' dir='ltr'><strong>tamen</strong></span> <span class='ocrx_word' id='word_1_631' title='bbox 822 4598 1096 4668; x_wconf 86' lang='lat' dir='ltr'><strong>superavit</strong></span> <span class='ocrx_word' id='word_1_632' title='bbox 1151 4602 1634 4669; x_wconf 82' lang='lat' dir='ltr'><strong>exspectationem.</strong></span> <span class='ocrx_word' id='word_1_633' title='bbox 1689 4604 1888 4661; x_wconf 81' lang='lat' dir='ltr'><strong>Verum</strong></span> <span class='ocrx_word' id='word_1_634' title='bbox 1940 4609 2070 4664; x_wconf 90' lang='lat' dir='ltr'><strong>illud</strong></span> <span class='ocrx_word' id='word_1_635' title='bbox 2099 4579 2154 4640; x_wconf 78' lang='lat' dir='ltr'><strong>D</strong></span> <span class='ocrx_word' id='word_1_636' title='bbox 2188 4611 2368 4666; x_wconf 90' lang='lat' dir='ltr'><strong>nifacii</strong></span> <span class='ocrx_word' id='word_1_637' title='bbox 2397 4601 2774 4666; x_wconf 65' lang='lat' dir='ltr'><strong>succeSsorem</strong></span> <span class='ocrx_word' id='word_1_638' title='bbox 2821 4630 2834 4666; x_wconf 91' lang='lat'><strong>:</strong></span> <span class='ocrx_word' id='word_1_639' title='bbox 2867 4620 2924 4664; x_wconf 94' lang='lat' dir='ltr'><strong>ut</strong></span> <span class='ocrx_word' id='word_1_640' title='bbox 2957 4611 3002 4666; x_wconf 90' lang='lat' dir='ltr'><strong>si</strong></span> <span class='ocrx_word' id='word_1_641' title='bbox 3032 4611 3104 4666; x_wconf 90' lang='lat' dir='ltr'><strong>ita</strong></span> <span class='ocrx_word' id='word_1_642' title='bbox 3145 4611 3248 4675; x_wconf 91' lang='lat' dir='ltr'><strong>sit,</strong></span> <span class='ocrx_word' id='word_1_643' title='bbox 3279 4625 3538 4666; x_wconf 90' lang='lat' dir='ltr'><strong>ueccesse</strong></span> <span class='ocrx_word' id='word_1_644' title='bbox 3569 4611 3640 4664; x_wconf 88' lang='lat' dir='ltr'><strong>sit</strong></span> <span class='ocrx_word' id='word_1_645' title='bbox 3691 4611 3806 4666; x_wconf 90' lang='lat' dir='ltr'><strong>hoc</strong></span> 
     </span>
    </p>
   </div>
   <div class='ocr_carea' id='block_1_91' title="bbox 475 4689 2080 4765">
    <p class='ocr_par' dir='ltr' id='par_1_91' title="bbox 475 4689 2080 4765">
     <span class='ocr_line' id='line_1_91' title="bbox 475 4689 2080 4765; baseline 0.008 -20"><span class='ocrx_word' id='word_1_646' title='bbox 475 4690 638 4746; x_wconf 89' lang='lat' dir='ltr'><strong>modo</strong></span> <span class='ocrx_word' id='word_1_647' title='bbox 677 4689 835 4756; x_wconf 91' lang='lat' dir='ltr'><strong>dico,</strong></span> <span class='ocrx_word' id='word_1_648' title='bbox 879 4691 1160 4746; x_wconf 90' lang='lat' dir='ltr'><strong>Aurelium</strong></span> <span class='ocrx_word' id='word_1_649' title='bbox 1200 4693 1647 4765; x_wconf 88' lang='lat' dir='ltr'><strong>Carthaginensis</strong></span> <span class='ocrx_word' id='word_1_650' title='bbox 1685 4701 1898 4754; x_wconf 91' lang='lat' dir='ltr'><strong>concilii</strong></span> <span class='ocrx_word' id='word_1_651' title='bbox 1927 4739 1940 4765; x_wconf 91' lang='lat'><strong>,</strong></span> <span class='ocrx_word' id='word_1_652' title='bbox 1993 4703 2080 4758; x_wconf 91' lang='lat' dir='ltr'><strong>cui</strong></span> 
     </span>
    </p>
   </div>
   <div class='ocr_carea' id='block_1_92' title="bbox 477 4781 2079 4862">
    <p class='ocr_par' dir='ltr' id='par_1_92' title="bbox 477 4781 2079 4862">
     <span class='ocr_line' id='line_1_92' title="bbox 477 4781 2079 4862; baseline 0.006 -24"><span class='ocrx_word' id='word_1_653' title='bbox 477 4781 806 4854; x_wconf 69' lang='lat' dir='ltr'><strong>praefuerat,</strong></span> <span class='ocrx_word' id='word_1_654' title='bbox 846 4783 1205 4854; x_wconf 79' lang='lat' dir='ltr'><strong>Augustinum</strong></span> <span class='ocrx_word' id='word_1_655' title='bbox 1238 4786 1566 4854; x_wconf 84' lang='lat' dir='ltr'><strong>Milevitani,</strong></span> <span class='ocrx_word' id='word_1_656' title='bbox 1599 4790 1688 4845; x_wconf 89' lang='lat' dir='ltr'><strong>cui</strong></span> <span class='ocrx_word' id='word_1_657' title='bbox 1728 4791 2079 4862; x_wconf 82' lang='lat' dir='ltr'><strong>interfuerat,</strong></span> 
     </span>
    </p>
   </div>
   <div class='ocr_carea' id='block_1_93' title="bbox 476 4879 2082 4956">
    <p class='ocr_par' dir='ltr' id='par_1_93' title="bbox 476 4879 2082 4956">
     <span class='ocr_line' id='line_1_93' title="bbox 476 4879 2082 4956; baseline 0.007 -24"><span class='ocrx_word' id='word_1_658' title='bbox 476 4879 800 4933; x_wconf 82' lang='lat' dir='ltr'><strong>seIItentiatn</strong></span> <span class='ocrx_word' id='word_1_659' title='bbox 841 4879 1172 4945; x_wconf 89' lang='lat' dir='ltr'><strong>contulisse,</strong></span> <span class='ocrx_word' id='word_1_660' title='bbox 1205 4889 1256 4935; x_wconf 90' lang='lat' dir='ltr'><strong>et</strong></span> <span class='ocrx_word' id='word_1_661' title='bbox 1289 4883 1457 4937; x_wconf 87' lang='lat' dir='ltr'><strong>tribus</strong></span> <span class='ocrx_word' id='word_1_662' title='bbox 1486 4884 1606 4938; x_wconf 89' lang='lat' dir='ltr'><strong>aliis</strong></span> <span class='ocrx_word' id='word_1_663' title='bbox 1642 4885 1910 4956; x_wconf 91' lang='lat' dir='ltr'><strong>adjunctis</strong></span> <span class='ocrx_word' id='word_1_664' title='bbox 1939 4903 2082 4943; x_wconf 85' lang='lat' dir='ltr'><strong>eam-</strong></span> 
     </span>
    </p>
   </div>
   <div class='ocr_carea' id='block_1_94' title="bbox 483 4971 2084 5054">
    <p class='ocr_par' dir='ltr' id='par_1_94' title="bbox 483 4971 2084 5054">
     <span class='ocr_line' id='line_1_94' title="bbox 483 4971 2084 5054; baseline 0.007 -27"><span class='ocrx_word' id='word_1_665' title='bbox 483 4971 606 5027; x_wconf 92' lang='lat' dir='ltr'><strong>dem</strong></span> <span class='ocrx_word' id='word_1_666' title='bbox 650 4987 836 5027; x_wconf 83' lang='lat' dir='ltr'><strong>rursus</strong></span> <span class='ocrx_word' id='word_1_667' title='bbox 874 4988 1091 5028; x_wconf 85' lang='lat' dir='ltr'><strong>causam</strong></span> <span class='ocrx_word' id='word_1_668' title='bbox 1134 4975 1347 5044; x_wconf 87' lang='lat' dir='ltr'><strong>egisse,</strong></span> <span class='ocrx_word' id='word_1_669' title='bbox 1399 4991 1465 5032; x_wconf 81' lang='lat' dir='ltr'><strong>ex</strong></span> <span class='ocrx_word' id='word_1_670' title='bbox 1515 4979 1758 5050; x_wconf 91' lang='lat' dir='ltr'><strong>urbeque</strong></span> <span class='ocrx_word' id='word_1_671' title='bbox 1805 4981 2084 5054; x_wconf 86' lang='lat' dir='ltr'><strong>Carthagi-</strong></span> 
     </span>
    </p>
   </div>
   <div class='ocr_carea' id='block_1_95' title="bbox 484 5064 2092 5147">
    <p class='ocr_par' dir='ltr' id='par_1_95' title="bbox 484 5064 2092 5147">
     <span class='ocr_line' id='line_1_95' title="bbox 484 5064 2092 5147; baseline 0.007 -25"><span class='ocrx_word' id='word_1_672' title='bbox 484 5065 641 5122; x_wconf 89' lang='lat' dir='ltr'><strong>nensi</strong></span> <span class='ocrx_word' id='word_1_673' title='bbox 701 5064 768 5119; x_wconf 90' lang='lat' dir='ltr'><strong>ad</strong></span> <span class='ocrx_word' id='word_1_674' title='bbox 828 5065 1202 5123; x_wconf 89' lang='lat' dir='ltr'><strong>Innocentium</strong></span> <span class='ocrx_word' id='word_1_675' title='bbox 1259 5071 1574 5142; x_wconf 88' lang='lat' dir='ltr'><strong>diligentius</strong></span> <span class='ocrx_word' id='word_1_676' title='bbox 1629 5076 1934 5147; x_wconf 88' lang='lat' dir='ltr'><strong>scripsisse.</strong></span> <span class='ocrx_word' id='word_1_677' title='bbox 1996 5079 2092 5134; x_wconf 82' lang='lat' dir='ltr'><strong>Est</strong></span> 
     </span>
    </p>
   </div>
   <div class='ocr_carea' id='block_1_96' title="bbox 489 5159 2092 5231">
    <p class='ocr_par' dir='ltr' id='par_1_96' title="bbox 489 5159 2092 5231">
     <span class='ocr_line' id='line_1_96' title="bbox 489 5159 2092 5231; baseline 0.008 -18"><span class='ocrx_word' id='word_1_678' title='bbox 489 5159 648 5228; x_wconf 87' lang='lat' dir='ltr'><strong>epist.</strong></span> <span class='ocrx_word' id='word_1_679' title='bbox 694 5172 828 5223; x_wconf 80' lang='lat' dir='ltr'><strong>xcv,</strong></span> <span class='ocrx_word' id='word_1_680' title='bbox 868 5159 1022 5229; x_wconf 87' lang='lat' dir='ltr'><strong>cujus</strong></span> <span class='ocrx_word' id='word_1_681' title='bbox 1064 5163 1385 5231; x_wconf 89' lang='lat' dir='ltr'><strong>principium</strong></span> <span class='ocrx_word' id='word_1_682' title='bbox 1430 5178 1549 5221; x_wconf 89' lang='lat' dir='ltr'><strong>est:</strong></span> <span class='ocrx_word' id='word_1_683' title='bbox 1595 5164 1674 5224; x_wconf 88' lang='lat' dir='ltr'><strong>De</strong></span> <span class='ocrx_word' id='word_1_684' title='bbox 1701 5171 1931 5224; x_wconf 80' lang='lat' dir='ltr'><strong>conciliis</strong></span> <span class='ocrx_word' id='word_1_685' title='bbox 1961 5171 2092 5226; x_wconf 87' lang='lat' dir='ltr'><strong>duo-</strong></span> 
     </span>
    </p>
   </div>
   <div class='ocr_carea' id='block_1_97' title="bbox 490 5249 2092 5325">
    <p class='ocr_par' dir='ltr' id='par_1_97' title="bbox 490 5249 2092 5325">
     <span class='ocr_line' id='line_1_97' title="bbox 490 5249 2092 5325; baseline 0.009 -21"><span class='ocrx_word' id='word_1_686' title='bbox 490 5249 584 5304; x_wconf 81' lang='lat' dir='ltr'><strong>bus</strong></span> <span class='ocrx_word' id='word_1_687' title='bbox 631 5251 910 5320; x_wconf 71' lang='lat' dir='ltr'><strong>provincia:</strong></span> <span class='ocrx_word' id='word_1_688' title='bbox 957 5252 1379 5325; x_wconf 76' lang='lat' dir='ltr'><strong>Carthaginensis</strong></span> <span class='ocrx_word' id='word_1_689' title='bbox 1428 5269 1476 5312; x_wconf 90' lang='lat' dir='ltr'><strong>et</strong></span> <span class='ocrx_word' id='word_1_690' title='bbox 1528 5259 1794 5316; x_wconf 77' lang='lat' dir='ltr'><strong>Numidia:</strong></span> <span class='ocrx_word' id='word_1_691' title='bbox 1837 5264 1905 5316; x_wconf 86' lang='lat' dir='ltr'><strong>ad</strong></span> <span class='ocrx_word' id='word_1_692' title='bbox 1952 5275 2092 5318; x_wconf 86' lang='lat' dir='ltr'><strong>tuum</strong></span> 
     </span>
    </p>
   </div>
   <div class='ocr_carea' id='block_1_98' title="bbox 492 5340 2093 5420">
    <p class='ocr_par' dir='ltr' id='par_1_98' title="bbox 492 5340 2093 5420">
     <span class='ocr_line' id='line_1_98' title="bbox 492 5340 2093 5420; baseline 0.01 -23"><span class='ocrx_word' id='word_1_693' title='bbox 492 5340 834 5398; x_wconf 86' lang='lat' dir='ltr'><strong>Sunctitatem</strong></span> <span class='ocrx_word' id='word_1_694' title='bbox 881 5363 913 5398; x_wconf 92' lang='lat' dir='ltr'><strong>a</strong></span> <span class='ocrx_word' id='word_1_695' title='bbox 954 5361 1058 5399; x_wconf 90' lang='lat' dir='ltr'><strong>non</strong></span> <span class='ocrx_word' id='word_1_696' title='bbox 1113 5363 1268 5414; x_wconf 86' lang='lat' dir='ltr'><strong>parvo</strong></span> <span class='ocrx_word' id='word_1_697' title='bbox 1333 5351 1691 5420; x_wconf 81' lang='lat' dir='ltr'><strong>episcOporum</strong></span> <span class='ocrx_word' id='word_1_698' title='bbox 1729 5373 1940 5412; x_wconf 87' lang='lat' dir='ltr'><strong>numero</strong></span> <span class='ocrx_word' id='word_1_699' title='bbox 1979 5359 2093 5413; x_wconf 83' lang='lat' dir='ltr'><strong>sub-</strong></span> 
     </span>
    </p>
   </div>
   <div class='ocr_carea' id='block_1_99' title="bbox 493 5435 2098 5514">
    <p class='ocr_par' dir='ltr' id='par_1_99' title="bbox 493 5435 2098 5514">
     <span class='ocr_line' id='line_1_99' title="bbox 493 5435 2098 5514; baseline 0.01 -25"><span class='ocrx_word' id='word_1_700' title='bbox 493 5435 714 5505; x_wconf 82' lang='lat' dir='ltr'><strong>scriptus</strong></span> <span class='ocrx_word' id='word_1_701' title='bbox 745 5437 938 5491; x_wconf 77' lang='lat' dir='ltr'><strong>litteras</strong></span> <span class='ocrx_word' id='word_1_702' title='bbox 969 5439 1221 5494; x_wconf 85' lang='lat' dir='ltr'><strong>misimus.</strong></span> <span class='ocrx_word' id='word_1_703' title='bbox 1247 5441 1450 5514; x_wconf 86' lang='lat' dir='ltr'><strong>Nempe</strong></span> <span class='ocrx_word' id='word_1_704' title='bbox 1481 5461 1572 5502; x_wconf 89' lang='lat' dir='ltr'><strong>eas</strong></span> <span class='ocrx_word' id='word_1_705' title='bbox 1592 5448 1814 5504; x_wconf 90' lang='lat' dir='ltr'><strong>miserat</strong></span> <span class='ocrx_word' id='word_1_706' title='bbox 1847 5451 2098 5506; x_wconf 87' lang='lat' dir='ltr'><strong>Aurelius</strong></span> 
     </span>
    </p>
   </div>
   <div class='ocr_carea' id='block_1_100' title="bbox 497 5528 2097 5602">
    <p class='ocr_par' dir='ltr' id='par_1_100' title="bbox 497 5528 2097 5602">
     <span class='ocr_line' id='line_1_100' title="bbox 497 5528 2097 5602; baseline 0.009 -20"><span class='ocrx_word' id='word_1_707' title='bbox 497 5541 564 5582; x_wconf 78' lang='lat' dir='ltr'><strong>ex</strong></span> <span class='ocrx_word' id='word_1_708' title='bbox 611 5528 1064 5600; x_wconf 84' lang='lat' dir='ltr'><strong>Carthaginensi,</strong></span> <span class='ocrx_word' id='word_1_709' title='bbox 1118 5532 1449 5602; x_wconf 90' lang='lat' dir='ltr'><strong>Augustinus</strong></span> <span class='ocrx_word' id='word_1_710' title='bbox 1494 5553 1624 5595; x_wconf 90' lang='lat' dir='ltr'><strong>vero</strong></span> <span class='ocrx_word' id='word_1_711' title='bbox 1672 5556 1740 5596; x_wconf 81' lang='lat' dir='ltr'><strong>ex</strong></span> <span class='ocrx_word' id='word_1_712' title='bbox 1789 5541 2097 5598; x_wconf 86' lang='lat' dir='ltr'><strong>Milevitana</strong></span> 
     </span>
    </p>
   </div>
   <div class='ocr_carea' id='block_1_101' title="bbox 503 5623 736 5694">
    <p class='ocr_par' dir='ltr' id='par_1_101' title="bbox 503 5623 736 5694">
     <span class='ocr_line' id='line_1_101' title="bbox 503 5623 736 5694; baseline 0 -17"><span class='ocrx_word' id='word_1_713' title='bbox 503 5623 736 5694; x_wconf 81' lang='lat' dir='ltr'><strong>synodo.</strong></span> 
     </span>
    </p>
   </div>
   <div class='ocr_carea' id='block_1_102' title="bbox 582 5716 2104 5802">
    <p class='ocr_par' dir='ltr' id='par_1_102' title="bbox 582 5716 2104 5802">
     <span class='ocr_line' id='line_1_102' title="bbox 582 5716 2104 5802; baseline 0.011 -32"><span class='ocrx_word' id='word_1_714' title='bbox 582 5716 775 5772; x_wconf 88' lang='lat' dir='ltr'><strong>Postea</strong></span> <span class='ocrx_word' id='word_1_715' title='bbox 822 5727 1035 5774; x_wconf 91' lang='lat' dir='ltr'><strong>mortuo</strong></span> <span class='ocrx_word' id='word_1_716' title='bbox 1075 5719 1186 5791; x_wconf 89' lang='lat' dir='ltr'><strong>jam</strong></span> <span class='ocrx_word' id='word_1_717' title='bbox 1228 5719 1547 5779; x_wconf 86' lang='lat' dir='ltr'><strong>Innocentio</strong></span> <span class='ocrx_word' id='word_1_718' title='bbox 1591 5726 1843 5785; x_wconf 89' lang='lat' dir='ltr'><strong>videntur</strong></span> <span class='ocrx_word' id='word_1_719' title='bbox 1881 5730 2104 5802; x_wconf 86' lang='lat' dir='ltr'><strong>plures,</strong></span> 
     </span>
    </p>
   </div>
   <div class='ocr_carea' id='block_1_103' title="bbox 513 5805 2114 5894">
    <p class='ocr_par' dir='ltr' id='par_1_103' title="bbox 513 5805 2114 5894">
     <span class='ocr_line' id='line_1_103' title="bbox 513 5805 2114 5894; baseline 0.011 -31"><span class='ocrx_word' id='word_1_720' title='bbox 513 5805 678 5864; x_wconf 80' lang='lat' dir='ltr'><strong>Suam</strong></span> <span class='ocrx_word' id='word_1_721' title='bbox 721 5819 917 5879; x_wconf 88' lang='lat' dir='ltr'><strong>antea,</strong></span> <span class='ocrx_word' id='word_1_722' title='bbox 963 5813 1343 5886; x_wconf 88' lang='lat' dir='ltr'><strong>Carthaginem</strong></span> <span class='ocrx_word' id='word_1_723' title='bbox 1381 5833 1570 5874; x_wconf 83' lang='lat' dir='ltr'><strong>rursus</strong></span> <span class='ocrx_word' id='word_1_724' title='bbox 1638 5823 1957 5879; x_wconf 81' lang='lat' dir='ltr'><strong>convenisse</strong></span> <span class='ocrx_word' id='word_1_725' title='bbox 1997 5825 2114 5894; x_wconf 90' lang='lat' dir='ltr'><strong>epi-</strong></span> 
     </span>
    </p>
   </div>
   <div class='ocr_carea' id='block_1_104' title="bbox 2189 4704 3810 4761">
    <p class='ocr_par' dir='ltr' id='par_1_104' title="bbox 2189 4704 3810 4761">
     <span class='ocr_line' id='line_1_104' title="bbox 2189 4704 3810 4761; baseline 0.001 -3"><span class='ocrx_word' id='word_1_726' title='bbox 2189 4705 2483 4760; x_wconf 90' lang='lat' dir='ltr'><strong>concilium</strong></span> <span class='ocrx_word' id='word_1_727' title='bbox 2539 4704 2725 4759; x_wconf 89' lang='lat' dir='ltr'><strong>multis</strong></span> <span class='ocrx_word' id='word_1_728' title='bbox 2773 4705 2930 4759; x_wconf 90' lang='lat' dir='ltr'><strong>annis</strong></span> <span class='ocrx_word' id='word_1_729' title='bbox 2982 4705 3230 4760; x_wconf 89' lang='lat' dir='ltr'><strong>durasse.</strong></span> <span class='ocrx_word' id='word_1_730' title='bbox 3288 4705 3396 4761; x_wconf 87' lang='lat' dir='ltr'><strong>Sed</strong></span> <span class='ocrx_word' id='word_1_731' title='bbox 3475 4721 3673 4760; x_wconf 86' lang='lat' dir='ltr'><strong>vereor</strong></span> <span class='ocrx_word' id='word_1_732' title='bbox 3735 4722 3810 4760; x_wconf 90' lang='lat' dir='ltr'><strong>ne</strong></span> 
     </span>
    </p>
   </div>
   <div class='ocr_carea' id='block_1_105' title="bbox 2193 4796 3812 4867">
    <p class='ocr_par' dir='ltr' id='par_1_105' title="bbox 2193 4796 3812 4867">
     <span class='ocr_line' id='line_1_105' title="bbox 2193 4796 3812 4867; baseline 0.001 -17"><span class='ocrx_word' id='word_1_733' title='bbox 2193 4797 2360 4852; x_wconf 86' lang='lat' dir='ltr'><strong>multa</strong></span> <span class='ocrx_word' id='word_1_734' title='bbox 2402 4807 2457 4852; x_wconf 92' lang='lat' dir='ltr'><strong>et</strong></span> <span class='ocrx_word' id='word_1_735' title='bbox 2495 4796 2720 4852; x_wconf 88' lang='lat' dir='ltr'><strong>confuse</strong></span> <span class='ocrx_word' id='word_1_736' title='bbox 2761 4807 2814 4852; x_wconf 92' lang='lat' dir='ltr'><strong>et</strong></span> <span class='ocrx_word' id='word_1_737' title='bbox 2850 4797 2992 4852; x_wconf 88' lang='lat' dir='ltr'><strong>falso</strong></span> <span class='ocrx_word' id='word_1_738' title='bbox 3026 4797 3300 4867; x_wconf 89' lang='lat' dir='ltr'><strong>jactentur</strong></span> <span class='ocrx_word' id='word_1_739' title='bbox 3338 4813 3401 4852; x_wconf 86' lang='lat' dir='ltr'><strong>ea</strong></span> <span class='ocrx_word' id='word_1_740' title='bbox 3443 4797 3511 4852; x_wconf 92' lang='lat' dir='ltr'><strong>de</strong></span> <span class='ocrx_word' id='word_1_741' title='bbox 3553 4814 3632 4854; x_wconf 91' lang='lat' dir='ltr'><strong>rc.</strong></span> <span class='ocrx_word' id='word_1_742' title='bbox 3681 4798 3812 4853; x_wconf 83' lang='lat' dir='ltr'><strong>Non</strong></span> 
     </span>
    </p>
   </div>
   <div class='ocr_carea' id='block_1_106' title="bbox 2194 4891 3814 4963">
    <p class='ocr_par' dir='ltr' id='par_1_106' title="bbox 2194 4891 3814 4963">
     <span class='ocr_line' id='line_1_106' title="bbox 2194 4891 3814 4963; baseline 0.001 -18"><span class='ocrx_word' id='word_1_743' title='bbox 2194 4891 2405 4946; x_wconf 87' lang='lat' dir='ltr'><strong>inficior</strong></span> <span class='ocrx_word' id='word_1_744' title='bbox 2435 4894 2791 4960; x_wconf 58' lang='lat' dir='ltr'><strong>quaestionem</strong></span> <span class='ocrx_word' id='word_1_745' title='bbox 2821 4891 2939 4960; x_wconf 87' lang='lat' dir='ltr'><strong>ejus</strong></span> <span class='ocrx_word' id='word_1_746' title='bbox 2983 4894 3199 4962; x_wconf 86' lang='lat' dir='ltr'><strong>generis</strong></span> <span class='ocrx_word' id='word_1_747' title='bbox 3245 4893 3484 4962; x_wconf 88' lang='lat' dir='ltr'><strong>aliquam</strong></span> <span class='ocrx_word' id='word_1_748' title='bbox 3536 4893 3814 4963; x_wconf 86' lang='lat' dir='ltr'><strong>agitatam</strong></span> 
     </span>
    </p>
   </div>
   <div class='ocr_carea' id='block_1_107' title="bbox 2193 4983 3818 5054">
    <p class='ocr_par' dir='ltr' id='par_1_107' title="bbox 2193 4983 3818 5054">
     <span class='ocr_line' id='line_1_107' title="bbox 2193 4983 3818 5054; baseline 0.004 -18"><span class='ocrx_word' id='word_1_749' title='bbox 2193 4997 2348 5037; x_wconf 90' lang='lat' dir='ltr'><strong>esse:</strong></span> <span class='ocrx_word' id='word_1_750' title='bbox 2381 4983 2476 5037; x_wconf 93' lang='lat' dir='ltr'><strong>scd</strong></span> <span class='ocrx_word' id='word_1_751' title='bbox 2509 4983 2742 5037; x_wconf 83' lang='lat' dir='ltr'><strong>fideliter</strong></span> <span class='ocrx_word' id='word_1_752' title='bbox 2773 4996 2826 5037; x_wconf 86' lang='lat' dir='ltr'><strong>et</strong></span> <span class='ocrx_word' id='word_1_753' title='bbox 2847 4984 3168 5054; x_wconf 90' lang='lat' dir='ltr'><strong>simpliciter</strong></span> <span class='ocrx_word' id='word_1_754' title='bbox 3189 4983 3466 5040; x_wconf 88' lang='lat' dir='ltr'><strong>recitanda</strong></span> <span class='ocrx_word' id='word_1_755' title='bbox 3495 4995 3664 5050; x_wconf 86' lang='lat' dir='ltr'><strong>esset,</strong></span> <span class='ocrx_word' id='word_1_756' title='bbox 3698 5003 3818 5041; x_wconf 88' lang='lat' dir='ltr'><strong>non</strong></span> 
     </span>
    </p>
   </div>
   <div class='ocr_carea' id='block_1_108' title="bbox 2195 5076 3824 5134">
    <p class='ocr_par' dir='ltr' id='par_1_108' title="bbox 2195 5076 3824 5134">
     <span class='ocr_line' id='line_1_108' title="bbox 2195 5076 3824 5134; baseline 0.002 -4"><span class='ocrx_word' id='word_1_757' title='bbox 2195 5085 2374 5131; x_wconf 90' lang='lat' dir='ltr'><strong>autem</strong></span> <span class='ocrx_word' id='word_1_758' title='bbox 2405 5076 2815 5131; x_wconf 87' lang='lat' dir='ltr'><strong>contumeliosis</strong></span> <span class='ocrx_word' id='word_1_759' title='bbox 2836 5077 3201 5133; x_wconf 80' lang='lat' dir='ltr'><strong>additionibus</strong></span> <span class='ocrx_word' id='word_1_760' title='bbox 3224 5079 3672 5134; x_wconf 88' lang='lat' dir='ltr'><strong>contaminanda.</strong></span> <span class='ocrx_word' id='word_1_761' title='bbox 3707 5080 3824 5134; x_wconf 81' lang='lat' dir='ltr'><strong>Bo-</strong></span> 
     </span>
    </p>
   </div>
   <div class='ocr_carea' id='block_1_109' title="bbox 2198 5167 3828 5239">
    <p class='ocr_par' dir='ltr' id='par_1_109' title="bbox 2198 5167 3828 5239">
     <span class='ocr_line' id='line_1_109' title="bbox 2198 5167 3828 5239; baseline 0.001 -16"><span class='ocrx_word' id='word_1_762' title='bbox 2198 5185 2301 5224; x_wconf 90' lang='lat' dir='ltr'><strong>nus</strong></span> <span class='ocrx_word' id='word_1_763' title='bbox 2333 5170 2468 5224; x_wconf 87' lang='lat' dir='ltr'><strong>Beza</strong></span> <span class='ocrx_word' id='word_1_764' title='bbox 2495 5167 2648 5238; x_wconf 90' lang='lat' dir='ltr'><strong>jubet</strong></span> <span class='ocrx_word' id='word_1_765' title='bbox 2680 5184 2778 5223; x_wconf 89' lang='lat' dir='ltr'><strong>nos</strong></span> <span class='ocrx_word' id='word_1_766' title='bbox 2809 5168 2876 5224; x_wconf 93' lang='lat' dir='ltr'><strong>de</strong></span> <span class='ocrx_word' id='word_1_767' title='bbox 2905 5184 2968 5224; x_wconf 91' lang='lat' dir='ltr'><strong>ea</strong></span> <span class='ocrx_word' id='word_1_768' title='bbox 2995 5169 3242 5239; x_wconf 87' lang='lat' dir='ltr'><strong>judicare</strong></span> <span class='ocrx_word' id='word_1_769' title='bbox 3271 5183 3338 5223; x_wconf 82' lang='lat' dir='ltr'><strong>ex</strong></span> <span class='ocrx_word' id='word_1_770' title='bbox 3370 5169 3588 5234; x_wconf 70' lang='lat' dir='ltr'><strong>Graeco,</strong></span> <span class='ocrx_word' id='word_1_771' title='bbox 3623 5172 3828 5237; x_wconf 85' lang='lat' dir='ltr'><strong>potius</strong></span> 
     </span>
    </p>
   </div>
   <div class='ocr_carea' id='block_1_110' title="bbox 2198 5263 3828 5335">
    <p class='ocr_par' dir='ltr' id='par_1_110' title="bbox 2198 5263 3828 5335">
     <span class='ocr_line' id='line_1_110' title="bbox 2198 5263 3828 5335; baseline 0 -17"><span class='ocrx_word' id='word_1_772' title='bbox 2198 5280 2362 5335; x_wconf 87' lang='lat' dir='ltr'><strong>quam</strong></span> <span class='ocrx_word' id='word_1_773' title='bbox 2391 5280 2458 5319; x_wconf 78' lang='lat' dir='ltr'><strong>ex</strong></span> <span class='ocrx_word' id='word_1_774' title='bbox 2488 5263 2680 5317; x_wconf 89' lang='lat' dir='ltr'><strong>Latino</strong></span> <span class='ocrx_word' id='word_1_775' title='bbox 2711 5273 2877 5318; x_wconf 80' lang='lat' dir='ltr'><strong>textu.</strong></span> <span class='ocrx_word' id='word_1_776' title='bbox 2914 5263 3022 5318; x_wconf 91' lang='lat' dir='ltr'><strong>Sed</strong></span> <span class='ocrx_word' id='word_1_777' title='bbox 3052 5279 3118 5317; x_wconf 91' lang='lat' dir='ltr'><strong>an</strong></span> <span class='ocrx_word' id='word_1_778' title='bbox 3175 5263 3454 5318; x_wconf 76' lang='lat' dir='ltr'><strong>existimat</strong></span> <span class='ocrx_word' id='word_1_779' title='bbox 3489 5264 3628 5318; x_wconf 87' lang='lat' dir='ltr'><strong>Acta</strong></span> <span class='ocrx_word' id='word_1_780' title='bbox 3658 5264 3828 5319; x_wconf 81' lang='lat' dir='ltr'><strong>Afri-</strong></span> 
     </span>
    </p>
   </div>
   <div class='ocr_carea' id='block_1_111' title="bbox 2201 5357 3831 5428">
    <p class='ocr_par' dir='ltr' id='par_1_111' title="bbox 2201 5357 3831 5428">
     <span class='ocr_line' id='line_1_111' title="bbox 2201 5357 3831 5428; baseline -0.002 -13"><span class='ocrx_word' id='word_1_781' title='bbox 2201 5375 2335 5416; x_wconf 86' lang='lat' dir='ltr'><strong>cana</strong></span> <span class='ocrx_word' id='word_1_782' title='bbox 2387 5358 2576 5415; x_wconf 72' lang='lat' dir='ltr'><strong>Grarce</strong></span> <span class='ocrx_word' id='word_1_783' title='bbox 2633 5357 2812 5428; x_wconf 86' lang='lat' dir='ltr'><strong>potius</strong></span> <span class='ocrx_word' id='word_1_784' title='bbox 2864 5373 3025 5428; x_wconf 89' lang='lat' dir='ltr'><strong>quam</strong></span> <span class='ocrx_word' id='word_1_785' title='bbox 3079 5357 3269 5411; x_wconf 86' lang='lat' dir='ltr'><strong>Latine</strong></span> <span class='ocrx_word' id='word_1_786' title='bbox 3320 5358 3521 5427; x_wconf 89' lang='lat' dir='ltr'><strong>scripta</strong></span> <span class='ocrx_word' id='word_1_787' title='bbox 3572 5359 3831 5425; x_wconf 81' lang='lat' dir='ltr'><strong>primum</strong></span> 
     </span>
    </p>
   </div>
   <div class='ocr_carea' id='block_1_112' title="bbox 2202 5450 3836 5509">
    <p class='ocr_par' dir='ltr' id='par_1_112' title="bbox 2202 5450 3836 5509">
     <span class='ocr_line' id='line_1_112' title="bbox 2202 5450 3836 5509; baseline -0.001 -1"><span class='ocrx_word' id='word_1_788' title='bbox 2202 5454 2412 5509; x_wconf 84' lang='lat' dir='ltr'><strong>fuisse?</strong></span> <span class='ocrx_word' id='word_1_789' title='bbox 2453 5453 2619 5508; x_wconf 85' lang='lat' dir='ltr'><strong>Recte</strong></span> <span class='ocrx_word' id='word_1_790' title='bbox 2657 5467 2792 5507; x_wconf 89' lang='lat' dir='ltr'><strong>sane</strong></span> <span class='ocrx_word' id='word_1_791' title='bbox 2816 5452 3051 5506; x_wconf 83' lang='lat' dir='ltr'><strong>Africani</strong></span> <span class='ocrx_word' id='word_1_792' title='bbox 3077 5451 3266 5506; x_wconf 87' lang='lat' dir='ltr'><strong>Patres</strong></span> <span class='ocrx_word' id='word_1_793' title='bbox 3289 5451 3357 5506; x_wconf 89' lang='lat' dir='ltr'><strong>de</strong></span> <span class='ocrx_word' id='word_1_794' title='bbox 3375 5450 3610 5505; x_wconf 71' lang='lat' dir='ltr'><strong>Nicmnis</strong></span> <span class='ocrx_word' id='word_1_795' title='bbox 3639 5465 3836 5506; x_wconf 77' lang='lat' dir='ltr'><strong>cano-</strong></span> 
     </span>
    </p>
   </div>
   <div class='ocr_carea' id='block_1_113' title="bbox 2205 5540 3842 5616">
    <p class='ocr_par' dir='ltr' id='par_1_113' title="bbox 2205 5540 3842 5616">
     <span class='ocr_line' id='line_1_113' title="bbox 2205 5540 3842 5616; baseline -0.001 -15"><span class='ocrx_word' id='word_1_796' title='bbox 2205 5547 2365 5601; x_wconf 87' lang='lat' dir='ltr'><strong>nibus</strong></span> <span class='ocrx_word' id='word_1_797' title='bbox 2411 5545 2766 5616; x_wconf 88' lang='lat' dir='ltr'><strong>judicandum</strong></span> <span class='ocrx_word' id='word_1_798' title='bbox 2809 5559 2934 5598; x_wconf 88' lang='lat' dir='ltr'><strong>esse</strong></span> <span class='ocrx_word' id='word_1_799' title='bbox 2980 5552 3240 5612; x_wconf 91' lang='lat' dir='ltr'><strong>putarunt</strong></span> <span class='ocrx_word' id='word_1_800' title='bbox 3283 5559 3346 5597; x_wconf 78' lang='lat' dir='ltr'><strong>ex</strong></span> <span class='ocrx_word' id='word_1_801' title='bbox 3397 5540 3728 5612; x_wconf 84' lang='lat' dir='ltr'><strong>archetypis</strong></span> <span class='ocrx_word' id='word_1_802' title='bbox 3779 5553 3842 5599; x_wconf 88' lang='lat' dir='ltr'><strong>et</strong></span> 
     </span>
    </p>
   </div>
   <div class='ocr_carea' id='block_1_114' title="bbox 2137 5634 3846 5704">
    <p class='ocr_par' dir='ltr' id='par_1_114' title="bbox 2137 5634 3846 5704">
     <span class='ocr_line' id='line_1_114' title="bbox 2137 5634 3846 5704; baseline -0.001 -9"><span class='ocrx_word' id='word_1_803' title='bbox 2137 5651 2152 5659; x_wconf 73' lang='lat'><strong>‘</strong></span> <span class='ocrx_word' id='word_1_804' title='bbox 2205 5639 2533 5695; x_wconf 87' lang='lat' dir='ltr'><strong>authenticis</strong></span> <span class='ocrx_word' id='word_1_805' title='bbox 2561 5638 2712 5693; x_wconf 90' lang='lat' dir='ltr'><strong>lIbris</strong></span> <span class='ocrx_word' id='word_1_806' title='bbox 2742 5637 2930 5694; x_wconf 68' lang='lat' dir='ltr'><strong>Grrece</strong></span> <span class='ocrx_word' id='word_1_807' title='bbox 2959 5636 3196 5704; x_wconf 80' lang='lat' dir='ltr'><strong>scriptis.</strong></span> <span class='ocrx_word' id='word_1_808' title='bbox 3231 5637 3339 5691; x_wconf 84' lang='lat' dir='ltr'><strong>Sed</strong></span> <span class='ocrx_word' id='word_1_809' title='bbox 3367 5634 3552 5691; x_wconf 88' lang='lat' dir='ltr'><strong>eadem</strong></span> <span class='ocrx_word' id='word_1_810' title='bbox 3595 5639 3846 5694; x_wconf 86' lang='lat' dir='ltr'><strong>ratione</strong></span> 
     </span>
    </p>
   </div>
   <div class='ocr_carea' id='block_1_115' title="bbox 2210 5727 3846 5797">
    <p class='ocr_par' dir='ltr' id='par_1_115' title="bbox 2210 5727 3846 5797">
     <span class='ocr_line' id='line_1_115' title="bbox 2210 5727 3846 5797; baseline -0.001 -9"><span class='ocrx_word' id='word_1_811' title='bbox 2210 5732 2384 5788; x_wconf 88' lang='lat' dir='ltr'><strong>dicam</strong></span> <span class='ocrx_word' id='word_1_812' title='bbox 2426 5733 2494 5786; x_wconf 93' lang='lat' dir='ltr'><strong>de</strong></span> <span class='ocrx_word' id='word_1_813' title='bbox 2538 5729 2806 5785; x_wconf 85' lang='lat' dir='ltr'><strong>Africanis</strong></span> <span class='ocrx_word' id='word_1_814' title='bbox 2844 5727 3139 5784; x_wconf 84' lang='lat' dir='ltr'><strong>canonibus</strong></span> <span class='ocrx_word' id='word_1_815' title='bbox 3178 5729 3535 5797; x_wconf 87' lang='lat' dir='ltr'><strong>judicandum</strong></span> <span class='ocrx_word' id='word_1_816' title='bbox 3579 5743 3718 5785; x_wconf 87' lang='lat' dir='ltr'><strong>esse</strong></span> <span class='ocrx_word' id='word_1_817' title='bbox 3767 5747 3846 5787; x_wconf 75' lang='lat' dir='ltr'><strong>ex</strong></span> 
     </span>
    </p>
   </div>
   <div class='ocr_carea' id='block_1_116' title="bbox 2213 5820 3844 5899">
    <p class='ocr_par' dir='ltr' id='par_1_116' title="bbox 2213 5820 3844 5899">
     <span class='ocr_line' id='line_1_116' title="bbox 2213 5820 3844 5899; baseline -0.001 -18"><span class='ocrx_word' id='word_1_818' title='bbox 2213 5825 2536 5899; x_wconf 67' lang='lat' dir='ltr'><strong>archetypis;</strong></span> <span class='ocrx_word' id='word_1_819' title='bbox 2564 5825 2756 5881; x_wconf 86' lang='lat' dir='ltr'><strong>Latine</strong></span> <span class='ocrx_word' id='word_1_820' title='bbox 2779 5822 3016 5894; x_wconf 87' lang='lat' dir='ltr'><strong>scriptis.</strong></span> <span class='ocrx_word' id='word_1_821' title='bbox 3043 5820 3159 5878; x_wconf 87' lang='lat' dir='ltr'><strong>Non</strong></span> <span class='ocrx_word' id='word_1_822' title='bbox 3189 5823 3370 5880; x_wconf 85' lang='lat' dir='ltr'><strong>minus</strong></span> <span class='ocrx_word' id='word_1_823' title='bbox 3409 5825 3658 5894; x_wconf 84' lang='lat' dir='ltr'><strong>ineptum</strong></span> <span class='ocrx_word' id='word_1_824' title='bbox 3709 5835 3844 5895; x_wconf 86' lang='lat' dir='ltr'><strong>est,-</strong></span> 
     </span>
    </p>
   </div>
  </div>
