3992 6542
203 607 1435 619 mw

1150 846 2116 1003 CLEMENTI
2172 847 2457 1000 XII

949 1259 1833 1354 PONTIFICI
1940 1261 2646 1355 MAXIMO.

690 2021 1105 2082 Smcnssma
1150 2023 1387 2089 Ριτειι,

256 2363 552 2426 Eximius
578 2362 688 2424 ille
736 2361 1128 2424 Christiana
1155 2362 1486 2439 religionis
1516 2359 1807 2441 defensor
1832 2359 2158 2439 Origenes,
2191 2364 2370 2444 cujus
2400 2366 2654 2427 residua
2685 2380 2987 2451 quotquot
3008 2374 3285 2452 reperiri
3298 2394 3427 2455 po-

202 2474 434 2527 tuerunt
459 2482 683 2543 opera,
719 2462 1075 2543 faventibus
1106 2464 1483 2525 Sanctitatis
1518 2467 1666 2526 Tute
1693 2462 2023 2541 auspiciis,
2060 2464 2128 2525 in
2160 2465 2357 2526 lucem
2388 2469 2733 2545 prodeunt,
2767 2474 2860 2535 sic
2891 2485 3226 2553 augustum
3268 2496 3426 2538 san-

197 2574 464 2643 ctumque
491 2566 765 2627 Romani
792 2565 1123 2644 Pontiﬁcis
1156 2583 1383 2625 nomen
1410 2565 1609 2627 coluit
1644 2585 1718 2626 ac
1772 2574 2104 2626 veneratus
2152 2576 2266 2638 est,
2306 2577 2378 2629 ut
2424 2575 2667 2636 ca'teris
2714 2594 2843 2636 esse
2889 2586 3073 2656 queat
3114 2579 3412 2659 exemplo,

186 2667 437 2729 Noverat
468 2667 906 2746 apostolorum
942 2666 1020 2748 (δ)
1050 2666 1411 2747 principem
1440 2674 1736 2727 aeternam
1773 2666 1948 2733 illam
1979 2669 2333 2731 instituisse
2362 2672 2570 2733 Romae
2597 2694 2669 2737 ac
2700 2678 3012 2755 sanguine
3051 2697 3163 2739 suo
3214 2700 3428 2741 conse-

186 2786 370 2829 crasse
399 2766 648 2841 Scdem,
678 2784 813 2845 qua:
841 2785 1085 2846 semper
1120 2768 1423 2829 haereseos
1453 2767 1666 2828 nescia
1698 2765 1809 2849 (b),
1857 2786 2100 2848 semper
2135 2770 2466 2849 religionis
2500 2785 2556 2835 et
2590 2775 2893 2838 Ecclesia:
2933 2790 3122 2858 caput
3159 2791 3271 2854 est,
3320 2802 3428 2843 ne-

183 2872 627 2948 cessariumque
678 2869 1018 2933 Catholica:
1062 2868 1334 2930 unitatis
1374 2878 1676 2929 centrum.
1729 2869 2000 2953 Hinc(c)
2083 2893 2114 2928 cr
2165 2874 2619 2952 antiquissima:
2658 2878 3082 2939 Romanorum
3126 2881 3425 2943 Ecclesia

182 2988 381 3032 coram
403 2969 688 3033 videndae
720 2980 895 3031 tanto
928 2969 1228 3050 ﬂagravit
1256 2968 1596 3045 desiderio,
1626 2990 1658 3024 ι
1696 2977 1768 3029 ut
1799 2969 2133 3048 quominus
2164 2971 2247 3032 ad
2275 2992 2404 3033 eam
2425 3019 2440 3046 ,
2478 2997 2508 3031 α
2543 2976 2929 3055 gubernante
2974 2982 3319 3059 Zephirino
3343 3029 3358 3056 ,
3394 3008 3420 3038 ρ

182 3072 520 3149 accederet,
549 3092 664 3135 nec
705 3073 989 3134 locorum
1035 3069 1506 3150 intercapedine
1531 3114 1549 3145 ,
1587 3088 1701 3132 nec
1746 3073 1989 3134 recenti
2023 3073 2493 3153 quamplurium
2538 3087 2888 3157 martyrum
2936 3078 3095 3141 ewde
3137 3084 3421 3159 potuerit

178 3175 532 3239 absterreri.

245 3348 491 3423 Quanto
515 3355 725 3408 autem
758 3347 1153 3427 praeclarius,
1190 3346 1586 3409 sanctissime
1618 3345 1811 3408 Pater
1835 3391 1852 3423 ,
1889 3366 2029 3409 cum
2060 3346 2173 3409 illo
2216 3365 2385 3409 nunc
2415 3348 2631 3427 agitur
2651 3392 2668 3421 ,
2704 3349 2809 3409 cui
2836 3347 2903 3409 in
2936 3349 3050 3410 hac
3081 3367 3243 3410 nova
3268 3369 3419 3430 ope-

177 3467 303 3509 rum
329 3466 593 3510 suorum
632 3445 905 3509 editione
940 3449 1345 3510 reviviscenti
1400 3449 1630 3510 iterum
1667 3457 1762 3508 tot
1803 3447 2038 3527 elapsis
2074 3448 2323 3509 saeculis
2355 3447 2547 3509 datur
2577 3447 2846 3509 eamdem
2877 3451 3149 3511 omnium
3196 3452 3420 3512 Eccle-

177 3552 399 3611 siarum
436 3550 713 3611 Matrem
742 3548 1092 3608 Ecclesiam
1127 3548 1512 3627 conspicere,
1542 3565 1670 3608 non
1683 3548 1825 3628 jam
1854 3547 1967 3609 sub
2000 3547 2221 3609 acerbo
2249 3548 2615 3621 Caracalla’,
2649 3549 2832 3629 impii
2871 3551 3170 3628 avarique
3223 3551 3419 3629 impe-

180 3654 431 3724 ratoris,
450 3653 611 3733 jugo
639 3660 999 3730 gementem,
1033 3649 1147 3711 sed"
1177 3650 1381 3711 laetam
1406 3669 1479 3711 ac
1528 3651 2040 3731 triumphantem,
2073 3668 2153 3711 ex
2183 3668 2302 3730 quo
2338 3650 2693 3730 prtesertim
2724 3668 2753 3710 e
2779 3652 3185 3730 perantiqua,
3233 3651 3420 3712 nobi-

178 3751 430 3827 lissima,
455 3753 870 3830 heroibusque
896 3751 1172 3832 fecunda
1212 3752 1628 3815 Corsinorum
1651 3753 1896 3831 familia
1922 3753 2154 3813 sortita
2181 3760 2274 3812 est
2285 3751 2628 3831 plaudente
2671 3752 2816 3812 orbe
2848 3752 3211 3814 Christiano
3236 3754 3423 3832 prin-

177 3857 382 3934 cipem,
421 3871 544 3932 quo
578 3852 789 3912 omnia
829 3850 1091 3931 fortiter
1117 3851 1515 3928 suaviterque
1560 3847 1933 3928 disponente
1974 3849 2139 3911 nihil
2182 3858 2273 3909 est
2312 3846 2479 3927 quod
2510 3848 2810 3928 felicitati
2842 3866 2972 3909 suae
3022 3848 3233 3910 deesse
3278 3870 3426 3912 con-

178 3967 487 4036 queratur.

245 4129 585 4211 E’cquando
622 4129 807 4203 enim,
841 4128 1194 4191 beatissime
1239 4128 1454 4201 Pater,
1487 4126 1781 4208 feliciora
1819 4144 1946 4187 esse
1986 4134 2212 4206 queant
2253 4127 2461 4187 Roma:
2492 4135 2796 4203 tempora,
2832 4145 3015 4205 quam
3053 4145 3193 4187 cum
3234 4128 3424 4187 resti-

177 4230 374 4291 tuitur
402 4250 561 4292 cura
596 4241 707 4292 tua
731 4233 1023 4313 majestas
1059 4233 1283 4310 legum,
1324 4231 1735 4292 emendantur
1763 4248 1988 4305 mores,
2025 4248 2179 4289 suus
2213 4230 2443 4291 virtuti
2470 4229 2666 4290 honos
2695 4238 2963 4301 constat,
2996 4247 3261 4289 annonae
3286 4228 3426 4307 ple-

171 4328 263 4391 bis
299 4334 539 4397 abunde
564 4335 954 4405 consulitur,
988 4351 1195 4394 severe
1219 4335 1287 4394 in
1317 4334 1534 4394 cerarii
1565 4330 2039 4410 depeculatores
2068 4329 2627 4401 animadvertitur,
2658 4329 2945 4390 liberales
2967 4339 3425 4411 promoventur

170 4443 363 4509 artes,
393 4447 447 4496 et
473 4435 739 4515 mdiﬁcia
765 4436 1030 4515 publica
1059 4436 1151 4497 ita
1180 4433 1613 4511 munificentia
1645 4445 1755 4494 tua
1796 4452 1869 4493 ac
1915 4429 2301 4494 liberalitate
2339 4448 2481 4491 vere
2519 4432 2694 4509 regia
2723 4432 2820 4491 vel
2860 4432 3295 4510 perﬁciuntur
3328 4431 3425 4489 vel

166 4532 563 4612 reﬁciuntur,
594 4545 670 4597 ut
710 4536 781 4597 in
813 4535 990 4597 nullo
1021 4539 1152 4616 fere
1183 4535 1661 4613 magniﬁcentiw
1687 4553 1913 4612 genere
1941 4536 2138 4596 veteri
2166 4534 2375 4595 Romw
2409 4532 2711 4594 hodierna
2744 4533 2942 4593 Roma
2984 4535 3284 4592 concedat
3312 4534 3341 4591 ?

240 4695 449 4777 Neque
477 4718 652 4773 vero,
689 4719 827 4761 cum
856 4699 1333 4779 angustioribus
1368 4717 1559 4770 nunc,
1593 4702 1703 4780 qui
1736 4702 1883 4762 olim
1909 4700 2307 4779 amplissimi,
2356 4701 2651 4777 cingatur
2678 4698 2838 4760 ditio
2870 4699 3151 4757 Romana
3187 4697 3413 4757 limiti-

164 4796 299 4871 bus,
332 4802 413 4863 iis
446 4804 635 4863 etiam
682 4804 934 4863 animus
983 4812 1131 4862 tuus
1189 4802 1409 4862 mundi
1452 4820 1658 4879 capax
1706 4803 2108 4874 continetur,
2149 4800 2256 4860 sed
2297 4817 2790 4879 quaquaversum
2836 4808 3095 4876 urgente
3146 4799 3420 4857 omnium

170 4902 597 4967 Eeelesiarum
627 4905 1058 4968 sollicitudine
1094 4905 1175 4966 ad
1204 4907 1487 4984 singulas
1522 4904 1875 4966 Christiani
1907 4904 2079 4965 orbis
2104 4913 2322 4984 partes
2355 4912 2461 4962 tua
2490 4920 2553 4960 se
2587 4898 2869 4961 extendit
2894 4898 3321 4978 providentia,
3363 4905 3419 4956 et

164 5005 270 5065 sub
301 5006 482 5066 alma:
515 5006 730 5081 Pacis,
758 5024 940 5085 quam
969 5009 1138 5069 inter
1170 5007 1528 5069 Catholieos
1554 5006 1883 5084 principes
1914 5003 2169 5066 assidue
2193 5006 2387 5082 foves,
2413 5001 2777 5063 umbraculo
2815 4999 3169 5060 evelluntur
3192 4999 3419 5077 ubique

164 5109 467 5168 vitiorum
495 5110 759 5187 stirpes,
796 5118 1263 5187 componuntur
1294 5117 1520 5168 exorta
1554 5111 1623 5170 in
1651 5109 1958 5170 Ecclesiis
2004 5107 2295 5177 dissidia,
2356 5104 2628 5166 debitum
2670 5104 3032 5181 apostolica
3074 5100 3208 5161 sedi
3248 5117 3418 5178 pra-

163 5216 373 5269 statur
402 5209 786 5288 obsequium,
818 5228 932 5269 sua
971 5212 1261 5289 gentibus
1285 5208 1391 5270 dat
1410 5210 1569 5289 jura
1598 5211 1855 5280 veritas,
1894 5208 2251 5287 Christique
2272 5208 2339 5268 in
2370 5207 2502 5268 dies
2538 5203 2877 5284 efﬂorescit
2907 5202 3259 5280 imperium.

242 5378 367 5437 Tot
392 5379 730 5457 tantisque,
762 5379 1155 5439 sanctissime
1187 5379 1406 5450 Pater,
1460 5378 1972 5440 Christianorum
1997 5374 2305 5454 Pontiﬁee
2327 5390 2468 5434 vere
2498 5371 2712 5451 dignis
2745 5367 3087 5450 impeditus
3116 5369 3315 5439 curis.
3348 5366 3422 5427 de

161 5474 606 5556 singulariillo
622 5495 745 5556 quo
768 5496 1036 5557 semper,
1069 5480 1206 5557 ipse
1236 5478 1661 5551 doctissimus,
1685 5480 2000 5540 litteratos
2019 5477 2193 5537 viros
2215 5482 2588 5554 persecutus
2609 5490 2671 5531 es
2700 5488 2905 5531 amore
2936 5468 3099 5531 nihil
3123 5469 3418 5529 remittis.

228 5696 315 5783 ἕςὶ
338 5697 580 5783 ρτίεεη-Αν
608 5708 653 5753 ι·
681 5698 724 5753 ιι
767 5697 942 5783 huius
972 5698 1284 5783 editum-
1308 5701 1421 5783 9.4:.
1858 5770 2024 5783 ..-
2232 5772 2245 5783 .

225 5768 320 5907 (δὲ
347 5768 591 5836 Bossuel,
623 5770 890 5848 concione
918 5770 1102 5824 habita
1136 5771 1190 5824 in
1218 5768 1454 5828 comitiis
1466 5770 1808 5840 generalibus
1827 5770 1956 5826 cleri
1985 5771 2272 5828 Gallicani.

229 5839 290 5908 (ε
352 5839 568 5904 Euseb,
601 5839 699 5894 lib.
731 5856 782 5893 Vl
807 5836 974 5901 H1st.,
992 5853 1108 5909 cap.
1141 5841 1228 5895 H.

444 5930 715 5992 Ρλτιιοι.
750 5932 866 5992 Gn.
900 5927 1013 5991 XI.

3102 5943 3133 5997 1
