3992 6566
514 412 577 475 li
1707 408 2038 465 EPISTOLA
2084 406 2540 465 DEDICATORIA
2552 436 2573 461 .-
3430 448 3447 457 -
3694 410 3759 464 l2

515 532 853 597 Subseciva
897 530 1014 594 tibi
1050 539 1203 591 sunt
1249 538 1556 606 tempora,
1606 525 1831 605 quibus
1884 525 2028 585 illos
2075 533 2343 602 paterno
2387 525 2763 586 Sanctitatis
2820 525 2966 585 Tute
3003 524 3278 605 alloquio
3326 524 3651 605 dignaris,
3700 540 3757 588 et

517 652 697 714 quos,
729 642 1061 713 antequam
1104 648 1341 690 summa
1394 629 1477 688 Te
1524 626 1731 687 virtus
1771 624 1853 684 ad
1890 643 2194 683 summum
2218 625 2657 703 pontiﬁcatum
2704 626 3005 699 eveheret,
3045 626 3209 686 alter
3238 627 3542 688 Mectenas
3572 627 3751 689 bene-

515 734 789 797 volentia
805 729 1335 812 complectebaris,
1366 746 1466 787 eos
1498 744 1688 800 nunc,
1719 743 1931 786 rerum
1957 724 2222 797 arbiter,
2242 727 2569 804 perpetuis
2602 724 2911 803 beneﬁciis
2944 728 3260 786 cumulare
3289 736 3346 786 et
3378 727 3459 787 ad
3490 729 3757 808 majores

518 845 780 896 conatus
816 832 1147 896 incendere
1176 850 1304 895 non
1341 831 1598 892 desinis.
1632 830 1802 890 Hinc
1848 847 1989 908 spes
2034 827 2280 907 affulsit
2304 831 2475 908 fore,
2504 837 2576 888 ut
2615 847 2726 889 nec
2760 829 3100 891 Sanctitati
3135 832 3283 890 Tute
3324 839 3490 890 totus
3529 830 3756 911 displi-

517 943 683 997 ceret
712 933 1011 1013 Origenes
1045 930 1149 1012 (δ),
1208 954 1237 986 α
1274 932 1341 991 in
1370 950 1488 1010 quo
1530 938 1705 991 tanta
1746 930 1843 990 vis
1884 930 2123 1007 ingenii
2152 974 2167 997 ,
2202 937 2328 988 tam
2373 930 2565 1001 acris,
2609 939 2733 989 tam
2758 927 3094 1009 profundi,
3131 938 3305 989 tanta
3348 928 3651 991 doctrince
3680 948 3757 990 ac

516 1037 714 1098 totius
750 1034 1127 1096 eruditionis
1172 1032 1658 1110 magniﬁcentia,
1708 1054 1736 1086 n
1769 1039 1838 1088 ut
1886 1029 2132 1089 Graecia
2174 1029 2288 1088 illa
2332 1030 2730 1105 ingeniorum
2758 1031 2951 1107 ferax
2999 1032 3054 1090 ei
3083 1030 3196 1091 via:
3223 1047 3442 1108 parem
3489 1030 3757 1093 edidisse

512 1136 824 1199 videatur.

593 1305 805 1383 Neque
848 1310 938 1362 est
966 1300 1133 1381 quod
1165 1300 1381 1361 dicunt
1415 1298 1527 1379 (b),
1565 1320 1594 1353 α
1638 1295 1784 1357 dum
1817 1298 2071 1373 ingenio
2105 1315 2216 1355 suo
2247 1297 2507 1357 nimium
2546 1296 2832 1375 indulget
2861 1297 3099 1377 sibique
3141 1300 3299 1359 satis
3342 1297 3575 1371 credit,
3609 1298 3755 1359 dum

442 1436 453 1456 ι·
508 1408 836 1485 antiquam
855 1404 1233 1467 Christianae
1248 1400 1395 1481 ﬁdei
1415 1400 1880 1479 simplicitatem
1902 1399 2473 1475 ecclesiasticasque
2494 1396 2867 1459 traditiones
2898 1417 2970 1459 ac
3000 1408 3275 1460 veterum
3334 1402 3700 1478 magisteria
3722 1426 3752 1457 ν

503 1510 776 1580 deserit,
816 1510 886 1570 in
912 1515 1293 1587 portentosa
1322 1502 1689 1583 quandoque
1718 1501 1971 1580 prolabi
2006 1500 2255 1569 deliria,
2299 1518 2411 1560 nec
2461 1499 2813 1561 venerando
2852 1502 3077 1562 summi
3127 1500 3456 1578 Pontificis
3504 1502 3745 1562 nomini

514 1614 810 1673 decenter
841 1608 1209 1688 nuncupari
1239 1625 1433 1687 opera
1463 1605 1733 1668 hominis
1766 1603 1843 1683 (ο)
1873 1605 1995 1664 «in
2024 1604 2204 1682 cujus
2236 1602 2690 1663 damnationem
2722 1612 2934 1662 coacto
2968 1614 3189 1664 senatu
3226 1605 3542 1665 consensit
3591 1602 3744 1663 urbs

514 1714 731 1773 Roma.
768 1732 799 1767 ι»
832 1705 1240 1784 Quidnivero,
1282 1703 1668 1764 sanctissime
1699 1703 1909 1771 Pater,
1941 1704 1997 1762 si
2016 1710 2181 1762 totus
2211 1720 2337 1761 non
2363 1710 2557 1762 scatet
2582 1701 2880 1780 Origenes
2906 1703 3371 1777 erroribus,sed
3392 1705 3619 1782 paucis
3647 1706 3758 1765 ha-

513 1811 611 1872 bet
637 1810 943 1890 permista
988 1806 1170 1866 malis
1202 1805 1364 1866 bona
1392 1804 1840 1883 propemodum
1879 1805 2244 1869 innumera;
2293 1804 2350 1863 si
2382 1821 2493 1863 nec
2526 1804 2805 1864 erroneis
2844 1804 2977 1882 ejus
3013 1805 3428 1883 opinamentis
3464 1808 3753 1883 patroci-

510 1914 690 1974 nium
720 1910 1066 1989 quteritur,
1101 1926 1214 1967 nec
1260 1904 1481 1967 iisdem
1529 1905 1788 1983 ipsemet
1834 1903 2257 1981 pervicaciter
2291 1903 2599 1964 adhtesit?
2646 1903 2985 1965 Eruditum
3032 1905 3321 1983 alloquor
3367 1906 3753 1983 Ponti/icem,

513 2015 624 2093 qui
655 2012 940 2092 apprime
968 2011 1145 2071 novit
1178 2009 1266 2088 (d)
1316 2011 1522 2087 ipsum
1557 2006 1803 2066 violata:
1832 2004 1980 2083 ﬁdei
2018 2003 2190 2083 apud
2220 2004 2420 2065 sedem
2462 2005 2870 2085 apostolicam
2896 2023 3094 2076 reum,
3139 2004 3368 2066 litteris
3399 2004 3481 2066 ad
3511 2004 3755 2066 beatum

514 2114 864 2176 Fabianum
890 2109 1322 2189 pcenitentiam
1350 2108 1762 2186 signiﬁcasse.
1793 2104 1976 2181 Quod
2007 2106 2066 2165 si
2098 2106 2165 2165 in
2200 2105 2381 2165 illum
2409 2105 2484 2166 ab
2514 2105 2769 2169 Oriente
2806 2106 3164 2167 damnatum
3193 2106 3527 2166 accesserit
3549 2105 3760 2186 judex

512 2217 732 2287 Roma,
764 2211 929 2274 nihil
962 2212 1215 2283 mirum,
1257 2229 1323 2270 eo
1362 2219 1660 2287 tempore,
1693 2224 1812 2284 quo
1845 2206 2234 2267 celeberrimi
2260 2206 2410 2277 viri,
2451 2204 2523 2267 de
2552 2224 2671 2286 quo
2699 2226 2923 2285 magna
2952 2217 3133 2268 erant
3169 2210 3519 2270 animorum
3548 2207 3761 2270 divor-

515 2318 627 2391 tia,
648 2313 1153 2396 percrebrescens
1183 2312 1253 2372 in
1284 2309 1415 2371 dies
1445 2310 1640 2387 magis
1678 2308 1991 2386 magisque
2016 2308 2181 2386 fama
2201 2308 2479 2387 favorem
2507 2306 2951 2370 audacioribus
2986 2310 3256 2371 inventis
3295 2308 3468 2388 apud
3495 2310 3754 2388 imperi-

516 2429 643 2479 tam
680 2416 1105 2493 novitatisque
1153 2411 1397 2475 avidam
1422 2411 1665 2491 plebem
1712 2420 1847 2471 erat
1896 2408 2339 2471 conciliatura.
2382 2411 2598 2472 Verum
2619 2420 2791 2494 post,
2824 2410 2935 2473 ubi
2963 2413 3190 2491 sopitis
3226 2408 3653 2473 Ecclesiarum
3683 2412 3760 2473 de

503 2518 784 2597 Origene
813 2516 1155 2579 discordiis
1188 2516 1256 2574 in
1288 2517 1562 2574 omnium
1601 2522 2017 2591 contemptum
2042 2523 2346 2573 venerunt
2376 2514 2733 2591 singularia
2763 2513 2892 2594 ejus
2926 2515 3193 2594 placita,
3225 2516 3443 2575 mitius
3475 2533 3613 2575 cum
3643 2514 3756 2575 illo

514 2622 620 2697 agi
648 2628 914 2695 coeptum
950 2628 1065 2691 est,
1088 2619 1323 2679 sensim
1345 2614 1778 2695 paulatimque
1816 2613 1885 2673 in
1912 2611 2380 2674 desuetudinem
2414 2613 2703 2675 abierunt
2733 2614 2805 2676 de
2832 2635 2959 2677 non
2986 2615 3259 2695 legendis
3292 2618 3424 2698 ejus
3462 2613 3759 2694 operibus

514 2719 965 2781 Ecclesiastica
1012 2717 1286 2790 decreta,
1321 2727 1379 2777 et
1424 2714 1761 2795 prtevaluit
1792 2713 2039 2775 tandem
2069 2715 2533 2776 consultissima
2563 2717 2677 2777 illa
2706 2719 3077 2796 Hieronymi
3108 2719 3423 2780 sententia
3444 2762 3459 2789 ,
3498 2736 3621 2796 qua
3672 2714 3758 2796 (e)

516 2840 545 2872 ε
579 2817 907 2897 Origenem
933 2824 1204 2897 propter
1228 2815 1642 2877 eruditionem
1664 2818 1754 2877 sic
1775 2815 2089 2878 interdum
2102 2813 2422 2895 legendum
2451 2835 2578 2876 esse
2602 2821 3077 2896 »pronuntiat,«
3104 2818 3405 2897 quomodo
3426 2817 3763 2879 Tertullia-

510 2938 684 2992 num,
717 2914 1050 2994 Novatum,
1082 2918 1453 2991 Arnobium,
1486 2915 1978 2997 Apollinarium,
2012 2929 2069 2979 et
2095 2920 2433 2981 nonnullos
2466 2920 2919 2982 ecclesiasticos
2961 2922 3307 3000 scriptores
3342 2919 3588 2981 Grazcos
3638 2936 3759 2997 pa-

510 3019 676 3079 riter
707 3030 766 3079 et
795 3016 1082 3092 Latinos,
1114 3026 1189 3078 ut
1234 3017 1397 3079 bona
1426 3034 1640 3077 eorum
1670 3014 2008 3095 diligamus
2038 3014 2418 3097 vitemusque
2466 3021 2834 3089 contraria;
2888 3038 3081 3099 neque
3130 3021 3290 3081 enim
3336 3031 3599 3099 propter
3640 3019 3757 3079 do-

516 3124 789 3183 ctrinam
822 3124 952 3202 ejus
981 3139 1181 3199 prava
1221 3119 1627 3198 suscipienda
1660 3138 1789 3178 esse
1832 3119 2138 3197 dogmata,
2192 3139 2303 3181 nec
2349 3130 2621 3201 propter
2668 3122 3021 3203 dogmatum
3053 3126 3452 3204 pravitatem,
3499 3124 3559 3185 si
3603 3142 3759 3205 quos

513 3223 989 3283 commentarios
1020 3222 1089 3282 in
1118 3221 1488 3300 Scripturas
1518 3230 1772 3280 sanctas
1804 3220 1995 3281 utiles
2036 3218 2254 3296 edidit,
2282 3223 2537 3296 penitus
2569 3242 2697 3285 esse
2725 3224 3133 3305 respuendas.
3172 3249 3202 3285 ι

592 3392 741 3453 Ηωσ
772 3391 1019 3470 aliaque
1047 3387 1373 3471 ejusmodi,
1405 3388 1774 3451 Beatissime
1810 3388 2029 3459 Pater,
2062 3407 2268 3450 secum
2300 3391 2445 3452 olim
2473 3394 2678 3454 animo
2696 3403 2996 3473 reputans
3021 3414 3294 3458 summus
3320 3400 3616 3478 pontifex
3646 3397 3763 3461 Ni-

515 3490 728 3551 colaus
768 3492 1048 3572 quintus,
1079 3491 1245 3553 nihil
1272 3510 1401 3551 non
1433 3491 1648 3565 movit,
1700 3508 1817 3569 quo
1871 3491 2120 3554 Gra'cas
2152 3493 2314 3554 tanti
2337 3494 2465 3555 viri
2499 3494 2803 3574 reliquias
2845 3496 3248 3579 undequaque
3298 3498 3624 3580 colligeret
3656 3498 3753 3581 (Τ).

509 3591 1131 3672 Constantinopolim
1159 3610 1351 3671 usque
1379 3594 1574 3666 misit,
1608 3595 1716 3671 qui
1745 3604 2056 3674 coemptos
2086 3594 2167 3654 ad
2213 3614 2277 3653 se
2306 3593 2579 3676 deferret
2620 3610 2759 3660 octo
2804 3602 2935 3680 ejus
2988 3610 3210 3662 contra
3252 3602 3498 3665 Celsum
3531 3602 3755 3674 libros,

510 3694 625 3756 ubi
672 3696 1064 3775 Epicureum
1112 3697 1294 3757 illum
1331 3696 1706 3759 Christiana:
1740 3698 2041 3777 religioni
2065 3699 2445 3778 juveniliter
2487 3687 2896 3763 insultantem
2945 3704 3241 3765 immensa
3279 3706 3480 3765 omnis
3514 3706 3759 3783 generis

510 3794 868 3856 eruditione
910 3807 1096 3875 atque
1144 3796 1547 3860 ineluctabili
1592 3807 2106 3876 argumentorum
2151 3800 2215 3861 vi
2246 3801 2605 3878 prosternit
2642 3812 2702 3863 et
2744 3803 2975 3867 obruit.
3000 3802 3085 3884 (ε)
3163 3805 3291 3865 Eos
3323 3805 3549 3877 libros,
3610 3802 3762 3865 licet

511 3896 818 3956 nonnulla
839 3898 1078 3959 erroris
1109 3897 1242 3958 labe
1272 3916 1587 3977 aspersos.
1622 3918 1759 3960 cum
1795 3918 1824 3958 e
1852 3898 2070 3961 Grceco
2101 3900 2168 3961 in
2197 3900 2490 3963 Latinum
2516 3920 2857 3964 sermonem
2887 3905 3318 3967 transtulisset
3347 3906 3765 3985 Christopho-

512 4015 624 4057 rus
655 3997 958 4073 Persona,
984 3998 1107 4059 sibi
1142 3997 1456 4058 dedicatos
1485 3999 1687 4060 voluit
1716 3999 1940 4060 Sixtus
1972 4010 2258 4079 quartus,
2286 4001 2466 4083 cujus
2497 4013 2803 4064 assertum
2839 4004 3102 4085 Origeni
3122 4011 3556 4086 patrocinium
3589 4026 3766 4087 spem

509 4090 668 4181 facit
690 4101 853 4181 fore,
884 4111 958 4162 ut
990 4103 1086 4161 Tu
1112 4118 1376 4179 quoque,
1407 4101 1815 4163 Sanctissime
1837 4102 2050 4175 Pater,
2083 4120 2303 4164 novam
2332 4107 2495 4168 hanc
2524 4106 2924 4168 residuorum
2951 4112 3083 4189 ejus
3117 4128 3375 4189 operum
3403 4110 3762 4188 editionem,

516 4209 813 4261 eeternum
843 4220 1094 4264 summa:
1120 4223 1267 4265 mere
1302 4204 1615 4283 totiusque
1654 4206 2163 4285 congregationis
2196 4206 2262 4269 S.
2296 4208 2515 4271 Mauri
2556 4227 2705 4288 erga
2776 4220 2831 4270 te
2873 4222 3268 4292 sanctamque
3296 4214 3498 4276 sedem
3537 4214 3768 4276 obser-

516 4307 744 4368 vantia
763 4316 947 4384 atque
973 4306 1181 4368 intimi
1212 4305 1493 4384 obsequii
1526 4309 1997 4383 monimentum,
2028 4309 2286 4390 benigne
2313 4314 2598 4391 accipias
2621 4358 2638 4388 ,
2667 4316 3197 4397 apostolicamque
3228 4319 3617 4398 impertiaris
3648 4319 3765 4381 be-

511 4406 951 4482 nedictionem,
980 4426 1165 4486 quam
1195 4409 1471 4489 supplex
1500 4410 1811 4489 efﬂagitat

2996 4602 3315 4659 Sanctitatis
3348 4603 3477 4659 Tua:

2249 4865 2784 4934 Obsequemissimus
2829 4877 2886 4922 et
2926 4868 3333 4927 addictissimus
3361 4885 3549 4929 servus

2325 4936 2532 5013 Frater_
2566 4936 3113 5013 ϐθεοιυεριμιυι,
3158 4943 3445 5013 presbyter
3490 4955 3546 4998 et

2322 5007 2620 5083 monachus
2646 5008 3027 5083 Benedictinus
3059 5026 3090 5066 θ
3128 5007 3548 5083 congregatione

2323 5076 2507 5131 Sancti
2540 5078 2730 5132 Mauri.

610 5324 661 5387 θ)
690 5322 943 5381 Vincent.
966 5323 1143 5385 Lirin.
1174 5326 1229 5383 in
1255 5327 1575 5387 Commonit.

610 5340 639 5378 ε
690 5324 943 5381 Vincent.
966 5324 1015 5381 Β

583 5324 665 5536 ἑϋξ
694 5394 860 5481 idem.
887 5396 1015 5451 ibid.

607 5477 637 5519 c
693 5465 914 5536 iiieron.
943 5480 1009 5535 ap

607 5465 661 5548 ρ)
693 5465 914 5548 ξξῇειιοη.
943 5465 1086 5548 αι)ᾳᾲ
1112 5465 1291 5548 Rufin.
1317 5468 1412 5548 lib.
1435 5468 1701 5548 i‘iulnvect.
1724 5473 1855 5527 edit.
1884 5474 2110 5548 Bened.,
2143 5486 2272 5548 tom.
2303 5474 2391 5543 IV,
2424 5493 2476 5548 p.
2505 5479 2631 5537 450.

583 5533 650 5604 (α’
698 5533 919 5590 Hieron.
953 5533 1113 5605 epist.
1151 5537 1242 5604 41,
1273 5538 1407 5593 alias
1442 5540 1533 5606 65,
1565 5543 1630 5594 ad
1663 5542 2072 5599 Pammachium
2095 5533 2151 5603 ἐι
2173 5533 2473 5603 Oceanum.

583 5538 902 5675 (eiljieron.
936 5605 1098 5675 epist.
1125 5606 1215 5670 56,
1246 5610 1384 5661 alias
1414 5609 1504 5675 76,
1532 5614 1598 5664 ad
1630 5612 2097 5675 Tranquillinum.

583 5603 659 5684 (ε)
682 5603 902 5684 ρξετᾳιι.
936 5603 1098 5684 epist,
1125 5606 1215 5670 56,
1246 5603 1598 5684 aliasjﬁfad
1630 5612 2097 5684 Traliquillinum.

680 5673 924 5799 afﬁxam
946 5671 1273 5731 eruditorum
1296 5671 1501 5749 Italia,
1531 5691 1659 5737 lom.
1692 5671 1834 5747 XIX.
1866 5696 1969 5740 art.
2010 5684 2095 5743 η.
