3992 6540
235 399 291 454 ιδ
1640 391 2026 449 ΡΙὶΑἰπΑΤΙΟ.
3406 395 3471 452 η

257 553 608 568 ————-———

643 554 964 563 .———_——.....
976 555 1180 562 ——-——-—
1203 558 1210 560 .
1235 556 1310 561 ο...-
1325 555 1406 561 -οδρ
1419 556 1424 558 -
1437 554 1570 559 --ρ-.-η

2171 553 2324 560 __-._-.
2343 555 2550 561 .__...__-_.
2585 556 3412 570 --....,--ρς..-----ο-.-----------..........Δ
3443 564 3470 576 ρ

1397 714 2281 844 ΡΒᾸΕΡΑΤΙΟ.

291 1120 430 1177 Inter
473 1131 690 1176 veteres
721 1120 977 1176 Ecclesia:
1021 1119 1224 1174 Graeca:
1267 1116 1565 1186 scriptores
1612 1113 1796 1168 nullus
1826 1117 1872 1172 Α
1902 1113 2126 1164 relicum
2155 1120 2204 1164 et
2245 1111 2638 1180 corruptionem
2682 1127 2743 1164 ac
2784 1113 3128 1179 perditionem
3181 1114 3479 1167 animarum

233 1215 334 1270 lere
364 1223 449 1268 est
479 1215 572 1283 qui
605 1215 672 1268 de
700 1228 758 1267 se
788 1221 993 1266 tantam
1030 1221 1290 1282 quantam
1320 1209 1584 1278 Origenes
1616 1207 1800 1260 erudi-

235 1308 383 1361 tionis
409 1307 613 1360 famam
644 1306 929 1376 reliquerit
955 1306 1094 1374 apud
1124 1314 1390 1373 posteros.
1415 1303 1498 1356 Ad
1534 1304 1800 1356 humanas

233 1396 540 1466 disciplinas
575 1395 718 1464 quod
766 1394 989 1459 attinet,
1038 1393 1392 1456 dialecticam,
1441 1401 1579 1446 teste
1612 1391 1801 1446 Hiero-

236 1503 387 1557 nymo
444 1486 556 1557 (α),
613 1485 987 1554 geometriam,
1041 1483 1461 1548 arithmeticam,
1515 1484 1798 1546 musicam,

234 1579 659 1646 grammaticam,
705 1575 1040 1638 rhetoricam,
1093 1576 1432 1644 omniumque
1473 1577 1804 1644 philosopho-

234 1686 342 1722 rum
377 1679 550 1722 sectas
581 1671 654 1722 ita
691 1669 902 1734 didicit,
935 1680 990 1720 ut
1021 1671 1283 1722 studiosos
1312 1687 1544 1740 quosque
1575 1671 1799 1724 swcula-

233 1761 362 1810 rium
391 1759 690 1811 litterarum
724 1769 1001 1812 sectatores
1037 1758 1270 1813 haberet.
1293 1759 1602 1824 chularis,
1633 1762 1804 1831 inquit

237 1849 494 1904 Eusebius
537 1851 631 1920 (ὁ),
668 1851 983 1904 litteratura:
1024 1860 1075 1903 et
1107 1851 1449 1918 philosophice
1484 1854 1665 1904 studia
1706 1854 1805 1906 sibi

235 1941 490 2006 imprimis
521 1945 817 1995 necessaria
848 1959 958 1995 esse
988 1943 1322 1995 existimavit.
1355 1942 1619 2008 Quantum
1645 1960 1803 2012 porro

234 2033 284 2083 in
322 2033 388 2084 iis
429 2033 620 2085 studiis
651 2035 975 2098 exrelluerit,
1027 2047 1178 2090 testes
1213 2045 1333 2089 sunt
1378 2037 1475 2100 ipsi
1533 2037 1804 2105 gentilium

234 2122 546 2191 philosophi,
579 2126 666 2194 qui
697 2127 810 2192 ejus
841 2138 994 2180 (etate
1036 2129 1354 2195 ﬂoruerunt,
1406 2143 1626 2196 quorum
1657 2127 1712 2179 in
1741 2128 1806 2178 li-

234 2217 331 2268 bris
366 2216 608 2268 crebram
639 2217 798 2284 hujus
839 2219 932 2270 viri
964 2219 1277 2270 mentionem
1307 2219 1424 2286 ﬁeri
1462 2219 1806 2283 deprehendic

235 2323 364 2371 mus,
403 2309 532 2358 dum
562 2307 640 2360 vel
669 2309 908 2378 proprios
936 2309 1099 2362 libros
1139 2311 1186 2363 ei
1220 2321 1547 2376 nuncupant,
1581 2311 1660 2364 vel
1692 2327 1808 2364 eos-

231 2399 344 2450 dem
390 2400 776 2452 ezaminandos
814 2411 1061 2468 tanquam
1093 2403 1161 2454 ad
1193 2403 1505 2471 magistrum
1541 2419 1692 2455 suum
1726 2404 1808 2454 di-

1907 1202 2222 1264 traducunt,
2269 1201 2358 1254 alii
2392 1200 2720 1254 doctissimis
2761 1201 3054 1256 defendunt
3097 1204 3390 1276 apologiis,
3423 1215 3480 1260 et
3531 1234 3536 1241 -

1904 1295 2190 1347 secundum
2249 1305 2362 1360 post
2425 1293 2688 1362 apostolos
2743 1291 3104 1348 Ecclesiarum
3169 1299 3476 1366 magistrum

1905 1394 2244 1453 nuncupant.
2276 1384 2470 1439 Libros
2497 1385 2613 1453 ejus
2642 1383 3002 1455 undequaque
3037 1389 3396 1456 conquisitos.
3425 1400 3482 1444 et

1907 1477 2198 1529 maximam
2253 1485 2459 1542 partem
2518 1491 2676 1528 manu
2735 1491 2828 1530 sua
2863 1477 3168 1547 descriptos
3226 1480 3484 1535 Ecclesia:

1905 1566 2239 1621 Caesareensi
2286 1567 2506 1620 dedicat
2563 1567 2880 1636 Pamphilus
2935 1579 3144 1639 martyr
3199 1572 3310 1640 (g);
3356 1588 3484 1627 ecce

1906 1671 2087 1713 autem
2129 1660 2434 1714 Methodius
2484 1671 2537 1713 et
2582 1659 2903 1716 Eustathius
2966 1673 3235 1733 martyres
3288 1665 3340 1716 in
3392 1681 3486 1720 eos

1907 1752 2108 1805 acriter
2156 1752 2486 1820 insurgunt,
2533 1751 2970 1826 Pachomiusque
3020 1759 3211 1824 abbas,
3250 1773 3482 1816 mortem

1903 1843 2014 1912 jam
2063 1846 2337 1910 obiturus,
2381 1847 2679 1902 monachos
2724 1863 2852 1904 suos
2902 1852 2968 1905 ab
3008 1867 3196 1908 eorum
3251 1853 3486 1910 lectione

1911 1938 2252 2007 gravissimis
2301 1938 2482 1994 verbis
2537 1943 2812 2008 prohibet.
2859 1943 2997 2009 Quid
3047 1961 3154 1999 non
3213 1947 3408 2002 deinde
3452 1966 3480 2000 a

1911 2034 2229 2103 Theophilo,
2265 2035 2585 2104 Epiphanio,
2618 2034 2854 2091 Honorio
2886 2049 2941 2091 et
2972 2040 3227 2104 Arcadio,
3268 2058 3480 2095 necnon

1908 2121 2217 2178 Justiniano
2258 2134 2544 2188 tentatum,
2595 2127 2837 2179 omnium
2874 2129 2941 2180 de
2986 2132 3236 2184 manibus
3274 2133 3305 2184 ii
3359 2133 3482 2186 libri

1912 2222 1970 2264 nt
2000 2205 2404 2280 eicuterentur,
2454 2215 2660 2269 interea
2705 2217 2828 2270 dum
2874 2219 3092 2274 stabant
3129 2223 3196 2274 ab
3235 2221 3488 2292 Origenis

1912 2319 2076 2357 causa
2126 2303 2443 2359 Theotimus
2487 2305 2832 2374 Tomitanus,
2873 2307 3114 2365 Joannes
3161 2303 3514 2384 Chrysoslo-i

1915 2411 2058 2460 mus,
2103 2396 2304 2467 aliique
2354 2400 2660 2469 complures
2700 2403 2937 2472 episcopi
2985 2415 3040 2457 et
3071 2407 3354 2472 monachi,
3392 2411 3482 2478 qui

234 2494 428 2560 figam,
473 2490 584 2545 Nec
625 2493 822 2545 mil-mn
853 2509 866 2545 ;
915 2492 1236 2546 Versabatur
1265 2494 1409 2547 enim
1430 2534 1444 2556 ,
1495 2503 1631 2548 teste
1673 2494 1806 2548 Ροιι-
1841 2485 1881 2539 Β
1911 2485 2028 2555 ejus
2056 2484 2487 2553 damnationem,
2517 2504 2584 2542 ne
2621 2492 2827 2560 scripto
2859 2495 2942 2547 vel
2971 2509 3198 2550 assensu
3230 2512 3485 2567 compro-

237 2585 423 2652 phyrio
465 2585 568 2653 (c),
614 2586 826 2638 assidue
863 2602 980 2637 cum
1013 2585 1256 2640 Platone.
1292 2585 1547 2642 Numenii
1584 2606 1805 2657 quoque,

237 2672 443 2736 Cranii,
494 2675 872 2743 Apollophanis
905 2689 950 2728 et
980 2675 1234 2745 Longini,
1268 2677 1533 2732 Moderati
1577 2680 1734 2732 etiam
1762 2692 1809 2732 et

241 2765 565 2831 Nicomachi,
611 2782 656 2821 et
703 2769 953 2832 aliorum,
995 2772 1085 2839 qui
1133 2770 1268 2824 inter
1324 2770 1626 2823 Platonicos
1669 2789 1808 2839 prat-

241 2858 367 2925 εἱρυὶ
399 2860 679 2920 habentur,
713 2863 907 2926 scripta
939 2863 1176 2930 quotidie
1211 2862 1430 2915 habebat
1458 2864 1510 2914 in
1548 2866 1807 2916 manibus.

243 2950 519 3002 Adhibebat
560 2953 721 3005 etiam
761 2951 1113 3007 Chteremonis
1172 2955 1342 3008 Stoici
1382 2965 1432 3009 et
1477 2955 1694 3009 Cornuti
1746 2959 1812 3010 li-

244 3043 373 3096 bros.
409 3045 474 3096 Et
504 3059 637 3098 sane
667 3047 915 3113 quamvis
961 3045 1226 3114 eiusmodi
1263 3049 1571 3102 testimonia
1613 3051 1811 3104 delice-

243 3143 360 3186 rent
408 3133 696 3204 Origenem
751 3137 804 3190 in
859 3137 945 3190 illa
999 3138 1364 3193 humanarum
1414 3156 1592 3195 rerum
1645 3151 1811 3212 atque

238 3227 428 3280 artium
465 3229 720 3294 scientia,
751 3231 1096 3285 declararent
1140 3247 1258 3285 eam
1312 3232 1470 3302 plane
1514 3233 1635 3288 libri
1688 3246 1812 3291 octo

241 3331 416 3371 contra
445 3320 692 3385 Celsum;
719 3323 864 3389 quod
895 3337 1029 3392 opus
1057 3339 1224 3376 unum
1255 3325 1338 3379 vel
1374 3327 1665 3380 maximam
1695 3343 1813 3396 pro~

236 3409 480 3466 lanarum
549 3414 955 3468 institutionum
1019 3407 1373 3484 Suppeditat'i
1400 3416 1706 3473 ubertatem
1758 3428 1813 3474 et

235 3505 462 3572 copiam.

303 3594 492 3661 Qualis
539 3605 724 3649 autem
768 3605 1110 3666 quantusque
1159 3597 1210 3650 in
1251 3597 1452 3652 divinis
1491 3597 1686 3664 fuerit,
1731 3601 1812 3653 la-

233 3685 338 3739 eile
382 3685 793 3752 dijudicaretur,
834 3690 878 3741 si
931 3688 1264 3742 voluminum
1309 3690 1505 3759 ingens
1551 3705 1812 3745 numerus

232 3780 537 3832 certissimo
584 3790 727 3834 esset
773 3780 839 3834 ad
891 3797 1157 3835 summam
1211 3784 1573 3837 eruditionem
1644 3800 1810 3851 argu-

1911 2575 2127 2641 barent,
2157 2581 2575 2634 recusaverunt?
2607 2580 2973 2654 Hieronymus
3001 2586 3203 2641 clamat
3231 2606 3246 2642 :
3278 2585 3488 2644 Credite

1911 2675 2142 2734 experto,
2171 2668 2324 2735 quasi
2353 2665 2687 2722 Christianus
2722 2671 3038 2727 Christianis
3069 2673 3255 2745 loquor
3281 2692 3300 2730 :
3340 2694 3490 2730 vene-

1913 2767 2038 2810 nata
2069 2767 2191 2810 sunt
2219 2757 2361 2811 illius
2389 2764 2660 2828 dogmata,
2684 2761 2860 2815 aliena
2884 2780 2914 2816 a
2942 2761 3234 2832 Scripturis
3264 2769 3485 2830 sanctis,

1912 2849 2014 2902 vim
2056 2848 2345 2918 Scripturis
2375 2851 2648 2918 facientia.
2674 2854 2744 2906 At
2773 2855 2886 2909 hinc
2919 2856 3032 2923 ipsa
3078 2858 3194 2912 loca
3233 2873 3352 2927 qua:
3401 2861 3487 2912 in-

1913 2942 2130 2995 simulat
2161 2942 2463 2997 manilcsta:
2494 2945 2544 2997 in
2592 2944 2909 3000 Trinitatem
2945 2949 3218 3005 hzereseos
3263 2961 3490 3005 sanctus

1915 3032 2137 3099 Doctor,
2189 3035 2445 3090 brevibus
2481 3053 2509 3088 a
2557 3037 2786 3106 Didymo
2833 3043 3246 3098 commentariis
3293 3044 3360 3096 ad
3395 3060 3489 3097 ca-

1915 3127 2184 3182 tholicum
2217 3143 2439 3183 sensum
2475 3141 2836 3197 revocantur;
2870 3142 3064 3187 canora
3105 3151 3234 3189 vero
3263 3146 3354 3189 aut
3399 3151 3494 3189 ca-

1914 3219 2114 3274 tholice
2153 3219 2296 3274 dicta
2334 3219 2499 3274 fuisse
2547 3229 2638 3274 aut
2685 3224 2920 3276 nondum
2955 3224 3214 3280 Ecclesiae
3255 3225 3495 3280 decretis

1915 3312 2262 3376 labefactata,
2293 3329 2412 3383 quae
2441 3317 2651 3373 scilicet
2682 3334 2785 3370 non
2807 3327 3064 3385 tanquam
3096 3319 3344 3390 dogmata
3369 3335 3492 3388 pro-

1915 3407 2158 3475 posuerit
2190 3405 2478 3474 Origenes,
2509 3410 2600 3464 sed
2648 3420 2708 3463 ut
2741 3412 2963 3480 qumsita
3003 3421 3209 3465 tantum
3242 3413 3489 3466 exercitii

1915 3500 2342 3571 uniuscujusque
2385 3500 2596 3570 judicio
2630 3505 2970 3573 permiserit,
3020 3506 3355 3560 contendunt
3387 3505 3493 3560 Eu-

1914 3592 2120 3654 sebius,
2156 3593 2436 3663 Didymus,
2467 3593 2782 3662 Pamphilus
2805 3606 2859 3650 et
2887 3595 3002 3649 alii.

1987 3684 2044 3738 In
2075 3685 2178 3738 hac
2213 3694 2360 3739 tanta
2396 3695 2474 3740 tot
2522 3686 2813 3741 illustrium
2858 3698 3101 3743 veterum
3157 3688 3494 3744 dissensione

1917 3792 2107 3845 aequus
2155 3793 2218 3832 ac
2268 3779 2508 3845 prudens
2572 3794 2752 3832 rerum
2783 3781 3080 3835 :estimator
3122 3783 3491 3846 observabit:

235 3882 441 3926 mento.
480 3872 804 3928 Vincentius
829 3873 1132 3929 Lirinensis
1163 3874 1241 3946 (ά)
1277 3875 1511 3929 alIirmat
1541 3877 1811 3932 neminem
1843 3842 1888 3903 (δ
1922 3871 1976 3922 1·
2001 3872 2107 3937 Qui
2131 3871 2310 3924 acrius
2340 3871 2391 3924 in
2432 3873 2725 3940 Origenem
2756 3872 3198 3938 insurrexerunt.
3227 3890 3323 3930 eos
3361 3875 3489 3929 dum

237 3963 545 4016 mortalium
587 3963 742 4033 plura
791 3965 1080 4036 scripsisse
1131 3981 1292 4035 quam
1333 3967 1646 4035 Origencm.
1683 3966 1813 4032 Quis

239 4067 496 4120 nostrum,
537 4056 717 4126 inquit
751 4057 1114 4129 Hieronymus
1145 4056 1240 4129 (e),
1275 4067 1422 4112 tanta
1457 4069 1619 4127 potest
1648 4059 1815 4128 legere

237 4155 430 4212 quanta
467 4147 558 4200 ille
597 4150 946 4215 conscripsit?
987 4148 1136 4203 Mille
1166 4161 1216 4203 et
1257 4166 1314 4202 eo
1344 4150 1569 4217 amplius
1616 4160 1816 4202 tracta-

240 4248 338 4303 tus,
381 4256 514 4308 quos
560 4240 618 4293 in
675 4241 894 4294 ecclesia
930 4241 1136 4295 locutus
1175 4251 1284 4308 est,
1318 4243 1520 4306 edidit;
1573 4245 1813 4296 innume-

240 4331 424 4384 rabiles
470 4340 732 4398 prceterea
783 4334 1209 4394 commentarios,
1241 4348 1374 4402 quos
1422 4333 1532 4399 ipse
1581 4334 1812 4401 appellat

242 4421 451 4489 τόμους.
484 4422 552 4476 Et
581 4423 688 4476 alio
723 4423 778 4476 in
813 4423 952 4487 loco,
997 4424 1086 4477 ubi
1123 4421 1382 4476 Varronis
1415 4423 1556 4490 apud
1587 4422 1815 4478 Latinos

244 4513 443 4580 scripta
488 4514 669 4567 omnia
721 4513 940 4580 scriptis
989 4512 1240 4582 Origenis
1293 4513 1432 4578 apud
1462 4511 1684 4566 Graecos
1721 4528 1816 4578 per

243 4604 572 4673 singulorum
647 4607 1117 4660 enumerationem
1174 4605 1404 4660 contulit
1449 4623 1464 4658 :
1515 4603 1812 4669 Videtisne,

245 4696 412 4766 inquit
443 4698 536 4769 (Ῑ),
568 4708 618 4751 et
639 4697 858 4753 (ἐναίρω
887 4699 1091 4766 pariter
1133 4709 1182 4751 et
1223 4697 1442 4750 Latinos
1483 4698 1638 4750 unius
1673 4697 1817 4767 (Ori-

242 4793 413 4860 genis)
450 4793 632 4845 labore
666 4793 983 4858 superatos?
1012 4790 1142 4855 Quis
1199 4793 1338 4845 enim
1391 4807 1618 4858 unquam
1669 4800 1814 4844 tanta

242 4884 407 4953 legere
434 4887 626 4955 potuit,
656 4897 858 4956 quanta
890 4889 996 4954 ipse
1043 4887 1399 4954 conscripsit?
1439 4885 1639 4939 Verum
1668 4902 1817 4940 com-

243 4989 449 5042 pertum
493 4987 610 5042 est,
661 4993 768 5047 quo
813 4978 1049 5047 quisque
1099 4978 1254 5047 plura
1303 4977 1558 5044 scripsit,
1594 4993 1701 5030 non
1753 4991 1818 5032 eo

244 5082 450 5139 semper
480 5070 800 5133 doctiorem,
827 5079 921 5122 aut
955 5067 1145 5136 majori
1179 5070 1398 5124 nomine
1433 5070 1656 5138 dignum
1690 5083 1816 5122 eva-

1919 3965 2078 4017 noxia
2117 3962 2236 4033 ejus
2282 3965 2463 4018 omnia
2512 3967 2862 4034 Opinamenta
2894 3966 2962 4020 ad
3010 3983 3264 4023 nauseam
3318 3985 3494 4032 usque

1919 4056 2152 4110 recitant
2195 4066 2252 4110 et
2290 4057 2425 4111 diris
2465 4058 2753 4121 devovent,
2786 4058 2868 4111 vel
2902 4060 3100 4113 invitos
3134 4061 3266 4114 satis
3315 4061 3498 4114 decla-

1917 4162 2040 4202 rare
2073 4148 2290 4216 probari
2336 4147 2438 4202 sibi
2467 4163 2802 4216 quaecunque
2831 4149 2884 4202 in
2920 4151 3036 4217 ejus
3080 4150 3235 4205 libris
3267 4154 3496 4206 minimo

1922 4239 2368 4307 reprehenderint
2395 4255 2408 4292 :
2439 4255 2558 4308 quae
2587 4257 2708 4294 cum
2740 4256 2968 4296 numero
2996 4242 3156 4312 longe
3185 4243 3333 4310 plura
3364 4246 3493 4306 sint,

1917 4346 2082 4398 quam
2133 4347 2254 4398 qua:
2304 4347 2534 4385 censura
2577 4349 2672 4386 sua
2724 4344 3014 4398 notarunt,
3059 4338 3366 4389 necessario
3403 4352 3493 4390 sc—

1918 4425 2101 4491 quitnr
2134 4423 2322 4491 paucis
2369 4426 2629 4493 permista
2681 4426 2841 4479 malis
2886 4441 3007 4480 esse
3041 4429 3178 4481 bona
3212 4443 3498 4498 propemo-

1919 4517 2044 4569 dum
2077 4517 2384 4574 innumera.
2409 4519 2470 4571 ‘2-
2502 4519 2576 4570 Ex
2612 4519 2678 4571 iis
2721 4520 2814 4588 qui
2844 4521 3143 4574 ardentiori
3176 4521 3292 4574 zelo
3331 4521 3500 4574 libros

1919 4606 2040 4675 ejus
2084 4623 2149 4661 ex
2201 4609 2447 4662 omnium
2499 4609 2753 4661 manibus
2799 4609 3165 4674 excutiebant,
3207 4611 3498 4680 ttonnullps

1889 4699 2117 4766 ‘smpius
2155 4699 2206 4751 in
2235 4714 2425 4752 eorum
2476 4698 2708 4752 lectione
2743 4699 3123 4768 deprehensos
3160 4697 3350 4762 fuisse,
3379 4701 3498 4754 exi.

1921 4792 2155 4843 miarum
2205 4805 2388 4845 rerum
2421 4806 2540 4860 quite
2577 4793 2778 4859 passim
2810 4791 2864 4844 in
2898 4791 3007 4844 illis
3035 4800 3356 4857 occurrunt,
3402 4795 3499 4844 ad-

1923 4886 2212 4941 miratione
2259 4884 2558 4954 perculsos.
2596 4883 2688 4938 Sic
2733 4884 3070 4952 Theophilus
3110 4883 3199 4936 ille
3250 4882 3500 4951 Origeni-

1922 4979 2140 5043 mastix,
2177 4986 2296 5046 post
2325 4985 2580 5030 vexatum
2623 4976 2821 5030 misere
2851 4975 3318 5046 Chrysostomum,
3351 4975 3498 5029 Con-

1921 5067 2272 5135 stantinopoli
2301 5066 2690 5120 Alexandriam
2725 5067 2916 5131 redux,
2944 5083 3069 5120 cum
3103 5076 3246 5122 esset
3292 5069 3343 5119 in
3376 5066 3501 5120 Ori-

243 5161 398 5215 sisse.
441 5160 592 5229 Quod
643 5163 688 5216 si
733 5162 800 5216 de
833 5162 1085 5231 Origenis
1136 5161 1335 5231 peritia
1387 5163 1440 5216 in
1476 5165 1814 5231 exponendis
1848 5179 1891 5232 ι)
1921 5160 2074 5229 genis
2105 5159 2335 5214 lectione
2363 5159 2760 5225 deprehensus,
2798 5162 2936 5213 scite
2964 5159 3135 5223 dixit,
3181 5160 3342 5211 libros
3382 5157 3497 5224 ejus

245 5253 534 5323 Scripturis
571 5255 904 5324 appellamus
933 5266 1170 5319 veteres,
1216 5255 1393 5310 studia
1434 5256 1486 5308 in
1535 5259 1810 5310 contraria

244 5347 583 5412 scinduntur,
615 5358 674 5401 ut
702 5349 844 5402 inter
871 5348 1180 5402 Calholicos
1211 5347 1358 5417 ipsos
1384 5349 1558 5402 sancti
1587 5350 1814 5413 sanctis,

247 5443 566 5511 martyribus
597 5452 900 5511 repugnent
931 5452 1219 5512 martyres.
1248 5441 1398 5494 Illum
1427 5441 1516 5495 alii
1549 5442 1678 5496 velut
1703 5442 1813 5495 luv-

323 5641 388 5713 (η)
427 5642 546 5713 ιλιι,
576 5643 651 5695 De
679 5645 775 5694 rir.
811 5643 889 5696 ill.

321 5716 386 5782 (ὁ)
429 5712 542 5765 ιιι).
572 5713 796 5785 vrllist.
825 5714 974 5778 eccl.,
1012 5731 1133 5785 cap.
1174 5717 1234 5771 18
1269 5727 1321 5771 et
1360 5719 1438 5770 19.

320 5793 387 5853 (ι’)
432 5786 577 5853 Apuli
608 5783 809 5838 Euseb.
840 5787 1051 5842 ibidem.

320 5851 395 5921 ω)
436 5851 487 5906 ιιι
517 5851 947 5908 Commottttot'io.

1919 5253 2116 5304 similes
2173 5265 2284 5303 esse
2347 5258 2499 5317 prato
2562 5250 2701 5302 omni
2759 5251 2954 5316 [lorum
3018 5265 3202 5318 genere
3255 5251 3498 5310 consito;

1917 5345 1964 5397 si
1993 5344 2118 5412 quid
2149 5344 2205 5396 in
2251 5342 2312 5394 iis
2362 5342 2554 5394 bonum
2605 5342 2888 5405 inveniret,
2933 5341 2986 5393 id
3019 5358 3073 5393 se
3115 5343 3421 5408 decerpere;
3456 5339 3501 5392 si

1916 5437 2042 5500 quid
2094 5436 2364 5503 spinosum
2423 5435 2708 5499 videretur,
2750 5435 2806 5486 id
2857 5451 2910 5488 se
2964 5445 3214 5503 tanquam
3262 5432 3503 5487 aculeum

1997 5646 2067 5710 (ε)
2112 5644 2282 5710 Epist.
2309 5641 2399 5706 4|,
2433 5639 2571 5693 alias
2595 5638 2686 5693 G5.

1993 5705 2059 5782 (γ’)
2101 5705 2256 5781 Apud
2297 5705 2476 5763 ltutin.
2513 5710 2669 5782 ili).ll
2707 5715 2892 5759 contra
2935 5705 3244 5773 Ilicrcnym,

2109 5778 2378 5849 l’aniphi‘l.
2413 5783 2464 5834 in
2503 5778 2732 5848 Apolog.
