3992 6556
459 366 531 425 η
1880 361 2029 417 ρηΑῖ

2136 358 2270 415 ΊῚΟ.
3659 366 3719 419 ib

462 482 755 539 transilire.
790 482 936 536 Alios
970 480 1202 550 denique
1232 477 1449 534 disertis
1503 479 1684 534 verbis
1728 480 1884 531 l’aterl
1924 479 2043 546 plu-
2076 484 2113 533 Α
2148 473 2265 527 Tibi
2289 492 2409 545 ergo
2441 478 2493 529 in
2526 491 2626 545 quo
2659 480 2862 531 somnio
2888 477 3239 531 Alexandrini
3264 478 3490 532 carceris
3523 482 3718 532 ret-eia-

461 578 597 629 rima
626 589 695 630 ex
726 574 883 629 libris
910 576 1025 646 ejus
1055 570 1262 643 percipi
1294 584 1453 641 posse
1485 569 1871 626 emolumenta.
1905 570 2036 635 Quis

447 668 751 729 ardentem,
780 665 960 733 inquit
993 664 1353 736 Hieronymus
1380 664 1479 735 (a),
1518 664 1572 715 in
1604 660 1893 728 Scripturis
1920 666 2038 717 aui-

458 776 599 812 mum
632 774 733 812 non
781 757 1043 811 miretur?
1072 755 1225 820 Quod
1264 755 1309 808 si
1342 755 1458 822 quis
1498 751 1672 806 Judas
1706 750 1908 807 Zelotes
1941 771 2035 821 op-

458 852 687 919 posuerit
711 866 915 904 errores
933 851 1070 918 ejus,
1089 849 1274 901 audiat
1304 847 1468 900 libere
1486 862 1506 902 :

741 944 1014 997 Interdum
1052 956 1279 1010 magnus
1310 939 1571 993 dormitat
1605 938 1893 993 Homerus.

526 1014 730 1070 Verum
759 1028 920 1082 opere
952 1013 1003 1066 in
1039 1009 1198 1079 longo
1228 1009 1310 1064 fas
1338 1019 1422 1065 est
1463 1011 1730 1078 obrepere
1760 1024 2031 1065 somnum.

1214 1100 1471 1168 (Housm,
1493 1100 1545 1155 ἰη
1559 1101 1685 1155 Arte
1713 1100 1964 1172 poetica.)

462 1219 588 1274 Non
616 1218 882 1271 imitemur
920 1217 1033 1286 ejus
1075 1216 1219 1282 vitia,
1251 1216 1403 1287 cujus
1443 1217 1659 1271 virtutes
1703 1232 1810 1269 non
1844 1231 2036 1284 possu-

458 1331 594 1367 mus.
631 1312 695 1365 Et
740 1310 1068 1365 Vincentius
1120 1307 1421 1362 Lirinensis
1464 1304 1563 1378 (b),
1608 1305 1801 1373 Tanta,
1840 1305 2036 1373 inquit,

455 1406 510 1457 in
549 1419 608 1455 eo
639 1402 798 1455 totius
826 1398 1137 1457 eruditionis
1171 1396 1587 1465 magniﬁcentia,
1618 1405 1674 1450 ut
1702 1411 1882 1450 omnes
1910 1411 2039 1464 pene

456 1501 751 1563 superaret,
787 1508 847 1544 ac
878 1507 1048 1559 pauca
1095 1491 1265 1557 forent
1309 1490 1525 1556 divina),
1572 1503 1701 1558 pene
1748 1486 1897 1541 nulla
1939 1488 2037 1540 hu—

457 1602 627 1639 mana:
674 1584 1016 1652 philosophia:
1061 1602 1177 1655 qute
1227 1602 1331 1640 non
1375 1586 1587 1656 penitus
1638 1584 2033 1654 adsequeretur.

458 1677 590 1744 Ipsis
622 1677 807 1742 igitur,
854 1677 997 1746 apud
1033 1692 1172 1747 quos
1204 1676 1419 1732 violata:
1451 1677 1574 1732 ﬁdei
1625 1691 1752 1733 reus
1783 1674 2031 1740 habetur,

457 1769 599 1823 ultro
646 1768 970 1833 fatentibus,
1009 1769 1280 1826 maximus
1306 1768 1471 1823 etiam
1507 1767 1560 1823 in
1592 1768 1794 1823 divinis
1827 1767 2036 1823 exstitit

457 1861 743 1932 Origenes.

525 1951 708 2022 Neque
743 1962 827 2008 est
860 1954 1001 2020 quod
1040 1953 1209 2016 dicas,
1250 1953 1339 2006 vix
1375 1951 1536 2007 hodie
1576 1952 1711 2008 certi
1758 1950 2032 2022 quidpiam

460 2059 520 2098 cx
549 2045 664 2112 ejus
705 2047 925 2113 scriptis
967 2046 1083 2100 erui
1120 2060 1321 2114 posse:
1359 2046 1554 2101 inﬁdas
1601 2045 1805 2115 quippe
1833 2045 1912 2098 cis
1942 2042 2039 2095 ad-

456 2136 689 2190 movisse
727 2130 916 2191 inanus
951 2138 1315 2214 maleleriatos
1342 2148 1396 2195 et
1440 2138 1727 2193 luereticos
1758 2136 2031 2199 homines,

368 2290 371 2293 Α
457 2229 547 2295 qui
580 2229 761 2296 spuria
795 2244 1012 2298 quoque
1041 2239 1093 2284 et
1124 2231 1303 2287 aliena
1334 2246 1558 2302 prorsus
1586 2245 1752 2299 opera
1784 2229 1885 2285 sub
1915 2228 2035 2299 ejus

461 2321 679 2374 nomine
719 2321 1011 2386 ediderint,
1040 2323 1241 2393 quique
1276 2323 1326 2378 id
1355 2338 1525 2395 genus
1567 2323 1871 2377 facinorum
1912 2329 2035 2391 post.

455 2413 569 2480 ejus
628 2421 856 2467 mortem
916 2415 1346 2484 perpetraverint
1397 2415 1591 2485 majori
1651 2415 2031 2478 conﬁdentia;

454 2519 702 2575 magnam
755 2514 1016 2575 praeterea
1065 2506 1315 2575 Origeuis
1362 2522 1589 2576 operum
1645 2516 1856 2577 partem
1908 2506 2029 2560 sine

454 2594 644 2650 Graeco
677 2610 929 2650 sermone
958 2596 1116 2650 hodie
1143 2596 1486 2651 circumferri
1503 2611 1569 2653 ex
1603 2596 1718 2650 sola
1760 2595 2029 2663 interpre-

455 2689 660 2743 tatione
688 2687 888 2751 Ruﬁni,
918 2688 1069 2756 cujus
1098 2691 1242 2743 lluxa
1277 2698 1360 2743 est
1390 2688 1683 2741 admodum
1728 2687 1893 2753 ﬁdes;
1927 2700 2031 2741 nec

454 2793 612 2847 posse
662 2779 973 2849 quempiam
1024 2779 1149 2834 inde
1193 2794 1377 2833 veram
1430 2777 1743 2836 Adamantii
1790 2787 2028 2832 mentem

452 2870 745 2939 expiscari.
774 2869 998 2924 Multum
1035 2871 1181 2924 enim
1224 2871 1377 2925 abest
1406 2879 1466 2924 ut
1496 2871 1568 2925 sit
1610 2870 1727 2933 haec
1768 2868 2028 2924 librorum

452 2965 570 3032 ejus
600 2974 708 3018 tam
747 2962 1026 3033 explorata
1056 2961 1407 3025 adulleratio,
1437 2976 1603 3031 quam
1638 2961 1859 3015 videtur
1891 2976 2029 3015 non-

454 3057 635 3113 nullis.
662 3055 888 3111 Constat
912 3054 1130 3124 quidem
1156 3052 1366 3123 aliquot
1395 3053 1680 3108 hacreticos
1709 3053 1829 3121 ipso
1853 3052 2029 3108 adhuc

458 3151 671 3203 vivente
721 3162 787 3202 eo
840 3145 1084 3200 audacia:
1130 3142 1444 3210 devenisse,
1488 3153 1547 3197 ut
1586 3157 1653 3196 ex
1702 3142 1856 3197 libris
1913 3142 2027 3211 ejus
2055 3171 2098 3226 ε

456 3241 714 3311 quosdam
774 3238 1160 3308 corruperint,
1215 3248 1269 3294 et
1331 3237 1435 3290 alia
1492 3236 1593 3289 sub
1641 3234 1758 3304 ejus
1811 3237 2028 3289 nomine

454 3330 828 3402 evulgavcrint
886 3329 1121 3400 scripta,
1166 3328 1255 3383 ubi
1315 3342 1377 3382 ea
1434 3327 1620 3383 dicere
1685 3327 2025 3394 ﬁngebatur,

453 3439 572 3493 qua:
610 3436 888 3491 nunquam
920 3419 968 3475 ei
1004 3430 1267 3473 venerant
1311 3417 1364 3471 in
1406 3427 1644 3472 mentem
1694 3414 1789 3487 lc).
1828 3414 2024 3471 Verum

452 3514 777 3570 brevissimo
831 3510 1087 3580 temporis
1139 3509 1427 3564 intervallo
1479 3509 1687 3564 detecta
1744 3508 1895 3564 fraus
1946 3520 2032 3565 est

452 3626 561 3665 non
600 3610 717 3665 sine
762 3606 969 3677 ingenti
1022 3603 1365 3659 lalsariorum
1408 3604 1696 3671 dedecore,
1746 3615 2028 3675 postquam

451 3716 670 3755 suorum
706 3698 821 3768 ipse
873 3710 1098 3767 operum
1152 3694 1474 3750 authentica
1522 3696 1862 3766 exemplaria
1907 3711 2029 3765 pro-

453 3792 606 3855 tulit,
650 3789 754 3843 alia
809 3788 911 3843 sibi
964 3784 1101 3840 falso
1149 3786 1429 3855 supposita
1480 3785 1651 3842 fuisse
1714 3786 1891 3856 palam
1952 3797 2031 3842 te-

452 3894 644 3937 status.
710 3881 1070 3947 Quamobrem
1153 3880 1419 3935 librorum
1479 3877 1599 3945 ejus
1670 3879 2027 3944 adulteratio,

447 3979 663 4033 vivente
712 3976 834 4045 ipso
900 3972 969 4029 ab
1017 3973 1288 4029 haereticis
1354 3982 1598 4037 tentata,
1659 3972 1891 4042 posteris
1931 3988 2027 4026 no—

446 4083 574 4125 cere
616 4083 721 4123 uon
774 4066 987 4137 potuit:
1039 4080 1213 4136 neque
1257 4065 1403 4120 enim
1453 4065 1748 4119 verisimile
1790 4074 1876 4120 est
1922 4066 2027 4121 Ca-

450 4160 695 4228 tholicos,
728 4158 927 4215 auditis
952 4173 1013 4213 ea
1041 4159 1109 4213 de
1162 4173 1219 4213 re
1260 4157 1510 4224 Origeuis
1548 4157 1809 4228 querelis,
1862 4156 2029 4212 libros

447 4270 586 4324 quos
633 4251 877 4308 haeretici
919 4250 1278 4306 subdiderant
1320 4249 1475 4304 ﬁctos
1524 4260 1579 4305 et
1623 4248 2027 4304 eommentitios

445 4345 772 4415 posthabitis
820 4342 1177 4411 exscripsisse
1255 4342 1399 4397 veris
1474 4342 1815 4412 sincerisque
1874 4342 2026 4396 libris

446 4454 583 4509 quos
630 4436 943 4493 exhibebat.
1006 4435 1213 4490 Deinde
1264 4444 1392 4505 post
1440 4433 1557 4501 ejus
1612 4445 1874 4501 mortem,
1918 4451 2025 4506 qua

2144 580 2255 622 tum
2291 579 2388 633 est,
2420 581 2473 623 ut
2508 588 2626 641 qua:
2654 571 2742 623 ille
2784 588 2902 626 vera
2933 571 3230 641 proﬁtetur,
3274 571 3472 641 falsata
3524 572 3721 639 con/in-

2139 662 2281 730 gas?
2306 661 2410 715 Sed
2441 662 2664 731 forsitan
2709 663 2817 726 hic,
2855 671 2912 716 ut
2940 664 3196 727 Arianus,
3233 664 3297 716 ab
3328 664 3587 717 liter-elicis
3622 664 3717 717 ad-

2142 754 2255 808 dita
2291 755 2343 807 in
2376 757 2704 810 occasionem
2742 757 2824 809 sui
2860 757 3022 810 traxit
3058 757 3275 823 erroris,
3323 773 3385 809 ne
3416 758 3561 810 solus
3588 756 3720 810 male

2149 848 2375 901 sensisse
2444 859 2628 901 contra
2671 847 2967 903 Ecclesium
3010 853 3478 920 putaretur:quid
3510 868 3720 920 respon-

2140 937 2285 989 debis
2317 952 2411 1004 pro
2452 936 2697 1006 Didymo,
2730 940 2819 1006 qui
2864 949 3001 992 certe
3036 942 3088 993 in
3123 938 3386 994 Trinitate
3417 940 3717 994 Catholicus

2139 1028 2253 1080 est?
2285 1027 2436 1080 Certe
2469 1027 2553 1080 hic
2599 1028 2654 1079 in
2701 1028 2783 1081 his
2824 1045 2942 1098 qua:
2977 1033 3041 1082 ab
3075 1031 3335 1085 htcreticis
3372 1033 3429 1086 in
3480 1034 3717 1102 operibus

2139 1117 2327 1170 addita
2373 1130 2515 1181 sunt,
2549 1121 2848 1173 consentire
2903 1137 3006 1174 non
3038 1124 3229 1187 potuit,
3261 1134 3309 1176 et
3344 1124 3399 1177 in
3431 1126 3559 1193 ipsis
3588 1126 3716 1197 Περὶ

2139 1208 2321 1281 ἀρχῶν
2344 1226 2474 1279 quos
2499 1221 2556 1263 tu
2588 1212 2964 1279 interpretatus
2993 1229 3072 1279 es,
3103 1213 3250 1268 libris
3278 1216 3452 1270 breves
3501 1220 3715 1271 dictarit

2138 1301 2596 1356 commentariolos
2616 1304 2803 1373 quibus
2822 1320 2925 1357 non
2949 1315 3160 1375 negaret
3186 1306 3249 1359 ab
3273 1306 3502 1377 Origene
3525 1311 3718 1378 scripta

2138 1408 2255 1461 qua:
2302 1393 2501 1462 scripta
2540 1405 2684 1460 sunt,
2741 1394 2843 1463 sed,
2884 1412 2979 1449 nos
3018 1396 3287 1465 simplices
3337 1397 3572 1452 homines
3616 1416 3716 1454 non

2137 1500 2288 1553 posse
2313 1483 2605 1554 intelligere
2642 1502 2762 1557 qua:
2803 1486 3079 1553 dicuntur,
3119 1497 3171 1543 et
3213 1506 3317 1559 quo
3347 1507 3503 1545 sensu
3538 1492 3593 1545 in
3625 1493 3715 1545 bo-

2139 1589 2259 1627 nam
2290 1586 2494 1643 partem
2526 1579 2693 1644 accipi
2721 1578 2945 1631 debeant
2970 1582 3291 1648 persuadere
3311 1593 3560 1637 conatur.
3605 1582 3717 1636 Hoc

2136 1666 2398 1721 duntaxat
2428 1669 2491 1721 de
2526 1666 2666 1721 Filio
2689 1678 2737 1722 et
2760 1667 2961 1736 Spiritu
2989 1682 3197 1732 sancto.
3222 1671 3481 1728 Ca'terum
3510 1675 3564 1729 in
3596 1675 3717 1729 aliis

2138 1759 2469 1829 dogmatibus
2493 1771 2540 1813 et
2574 1760 2835 1815 Eusebius
2872 1774 2917 1815 et
2954 1763 3212 1833 Didymus
3234 1777 3414 1834 aperte
3439 1769 3493 1821 in
3525 1765 3715 1838 Orige-

2066 1832 2109 1886 Β
2140 1851 2218 1903 nis
2251 1853 2385 1905 scita
2415 1852 2727 1914 concedunt,
2760 1860 2812 1906 et
2860 1855 3001 1922 quod
3045 1871 3224 1910 omnes
3255 1832 3509 1912 Ecclesiw
3542 1832 3717 1925 repro-

2138 1943 2284 2006 bant,
2305 1944 2560 1998 catholice
2584 1953 2634 1996 et
2659 1945 2744 2011 pie
2771 1944 2970 1997 dictum
2995 1962 3105 2000 esse
3127 1947 3433 2016 defendunt.
3451 1949 3715 2005 Praeterea

2137 2036 2377 2099 unicum,
2402 2037 2546 2103 quod
2592 2035 2755 2089 affert
2785 2035 3031 2097 Ruﬁnus,
3067 2049 3470 2107 argumentum,
3501 2046 3560 2095 ut
3587 2055 3714 2109 pro-

2136 2125 2225 2179 bet
2256 2123 2505 2196 Origenis
2537 2142 2700 2197 Opera
2754 2128 2925 2183 fuisse
2957 2130 3025 2183 ab
3072 2129 3343 2183 hmreticis
3370 2129 3583 2194 vitiata,
3616 2145 3715 2198 pc-

2139 2220 2271 2273 titur
2294 2236 2360 2275 ex
2392 2220 2524 2275 locis
2560 2221 2703 2276 inter
2734 2237 2794 2277 se
2825 2223 3214 2293 pugnantibus,
3244 2219 3547 2290 cuiusmodi
3578 2238 3717 2278 non-

2136 2312 2284 2366 nuHa
2319 2315 2372 2368 in
2405 2314 2508 2368 hoc
2541 2316 2810 2385 scriptore
2854 2316 3262 2387 deprehendere
3296 2317 3401 2371 sibi
3432 2317 3585 2372 visus
3610 2326 3710 2370 est.

2142 2406 2359 2470 Verum,
2398 2408 2574 2477 inquit
2627 2408 3120 2482 llieronymus(e),
3175 2412 3218 2464 si
3267 2411 3597 2475 conceditur,
3654 2420 3712 2463 ut

2135 2499 2387 2569 quidquid
2415 2501 2469 2552 in
2505 2500 2655 2553 libris
2699 2503 2933 2555 omnium
2974 2503 3231 2571 reperitur
3271 2504 3618 2569 contrarium,
3648 2504 3712 2555 ab

2135 2590 2261 2644 aliis
2288 2600 2591 2655 corruptum
2616 2592 2706 2655 sit,
2755 2593 2887 2646 nihil
2926 2610 3108 2648 eorum
3146 2595 3246 2648 erit
3288 2611 3509 2664 quorum
3542 2594 3715 2664 fertur

2133 2684 2456 2753 nominibus,
2484 2688 2576 2741 sed
2612 2688 2693 2740 his
2725 2689 3085 2763 deputabitur,
3111 2691 3353 2759 aquibus
3378 2689 3581 2743 dicitur
3603 2704 3715 2743 esse

2132 2779 2757 2853 violatum:quanquam
2808 2793 2855 2836 et
2904 2783 3116 2837 illorum
3163 2800 3267 2837 non
3312 2784 3432 2847 erit,
3481 2800 3709 2851 quorum

2130 2872 2331 2927 incerta
2365 2875 2757 2930 suntnominu.
2791 2878 2956 2945 Atque
2979 2877 3051 2930 ita
3072 2878 3184 2946 ﬁet,
3212 2886 3270 2931 ut
3302 2878 3429 2929 dum
3474 2877 3708 2928 omnium

2133 2964 2309 3017 omnia
2348 2972 2491 3026 sunt,
2542 2965 2673 3017 nihil
2709 2965 2936 3035 alicujus
2966 2966 3054 3020 sit.
3096 2966 3209 3020 "ac
3240 2968 3560 3038 defensionis
3590 2982 3711 3033 per-

2133 3055 2431 3109 turbatione
2461 3072 2552 3109 nec
2583 3055 2850 3118 Marcion,
2891 3074 2982 3111 nec
3019 3057 3367 3121 Mauichwus,
3399 3076 3490 3113 nec
3527 3058 3708 3118 Arius,

2133 3162 2224 3199 nec
2250 3144 2551 3201 Eunomius
2580 3149 2822 3201 accusari
2857 3158 3126 3216 poterunt,
3169 3150 3293 3219 quia
3333 3150 3585 3220 quidquid
3615 3165 3707 3202 nos

2133 3236 2198 3289 ab
2228 3237 2309 3290 his
2348 3238 2510 3304 impie
2539 3238 2738 3290 dictum
2789 3238 3157 3307 objecerimus,
3201 3239 3447 3309 discipuli
3491 3255 3707 3307 respon-

2131 3327 2324 3381 debunt
2356 3344 2461 3381 non
2499 3344 2530 3380 a
2567 3331 2832 3398 magistris
2856 3337 2963 3383 suis
3005 3331 3081 3383 ita
3116 3331 3336 3397 editum,
3384 3332 3476 3384 sed
3511 3332 3575 3383 ab
3605 3330 3712 3383 ini-

2132 3423 2279 3474 micis
2328 3438 2437 3475 esse
2489 3421 2767 3475 violatum.
2805 3422 2918 3476 Hoc
2966 3440 3152 3493 genere
3197 3436 3243 3476 et
3287 3427 3384 3477 iste
3422 3425 3529 3490 ipse
3586 3434 3707 3476 tuus

2132 3514 2286 3579 liber,
2313 3524 2434 3568 tuus
2465 3531 2569 3568 non
2595 3515 2719 3581 erit,
2747 3518 2836 3569 sed
2862 3515 3090 3583 forsitan
3120 3532 3300 3577 meus;
3323 3525 3368 3568 et
3394 3531 3536 3568 meus
3552 3513 3707 3572 liber,

2130 3624 2232 3673 quo
2260 3608 2353 3661 tibi
2384 3614 2661 3661 accusatus
2694 3609 3005 3677 respondeo,
3034 3607 3081 3661 si
3108 3608 3161 3660 in
3183 3608 3273 3659 illo
3302 3605 3505 3677 aliquid
3530 3622 3707 3674 repre-

2132 3699 2394 3762 henderis,
2423 3715 2524 3753 non
2552 3700 2649 3752 erit
2684 3715 2850 3764 meus,
2881 3698 2972 3751 sed
3013 3707 3134 3751 tuus
3163 3714 3194 3751 a
3237 3714 3338 3769 quo
3371 3697 3707 3765 reprehendi-

2132 3801 2239 3843 tur.
2267 3787 2333 3843 Et
2362 3789 2487 3843 dum
2522 3791 2699 3843 omnia
2737 3791 2806 3842 ad
2837 3790 3112 3844 harreticos
3142 3788 3330 3859 refers,
3355 3789 3485 3858 quid
3542 3786 3709 3841 eccle-

2130 3883 2355 3937 siaslicis
2390 3882 2609 3947 tribues,
2650 3882 2841 3951 quibus
2891 3883 3161 3951 proprium
3218 3879 3353 3935 nihil
3411 3880 3709 3949 relinquis?

2132 3971 2202 4026 Et
2229 3975 2511 4043 quomodo,
2546 3974 2778 4043 inquies,
2832 3973 2888 4026 in
2929 3972 3079 4027 libris
3125 3990 3305 4027 eorum
3340 3974 3527 4027 uitiosa
3566 3988 3703 4025 non-

2133 4065 2282 4119 nulla
2330 4067 2489 4119 sunt?
2516 4064 2576 4119 Si
2623 4081 2703 4118 me
2744 4081 2932 4119 causas
2960 4066 3206 4119 vitiorum
3252 4066 3449 4118 nescire
3487 4080 3708 4131 respon-

2130 4161 2276 4225 dero,
2310 4174 2412 4211 non
2438 4157 2617 4211 statim
2643 4157 2765 4211 illos
2787 4158 3061 4211 ltarreticos
3076 4156 3355 4226 jndicabo.
3389 4154 3535 4208 Fieri
3562 4156 3703 4209 enim

2129 4258 2319 4319 potest,
2366 4259 2422 4306 ut
2463 4249 2543 4303 vel
2589 4249 2898 4317 simpliciter
2932 4251 3243 4315 erraverint,
3279 4246 3357 4302 vel
3399 4247 3507 4300 alio
3542 4262 3703 4300 sensu

2128 4344 2448 4411 scripserint,
2485 4342 2562 4396 uel
2602 4352 2741 4395 certe
2776 4350 3057 4413 antequam
3092 4343 3144 4395 in
3186 4340 3509 4396 Alexandria
3547 4341 3704 4408 quasi

2128 4435 2446 4489 dwmonium
2475 4435 2824 4488 meridianum
2852 4435 3004 4488 Arius
3044 4448 3371 4499 nasceretur,
3396 4435 3702 4488 innocenter

446 4532 625 4601 specie
670 4530 919 4586 veritatis
966 4537 1149 4585 movet
1190 4528 1308 4584 haec
1352 4527 1716 4583 adulterat-io?
1770 4528 2020 4593 Ruﬁnus,
2051 4527 2103 4588 υ
2127 4526 2370 4594 quietiam
2399 4535 2447 4579 et
2476 4526 2650 4578 minus
2700 4537 2851 4580 caute
2894 4526 3054 4580 locuti
3079 4528 3182 4580 sint
3222 4539 3274 4580 et
3307 4543 3425 4596 qua:
3453 4542 3558 4579 non
3578 4541 3702 4594 pos-

446 4634 500 4679 ct
548 4625 685 4679 alter
746 4622 1053 4694 apologista
1110 4622 1268 4692 cujus
1328 4620 1578 4677 meminit
1643 4620 1868 4676 Photius
1926 4636 2019 4676 eo.

445 4715 565 4769 dice
605 4714 739 4779 117,
790 4712 891 4768 soli
944 4722 1071 4768 sunt
1124 4712 1217 4782 qui
1279 4714 1382 4766 hoc
1431 4711 1628 4783 eﬂ'ugio
1676 4721 1923 4776 utantur,
1966 4720 2023 4765 ut

446 4821 571 4862 eum
604 4805 671 4859 ab
704 4805 954 4873 impactis
984 4804 1195 4859 violatae
1230 4802 1351 4858 ﬁdei
1404 4804 1721 4860 criminibus
1763 4804 2014 4859 liberem.

446 4899 593 4955 Scite
623 4897 879 4953 observat
910 4896 1276 4967 Hieronymus
1322 4896 1726 4965 depravationis
1751 4895 2020 4967 ejusmodi

445 4992 773 5047 mentionem
811 4989 1011 5044 factam
1042 5002 1152 5043 non
1185 5001 1307 5042 esse
1362 4986 1416 5041 iu
1447 4987 1705 5058 Apologia
1749 5004 1845 5056 pro
1890 4984 2019 5040 Ori-

443 5099 587 5153 gene,
624 5096 789 5152 quam
822 5080 915 5135 uni
964 5079 1191 5151 martyri
1222 5077 1505 5149 Pamphilo
1547 5078 1736 5135 tribuit
1768 5077 2016 5138 Ruﬁnus,

443 5174 690 5245 quamvis
732 5174 1080 5245 praestantior
1111 5188 1241 5243 pars
1287 5172 1522 5228 Eusebio
1567 5170 1839 5241 Pamphili
1873 5169 2017 5226 rele-

440 5269 607 5323 renda
656 5269 728 5325 sit
773 5277 1019 5337 accepta.
1077 5266 1171 5321 Vir
1214 5266 1555 5320 doctissimus
1613 5263 1894 5327 Eusebius,
1935 5261 2018 5317 in-

442 5362 559 5428 quit
584 5361 776 5429 (d),....
802 5376 894 5428 per
919 5374 1013 5413 sea:
1036 5358 1300 5412 volumina
1325 5356 1455 5410 nihil
1480 5356 1627 5409 aliud
1666 5355 1793 5426 egit,
1832 5356 1931 5409 nisi
1960 5365 2015 5408 ut

442 5450 718 5520 Urigenem
746 5465 859 5503 sua:
887 5448 1131 5503 ostendat
1154 5448 1304 5516 ﬁdei,
1332 5448 1388 5500 id
1414 5460 1489 5500 est
1514 5447 1730 5502 Arianae
1755 5446 2013 5517 perﬁdia,

439 5552 481 5593 ct
530 5540 699 5594 multa
738 5540 883 5610 ponit
928 5546 1184 5611 exempla,
1224 5549 1271 5593 et
1320 5543 1416 5593 hoc
1452 5549 1754 5595 constanter
1804 5540 2010 5609 probat.

514 5680 588 5744 (a)
630 5674 852 5745 Em“,
878 5675 1017 5731 alias
1043 5676 1134 5732 65.

510 5750 585 5813 (ὁ)
626 5744 687 5799 In
709 5744 1147 5801 Commonitorio.
1340 5804 1343 5807 ,

511 5820 580 5887 (ε)
620 5815 755 5870 Vide
778 5816 933 5885 epist.
958 5817 1024 5871 ad
1055 5819 1260 5874 amicos
1288 5822 1442 5876 Alex.

2126 4618 2233 4670 sint
2292 4632 2649 4679 perversorum
2698 4617 2972 4671 hominun.
3024 4618 3342 4670 calumniam
3406 4616 3696 4670 declinare.

2126 4707 2331 4764 Deinde
2365 4708 2504 4764 hanc
2550 4708 3002 4765 deformationem
3048 4709 3275 4763 Ruﬁnus
3325 4711 3701 4763 tantummodo

2124 4801 2361 4871 ponebat
2392 4801 2446 4857 in
2474 4801 2684 4872 aliquot
2710 4802 2976 4858 librorum
3009 4803 3152 4872 Περὶ
3191 4801 3394 4874 ἀρχῶν
3416 4803 3554 4858 locis
3578 4818 3701 4872 qua:

2124 4894 2417 4951 Catholica:
2466 4896 2533 4951 de
2564 4895 2836 4951 Trinitate
2869 4895 2995 4965 ﬁdei
3027 4896 3351 4951 videbantur
3381 4892 3699 4960 adversari;

2125 4988 2240 5054 sed,
2284 4996 2343 5043 ut
2384 4986 2496 5054 jam
2531 4988 2789 5053 diximus,
2826 4988 3015 5043 eadem
3064 4989 3180 5058 ipsa
3212 4988 3327 5043 loca
3371 5002 3469 5056 pro
3501 4987 3698 5057 genui-

2124 5082 2207 5136 nis
2229 5096 2497 5152 agnovere
2532 5082 2797 5137 Eusebius
2825 5092 2878 5137 et
2904 5083 3180 5154 Didymus,
3216 5085 3318 5135 hoc
3351 5095 3460 5135 uno
3488 5079 3691 5134 discri—

2125 5174 2289 5237 utine,
2318 5176 2460 5244 quod
2492 5174 2605 5229 hinc
2661 5175 2752 5229 ille
2799 5175 2866 5229 ad
2915 5175 3200 5237 Arianum,
3237 5174 3327 5227 hic
3356 5174 3423 5227 ad
3454 5170 3695 5226 Catholi-

2121 5281 2243 5320 cum
2290 5282 2510 5322 sensum
2559 5268 2815 5323 brevibus
2865 5266 3087 5321 scholiis
3141 5266 3413 5320 trahebat.
3470 5260 3699 5330 Insuper

2119 5374 2457 5431 quaecunque
2490 5375 2518 5413 a
2557 5360 2833 5415 veteribus
2869 5360 2921 5414 in
2971 5358 3314 5428 Origenianis
3362 5357 3579 5424 scriptis
3613 5370 3699 5410 re-

2123 5452 2482 5519 prehensione
2532 5461 2588 5505 et
2633 5468 2863 5506 censura
2916 5451 3075 5521 digna
3108 5451 3224 5505 visa
3270 5459 3414 5513 sunt,
3468 5463 3530 5503 ea
3584 5462 3695 5500 non

2122 5558 2247 5609 uno,
2273 5543 2483 5598 duobus
2519 5544 2761 5599 tribusve
2797 5542 3097 5597 enuntiatis
3129 5542 3482 5597 continentur
3510 5554 3631 5611 qua:
3661 5552 3699 5595 e

2191 5678 2269 5746 (ἀ)
2300 5678 2416 5733 Lib.
2453 5695 2490 5732 ll
2519 5678 2721 5732 advers.
2746 5676 2944 5745 Ru/iu.,
2980 5693 3033 5746 p.
3064 5676 3189 5729 407.

2192 5752 2258 5818 (e)
2296 5750 2456 5815 lbid.,
2494 5766 2544 5818 ι).
2573 5750 2698 5803 409.
