3992 6556
254 571 308 623 17
1664 572 2048 630 ΡΗᾸΞῈΑΤὶΟ.
3436 578 3501 630 1⁴8

250 683 367 737 solis
391 683 527 749 Περὶ
562 681 765 751 ἀρχῶν
796 683 949 738 libris
977 695 1237 753 excerpta
1273 687 1404 748 sint,
1445 695 1500 739 et
1534 687 1600 740 ab
1630 685 1821 755 Origc-
1848 692 1893 746 Α
1928 685 2178 754 Origenes
2219 691 2282 741 de
2316 685 2477 743 Patre
2502 698 2549 742 et
2582 687 2723 741 Filio
2755 700 2800 741 et
2835 686 3037 756 Spiritu
3064 699 3250 744 sancto
3267 692 3496 751 dixerat,

250 776 400 827 n-iano
447 776 731 843 proposito
774 775 1219 845 disjunctissima.
1256 778 1467 847 Corpus
1517 778 1690 848 ipsum
1731 790 1815 834 est
1919 787 1967 829 et
1992 794 2106 846 (μην
2136 776 2387 832 Romana:
2420 796 2583 833 aures
2630 778 2770 845 ferre
2802 796 2906 832 non
2936 789 3199 846 poterant,
3234 780 3289 833 in
3323 782 3496 833 melio-

248 867 577 933 Origenianm
632 868 929 931 doctrinm,
990 881 1371 938 argumentum
1428 871 1614 937 operis
1673 872 1812 940 Περὶ
1920 883 2026 918 rem
2068 875 2273 933 partem
2308 868 2373 920 ab
2401 868 2682 937 interprete
2712 877 3068 931 commutata;
3106 881 3295 937 ea'tera
3324 881 3496 921 autem

245 958 453 1028 ἀρχῶν,
484 958 834 1013 fundamenta
865 960 1062 1028 quibus
1093 960 1360 1031 integrum
1394 962 1590 1016 nititur
1622 961 1810 1032 Orige-
1919 958 2169 1026 dogmata
2212 960 2276 1012 de
2319 959 2624 1029 angelorum
2655 962 2837 1023 ruina,
2867 961 2931 1014 de
2973 961 3274 1013 animarum
3319 960 3494 1029 lapsu,

247 1054 319 1105 uis
343 1063 608 1122 systema,
644 1052 932 1115 columine,
983 1069 1214 1122 quarum
1263 1070 1367 1107 una
1400 1072 1589 1109 eversa
1644 1066 1811 1108 totum
1917 1050 1981 1103 de
2008 1052 2410 1105 resurrectionis
2439 1053 2744 1121 pra'stigiis,
2768 1055 2831 1105 de
2859 1053 3053 1105 mundo
3097 1052 3175 1107 vel
3204 1053 3496 1106 intermun-

246 1160 388 1197 ruare
420 1160 641 1198 necesse
661 1154 742 1198 est
768 1144 1080 1199 miliﬁcium.
1120 1145 1361 1216 Denique
1391 1163 1508 1215 qua-
1539 1146 1813 1201 veteribus
1918 1141 2001 1194 dis
2033 1139 2279 1211 Epicuri.
2307 1146 2370 1196 de
2397 1143 2731 1197 restitutione
2754 1144 2990 1197 omnium
3014 1144 3069 1198 in
3102 1144 3357 1213 a'quulem
3384 1153 3495 1195 sta-

242 1234 361 1289 vitia
395 1236 509 1288 visa
541 1246 669 1289 sunt
705 1236 936 1289 inlibris
960 1236 1100 1304 Περὶ
1139 1236 1361 1307 ἀρχῶν,
1392 1237 1590 1291 eadem
1628 1238 1813 1294 videas
1915 1243 2051 1297 lunt,
2094 1244 2142 1288 et
2188 1234 2354 1287 multo
2385 1236 2465 1288 Itis
2504 1234 2792 1298 deteriora,
2833 1251 2949 1303 quin
2993 1234 3204 1302 longum
3244 1245 3381 1291 esset
3414 1254 3496 1287 re-

243 1326 287 1380 in
318 1327 435 1380 aliis
458 1328 619 1394 hujus
641 1326 926 1395 scriptoris
952 1327 1210 1396 operibus
1238 1330 1480 1398 dispersa
1507 1346 1521 1392 ;
1561 1328 1811 1383 doctrina
1917 1334 2109 1391 texere,
2140 1328 2219 1382 υει
2250 1328 2327 1380 ita
2356 1329 2573 1382 vertisse
2602 1339 2657 1381 ut
2691 1329 2743 1382 in
2778 1323 2961 1381 Crwco
3004 1328 3293 1393 invenerat,
3321 1329 3401 1382 vel
3430 1329 3495 1381 de

242 1420 427 1488 ubique
461 1420 677 1481 eadem,
714 1420 909 1473 eadem
942 1419 1244 1490 singularia
1283 1421 1481 1486 ubique
1514 1431 1646 1475 sunt
1688 1421 1808 1489 opis
1915 1419 2361 1471 commentariolis
2417 1418 2636 1488 Didymi
2689 1419 2780 1483 qui
2847 1417 3093 1485 Origenis
3137 1426 3495 1488 propugnator

242 1524 506 1564 natueuta.
554 1511 686 1576 Quis
744 1525 905 1578 porro
958 1512 1011 1564 in
1045 1512 1285 1565 animum
1341 1512 1562 1566 inducat
1624 1527 1810 1578 suum,
1913 1520 2011 1575 est,
2052 1520 2369 1581 exaggerata
2405 1520 2453 1563 et
2480 1511 2720 1579 ﬁrmiora
2748 1509 3003 1580 posuisse.
3035 1508 3193 1563 Fallit
3220 1524 3349 1580 ergo
3377 1510 3492 1564 Ru-

238 1603 410 1656 onmia
461 1602 624 1655 simul
684 1601 938 1671 Origeuis
984 1618 1153 1671 Opera
1202 1619 1433 1671 quorum
1468 1604 1658 1672 ingens
1692 1613 1812 1657 erat
1915 1602 2075 1666 linus,
2113 1618 2238 1656 cum
2268 1602 2347 1657 ait
2379 1617 2437 1657 se
2464 1603 2749 1668 vertendo,
2782 1602 2916 1655 nihil
2946 1602 3153 1655 dixisse
3186 1616 3365 1667 suum,
3396 1604 3492 1657 sed

238 1712 515 1757 utuuerus,
552 1695 723 1750 fuisse
754 1697 822 1749 ab
855 1696 1129 1750 haereticis
1165 1696 1491 1757 deformata,
1549 1707 1807 1763 perversa
1915 1694 2039 1748 licet
2074 1695 2125 1748 in
2157 1693 2279 1749 aliis
2324 1693 2460 1749 locis
2494 1695 2663 1758 dicta,
2697 1711 2795 1749 sua
2841 1706 3021 1750 tamen
3056 1695 3277 1766 Origeni
3307 1698 3491 1751 reddi-

236 1790 657 1851 etconturbata,
694 1789 767 1841 ita
816 1801 873 1842 ut
926 1803 992 1842 ne
1026 1804 1193 1842 unttm
1228 1791 1449 1856 quidem
1484 1790 1809 1844 remanserit
1913 1786 2083 1849 disse.
2129 1786 2591 1856 quandoquidem,
2641 1795 2779 1841 teste
2828 1787 3184 1859 Hieronymo,
3230 1788 3489 1845 nonnulla

236 1881 366 1946 quod
396 1879 595 1933 inﬁdas
622 1896 810 1934 eorum
844 1894 1035 1933 manus
1064 1878 1337 1949 effugerit,
1372 1895 1440 1934 ne
1471 1879 1559 1934 illa
1589 1880 1806 1947 quidem
1911 1894 1975 1931 ex
2010 1880 2480 1935 commentariolis
2507 1882 2722 1953 Didymi
2758 1898 2869 1937 sua:
2916 1882 3359 1953 interpretationi
3402 1883 3490 1937 in-

237 1972 415 2040 lugens
447 1971 789 2024 voluminum
836 1970 1077 2039 supellex
1113 1985 1235 2040 qua:
1279 1981 1473 2041 suapte
1518 1986 1678 2025 manu
1708 1970 1804 2025 de~
1837 2031 1876 2041 λ
1911 1971 2100 2024 seruit.

233 2065 421 2132 scripta
482 2063 745 2117 Ecclesia:
793 2063 1125 2117 Caesarcensi
1172 2063 1444 2118 dedicavit
1493 2062 1807 2132 Pamphilus
1837 2031 1878 2086 Β
1988 2062 2182 2115 Verum
2226 2072 2586 2133 przeterquam
2619 2065 2761 2134 quod
2810 2064 3114 2121 Ruﬁnianm
3160 2068 3491 2137 interpreta-

234 2155 467 2226 martyr?
499 2154 695 2209 Credat
732 2154 955 2209 Judwus
987 2154 1190 2222 Apella,
1227 2172 1331 2208 non
1364 2172 1480 2224 ego.
1915 2157 2087 2211 tiones
2124 2172 2192 2210 ne
2239 2157 2458 2210 tertiam
2508 2158 2728 2226 quidem
2770 2158 3229 2228 Origenianorum
3260 2174 3489 2229 operum

292 2248 444 2313 Quod
484 2248 551 2299 ad
603 2262 767 2315 Opera
820 2255 1031 2314 spectat
1081 2260 1315 2315 quorum
1355 2246 1581 2299 (Ii-arcus
1626 2259 1807 2298 sermo
1912 2259 2120 2315 partem
2184 2248 2345 2302 hodie
2403 2249 2765 2313 constituunt,
2820 2250 3053 2318 paucula
3114 2250 3487 2305 additamenta

231 2339 453 2403 interiit,
504 2348 560 2392 et
604 2337 721 2393 sola
751 2349 999 2406 superest
1038 2338 1229 2391 Latina
1267 2338 1445 2391 Ruﬁni
1482 2339 1806 2407 interpreta-
1909 2353 2028 2401 uita:
2057 2338 2108 2390 in
2140 2336 2229 2391 illa
2260 2338 2325 2393 de
2358 2355 2455 2393 suo
2479 2330 2712 2394 contulit
2741 2340 2994 2404 Ruﬁnus,
3025 2342 3211 2397 nullibi
3233 2343 3301 2414 (si
3328 2345 3487 2397 modo

230 2431 318 2493 tio,
357 2429 614 2484 homilias
645 2429 699 2482 in
732 2427 916 2484 Jesum
972 2429 1142 2493 Nave,
1190 2430 1244 2483 in
1301 2430 1497 2485 librum
1529 2428 1805 2495 Judicum,
1912 2428 2049 2481 forte
2104 2430 2310 2500 aliquot
2359 2434 2425 2487 de
2467 2431 2739 2487 Triuitate
2788 2436 2903 2488 loca
2945 2434 3253 2505 exceperis)
3298 2448 3483 2489 veram

228 2523 275 2574 in
312 2522 552 2587 psalmos
595 2537 783 2583 XXXVI.
834 2537 1020 2575 xxxvii
1059 2533 1112 2576 et
1152 2537 1382 2587 xxxvttt,
1422 2521 1731 2591 simpliciter
1753 2538 1809 2575 se
1908 2518 2158 2591 Origeuis
2192 2524 2898 2587 tuentemadulterant,sed
2924 2540 2988 2581 eo
3020 2536 3225 2580 tantum
3256 2525 3485 2579 consilio

229 2618 538 2683 expressisse
586 2626 641 2668 ut
675 2617 945 2669 invenerat
979 2614 1033 2667 in
1063 2612 1271 2677 (ἐι-(εσυ,
1308 2612 1537 2666 Ruﬁnus
1574 2621 1808 2667 testatur
1911 2615 2113 2669 inserta
2163 2626 2311 2682 sunt,
2371 2627 2428 2671 ut
2473 2634 2534 2673 ea
2592 2620 2764 2689 magis
2812 2619 3217 2686 cxplanaretur.
3272 2618 3485 2685 Ubique

236 2723 278 2759 in
314 2710 660 2776 peroratione
713 2706 999 2775 subjuucta
1050 2706 1477 2761 Cetnmentariis
1507 2706 1559 2759 in
1589 2704 1807 2774 Episto-
1909 2706 2171 2776 Origenes
2223 2709 2559 2775 agnoscitur,
2610 2720 2666 2762 et
2718 2711 2801 2761 vix
2863 2710 3160 2781 quidquam
3213 2713 3486 2779 reperitur

230 2798 326 2852 lam
354 2802 419 2855 ad
446 2801 755 2867 Romanos;
796 2801 847 2853 in
881 2800 1107 2869 reliquis
1146 2808 1352 2861 autem,
1388 2810 1581 2865 nempe
1619 2797 1671 2850 in
1700 2796 1806 2851 Gc-
1911 2800 2053 2867 quod
2095 2814 2161 2852 ex
2186 2799 2415 2851 aliormn
2463 2816 2583 2870 qua:
2636 2801 2689 2855 in
2735 2800 2941 2855 Griecis
2968 2802 3229 2871 operibus
3260 2812 3482 2857 exstant

231 2892 415 2959 nesim,
470 2893 523 2947 in
565 2892 893 2960 chiticum,
953 2898 1003 2948 in
1052 2890 1270 2953 Isaiam,
1332 2890 1386 2943 in
1444 2889 1604 2943 tomis
1640 2904 1805 2958 super
1909 2890 2149 2944 locorum
2208 2891 2499 2947 collatione
2547 2902 2643 2947 aut
2692 2892 2947 2962 Origenis
3006 2908 3146 2955 esse,
3197 2898 3292 2947 aut
3325 2892 3479 2963 itnta

229 2981 447 3038 Cantico
477 2986 849 3052 canticorum,
895 2987 952 3039 in
1000 2984 1397 3053 Explanatione
1440 2981 1697 3051 Epistula:
1735 2984 1802 3036 ad
1906 2982 2161 3051 Origenis
2190 2993 2424 3038 mentem
2453 2984 2719 3054 scriptum
2749 3000 2870 3040 esse
2900 3000 3007 3039 non
3052 2986 3477 3039 demonstretur.

231 3070 522 3138 Romanos,
561 3078 727 3130 nimia
760 3080 935 3146 ipsum
982 3092 1136 3130 nsum
1171 3075 1340 3128 fuisse
1368 3072 1608 3137 licentia,
1640 3072 1802 3127 dissi-
1905 3073 2022 3127 lluc
2056 3074 2193 3128 adde
2227 3074 2372 3144 quod
2419 3091 2487 3131 ex
2529 3076 2742 3132 duobus
2781 3076 3043 3131 librorum
3089 3076 3231 3146 Περὶ
3280 3076 3483 3147 ἀρχῶν

233 3169 419 3224 ωηιξη-ἱ
447 3173 654 3239 nequit.
680 3172 902 3227 Fatetur
924 3172 978 3226 in
1008 3171 1096 3225 illa
1121 3184 1285 3239 quam
1317 3169 1429 3224 dixi
1454 3166 1803 3237 peroratione
1905 3164 2173 3233 capitibus
2201 3181 2432 3235 quorum
2469 3167 2733 3224 habemus
2760 3169 2925 3223 etiam
2957 3184 3102 3223 nunc
3128 3169 3480 3240 archetypum

230 3277 283 3313 se
316 3262 367 3314 in
394 3261 634 3317 homiliis
664 3264 717 3316 in
750 3263 1027 3325 Genesim,
1062 3260 1115 3314 in
1142 3259 1413 3326 Exodum,
1445 3268 1500 3313 et
1527 3257 1802 3327 prmcipue
1906 3256 2179 3323 Grzccutn,
2215 3258 2387 3327 liquet
2430 3259 2611 3315 Ruﬁni
2649 3260 3181 3329 interpretationem,
3214 3261 3260 3316 si
3302 3263 3481 3315 tuinus

230 3352 277 3403 in
308 3352 610 3407 Leviticum
645 3356 812 3409 multa
861 3358 927 3409 de
959 3370 1057 3408 suo
1095 3351 1370 3407 addidisse
1399 3368 1413 3405 :
1447 3350 1615 3416 Quem
1645 3349 1796 3403 labo—
1826 3371 1872 3431 ο
1905 3346 2090 3401 haberi
2140 3359 2397 3405 accurata
2448 3351 2667 3415 debeat,
2710 3360 2766 3405 at
2794 3363 2945 3406 certe
2986 3351 3134 3421 rejici
3184 3368 3289 3407 non
3323 3368 3480 3422 posse

228 3459 349 3509 rem,
382 3444 577 3512 inquit,
609 3447 932 3515 adimplendi
977 3462 1095 3516 qua:
1122 3446 1360 3510 deerant,
1394 3443 1592 3497 ideirco
1623 3458 1801 3495 susce-
1905 3446 2160 3507 tanquam
2187 3440 2255 3492 ab
2280 3437 2532 3509 Origenis
2561 3452 2740 3497 mente
2770 3443 3029 3498 alienam.

226 3534 413 3597 pimus,
450 3550 515 3587 ne
554 3534 783 3602 pulsata:
829 3538 1143 3604 quastiones
1193 3545 1241 3589 et
1281 3534 1475 3589 relicta:
1509 3531 1697 3587 Latino
1723 3532 1799 3585 le-
1971 3524 2106 3580 Cum
2148 3526 2314 3597 igitur
2344 3527 2593 3584 ellectum
2629 3530 2701 3585 sit
2745 3533 3001 3587 eximiam
3034 3532 3201 3589 fuisse
3229 3533 3478 3603 Origenis

223 3626 354 3676 etori
386 3625 663 3691 fastidium
714 3637 1043 3696 generarent.
1089 3627 1287 3682 Eadem
1320 3626 1422 3680 sibi
1460 3623 1713 3694 permisit
1744 3622 1799 3674 in
1901 3616 2292 3681 eruditionem,
2336 3634 2435 3675 nec
2479 3622 2696 3691 probari
2731 3634 2898 3692 queat
2930 3625 3164 3680 residuis
3188 3625 3304 3694 ejus
3336 3628 3476 3681 scri-

225 3716 502 3770 vertendis
524 3717 944 3773 Commentariis
972 3718 1024 3772 in
1066 3716 1361 3787 Epistulam
1393 3717 1458 3769 ad
1490 3714 1797 3767 Rounanos.
1903 3709 2180 3777 ptionibus
2210 3712 2405 3767 inﬁdas
2437 3731 2633 3770 manus
2671 3716 2978 3773 admovisse
3029 3718 3338 3783 haereticos,
3378 3737 3476 3773 [ιρ-

221 3806 353 3859 Nam
386 3824 509 3862 cum
550 3810 695 3876 apud
734 3812 968 3863 onmium
1006 3813 1115 3879 fere
1146 3809 1485 3863 bibliothecas
1522 3807 1798 3877 (incertum
1902 3814 2011 3864 tuo,
2047 3801 2262 3870 opinor,
2298 3802 2512 3859 inﬁcias
2552 3806 2676 3860 ierit
2723 3807 2935 3875 utilem,
2975 3808 3085 3863 imo
3112 3819 3165 3865 et
3219 3824 3476 3864 necessa-

219 3918 315 3969 quo
354 3900 506 3969 casu)
538 3904 814 3971 aliquanta
855 3918 921 3956 ex
952 3903 1064 3971 ipso
1094 3918 1310 3971 corpore
1340 3900 1612 3955 volumina
1640 3898 1797 3952 deos»
1904 3889 2035 3943 riam
2077 3906 2197 3948 esse
2236 3894 2558 3961 editionem,
2608 3896 2658 3950 in
2692 3912 2797 3965 qua
2831 3897 2938 3952 huc
2966 3908 3021 3953 et
3052 3898 3180 3954 illuc
3216 3900 3479 3970 dispersa:

220 4002 361 4057 sem,
392 3994 692 4064 αάίῃιριενε
726 4011 845 4065 qua;
875 3996 1114 4058 άεεναηι,
1149 4006 1301 4065 alque
1338 3996 1393 4048 ίη
1428 3993 1618 4047 Latino
1644 4007 1799 4060 ορενε
1904 3984 2038 4037 tanti
2090 3987 2369 4056 scriptoris
2426 3990 2675 4058 reliquiae
2729 3992 2785 4045 in
2839 4006 3004 4045 unum
3061 3991 3225 4047 veluti
3280 4008 3478 4061 corpus

218 4086 473 4154 integrant
500 4088 923 4155 consequentiam
949 4087 1076 4140 dare
1108 4087 1361 4149 tentavit,
1394 4087 1497 4139 into
1524 4100 1678 4137 omne
1700 4082 1794 4135 hoc

1902 4076 2251 4146 colligantur,
2300 4082 2550 4149 genuinae
2585 4098 2614 4135 a
2660 4083 2862 4152 spuriis
2912 4095 3293 4149 secernuntur,
3324 4088 3475 4137 exili-

218 4177 391 4229 decem
443 4177 774 4231 voluminum
825 4195 1013 4246 corpus
1056 4179 1198 4248 quod
1225 4175 1446 4234 Crweus
1502 4193 1674 4231 sermo
1730 4177 1800 4229 ad
1903 4171 2133 4225 beantur
2169 4172 2358 4228 Grmca
2390 4176 2602 4243 quoties
2638 4188 2982 4247 comparent,
3009 4178 3192 4232 omnia
3238 4179 3476 4246 denique

213 4264 572 4332 quadraginta
633 4264 741 4333 fere
792 4275 885 4320 aut
937 4282 997 4319 eo
1054 4266 1284 4335 amplius
1338 4268 1510 4320 millia
1549 4281 1798 4320 versuum
1902 4267 1968 4318 ad
2006 4274 2245 4319 veterum
2302 4269 2797 4338 manuscriptorum
2852 4268 3009 4324 ﬁdem
3071 4279 3475 4325 recenseantur.

212 4356 482 4420 perduxit,
517 4356 836 4412 abbret'iavit
874 4365 923 4411 et
957 4357 1027 4410 ad
1057 4359 1229 4411 media
1262 4361 1439 4429 spatia
1490 4359 1795 4412 coarctavit.
1904 4357 2109 4427 Duplex
2143 4359 2392 4428 equidem
2438 4368 2643 4415 tentata
2675 4371 2760 4415 est
2804 4362 3039 4431 Operam
3070 4360 3187 4430 ejus
3220 4362 3271 4416 in
3309 4378 3476 4415 unum

212 4444 271 4497 in
303 4448 624 4512 prmlatione
653 4450 721 4502 ad
746 4450 913 4505 libros
942 4452 1082 4520 Περὶ
1114 4450 1317 4519 ἀρχῶν
1342 4452 1540 4505 asserit
1562 4452 1796 4519 primum
1902 4461 2102 4514 corpus
2133 4447 2421 4503 collectio:
2452 4448 2627 4503 altera
2660 4450 2860 4514 minor,
2888 4466 3050 4520 quam
3077 4450 3312 4506 lacubus
3338 4451 3475 4505 Mcr-

210 4554 275 4592 se
316 4540 411 4593 ubi
448 4541 500 4593 in
527 4542 679 4597 hisce
710 4542 864 4597 libris
893 4544 1097 4613 aliquid
1123 4554 1313 4599 contra
1346 4542 1397 4596 id
1418 4543 1625 4597 invenit
1653 4545 1795 4613 quod
1902 4540 2046 4595 linus
2078 4541 2239 4611 regia:
2270 4540 2531 4597 Navarrae
2562 4544 2750 4598 doctor
2779 4544 3087 4609 adornavit,
3118 4554 3173 4599 et
3206 4546 3256 4597 in
3299 4544 3475 4598 lucem

208 4635 281 4686 ab
307 4632 545 4704 Origene
574 4641 794 4695 exteris
839 4642 892 4694 iu
932 4640 1066 4697 locis
1111 4643 1198 4712 pie
1226 4643 1291 4697 de
1317 4638 1588 4695 Trinitate
1618 4640 1799 4695 fuerat
1903 4634 2073 4686 edidit
2100 4650 2244 4688 anno
2275 4635 2441 4701 1512;
2493 4636 2660 4691 altera
2710 4636 2870 4705 longe
2911 4637 3164 4706 amplior,
3192 4652 3353 4705 quam
3386 4654 3478 4707 pu-

213 4726 522 4791 Jeﬁnitum,
544 4730 598 4785 id
622 4730 769 4785 νριυι
791 4732 1154 4787 adulterarum
1175 4734 1241 4787 ab
1260 4731 1531 4787 mel-elicis
1553 4742 1642 4786 θυι
1662 4747 1794 4802 [περ-
1829 4713 1873 4768 D
1903 4720 2029 4774 blici
2051 4721 2190 4791 juris
2225 4724 2353 4779 fecit
2379 4741 2524 4780 anno
2574 4727 2709 4781 1574
2737 4727 2877 4782 alter
2920 4728 3247 4782 l’arisiensis
3288 4728 3476 4783 doctor

211 4823 737 4887 termisisse,autad
758 4823 1098 4878 Catholicam
1121 4840 1341 4880 sensum
1365 4825 1691 4894 quibusdam
1712 4826 1798 4877 de-
1903 4812 2187 4884 llteologus
2219 4814 2498 4871 Gilbertus
2527 4817 2935 4873 Genebrardus.
2966 4818 3074 4874 Sed
3107 4819 3235 4889 quia
3273 4820 3473 4874 editio-

209 4915 443 4977 ιηςιῖε,
491 4915 818 4985 quibusdam
867 4917 1085 4971 ειηυηιιθ
1128 4912 1415 4972 accersitis
1472 4931 1792 4982 revocasse;
1902 4917 1998 4957 nes
2029 4902 2145 4956 istae
2174 4903 2289 4959 suis
2320 4906 2566 4961 numeris
2598 4905 2860 4960 absolutae
2883 4920 2989 4960 non
3015 4916 3197 4970 erant,
3229 4914 3389 4973 atque
3422 4907 3473 4959 in

210 5005 410 5063 deinde
433 5010 921 5079 se,ub;0rige,,es
944 5010 1800 5080 pronuntiavitqumdamobsc“-
1898 4995 1981 5048 eis
2026 4995 2215 5051 Graeca
2254 4997 2732 5062 desiderabantur,
2780 4996 2988 5053 idcirco
3037 5000 3088 5053 in
3132 4999 3474 5068 generalibus

220 5101 440 5163 {maca
476 5102 668 5171 ρηωίη
712 5103 835 5156 aliis
861 5101 1155 5167 ελυδιειηίε
1180 5102 1677 5172 ηρργιίυδιεῧθτθι⁹
1707 5102 1797 5155 ad-
1899 5088 2029 5141 cieri
2071 5086 2337 5143 Gallicani
2387 5090 2649 5154 comitiis,
2698 5104 2819 5161 qua:
2868 5089 3092 5145 Parisiis
3133 5104 3276 5143 anno
3314 5091 3472 5154 1635i,

212 5192 427 5261 iecisse,
474 5208 532 5250 ut
562 5195 830 5250 sententia
865 5195 1015 5249 ﬁeret
1050 5195 1390 5264 explicatior,
1436 5193 1574 5249 nihil
1612 5203 1788 5247 tamen

1902 5177 2131 5233 subinde
2189 5180 2346 5248 1656,
2404 5180 2678 5236 celebrata
2735 5191 2883 5247 sunt,
2937 5181 3218 5235 decretum
3262 5179 3365 5234 fuit
3420 5190 3478 5235 ut

218 5301 371 5341 suum
401 5289 742 5353 dixisse,sed
778 5288 901 5342 licet
928 5286 979 5338 in
1007 5284 1128 5341 aliis
1150 5288 1283 5341 locis
1306 5287 1467 5350 dicta,
1492 5301 1589 5341 sua
1613 5298 1790 5339 tamen

1900 5271 2151 5341 Origenis
2180 5274 2356 5343 Opera
2391 5275 2532 5344 typis
2564 5275 2740 5329 denuo
2766 5273 2955 5329 Greece
2993 5283 3049 5327 et
3081 5272 3275 5327 Latine
3311 5288 3472 5326 aceti-

218 5376 430 5449 θινῖερηί
463 5382 793 5435 reddidisse.
824 5382 1067 5447 Αάιιεάίι,
1114 5382 1289 5451 inquit
1315 5378 1793 5451 Hieronymus“),
1900 5366 2073 5419 ratius
2102 5376 2155 5421 et
2186 5368 2401 5423 auctius
2432 5384 2594 5440 quam
2639 5375 2800 5421 antea
2838 5368 3149 5421 ederentur.
3180 5366 3469 5419 Decretum

219 5489 329 5534 qui:
355 5492 454 5528 non
479 5485 656 5534 erant,
684 5489 921 5527 asserens
946 5474 1009 5525 ab
1028 5480 1209 5528 eodem
1238 5474 1293 5525 in
1323 5472 1443 5527 aliis
1467 5473 1593 5526 locis
1613 5474 1794 5542 dispu-

1900 5456 2196 5513 Gallicana:
2218 5459 2477 5514 Ecclesia:
2508 5457 2794 5529 prmsulum
2821 5466 2999 5513 exstat
3042 5459 3095 5513 in
3126 5458 3469 5513 comitiorum

221 5574 328 5617 lata
353 5582 369 5620 :
395 5568 554 5636 quod,
586 5569 689 5621 nisi
724 5568 840 5637 ipsa
881 5567 996 5620 loca
1032 5565 1427 5629 monstraverit,
1449 5567 1586 5617 unde
1617 5573 1795 5619 trans.
1899 5549 2113 5604 illorum
2138 5552 2290 5605 Actis
2320 5554 2385 5605 ad
2411 5552 2553 5604 diem
2579 5550 2643 5603 21
2677 5548 2919 5604 Januarii
2949 5550 3075 5603 anni
3111 5549 3268 5606 1656.

221 5657 396 5709 tulisse
439 5675 493 5711 ιε
518 5658 672 5721 dim,
707 5658 931 5725 probare
968 5674 1071 5709 ηοη
1110 5656 1319 5719 pom-it,
1364 5653 1632 5708 Ρτωιυιηεει
1668 5670 1791 5709 cum
1898 5642 1983 5695 Du
2010 5644 2542 5709 lundivingt-uniénte
2565 5642 3165 5697 Janviert‘zhuitheures
3189 5643 3258 5694 du
3280 5642 3471 5703 matin,

224 5746 268 5793 in
300 5745 641 5802 Ruﬁnianam
692 5748 1204 5816 interpretationem
1253 5747 1535 5801 incidisset
1570 5755 1793 5800 sanctus
2023 5738 2399 5807 Monseigneur
2427 5736 2796 5807 l’Archeréque
2818 5735 3023 5790 d'Arles
3056 5736 3339 5804 president.

227 5832 439 5901 Doctor,
466 5838 633 5905 illico,
668 5850 726 5894 ut
761 5849 949 5895 monet
979 5840 1201 5905 ibidem,
1241 5838 1647 5896 animadvertit.
1677 5854 1793 5897 qua:
1970 5833 2346 5903 Ilonseigneur
2373 5830 2741 5895 l‘ArcIteréque
2772 5831 2834 5883 de
2877 5830 3105 5883 Tholoze
3144 5848 3172 5880 (ι
3205 5831 3466 5899 rapporte',

290 5996 355 6055 ὀ]
381 5995 496 6051 Lib.
529 6010 545 6049 t
580 5996 766 6050 adrers
815 5993 995 6051 Ruﬁn.
