3992 6572
490 525 558 581 £9
1906 515 2298 573 PREFATIO.
3676 507 3733 564 20

486 653 537 699 et
568 642 667 705 dit,
697 657 795 707 que
823 640 921 702 lui,
949 648 994 691 et
1032 633 1486 704 monscigneurﬁe
1518 631 1645 685 See:
1670 632 1893 697 aroient,
1925 634 2068 684 selon
2099 639 2141 691 Α
2176 628 2475 696 fragmenta
2496 664 2512 691 ,
2550 641 2669 694 quae
2702 622 2931 678 omnino
2971 622 3254 676 merebant
3310 634 3366 677 ut
3414 631 3733 692 occuparent

485 734 784 788 l'intention
813 733 878 784 de
914 727 1273 789 l’Assemblée,
1315 725 1525 790 eouferé
1552 723 1811 776 ensemble
1831 762 1847 782 ,
1877 733 1923 775 et
1954 723 2065 791 pris

488 827 635 881 l’aris
666 827 729 879 de
752 824 998 895 quelques
1038 824 1317 880 docteurs,
1358 820 1429 869 du
1470 816 1623 869 cltoix
1663 814 1751 867 des
1784 816 1936 867 lirres
1975 815 2065 865 des

494 919 649 971 Peres
680 914 858 979 (ἔνθα,
893 912 1021 983 qu'il
1050 911 1208 965 seroit
1243 910 1360 978 plus
1398 910 1430 961 ὰ
1463 924 1653 975 propos
1693 909 1757 959 de
1800 906 1937 975 [nire
1968 906 2065 955 im-

485 1014 705 1079 primer.
736 1008 905 1075 Qu'ils
938 1004 1307 1074 avoientjugé,
1343 1019 1443 1073 que
1481 1004 1555 1055 les
1590 1018 1785 1054 tenores
1824 1002 1888 1052 de
1921 1000 2063 1053 saint

482 1100 621 1157 Jenn
650 1102 993 1163 Dnmoscene,
1019 1097 1305 1167 d'Origene
1331 1136 1346 1161 ,
1394 1098 1459 1148 de
1494 1092 1758 1147 Maximus
1779 1135 1795 1157 ,
1829 1103 1877 1145 et
1928 1090 2062 1143 (ΓΕ-

483 1198 663 1264 phrem
698 1192 885 1261 Syrus,
915 1192 1109 1245 éloient
1132 1192 1203 1242 les
1225 1188 1342 1257 plus
1371 1188 1708 1249 necessuires,
1744 1198 1887 1240 entre
1911 1187 2062 1240 cel/es

482 1287 549 1337 de
593 1294 711 1336 tous
759 1286 831 1335 les
876 1283 1090 1333 anciens
1116 1320 1131 1340 ,
1172 1295 1311 1348 pour
1351 1278 1515 1332 servir
1548 1279 1579 1331 ὀ
1613 1277 1664 1329 la
1702 1276 1933 1329 décision
1970 1277 2061 1330 des

478 1385 837 1429 controverses
888 1373 952 1423 de
998 1370 1050 1421 la
1107 1368 1376 1437 Religion,
1425 1368 1697 1439 lexque/les
1757 1370 2061 1423 neanmoins

479 1462 739 1518 tt’avoieut
775 1479 870 1531 pas
891 1464 973 1515 été
1000 1463 1293 1527 imprimees
1312 1463 1533 1531 jusque:
1558 1462 1627 1514 iri
1651 1478 1714 1514 en
1739 1461 1853 1515 leur
1873 1460 2063 1529 langue

482 1554 776 1622 originelle;
805 1556 942 1607 voire
960 1570 1055 1622 que
1082 1553 1134 1607 la
1158 1553 1367 1622 pltlpart
1391 1554 1455 1607 de
1471 1553 1610 1607 leurs
1636 1569 1887 1624 ourrnges
1916 1552 2059 1606 n‘ont

480 1647 627 1712 point
674 1649 755 1700 été
799 1647 1071 1711 imprime:
1114 1662 1251 1710 pour
1299 1654 1433 1712 tatu,
1485 1644 1706 1716 lesquels
1749 1664 1802 1699 se
1841 1659 2059 1713 peuvent

483 1751 691 1791 trourer
719 1755 779 1791 en
808 1739 1033 1792 diverses
1061 1737 1459 1807 bibliollieques;
1492 1748 1544 1792 et
1573 1755 1672 1809 que
1711 1756 1846 1807 pour
1879 1738 1989 1791 cela
2022 1738 2062 1791 il

480 1832 724 1899 faudroit
765 1832 962 1884 clioisir
1000 1831 1220 1901 qttelqtte
1258 1847 1513 1896 personne
1555 1832 1669 1884 bien
1709 1832 1965 1884 entendue
1996 1847 2059 1884 en

477 1919 529 1970 la
562 1918 754 1988 langue
779 1936 1022 1987 grecque,
1050 1921 1140 1988 qui
1170 1920 1278 1987 prit
1308 1935 1366 1973 ce
1393 1922 1547 1984 sein;
1597 1922 1630 1974 ὰ
1672 1921 1796 1989 quoi
1835 1922 2060 1975 monsei-

2174 721 2368 773 ibidem
2402 718 2599 772 locum.

2240 811 2375 867 Cum
2403 812 2472 865 ita
2496 826 2555 864 se
2597 825 2683 865 res
2716 810 2963 873 haberet,
2998 825 3177 881 operae
3220 808 3454 878 pretium
3478 807 3732 863 facturum

2173 920 2258 956 me
2292 903 2622 963 existimavi.
2650 904 2692 957 si
2724 913 3009 973 postquam
3044 902 3108 959 R.
3140 900 3203 956 P.
3240 902 3300 955 D.
3336 900 3647 955 Bernardus
3675 900 3734 954 de

2174 997 2589 1052 Montelalconis
2614 997 2905 1066 plaudente
2938 998 3069 1051 orbe
3100 996 3364 1050 litterario
3392 993 3736 1064 Origeniano-

2173 1102 2291 1139 rum
2347 1085 2708 1154 llesaplorum
2765 1084 3021 1153 reliquias
3058 1087 3267 1139 duobus
3312 1084 3528 1140 in-I'olio
3579 1085 3735 1138 tomis

2170 1178 2226 1231 in
2254 1177 2423 1231 lucem
2445 1176 2635 1240 edidit,
2658 1190 2847 1229 novam
2868 1178 3192 1246 aggrederer
3212 1176 3503 1231 editionem
3526 1175 3737 1230 (ἔκειτο-

2170 1269 2454 1335 Latinam,
2496 1285 2616 1339 qua:
2666 1286 2767 1325 suo
2816 1285 3044 1339 quicque
3100 1271 3293 1326 ordine
3348 1270 3550 1340 reliqua
3608 1270 3735 1323 tanti

2171 1350 2459 1431 scriptoris
2489 1378 2655 1433 opera
2689 1361 3147 1433 complecteretur
3168 1402 3187 1426 ,
3221 1378 3344 1417 cum
3389 1362 3475 1417 illa
3509 1377 3737 1432 quorum

2168 1451 2357 1508 Graeca
2394 1454 2653 1509 interiere
2690 1455 2918 1524 solaque
2949 1464 3198 1523 superest
3230 1454 3610 1523 interpretatio
3634 1451 3731 1506 La-

2172 1547 2305 1604 tina.
2332 1557 2443 1601 tum
2481 1547 2571 1602 illa
2608 1563 2727 1617 quae
2759 1549 2946 1603 (ira-ee
2986 1549 3052 1602 ad
3094 1563 3192 1602 nos
3244 1555 3631 1617 pervenerunt.
3665 1545 3741 1599 Ea

2171 1640 2253 1694 vel
2285 1640 2349 1694 ad
2390 1641 2650 1695 librorum
2694 1656 2976 1695 sacrarunt
3025 1640 3530 1710 interpretationem
3571 1640 3734 1709 perti-

2171 1741 2321 1797 nent,
2348 1742 2405 1786 et
2441 1732 2744 1803 ὲξηγητικὰ
2774 1733 3114 1803 appellantur
3141 1732 3209 1787 ab
3236 1732 3452 1799 liuetio,
3494 1733 3583 1787 vel
3617 1741 3736 1784 sunt

2170 1826 2460 1895 peculiaris
2485 1827 2745 1892 instituti,
2777 1836 2831 1881 et
2857 1835 3210 1897 Syntagmata
3243 1827 3309 1879 ah
3341 1826 3534 1880 eodem
3565 1824 3738 1879 nomi-

2170 1928 2387 1973 nantur.
2418 1918 2602 1974 Primo
2643 1919 2869 1989 hujusce
2911 1920 3166 1974 editionis
3213 1929 3360 1974 tumo
3393 1919 3739 1973 continentur

477 2027 644 2079 gneur
670 2013 734 2064 de
759 2010 892 2066 See:
920 2029 952 2064 a
988 2010 1184 2080 ujotllé,
1211 2029 1309 2081 que
1338 2012 1445 2065 l'on
1472 2014 1711 2079 pourroit
1741 2015 1882 2080 prier
1911 2029 2061 2066 mon-
2095 2003 2136 2058 Β
2167 2009 2549 2080 Syntagmata;
2574 2022 2807 2078 quatuor
2835 2012 3061 2082 reliquis
3086 2013 3387 2082 exegctica,
3418 2011 3741 2079 ad-quorum

478 2102 727 2171 seigneur
756 2104 819 2155 de
854 2100 1085 2155 Tholoze
1115 2103 1178 2154 de
1206 2103 1431 2168 pnemlre
1458 2103 1505 2154 le
1531 2102 1678 2154 sieur
1703 2103 1898 2156 Aubert
1927 2103 2057 2154 doc-

480 2203 598 2246 teur
618 2196 682 2247 de
711 2193 1005 2259 Sorbonne,
1035 2210 1172 2256 pour
1200 2195 1308 2247 l'un
1342 2195 1435 2248 des
1461 2194 1622 2258 deum;
1647 2211 1745 2264 que
1770 2195 1819 2247 la
1846 2211 2058 2259 compa-

477 2288 596 2353 gnie
632 2287 703 2339 [ἀ
733 2287 995 2341 ci-devant
1021 2289 1139 2356 prie
1162 2288 1225 2341 de
1257 2287 1455 2340 clioisir
1496 2304 1632 2349 pour
1674 2288 1942 2340 travailler
1967 2304 2061 2340 sur

476 2381 525 2433 le
556 2380 694 2433 droit
726 2378 928 2438 Conon.
960 2390 1007 2433 et
1039 2396 1135 2433 sur
1166 2378 1423 2432 l'hisloire
1449 2375 1885 2446 Ecelesinstique,
1910 2391 1956 2431 et
1983 2378 2062 2431 lui

478 2472 680 2524 donner
710 2470 757 2524 le
792 2472 908 2525 soin
940 2475 1005 2525 de
1037 2481 1168 2524 cette
1196 2471 1535 2539 impressiou,
1571 2487 1709 2539 pour
1741 2487 1803 2523 ne
1838 2472 2061 2540 charger

476 2581 569 2628 pas
598 2558 760 2615 l’Etol
783 2564 848 2615 de
880 2562 996 2631 plus
1029 2564 1230 2631 grande
1252 2564 1490 2629 depensa.

551 2696 703 2750 Ledit
732 2707 943 2767 rapport
968 2700 1208 2751 concerté
1222 2708 1268 2750 et
1291 2700 1451 2767 agite,
1469 2699 1681 2752 mesdits
1706 2698 1974 2765 seignetrrs
1996 2699 2065 2749 de

482 2789 709 2844 Tholoze
739 2800 787 2843 et
813 2792 877 2842 de
904 2786 1037 2843 Seez
1059 2799 1146 2842 ont
1178 2792 1259 2843 έιέ
1288 2790 1433 2856 prie;
1452 2790 1518 2843 de
1547 2789 1740 2842 traiter
1766 2805 1889 2842 aveo
1911 2790 2059 2857 quel-

478 2899 604 2951 ques
630 2882 967 2949 imprimeurs
993 2883 1082 2952 qui
1112 2882 1283 2953 ferant
1310 2884 1361 2935 la
1383 2884 1651 2937 conditiora
1674 2882 1725 2937 la
1756 2885 1875 2951 plus
1899 2900 2060 2937 avon-

480 2988 733 3039 tegeuse;
760 2986 809 3030 et
841 2993 905 3030 en
942 2976 1061 3030 leur
1088 2980 1299 3041 premnt
1327 2978 1379 3030 la
1419 2994 1616 3033 somme
1655 2980 1721 3032 de
1761 2978 1873 3031 ltuit
1917 2980 2060 3031 mille

476 3067 674 3132 liores,
722 3069 811 3136 qui
852 3079 928 3121 est
986 3079 1133 3122 entre
1166 3068 1241 3123 les
1293 3071 1464 3123 moins
1515 3070 1579 3122 de
1634 3069 1925 3129 Cramoisi,
1983 3070 2057 3121 les

478 3157 679 3225 obliger
710 3159 1109 3227 leimpression
1135 3161 1334 3215 desdits
1374 3162 1601 3215 Auleurs
1636 3169 1684 3214 et
1730 3177 1839 3214 anx-
1882 3172 2058 3213 autrcs

476 3249 635 3319 qu‘ils
665 3250 915 3319 jugeronl
958 3254 1322 3318 necessaires;
1360 3255 1556 3321 onquel
1591 3252 1748 3307 trailé
1778 3252 1842 3306 iis
1884 3253 2055 3321 [erant

478 3352 657 3395 entrer
685 3358 784 3409 par
814 3342 1114 3412 préfermce
1145 3346 1193 3399 le
1219 3347 1364 3399 sieur
1400 3344 1547 3400 Vitré
1574 3386 1588 3409 ,
1636 3346 1947 3414 imprimeur
1988 3347 2058 3398 du
2088 3360 2130 3417 ο

480 3433 686 3503 Clergé.
712 3434 783 3488 Et
822 3452 884 3490 en
912 3447 1061 3489 outre
1086 3438 1137 3490 ln
1164 3442 1473 3505 compagnie
1500 3458 1529 3491 a
1574 3440 1749 3492 desire
1794 3455 1893 3509 que
1930 3440 2059 3492 ledit

480 3526 625 3578 sieur
645 3528 840 3580 Aubert
871 3528 951 3594 [tit
973 3529 1194 3598 emploié
1213 3546 1281 3581 au
1305 3532 1420 3583 sein
1446 3532 1510 3583 de
1534 3530 1698 3584 [adite
1724 3532 2059 3599 impressiuu;

480 3627 529 3669 et
560 3635 699 3687 pour
736 3636 791 3671 ce
821 3637 852 3672 α
884 3622 1121 3674 ordouné
1143 3661 1158 3685 ,
1186 3622 1316 3690 φρει
1348 3638 1465 3674 sera
1516 3625 1714 3677 conche
1752 3641 1846 3676 sur
1888 3624 2061 3675 l'eslnt

482 3711 573 3762 des
604 3712 1014 3780 gratiﬁcations,
1049 3730 1170 3767 uvec
1198 3711 1407 3780 l‘nutre,
1450 3732 1549 3784 que
1587 3719 1952 3786 monseigneur
1998 3718 2064 3770 de

485 3800 709 3858 Thelose
737 3821 1005 3859 nommera
1028 3824 1163 3875 pater
1188 3808 1236 3861 le
1268 3809 1407 3863 droit
1439 3809 1646 3863 Conon.

556 3916 729 3974 Porro
756 3919 1104 3973 comitiormn
1136 3931 1258 3974 erat
1286 3937 1488 3989 prmses
1524 3922 1932 3979 illustrissimus
1970 3942 2064 3979 ar~

488 4009 868 4080 chiepiscopus
894 4012 1233 4068 Arelatensis
1275 4012 1514 4070 Joannes
1551 4013 1777 4071 Joubert
1815 4017 1881 4072 de
1928 4017 2065 4073 Bar-

491 4100 654 4165 rault;
683 4102 1127 4173 archiepiscopus
1152 4106 1455 4161 Tolosanus
1484 4109 1577 4179 qui
1612 4110 1665 4163 in
1696 4110 1919 4166 decreto
1969 4130 2065 4166 no-

486 4193 747 4258 minatur,
778 4194 1005 4251 Carolus
1038 4200 1103 4253 de
1136 4199 1405 4264 Mouchal,
1447 4203 1528 4257 vir
1556 4203 1770 4258 eximiae
1803 4206 2063 4260 eruditio-

488 4284 576 4337 nis
606 4293 659 4339 et
693 4286 769 4341 rei
804 4288 1087 4346 litterariae
1106 4292 1567 4356 studiosissimus;
1596 4294 1878 4367 Sagieusis
1908 4299 2065 4353 deuio

483 4378 908 4446 que‘episeopus
946 4379 1186 4437 Iacobus
1216 4384 1265 4439 le
1288 4384 1487 4440 Camus
1511 4386 1580 4441 de
1612 4387 1934 4452 Pontcarré,
1981 4389 2064 4443 vir

484 4468 667 4522 itidem
717 4472 968 4540 politiore
1032 4475 1336 4531 litteratura
1383 4479 1808 4535 excultissimus.
1861 4479 2060 4535 Verum

480 4559 758 4613 Aubertus
786 4600 800 4622 ,
854 4561 981 4628 qui,
1036 4562 1373 4619 Damasceno
1414 4576 1469 4620 et
1512 4564 1750 4636 Origene
1797 4567 2058 4631 omissis,

479 4646 745 4716 [Ephrem
767 4652 962 4722 Syrum
988 4655 1267 4720 publicare
1282 4659 1669 4721 destinaverat,
1690 4673 1789 4714 nec
1808 4658 2060 4728 Ephrem

483 4740 681 4815 Syrum
707 4744 895 4809 edidit,
928 4762 1030 4800 nec
1053 4748 1367 4820 Origenem,
1408 4766 1510 4805 nec
1537 4751 1952 4807 Damascenum.

555 4854 752 4910 Postea
784 4858 865 4910 vir
894 4858 1248 4918 doctissimus
1279 4863 1469 4920 Daniel
1502 4864 1729 4919 Huelius
1758 4866 1919 4920 aliam
1953 4866 2071 4923 sibi.

483 4951 770 5017 proposuit
805 4952 1059 5021 Urigenis
1090 4956 1404 5022 editionem,
1436 4973 1555 5027 quae
1588 4974 1651 5013 ea
1685 4959 1861 5013 solum
1915 4974 2064 5013 com-

482 5037 819 5105 plecteretur
845 5056 1006 5108 opera
1040 5059 1131 5097 seu
1164 5046 1466 5116 fragmenta
1499 5063 1619 5117 qua:
1654 5048 1719 5101 ad
1751 5064 1849 5102 nos
1893 5063 2066 5118 usque

481 5127 676 5189 Graeca
726 5147 1064 5200 pervenere:
1117 5137 1208 5189 sed
1257 5146 1540 5205 postquam
1589 5138 1799 5193 duobus
1846 5136 2065 5193 iii-iulio

484 5226 647 5279 tomis
669 5226 877 5293 aliquot
909 5226 961 5280 in
992 5238 1213 5281 sanctas
1253 5228 1464 5283 litteras
1498 5232 1696 5299 partim
1740 5229 1853 5298 jam
1894 5230 2063 5292 edita,

486 5314 680 5380 partim
718 5317 956 5369 nomium
1006 5319 1151 5371 edita
1191 5318 1501 5389 ἐξηγητικὰ
1545 5319 1870 5391 Rotliomagi
1918 5335 2064 5374 anno

484 5404 623 5461 1668
653 5408 985 5476 publicavit,
1023 5421 1243 5480 repente
1277 5414 1345 5466 ab
1392 5414 1633 5482 inemptu
1668 5414 1919 5477 destitit,
1966 5430 2066 5467 nec

484 5498 589 5550 alia
616 5500 871 5567 Urigenis
904 5500 1282 5573 Syntagmata,
1311 5520 1431 5573 qua:
1460 5507 1643 5574 priore
1676 5506 1899 5576 hujusce
1931 5522 2066 5561 mea:

483 5590 737 5645 editionis
760 5602 913 5647 tomo
928 5596 1307 5661 continentur,
1328 5597 1469 5666 typis
1493 5597 1592 5663 (uti
1618 5596 2065 5666 Origeniunorum

485 5680 579 5734 lib.
612 5698 694 5745 Ill,
729 5696 866 5740 sect.
899 5686 960 5750 2,
1002 5704 1152 5744 num.
1182 5689 1213 5741 7
1237 5730 1258 5754 ,
1294 5690 1624 5758 promiserat
1660 5705 1721 5746 se
1769 5690 2063 5760 facturum)

487 5775 734 5827 mandari
765 5777 1005 5831 curavit.
1036 5777 1153 5834 Huc
1184 5780 1325 5835 adde
1356 5782 1499 5850 quod
1528 5783 1581 5835 in
1604 5781 1817 5837 duobus
1833 5782 1951 5850 ejus
1986 5793 2067 5837 to-

484 5864 607 5929 mis,
641 5867 841 5934 quibus
874 5870 926 5925 in
954 5881 1174 5927 sanctos
1211 5872 1379 5929 libros
1427 5875 1729 5947 ὲξηγητικὰ
1777 5876 1967 5931 Graece
2009 5886 2065 5931 et

482 5954 676 6015 Latine
703 5962 1077 6031 continentur,
1101 5964 1327 6033 plurima
1356 5970 1558 6024 omissa
1592 5978 1717 6023 sum
1742 5969 1844 6022 alia
1873 5968 2058 6024 Grtcra

2162 2102 2395 2164 calcem,
2451 2117 2643 2171 nempe
2697 2103 2752 2156 in
2811 2102 2917 2156 line
2965 2104 3143 2157 ultimi
3192 2101 3322 2155 tomi
3377 2100 3740 2171 subjicientur

2161 2194 2450 2249 clarissimi
2477 2195 2576 2249 viri
2610 2194 2757 2249 Petri
2798 2196 3034 2250 Dauielis
3067 2196 3243 2249 lluetii
3272 2194 3618 2265 Origeniana,
3649 2194 3743 2247 ubi

2163 2287 2398 2353 primum
2430 2289 2743 2343 Adamantii
2790 2291 2961 2345 nostri
2999 2289 3291 2360 perscribit
3338 2289 3503 2342 vitam
3545 2308 3557 2343 :
3613 2287 3739 2342 hinc

2162 2380 2229 2435 de
2252 2380 2374 2448 ejus
2397 2381 2704 2436 eruditione
2725 2382 2946 2437 disserit
2968 2392 3022 2436 et
3047 2382 3337 2452 dogmatis,
3366 2395 3489 2451 qua
3515 2394 3739 2450 magnas

2164 2474 2217 2527 in
2256 2473 2495 2529 Ecclesia
2528 2475 2653 2529 dum
2686 2475 2912 2540 viveret,
2957 2473 3189 2543 majores
3225 2482 3351 2544 post
3389 2472 3504 2540 ejus
3531 2472 3741 2527 obitum

2165 2568 2355 2621 turbas
2381 2568 2757 2631 conciverunt;
2792 2568 2995 2637 scripta
3022 2568 3243 2621 domum
3268 2566 3411 2636 ejus,
3438 2579 3558 2634 qua:
3593 2562 3735 2617 mul-

2165 2670 2339 2714 torum
2364 2660 2560 2714 critica
2585 2659 2820 2724 vexavit,
2847 2659 3063 2729 attingit
3084 2668 3138 2713 et
3160 2658 3442 2713 discernit.
3470 2656 3739 2726 Magnam,

2164 2765 2263 2803 nec
2291 2750 2648 2817 immeritam,
2686 2749 2895 2805 auctori
2930 2766 3030 2804 suo
3060 2749 3202 2803 istud
3235 2764 3371 2818 opus
3397 2750 3536 2815 apud
3562 2747 3745 2801 crudi-

2166 2853 2246 2896 tos
2273 2844 2499 2911 gloriam
2535 2844 2761 2913 peperit.
2794 2842 3154 2910 Quamobrem
3187 2842 3515 2897 instituenda
3544 2843 3742 2899 iterum

2165 2934 2415 3003 Origeuis
2464 2936 2573 2989 vita
2599 2976 2614 2999 ,
2657 2936 3130 3005 disceptaudisque
3181 2934 3298 3002 ejus
3338 2936 3604 3006 dogmatis
3648 2951 3746 2991 su-

2166 3027 2562 3095 persedendum
2599 3027 2809 3097 putavi»,
2848 3042 2933 3092 ne,
2982 3030 3124 3097 quod
3151 3028 3337 3091 aiunt,
3387 3039 3567 3083 actum
3610 3044 3743 3100 age-

2163 3129 2311 3183 rem,
2330 3119 2576 3188 satisque
2605 3118 2796 3173 lectori
2840 3134 2959 3175 meo
2992 3117 3113 3172 fore
3158 3120 3457 3174 arbitratus
3488 3134 3608 3174 sum
3633 3161 3649 3185 ,
3693 3122 3744 3176 si

2163 3210 2597 3280 quotiescunque
2652 3211 2831 3265 valida
2879 3226 2965 3266 ine
3019 3213 3294 3268 rationum
3352 3222 3629 3267 momenta
3668 3215 3738 3266 ab

2165 3303 2538 3373 amplectenda
2562 3303 2850 3359 clarissimi
2874 3305 3116 3374 przesulis
3138 3306 3413 3361 sententia
3433 3308 3745 3371 abducunt,

2164 3409 2229 3448 ea
2278 3404 2526 3449 notarum
2577 3405 2632 3450 et
2687 3396 3132 3451 Observationum
3184 3398 3355 3451 instar
3384 3398 3445 3452 in
3490 3409 3749 3469 extrema

2164 3499 2376 3554 quaque
2410 3485 2601 3555 pagina
2621 3486 2958 3541 exhiberem.
2986 3486 3058 3541 Ita
3087 3489 3231 3541 enim
3261 3489 3375 3555 lict,
3408 3496 3467 3541 ut
3499 3502 3606 3542 uno
3637 3485 3748 3543 vcl-

2169 3575 2244 3628 uti
2286 3575 2568 3629 oculorum
2597 3576 2849 3646 conjecto
2877 3578 3037 3632 facile
3066 3579 3298 3648 perspici
3337 3588 3504 3647 queat
3531 3580 3660 3648 quid
3688 3580 3745 3632 iu

2167 3678 2454 3735 utramque
2500 3678 2713 3737 partem
2752 3670 2819 3723 ad
2859 3671 3223 3725 accusandum
3274 3669 3745 3726 deiendendumve

2164 3760 2453 3830 Origenem
2494 3758 2775 3814 all‘eratur.
2806 3759 2927 3815 Iam
2967 3761 3010 3816 si
3056 3761 3180 3831 quis
3218 3777 3283 3816 ex
3332 3776 3417 3816 me
3464 3763 3751 3830 quaesierit

2164 3868 2261 3906 cur
2290 3853 2469 3907 hzccce
2502 3852 2825 3924 Origeniana
2853 3856 2919 3907 ad
2943 3853 3145 3908 calcem
3179 3855 3351 3908 totius
3400 3854 3585 3924 operis
3616 3850 3748 3921 reji-

2164 3959 2311 4007 cere,
2340 3961 2500 4015 quant
2534 3947 2664 4000 tomi
2706 3946 2865 4014 primi
2899 3946 3067 4001 fictili
3114 3946 3394 4017 prreligere
3426 3947 3757 4012 maluerim,

2164 4037 2379 4093 duabus
2410 4039 2477 4093 de
2500 4040 2683 4095 causis
2721 4040 2771 4093 id
2808 4040 3006 4094 factum
3048 4040 3206 4095 sciat.
3258 4042 3314 4095 1·
3353 4038 3489 4107 Quia
3538 4038 3750 4092 volenti

2166 4129 2298 4183 mihi
2323 4130 2504 4184 omnia
2536 4127 2789 4199 Origenis
2824 4145 2987 4201 Opera
3016 4145 3138 4201 quin
3166 4140 3292 4184 sunt
3339 4128 3630 4199 peculiaris
3662 4128 3754 4181 iu-

2164 4222 2362 4287 stituti,
2395 4223 2446 4277 id
2475 4232 2559 4277 est
2588 4222 2966 4293 Syntagmata,
3013 4238 3121 4275 uno
3166 4221 3438 4277 volumine
3486 4236 3755 4291 eompre~

2167 4314 2424 4381 hendere,
2459 4315 2512 4369 in
2550 4317 2868 4386 ampliorem
2900 4316 3229 4386 omninoque
3259 4316 3579 4369 abnormem
3625 4329 3753 4366 rno-

2166 4406 2271 4461 lem
2315 4408 2651 4461 excrevisset
2704 4418 2881 4461 tomus
2929 4409 3171 4476 primus,
3224 4407 3270 4460 si
3309 4406 3533 4475 insuper
3576 4404 3759 4459 fronti

2163 4497 2382 4565 priniixa
2415 4497 2694 4553 habuisset
2721 4498 3064 4569 Origeniana.
3091 4499 3147 4552 2°
3173 4497 3307 4565 Quia
3334 4513 3456 4552 cum
3480 4511 3585 4551 non
3611 4512 3751 4562 uno,

2166 4591 2406 4655 duobus,
2437 4590 2679 4644 tribusve
2719 4593 2877 4646 annis
2918 4592 3158 4661 quinque
3202 4589 3418 4643 in-folio
3466 4587 3752 4641 volumina

2096 4722 2140 4776 υ
2166 4698 2196 4738 e
2238 4684 2378 4754 typis
2417 4684 2580 4738 simul
2612 4684 2764 4739 exire
2792 4684 3034 4746 soleant,
3078 4682 3171 4737 sed
3202 4680 3465 4776 Adecennii
3507 4681 3752 4776 spatium

2168 4775 2234 4829 iis
2256 4775 2485 4829 edendis
2517 4774 2674 4844 vulgo
2706 4774 3019 4843 impendant
3045 4770 3375 4826 Parisienses
3394 4766 3763 4841 typographi,

2168 4883 2275 4921 non
2311 4868 2682 4935 imprudenter
2710 4866 2923 4935 speravi
2957 4866 3071 4919 iure
3102 4905 3117 4929 ,
3170 4872 3228 4917 ut
3275 4873 3426 4918 tanto
3479 4858 3757 4928 temporis

2168 4959 2451 5013 intervallo
2480 4975 2618 5012 nova
2658 4959 2791 5012 mihi
2822 4959 2877 5011 in
2905 4959 3021 5012 dies
3058 4959 3123 5011 ad
3165 4954 3617 5026 Origenianorum
3653 4966 3758 5004 re-

2120 5079 2129 5089 -
2166 5050 2477 5104 censionem
2512 5050 2600 5103 lus
2637 5049 2944 5111 accederet,
2973 5062 3093 5114 nec,
3140 5047 3283 5115 quod
3320 5044 3443 5099 aliis
3475 5041 3761 5112 plurimo-

2168 5157 2288 5195 rum
2319 5142 2659 5199 voluminum,
2685 5140 2990 5195 editoribus
3018 5140 3238 5193 evenire
3267 5136 3439 5201 solet,
3489 5148 3637 5187 meas
3678 5133 3759 5186 ad

2168 5228 2380 5297 priores
2428 5240 2603 5284 tomos
2634 5229 3082 5291 observationes,
3131 5228 3183 5280 in
3223 5228 3415 5280 ultimo
3464 5222 3760 5277 volumine

2168 5338 2397 5392 cogerer
2443 5324 2714 5390 castigare
2764 5331 2820 5375 et
2861 5321 3191 5391 palinodiam
3243 5333 3464 5373 canere.
3520 5315 3760 5383 Habes,

2170 5413 2429 5468 benevole
2447 5413 2638 5477 lector,
2659 5415 2826 5468 totius
2846 5414 3072 5482 hujusce
3088 5413 3342 5468 editionis
3359 5419 3755 5480 conspectum.

2167 5506 2305 5571 Quid
2340 5522 2368 5559 a
2403 5506 2558 5560 nobis
2582 5508 2634 5561 iu
2666 5508 2766 5561 hoc
2791 5506 2964 5575 primo
2995 5516 3140 5559 tomo
3165 5505 3505 5575 potissimum
3528 5503 3763 5574 praesti-

2172 5610 2281 5651 tttm
2311 5599 2401 5663 sit,
2433 5614 2576 5654 nunc
2615 5599 2896 5668 speciatim
2931 5600 3241 5653 dicendum.

2171 5711 2245 5765 De
2270 5712 2504 5784 reliquiis
2527 5712 2869 5784 epistolorum
2896 5712 3164 5784 Origenis,
3180 5722 3231 5766 et
3256 5712 3486 5784 maxime
3506 5713 3571 5766 de
3589 5713 3761 5784 Afri-

2238 5784 2359 5834 cani
2384 5781 2603 5848 epistola
2634 5786 2702 5835 ad
2730 5781 3008 5852 Origeneni
3050 5794 3094 5836 et
3133 5783 3375 5851 Origenis
3412 5783 3482 5838 ad
3524 5783 3758 5853 A[ric1-

2238 5869 2362 5904 num
2396 5868 2638 5919 responso
2668 5870 2824 5921 super
2854 5852 3119 5909 Susanna:
3141 5856 3383 5909 historia.

2243 5968 2395 6024 Unde
2448 5970 2749 6039 prodierint
2798 5972 3142 6042 epistularum
3194 5972 3445 6041 Origenis
3496 5971 3769 6042 reliquiae
