3992 6544
251 423 313 481 ει
1669 412 2058 468 PRA-JFATIO.
3431 415 3514 471 ea

253 559 367 614 qua:
396 541 561 595 fronti
587 539 1009 611 Syutsgmatum
1042 538 1466 606 praemittuntur,
1494 536 1693 605 praevia
1734 537 1827 590 do-
1856 543 1900 596 Α

248 645 328 691 cet
353 634 656 689 admonitio
687 631 978 702 generalis,
1017 630 1068 683 in
1108 646 1216 699 qua
1256 645 1318 683 ea
1373 640 1581 684 tantum
1621 629 1819 682 omissa

250 738 370 782 sunt
393 742 514 795 qua:
545 725 612 778 ad
641 725 823 778 varias
855 732 1100 793 spectant
1140 722 1449 793 ἀμοιϐαίων
1483 720 1721 775 Africani
1769 729 1824 774 et

247 817 497 886 Origenis
531 815 886 884 epistolariim
936 814 1224 867 editiones.
1280 813 1576 880 Utramque
1615 813 1821 881 primus

251 910 438 963 Latine
473 920 687 962 tantum
719 909 889 962 edidit
917 906 1024 960 Leo
1046 906 1313 968 Castrius,
1353 904 1644 973 Hispaniis,
1682 921 1821 974 pra:-

251 1002 475 1069 lixitque
530 1001 646 1054 suis
690 1000 742 1052 in
793 999 988 1052 Isaiam
1040 1000 1358 1067 prophetam
1415 996 1822 1050 commentariis

249 1093 598 1146 Salmanticas
632 1091 865 1161 vulgatis
891 1106 1036 1144 anno
1069 1089 1228 1145 1570.
1276 1090 1577 1159 Utramque
1626 1089 1821 1144 deinde

248 1185 531 1241 Gilbertus
574 1185 957 1241 Genebrardus
1015 1199 1156 1238 anno
1209 1183 1342 1237 1574
1409 1184 1662 1238 editionis
1711 1198 1822 1237 suae

250 1291 396 1334 tomo
429 1280 674 1334 secundo
703 1279 955 1343 inseruit,
986 1279 1258 1334 Gentiano
1287 1278 1539 1343 llerveto,
1572 1277 1820 1331 Aurelia-

251 1372 425 1436 nensi,
466 1383 524 1424 et
552 1374 817 1426 canonico
853 1370 1103 1425 Remensi
1131 1409 1146 1433 ,
1194 1371 1491 1438 interprete
1537 1384 1603 1423 ex
1639 1369 1823 1424 codice

251 1464 626 1532 manuscripto
677 1463 952 1518 Guillelini
1009 1462 1190 1518 Sirleti
1244 1461 1560 1518 cardinalis.
1631 1461 1820 1516 Postea

249 1555 488 1608 Africani
537 1559 601 1609 ad
651 1556 937 1625 Origenem
988 1555 1212 1624 epistola
1245 1557 1448 1624 integra
1498 1571 1621 1609 cum
1668 1555 1824 1609 initio

251 1650 504 1716 responsi
549 1649 796 1718 Grigenis
837 1651 902 1702 ad
944 1649 1260 1704 Africanum
1310 1650 1501 1706 Grtece
1559 1649 1824 1703 duntaxat

251 1741 391 1794 edita
419 1751 506 1794 est
547 1741 799 1812 Augusta:
845 1742 1250 1797 Viudelicorum
1291 1758 1433 1796 anno
1465 1742 1601 1797 1602
1627 1783 1641 1806 ,
1691 1757 1820 1796 cura

252 1833 466 1886 Davidis
496 1833 787 1890 Hmschelii
815 1845 933 1904 post
965 1835 1190 1889 Adriani
1237 1835 1493 1906 isagogen
1540 1851 1820 1890 sacrarum

253 1924 679 1991 Scripturaruin,
704 1936 758 1980 et
784 1927 1034 1998 llesychii
1060 1927 1357 1998 presbyteri
1381 1926 1818 1997 Jerosolyinitani

250 2017 606 2085 Στιχηρὸνῑη
631 2018 820 2072 isaiam
851 2031 904 2072 et
925 2020 1202 2073 duodecim
1223 2019 1530 2087 prophetas.
1559 2019 1818 2088 Responsi

250 2106 503 2177 Origeuis
537 2110 602 2163 ad
635 2109 951 2164 Africanum
983 2111 1348 2180 fragmentum
1377 2111 1604 2165 alterum
1630 2111 1821 2166 Graece

253 2201 374 2253 item
408 2201 580 2255 edidit
623 2201 1118 2268 Patriciiisluuius,
1164 2201 1423 2268 Londini,
1451 2218 1597 2255 anno
1640 2202 1776 2256 1657
1804 2245 1818 2266 ,

254 2303 372 2360 post
401 2293 664 2348 Catenam
694 2295 1010 2350 Graecorum
1057 2296 1274 2350 Patrum
1319 2295 1371 2348 iu
1412 2295 1535 2351 Job.
1584 2296 1822 2364 Denique

251 2395 539 2453 utramque
559 2388 840 2456 epistolam
876 2388 1035 2443 simul
1057 2387 1242 2444 Graece
1268 2398 1323 2444 et
1350 2389 1537 2442 Latine
1570 2405 1672 2441 una
1698 2403 1821 2440 cuin

256 2477 474 2548 Dialogo
503 2489 691 2533 contra
726 2479 1096 2544 Marcionitas,
1144 2490 1200 2535 et
1248 2480 1504 2549 Origeuis
1553 2481 1818 2534 Exhorta-

254 2569 392 2624 tione
418 2569 487 2623 ad
535 2570 848 2640 Martyrium
894 2572 1118 2626 Basilese
1166 2587 1307 2625 anno
1356 2571 1494 2624 1674
1544 2572 1596 2624 in
1648 2570 1819 2624 lucem

252 2654 415 2714 edidit
449 2658 692 2716 Joannes
737 2662 1049 2729 Rodolplius
1101 2662 1519 2726 Wetstlieniiis,
1566 2662 1822 2716 oratorie

254 2751 382 2804 ariis
411 2751 468 2805 in
499 2752 742 2818 ejusdem
773 2753 924 2807 urbis
949 2753 1232 2807 acadeinia
1269 2753 1569 2820 professor.
1622 2750 1820 2806 Verum

253 2841 360 2909 ejus
375 2842 544 2895 editio
563 2843 765 2911 triplici
785 2843 1122 2912 potissimum
1143 2844 1356 2899 videtur
1378 2843 1631 2899 laborare
1648 2843 1778 2899 vitio
1803 2860 1818 2898 :

257 2934 308 2986 1·
357 2936 497 3003 quod
544 2938 866 2990 mendosum
919 2937 1235 3007 plerumque
1278 2947 1535 3008 sequatur
1581 2938 1818 2992 codicem

261 3027 717 3096 maiiuscriptum;
761 3028 826 3081 2°
873 3030 1015 3099 quod
1061 3032 1368 3086 barbariem
1422 3043 1480 3086 ut
1531 3031 1819 3100 plurimum

255 3118 484 3171 redoleat
511 3119 891 3189 interpretatio
933 3121 1121 3176 Latina
1153 3138 1184 3177 e
1229 3123 1448 3193 regione
1493 3124 1668 3178 Graeci
1703 3138 1824 3178 ser-

2111 535 2183 588 De
2215 536 2364 587 libris
2389 534 2529 602 Περὶ
2562 532 2765 602 ἀρχῶν
2793 549 2886 586 seu
2921 532 2993 586 De
3021 531 3313 600 principiis.

1997 628 2238 692 Quatuor
2273 627 2412 694 Περὶ
2446 625 2646 695 ἀρχῶν
2690 624 2857 678 libros
2900 623 3087 678 Latine
3133 632 3337 676 tantum
3399 622 3504 675 Ru-

1928 717 2034 770 liuo
2063 716 2358 784 interprete
2387 717 2720 786 (jamdudum
2753 715 2895 768 enim
2929 714 3163 768 maxima
3209 728 3337 782 pars
3381 726 3507 766 ora-

1925 808 2086 862 tionis
2117 807 2318 863 Grzeea:
2351 809 2652 880 interierat)
2685 811 2891 877 primus
2914 809 3053 879 typis
3082 806 3324 862 mandari
3350 820 3507 860 cura-

1928 899 2002 952 vit
2028 898 2264 953 Jacobus
2293 898 2558 962 Merlinus‘
2601 916 2744 954 anno
2779 901 2950 966 1512,
2989 915 3098 954 una
3125 913 3249 953 cum
3293 897 3507 952 cieteris

1924 1008 2059 1061 quas
2085 991 2274 1047 Latine
2335 1001 2615 1061 repererat
2662 993 2912 1063 Origenis
2957 1006 3183 1063 operum
3237 989 3506 1059 reliquiis.

1927 1084 2124 1140 Verum
2162 1086 2309 1140 bono
2337 1085 2412 1140 illi
2451 1086 2658 1140 doctori
2703 1102 2894 1155 parum
2922 1100 3066 1140 cura:
3097 1084 3268 1138 fuisse
3295 1083 3508 1137 videtur

1931 1176 2108 1230 Rufini
2144 1177 2233 1229 illa
2268 1176 2577 1246 adprecatio
2602 1191 2704 1246 qua
2734 1176 2789 1229 in
2825 1176 2931 1230 ﬁne
2967 1175 3170 1244 prologi
3197 1173 3279 1230 sui
3305 1189 3508 1228 omnem

1923 1270 2013 1338 qui
2039 1268 2131 1321 hos
2163 1268 2322 1320 libros
2367 1268 2731 1334 descripturus
2776 1279 2852 1322 est
2890 1269 2970 1322 vel
3005 1268 3268 1330 lecturus,
3298 1267 3356 1320 in
3380 1281 3507 1318 con-

1926 1370 2105 1427 spectu
2161 1360 2258 1416 Dei
2309 1360 2488 1414 Patris
2517 1372 2562 1413 et
2594 1359 2727 1414 Filii
2763 1373 2808 1414 et
2845 1359 3079 1428 Spiritus
3122 1361 3294 1414 sancti
3331 1367 3508 1414 conte-

1924 1465 2118 1519 statur,
2163 1463 2320 1524 atque
2373 1456 2606 1508 convenit
2648 1472 2742 1522 per
2795 1456 2962 1523 futuri
3007 1456 3150 1523 regni
3188 1454 3382 1521 ﬁdem,
3418 1468 3509 1521 per

1924 1546 2320 1598 resurrectionis
2371 1561 2436 1597 ea:
2473 1546 2694 1598 mortuis
2743 1555 3171 1607 sacramentum,
3225 1559 3318 1612 per
3357 1543 3507 1595 illum

1922 1639 2010 1704 qui
2038 1648 2369 1704 prtzparatus
2405 1647 2478 1691 est
2518 1636 2728 1690 diabolo
2759 1645 2809 1689 et
2837 1635 3036 1705 angelis
3093 1637 3208 1706 ejus
3254 1645 3507 1689 (sternunt

1923 1729 2114 1797 ignem,
2161 1747 2224 1784 ne
2262 1731 2424 1782 addat
2478 1729 2678 1799 aliquid
2725 1730 3034 1796 scripturae,
3066 1745 3128 1782 ne
3155 1727 3402 1796 auferat,
3445 1742 3508 1778 ne

1925 1821 2142 1890 inferat,
2171 1839 2234 1875 ne
2262 1824 2522 1888 immutet,
2551 1824 2642 1876 sed
2680 1821 2920 1889 conferat
2961 1837 3080 1874 cum
3121 1819 3508 1886 exeniplaribus

1927 1917 2062 1968 unde
2099 1917 2384 1982 scripserit,
2414 1927 2458 1969 et
2484 1915 2717 1969 emendet
2741 1915 2808 1966 ad
2833 1913 3087 1977 litteram,
3120 1922 3166 1965 et
3191 1911 3506 1979 distinguat,

1924 2017 1972 2060 et
2030 2007 2420 2060 inemendatum
2475 2007 2551 2060 vel
2600 2021 2704 2058 non
2752 2004 3064 2056 distinctum
3126 2003 3358 2057 codicem
3406 2017 3509 2054 non

1922 2102 2133 2166 habeat,
2177 2117 2239 2154 ne
2275 2115 2520 2154 sensuum
2563 2097 2884 2167 diﬁicultas,
2933 2097 2979 2148 si
3024 2096 3304 2148 distinctus
3344 2096 3509 2147 codex

1924 2211 2025 2247 non
2076 2194 2184 2257 sit,
2237 2192 2467 2261 majores
2525 2190 2874 2244 obscuritates
2929 2189 3216 2258 legentibus
3280 2197 3507 2257 generet.

1923 2284 2125 2354 Nempe
2175 2285 2229 2337 in
2278 2292 2522 2337 veterum
2580 2283 3072 2351 iuanuscriptorum
3123 2278 3357 2333 lectione
3400 2291 3506 2330 non

1926 2375 2065 2428 belle
2108 2375 2442 2428 exercitatus
2464 2372 2744 2439 Merlinus,
2793 2372 3018 2436 incidit,
3049 2371 3125 2425 uti
3166 2369 3417 2439 conjicio,
3455 2369 3508 2423 in

1925 2469 2142 2523 unicum
2179 2468 2424 2523 codicem
2466 2466 2855 2531 Sorbonieum,
2897 2473 3214 2518 accuratum
3261 2464 3504 2533 quidem,

1924 2561 2017 2616 sed
2047 2561 2425 2630 frequentibus
2453 2560 2854 2615 abbreviaturis
2886 2559 2957 2613 ita
2986 2558 3331 2629 implicitum,
3368 2567 3427 2610 ut
3453 2555 3506 2610 ei

1926 2666 2060 2721 pene
2085 2653 2150 2704 ad
2179 2651 2391 2720 singula
2430 2653 2595 2706 verba
2648 2650 2868 2706 haeserit
2920 2666 3081 2720 aqua,
3130 2649 3390 2704 divinarit
3416 2663 3510 2718 po-

1926 2745 2032 2798 tius
2055 2757 2220 2811 quam
2252 2744 2465 2814 legerit,
2493 2754 2546 2798 et
2581 2744 2875 2798 divinando
2910 2745 3177 2800 absurdas
3210 2739 3509 2810 saepissime

1924 2833 2260 2888 ctridiculas
2308 2850 2409 2903 pro
2468 2835 2720 2904 genuinis
2768 2835 3026 2890 obtrudat
3076 2834 3360 2890 lectiones.
3419 2832 3511 2886 Sic

1925 2927 2221 2996 sepissime
2249 2926 2378 2998 legit
2405 2927 2564 2992 Deus,
2588 2928 2677 2983 ubi
2713 2929 3311 2999 manuscriptus‘codex
3343 2926 3510 2982 habet

1923 3019 2156 3077 dicitur.
2183 3027 2238 3072 et
2276 3020 2566 3088 exscripsit
2606 3019 2848 3075 Hebracis
2897 3021 2984 3075 ubi
3046 3019 3332 3091 legendum
3389 3029 3510 3074 erat

1926 3110 2172 3174 habebis;
2201 3119 2252 3164 et
2283 3111 2400 3166 vice
2432 3127 2586 3165 versa
2620 3113 2821 3165 dicitur
2851 3123 2906 3167 et
2932 3113 3166 3175 habebis,
3202 3112 3290 3166 ubi
3323 3111 3506 3182 legen-

253 3212 419 3264 monis
453 3214 726 3282 apposita;
751 3215 808 3268 '5'
835 3215 977 3283 quod
1009 3216 1190 3268 omnia
1221 3216 1340 3270 fere
1361 3216 1612 3287 Origenis
1663 3232 1821 3286 argu-
1850 3240 1891 3296 ο
1927 3207 2053 3256 "in"
2087 3202 2374 3296 emine?!
2402 3213 2456 3296 ἐτι
2485 3202 2744 3296 Ηεδνωίδο
2777 3203 3014 3272 ιοηεῑοτ
3040 3202 3234 3257 fuerim
3271 3203 3316 3258 εί
3349 3210 3508 3296 ἔπειθ’

253 3317 421 3357 menta
453 3308 654 3374 quibus
681 3306 892 3374 objecta
923 3308 990 3360 ab
1023 3307 1281 3361 Africano
1309 3317 1496 3362 contra
1550 3307 1820 3362 Susannie

251 3396 532 3450 historiam
563 3398 883 3463 diluuntur,
930 3399 1154 3467 prolixis
1190 3408 1243 3453 et
1294 3399 1471 3453 inutili
1516 3401 1820 3454 eruditione

249 3488 460 3542 refertis
494 3491 636 3543 notis
660 3489 877 3544 elevare
902 3500 1145 3544 conetur.
1176 3489 1368 3545 Nostra
1391 3491 1555 3546 editio
1577 3491 1820 3546 Graecam

244 3582 546 3635 orationem
567 3582 637 3635 ab
659 3581 960 3635 innumeris
987 3582 1194 3636 mendis
1209 3597 1311 3650 ope
1331 3583 1819 3652 manuscriptorum

244 3683 529 3740 purgatam
581 3672 806 3727 exhibet
884 3685 938 3728 et
973 3691 1002 3729 e
1046 3676 1285 3743 regione
1317 3675 1818 3743 interpretationem

246 3763 516 3828 Latinam,
542 3779 687 3832 quin,
723 3765 795 3817 uti
828 3781 1010 3834 spero,
1045 3767 1229 3820 minus
1264 3767 1497 3820 barbara
1532 3765 1820 3834 minusque

246 3855 455 3909 hirsuta
492 3855 784 3910 videbitur.
817 3855 946 3922 Qua:
971 3857 1458 3913 Wetstlieniitnotae
1483 3873 1510 3910 a
1541 3858 1818 3912 Catholica

243 3944 344 3996 tide
367 3959 480 3999 non
515 3945 796 4011 recedunt,
830 3961 924 4000 eas
946 3961 1049 4000 suo
1075 3947 1192 4001 loco
1219 3948 1563 4001 iii-extremis
1592 3949 1817 4016 quibus-

240 4053 344 4107 que
380 4039 600 4106 paginis
631 4039 1111 4106 repraasentandas
1137 4053 1254 4093 esse
1277 4039 1553 4103 duximus,
1583 4039 1818 4108 reliquas

243 4143 370 4180 vero
411 4138 472 4181 ut
514 4129 843 4196 prolixiores
886 4139 940 4182 et
982 4145 1010 4183 a
1050 4130 1324 4186 Catholica
1375 4132 1480 4187 tide
1529 4134 1820 4187 abnormes

242 4223 551 4274 confiitalas
610 4220 850 4289 reperies
900 4222 950 4274 in
1004 4222 1474 4277 observationibus
1521 4225 1718 4278 nostris
1753 4228 1818 4279 ad

241 4307 418 4361 lluetii
459 4311 653 4362 librum
701 4310 997 4363 secundum
1055 4309 1523 4378 Origenianorum.
1577 4314 1818 4382 Denique

242 4401 529 4468 utriusque
576 4401 820 4470 epistolae
864 4399 1030 4454 fronti
1081 4402 1358 4470 praefixum
1405 4413 1488 4457 est
1530 4405 1814 4467 monitum,

242 4509 364 4560 quo
387 4494 680 4564 utriusque-
699 4495 990 4548 sineeritas
1019 4497 1305 4550 astruitur.

242 4652 336 4726 De
383 4655 694 4724 fragmentis
745 4658 999 4710 librorum
1057 4658 1130 4711 De
1198 4663 1611 4726 resurrectione,
1659 4675 1706 4715 et
1759 4668 1821 4718 de

310 4725 624 4793 fragmentis
695 4729 947 4781 librorum
1017 4729 1108 4797 qui
1158 4731 1522 4799 Στρωματεῖς
1580 4734 1821 4802 inscripti

308 4808 448 4847 ηιηι.

309 4951 606 5020 Epistolam
664 4950 911 5021 Origenis
968 4955 1034 5008 ad
1082 4954 1400 5010 Africanum
1444 4960 1509 5013 de
1560 4960 1820 5014 Susanna:

236 5041 460 5095 hiswria
510 5042 792 5108 excipiunt
838 5045 1158 5110 superstites
1217 5048 1493 5101 nonnullis
1557 5049 1819 5103 librorum

240 5130 313 5184 De
343 5135 752 5196 resurrectione,
783 5143 837 5186 et
873 5134 1131 5188 librorum
1167 5135 1499 5191 Stromatum
1552 5141 1819 5210 reliquiae.

240 5219 339 5274 [ius
367 5222 509 5274 unde
539 5223 590 5272 in
639 5222 778 5274 hanc
804 5222 1094 5276 editionem
1150 5227 1561 5294 adduxerimus,
1615 5230 1822 5285 brevis-

238 5311 371 5364 siina
400 5313 562 5365 docet
601 5325 727 5365 nota
774 5331 894 5381 qua:
945 5313 1236 5386 unicuique
1281 5319 1587 5386 fragmento
1633 5320 1821 5388 adjun-

240 5399 395 5464 gitur.
432 5401 487 5453 ω
519 5418 686 5454 unum
727 5402 814 5455 hic
857 5405 1183 5458 monendum
1233 5413 1500 5473 superest,
1532 5406 1662 5459 mihi
1713 5421 1816 5459 non

242 5505 439 5547 certum
484 5496 658 5550 videri
686 5511 752 5551 ea
817 5499 994 5551 omnia
1045 5515 1165 5568 quae
1193 5499 1244 5552 in
1275 5497 1578 5567 fragmento
1632 5503 1819 5572 quinto

242 5581 316 5635 De
341 5589 723 5639 resurrectione
752 5587 906 5654 quasi
953 5587 1202 5658 Origeuis
1245 5593 1406 5646 verba
1447 5595 1815 5660 proieriiiitnr,

242 5686 420 5727 revera
471 5676 735 5746 Origenis.
771 5692 914 5731 esse.
964 5678 1123 5732 Forte
1163 5681 1306 5732 enim
1351 5681 1426 5732 sic
1467 5681 1615 5734 illum
1665 5681 1821 5734 iiuxit

238 5762 541 5832 loquentem
575 5768 965 5838 Hieronymus,
1027 5770 1101 5823 uti
1145 5771 1367 5839 coujicit
1416 5771 1644 5828 lluctiiis
1695 5773 1818 5827 Ori-

241 5861 570 5920 aenianorunt
601 5861 744 5918 libro
779 5863 1044 5928 secundo,
1075 5873 1266 5933 quaest.
1298 5863 1350 5930 9,
1383 5879 1527 5918 num.
1565 5866 1618 5919 7.

1931 3309 2017 3348 ras
2068 3293 2280 3348 Merlini
2331 3295 2788 3351 hallucinatioues
2827 3295 2916 3350 hic
2959 3310 3295 3352 enumerem.
3327 3295 3507 3351 Facile

1926 3405 2019 3442 eas
2065 3403 2252 3443 omnes
2301 3389 2668 3458 deprehendet
2713 3391 2964 3460 quisquis
3016 3403 3172 3445 notas
3205 3401 3420 3445 nostras
3448 3391 3500 3443 in

1925 3491 2168 3535 extrema
2200 3495 2416 3552 quaque
2463 3482 2655 3551 pagina
2711 3482 2986 3550 appositas
3030 3481 3192 3552 leget.
3239 3482 3506 3537 Praeterea

1925 3576 2069 3642 quod
2101 3573 2373 3629 veteribus
2415 3574 2846 3630 amanuensibus
2882 3575 3100 3638 accidit,
3135 3585 3215 3640 ut,
3254 3574 3343 3628 ubi
3391 3588 3508 3626 ma-

1928 3663 2238 3731 nuscriptus
2262 3664 2430 3718 codex
2469 3679 2628 3733 quem
2661 3665 3062 3733 describebant,
3111 3667 3368 3720 continue
3402 3666 3506 3720 du-

1926 3754 2117 3820 plicem
2140 3754 2418 3823 periodum
2467 3755 2869 3824 ὁμοιοτέλευτον
2908 3755 3187 3820 offerebat,
3222 3757 3504 3812 oculorum

1924 3863 2113 3902 errore
2139 3847 2349 3917 decepti
2385 3862 2526 3918 smpe
2553 3864 2717 3902 uuam
2754 3851 3091 3916 omitterent,
3121 3849 3173 3903 id
3213 3850 3380 3905 etiam
3415 3865 3508 3906 ac-

1925 3937 2057 3990 cidit
2083 3936 2131 3990 ei
2167 3937 2259 4006 qui
2290 3939 2530 3992 codicem
2567 3939 2927 3994 Sorbonieum
2959 3940 3199 4010 scripsit.
3237 3941 3334 3996 sed
3356 3951 3508 4008 post-

1920 4038 1992 4078 ea
2033 4024 2318 4080 conferens
2341 4028 2484 4095 quod
2505 4029 2865 4097 descripserat
2891 4044 3013 4084 cuiu
3040 4031 3336 4100 exemplari
3364 4032 3505 4085 unde

1923 4119 2250 4186 scripserat,
2293 4119 2491 4189 adjecit
2531 4122 2597 4175 ad
2633 4137 2785 4174 oram
2815 4123 2997 4175 omnia
3048 4137 3173 4192 qua:
3221 4124 3504 4188 omiserat,

1923 4209 2018 4263 sed
2063 4210 2135 4263 ita
2187 4210 2396 4266 minuto
2451 4214 2772 4269 charactere
2811 4224 2868 4268 ut
2897 4215 2979 4269 eis
3033 4215 3273 4285 legendis
3328 4215 3507 4282 impar

1922 4298 2086 4354 fuerit
2114 4300 2395 4358 Merlinus.
2425 4303 2786 4370 Quamobrem
2824 4307 3106 4361 innumera
3138 4317 3264 4368 sunt
3303 4308 3354 4360 in
3385 4307 3502 4376 ejus

1923 4389 2158 4445 editione
2199 4391 2337 4455 loca,
2383 4408 2614 4460 quorum
2661 4397 2966 4451 obscuritas
3012 4397 3098 4450 vel
3148 4398 3248 4466 ipsi
3293 4396 3502 4466 (Edipo

1925 4484 2064 4538 foret
2090 4485 2491 4554 insuperabilis.
2520 4487 2705 4557 Neque
2735 4490 2817 4545 eis
2845 4505 3064 4544 manum
3095 4491 3361 4544 medicam
3407 4492 3500 4544 ad-

1858 4574 1898 4628 D
1934 4576 2109 4629 hibuit
2147 4575 2552 4643 Genebrardus,
2597 4581 2749 4649 cujus
2776 4580 2944 4634 editio
2972 4595 3116 4634 anno
3149 4580 3286 4633 1574
3328 4594 3395 4634 ne
3426 4579 3502 4632 la-

1930 4679 2040 4722 tum
2064 4669 2279 4738 quidem
2312 4686 2596 4740 unguenta
2632 4671 2950 4726 Merliniana
2987 4672 3234 4734 discedit,
3264 4673 3308 4726 si
3341 4672 3502 4727 modo

1926 4774 2096 4812 novos
2145 4761 2558 4829 typographicos
2598 4775 2814 4814 errores
2853 4763 3166 4832 exceperis,
3208 4775 3263 4816 et
3305 4779 3500 4818 novam

1925 4868 2086 4920 quam
2115 4855 2267 4908 initio
2300 4855 2420 4908 libri
2450 4856 2591 4909 tertii
2620 4866 2673 4910 et
2705 4856 2860 4910 initio
2889 4857 3012 4912 libri
3059 4861 3237 4926 quarti
3269 4858 3506 4913 instituit

1928 4947 2174 4998 Latinam
2205 4949 2736 5016 interpretationem,
2770 4951 3012 5020 neglecta
3053 4950 3364 5004 Rufiniana.
3397 4951 3501 5005 De-

1927 5038 2087 5104 nique
2118 5037 2318 5091 Griccze
2346 5040 2656 5107 scriptionis
2699 5041 2942 5110 reliquiae
2971 5057 3109 5111 quas
3138 5043 3332 5112 partim
3373 5042 3500 5095 Plii-

1925 5129 2138 5192 localia,
2186 5131 2382 5197 partim
2430 5132 2655 5198 epistola
2697 5132 2982 5187 Iustiniani
3038 5136 3388 5203 imperatoris
3437 5137 3505 5190 ad

1926 5221 2157 5284 Menam,
2186 5224 2378 5290 partim
2395 5222 2676 5282 Marcellus
2693 5227 3015 5294 Ancyranus
3038 5227 3180 5296 apud
3210 5226 3502 5281 Eusebium

1924 5314 2202 5378 exhibent,
2233 5317 2282 5369 in
2311 5325 2539 5386 utraque
2565 5318 2801 5372 editione
2832 5320 3233 5384 desiderantur,
3261 5336 3361 5374 nec
3396 5336 3501 5374 non

1925 5421 2090 5475 pauca
2135 5407 2605 5476 interpretationis
2653 5409 3090 5480 Hieronyiniame
3137 5415 3462 5480 fragmenta.

1998 5498 2099 5549 Tot
2130 5499 2273 5552 vitiis
2308 5503 2760 5564 utuiederemur,
2800 5503 3143 5558 Ruliniauam
3177 5505 3504 5574 interpretes

1927 5591 2124 5643 tionem
2163 5592 2237 5648 ad
2272 5593 2428 5645 fidem
2490 5609 2584 5646 sex
2637 5594 3144 5663 antiquissimorum
3199 5599 3505 5652 manuscri-

1925 5692 2138 5749 piorum
2193 5681 2475 5751 diligenter
2526 5686 2969 5752 emendavimus,
3011 5699 3065 5746 et
3116 5689 3331 5756 quoties
3382 5704 3502 5744 sese

1922 5775 2118 5828 obtulit
2172 5778 2443 5833 sermonis
2466 5777 2642 5833 Graeci
2677 5789 2769 5834 aut
2795 5780 3268 5849 interpretationis
3308 5781 3492 5838 Hiero-

1925 5869 2190 5937 nymianm
2221 5869 2517 5939 particula,
2551 5885 2670 5929 eain
2704 5888 2733 5929 e
2764 5877 2984 5945 regione
3018 5877 3402 5950 apposiiiinus,
3440 5886 3499 5930 ut
