4064 6414
447 2090 451 2095 ’
541 2068 907 2122 mosissiuuun
965 2068 1106 2121 istud
1158 2084 1325 2137 Opus;
1394 2069 1452 2122 5ο

559 401 631 447 εὖ
1978 398 2367 454 PRAEFATIO.
3743 393 3809 447 24

558 523 668 561 uno
698 506 979 563 oculorum
1009 511 1256 580 conjecto
1292 510 1505 565 facilius
1538 510 1709 565 lector
1729 512 1935 581 judicet
1964 510 2141 580 qualis
2169 514 2217 570 Α
2246 509 2377 563 Nam
2437 510 2777 565 clarissimus
2821 509 3072 564 dominus
3104 508 3345 564 Joannes
3377 506 3601 561 Wallter
3630 547 3647 569 ,
3692 518 3809 573 pre-

557 599 630 653 sit
668 597 851 653 Ruﬁni
919 599 1234 671 interpretis
1288 602 1441 655 ﬁdes.
1494 601 1771 668 Ejusmodi
1834 603 2135 673 fragmenta

558 705 785 744 numero
829 699 955 745 sunt
985 692 1203 747 circiter
1232 692 1595 763 quadraginta
1632 695 1758 758 duo,
1785 702 1839 747 et
1868 693 2133 747 interdum

555 782 751 837 accidit
781 793 836 837 ut
863 790 1049 837 eadem
1080 784 1331 839 columna
1382 788 1546 840 modo
1577 787 1629 840 in
1671 786 1939 856 duplicem
1982 797 2128 840 secta

553 871 622 925 ab
651 888 755 925 una
786 883 937 941 parte
967 886 1319 943 reprmsentet
1370 875 1558 932 Grzeca
1585 918 1600 939 ,
1631 878 1698 930 ab
1729 880 1898 931 altera
1948 878 2130 932 Ruﬁni

554 965 1101 1033 interpretationem;
1132 968 1212 1021 vel
1240 969 1365 1024 hinc
1389 969 1588 1036 Ruﬁni,
1616 971 1761 1025 illinc
1791 970 2128 1042 Hieronymi;

551 1055 635 1110 vel
670 1058 793 1112 hinc
821 1057 1029 1122 Grzeca,
1089 1061 1239 1115 illinc
1289 1064 1704 1117 conversionem
1758 1081 1993 1129 novam,
2040 1064 2129 1119 ubi

548 1149 701 1203 deest
728 1148 1048 1217 Ruﬁniana;
1082 1155 1240 1207 modo
1268 1154 1319 1206 in
1342 1155 1608 1221 triplicem
1641 1156 1838 1220 divisa,
1871 1157 1922 1209 iu
1954 1157 2132 1209 medio

548 1240 791 1309 proferat
829 1242 1037 1309 Grarca,
1065 1262 1092 1297 a
1126 1245 1365 1301 sinistris
1389 1246 1566 1300 Ruﬁni
1599 1249 2129 1317 interpretationem,

546 1340 599 1385 et
616 1348 642 1384 a
664 1333 869 1389 dextris
886 1350 1099 1403 novam,
1123 1338 1211 1392 tibi
1232 1337 1384 1393 deest
1407 1339 1851 1410 llieronymiana;
1880 1340 1962 1394 vel
1979 1340 2130 1395 exhi-

546 1423 673 1476 beat
723 1441 752 1479 a
806 1426 1044 1481 sinistris
1110 1444 1231 1496 quze
1286 1429 1645 1502 Hieronymus
1706 1433 2014 1493 convertit.
2074 1432 2127 1486 in

547 1517 722 1569 medio
753 1517 974 1581 Grzeca,
1004 1532 1059 1573 et
1102 1536 1130 1573 a
1182 1522 1394 1577 dextris
1455 1527 1873 1577 conversionem
1934 1540 2125 1576 novam

546 1606 968 1678 llieronymiana
1002 1613 1424 1666 accuratiorem.
1468 1612 1707 1682 Denique
1746 1614 2009 1667 collocata
2044 1623 2127 1668 est

544 1697 596 1748 in
632 1696 809 1752 fronte
840 1699 1007 1754 totius
1044 1702 1225 1770 operis
1263 1704 1593 1769 admonitio,
1636 1720 1742 1772 qua
1786 1706 2019 1758 breviter
2045 1705 2127 1759 in-

542 1790 757 1845 dicatur
791 1812 802 1847 :
839 1792 895 1845 1ο
937 1808 1045 1860 quo
1082 1803 1327 1863 tempore
1355 1796 1456 1849 hos
1488 1795 1660 1850 libros
1687 1797 1971 1863 scripserit
2000 1793 2125 1850 Ori-

2239 603 2424 673 sbyter
2447 602 2671 669 Anglus,
2695 603 2777 654 vir
2801 601 3051 656 etGraace
3082 600 3468 671 peritissimus,
3492 598 3616 653 etin
3636 597 3811 663 legen—

2236 694 2321 747 dis
2345 692 2428 747 vel
2457 692 2783 747 diﬂicillimis
2808 692 3192 760 manuscriptis
3222 691 3428 746 Graecis
3464 688 3807 745 exercitatis-

2234 785 2426 848 simus,
2460 785 2652 839 iterum
2680 800 2800 838 meo
2833 794 3017 852 rogatu
3048 784 3550 851 Cantabrigiensem
3567 781 3807 837 codicem

2235 888 2490 932 accurate
2540 877 2771 930 contulit
2815 893 2938 929 cum
2985 878 3223 931 editione
3276 875 3592 939 Oxoniensi,
3636 889 3664 925 a
3708 886 3807 940 qua

2234 980 2496 1039 quantum
2544 969 2691 1024 illmn
2738 970 3052 1038 discrepare
3090 968 3528 1039 deprehenderit,
3587 970 3810 1021 adnata-

2236 1061 2409 1113 vimus
2440 1059 2492 1113 in
2531 1070 2773 1115 extrema
2815 1075 3030 1129 quaque
3075 1061 3291 1131 pagina,
3340 1060 3428 1113 ubi
3475 1067 3688 1113 exstant
3731 1058 3811 1112 in-

2234 1168 2398 1221 super
2454 1152 2680 1207 alterius
2726 1153 3030 1207 doctissimi
3084 1152 3239 1222 Angli
3298 1152 3551 1206 Richardi
3605 1147 3807 1203 Bentlei

2232 1242 2581 1306 conjecturae,
2639 1240 2836 1310 quibus
2892 1243 3073 1294 omnia
3127 1242 3237 1295 fere
3262 1241 3379 1295 loca
3428 1256 3547 1306 quae
3604 1242 3807 1293 medica

2235 1314 2395 1386 manu
2428 1333 2767 1401 indigebant,
2820 1334 3041 1387 sanitati
3100 1333 3331 1387 feliciter
3371 1332 3626 1387 restituit.
3667 1331 3811 1384 Prat-

2235 1435 2384 1477 terea
2435 1439 2464 1476 a
2512 1438 2737 1477 numero
2785 1425 2845 1477 '5!
2907 1426 2973 1476 ad
3022 1424 3186 1478 tinem
3229 1440 3399 1493 usque
3441 1423 3623 1492 operis
3668 1421 3811 1476 nacti

2230 1531 2418 1569 sumus
2465 1516 2897 1585 manuscriptum
2943 1515 3191 1570 codicem
3246 1516 3616 1570 Colliertiuutn
3646 1514 3807 1578 5607,

2232 1624 2373 1662 nunc
2404 1608 2636 1676 regium,
2675 1609 2727 1662 in
2761 1624 2869 1677 quo
2895 1610 3289 1679 amplissimum
3323 1619 3413 1663 est
3445 1608 3604 1677 hujus
3644 1607 3808 1661 libelli

2230 1700 2734 1770 fragmentum,quo
2761 1702 2989 1770 plurima
3008 1703 3368 1757 emendantur
3389 1701 3645 1755 editionis
3665 1700 3808 1757 Oxo-

2232 1793 2435 1848 niensis
2458 1794 2596 1856 loca,
2629 1803 2687 1847 et
2720 1792 3051 1848 Bentleiana:
3078 1794 3133 1848 in
3172 1793 3261 1849 illa
3297 1794 3629 1863 conjectura:
3668 1808 3807 1854 con-

540 1898 728 1953 genes,
761 1894 816 1939 et
844 1885 1114 1953 quodnam
1141 1888 1207 1940 sit
1239 1886 1665 1958 uniuscujusque
1689 1888 1810 1943 libri
1835 1906 2125 1961 argumen-
2158 1867 2199 1920 Β
2230 1883 2535 1939 ﬁrmantur.

542 1988 692 2039 tum;
739 1976 796 2030 2°
841 1986 1099 2045 quantam
1136 1978 1356 2046 Origeni
1410 1978 1667 2033 invidiam
1714 1981 2010 2035 concitarit
2044 1980 2125 2034 fa-

1503 2070 1660 2136 rujns
1719 2072 1966 2133 hortatu,
2017 2088 2125 2140 quo

539 2174 701 2218 anno,
735 2170 789 2213 et
815 2176 917 2229 qua
959 2160 1062 2214 lide
1112 2160 1305 2213 Latine
1337 2162 1467 2214 illud
1503 2163 1731 2216 verterit
1759 2163 2026 2229 Ruﬁnus;
2065 2166 2122 2218 4⁵

538 2268 638 2302 cur
660 2251 885 2304 alteram
918 2252 1108 2306 beatus
1138 2253 1498 2325 Hieronymus
1526 2271 1814 2324 aggressus
1850 2258 1920 2309 sit
1950 2256 2122 2311 inter-

536 2345 895 2412 pretationem
923 2346 1195 2398 Latinam.

750 2436 825 2491 De
847 2437 977 2490 libro
1008 2438 1148 2505 Περὶ
1176 2437 1392 2506 εὐχῆς,
1421 2456 1509 2492 seu
1543 2439 1616 2493 De
1647 2442 1911 2497 oratione.

604 2522 958 2579 Clarissiiuus
987 2524 1216 2580 Hnetius
1254 2526 1701 2597 Origenianorum
1750 2530 1891 2586 libro
1933 2532 2118 2593 tertio,

535 2616 565 2689 ς
590 2617 649 2679 9.,
679 2633 827 2671 num.
850 2616 903 2680 7,
935 2634 1085 2687 spem
1117 2618 1317 2673 let-erat
1340 2622 1555 2673 erudito
1578 2623 1699 2677 orbi
1722 2638 1779 2677 se
1804 2625 2117 2695 propediem

535 2710 587 2762 in
616 2710 781 2763 tertio
825 2709 1118 2771 volumine,
1143 2714 1287 2779 quod
1332 2699 1679 2784 Sjutagmata
1714 2714 1965 2784 Origenis
1992 2734 2121 2771 con-

536 2806 753 2870 tineret,
804 2804 1043 2859 libellum
1099 2804 1175 2858 De
1221 2807 1462 2860 oratione
1518 2808 1659 2878 typis
1699 2810 2117 2865 commissurum

532 2910 651 2950 esse
687 2910 754 2950 ex
810 2895 1181 2965 manuscripto
1244 2898 1431 2954 codice
1493 2898 1795 2954 Holmiensi
1848 2919 1878 2955 a
1930 2919 1988 2957 se
2027 2903 2120 2957 de-

531 2986 755 3056 scripto.
800 2985 905 3041 Sed
946 2986 1133 3056 elapso
1166 2987 1281 3041 fere
1308 2989 1507 3043 saeculo
1548 3006 1613 3043 ex
1643 3006 1749 3057 quo
1784 2992 1939 3045 ﬁdem
1966 2993 2118 3060 oppi-

530 3084 849 3138 gneraverat
866 3091 1039 3139 suam,
1063 3078 1276 3129 tandem
1295 3094 1441 3130 anno
1465 3079 1601 3133 l685
1642 3079 1835 3135 Oxouii
1854 3082 1906 3135 iu
1929 3083 2117 3151 Anglia

529 3180 560 3215 e
585 3166 797 3219 theatro
831 3163 1198 3219 Sheldoniano
1248 3164 1435 3221 Gul-ee
1461 3180 1513 3222 et
1541 3167 1737 3223 Latine
1803 3186 1940 3240 opus
1974 3174 2117 3227 istud

532 3258 583 3309 in
618 3258 791 3312 lucem
837 3258 1056 3326 prodiit.
1117 3258 1315 3313 Eodem
1370 3261 1549 3313 editor
1610 3278 1739 3315 usus
1791 3273 1873 3318 est
1924 3268 2115 3321 codice

528 3348 721 3404 Graaco
772 3366 882 3419 quo
932 3353 1182 3416 lluetius,
1234 3368 1428 3422 nempe
1476 3353 1797 3420 llohniensi,
1851 3375 2009 3428 quem
2047 3360 2116 3413 ab

532 3446 720 3497 lsaaeo
779 3442 974 3499 Vossio
1029 3446 1241 3515 accepit
1283 3445 1677 3513 Thorndicius,
1718 3466 1748 3504 a
1782 3449 2116 3506 Tborndicio

527 3534 747 3596 Galeus,
781 3538 870 3604 qui
915 3538 1063 3591 illum
1110 3538 1352 3606 reposuit
1398 3538 1451 3592 in
1492 3541 1730 3594 archivis
1772 3540 2116 3597 bibliotltecre

528 3627 743 3697 collegii
779 3629 1150 3682 Sauctissima:
1184 3630 1470 3684 Trinitatis
1494 3631 1991 3701 Cantabrigiensis,
2023 3632 2111 3685 ubi

529 3736 672 3773 nunc
708 3729 1041 3775 asservatur.
1094 3721 1171 3775 Ex
1214 3722 1314 3776 hoc
1359 3738 1466 3777 uno
1505 3723 1691 3778 codice
1733 3723 1931 3794 (neque
1968 3725 2112 3777 enim

527 3813 758 3865 alterum
803 3812 1014 3880 uspiam
1054 3812 1324 3880 integrum
1371 3824 1589 3869 exstare
1628 3826 1962 3884 compertum
2006 3815 2113 3884 est)

528 3904 683 3956 littin
737 3911 850 3957 tum
903 3904 1092 3959 isthwc
1155 3906 1324 3960 editio
1372 3904 1727 3970 Oxoniensis,
1771 3917 1883 3959 tum
1940 3905 2111 3959 altera

530 3991 878 4059 Basileeusis,
909 4010 1071 4063 quam
1103 4012 1246 4050 anno
1279 3995 1436 4058 1695,
1460 3997 1628 4061 iii-4°,
1652 3998 1834 4052 emisit
1859 3998 1911 4051 in
1938 3998 2111 4052 lucem

525 4083 764 4141 Joannes
811 4084 1127 4154 Rodolphus
1187 4086 1544 4144 Wetstenius.
1619 4088 1897 4144 Posterior
1926 4090 2113 4146 istharc

524 4178 692 4231 editio
720 4178 821 4231 hoc
842 4189 1047 4233 tantum
1075 4196 1101 4231 a
1131 4178 1519 4249 prioridill'ert,
1556 4181 1698 4249 quod
1720 4190 1914 4248 praeter
1936 4180 2114 4234 diver-

527 4284 645 4322 sam
704 4269 998 4324 voluminis
1024 4271 1282 4337 formam,
1310 4285 1342 4325 e
1368 4272 1590 4340 regione
1639 4269 1908 4325 sermonis
1936 4266 2110 4325 Graeci

524 4361 785 4416 collocata
817 4362 888 4417 sit
922 4360 1113 4416 Latina
1144 4362 1542 4429 interpretatio,
1575 4377 1739 4431 quam
1771 4362 1951 4416 editor
1978 4361 2116 4417 Oxo-

524 4454 729 4508 n.ensis
760 4454 1021 4520 reiecerat
1044 4457 1108 4508 ad
1138 4456 1343 4509 calcem
1367 4455 1569 4525 operis,
1588 4455 1839 4523 quodque
1870 4452 2112 4507 Wetste-

2299 1977 2380 2031 Ad
2408 1992 2718 2032 sermonem
2757 1975 3011 2031 Graecum
3048 1978 3098 2032 in
3131 1992 3242 2047 quo
3287 1975 3601 2031 doctissimi
3647 1975 3805 2029 amici

2230 2078 2338 2120 tam
2375 2066 2669 2135 diligentes
2696 2077 2753 2121 et
2792 2067 2965 2122 seduli
3001 2066 3250 2131 fuerunt,
3283 2066 3631 2134 adiunximus
3654 2066 3805 2121 Lati-

2227 2172 2351 2209 nam
2398 2156 2905 2222 interpretationem
2937 2155 3233 2209 Oxouiensi
3287 2154 3444 2221 longe
3492 2154 3805 2208 accuratio-

2229 2264 2363 2312 rem,
2403 2262 2466 2301 ac
2488 2247 2825 2302 nitidiorem.
2856 2247 2929 2300 Ea
2973 2246 3101 2301 olim
3130 2262 3158 2299 a
3199 2245 3424 2300 Claudio
3445 2243 3807 2313 FleuryJIis-

2226 2341 2376 2393 toria:
2416 2341 2785 2394 ecclesiastica’
2816 2340 3082 2409 scriptore
3110 2339 3488 2402 celeberrimo,
3521 2337 3799 2392 elaborata

2224 2430 2401 2486 fuerat
2424 2434 2477 2487 in
2514 2449 2671 2488 usum
2715 2432 3075 2487 illustrissimi
3108 2432 3322 2499 Huetii,
3374 2434 3427 2486 in
3459 2432 3618 2501 cujus
3650 2432 3805 2485 sche-

2224 2525 2305 2577 dis
2330 2541 2452 2578 eum
2486 2526 2855 2594 manuscripta
2887 2524 3191 2579 etiamnum
3221 2534 3440 2589 exstet,
3494 2523 3637 2576 ultro
3682 2537 3804 2576 eam

2224 2632 2288 2669 ac
2321 2617 2735 2685 perhumaniter
2772 2632 2983 2671 mecum
3034 2616 3461 2670 communicavit
3493 2614 3560 2673 ll.
3592 2613 3654 2668 P.
3688 2614 3802 2668 Lu-

2222 2708 2448 2761 dovicus
2490 2706 2559 2761 de
2583 2707 2975 2770 Tournemiue,
3001 2705 3296 2761 Societatis
3318 2704 3444 2761 Jesu
3469 2745 3485 2771 ,
3537 2714 3591 2759 et
3618 2703 3803 2771 reipu-

2223 2796 2376 2850 blicae
2406 2796 2686 2851 litterariae
2708 2806 3113 2850 ornamentum.
3145 2794 3386 2863 Denique
3420 2794 3585 2847 totius
3608 2791 3795 2860 operis

2223 2886 2390 2941 fronti
2417 2888 2582 2942 breve
2621 2889 2901 2956 praeﬁxum
2922 2896 3009 2941 est
3036 2886 3321 2951 monitum,
3342 2900 3451 2956 quo
3484 2884 3678 2937 validis
3703 2897 3797 2935 ar-

2221 2982 2495 3050 gumentis
2528 2982 2618 3037 hic
2646 2982 2858 3036 libellus
2886 2980 3105 3052 Origeni
3154 2980 3449 3043 asseritur;
3482 2977 3799 3047 explicatur

2220 3073 2443 3141 quinam
2473 3072 2678 3127 fuerint
2704 3072 3028 3126 Ambrosius
3052 3081 3109 3126 et
3137 3069 3387 3135 Tatiaua,
3413 3083 3644 3137 quorum
3669 3068 3800 3121 hor-

2224 3174 2337 3218 tatu
2367 3165 2712 3234 conscriptus
2748 3173 2865 3230 est;
2896 3173 3147 3233 tempus,
3172 3176 3279 3233 quo
3307 3161 3546 3230 scriptus
3569 3166 3677 3224 est,
3711 3157 3797 3211 in-

2222 3257 2545 3325 vestigatur.

2290 3346 2557 3402 Czeterum
2593 3347 2811 3402 biennio
2840 3346 2953 3399 fere
2981 3355 3266 3415 postquam
3308 3358 3338 3397 e
3385 3341 3527 3413 typis
3565 3340 3801 3395 Vincen-

2215 3440 2378 3496 tiauis
2401 3440 2612 3494 exierat
2643 3441 2731 3494 hic
2760 3438 2975 3493 libellus
2992 3454 3021 3491 a
3052 3438 3211 3492 nobis
3233 3451 3332 3505 pro
3359 3434 3581 3489 modulo
3605 3441 3800 3488 nostro

2214 3532 2292 3585 sic
2329 3531 2637 3598 recognitus
2662 3543 2718 3585 et
2749 3530 3089 3594 emendatus,
3117 3528 3321 3598 prodiit
3369 3526 3602 3582 Londiui
3652 3538 3799 3579 anno

2218 3622 2358 3675 1728
2386 3622 2555 3675 altera
2608 3622 2851 3692 ejusdem
2895 3623 3079 3689 operis
3124 3620 3293 3675 editio
3344 3616 3801 3682 Graeco-Latina,

2214 3711 2361 3764 curis
2397 3711 2669 3766 Guillelmi
2714 3712 2955 3781 Beading
3010 3714 3077 3765 A.
3108 3711 3208 3775 Μ..
3240 3711 3371 3765 cleri
3425 3708 3797 3764 Londineusis

2217 3806 2270 3859 iu
2292 3805 2525 3875 collegio
2559 3806 2812 3861 Sionensi
2846 3806 3250 3861 bibliothecarii
3273 3844 3290 3870 ,
3324 3805 3417 3875 qui
3462 3805 3641 3858 eidem
3668 3805 3800 3859 sub-

2210 3900 2400 3969 junxit
2432 3901 2676 3968 eruditi,
2704 3903 2800 3956 sed
2829 3902 3085 3973 anonymi
3118 3902 3403 3971 cujusdam
3448 3902 3606 3971 Angli
3635 3912 3803 3959 notas

2217 3994 2418 4065 partim
2449 3995 2705 4061 criticas,
2737 3995 2936 4065 partim
2973 3996 3218 4050 locorum
3270 3993 3576 4051 diliicilium
3598 4010 3801 4065 exege-

2220 4088 2377 4145 ticas.
3240 4146 3245 4151 .

2538 4178 2615 4233 De
2638 4177 3019 4233 Exhartatione
3046 4178 3116 4231 ad
3138 4181 3475 4248 martyrium.

2292 4270 2682 4340 Fragmentum
2710 4287 2742 4326 e
2777 4270 3106 4339 Protreptico
3137 4270 3207 4323 ad
3235 4271 3553 4340 martyrium
3583 4266 3795 4323 Biblio-

2220 4364 2377 4417 theca
2414 4363 2580 4430 Regia
2627 4360 2961 4430 suppeditat,
2994 4370 3169 4415 totum
3195 4376 3328 4415 vero
3359 4376 3497 4431 opus
3528 4360 3797 4415 illustris-

2217 4456 2339 4510 simi
2368 4454 2571 4509 domini
2598 4453 2665 4507 de
2689 4454 2736 4506 la
2762 4453 2958 4515 Barde,
2985 4452 3439 4507 Cbristianissimi
3471 4452 3614 4520 regis
3644 4453 3798 4521 apud

524 4544 646 4596 nius
670 4545 720 4598 iu
746 4545 849 4598 ﬁne
882 4544 1154 4599 addiderit
1181 4546 1416 4599 nondum
1442 4544 1645 4598 editum
1669 4560 1976 4599 sermonem
2008 4544 2113 4598 Ma-
2144 4560 2187 4614 υ
2220 4545 2492 4600 Helvetios
2532 4543 2721 4614 legati,
2755 4558 2887 4597 cura
2915 4558 2946 4598 e
2982 4542 3283 4599 Basileensi
3328 4543 3656 4598 bibliotheca
3696 4544 3796 4596 de-

525 4635 590 4688 rii
612 4634 872 4689 Diadocbi
891 4647 1077 4690 contra
1114 4637 1366 4690 Arianos.
1386 4637 1459 4691 De
1485 4644 1681 4689 cwtero
1693 4638 1881 4689 eadem
1900 4637 2107 4690 utrobi-

522 4744 628 4795 que
658 4728 709 4781 in
738 4727 929 4783 (ἔναλοι)
962 4744 1219 4783 sermone
1261 4739 1563 4782 cernuntur
1584 4726 1930 4797 σφάλματα,
1959 4729 2110 4782 sinti-

527 4820 593 4871 lis
629 4819 914 4888 utrobique
944 4821 996 4873 in
1032 4819 1228 4874 Latino
1263 4820 1546 4874 barbaries
1569 4830 1623 4873 et
1648 4821 1964 4889 interpretis
1992 4820 2109 4873 hal-

525 4914 809 4969 lucinatio.
858 4914 1045 4983 Neque
1076 4915 1127 4967 id
1160 4914 1356 4967 mirum
1408 4913 1575 4966 videri
1617 4915 1806 4975 debet,
1848 4929 1971 4967 cum
2022 4926 2109 4965 ne-

523 5019 676 5059 cesse
696 5006 861 5059 fuerit
883 5005 1087 5060 Graeca:
1109 5004 1376 5058 orationis
1400 5004 1661 5058 etlitcrem
1680 5014 1732 5059 et
1755 5005 2103 5073 interpretem

522 5114 587 5150 ex
615 5097 775 5150 unius
810 5097 1019 5152 codicis
1072 5095 1452 5161 manuscripti,
1478 5104 1535 5148 et
1575 5095 1873 5163 apographi
1910 5093 2105 5148 exinde

524 5189 817 5243 infeliciter
850 5189 1103 5255 descripti
1132 5186 1361 5239 arbitrio
1394 5193 1647 5255 pendere.
1674 5186 1895 5241 Scilicet
1928 5190 2102 5240 codex

528 5283 931 5349 manuscriptus
964 5280 1175 5335 lacunis
1201 5281 1312 5333 hiat
1348 5296 1450 5331 non
1488 5280 1704 5348 paucis,
1734 5288 1789 5331 et
1819 5278 2101 5347 perpetuis

520 5375 860 5441 compendiis
918 5388 1108 5426 vocum
1170 5371 1466 5439 implicitus
1517 5373 1900 5440 nonnullisque
1950 5387 2100 5424 anta—

524 5469 745 5522 nuensis
776 5465 1099 5535 corruptelis
1128 5464 1361 5517 foedatus
1394 5474 1564 5518 vatem
1599 5467 1777 5533 potius
1800 5484 1962 5535 quant
2020 5466 2098 5517 le-

519 5570 723 5612 ctorem
748 5556 1060 5610 desiderare
1090 5555 1325 5617 videtur,
1359 5555 1422 5608 iis
1455 5556 1751 5623 praesertim
1785 5557 1876 5625 qui
1912 5570 2102 5608 uianti-

518 5651 843 5716 scriptorum
885 5649 1199 5703 Graecorum
1242 5663 1339 5702 usu
1392 5663 1495 5700 nou
1546 5658 1675 5700 sunt
1718 5650 1952 5711 subacti,
2002 5662 2099 5699 nec

520 5739 656 5791 satis
683 5739 911 5793 solertes
934 5750 991 5792 ut
1011 5739 1425 5791 amauuensium
1458 5739 1777 5792 oscitantias
1807 5738 2099 5807 ingeniosis

520 5842 768 5900 reparent
827 5830 1182 5901 conjecturis.
1217 5827 1345 5884 Mihi
1398 5831 1623 5897 contigit
1674 5834 1792 5886 esse
1840 5828 2092 5885 bcaliori.

2215 4650 2523 4710 promptum
2553 4656 2679 4694 cum
2707 4655 2875 4710 penes
2900 4652 2959 4693 se
2982 4639 3213 4693 haberet
3241 4636 3466 4692 lluetius
3485 4676 3501 4701 ,
3527 4638 3795 4703 promise-

2218 4744 2301 4787 rat
2334 4733 2429 4787 lib.
2457 4749 2516 4787 ιιι
2550 4733 3018 4802 Origenianorum,
3046 4731 3073 4801 §
3100 4731 3155 4793 2,
3183 4746 3332 4785 num.
3363 4728 3420 4793 4,
3442 4744 3501 4785 se
3527 4730 3659 4784 illud
3692 4745 3798 4785 suo

2215 4825 2358 4879 inter
2388 4824 2645 4892 Origenis
2677 4825 3039 4896 Syntagmata
3077 4823 3271 4876 ordine
3303 4822 3443 4892 typis
3464 4822 3797 4877 commissu-

2214 4934 2367 4983 rum;
2401 4919 2493 4971 sed
2526 4918 2655 4985 quia
2698 4933 2804 4971 non
2840 4917 3109 4971 liberabat
3165 4916 3349 4981 ﬁdem,
3378 4915 3593 4969 tandem
3627 4914 3795 4970 Basi-

2212 5012 2306 5064 leze
2330 5026 2475 5064 anno
2508 5010 2648 5064 1674
2672 5009 2859 5065 Graece
2882 5019 2936 5064 et
2966 5009 3156 5063 Latine
3180 5010 3385 5064 editum
3420 5015 3505 5061 est
3531 5023 3636 5061 una
3662 5022 3794 5061 cum

2208 5100 2434 5169 Dialogo
2474 5113 2660 5153 contra
2687 5098 3030 5153 Marcionita:
3064 5110 3118 5153 et
3149 5113 3415 5167 responso
3438 5096 3693 5166 Origeuis
3719 5092 3796 5148 ad

2206 5191 2451 5246 Africani
2487 5193 2555 5246 de
2590 5192 2855 5247 Susanna:
2909 5192 3132 5246 historia
3188 5192 3474 5260 epistolam
3496 5232 3513 5259 ,
3546 5205 3679 5245 cura
3732 5195 3795 5241 et

2206 5283 2387 5339 studio
2427 5282 2657 5339 Joannis
2692 5283 2959 5351 Rodolphi
3013 5282 3369 5350 Wetstbenii,
3403 5283 3497 5353 qui
3554 5282 3796 5337 eruditis

2208 5377 2353 5430 notis
2383 5376 2566 5430 omnia
2603 5375 2719 5428 hzec
2756 5389 2920 5442 opera
2951 5374 3268 5427 illustravit.
3306 5374 3508 5427 Eodem
3539 5386 3673 5426 usus
3702 5380 3793 5426 est

2205 5468 2397 5522 codice
2438 5464 2814 5533 manuscripto
2861 5480 2970 5531 quo
3022 5464 3269 5519 lluetius.
3324 5463 3523 5516 Eodem
3574 5472 3629 5515 et
3680 5477 3793 5515 nos

2207 5560 2372 5613 unico
2402 5558 2484 5611 usi
2508 5571 2718 5620 sumus,
2758 5554 2957 5623 quibus
2985 5555 3140 5623 copia
3166 5553 3369 5607 nullius
3408 5560 3608 5621 printer
3636 5552 3789 5607 hunc

2204 5648 2348 5713 fuit;
2386 5648 2483 5701 sed
2521 5646 2804 5715 repudiata
2836 5643 3163 5698 Wetsthenii
3194 5643 3653 5710 interpretatione
3686 5642 3790 5696 La-

2205 5742 2340 5803 tina,
2375 5740 2536 5791 aliam
2560 5757 2587 5791 e
2617 5740 2837 5807 regione
2863 5736 3175 5790 Grazcorum
3201 5733 3592 5787 collocavimus
3619 5733 3789 5799 longe

2202 5832 2536 5895 nitidiorem,
2581 5846 2744 5899 quam
2794 5830 2844 5883 in
2875 5844 3029 5884 usum
3079 5825 3254 5878 lluetii
3290 5835 3581 5893 paraverat
3609 5824 3783 5879 (.llano
