3992 6552
234 439 291 492 ἰ5
1644 446 1790 503 PB}!

1892 449 2038 505 .TIO.
3412 455 3483 511 ‘26

227 551 336 602 dius
359 549 579 624 Fleury.
614 553 1040 611 Describendam
1084 559 1216 613 mihi
1254 561 1402 616 illam
1430 564 1605 619 amice
1635 565 1803 635 largi—
1828 573 1875 625 Α
1907 564 2021 621 Nec
2046 569 2157 637 ipse
2174 571 2385 639 quidem
2416 569 2624 639 inﬁcias
2650 586 2731 625 eo.
2752 570 2952 636 Quidni
2980 572 3006 625 .’
3031 572 3121 641 qui
3155 572 3481 640 erperientia

226 652 301 695 tus
331 653 415 696 est
454 644 525 697 Β.
568 644 631 699 P.
679 644 992 705 Ludovicus
1044 649 1122 705 De
1171 649 1571 719 Touruemine,
1633 670 1799 725 penes

222 748 374 800 quem
398 744 601 791 exstat.

569 827 651 882 De
671 840 789 883 octo
809 831 963 886 libris
992 842 1180 887 contra
1206 833 1442 892 Celsum.

282 916 589 973 Aureorum
621 920 883 977 horumce
913 926 1176 980 librorum
1235 930 1412 995 prima
1461 930 1631 985 editio
1693 932 1799 985 La-

224 1008 327 1062 tine
376 1019 590 1065 tantum
630 1014 686 1068 in
730 1013 910 1070 lucem
957 1019 1161 1084 prodiit
1210 1019 1399 1075 Romae
1451 1038 1597 1076 anno
1636 1022 1796 1087 1481,

223 1099 373 1153 Sixto
429 1100 523 1166 IV,
573 1117 790 1159 summo
823 1108 1109 1176 pontilici,
1161 1110 1341 1165 dicata
1392 1113 1462 1167 ab
1502 1113 1801 1183 interprete

220 1191 618 1263 Cbristopboro
664 1196 928 1264 Persona,
972 1201 1244 1265 Romano,
1299 1202 1518 1260 Sanctae
1561 1207 1801 1262 Balbinae

224 1286 420 1355 priore,
459 1288 539 1342 uti
595 1298 747 1359 patet
778 1307 849 1346 ex
884 1293 969 1347 his
1000 1311 1121 1363 qua:
1169 1297 1239 1351 ad
1297 1298 1507 1353 calcem
1544 1300 1799 1355 editionis

221 1380 513 1445 leguntur,
561 1383 747 1437 verbis
783 1399 798 1435 :
839 1384 1084 1455 Origenis
1138 1398 1323 1443 contra
1367 1388 1579 1444 Celsum
1618 1391 1744 1460 ﬁnis
1778 1406 1797 1444 :

221 1488 364 1541 quem
389 1472 807 1543 Christophorus
836 1476 1095 1544 Persona,
1133 1479 1408 1537 Romanus
1428 1523 1444 1548 ,
1473 1484 1623 1552 prior
1654 1482 1797 1539 San—

222 1577 311 1617 cue
339 1564 587 1620 Balbina:
623 1567 687 1620 de
710 1566 871 1637 Urbe,
898 1568 1085 1626 Latine
1109 1573 1395 1645 Graeceque
1422 1580 1795 1647 peritissimus,

222 1671 332 1708 :um
360 1656 472 1723 ﬁde
504 1675 532 1710 e
578 1656 762 1714 Graeco
799 1664 1036 1717 traduxit
1078 1676 1130 1718 et
1185 1668 1503 1723 emendavit.
1545 1669 1799 1739 Magister

227 1764 330 1799 vero
361 1746 624 1817 Georgius
656 1751 843 1805 llerolt
873 1765 937 1807 de
974 1754 1271 1827 Bantberga
1303 1757 1485 1813 Romae
1508 1762 1793 1828 impressit.

226 1839 367 1891 Anno
399 1840 801 1897 lncarnationis
833 1845 1046 1899 Domini
1082 1848 1361 1903 millesimo
1383 1854 1796 1922 quadringente-

224 1932 345 1985 simo
376 1936 692 2003 octogesimo
712 1938 901 2004 primo.
932 1950 1181 2007 regnante
1219 1938 1370 1994 Sixto
1403 1956 1594 2011 quarto
1616 1947 1796 2013 ponti-
1828 1914 1870 1969 Β

221 2026 307 2089 ﬁce
352 2026 611 2088 maximo,
661 2045 802 2082 anno
848 2030 966 2098 ejus
1004 2031 1230 2085 decinto.
1284 2032 1344 2086 ln
1393 2034 1579 2091 fronte
1612 2046 1794 2093 autem

223 2116 415 2170 eximia
440 2128 628 2173 exstat
657 2118 934 2175 Theodori
967 2120 1160 2177 Gazini
1206 2124 1278 2195 (is
1315 2136 1400 2182 est
1431 2128 1592 2198 vulgo
1616 2130 1796 2187 dictus

222 2208 534 2265 Theodorus
559 2211 731 2283 Gaza)
762 2254 778 2279 ,
812 2214 1403 2287 Constantitmpolitani
1432 2259 1449 2285 ,
1503 2222 1569 2275 ad
1598 2221 1794 2278 Perso-

220 2318 335 2354 nam
385 2303 639 2371 epistola,
686 2322 807 2373 qua:
831 2323 987 2375 cum,
1030 2322 1257 2381 propter
1300 2314 1599 2368 maximam
1632 2315 1797 2385 hujus

218 2395 467 2451 editionis
526 2401 1131 2470 raritatem,tanquam
1188 2419 1288 2474 pro
1343 2406 1548 2461 inedita
1607 2408 1796 2465 haberi

219 2498 393 2554 queat,
428 2505 540 2543 non
574 2490 872 2559 injucunda
916 2496 1053 2551 forte
1082 2494 1273 2552 lectori
1316 2500 1463 2564 crit,
1506 2503 1554 2555 si
1588 2503 1677 2557 hic
1708 2520 1783 2558 re-

220 2589 575 2647 praesentetur
611 2600 625 2637 :
668 2581 973 2640 Theodorus
1005 2585 1275 2651 Casinus,
1304 2590 1795 2663 Constantinopoli-

219 2683 386 2737 tanus,
422 2673 811 2743 Christopharo
858 2675 1109 2733 Persona:
1152 2679 1212 2734 S.
1243 2682 1307 2736 P.
1340 2683 1407 2738 D.
1438 2684 1571 2739 Cum
1610 2688 1793 2741 diebus

218 2763 347 2817 ltisce
394 2768 768 2832 superioribus
814 2772 1034 2835 animo,
1083 2783 1139 2825 ut
1189 2774 1331 2828 soleo
1365 2793 1539 2846 stupe,
1572 2776 1793 2835 Latinos

220 2856 342 2907 viros
369 2873 641 2910 versarent
663 2897 679 2921 ,
727 2862 819 2929 qui
863 2860 1047 2915 Graece
1075 2866 1213 2917 scire
1239 2865 1441 2934 aliquid
1467 2869 1790 2936 viderentur,

218 2956 259 2997 et
300 2944 511 3002 Gracos
562 2950 786 3021 insuper
820 2963 1081 3021 auctores,
1124 2957 1217 3026 qui
1264 2960 1321 3012 in
1373 2958 1624 3015 Latinum
1662 2966 1792 3018 verti

224 3054 314 3089 non
338 3040 599 3092 mediocri
632 3057 751 3095 cum
769 3042 931 3097 laude
950 3057 1182 3113 possent,
1212 3050 1326 3117 ipse
1348 3051 1617 3116 inprimis
1643 3055 1790 3109 obla-

218 3140 293 3181 tus
319 3147 369 3183 es
392 3175 407 3197 ,
434 3149 595 3202 quem
621 3150 786 3187 unum
827 3138 945 3191 nari
978 3138 1044 3191 ab
1079 3141 1291 3195 ineunte
1335 3145 1688 3201 adolescentia
1711 3149 1789 3202 sic

218 3226 414 3282 Cra-cas
449 3231 664 3286 litteras
707 3232 975 3288 imbibisse
1000 3275 1015 3299 ,
1051 3248 1136 3301 et,
1165 3240 1304 3307 quod
1323 3238 1608 3307 plurimum
1622 3241 1761 3312 juvit

215 3322 260 3369 in
293 3319 501 3375 Graecia
527 3325 668 3391 ipsa,
704 3335 752 3378 et
797 3323 999 3382 Graecis
1027 3345 1093 3383 ea:
1134 3333 1566 3400 prwceptoribus,
1605 3345 1659 3388 ut
1690 3338 1791 3393 nisi

214 3424 259 3463 te
284 3415 447 3467 citem
476 3414 782 3470 Romanum
812 3421 1003 3475 scirem
1030 3460 1048 3488 ,
1092 3432 1143 3476 et
1177 3425 1503 3494 prapinquos
1526 3438 1645 3483 tuos
1679 3431 1793 3499 pri-

218 3509 408 3560 marios
444 3505 607 3563 Urbis
635 3510 779 3564 viros
809 3522 889 3565 sat
918 3529 1124 3567 nossem
1144 3556 1161 3580 ,
1189 3515 1436 3571 dicturus
1468 3518 1632 3585 facile
1663 3523 1787 3586 sint,

206 3616 268 3653 es:
292 3597 503 3655 Graecia
526 3614 578 3657 te
602 3606 930 3672 oriundum;
961 3626 1085 3662 nam
1107 3620 1158 3664 et
1185 3611 1301 3681 ipsa
1332 3622 1425 3665 tua
1449 3611 1639 3667 Gra'ca
1671 3632 1791 3681 pro-

205 3697 470 3751 nuntiatio
498 3695 744 3751 ercum
795 3708 845 3754 te
874 3702 1109 3771 prarfert.
1143 3702 1411 3769 Quorsum
1456 3706 1612 3762 haec?
1658 3707 1797 3765 Vide

204 3786 569 3857 Chrysostcmi
620 3806 886 3845 sermones
932 3810 1037 3847 ron
1062 3812 1282 3862 paucos,
1332 3815 1465 3869 quos
1506 3817 1536 3855 e
1586 3799 1789 3856 Grcecis

206 3876 421 3931 Latinos
444 3879 645 3947 fecisti,
678 3892 727 3934 et
762 3880 970 3937 Livanii
1001 3886 1220 3942 meletas
1270 3891 1557 3946 nonnullas
1578 3933 1593 3958 ,
1622 3893 1787 3948 veluti

206 3970 494 4036 majoribus
548 3974 705 4026 rebus
753 3974 940 4043 futura
981 3976 1269 4045 prwludia.
1312 3979 1439 4035 Vidi
1484 3983 1645 4051 paulo
1671 3995 1787 4054 post

205 4064 338 4115 apud
366 4071 416 4114 te
446 4063 805 4117 Athanasium
837 4076 1024 4132 tuum,
1075 4069 1232 4140 cujus
1275 4074 1545 4127 traductio
1584 4075 1662 4129 ita
1705 4092 1787 4129 me

205 4152 497 4218 oblectavit,
529 4165 590 4208 ιε
617 4157 673 4209 in
709 4174 852 4219 spem
886 4161 1077 4213 bonam
1110 4178 1171 4215 eo
1204 4179 1269 4217 ex
1292 4174 1524 4234 tempore
1556 4168 1785 4221 venerim

200 4262 347 4309 posse
365 4256 416 4299 te
430 4258 482 4299 et
504 4244 790 4317 Origenem
809 4250 1060 4304 adversus
1082 4251 1292 4307 Celsum
1306 4256 1587 4310 traducere
1602 4270 1785 4327 :quem

201 4340 411 4401 librum,
439 4338 568 4401 quia
602 4339 1028 4407 elegantissimus
1065 4355 1165 4409 est,
1194 4354 1245 4399 et
1280 4347 1335 4399 in
1358 4347 1486 4415 ﬁdei
1515 4346 1786 4404 Christia-

200 4446 283 4481 »ιω
348 4431 711 4497 defensionem
742 4435 1091 4503 conscriptus,
1124 4436 1389 4493 Nicotaus
1422 4440 1700 4509 pontifex,
1735 4452 1783 4495 et

199 4522 243 4573 si
276 4522 344 4575 de
378 4539 431 4576 se
460 4535 570 4577 erat
602 4542 861 4581 novorum
886 4543 1101 4597 operum
1121 4570 1137 4595 ,
1164 4540 1213 4583 et
1249 4526 1559 4588 Graecorum
1586 4533 1783 4601 praeci-

1771 3281 1861 3340 ’,'C

1900 660 2090 715 doctus
2117 662 2172 715 id
2192 663 2369 717 ausim
2406 664 2743 733 conﬁrmare,
2779 680 2874 718 nec
2894 665 3157 733 principes
3184 666 3316 718 tales
3342 682 3481 718 nunc

1900 770 2036 817 esse,
2057 755 2238 825 quales
2264 757 2489 809 antehac
2517 757 2798 823 exstitere,
2825 773 2919 810 nec
2942 773 3005 811 ea
3038 757 3279 812 laborum
3304 759 3482 812 virtu-

1901 855 2113 913 tumque
2134 846 2378 913 prtcmia.
2400 844 2510 900 Sed
2544 847 2663 915 quis
2693 846 2828 899 adeo
2874 847 2981 900 sive
3022 846 3329 911 illiberalis,
3375 863 3483 901 sive

1900 936 2296 999 ingratissimus
2319 938 2584 1007 princeps,
2612 938 2725 1008 qui,
2758 939 2847 991 ubi
2873 938 3071 993 librum
3092 940 3232 993 hunc
3253 939 3336 992 ill'i
3366 950 3479 993 tra-

1900 1028 2119 1081 ductum
2160 1030 2299 1082 dono
2341 1029 2619 1093 detuleris,
2674 1046 2779 1084 non
2805 1042 2855 1084 te
2898 1031 3203 1085 muneribus
3243 1032 3477 1101 principe

1899 1119 2098 1189 dignis,
2129 1130 2177 1173 et
2208 1121 2413 1189 magnis
2436 1121 2724 1174 honoribus
2758 1133 3112 1191 prosequatur
3132 1125 3159 1179 ?
3184 1123 3480 1192 Aggredere

1899 1228 2021 1281 ergo
2052 1211 2109 1264 id
2135 1229 2287 1279 opus,
2331 1225 2379 1267 et
2406 1230 2500 1280 pro
2517 1214 2633 1283 ejus
2649 1226 2703 1267 ut
2725 1216 2983 1284 dignitate
3011 1215 3270 1279 absolvas,
3302 1214 3475 1268 conti-

1901 1316 2081 1356 nenter
2097 1306 2358 1357 incumbe.
2378 1307 2486 1375 Age
2504 1305 2798 1360 Romanum
2814 1309 3061 1369 rirum,et
3078 1308 3254 1361 animo
3276 1308 3477 1378 ingenti

1900 1393 2228 1461 difﬁcultates
2267 1411 2445 1448 omnes
2471 1395 2716 1461 pervade.
2751 1395 2844 1449 Est
2877 1397 3087 1465 quidem
3121 1397 3257 1463 hoc,
3279 1396 3474 1466 fateor,

1900 1485 2251 1553 interpretatu
2283 1487 2515 1556 difﬁcile,
2550 1491 2640 1540 sed
2666 1503 2726 1539 eo
2754 1486 2874 1554 plus
2914 1486 3091 1541 laudis
3120 1490 3473 1558 consequeris.

1899 1592 2002 1643 quo
2023 1591 2132 1628 rem
2157 1592 2259 1629 non
2284 1576 2496 1645 facilem
2536 1593 2814 1646 aggressus
2861 1578 3119 1631 videbere.
3168 1576 3318 1632 Vale.
3380 1576 3477 1632 His

1900 1666 2085 1735 itaque
2128 1668 2494 1723 incitamentis
2561 1670 2834 1725 adductus
2895 1680 2981 1723 est
3045 1669 3477 1738 Christophorus

1900 1753 2165 1819 Persona,
2198 1768 2256 1811 ut
2286 1757 2458 1812 libros
2500 1769 2624 1813 octo
2661 1760 2930 1816 adversus
2982 1760 3199 1816 Celsum
3252 1760 3478 1816 Latinos

1898 1846 2128 1911 laceret,
2158 1859 2214 1901 et
2239 1846 2401 1903 Sixto
2433 1862 2631 1919 quarto
2661 1867 2878 1907 summo
2919 1854 3165 1923 pontilici
3197 1854 3479 1909 dedicaret

1899 1940 2164 2009 epistola,
2215 1957 2338 2010 quae
2366 1942 2574 2012 utique,
2614 1944 2667 1997 ni
2700 1956 2854 1999 esset
2888 1946 3125 2015 longior,
3160 1946 3340 2000 locum
3390 1946 3479 2001 hic

1900 2041 1956 2087 ιιι
1987 2032 2213 2088 haberet
2236 2044 2561 2088 mereretur.
2588 2034 2700 2090 lloc
2725 2036 2887 2091 habet
2916 2037 3131 2094 initium
3164 2056 3179 2092 :
3210 2037 3365 2094 Sixto
3388 2038 3476 2094 IV

1898 2122 2138 2193 pontiﬁci
2165 2125 2397 2177 maximo
2423 2124 2839 2195 Christopltorus
2874 2125 3133 2195 Persona,
3152 2131 3299 2198 prior
3328 2132 3475 2186 San-

1897 2222 1997 2269 cta:
2040 2214 2297 2269 Balbinte.
2343 2216 2713 2273 Animadverti
2744 2235 2915 2287 stupe,
2953 2222 3252 2278 beatissime
3286 2222 3468 2291 Pater,

1894 2305 2101 2373 priscos
2126 2306 2265 2373 illos,
2290 2317 2337 2361 et
2360 2310 2638 2377 pra'stanti
2668 2309 2881 2379 ingenio
2912 2312 3073 2375 uiros,
3108 2323 3216 2368 etc.
3242 2316 3313 2371 At
3346 2330 3474 2370 vero

1898 2411 1995 2451 seu
2022 2398 2170 2467 quod
2215 2400 2419 2470 Optatis
2476 2398 2597 2468 ejus
2648 2417 2757 2455 non
2799 2404 3172 2472 respondisset
3213 2402 3353 2458 Sixti
3403 2401 3472 2458 IV

1896 2489 2275 2545 muniﬁcentia
2298 2533 2313 2559 ,
2358 2507 2453 2547 seu
2484 2492 2589 2547 alia
2622 2509 2963 2564 quaecunque
2992 2498 3061 2551 de
3107 2513 3294 2563 causa,
3321 2499 3478 2552 vafro

1896 2591 1951 2638 et
1980 2583 2174 2638 callide
2200 2599 2231 2639 e
2262 2585 2577 2653 supradicta
2620 2586 2864 2642 editione
2895 2604 2995 2642 sua
3044 2591 3269 2645 sustulit
3328 2590 3473 2645 hanc

1897 2674 2206 2744 epistolam,
2242 2676 2403 2745 eique
2435 2676 2667 2731 alteram
2701 2676 2992 2734 substituit
3022 2678 3257 2736 Joannis
3286 2680 3475 2736 Mace-

1896 2768 2007 2822 nici
2045 2766 2398 2823 Venetiarum
2441 2769 2709 2838 principis
2743 2771 2965 2825 nomine
2999 2772 3319 2841 inscriptam
3350 2788 3479 2843 quae

1896 2859 1979 2914 sic
2002 2859 2196 2928 incipit
2230 2876 2246 2913 :
2276 2856 2482 2912 Joanni
2529 2856 2798 2913 blocenico
2847 2860 3208 2915 illustrissimo
3253 2860 3473 2915 Veneto-

1894 2969 2011 3005 rum
2046 2951 2293 3021 principi,
2327 2952 2670 3021 uniuersoque
2711 2954 2920 3006 senatui
2952 2953 3147 3022 inclyta
3180 2953 3471 3007 consultis-

1891 3045 2127 3115 simoque
2177 3043 2590 3112 Gltrismphorus
2643 3042 2920 3109 Persona,
2994 3043 3294 3101 Romanus.
3348 3045 3471 3099 Etsi

1889 3136 2124 3207 plerique
2152 3153 2331 3191 omnes
2358 3136 2620 3205 prwclara
2642 3138 2885 3206 facinora
2916 3138 3135 3209 aggredi
3169 3138 3368 3192 idcirco
3396 3140 3473 3193 vi-

1894 3233 2099 3299 demur,
2125 3241 2232 3287 etc.
2268 3230 2334 3287 Ut
2362 3231 2430 3285 ad
2458 3231 2627 3299 ipsam
2660 3232 3167 3303 interpretationem
3200 3241 3470 3296 revertar,

1895 3340 2001 3380 non
2033 3324 2175 3380 male
2191 3324 2584 3379 existimationi
2613 3341 2726 3381 sua:
2778 3326 2845 3379 ad
2887 3326 3227 3394 aliquantum
3265 3336 3472 3393 tempo-

1893 3419 1973 3473 ris
2002 3418 2351 3474 consuluisse
2393 3420 2608 3475 videtnr
2638 3418 2877 3474 Persona
2902 3459 2917 3484 ,
2957 3435 3082 3473 cum
3124 3417 3315 3474 Greca
3347 3417 3472 3474 Ori-

1893 3514 2046 3583 genis
2069 3513 2213 3583 typis
2230 3512 2574 3567 committere
2599 3528 2699 3582 pro
2723 3512 2943 3567 illorum
2971 3521 3274 3581 temporum
3311 3525 3468 3566 more

1891 3605 2155 3675 neglexit.
2197 3605 2497 3674 Postquam
2528 3605 2675 3660 enim
2707 3604 2911 3674 publici
2958 3603 3102 3673 juris
3139 3602 3289 3658 facta
3319 3614 3471 3667 sunt,

1891 3695 2217 3751 incredibile
2241 3696 2390 3751 dictu
2422 3706 2505 3750 est
2528 3704 2787 3765 quantam
2819 3694 3023 3749 eruditi
3071 3694 3126 3748 in
3157 3692 3265 3749 hoc
3296 3695 3469 3748 inter-

1889 3800 2041 3859 prete
2070 3804 2233 3859 quem
2258 3790 2396 3843 tanti
2442 3789 2684 3844 faciebat
2708 3788 3033 3843 Theodorus
3061 3787 3328 3852 Casinus,
3360 3787 3469 3841 liu-

1890 3897 2006 3951 guae
2039 3880 2242 3937 Graeca
2266 3882 2699 3951 ignorationem,
2736 3895 2899 3949 quant
2931 3880 3187 3950 exiguam
3220 3880 3274 3933 in
3307 3878 3467 3932 inve-

1890 3974 2157 4045 stigandis
2175 3974 2467 4029 sententiis
2485 3973 2852 4044 diligentiam,
2868 3987 3032 4042 quam
3062 3972 3316 4026 obtusum
3339 3984 3440 4023 acu
3453 3996 3471 4010 -

1889 4080 2035 4132 men,
2064 4080 2227 4134 quam
2255 4064 2429 4119 levem
2461 4074 2517 4120 et
2546 4064 2845 4119 sublestatn
2892 4063 3051 4117 tidem
3083 4063 3467 4134 deprehende-

1890 4158 2019 4213 rint.
2050 4156 2433 4213 Verumtamen
2469 4159 2869 4227 qualiscunque
2892 4166 3012 4212 erat
3048 4157 3165 4212 haec
3196 4156 3471 4226 interpre-

1886 4251 2044 4314 tatio,
2075 4264 2199 4305 eam
2227 4252 2387 4306 avide
2415 4252 2648 4321 arripuit
2676 4250 2942 4307 lerlinus
2978 4260 3034 4305 et
3078 4248 3306 4305 editioni
3355 4262 3473 4303 sum

1884 4357 2113 4412 operum
2156 4340 2411 4412 Origenis
2464 4357 2595 4396 ann.
2649 4341 2791 4397 1512
2825 4342 3092 4412 integram
3129 4340 3469 4397 inserendam

1885 4450 2009 4491 esse
2041 4435 2215 4491 duxit.
2251 4434 2491 4490 Tandem
2525 4451 2670 4491 anno
2696 4435 2836 4491 1605
2857 4474 2872 4500 ,
2915 4435 3177 4503 Augustae
3212 4430 3466 4486 Vindeli-

1886 4540 2076 4581 corum
2102 4568 2117 4591 ,
2154 4540 2186 4579 e
2235 4524 2583 4580 bibliothecis
2624 4522 2880 4579 electuris
2911 4520 3179 4585 Palatini,
3213 4517 3378 4573 Boica
3406 4527 3464 4571 et

199 4633 299 4679 una
352 4619 794 4683 cupientissimus
823 4659 839 4682 ,
903 4636 1019 4673 meo
1063 4620 1277 4675 hortatu
1340 4618 1782 4695 Constantinam)-
1810 4630 1862 4690 ι)
1885 4619 2203 4686 Augustana
2227 4657 2243 4682 ,
2271 4616 2397 4671 libri
2430 4626 2557 4671 octo
2589 4626 2774 4670 contra
2802 4615 3011 4669 Celsum
3038 4614 3227 4669 Graece
3255 4628 3322 4667 ac
3354 4610 3469 4667 La-

197 4708 290 4760 tius
324 4710 493 4776 misit,
519 4712 612 4781 qui
643 4710 718 4763 ad
746 4727 801 4765 se
828 4720 1127 4781 coemptum
1145 4713 1373 4781 deferret
1402 4729 1422 4768 :
1444 4713 1781 4786 delatumque

198 4817 320 4853 mea:
343 4802 474 4855 mihi
507 4804 679 4866 dedit,
707 4804 943 4868 dixitque
987 4803 1114 4858 velle
1141 4821 1197 4859 se
1230 4806 1281 4860 ei
1329 4807 1535 4876 quidvis
1575 4812 1781 4877 prtemii

196 4895 460 4958 polliceri,
484 4898 580 4963 qui
614 4894 866 4950 Latinum
897 4897 1036 4949 hunc
1065 4897 1284 4965 faceret.
1325 4896 1395 4952 Et
1426 4917 1555 4955 sane
1578 4901 1689 4969 ipse
1721 4902 1779 4955 id

199 5001 326 5047 opus
349 5002 634 5055 aggressus
672 5004 837 5041 essem
865 5004 929 5040 ac
964 4986 1169 5055 lubens,
1225 4990 1329 5043 nisi
1379 5007 1463 5045 me
1508 5000 1634 5045 tunc
1667 4993 1781 5047 alia

200 5081 365 5143 gravis
390 5082 657 5133 traductio
674 5092 1112 5151 prteoccupasset.
1142 5081 1327 5137 Restat
1350 5085 1519 5154 igitur
1541 5086 1673 5139 liber
1692 5087 1781 5143 ille

200 5170 252 5217 iu
285 5168 553 5236 pontiﬁcis
583 5169 896 5222 bibliotheca
926 5173 1175 5235 intactus,
1202 5181 1274 5235 et,
1306 5184 1362 5225 ut
1403 5175 1659 5242 arbitror,
1686 5177 1779 5229 tibi

202 5272 454 5325 senatus,
478 5272 535 5313 ut
561 5278 622 5314 ea
655 5277 773 5314 cum
797 5261 1082 5330 dignitate,
1105 5279 1267 5333 quant
1291 5262 1474 5317 Gra'ce
1496 5275 1671 5329 sonat,
1700 5268 1781 5319 uel

204 5351 377 5405 saltem
404 5355 675 5422 proxima,
696 5353 945 5407 Latinum
970 5354 1160 5421 facias,
1184 5365 1231 5409 et
1256 5372 1410 5423 spero
1436 5355 1548 5423 fore
1574 5373 1669 5425 pro
1688 5368 1780 5412 tua

207 5446 467 5514 utriusque
488 5447 695 5514 linguae
719 5446 980 5515 singulari
1003 5447 1217 5514 peritia,
1249 5458 1303 5500 ut
1334 5464 1437 5501 non
1461 5450 1637 5503 minus
1665 5449 1781 5504 lau-

203 5536 279 5586 dis
304 5538 352 5590 in
377 5538 476 5591 hoc
498 5538 852 5591 convertenda
882 5539 1250 5606 promerearis,
1267 5555 1427 5607 quam
1452 5551 1640 5593 auctor
1672 5542 1780 5611 ipse

201 5626 251 5677 in
272 5628 466 5681 edendo
497 5630 823 5697 promeritus
847 5628 939 5681 sit.
965 5628 1029 5681 At
1058 5628 1221 5695 dices,
1255 5646 1358 5681 non
1381 5645 1492 5683 esse
1518 5630 1613 5683 illa
1639 5648 1779 5686 nunc

170 5720 432 5785 .ezposita
473 5720 700 5787 prsentia
728 5759 743 5782 ,
777 5734 897 5787 qua:
930 5716 1215 5770 Nicolaum
1243 5718 1552 5789 pontiﬁcem
1586 5736 1778 5774 narras

202 5811 547 5876 Proposuisse,
580 5826 675 5863 nec
704 5809 839 5861 tales
873 5823 1009 5860 nunc
1040 5808 1323 5877 principes,
1355 5812 1447 5878 qui
1478 5810 1593 5878 ejus
1618 5814 1777 5865 vesti-

202 5904 276 5959 σω
292 5915 675 5957 consectentur.
704 5899 819 5955 Cur
843 5917 963 5969 ergo
997 5909 1197 5954 tantum
1239 5900 1433 5955 laboris
1464 5903 1730 5958 insumam
1756 5906 1780 5957 .’

1884 4708 1995 4763 tine
2013 4708 2332 4777 prodierunt
2355 4708 2658 4775 interprete
2682 4704 3321 4777 Sigismundolieslenio,
3340 4721 3468 4760 cum

1889 4800 2033 4854 notis
2068 4798 2292 4854 Davidis
2325 4798 2640 4854 Hmschelii.
2680 4799 2909 4853 Eosdem
2937 4799 3118 4853 denuo
3152 4798 3340 4854 Gratce
3368 4799 3468 4851 ad-

1876 4892 2065 4961 juncta
2095 4892 2337 4962 ejusdem
2359 4891 2599 4948 Geslenii
2628 4893 3085 4963 interpretatione
3110 4889 3303 4946 Latina
3332 4890 3468 4944 Can-

1886 4984 2132 5053 tabrigize
2178 5001 2321 5040 anno
2374 4984 2513 5040 i658
2570 4987 2621 5039 in
2689 4985 2864 5041 lucem
2916 4986 3088 5041 edidit
3137 4984 3473 5040 Guillelmus

1884 5078 2214 5148 Spencerus,
2249 5080 2462 5151 collegii
2483 5080 2857 5135 Sanctissimae
2870 5078 3155 5134 Trinitatis
3175 5077 3466 5133 Cantabri-

1882 5172 2088 5241 giensis
2119 5172 2325 5237 socius,
2369 5174 2461 5241 qui
2489 5174 2657 5227 etiam
2690 5174 2756 5225 ad
2800 5172 3008 5227 calcem
3048 5169 3231 5240 operis
3263 5170 3465 5240 adjecit

1882 5261 2263 5317 adnotationes
2290 5262 2659 5317 doctissimas.
2712 5262 2841 5316 llaec
2879 5262 3051 5316 editio
3095 5261 3239 5332 typis
3268 5274 3463 5313 recusa

1882 5363 1968 5406 est
1994 5352 2361 5423 Cantabrigize
2392 5371 2537 5410 anno
2574 5355 2735 5409 1677.
2774 5354 3084 5424 Optandum
3122 5368 3251 5407 vero
3297 5353 3469 5417 foret,

1884 5454 2233 5513 utquantum
2266 5461 2413 5501 cura:
2446 5446 2549 5500 fuit
2612 5448 2889 5517 Spencero
2932 5446 3266 5501 doctiSsimis
3318 5444 3468 5499 notis

1882 5538 2157 5594 illustrare
2180 5540 2296 5595 loca
2324 5542 2711 5611 pr0pemodum
2742 5543 3029 5598 innumera
3055 5580 3070 5608 ,
3120 5556 3241 5611 quae
3279 5540 3361 5593 vel
3394 5540 3463 5593 ad

1883 5631 2195 5695 historiam,
2221 5631 2305 5684 vel
2330 5636 2395 5686 ad
2440 5632 2735 5700 peculiaria
2774 5632 3033 5703 Origenis
3067 5633 3343 5701 dogmata,
3381 5630 3463 5683 vel

1883 5721 1949 5775 ad
1974 5723 2218 5791 priorum
2248 5722 2570 5778 saeculorum
2594 5726 2966 5795 disciplinam,
2995 5733 3092 5778 aut
3122 5724 3187 5777 ad
3221 5730 3460 5776 veterem

1882 5814 2284 5885 philosophiam
2333 5815 2651 5885 pertinent,
2707 5814 3241 5886 tantnmdiligentim
3299 5811 3459 5865 adhi-

1883 5906 2116 5970 buisset,
2148 5922 2270 5963 cum
2315 5910 2381 5963 ad
2426 5910 2695 5981 orationis
2750 5909 2952 5965 Graecae
2996 5908 3456 5965 emendationem.
