3992 6558
503 421 573 475 27
1931 422 2320 479 pessumo.
3698 411 3785 482 es

507 556 622 598 tum
655 544 722 598 ad
747 544 1101 614 corrigendos
1135 543 1454 612 frequentes
1489 542 1806 613 interpretis
1844 545 2086 600 Geslenii
2118 554 2164 608 Α
2192 549 2292 602 sibi
2323 565 2423 601 non
2455 565 2655 616 semper
2679 547 2966 601 intellectas
2994 548 3064 599 ad
3098 547 3307 599 libitum
3343 550 3596 618 recoquit.
3636 547 3776 616 Spe-

508 637 992 692 hallucinationes.
1049 635 1276 698 Graeca,
1329 645 1489 703 prout
1535 636 1754 691 Davidis
1793 635 2087 692 Hmschelii

509 731 680 784 editio
719 730 954 793 ferebat,
989 730 1198 798 integra
1237 739 1461 783 secutus
1499 739 1619 795 est,
1655 730 1698 784 si
1733 732 1892 786 modo
1918 747 2086 800 pauca

508 823 858 891 excipiantur
893 823 1040 886 loca,
1086 821 1172 874 ubi
1215 822 1494 875 variantes
1528 821 1794 890 quasdam
1825 823 2089 878 lectiones

509 933 645 984 quas
679 918 744 969 ad
771 931 920 970 oram
958 915 1225 983 rejecerat
1248 914 1608 981 liteschelius,
1643 916 1694 970 itt
1717 917 1918 971 seriem
1946 917 2092 973 Grze-

507 1027 632 1064 catn
669 1019 854 1077 utpote
906 1010 1163 1062 meliores
1196 1008 1422 1062 invexit.
1458 1008 1746 1063 innumera
1802 1009 1907 1063 alia
1965 1025 2087 1079 qua:

507 1102 716 1155 medica
749 1116 908 1153 manu
947 1103 1200 1170 egebant,
1237 1100 1460 1169 reliquit
1489 1101 1718 1167 intacta,
1757 1117 1824 1154 ne
1856 1102 2086 1156 minima

505 1195 732 1263 quidem
758 1195 1039 1263 proposita
1069 1196 1412 1261 conjectura,
1440 1211 1546 1264 qua
1594 1195 1785 1250 saltem
1830 1197 1897 1250 ad
1933 1211 2088 1250 com-

508 1285 808 1338 modiorem
855 1299 1082 1338 sensum
1125 1297 1538 1340 revocarentur.
1585 1283 1770 1341 Monet
1809 1287 1860 1339 itt
1894 1287 2087 1356 prmia-

509 1378 655 1430 tione
687 1377 819 1430 nihil
846 1391 1033 1430 eorum
1058 1394 1177 1446 quae
1208 1379 1328 1434 aliis
1357 1389 1761 1434 consueverunt
1784 1395 1904 1434 esse
1935 1380 2086 1449 adju-

509 1480 711 1535 mento,
742 1470 868 1523 licet
897 1471 1149 1524 maxima:
1178 1472 1280 1524 sibi
1318 1488 1464 1526 curae
1491 1472 1682 1526 fuisset
1713 1473 1778 1526 de
1810 1473 1878 1527 iis
1902 1473 2090 1540 acqui-

509 1562 716 1625 rendis,
779 1577 838 1614 se
903 1563 1148 1631 potuisse
1201 1579 1544 1632 comparare.
1613 1563 1822 1631 Eram,
1887 1565 2083 1632 inquit,

510 1651 808 1706 Ilwschelio
848 1655 952 1705 duo
991 1655 1338 1722 manuscripti
1373 1655 1615 1718 codices,
1641 1672 1771 1725 quos
1817 1673 1843 1710 e
1894 1656 2086 1709 biblio-

505 1748 672 1800 thecis
716 1748 959 1801 electoris
1001 1745 1266 1813 Palati-ni,
1309 1748 1477 1802 Boica
1547 1761 1593 1801 et
1642 1752 1954 1819 Augustana
1995 1750 2086 1802 de-

503 1850 854 1907 prompserat.
891 1840 1005 1909 Ego
1037 1841 1122 1894 Itis
1157 1840 1283 1895 solis
1317 1842 1589 1910 impressis
1631 1858 1759 1895 usus
1793 1859 1930 1895 sum.
1978 1840 2084 1895 Sed

505 1932 638 1998 quid
667 1933 918 1987 obstabat
962 1935 1256 2004 quominus
1303 1935 1664 1990 Oxonieasem
1696 1936 2083 1991 bibliothecam

504 2024 590 2078 vel
623 2025 737 2092 ipse
770 2025 851 2080 vel
881 2041 976 2094 per
1007 2027 1212 2081 amicos
1244 2028 1462 2083 adiret?
1496 2029 1571 2084 ibi
1608 2039 1760 2085 certe
1797 2040 1909 2084 tres
1947 2029 2086 2087 alios

503 2116 725 2172 codices
759 2118 1162 2187 manuscriptos
1199 2121 1513 2188 reperisset,
1549 2135 1649 2174 nec
1677 2129 1821 2175 esset
1845 2137 2086 2192 conque-

505 2217 623 2261 stus
647 2210 978 2262 accurandas
1026 2227 1136 2264 esse
1183 2211 1441 2265 librorum
1480 2213 1740 2266 editiones
1785 2213 1838 2266 in
1879 2230 2084 2270 summa

503 2304 738 2356 omnium
764 2303 1191 2372 adjumenlorum
1223 2314 1272 2358 et
1296 2307 1533 2359 codicum
1556 2316 1798 2376 egestate.
1824 2305 1890 2361 Ut
1914 2319 1969 2360 ut
1990 2309 2081 2374 sit,

507 2403 719 2447 tantam
776 2395 890 2463 ipse
942 2397 1440 2465 manuscriptoruut
1491 2400 1743 2453 codicum
1798 2401 2082 2470 penuriam

506 2497 771 2553 expertus
805 2503 909 2540 non
947 2503 1091 2554 sum,
1117 2491 1316 2559 quippe
1346 2491 1431 2544 cui
1469 2507 1576 2545 non
1606 2493 1781 2547 solum
1810 2495 1976 2548 variae
2003 2495 2082 2549 le-

503 2577 714 2630 ctiones
744 2591 809 2629 ex
867 2586 993 2631 octo
1052 2579 1446 2646 manuscriptis
1498 2579 1836 2648 deprompta:
1889 2595 2084 2650 magno

507 2667 726 2720 fuerunt
758 2669 1096 2736 adjumento,
1123 2669 1220 2722 sed
1249 2678 1302 2723 et
1336 2680 1475 2722 nota:
1502 2685 1566 2723 ac
1595 2670 1932 2736 conjecturae
1970 2681 2082 2725 tum

503 2761 700 2813 eruditi
756 2759 1033 2814 Francisci
1069 2760 1255 2824 Guiet,
1307 2760 1555 2826 Jesuita',
1605 2779 1742 2833 quas
1805 2778 1972 2831 penes
2025 2779 2084 2819 se

506 2853 910 2922 manuscriptas
965 2853 1126 2908 habet
1163 2853 1227 2906 R.
1289 2853 1344 2908 P.
1400 2855 1704 2910 Ludovicus
1740 2856 1807 2909 de
1838 2851 2082 2910 Tourne-

508 2946 652 2998 mine
674 2987 688 3011 ,
726 2954 837 2997 tum
874 2944 992 2998 aliae
1025 2961 1254 3001 numero
1291 2947 1447 3016 longe
1491 2947 1676 3016 plures
1700 2961 1835 3016 quas
1870 2948 2085 3002 erudito

503 3037 622 3090 orbi
657 3037 936 3106 proposuit
977 3037 1126 3092 Elias
1171 3039 1487 3092 Boherellus
1519 3039 1586 3090 ad
1615 3038 1824 3092 calcem
1871 3038 2086 3092 eximia:

505 3143 617 3181 sua
641 3129 863 3183 Gallica:
883 3130 1350 3199 interpretationis
1372 3129 1633 3182 librorum
1671 3142 1851 3184 contra
1875 3128 2084 3184 Celsum

503 3235 651 3275 anno
686 3221 822 3275 l700
851 3222 1240 3276 Amstelodatui
1277 3223 1328 3276 in
1357 3222 1531 3276 lucem
1567 3223 1747 3277 editae.

574 3315 884 3386 Archetypo
910 3313 1106 3371 Grznco
1125 3325 1201 3370 tot
1227 3315 1531 3384 talibusque
1559 3317 1778 3370 auxiliis
1803 3317 1875 3370 ad
1897 3315 2086 3370 melio—

504 3419 621 3458 rem
659 3415 859 3459 statum
899 3419 1176 3473 revocato,
1219 3409 1305 3461 diu
1344 3408 1706 3462 deliberatum
1741 3419 1846 3472 est,
1880 3425 1947 3462 an
1994 3409 2085 3463 Si-

505 3497 774 3564 gismundi
811 3498 1050 3554 Gesienii
1090 3500 1472 3568 interpretatio
1515 3499 1706 3554 Latina
1752 3512 2085 3566 servaretur,

507 3604 574 3640 an
612 3589 1001 3657 procuderetur
1049 3606 1208 3645 nova.
1246 3591 1586 3645 Servandam
1629 3606 1752 3646 esse
1806 3590 2088 3646 Geslenia-

505 3695 631 3733 nam
660 3681 962 3735 suadebant
992 3681 1183 3738 laudes
1211 3683 1410 3751 quibus
1453 3681 1756 3737 laboriosus
1797 3682 1888 3736 ille
1919 3685 2079 3738 inter-

505 3784 632 3838 pres
655 3785 682 3824 a
717 3772 1048 3829 doctissimis
1083 3775 1216 3828 viris
1246 3784 1565 3829 exornatur.
1605 3771 1696 3826 lta
1743 3786 1936 3842 septem
1976 3776 2086 3839 (itt-

505 3863 625 3932 quit
659 3864 852 3920 Caelius
892 3867 1171 3920 Secundus
1209 3866 1398 3928 Curio,
1434 3866 1646 3935 praefat.
1689 3865 1756 3920 ad
1780 3867 2084 3936 Appianum

506 3954 952 4025 Alexandrinum)
998 3974 1184 4027 eosque
1225 3957 1579 4010 nobilissimos
1629 3957 1905 4025 scriptores
1937 3961 2085 4012 nobis

503 4049 568 4100 de
601 4046 798 4102 ercis
831 4066 1102 4104 conuersos
1138 4051 1364 4118 reliquit,
1399 4059 1554 4118 atque
1592 4051 1668 4102 ila
1698 4065 1995 4116 conversos,
2027 4060 2085 4102 ut

503 4138 593 4206 qui
617 4139 815 4208 majore
843 4157 960 4193 cunt
1001 4141 1158 4194 laude
1188 4142 1240 4192 in
1267 4143 1363 4193 ltac
1403 4157 1566 4193 arena
1595 4153 1830 4194 versatus
1871 4143 1956 4202 sit,
1991 4149 2084 4194 aut

506 4226 730 4290 nullum,
773 4239 862 4281 aut
912 4232 1257 4298 paucissimos
1313 4232 1387 4284 sis
1442 4239 1767 4299 reperturus.
1830 4230 2082 4300 Magnum

507 4319 650 4370 istud
675 4321 916 4388 profecto
951 4325 1284 4386 cncomium,
1331 4324 1427 4378 sed
1470 4340 1580 4391 quo
1613 4324 1892 4390 indignum
1932 4323 2083 4376 illum

506 4425 612 4462 non
649 4409 854 4477 judicat
892 4412 1154 4468 Henricus
1186 4413 1436 4468 Valesius
1468 4415 1678 4483 prmfat.
1724 4415 1791 4468 ad
1839 4414 2085 4468 Ammia-

504 4518 634 4555 num
685 4504 1080 4570 Marcellinum,
1121 4507 1210 4560 ubi
1256 4507 1321 4560 de
1360 4506 1695 4577 Mariangelo
1722 4509 1982 4563 Acettrsio
2030 4518 2083 4562 et

2196 655 2438 693 raveram
2473 640 2637 708 igitur
2681 641 2812 693 tanti
2857 641 2959 694 viri
2993 639 3208 693 nomine
3236 638 3426 705 fretus,
3472 641 3788 704 nonnullis,“

2192 748 2420 799 quorum
2455 747 2670 786 sensum
2695 731 2874 785 minus
2903 731 3043 785 belle
3064 741 3350 784 assecutus
3379 741 3486 796 est,
3516 733 3773 786 immuta-

2193 825 2261 877 tis
2287 835 2343 878 et
2366 823 2669 877 emendatis
2695 822 2852 888 locis,
2876 824 2995 892 ejus
3018 823 3518 891 interpretationem
3541 825 3770 880 retineri

2193 934 2372 987 posse.
2407 917 2510 970 Sed
2543 917 2632 970 ubi
2659 917 2724 969 ad
2759 918 3015 970 horumce
3047 915 3290 969 locorum
3325 916 3772 970 emendationem

2191 1020 2410 1062 ventum
2442 1018 2543 1073 est,
2578 1019 2633 1062 et
2652 1018 3011 1078 compertum,
3052 1008 3141 1062 vix
3179 1007 3342 1062 ullam
3377 1023 3494 1062 esse
3518 1011 3773 1076 paginam

2192 1099 2278 1152 ubi
2312 1099 2482 1152 semel
2507 1107 2560 1151 et
2593 1098 2790 1167 saepius
2825 1115 2852 1151 a
2894 1114 3023 1152 vero
3057 1097 3309 1166 Origenis
3347 1114 3510 1152 sensu
3544 1115 3648 1153 non
3686 1113 3775 1153 rc-

2191 1192 2368 1258 cedat,
2400 1192 2584 1245 statim
2614 1190 2858 1245 intellexi
2889 1206 3084 1243 novam
3119 1190 3333 1246 facilius
3366 1191 3776 1261 interpretatio-

2192 1301 2313 1338 ttem
2361 1285 2542 1354 parari
2589 1298 2768 1351 posse,
2809 1299 2970 1352 quam
3012 1293 3247 1337 veterem
3292 1284 3594 1338 emendari.
3654 1283 3773 1337 Huc

2190 1376 2327 1428 adde
2370 1374 2512 1443 quod
2555 1375 2784 1428 aliorum
2821 1373 3326 1441 interpretationem
3369 1373 3663 1440 corrigere,
3712 1381 3774 1425 ιιι

2191 1467 2474 1520 molestum
2506 1483 2600 1536 per
2628 1482 2686 1520 se
2727 1481 2792 1520 ac
2833 1464 3073 1528 difﬁcile,
3104 1466 3176 1517 ita
3215 1465 3378 1519 etiam
3415 1465 3661 1518 odiosum
3692 1464 3775 1519 vi-

2189 1558 2434 1613 debatur.
2457 1557 2564 1611 Sua
2598 1559 2741 1611 enim
2765 1559 2962 1624 cuique
2992 1557 3130 1622 laus,
3168 1572 3300 1612 suus
3333 1557 3504 1612 honor
3543 1557 3776 1610 debetur

2189 1665 2217 1703 a
2252 1651 2426 1716 nobis,
2459 1665 2688 1719 quorum
2719 1649 2957 1704 laborem
3010 1650 3084 1702 illi
3118 1666 3215 1704 suo
3246 1649 3426 1704 levare
3449 1658 3502 1703 et
3527 1648 3774 1703 minuere

2190 1742 2366 1796 conati
2398 1751 2542 1796 sunt.
2571 1740 2805 1795 Proinde
2829 1756 2964 1809 npus
3006 1740 3430 1809 uniuscujusque
3457 1740 3771 1808 interpretis

2191 1832 2514 1887 laudandum
2545 1833 2721 1900 potius
2750 1842 2832 1886 est
2856 1850 2882 1885 a
2909 1832 3085 1898 nobis,
3115 1848 3275 1901 quam
3307 1832 3774 1902 iutcrpolandum.

2190 1925 2487 1994 praesertim
2525 1925 2569 1978 si
2613 1925 3010 1992 frequentiores
3045 1924 3238 1978 futura:
3259 1924 3369 1978 sint
3397 1924 3778 1993 interpolatio-

2190 2030 2305 2068 ues.
2334 2013 2458 2067 llam
2484 2029 2694 2068 mecum
2726 2014 2906 2067 animo
2947 2015 3279 2082 reputabam,
3304 2029 3427 2068 cum
3466 2028 3593 2067 ecce
3621 2025 3778 2069 vete-

2190 2109 2233 2162 ri
2277 2123 2485 2161 mecum
2521 2109 2762 2163 amicitia
2792 2108 3123 2176 conjunctus
3173 2107 3406 2162 doumus
3450 2109 3775 2162 Vincentius

2189 2199 2470 2263 Thuillier,
2512 2201 2727 2268 quicum
2784 2217 2934 2255 meas
2977 2199 3248 2255 sermonis
3291 2199 3465 2255 Graeci
3505 2201 3773 2254 emenda-

2190 2291 2362 2344 tiones
2404 2291 2959 2356 communicaveram,
3000 2306 3216 2353 novam,
3239 2306 3402 2361 quam
3433 2301 3543 2344 tum
3571 2291 3771 2346 virium

2187 2397 2405 2434 suarum
2430 2383 2902 2451 experiemlarum,
2933 2393 3044 2436 tum
3069 2383 3198 2436 mihi
3224 2382 3563 2452 gratificandi
3600 2398 3767 2437 causa

2188 2485 2514 2543 susceperat,
2569 2475 3073 2543 interpretationem
3115 2474 3367 2527 Latinam
3414 2482 3635 2543 tepente
3664 2475 3771 2527 ob-

2189 2569 2331 2621 tulit.
2367 2567 2638 2622 Continuo
2673 2568 2832 2622 avide
2860 2567 2988 2637 legi,
3016 2578 3230 2621 mature
3265 2567 3471 2636 singula
3510 2569 3576 2622 ad
3617 2567 3773 2623 Grae—

2186 2676 2372 2716 corum
2406 2661 2562 2714 [idem
2604 2660 2868 2729 expendi;
2919 2675 3154 2727 cmnque
3188 2662 3288 2713 tria
3327 2662 3666 2729 potissimum
3715 2665 3768 2714 in

2187 2752 2629 2821 interpretatione
2687 2750 3054 2819 requirantur,
3095 2761 3149 2802 ut
3204 2749 3378 2805 fidelis
3426 2752 3514 2812 sit,
3556 2761 3613 2805 ιιι
3651 2751 3771 2809 ele-

2186 2858 2337 2912 gans,
2375 2857 2438 2894 ac
2462 2841 2770 2909 perspicua,
2799 2854 2907 2894 non
2937 2839 3055 2891 sine
3093 2854 3284 2906 magna
3322 2839 3487 2892 animi
3529 2839 3630 2892 mei
3672 2854 3774 2894 vo-

2187 2934 2391 3002 luptate
2429 2932 2755 3001 deprehendi
2812 2929 3013 2984 nullam
3060 2944 3124 2982 ex
3161 2931 3246 2984 his
3289 2931 3508 2985 dotibus»
3540 2932 3592 2984 in
3649 2929 3772 2997 ejus

2189 3026 2480 3093 scriptione
2526 3022 2844 3078 desiderari.
2894 3021 3009 3076 Non
3040 3023 3220 3077 verbis
3274 3023 3544 3076 serviliter
3588 3025 3773 3076 adhae-

2191 3128 2290 3184 ret,
2320 3119 2411 3172 sed
2443 3133 2657 3172 sensum
2691 3115 2922 3170 fideliter
2956 3116 3234 3183 exprimit,
3269 3125 3432 3184 atque
3464 3114 3534 3168 ita
3565 3116 3770 3177 reddit.

2191 3223 2250 3266 ιιι
2276 3213 2523 3282 quamvis
2559 3212 2826 3265 interdum
2862 3211 2970 3264 alio
2999 3209 3211 3273 ordine,
3254 3226 3526 3277 nunquam
3582 3219 3767 3262 tamen

2193 3316 2282 3357 aut
2308 3305 2494 3359 saltem
2523 3318 2748 3372 perraro
2783 3303 2932 3371 plura
2965 3313 3057 3355 aut
3084 3301 3338 3369 pauciora
3369 3317 3545 3369 quam.
3566 3300 3765 3370 Orige-

2192 3416 2288 3454 nes
2318 3399 2481 3452 dicat.
2511 3397 2608 3452 Ubi
2640 3397 2849 3465 longior
2883 3404 2968 3451 est
3016 3396 3067 3448 in
3099 3393 3288 3448 Grieco
3324 3395 3600 3463 periodus,
3645 3408 3770 3447 eam

2191 3492 2242 3546 in
2269 3491 2448 3560 plures
2475 3499 2644 3553 secat,
2673 3490 2773 3542 nisi
2813 3488 3031 3545 aliunde
3063 3491 3115 3546 id
3159 3490 3274 3544 fieri
3305 3487 3590 3557 prohibeat
3637 3501 3769 3541 ora-

2193 3586 2356 3640 tionis
2377 3592 2682 3640 conncxus:
2713 3587 2858 3654 quod
2891 3601 3031 3654 saepe
3056 3585 3271 3641 accidit.
3293 3582 3601 3638 Fecundum
3621 3582 3770 3636 enim

2190 3675 2442 3748 Origenis
2485 3678 2760 3747 ingenium
2815 3677 3116 3731 sententias
3159 3676 3356 3744 passim
3392 3673 3654 3744 congerit,
3709 3683 3773 3726 ut

2191 3771 2370 3825 verbis
2421 3771 2480 3825 in
2527 3771 2759 3840 speciem
2813 3769 3243 3825 redundantibus
3289 3768 3527 3822 maxima
3585 3781 3769 3820 rerum

2191 3863 2412 3916 ubertas
2444 3865 2812 3917 contineatur.
2859 3864 3012 3929 Quod
3054 3877 3184 3916 sane
3233 3860 3651 3931 insuperabilem
3683 3859 3774 3914 in-

2192 3955 2411 4022 terpreti
2457 3954 2756 4008 Thuillerio
2788 3955 3106 4023 przebuisset
3152 3953 3541 4019 dillicultatem,
3574 3955 3617 4006 si
3660 3969 3769 4007 non

2188 4046 2369 4098 omnia
2404 4045 2620 4099 vicisset
2651 4046 2913 4112 prteclara
2949 4045 3040 4096 illa
3066 4059 3171 4112 qua
3199 4045 3454 4111 praeditus
3482 4053 3585 4106 est,
3617 4043 3774 4113 inge-

2191 4137 2262 4190 nii
2309 4139 2600 4206 sagacitas,
2641 4155 2846 4190 sumnta
2894 4140 3173 4206 utriusque
3221 4136 3414 4203 lingua:
3462 4136 3661 4190 Graeca:
3703 4153 3772 4189 ac

2189 4228 2391 4282 Latinae
2442 4229 2656 4297 peritia,
2713 4239 2767 4282 et
2797 4228 2930 4282 illud
2965 4243 3086 4298 quo.
3113 4229 3357 4292 ardebat,
3396 4228 3561 4282 veteri
3592 4227 3773 4281 amico

2188 4321 2390 4376 laboris
2412 4321 2685 4376 minuendi
2702 4321 3056 4375 desiderium.

2256 4415 2761 4482 lnterpretationem
2809 4422 3110 4480 sequuntur
3157 4421 3316 4476 notae,
3367 4427 3594 4481 quartttn
3647 4410 3772 4466 alia:

2188 4507 2463 4559 variantes
2491 4505 2748 4560 exhibent
2769 4506 3016 4558 codicum
3051 4506 3544 4574 manuscriptorum
3578 4502 3771 4558 lectio-

503 4593 852 4661 Sigismuudo
885 4597 1139 4652 Gesleuio
1168 4601 1247 4653 sic
1279 4600 1519 4668 loquitur
1551 4617 1564 4652 :
1599 4597 1731 4654 Erat
1767 4601 1819 4652 in
1859 4613 2080 4672 utroque
2114 4606 2156 4661 ι)
2189 4614 2303 4662 nes,
2343 4599 2461 4652 alia:
2501 4607 2738 4653 veterem
2774 4597 3054 4652 historiam
3102 4613 3166 4652 ac
3212 4597 3636 4666 philosophiam,
3665 4597 3770 4652 do-

502 4685 690 4738 ltorum
724 4690 952 4742 virorum
988 4709 1177 4760 magna
1211 4693 1472 4751 doctrina,
1507 4703 1560 4745 ut
1584 4693 1779 4758 scripta
1812 4695 2080 4762 utriusque

504 4784 784 4833 testantur.
812 4778 914 4832 Sed
945 4784 996 4834 in
1029 4782 1270 4838 Cea-lenio
1300 4785 1472 4854 major
1497 4786 1740 4850 quaedam
1784 4786 1973 4854 ingenii
2009 4788 2082 4839 vis

502 4876 548 4918 et
563 4867 823 4934 judicium
852 4875 1028 4924 acrius
1055 4875 1175 4942 fuit.
1210 4874 1362 4938 Quod
1396 4892 1511 4928 cum
1546 4875 1696 4927 multi
1732 4876 1976 4942 praeclari
2003 4877 2085 4930 la-

505 4961 651 5012 bores
700 4961 843 5014 illius
873 4965 973 5015 viri
1022 4975 1303 5026 testantur,
1339 4978 1450 5018 tum
1482 4969 1710 5018 maxime
1765 4968 2083 5034 interpreta-

502 5050 671 5103 tiones
720 5049 923 5105 Latina:
971 5052 1210 5122 Dionysii
1266 5055 1783 5121 llulicarnassensis,
1830 5057 2081 5125 Appiani,

505 5136 746 5192 Philonis
793 5143 911 5193 item
963 5160 1025 5195 ac
1058 5143 1294 5211 Joseplti,
1328 5147 1570 5215 Origenis
1610 5159 1655 5199 et
1694 5148 1946 5200 aliorum.
1999 5148 2086 5203 Ea:

504 5233 690 5296 quibus
739 5245 954 5300 apparet
1011 5252 1126 5287 eum
1169 5239 1440 5291 excellenti
1477 5241 1686 5307 ingenio
1730 5253 1775 5292 et
1824 5241 2084 5308 singulari

505 5324 748 5377 doctrina
775 5327 1058 5393 pra’dituin
1094 5330 1274 5396 fuisse.
1316 5333 1396 5384 Ad
1427 5346 1541 5384 rem
1583 5334 1808 5401 pr0pius
1871 5336 2082 5388 accedit

505 5418 910 5475 illustrissimus
941 5422 1169 5479 lluetins
1209 5426 1348 5480 libro
1385 5427 1458 5479 De
1495 5427 1652 5479 claris
1692 5427 2083 5495 interpretibus,

506 5523 626 5576 pag.
692 5509 820 5562 9.25.
873 5509 939 5564 In
999 5516 1060 5566 iis
1105 5532 1326 5584 quoque,
1395 5517 1589 5584 inquit,
1647 5529 1952 5569 numeratur
1993 5519 2079 5570 Si-

503 5600 814 5665 gismundus
859 5601 1148 5662 Geslenius.
1204 5607 1486 5670 llo/tentus,
1519 5626 1622 5675 quo
1673 5612 1761 5662 vix
1804 5611 2083 5679 quisquam

506 5690 742 5757 pluribus
765 5695 902 5749 hanc
931 5709 1096 5750 artem
1133 5703 1478 5754 monumentis
1506 5702 1716 5754 ditavit.
1770 5702 2005 5755 Disertus
2031 5705 2082 5756 in

507 5783 687 5846 primis
713 5783 923 5839 ltai'itus
967 5797 1042 5841 est
1069 5799 1117 5842 et
1157 5789 1402 5859 elegans:
1451 5792 1630 5845 audax
1662 5795 2082 5862 constringeudis

506 5877 746 5942 pluribus
803 5881 855 5933 in
902 5899 1061 5937 unum
1095 5883 1327 5952 periodis
1378 5885 1860 5957 reldisjungendis,
1899 5903 2079 5942 sensus

2187 4701 2366 4763 gmata
2396 4692 2692 4758 interdum,
2735 4707 2800 4746 ac
2836 4691 3072 4761 priscam
3132 4689 3387 4744 Ecclesia:
3424 4689 3769 4759 disciplinam

2187 4787 2485 4843 elttcidanl.
2551 4786 2748 4839 Harum
2802 4801 2927 4852 pars
2976 4786 3150 4854 major
3203 4785 3430 4837 debetur
3479 4782 3772 4838 Guillelmo

2190 4881 2484 4947 Spencero,
2515 4880 2605 4946 qui
2632 4894 2750 4931 cum
2785 4879 2975 4931 Graece
3008 4884 3217 4928 tantum
3262 4875 3576 4928 Graecorum
3625 4875 3768 4926 scri-

2189 4982 2403 5038 ptorum
2433 4970 2737 5022 testintonia
2771 4968 3076 5038 protulerit,
3121 4968 3467 5037 adjuuximtts
3516 4965 3769 5019 Latinam

2189 5061 2711 5131 interpretationem,
2767 5076 2835 5111 ne
2898 5059 3087 5113 Grzeee
3141 5060 3410 5128 imperitis
3472 5057 3772 5111 lectoribus

2190 5151 2489 5205 molestiam
2559 5153 2922 5213 facesserent,
2975 5152 3175 5219 quippe
3227 5151 3424 5219 quibus
3483 5156 3638 5201 antea
3698 5145 3760 5202 ad

2189 5243 2428 5312 singulos
2473 5251 2730 5296 auctores
2773 5244 2915 5296 unde
2967 5244 3055 5297 illa
3113 5245 3224 5296 loca
3261 5240 3539 5309 exscripta
3582 5249 3763 5300 erant,

2190 5335 2577 5388 recurrentium
2610 5343 2750 5399 erat,
2785 5345 2843 5388 ιιι
2875 5351 3063 5388 eorum
3103 5334 3610 5402 interpretationem
3663 5332 3765 5383 ha-

2190 5428 2399 5479 berent.
2436 5425 2703 5481 Praiterea
2727 5443 2756 5480 e
2780 5426 3040 5494 Spenceri
3078 5426 3220 5480 notis
3253 5424 3542 5477 nonnullas
3575 5421 3776 5476 recidi-

2189 5535 2328 5583 tnus,
2358 5529 2542 5588 utpote
2564 5535 2684 5590 qua:
2717 5519 3124 5573 nihildocerent
3153 5517 3306 5586 quod.
3333 5518 3384 5570 in
3419 5516 3603 5570 Huetii
3639 5514 3772 5569 Ori-

2189 5612 2424 5679 genianis
2458 5611 2627 5664 fusius
2653 5626 2756 5665 non
2785 5613 2856 5664 sit
2886 5619 3298 5678 pertractatum.
3329 5607 3572 5678 Denique
3597 5609 3772 5662 totius

2188 5706 2368 5773 operis
2423 5702 2581 5756 fronti
2637 5707 2852 5771 prmlixa
2910 5712 2996 5757 est
3035 5702 3338 5758 admonitio
3391 5717 3497 5772 qua
3545 5701 3773 5755 docetur

2189 5812 2298 5864 quo
2321 5805 2560 5864 tempore
2594 5794 2810 5857 vixerit,
2843 5812 2961 5862 qua:
2990 5794 3293 5864 scripserit,
3329 5794 3413 5847 cui
3446 5793 3609 5848 etiam
3649 5792 3771 5861 phi-

2191 5887 2534 5957 losophorum
2594 5895 2755 5941 sectte
2817 5902 2874 5941 se
2931 5886 3236 5956 adjnnxcrit
3293 5885 3482 5940 Celsus
3544 5884 3767 5954 quicum
