3992 6528
247 469 307 521 ιθ
1655 446 2050 504 PREFATIO.
3424 430 3495 487 30

244 583 451 651 Drigeni
476 596 562 634 res
590 588 706 643 est;
734 592 845 646 quo
884 586 1126 646 tempore
1157 575 1589 631 adversusillum
1622 571 1811 641 scripti
1843 573 1889 627 Δ
1916 569 1971 624 in
2006 587 2062 625 re
2087 570 2311 625 multum
2345 571 2394 625 el
2427 569 2633 641 profuit
2659 564 2889 622 Joannis
2926 562 3042 617 Picl
3086 556 3490 651 interpretatio,

240 680 337 731 sint
381 684 509 727 octo
554 671 808 741 Origenis
851 669 1016 734 libri;
1058 670 1279 739 quantis
1322 669 1572 722 laudibus
1616 667 1814 721 eximia

238 771 314 825 llla
352 768 684 823 Christiana:
705 763 985 831 religionis
1012 762 1272 833 Apologia
1302 770 1359 816 et
1393 778 1424 815 a
1458 762 1737 816 veteribus
1762 769 1817 815 et

239 879 265 916 ι
300 857 703 915 recentioribus
726 863 1047 910 exornetur.

234 1019 305 1072 De
330 1015 617 1081 suppositis
643 1011 863 1081 Origeui
887 1011 1151 1081 operibus,
1182 1027 1243 1063 ac
1274 1012 1500 1081 primum
1531 1011 1595 1063 de
1630 1008 1818 1063 Dialo-

299 1106 365 1155 go
391 1079 579 1139 contra
599 1079 974 1146 Marcionitas,
996 1096 1085 1134 seu
1103 1079 1179 1134 De
1202 1090 1342 1134 recta
1360 1082 1414 1133 in
1438 1080 1602 1135 Deum
1622 1081 1745 1150 ﬁde.

296 1219 585 1275 Genuinas
611 1216 864 1288 Origenis
902 1215 1227 1284 scriptiones
1268 1224 1572 1285 sequuntur
1614 1214 1822 1283 aliquot

226 1314 455 1383 spuria,
488 1310 734 1377 dialogus
790 1308 1046 1361 nimirutn
1081 1308 1155 1360 b’e
1206 1318 1348 1360 recta
1398 1309 1449 1360 in
1485 1306 1649 1360 Deum
1691 1306 1819 1371 ﬁde,

228 1402 334 1464 vel,
368 1411 429 1454 ut
477 1401 532 1454 in
580 1398 703 1452 aliis
747 1396 1156 1465 exetnplaribus
1201 1396 1424 1466 legitur,
1455 1406 1640 1450 contra
1673 1394 1822 1449 Maro

226 1497 494 1556 cionttas;
531 1501 586 1547 et
625 1491 1147 1558 Φιλοσοφούμενα,
1176 1504 1271 1544 seu
1325 1489 1463 1541 liber
1511 1488 1584 1541 De
1613 1486 1820 1556 placitis

223 1586 694 1655 philosophorum.
746 1581 1025 1648 Dialogum
1079 1580 1290 1649 primus
1337 1578 1580 1634 omnium
1634 1578 1823 1634 Grmce

225 1677 393 1729 simul
423 1684 480 1729 et
523 1673 715 1728 Latine
747 1674 799 1727 in
828 1673 1005 1727 lucem
1044 1673 1216 1727 edidit
1246 1672 1471 1726 Basilea:
1503 1686 1647 1725 anno
1685 1671 1822 1726 1676

222 1768 473 1826 Joannes
499 1768 813 1836 Rodolphus
862 1764 1228 1829 Wetstenius,
1275 1767 1367 1835 qui
1411 1766 1463 1819 in
1499 1762 1821 1833 przefatione

226 1863 295 1915 ad
326 1862 598 1916 lectorem
632 1859 814 1914 omnia
846 1867 1025 1914 movet
1053 1868 1373 1927 argumenta
1402 1867 1464 1911 ut
1492 1858 1669 1927 ipsum
1700 1854 1823 1911 Ori—

1924 662 2093 716 multo
2124 661 2401 716 astrictior
2426 659 2603 714 verbis
2631 655 2839 711 Graecis
2859 662 2913 708 et
2944 651 3128 706 multis
3152 650 3207 703 in
3237 648 3374 703 locis
3405 645 3494 699 lu-

1918 754 2205 808 culentior.
2227 753 2336 808 Nos
2365 752 2550 807 multis
2589 752 2643 804 in
2673 749 2810 803 locis
2852 744 3177 814 castigatam
3210 740 3498 795 secutise-

1919 863 2039 901 mus
2061 846 2462 906 Perionianam,
2497 844 2695 912 quippe
2720 856 2840 910 qute
2874 838 3090 893 caneris
3114 837 3329 891 duabus
3378 836 3491 888 visa

1917 942 1990 993 sit
2013 940 2213 994 clarior
2241 949 2295 994 et
2316 937 2636 1005 elegantior.
2681 931 2964 987 Wetstenii
3029 940 3185 983 notas
3220 929 3287 983 ad
3313 938 3496 983 estre—

1921 1049 2037 1087 tnas
2064 1034 2285 1103 paginas
2314 1030 2694 1100 opposuimus.
2723 1025 2952 1095 demptis
2977 1022 3139 1077 modo
3162 1022 3228 1074 iis
3253 1034 3375 1089 qua!
3404 1028 3497 1070 aut

1920 1125 2058 1181 nihil
2084 1124 2369 1179 continent
2402 1138 2563 1192 quam
2590 1118 2733 1190 quod
2774 1117 2881 1183 iam
2916 1131 2946 1169 a
2985 1113 3261 1184 Spencero
3306 1112 3372 1165 ad
3426 1110 3495 1163 li-

1921 1218 2053 1273 bros
2095 1227 2279 1272 contra
2306 1214 2520 1268 Celsum
2556 1213 2733 1267 fuerat
2760 1210 3136 1267 observatum,
3180 1215 3273 1259 aut
3306 1204 3500 1258 catho-

1921 1310 2040 1364 lica:
2072 1309 2194 1362 fidei
2245 1308 2487 1375 apertius
2531 1305 2909 1365 adversantur,
2954 1309 3007 1356 et
3048 1300 3103 1353 in
3154 1296 3495 1366 Origenianis

1923 1400 2100 1455 lluetii
2128 1401 2421 1455 confutata:
2457 1407 2607 1453 sunt.

2427 1491 2499 1544 De
2522 1488 2902 1555 Pltilosoplticis

1994 1583 2489 1652 Φιλοσοφούμενα
2528 1596 2621 1634 seu
2680 1579 2875 1633 librum
2930 1576 3003 1630 De
3037 1574 3243 1642 placitis
3276 1573 3499 1641 philoso-

1927 1678 2149 1744 phorum
2205 1674 2418 1743 primus
2446 1672 2635 1728 Graece
2666 1686 2730 1726 ac
2776 1670 2971 1725 Latine
2999 1683 3030 1722 e
3059 1668 3253 1722 codice
3302 1665 3499 1720 biblioo

1928 1769 2099 1821 tbecai
2132 1766 2387 1819 Mcdiceze
2448 1764 2500 1817 in
2535 1764 2713 1817 lucem
2769 1762 2941 1816 edidit
2991 1760 3246 1828 notisque
3294 1758 3502 1827 aliquot

1929 1859 2221 1913 illustravit
2268 1860 2352 1911 vir
2408 1856 2747 1911 clarissimus
2791 1853 3030 1909 Jacobus
3079 1851 3389 1907 Gronovius
3444 1850 3498 1903 in

222 1954 350 2025 geni
388 1961 626 2013 asserat,
658 1950 753 2005 sed
781 1950 937 2005 irrito
968 1965 1197 2019 prorsus
1234 1958 1461 2014 conatu,
1497 1959 1556 2002 ut
1584 1957 1732 2017 patet
1752 1963 1820 2003 ex
1854 1934 1894 1987 Β
1929 1950 2191 2007 Tliesaur.
2224 1949 2478 2017 antiquit.
2516 1959 2647 2002 tom.
2678 1946 2748 2011 Χ,
2781 1948 2871 2001 ubi
2925 1946 3068 2001 bnnc
3118 1944 3358 2000 libellum
3404 1957 3500 2012 ge—

225 2046 444 2099 monito
472 2045 619 2111 quod
654 2044 706 2098 in
763 2043 921 2110 bujus
954 2041 1199 2111 opusculi
1243 2042 1419 2096 fronte
1462 2040 1816 2111 przeliximus,

223 2139 319 2191 tibi
347 2140 402 2190 id
434 2154 602 2191 unum
631 2136 938 2201 omisimus,
976 2150 1172 2203 nempe
1197 2135 1396 2207 stylum
1429 2144 1541 2188 toto
1588 2133 1728 2190 calo
1752 2133 1819 2187 ab

226 2228 573 2299 Origeniano
620 2226 862 2292 differre,
912 2236 964 2281 et
1003 2226 1308 2280 innumeris
1349 2234 1561 2280 scatere
1595 2225 1820 2279 vocibus

226 2318 466 2382 ενι-είς,
496 2334 636 2387 quas
671 2318 871 2371 frustra
894 2319 946 2370 in
970 2318 1089 2370 aliis
1109 2315 1358 2385 Origeuis
1387 2316 1644 2383 Operibus
1672 2313 1820 2369 Grie-

228 2414 309 2464 cis
336 2411 649 2479 quresieris,
695 2426 926 2481 quaeque
964 2409 1214 2466 Graecum
1267 2408 1540 2463 hominem
1586 2406 1820 2477 Origene

230 2502 393 2569 longe
428 2503 794 2556 recentiorem
839 2502 1074 2571 sapiunt.
1107 2500 1184 2553 Es
1222 2500 1382 2554 unico
1407 2500 1597 2555 codice
1626 2512 1819 2552 mauu-

236 2593 442 2658 scripto
475 2591 625 2645 hunc
670 2590 914 2645 libellum
968 2589 1156 2645 Graece
1211 2589 1384 2643 edidit
1451 2585 1816 2653 Wetstenius,

235 2698 327 2736 nos
354 2683 425 2735 ad
459 2693 700 2752 quatuor
742 2684 974 2737 aliorum
1016 2682 1176 2736 ﬁdem
1225 2680 1616 2743 recensuimus,
1645 2678 1821 2732 varia-

234 2787 334 2841 que
352 2774 728 2841 espunsimus
761 2772 979 2838 menda,
1015 2774 1212 2842 quibus
1265 2766 1673 2823 Wetstenianus
1720 2783 1818 2823 co-

233 2865 333 2914 dex
356 2870 479 2915 erat
503 2861 761 2916 foedatus.
784 2862 929 2915 Ante
962 2858 1253 2916 Wetstenii
1293 2860 1584 2916 editionem
1606 2860 1822 2916 (ἔκπεσε

236 2954 506 3017 Latinam,
540 2964 651 3009 tres
680 2956 800 3011 alia:
840 2958 893 3009 in
920 2955 1093 3011 lucem
1122 2955 1465 3025 prodierant.
1494 2954 1587 3009 sed
1619 2954 1822 3009 Latina:

236 3056 466 3101 tantum.
499 3046 686 3100 Prima
714 3047 817 3101 fuit
860 3047 995 3112 l‘ici,
1032 3048 1304 3102 senatoris
1336 3046 1661 3101 Parisiensis
1709 3047 1811 3101 do-

231 3139 485 3204 ctissiini,
520 3154 687 3209 quam
726 3138 963 3193 Henrico
992 3136 1054 3205 ll,
1089 3138 1387 3194 Galliarum
1428 3139 1566 3207 regi,
1619 3139 1819 3194 obtulit

235 3248 374 3285 anno
425 3232 592 3295 1555,
652 3234 903 3304 quamvis
933 3234 1189 3290 editionis
1244 3230 1432 3287 titulus
1479 3248 1678 3286 annum
1730 3246 1821 3287 se-

233 3334 491 3390 quentem
538 3322 679 3377 1556
725 3338 835 3391 pra:
873 3339 932 3378 se
959 3324 1123 3380 ferat.
1164 3323 1367 3378 Eodem
1400 3334 1644 3394 tempore
1669 3322 1823 3379 Basi-

234 3411 328 3466 lem
363 3411 699 3468 Laurentius
725 3413 1127 3484 llumphredus,
1151 3414 1380 3485 Anglus,
1402 3414 1630 3469 alteram
1664 3417 1826 3471 ador-

235 3504 401 3559 nabat
424 3506 567 3575 apud
597 3504 991 3577 Hieronymum
1034 3506 1365 3561 Frobenium
1384 3549 1399 3573 ,
1428 3518 1485 3561 ut
1516 3507 1628 3563 haec
1655 3507 1824 3579 ipsius

234 3596 402 3650 verba
417 3596 647 3652 docent:
672 3594 873 3651 Contra
897 3596 1272 3652 Marcionistas
1290 3598 1535 3670 Dialogos
1557 3600 1688 3654 duos
1706 3611 1825 3654 ante

233 3688 612 3756 sesquiannum
647 3706 712 3744 ea:
764 3687 1097 3743 Frobeniana
1151 3692 1329 3745 codice
1379 3694 1743 3761 manttseripto
1797 3710 1825 3747 e

232 3775 420 3833 Cra'co
447 3783 688 3847 traduxi,
719 3798 951 3846 sensum,
981 3799 1083 3835 non
1108 3783 1265 3835 verba
1283 3783 1531 3847 reddens,
1558 3793 1606 3836 et
1632 3799 1826 3853 appen—

231 3871 357 3926 ἄρηι
385 3874 565 3940 potius
619 3891 777 3943 quam
806 3890 1088 3928 numerans
1112 3891 1131 3929 :
1156 3875 1346 3945 ubique
1375 3891 1581 3939 cavens,
1608 3892 1670 3929 ne
1692 3877 1824 3946 quid

234 3960 413 4017 Grece
469 3967 702 4032 positum
734 3967 978 4020 vertendo
1016 3977 1340 4021 everteretur
1383 3977 1433 4021 et
1467 3970 1820 4022 intercideret.

234 4056 355 4111 Hzec
385 4058 481 4111 ille
508 4074 657 4111 anno
699 4059 859 4123 l557,
884 4060 1118 4129 Augusti
1146 4060 1233 4114 die
1262 4067 1441 4115 sexta.
1476 4060 1605 4129 Ejus
1640 4073 1821 4116 autem

232 4149 618 4217 interpretatio
640 4149 901 4218 aperibus
929 4149 1184 4220 Origenis
1231 4165 1377 4204 anno
1422 4152 1554 4205 l57l
1597 4152 1823 4207 Basileze

230 4242 392 4295 editis
409 4241 621 4309 adjecta
640 4251 746 4295 est.
763 4240 1008 4295 Tertiam
1029 4239 1263 4295 confecit
1282 4240 1599 4297 Joacltimus
1633 4243 1789 4297 Perio
1803 4274 1819 4283 -

233 4333 380 4395 nius,
403 4332 792 4386 Bcnedictinus
810 4331 1286 4397 Cormeriacenus,
1305 4349 1465 4402 quam
1511 4350 1655 4387 anno
1685 4334 1821 4389 1574

234 4421 574 4476 Gilbertinus
601 4420 987 4477 Genebrardus
1023 4422 1199 4491 primo
1238 4422 1497 4477 editionis
1521 4438 1633 4477 sna:
1674 4433 1819 4479 tomo

235 4512 484 4568 inseruit.
523 4514 661 4569 Tres
692 4515 779 4569 isti
814 4515 1142 4582 interpretes
1168 4514 1251 4569 usi
1280 4523 1410 4568 sunt
1430 4513 1639 4570 Graecis
1667 4516 1817 4570 codi-

1928 2044 2149 2096 nuinum
2169 2040 2430 2111 Origenis
2455 2053 2580 2094 esse
2603 2038 2766 2092 fetum
2797 2045 3127 2108 propugnat,
3150 2036 3244 2091 sed
3270 2034 3503 2089 infirmis

1926 2137 2067 2189 adeo
2115 2134 2499 2205 argumentis,
2554 2143 2612 2186 ut
2644 2142 2797 2186 tanto
2834 2131 2952 2185 viro
3004 2130 3222 2199 indigna
3280 2144 3503 2197 prorsus

1928 2228 2171 2283 Joannes
2215 2226 2648 2296 Christopborns
2684 2222 2915 2280 Wolﬁus
2938 2224 3063 2293 jure
3090 2226 3285 2277 merito
3312 2221 3503 2276 existi-

1928 2318 2179 2373 ntaveril.
2214 2316 2459 2371 Primum
2501 2316 2626 2371 inde
2661 2317 2795 2385 petit
2846 2317 2989 2386 quod
3020 2314 3271 2383 Origeuis
3302 2328 3499 2367 nomen

1931 2425 2041 2477 prae
2080 2424 2139 2463 se
2173 2407 2280 2462 fert
2318 2408 2727 2478 maiiuscriptus
2757 2406 2928 2461 t-odes
2960 2406 3252 2468 Medieeus,
3283 2421 3313 2458 a
3347 2404 3503 2472 cujus

1928 2503 2262 2555 auctoritate
2284 2541 2299 2563 ,
2330 2499 2543 2569 inquit,
2578 2517 2683 2555 non
2741 2510 2946 2556 temere
2982 2509 3068 2555 est
3114 2498 3499 2576 recedendum.

1927 2594 2035 2649 Sed
2067 2594 2191 2664 quis
2214 2596 2415 2659 nescit,
2446 2595 2661 2665 reponit
2684 2576 2939 2659 Wolfius,
2977 2593 3109 2648 illud
3135 2593 3339 2647 fraudis
3368 2592 3505 2647 fuci-

1927 2700 2033 2755 que
2059 2701 2231 2757 genus
2255 2686 2387 2742 olim
2420 2686 2911 2741 familiarissimum
2955 2685 3123 2741 fuisse
3154 2684 3416 2747 librariis,
3442 2694 3504 2737 ut

1929 2778 2130 2833 librum
2160 2778 2454 2846 quemdam
2507 2778 2597 2833 illo
2632 2777 2999 2832 inscriberent
3037 2776 3256 2830 nomine
3284 2816 3299 2841 ,
3347 2775 3501 2841 cujm

1930 2870 2217 2938 splendore
2241 2871 2339 2940 ipsi
2373 2870 2525 2940 operi
2552 2869 2720 2925 decus
2754 2878 2807 2922 et
2838 2868 3077 2936 pretium
3092 2868 3505 2921 conciliaretur?

1929 2956 2225 3027 Speciatim
2257 2967 2495 3022 constat,
2532 2957 2634 3014 sub
2661 2956 2914 3025 Origenis
2946 2957 3166 3009 nomine
3198 2965 3272 3010 tot
3304 2971 3502 3024 suppe-

1928 3049 2028 3103 sita
2063 3048 2271 3118 scripta
2305 3047 2676 3113 circumferri,
2714 3055 2771 3101 ut
2798 3046 3023 3101 lluctius
3054 3045 3497 3115 Origenianorum

1928 3141 2067 3196 libro
2087 3140 2270 3207 tertio,
2300 3140 2566 3211 peculiari
2598 3142 2863 3205 sectione,
2893 3156 2997 3194 non
3029 3140 3295 3194 modicam
3313 3154 3501 3194 eorum

1929 3234 2139 3303 copiam
2192 3232 2247 3287 in
2285 3234 2524 3287 medium
2579 3232 2781 3288 afferre
2828 3232 3103 3305 potuerit.
3128 3231 3307 3300 Atque
3343 3229 3504 3299 bujns

1927 3326 2149 3395 quidem
2186 3325 2261 3381 rei
2290 3326 2425 3379 ratio
2454 3326 2505 3379 in
2533 3335 2781 3394 promptu
2813 3333 2916 3379 est.
2953 3324 3026 3379 Ea
3055 3325 3199 3378 enim
3228 3322 3330 3377 fuit
3353 3332 3503 3378 vete-

1932 3434 2049 3471 rum
2084 3418 2150 3472 de
2190 3418 2499 3473 eruditione
2528 3417 2782 3486 Origenis
2816 3418 3121 3487 persuasio,
3178 3426 3235 3471 ut
3266 3416 3503 3470 librariis

1931 3509 2078 3563 nulla
2110 3509 2390 3563 dubitandi
2416 3526 2577 3565 causa
2612 3509 2776 3574 foret,
2814 3510 2951 3578 quin
2985 3509 3107 3563 libri
3134 3508 3256 3578 ejus
3284 3508 3504 3561 nomine

1930 3602 2177 3671 inscripti
2230 3600 2419 3656 faciles
2456 3612 2731 3670 emptores
2780 3601 3112 3657 invenirent.
3146 3599 3223 3654 Ex
3254 3614 3362 3668 quo
3388 3598 3499 3654 elllo

1928 3691 2072 3745 citur
2109 3692 2209 3746 boc
2259 3692 2479 3761 quidem
2524 3689 2785 3745 Gronovii
2834 3707 2931 3761 pro
2966 3688 3131 3745 libelli
3174 3689 3502 3744 auctoritate

1929 3792 2312 3851 argumentum
2347 3784 2521 3852 parvi,
2556 3793 2652 3837 aut
2694 3782 2892 3837 nullius
2916 3797 3043 3838 esse
3083 3780 3373 3845 momenti,
3400 3779 3502 3833 nisi

1926 3876 2048 3930 alite
2081 3876 2302 3945 majoris
2356 3876 2611 3944 ponderis
2647 3875 2890 3930 rationes
2945 3874 3301 3929 accesserint.
3352 3872 3502 3928 Alte-

1929 3982 2046 4020 rum
2079 3964 2335 4022 Gronovii
2362 3976 2739 4036 argumentum
2772 3980 2927 4034 teque
2956 3964 3227 4018 infirmum
3260 3962 3499 4024 videtur,

1925 4061 2122 4129 quippe
2145 4058 2488 4127 desumptttm
2508 4074 2536 4110 a
2565 4056 3148 4126 manuscripticodicis
3167 4054 3499 4109 conditione.

1925 4151 2027 4207 Ille
2053 4154 2215 4214 enim,
2250 4151 2452 4221 inquit,
2482 4151 2605 4205 licet
2656 4150 2728 4203 sit
2758 4150 3093 4214 cliartaceus,
3145 4147 3301 4218 plane
3327 4157 3502 4198 tamen

1925 4264 2056 4300 auro
2090 4248 2432 4318 undequaque
2469 4247 2773 4315 pretiosior,
2806 4246 2997 4313 quippe
3053 4242 3275 4304 unicus,
3313 4241 3367 4294 in
3400 4255 3502 4303 quo

1922 4338 2404 4390 emendatissimum
2450 4346 2527 4390 est
2559 4334 2779 4389 Arriani
2803 4333 3150 4396 Ἀναᾶάσεως
3211 4329 3503 4385 Alexandri

1926 4429 2110 4499 Magni
2138 4430 2408 4498 exemplar
2437 4429 2617 4482 cadent
2652 4444 2814 4480 manu
2840 4428 3115 4494 scriptum,
3147 4436 3195 4478 et
3236 4422 3373 4477 unde
3408 4437 3501 4473 nos

1922 4524 2044 4576 olim
2071 4522 2275 4591 egregia
2322 4520 2417 4573 illa
2461 4520 2575 4590 ejus
2618 4518 2890 4585 scriptoris
2940 4516 3303 4585 supplementa
3335 4512 3501 4566 edidi-

234 4608 382 4662 eibus
413 4606 571 4660 valde
628 4607 893 4672 diversis;
951 4605 1361 4671 Ilumpltredum
1420 4617 1607 4662 autem
1654 4624 1812 4662 nsum

1925 4632 2060 4677 mus,
2085 4614 2168 4667 cui
2198 4613 2367 4667 simile
2400 4622 2448 4665 et
2479 4628 2577 4680 par
2598 4621 2866 4679 propterea
2890 4619 3059 4661 exstat
3092 4606 3318 4659 nullum.
3349 4601 3497 4657 Prte-

234 4713 351 4753 esse
378 4699 685 4755 sinceriore
718 4708 880 4769 atque
911 4698 1164 4753 uberiore
1195 4699 1497 4768 exemplari
1525 4714 1687 4766 quam
1719 4707 1816 4752 aut

233 4791 413 4843 Picum
448 4801 544 4844 aut
582 4790 921 4853 Perioninm,
960 4790 1135 4846 cuivis
1172 4806 1236 4845 es
1270 4791 1684 4859 comparatione
1715 4807 1812 4860 pa-

234 4891 327 4945 tet,
370 4885 535 4953 idque
584 4883 695 4953 jam
731 4884 1077 4939 observatum
1125 4893 1209 4938 est
1245 4884 1313 4938 ab
1351 4884 1565 4937 Andrea
1616 4882 1816 4938 Riveto

232 4972 408 5028 Critic.
435 4992 579 5031 sacr.
616 4975 709 5028 lib.
747 4991 808 5039 tt,
841 4991 958 5045 Cap.
987 4977 1073 5038 15,
1106 4984 1161 5029 et
1181 4975 1429 5043 Philippo
1467 4974 1685 5029 Labbeo
1732 4974 1812 5029 De

234 5068 407 5131 script.
440 5067 569 5122 eccl.
606 5078 737 5123 tom.
767 5068 829 5133 ll,
866 5084 989 5139 pag.
1023 5067 1146 5121 145.
1195 5066 1581 5122 Verumtamen
1607 5065 1808 5121 Joanni

235 5159 512 5230 Rodolpho
543 5159 852 5217 Wetstenio
933 5161 1216 5215 videbatur
1252 5159 1635 5226 llumpbrcdns
1668 5175 1811 5229 saepe

235 5255 623 5322 paraplirasten
660 5254 841 5319 potius
870 5268 1030 5323 agere
1070 5267 1229 5322 quant
1264 5251 1643 5320 interpretem,
1712 5268 1811 5307 nec

234 5360 351 5399 raro
395 5346 703 5401 inseruisse
749 5346 1022 5413 qumdam,
1054 5356 1113 5398 ut
1152 5343 1477 5399 sententiam
1508 5346 1809 5413 quomodo-

230 5452 434 5506 cunque
472 5449 884 5507 assequeretur.
915 5436 1277 5503 Quamobrem
1314 5452 1440 5489 cum
1485 5436 1658 5489 fusior
1698 5433 1809 5503 ple-

234 5544 453 5599 rumque
484 5531 557 5585 sit
578 5531 701 5599 ejus
729 5530 1110 5599 interpretatio
1137 5544 1299 5599 quam
1328 5538 1386 5581 ut
1409 5528 1602 5583 Graeco
1625 5542 1810 5582 exem-

235 5622 359 5688 plari
399 5625 793 5694 :equiparetur,
847 5634 1073 5677 coaetus
1111 5635 1199 5678 est
1244 5621 1585 5679 Wctstenius
1661 5621 1807 5675 illam

235 5718 629 5788 constringere,
662 5734 729 5770 ac
765 5717 897 5769 locis
927 5717 1177 5786 plurimis
1203 5719 1366 5771 aliain
1405 5731 1671 5787 pangere;
1708 5733 1811 5786 qua

1924 4714 2067 4757 terea
2103 4703 2147 4756 is
2179 4702 2288 4770 ipse
2334 4701 2499 4753 codex
2530 4707 2627 4761 est,
2655 4698 2709 4749 in
2739 4714 2841 4765 quo
2892 4693 3161 4748 Hieroclis
3215 4693 3283 4744 ad
3334 4705 3499 4742 aurea

1926 4795 2243 4866 Pythagora:
2274 4792 2509 4846 carmina
2538 4789 2927 4844 eruditissimus
2958 4782 3371 4839 commentarius
3392 4791 3501 4834 tam

1921 4888 2121 4955 integer
2152 4895 2197 4937 et
2227 4883 2513 4938 inviolatus
2544 4882 2840 4944 exhibetur,
2868 4890 2923 4932 ut
2956 4895 3059 4932 non
3106 4876 3327 4930 aliunde
3354 4890 3503 4943 a'que

1922 4995 1982 5030 ac
1998 4993 2062 5030 ea:
2092 4977 2200 5044 ipso
2231 4975 2488 5029 columine
2511 4973 2690 5042 colligi
2718 4972 2910 5040 possit,
2941 4985 3100 5039 quam
3129 4966 3501 5022 maculosico-

1919 5070 2063 5122 dices
2090 5069 2155 5120 ab
2186 5065 2537 5136 typographis
2568 5062 2765 5117 nostris
2816 5063 2885 5113 ad
2947 5056 3359 5127 multiplicando
3388 5056 3501 5120 ejus

1918 5160 2241 5226 exemplaria
2280 5158 2518 5225 usurpati
2550 5155 2775 5223 fuerint,
2804 5161 2861 5206 ut
2910 5153 3137 5218 scriptor
3188 5148 3304 5218 ejus
3340 5146 3501 5215 fuerit

1916 5256 2131 5308 omnino
2166 5254 2245 5306 uir
2277 5260 2326 5304 et
2373 5251 2484 5318 ipsc
2523 5248 2860 5300 doctissimus
2889 5253 2940 5297 et
2972 5244 3063 5310 qui
3093 5238 3402 5311 ﬁdelissima
3430 5239 3499 5289 ad

1917 5346 2285 5401 bibliothecam
2311 5360 2462 5396 suam
2512 5340 2838 5408 exemplaria
2869 5333 3278 5417 conquisiverit:
3308 5330 3499 5400 quibus

1912 5449 2237 5505 postremum
2265 5434 2458 5503 adjecit
2512 5434 2610 5485 hoc
2639 5428 2883 5493 Origenis
2938 5426 3293 5495 fragmentum
3318 5460 3334 5484 ,
3360 5421 3499 5487 quod

1914 5529 2122 5581 nomine
2150 5525 2275 5595 falsi
2310 5534 2357 5578 et
2388 5523 2559 5593 spurii
2589 5521 2820 5590 deferre,
2847 5527 2896 5572 et
2927 5518 3050 5571 hinc
3077 5519 3209 5570 adeo
3238 5513 3502 5566 eruditam

1920 5637 2135 5676 manuni
2165 5635 2260 5686 pro
2292 5616 2390 5671 leui
2417 5615 2695 5669 traducere
2720 5629 2825 5665 non
2851 5620 2924 5664 est
2972 5609 3194 5663 alterius
3246 5604 3499 5667 hominis,

1920 5728 2077 5782 quam
2108 5709 2200 5772 qui
2238 5708 2435 5777 optima
2491 5705 2698 5775 egregia
2744 5714 2992 5772 tanquam
3035 5714 3203 5767 nugas
3284 5694 3493 5763 aspicit.

292 5816 359 5886 ἕξ)
387 5824 711 5886 W’“
740 5810 976 5886 libmiel‘
1002 5814 1174 5886 mine".
1214 5814 1262 5862 ¹¹¹
1302 5812 1602 5886 ¹¹¹⁰¹¹Ξξ¹θτ¹9
1630 5811 1804 5861 “mus
1850 5809 2003 5860 “"05
2024 5811 2300 5886 “‘5‘me
2314 5799 2952 5886 inleg’ipﬂ'ﬂiﬂljdﬁ
2974 5789 3503 5886 Emy.iierl..oiﬁlﬂ

241 5854 367 5941 [εἰῇ.
393 5854 711 5935 iﬁsﬂiﬁ'ﬁ
739 5854 2245 5941 illiigbiigéﬁiEBgiﬁni';j"fiib}iaiﬁ3is;cI'Qtiﬁpdsiinm,
2278 5854 2482 5915 edemus
2506 5854 2868 5923 in'Appendice
2895 5863 2953 5911 ad
2974 5859 3210 5908 saculum
3254 5869 3343 5912 ut,
3366 5854 3502 5902 inte:

240 5935 534 5987 Collerlanea
558 5944 777 5987 ceterum
798 5935 1149 5988 haereticorum.
1185 5939 1317 5988 Enl‘l’.
1348 5935 1494 5986 Pus.
