3992 6598
483 489 550 546 5!
1906 494 2273 552 PREFATIO
2283 535 2295 547 .
3673 499 3746 555 ζ’ιὲ

485 609 696 682 Nempe
725 615 906 668 omnis
961 613 1154 668 isthmc
1185 613 1447 668 Grouovii
1505 619 1906 686 argumentatio
1960 617 2064 673 huc
2091 622 2139 681 Α
2165 619 2358 675 eadem
2385 619 2787 691 significatione
2819 631 3134 692 usurpatur.
3170 623 3335 678 lidem
3373 623 3744 695 Iexieographi

488 707 633 758 redit
666 716 724 758 ut
753 720 820 759 cx
851 706 1103 761 codicum
1139 705 1370 760 aliorum
1405 707 1532 761 huic
1566 707 1824 763 similium
1859 709 2063 780 inopia,

485 812 554 852 ex
586 798 876 868 singulari,
903 814 1010 868 qua
1038 798 1338 853 Mediceum
1370 802 1651 872 exemplar
1672 813 1956 858 exaratum
1982 813 2067 860 est

487 889 770 958 diligentia
801 899 856 944 et
887 891 1198 946 eruditione
1253 892 1463 948 librarii
1501 895 1739 960 evincat,
1796 897 1898 952 hoc
1930 912 2067 967 opus

487 994 828 1052 praepostere
885 982 1097 1047 νοθείας
1119 985 1391 1043 accusari.
1423 985 1622 1042 Verum
1671 1003 1776 1043 non
1808 997 1957 1042 tanta
1982 999 2069 1042 est

488 1075 738 1129 codicum
767 1075 896 1130 huic
927 1077 1188 1132 similium
1221 1078 1455 1145 raritas,
1511 1088 1768 1148 quantam
1815 1095 1938 1136 esse
1963 1082 2065 1136 sibi

491 1166 669 1228 finxit,
703 1182 828 1220 cum
880 1176 995 1222 tres
1032 1169 1122 1223 alii
1179 1167 1345 1238 hujus
1396 1171 1579 1239 operis
1606 1181 1822 1226 exSIeut
1851 1172 2068 1227 codices

489 1259 876 1328 manuscripti,
907 1261 1015 1315 duo
1047 1260 1234 1315 Romae
1258 1301 1274 1328 ,
1315 1273 1371 1316 et
1411 1261 1547 1316 alter
1580 1262 1829 1318 Taurini.
1863 1264 2069 1321 Deinde

486 1351 760 1420 quodnam
792 1352 896 1407 hoc
925 1360 1010 1408 est
1043 1355 1454 1424 argumentandi
1491 1371 1664 1423 genus
1713 1375 1726 1411 :
1766 1356 1963 1423 Rarus,
2012 1366 2070 1413 et

488 1443 609 1498 fere
637 1444 829 1499 unicus
859 1453 943 1499 est
975 1447 1147 1500 codex
1196 1446 1289 1517 qui
1321 1446 1578 1517 Origenis
1610 1464 1810 1503 nomen
1850 1466 1968 1520 pra:
2012 1465 2071 1506 se

490 1537 625 1596 fert;
653 1551 781 1607 ergo
804 1536 1023 1608 Origeni
1058 1539 1438 1608 supposititius
1476 1557 1580 1595 non
1612 1540 1742 1594 est?
1772 1541 1955 1596 Risum
1991 1552 2071 1596 te-

491 1629 689 1688 neatis.
723 1630 902 1683 amici.
943 1629 1088 1684 Idem
1143 1631 1454 1696 dicendum,
1489 1633 1662 1702 inquit
1691 1632 1944 1697 Wolﬁus,
2004 1636 2072 1691 de

488 1719 755 1788 singulari
806 1735 967 1788 quam
1020 1722 1307 1791 prtedicat,
1345 1724 1703 1794 descriptoris
1741 1725 2069 1780 eruditione.

487 1809 630 1875 Quid
662 1810 806 1864 enim
833 1812 948 1867 haec
977 1814 1042 1867 ad
1075 1830 1189 1868 rem
1225 1814 1397 1870 facit?
1422 1816 1749 1885 Largiamur
1771 1832 2071 1872 amanuen-

488 1917 604 1956 sem
647 1904 796 1958 illum
828 1903 1002 1961 fuisse
1027 1908 1463 1963 eruditissimum
1495 1919 1546 1964 et
1580 1909 1661 1963 vel
1684 1925 1808 1963 cum
1835 1910 2071 1965 Aristar-

486 1995 596 2048 cho
620 1996 1045 2063 conferendum;
1081 1999 1202 2069 quis
1227 1999 1530 2069 praestabit,
1554 2000 1805 2055 eumdem
1840 2014 2068 2055 examen

490 2086 613 2141 libri
649 2087 977 2153 instituisse,
1016 2105 1116 2145 nec
1147 2091 1329 2160 potius
1359 2093 1482 2146 data
1515 2106 1680 2161 opera
1727 2093 2068 2161 neglexisse,

491 2178 575 2232 vel
608 2180 652 2233 si
692 2180 936 2234 fraudem
963 2182 1411 2237 animadverterit
1447 2222 1463 2249 ,
1491 2182 1616 2238 aliis
1647 2183 1926 2254 imponere
1970 2197 2069 2238 uo-

491 2271 682 2334 luisse,
707 2290 814 2344 quo
837 2275 1020 2330 carius
1045 2291 1174 2330 suas
1200 2290 1414 2331 merces
1439 2275 1835 2340 venderet,aut
1857 2291 1979 2332 cum
2004 2277 2072 2332 de

491 2364 638 2420 illius
669 2366 918 2434 opusculi
973 2369 1315 2437 possessione
1366 2369 1467 2423 sibi
1501 2369 1890 2439 gratularetur,
1927 2383 2071 2440 prae-

490 2467 772 2528 concepta:
809 2464 875 2514 de
925 2457 1166 2529 Origene
1195 2471 1423 2515 auctore
1473 2476 1582 2515 non
1613 2460 1837 2515 nimium
1891 2458 2070 2514 indul-

491 2550 633 2604 sisse
682 2552 961 2620 opinioni?
989 2554 1069 2610 Ad
1100 2553 1206 2608 hoc
1255 2554 1488 2608 imbellis
1523 2553 1622 2608 ista
1656 2553 1795 2606 ratio
1833 2562 1936 2616 est,
1962 2566 2069 2620 qua

493 2642 734 2697 libellum
774 2646 918 2699 hunc
951 2645 1072 2699 ideo
1119 2643 1372 2714 Origeuis
1417 2660 1536 2699 esse
1574 2652 1765 2714 putare
1813 2641 2030 2697 videtur
2055 2682 2072 2707 ,

494 2737 636 2802 quod
667 2737 719 2790 in
746 2739 938 2792 eodem
969 2738 1162 2793 codice
1187 2737 1514 2805 conjunctus
1549 2737 1622 2792 sit
1650 2752 1773 2791 cum
1799 2735 1922 2790 aliis
1944 2748 2074 2804 ope-

496 2828 649 2882 ribus
681 2844 801 2897 qua:
835 2829 954 2884 sine
1002 2831 1383 2885 controversia
1410 2838 1539 2886 sunt
1587 2828 1803 2886 illorum
1835 2825 2072 2895 scripto-

501 2941 621 2978 rum
673 2939 908 2996 quorum
961 2926 1182 2980 nomina
1226 2942 1336 2997 prae
1389 2942 1447 2981 se
1475 2925 1681 2980 ferunt.
1732 2923 1900 2991 Quasi
1943 2938 2075 2978 vero

499 3019 658 3089 hujus
722 3024 1128 3078 consecutionis
1192 3037 1421 3078 nervum
1487 3038 1596 3078 non
1673 3021 1918 3077 incidant
1996 3027 2078 3074 tot

495 3113 616 3168 alia:
689 3116 1187 3183 manuscriptorum
1257 3117 1612 3173 collectioues
1680 3132 1801 3184 qua:
1841 3099 2074 3186 ’γνήσια

495 3213 550 3258 et
599 3203 890 3259 νοθεύοντα
942 3207 1107 3260 simul
1167 3209 1496 3277 scriptorum
1561 3215 1915 3261 monumenta
1972 3209 2076 3258 mi—

497 3307 676 3351 scent.
716 3298 963 3353 Tertium
1005 3299 1267 3354 Gronovii
1322 3311 1700 3372 argumentum
1758 3313 1788 3352 e
1821 3297 1964 3369 stylo
1995 3297 2075 3350 di-
2101 3327 2147 3386 ε

501 3387 773 3457 cendique
821 3389 1032 3443 ratione
1062 3391 1116 3445 in
1141 3393 1404 3461 opusculo
1441 3392 1600 3446 obvia
1635 3390 1874 3445 ducitur.
1929 3388 2075 3443 Belle

499 3482 751 3549 quidem,
785 3481 830 3535 si
867 3483 1068 3554 singuli
1122 3483 1251 3550 loci,
1289 3500 1424 3554 quos
1453 3485 1595 3539 hanc
1635 3483 1688 3538 in
1729 3497 1842 3536 rem
1869 3479 2074 3546 attulit,

502 3589 610 3627 non
643 3574 718 3627 ita
748 3584 877 3628 sunt
907 3577 1236 3644 comparati,
1266 3586 1457 3631 utnon
1491 3576 1670 3630 minus
1699 3574 1768 3629 ab
1789 3573 1898 3627 alio
1939 3585 2076 3641 quo-

475 3679 478 3682 ‘
501 3680 718 3735 cunque
745 3683 906 3735 quam
931 3672 1000 3722 ab
1019 3669 1254 3739 Origene
1276 3669 1547 3740 proficisci
1569 3668 1869 3738 potuerint.
1890 3666 2079 3736 Neque

499 3759 645 3812 enim
677 3759 802 3830 styli
833 3762 1209 3816 convenientia
1243 3761 1562 3816 aestimanda
1603 3769 1691 3815 est
1734 3775 1800 3814 ex
1851 3758 2079 3812 vocibus

500 3851 862 3920 phrasibusve
880 3854 1111 3923 receptis
1127 3862 1183 3908 et
1199 3852 1476 3908 communi
1494 3852 1737 3906 omnium
1751 3850 2079 3920 scriptorum

474 3957 476 3960 ·
505 3959 604 3996 usu
639 3943 810 4007 tritis,
837 3943 930 3997 sed
961 3943 1045 3997 vel
1074 3958 1139 3998 ex
1169 3943 1504 4014 integrarum
1538 3942 1887 4012 periodormn
1910 3939 2081 4004 serie,

505 4033 588 4090 vel
623 4035 815 4089 saltem
849 4050 917 4090 ex
942 4033 1167 4090 vocibus
1193 4052 1315 4106 quae
1350 4035 1495 4090 illius
1524 4034 1765 4090 auctoris
1789 4034 2082 4088 videantur

477 4126 665 4196 plane
705 4129 939 4198 propriae
967 4169 982 4193 ,
1034 4139 1090 4184 et
1142 4126 1347 4182 nemini
1379 4141 1534 4196 aeque
1571 4125 1888 4180 familiares.
1941 4122 2082 4178 Hinc

505 4235 695 4288 parum
726 4219 999 4275 Gronovio
1037 4221 1256 4291 prolicit
1289 4219 1430 4287 quod
1453 4219 1712 4274 observat
1746 4232 1935 4272 verum
1960 4216 2081 4272 Ori-

504 4327 697 4381 geuem
739 4312 824 4367 his
855 4313 933 4367 uti
963 4314 1214 4380 vocibus,
1245 4309 1572 4372 ἁσυστάτοις
1598 4309 1831 4380 δόγμασι
1865 4319 1920 4363 et
1948 4306 2086 4361 ἀσύ-

508 4423 701 4461 στατον
729 4407 999 4477 πρᾶγμα;
1033 4417 1311 4460 auctorem
1337 4413 1517 4456 autem
1543 4401 2086 4470 Φιλοσοφουμένων

508 4499 676 4553 istis:
731 4496 1075 4552 ἀσεϐέστατα
1132 4495 1242 4549 τῶν
1293 4494 1613 4564 δογμάτων,
1676 4504 1730 4548 et
1785 4492 2091 4546 ἀσύστατον

507 4590 1022 4663 πρᾶγμα.Ρι’ἰιιιυιη
1059 4590 1203 4644 enim
1253 4585 1592 4641 ἀσεϐέστατα
1630 4584 1737 4639 τῶν
1795 4585 2086 4655 δογμάτων

2167 713 2457 768 ostendent
2483 712 2545 767 τὸ
2575 717 2853 769 κοινωνεῖν
2890 732 2995 769 τινι
3042 717 3179 770 adeo
3223 731 3328 771 non
3379 731 3501 772 esse
3550 714 3750 787 Orige-

2169 804 2413 868 nianurn,
2471 815 2529 858 ut
2563 805 2782 874 optimis
2837 820 3059 876 quoque
3111 804 3338 861 Graeciae
3380 808 3746 879 scriptoribus

2171 911 2274 949 non
2311 895 2380 949 sit
2418 895 2681 962 solemne,
2713 912 2946 966 quorum
2994 897 3130 953 locis
3175 897 3508 955 adnotandis
3543 909 3748 969 praeter

2172 987 2441 1041 rationem
2475 989 2916 1043 immoraremur.
2953 990 3194 1053 Quartus
3226 994 3465 1046 auctoris
3495 995 3751 1046 Φιλοσο-

2170 1078 2484 1148 φουμένων
2507 1079 2657 1134 locus
2686 1089 2869 1136 exstat
2891 1081 2979 1135 ubi
3008 1081 3075 1136 de
3106 1081 3332 1136 Platone
3353 1083 3554 1152 agitur,
3581 1099 3612 1137 a
3635 1099 3749 1152 quo

2171 1172 2453 1226 materiam
2515 1172 2647 1228 dicit
2700 1172 3020 1240 appellatam
3055 1189 3175 1228 esse
3207 1175 3616 1245 ἀσχημάτιστον
3647 1175 3750 1230 καὶ

2171 1258 2380 1314 ἄποιον.
2417 1262 2498 1315 Ad
2543 1261 2688 1315 lmuc
2736 1261 2914 1316 locant
2956 1263 3092 1317 duos
3123 1263 3282 1318 aﬂ‘ert
3314 1264 3623 1319 Gronovius
3674 1281 3746 1320 ex

2170 1352 2330 1406 libris
2370 1353 2424 1406 in
2453 1352 2686 1419 Celsum,
2715 1355 2767 1407 in
2795 1369 3024 1424 quorum
3058 1357 3226 1425 priori
3251 1355 3462 1421 ἄποιος,
3493 1357 3545 1411 in
3573 1356 3752 1412 altero

2173 1456 2305 1498 vero
2336 1441 2528 1508 ἄποιος
2574 1445 2670 1499 καὶ
2696 1444 3104 1517 ἀσχημάτιστος
3135 1447 3336 1502 dicitur
3390 1449 3642 1503 materia.
3677 1449 3754 1504 At

2176 1548 2290 1587 rem
2327 1535 2574 1589 eamdem
2609 1539 2798 1592 eadem
2833 1538 3049 1593 ratione
3077 1542 3268 1594 omnes
3300 1539 3544 1595 historia:
3567 1539 3749 1609 philo-

2172 1626 2412 1694 sephica:
2438 1637 2694 1682 auctores
2713 1629 3045 1686 edisserunt.
3073 1631 3178 1687 Sed
3209 1641 3260 1685 et
3288 1632 3471 1686 verbis
3494 1631 3616 1687 aliis
3646 1647 3754 1688 nec

2173 1717 2459 1786 Origenes,
2495 1733 2597 1774 uec
2625 1722 3165 1792 Φιλοσοφουμένων
3197 1733 3392 1778 auctor
3427 1722 3503 1777 uti
3537 1723 3745 1792 potuit.

2174 1811 2218 1865 si
2246 1812 2489 1881 propriis
2522 1813 2928 1868 Platonicorum
2964 1817 3171 1880 verbis,
3206 1817 3352 1884 quod
3401 1815 3522 1871 fieri
3560 1817 3753 1882 debet,

2174 1903 2498 1957 sententiam
2529 1904 2769 1959 Platonis
2791 1908 3102 1972 exprimere
3130 1918 3359 1977 uterque
3386 1907 3578 1964 voluit.
3610 1908 3755 1963 Nam

2175 1994 2252 2049 illi
2295 1997 2516 2066 proprie
2547 2006 2601 2051 et
2634 2009 2896 2054 consuete
2927 1999 3058 2072 ὕλην
3084 2001 3343 2056 dicebant
3363 2002 3575 2067 ἄποιον,
3607 2002 3758 2059 unde

2173 2088 2292 2156 ipse
2330 2088 2592 2160 Origenes
2632 2100 2820 2145 nionet
2864 2092 2982 2165 ἰδίῳ
3027 2093 3171 2166 λόγῳ
3219 2097 3290 2150 ita
3324 2095 3532 2151 vocari.
3578 2095 3672 2150 Sic
3697 2103 3759 2149 et.

2173 2179 2422 2236 Laertius
2457 2197 2524 2258 ex
2549 2182 2794 2239 Platonis
2825 2194 3136 2254 mente,m,
3173 2185 3266 2252 69,
3299 2189 3583 2242 materiam
3613 2186 3760 2242 dicit

2173 2270 2586 2343 ἀσχημάτιστον
2638 2275 2732 2327 καὶ
2764 2275 2977 2341 ἄποιον,
3017 2277 3062 2331 si
3098 2277 3410 2348 Menagiaua
3441 2281 3758 2360 emendatio

2173 2362 2350 2418 locum
2383 2366 2604 2420 habeat.
2650 2366 2764 2421 Non
2817 2367 2991 2438 major
3061 2367 3313 2425 habenda
3364 2381 3449 2425 est
3478 2371 3615 2426 ratio
3647 2371 3758 2428 loci

2176 2456 2373 2511 ibidem
2413 2459 2699 2524 exstantis,
2737 2461 2828 2514 ubi
2879 2476 2980 2516 vox
3013 2464 3502 2535 μετενσωμάτωσις
3536 2466 3756 2534 reperi-

2177 2557 2285 2614 tur,
2329 2564 2493 2618 quam
2527 2553 2668 2620 apud
2703 2549 2992 2622 Origenem
3032 2555 3128 2608 lib.
3180 2570 3234 2609 tv
3301 2567 3485 2609 contra
3537 2555 3756 2611 Celsum

2172 2638 2358 2693 itidem
2391 2655 2682 2695 occurrere
2697 2653 2876 2697 monet
2906 2643 3236 2698 Gronovius.
3270 2643 3405 2696 Nam
3441 2651 3495 2697 et
3527 2644 3619 2698 illa
3643 2659 3758 2700 vox

2174 2729 2424 2800 Origeuis
2459 2748 2567 2786 non
2594 2742 2678 2786 est
2710 2734 2949 2802 propria,
3001 2749 3126 2789 cum
3155 2745 3210 2788 et
3250 2736 3365 2803 ipse
3394 2734 3550 2789 Plato
3580 2734 3678 2790 lib.
3721 2750 3757 2789 x

2179 2821 2255 2876 De
2290 2822 2490 2892 legibus
2535 2826 2719 2880 eadem
2774 2833 2982 2892 utatur,
3030 2830 3127 2880 sed
3173 2826 3510 2897 Epiphanius
3535 2842 3759 2897 quoque

2175 2915 2423 2970 eamdem
2457 2925 2683 2986 usurpet
2717 2917 2812 2971 lib.
2843 2933 2859 2971 ι
2887 2915 3148 2986 Ραη.,Ρι’.
3172 2919 3228 2984 5,
3262 2929 3319 2972 ut
3351 2917 3582 2973 similem
3607 2919 3760 2975 Stoi-

2177 3022 2367 3062 corum
2421 3008 2732 3078 opinionem
2788 3012 3086 3076 exprimat.
3137 3013 3248 3066 lmo
3294 3015 3409 3066 haec
3461 3027 3565 3065 vox
3617 3013 3760 3068 adeo

2177 3108 2304 3167 apta
2331 3108 2385 3153 et
2416 3099 2547 3153 huic
2595 3111 2921 3168 argumento
2967 3101 3304 3155 conveniens
3344 3100 3456 3156 visa
3501 3100 3760 3156 estller-

2178 3192 2301 3245 mia:
2327 3233 2342 3259 ,
2400 3204 2458 3246 ut
2487 3207 2628 3248 novo
2663 3193 2916 3262 exemplo
2972 3193 3194 3248 verbum
3235 3195 3570 3265 ὲνσωματεῖν
3625 3196 3763 3250 inde

2179 3280 2419 3336 formare
2451 3298 2559 3337 nou
2593 3283 2759 3338 fuerit
2794 3285 3000 3339 veritus
3027 3284 3336 3356 διασυρμῷ,
3371 3284 3478 3356 δι.
3519 3286 3608 3340 ubi
3637 3286 3758 3340 ait:

2178 3374 2242 3427 Oi
2273 3371 2332 3427 δὲ
2365 3373 2487 3445 τρὶς
2518 3371 2924 3443 ὲνσωματοῦσιν
2954 3375 3184 3444 (scilicet
3218 3375 3316 3453 τὴν
3338 3375 3584 3448 ψυχήν),⁶
3617 3378 3668 3431 oi
3697 3377 3763 3431 δὲ

2177 3460 2495 3534 τρισχιλίων
2517 3461 2653 3516 ὲτῶν
2679 3462 2960 3535 περιόδους
2989 3463 3138 3535 αὐτῇ,
3172 3463 3468 3536 ὁρίζουσιν,
3502 3475 3608 3522 etc.
3637 3466 3765 3522 Przn

2181 3555 2398 3609 caeteris
2452 3555 2552 3610 niti
2611 3555 2824 3610 videtur
2879 3555 3192 3611 Gronovius
3224 3556 3342 3611 loco
3377 3559 3428 3612 iu
3461 3558 3762 3614 Aristotele

2183 3656 2453 3714 exstante,
2500 3647 2590 3702 ubi
2643 3649 2866 3702 verbum
2910 3650 3279 3722 ἐπιδιαμένειν
3311 3650 3761 3719 occurrit,gquod

2185 3751 2410 3806 prorsus
2443 3737 2694 3808 Origenis
2750 3753 2872 3793 esse
2924 3741 3162 3810 probare
3209 3750 3441 3796 conatur
3480 3741 3656 3796 tribus
3683 3755 3764 3794 ex

2187 3829 2344 3884 libris
2375 3831 2493 3900 ejus
2525 3841 2717 3884 contra
2752 3831 2974 3885 Celsum
3004 3833 3158 3900 locis,
3193 3833 3392 3902 quibus
3424 3831 3627 3887 addere
3659 3847 3766 3902 po-

2188 3916 2383 3971 tuisset
2412 3917 2581 3972 alium
2613 3919 2759 3972 hunc
2788 3936 2854 3974 ex
2897 3918 3139 3987 ejusdem
3169 3922 3221 3976 iu
3259 3923 3571 3978 Matthaaum
3593 3922 3769 3976 Com-

2186 4007 2458 4062 mentario
2486 4025 2500 4062 :
2535 4009 2598 4062 Οί
2622 4009 2961 4064 Σαδδουκαῖοι
2990 4011 3173 4082 μέντοι
3203 4011 3455 4081 λέγοντες
3509 4012 3582 4082 μὴ
3615 4007 3767 4065 εἶναι

2184 4099 2481 4154 ἀνάστασιν
2509 4100 2710 4172 σαρκὸς
2737 4101 2983 4172 ἠθέτουν,
3011 4103 3146 4158 ἀλλὰ
3171 4105 3266 4158 καὶ
3299 4103 3605 4166 πολυτελῶς
3629 4103 3768 4174 ἀνῄο

2185 4206 2313 4262 ρουν
2347 4190 2446 4262 τὴν
2471 4191 2570 4264 τῆς
2613 4192 2790 4264 ψυχῆς
2825 4195 2886 4247 οὐ
2941 4196 3100 4265 μόνον
3144 4194 3467 4261 ἀθανασίαν,
3492 4193 3631 4248 ἀλλὰ
3661 4195 3772 4247 καὶ

2185 4283 2542 4356 ἐπιδιαμονὴν
2573 4325 2588 4350 ,
2641 4287 2875 4357 οἰόμενοι
2918 4287 3182 4360 μηδαμῶς
3225 4289 3284 4342 ὲν
3323 4290 3438 4351 τοῖς
3481 4285 3770 4350 Μωῦσέως

2186 4377 2479 4450 γράμμασι
2534 4381 2896 4452 σημαίνεσθαι
2944 4381 3041 4454 τὴν
3069 4383 3167 4454 τῆς
3195 4382 3373 4454 ψυχῆς
3409 4381 3547 4454 μετὰ
3584 4379 3770 4434 ταῦτα.

2189 4467 2358 4542 ζωήν.
2389 4472 2457 4526 At
2485 4472 2600 4526 haec
2637 4488 2739 4526 non
2770 4474 2990 4528 obstant
3013 4459 3321 4544 iquomiuus
3349 4473 3497 4528 idem
3529 4472 3766 4528 verbum

2188 4562 2256 4616 ab
2304 4562 2428 4618 aliis
2478 4576 2802 4634 usurpatum
2855 4565 3026 4620 fuisse
3079 4574 3168 4620 aut
3215 4553 3471 4636 usurpari
3519 4563 3772 4632 potuisse

484 4654 616 4738 non
635 4654 935 4753 respondet
964 4680 1293 4744 ἀσυστάτοις
1328 4678 1582 4750 δόγμασι.
1621 4677 1820 4732 Deinde
1847 4654 2078 4730 ἀσύστα-

2192 4664 2518 4713 statuamus.
2547 4657 2689 4725 Quid
2720 4659 2867 4714 enim
2898 4658 2991 4714 lict
3048 4659 3114 4714 de
3157 4658 3376 4714 Laertio
3401 4700 3418 4726 ,
3450 4672 3526 4712 vir
3551 4654 3720 4753 ³157
3746 4697 3769 4721 ,

507 4789 597 4828 τον
628 4776 862 4846 πρᾶγμα
893 4775 1026 4828 dixit
1075 4773 1295 4843 quidem
1325 4787 1487 4826 verus
1517 4771 1802 4840 Origenes,
1853 4779 1911 4823 at
1942 4769 2084 4822 idem

509 4865 665 4919 alteri
691 4867 874 4920 dicere
905 4866 1076 4921 licuit.
1107 4865 1208 4921 Ubi
1233 4865 1378 4918 enim
1406 4863 1472 4917 de
1497 4862 1780 4931 gentilium
1813 4859 2087 4930 dogmatis

511 4957 714 5025 agitur,
744 4972 807 5010 ea
845 4971 950 5012 vox
989 4965 1076 5010 est
1111 4957 1184 5009 ita
1238 4952 1399 5024 hujus
1427 4953 1734 5022 argumenti
1764 4952 2002 5021 propria,
2033 4961 2088 5004 et

509 5047 878 5114 scriptoribus
914 5045 1309 5101 ecclesiasticis
1357 5044 1492 5098 adeo
1526 5043 1813 5097 familiaris
1836 5085 1852 5109 ,
1887 5053 1945 5097 ut
1986 5059 2087 5099 nec

510 5139 824 5192 Lactantius
849 5139 941 5194 lib.
977 5139 1228 5193 utDivin.
1278 5138 1506 5192 iustitut.
1539 5152 1657 5191 eam
1691 5134 1883 5189 Latine
1907 5136 2088 5205 expri-

515 5246 662 5283 mere
695 5231 900 5286 veritus
930 5233 1022 5297 sit,
1051 5232 1178 5285 dum
1217 5239 1508 5300 asystatum
1535 5229 1673 5282 dixit
1699 5238 2085 5297 argumentum.

514 5321 658 5376 Idem
695 5321 978 5377 ferendum
998 5323 1263 5394 judicium
1296 5323 1363 5377 de
1384 5323 1552 5377 verbo
1581 5317 1913 5382 ἐκτίθεσθαι,
1945 5318 2088 5386 (μιοᾶ

515 5431 577 5468 ex
614 5414 722 5468 alio
759 5413 1010 5482 Origenis
1040 5413 1158 5467 loco
1186 5412 1346 5466 aﬁ'ert
1399 5410 1726 5467 Gronovius.
1777 5407 1907 5462 Illud
1939 5406 2085 5459 enim

515 5504 768 5573 Origenis
806 5505 944 5558 adeo
975 5519 1078 5558 nou
1122 5516 1204 5560 est
1229 5505 1532 5575 preprium,
1565 5511 1621 5554 ut
1647 5501 1715 5555 de
1744 5499 2090 5568 expositione

516 5603 830 5671 degmatum
864 5599 1183 5668 plerumque
1209 5618 1314 5653 non
1354 5607 1666 5665 usurpetur.
1697 5595 1945 5649 Laertius
1974 5609 2082 5647 uou

517 5692 691 5748 solum
719 5692 770 5744 iu
805 5691 1142 5756 Purmeuide,
1174 5692 1265 5744 sed
1293 5700 1348 5744 et
1373 5690 1494 5744 aliis
1524 5689 1576 5741 iu
1603 5689 1736 5743 locis
1765 5687 1960 5756 smpius
1990 5686 2090 5740 hac

522 5782 696 5836 utitur
721 5798 875 5846 voce,
910 5791 970 5834 ut
996 5782 1396 5846 aliostaccam,
1419 5795 1652 5846 quorum
1685 5779 1784 5833 loci
1821 5796 1850 5831 a
1886 5779 2091 5833 lexico-

517 5873 736 5942 graphis
761 5872 972 5928 collecti
1000 5885 1145 5938 sunt,
1174 5875 1313 5928 inter
1336 5888 1470 5942 quos
1493 5871 1718 5925 Budaeus
1745 5871 1844 5924 tria
1867 5871 2091 5925 omnino

524 5963 783 6019 eJastiuo
811 5974 1048 6034 martyre
1077 5965 1324 6033 exempla
1365 5964 1540 6029 alfert,
1581 5964 1670 6018 ubi
1728 5965 1949 6019 verbum
1991 5963 2092 6017 hoc

2191 4745 2284 4813 qui
2316 4745 2502 4800 itidem
2536 4746 2636 4802 hac
2669 4763 2801 4803 voce
2833 4763 2964 4802 usus
2991 4756 3100 4815 est,
3135 4765 3259 4803 cum
3291 4751 3539 4804 eamdem
3570 4745 3773 4802 Clean-

2192 4838 2301 4892 this
2329 4842 2655 4893 sententiam
2685 4855 2808 4894 esse
2837 4849 3082 4895 moneret
3114 4841 3200 4896 his
3229 4841 3415 4897 verbis
3439 4858 3452 4894 :
3480 4837 3770 4908 Κλεάνθης

2195 4929 2294 4999 μὲν
2326 4928 2420 4983 οὖν
2453 4932 2632 4996 πάσας
2662 4932 3028 5003 ἐπιδιαμένειν
3065 4931 3222 5004 μέχρι
3249 4933 3347 5002 τῆς
3374 4929 3768 5004 ἐκπυρώσεως.

2193 5022 2334 5090 Quid
2388 5027 2455 5079 de
2499 5025 2569 5079 M.
2602 5028 2913 5094 Antonino,
2958 5028 3047 5095 qui
3091 5026 3145 5079 iu
3194 5026 3362 5080 1ibris
3409 5026 3498 5091 εὶς
3545 5020 3774 5078 ἑαυτὸν

2191 5116 2286 5170 lib.
2321 5133 2392 5182 tv,
2433 5117 2460 5189 §
2496 5119 2585 5182 2i,
2616 5135 2721 5174 non
2754 5121 2928 5175 solum
2961 5119 3130 5173 verbo
3159 5117 3403 5188 διαμένει
3445 5119 3512 5171 de
3541 5115 3769 5182 animis,

2190 5212 2285 5266 sed
2331 5212 2496 5265 etiam
2534 5228 2664 5266 voce
2716 5210 3045 5284 ὲπιδιαμονή
3078 5211 3293 5264 utitur?
3346 5211 3457 5263 lmo
3495 5209 3768 5262 innumeri

2192 5305 2282 5357 alii
2317 5306 2382 5359 de
2410 5306 2598 5359 eodem
2633 5315 2954 5376 argumento
2978 5307 3061 5358 vel
3090 5319 3212 5357 cum
3238 5302 3508 5357 Numenio
3538 5301 3770 5355 verbum

2193 5397 2565 5468 ἐπιδιαμένειν
2586 5437 2599 5462 ,
2629 5399 2711 5450 vel
2743 5413 2862 5451 cum
2896 5397 3096 5451 Tzetze
3131 5394 3468 5466 παραμένειν
3488 5434 3502 5457 ,
3529 5393 3613 5447 vel
3641 5405 3773 5445 cum

2195 5490 2452 5561 Dionysio
2466 5489 2646 5545 Halica
2657 5504 2874 5544 rnasseo
2893 5489 3111 5552 lib.vm,
3129 5487 3462 5558 ὲνδιαμὲνειν
3480 5485 3769 5540 adhibent.

2194 5581 2378 5651 Neque
2404 5583 2556 5637 aliter
2582 5581 2801 5638 omnino
2832 5589 3081 5648 possunt,
3115 5595 3238 5633 cum
3267 5590 3379 5633 tres
3407 5578 3679 5646 prmcipue
3700 5572 3773 5628 de

2197 5675 2392 5729 animae
2426 5683 2570 5729 statu
2601 5682 2723 5742 post
2755 5684 2984 5728 mortem
3022 5672 3228 5727 fuerint
3265 5683 3509 5726 veterum
3554 5666 3768 5738 opinio—

2199 5785 2318 5835 nes,
2351 5784 2579 5840 quorum
2611 5767 2702 5821 alii
2741 5781 2861 5820 eam
2911 5764 3281 5820 immortalem
3331 5771 3635 5832 negarunt,
3676 5757 3769 5814 alii

2199 5865 2566 5928 atlirmarunt,
2600 5861 2687 5914 alii
2725 5859 2896 5914 media
2947 5859 3262 5914 incedentes
3291 5855 3376 5908 via
3405 5864 3615 5908 certum
3648 5862 3770 5906 tan.

2199 5965 2312 6011 tum
2347 5957 2393 6010 ei
2426 5940 2747 6009 definierunt
2787 5950 3016 6023 tempus,
3073 5966 3178 6021 quo
3230 5947 3445 6015 COI‘pori
3489 5952 3636 6000 esset
3678 5957 3769 5997 su-
