3992 6544
163 363 229 417 55
1561 358 1943 415 PREFATIO.

3327 356 3405 407 5|.

160 486 375 547 perstes.
415 472 698 529 Postrema
731 475 1000 530 sententia
1032 475 1233 532 Stoicis
1270 476 1321 530 in
1354 475 1547 546 primis
1594 475 1715 545 pla-
1746 481 1795 539 Α
1826 476 1950 530 nius
1979 485 2033 530 et
2067 474 2263 529 librum
2297 472 2580 540 scripserit
2631 472 2697 528 de
2730 474 3029 529 haeresibns
3058 514 3073 539 ,
3112 476 3237 530 inde
3270 492 3380 532 non

161 569 281 631 cuit,
310 567 377 621 de
405 568 607 635 quibus
640 568 892 623 videatur
916 568 1217 624 Gatakerus
1264 568 1330 622 ad
1383 570 1719 624 Antoninum

160 663 268 716 loco
296 674 460 727 supra
483 660 672 723 citato,
703 672 759 715 et
786 658 1065 731 Menagius
1094 660 1216 715 loco
1247 660 1376 713 item
1410 674 1572 728 supra
1605 658 1723 712 lau-

157 754 293 806 dato.
323 749 466 804 llinc
500 750 664 804 modo
695 751 897 805 laudati
930 763 1139 805 veteres
1165 752 1487 819 scriptores,
1517 761 1575 804 et
1608 750 1722 819 ipse

157 854 357 910 quoque
384 838 680 908 Origenes,
708 841 938 896 sollicite
966 842 1267 896 ἀθανασίαν
1299 843 1367 896 ab
1399 842 1720 913 ὲπιδιαμονῇ

153 930 319 1003 ψυχῆς
343 932 715 1002 distinguunt.
746 933 918 1000 Quam
962 934 1160 988 ibidem
1191 934 1498 989 Gronovius
1524 938 1579 987 in
1629 948 1719 988 se-

156 1022 440 1093 quentibus
468 1024 653 1076 verbis
685 1038 806 1077 cum
850 1024 958 1078 alio
986 1023 1236 1095 Origenis
1265 1024 1382 1080 loco
1409 1022 1620 1079 collatis
1648 1023 1722 1077 si-

160 1115 513 1170 militudinem
538 1130 818 1186 agnoscat,
835 1119 1180 1190 perspicuum
1200 1135 1304 1174 non
1328 1129 1433 1185 est,
1457 1118 1558 1173 nisi
1584 1118 1722 1173 forte

155 1222 259 1262 eam
291 1217 473 1276 putet,
508 1224 632 1277 qua:
659 1224 727 1263 ex
763 1210 1045 1265 relationis
1077 1212 1453 1266 convenientia
1484 1218 1716 1267 constat.

153 1296 274 1350 Eam
311 1312 451 1351 vero
478 1308 537 1351 et
566 1298 621 1351 in
655 1298 780 1353 aliis
811 1299 1175 1370 scriptoribus
1204 1315 1470 1370 agnoscas
1497 1309 1552 1354 et
1578 1298 1721 1354 forte

148 1387 577 1457 majorem,cum
606 1388 660 1443 in
686 1390 753 1445 iis
783 1389 946 1445 verba
970 1391 1348 1457 observentur,
1379 1406 1500 1461 qum
1532 1392 1599 1446 ad
1623 1394 1721 1445 Φι-

147 1478 628 1546 λοσρφουμένων
676 1480 917 1535 auctoris
954 1495 1260 1536 sermonem
1292 1484 1515 1553 propius
1560 1497 1720 1538 accc-

148 1566 298 1619 dunt.
354 1566 501 1622 Vide
555 1566 738 1622 Laert.
772 1585 827 1631 v,
874 1570 965 1636 35,
1003 1581 1058 1627 et
1102 1573 1448 1627 Ammonium
1484 1574 1538 1627 in
1596 1574 1718 1628 Vita

143 1657 473 1713 Aristotelis.
535 1659 650 1715 Nec
695 1664 867 1733 magis
910 1680 938 1718 a
974 1665 1247 1720 Gronovio
1278 1665 1410 1720 facit
1452 1666 1602 1720 locus
1650 1666 1717 1721 de

145 1746 363 1812 Stoicis,
394 1751 491 1819 qui
526 1752 622 1806 eos
650 1752 812 1806 Deum
842 1768 1041 1823 corpus
1069 1754 1272 1809 dixisse
1297 1764 1557 1808 testatur:
1592 1769 1716 1807 nam

1824 564 2040 619 inanem
2066 562 2398 619 existimavit
2418 561 2645 616 Huctius
2669 563 2807 618 sumi
2833 578 2989 633 posse
3013 564 3386 635 conjecturam

1822 656 1926 710 hoc
1950 671 2086 725 opus
2117 656 2181 710 ad
2217 656 2389 725 ipsum
2412 671 2532 712 esse
2563 655 2923 710 referendum.
2960 654 3066 711 Sed
3106 672 3378 725 quaenam,

1824 748 1999 819 inquit
2022 747 2269 811 Wolﬁus,
2299 750 2415 805 base
2457 748 2858 805 consecutionis
2907 749 3044 801 ratio
3089 758 3210 801 est:
3252 747 3386 817 Epi-

1822 838 2055 909 phanius
2113 838 2212 894 fuit
2264 842 2588 910 episcopus.
2627 847 2682 893 et
2731 838 2931 892 librmn
2990 838 3059 891 de
3090 836 3387 892 haeresibns

1821 928 2090 997 scripsit:
2126 944 2258 1000 ergo
2322 929 2481 998 hujus
2533 928 2697 983 libelli
2743 938 2939 982 auctor
2990 928 3252 983 dicendus
3277 916 3403 983 est!‘

1821 1017 1987 1084 Quasi
2024 1034 2154 1075 vero
2185 1021 2347 1074 etiam
2378 1023 2445 1076 de
2476 1020 2597 1074 aliis
2632 1029 2923 1088 utrumque
2973 1018 3078 1073 dici
3128 1029 3384 1089 nequeat,

1821 1109 2075 1165 etfuisse
2124 1112 2448 1180 episcopos,
2504 1119 2559 1163 et
2606 1110 2672 1165 de
2719 1109 3022 1163 lueresibus
3075 1110 3385 1178 scripsisse.

1826 1199 2005 1266 almo,
2048 1202 2225 1271 pergit
2264 1200 2517 1265 Wolﬁus,
2570 1200 2740 1268 ipsum
2796 1200 2923 1252 illud
2972 1201 3036 1253 de
3080 1200 3386 1253 hmresibus

1820 1306 1975 1362 opus,
2013 1292 2156 1362 quod
2191 1291 2489 1345 Panarium
2543 1290 2821 1359 inscripsit
2876 1288 3239 1358 Epiphanius,
3278 1307 3384 1344 non

1820 1383 2215 1439 contemnenda
2253 1383 2607 1454 suppeditare
2642 1382 2855 1435 videtur
2884 1389 3222 1449 argumenta,
3264 1396 3385 1449 qua:

1819 1476 2141 1532 lluetianam
2179 1483 2428 1531 evertant
2458 1473 2807 1530 sententiam.
2838 1472 2972 1528 Nam
3004 1472 3055 1526 in
3091 1471 3180 1526 illo
3202 1485 3383 1541 opere,

1823 1577 1959 1624 tom.
1988 1567 2030 1633 Ι,
2061 1583 2114 1638 p.
2146 1566 2284 1622 1086
2311 1575 2365 1621 et
2395 1566 2720 1637 seq.,brevis
2766 1563 3001 1620 habetur
3024 1575 3078 1618 et
3101 1562 3384 1633 synoptica

1821 1674 1993 1729 usque
2025 1659 2091 1714 ad
2123 1673 2248 1730 pag.
2309 1657 2443 1713 1091
2484 1669 2753 1713 sectarum
2790 1658 2989 1713 veteris
3034 1656 3387 1728 philosophia:

1819 1750 2083 1811 recensio,
2121 1764 2242 1819 quae
2272 1759 2450 1803 tamen
2484 1764 2511 1802 a
2548 1756 2819 1819 pmsente
2871 1758 2982 1802 toto
3014 1748 3154 1802 coelo
3181 1747 3381 1812 dill'ert,

143 1841 265 1895 licet
306 1840 589 1911 Origenes
614 1844 669 1897 in
697 1844 818 1900 aliis
865 1846 1073 1901 duobus
1099 1846 1233 1901 locis
1260 1861 1289 1899 a
1322 1845 1597 1901 Gronovio
1634 1846 1717 1899 al-
1750 1841 1792 1896 Β
1820 1855 1942 1894 cum
1972 1848 2026 1892 et
2059 1838 2271 1908 plenior
2302 1853 2364 1893 ea
2395 1840 2487 1905 sit,
2534 1840 2577 1891 si
2618 1853 2898 1891 numerum
2952 1838 3102 1893 ineas
3142 1838 3386 1907 philoso-

142 1933 260 1986 latis
292 1932 471 1987 Deum
510 1934 817 1990 Stoicorum
844 1936 1003 2008 σῶμα
1035 1953 1155 1992 esse
1175 1939 1341 2002 dicat,
1363 1939 1718 2007 eamdemque

141 2024 459 2080 Stoicorum
495 2028 826 2082 sententiam
856 2030 1017 2083 tertio
1050 2028 1167 2084 loco
1200 2028 1389 2083 innuat
1417 2070 1433 2095 ,
1490 2044 1598 2083 non
1633 2035 1717 2082 ta-

140 2131 251 2170 men
284 2117 397 2172 hoc
430 2116 586 2173 solus
616 2116 798 2173 facere
826 2119 1002 2189 potuit
1040 2118 1326 2189 Origenes,
1350 2136 1472 2175 cum
1502 2118 1716 2175 Stoico-

139 2225 252 2263 rum
295 2208 546 2279 placita,
592 2211 686 2280 qui
742 2211 884 2266 hanc
941 2228 1122 2266 rerum
1174 2211 1581 2267 universitatem
1619 2210 1715 2267 Dei

138 2302 359 2353 nomine
396 2298 743 2363 indicabant,
777 2316 965 2355 omnes
995 2302 1068 2355 ita
1122 2302 1270 2372 loqui
1297 2301 1569 2372 juberent.
1607 2300 1716 2357 Nec

142 2389 311 2459 reipsa
344 2389 507 2444 solus
534 2388 800 2461 Origenes
853 2391 923 2444 ita
957 2390 1168 2446 locutus
1189 2401 1309 2455 est;
1361 2407 1486 2444 nam
1511 2401 1566 2445 et
1595 2390 1716 2444 Cle-

143 2492 291 2531 mens
315 2478 729 2533 Alexandrinus
752 2479 845 2533 lib.
874 2495 891 2533 t
916 2479 1135 2547 Strom.,
1167 2496 1219 2551 p.
1242 2480 1348 2535 295
1367 2481 1498 2534 edit.
1522 2480 1713 2535 Colon.

139 2567 207 2620 ait
230 2585 249 2622 :
271 2568 447 2638 Σῶμα
465 2568 597 2622 ὄντα.
612 2570 702 2622 τὸν
728 2569 859 2623 Θεὸν
878 2569 966 2623 διὰ
989 2571 1084 2642 τῆς
1109 2573 1438 2641 ἀτιμοτάτης
1459 2571 1590 2644 ὕλης
1622 2590 1718 2626 πε·-

139 2664 454 2736 ςοιτηκέναι
486 2664 736 2734 λέγουσιν
763 2666 822 2717 οὐ
858 2666 1056 2730 καλῶς.
1085 2666 1149 2720 Et
1172 2666 1267 2720 lib.
1294 2683 1327 2720 v
1351 2686 1364 2721 :
1397 2666 1533 2721 Φασὶ
1557 2666 1717 2737 σῶμα

141 2745 275 2805 εἶναι
304 2753 403 2806 τὸν
442 2752 583 2807 θεὸν
612 2755 661 2806 oi
693 2753 924 2807 Στωϊκοὶ
948 2756 1042 2808 καὶ
1089 2755 1305 2827 πνεῦμα
1352 2756 1471 2809 κατ’
1495 2755 1679 2809 οὐσίαν
1697 2794 1713 2819 ,

139 2839 320 2914 ὥσπερ
348 2840 556 2912 ἀμέλει
585 2844 679 2895 καὶ
705 2843 806 2914 τὴν
834 2842 1014 2913 ψυχήν
1034 2884 1049 2908 ,
1083 2854 1142 2898 ttt
1170 2846 1416 2899 omittam
1445 2846 1579 2899 alios
1606 2861 1716 2899 ma-

142 2946 246 3002 gno
266 2948 501 2987 numero
533 2934 601 2987 ab
628 2934 695 2987 iis
730 2934 982 3001 laudatis,
1010 2936 1099 3004 qui
1127 2935 1439 2991 Stoicorum
1461 2938 1713 3007 dogmata

140 3022 314 3077 fusius
342 3033 746 3094 exposuerunt.
781 3026 837 3079 ln
864 3027 1052 3081 ultimo
1079 3027 1313 3097 denique
1337 3028 1455 3083 loco
1492 3030 1557 3085 de
1586 3027 1714 3099 Epi-

148 3115 261 3168 curi
289 3113 401 3169 diis
436 3130 509 3170 ex
540 3116 740 3171 atomis
781 3117 920 3171 ortis
947 3158 962 3183 ,
1004 3119 1091 3173 cui
1143 3120 1377 3174 similem
1412 3134 1479 3175 ex
1531 3121 1711 3176 librnt

1816 1931 2049 2001 phorum
2084 1945 2311 2000 quorum
2343 1931 2594 2001 dogmata
2642 1940 3056 1994 commemorat,
3095 1937 3149 1985 et
3182 1930 3381 1999 imper—

1817 2021 2034 2088 fectior,
2076 2022 2121 2077 si
2163 2022 2475 2091 dogmatnm
2505 2024 2743 2092 ipsorum
2776 2022 2977 2076 habeas
3008 2020 3292 2074 rationem.
3324 2019 3381 2073 ln

1817 2114 1870 2168 id
1909 2114 2053 2169 enim
2089 2129 2308 2184 operam
2348 2114 2563 2168 dedisse
2617 2114 2887 2183 przecipue
2921 2112 3136 2166 videtur
3189 2121 3381 2164 auctor

1816 2203 2372 2273 Φιλοσοφουμένων,
2402 2211 2460 2257 ιιι
2484 2202 2758 2258 variorum
2783 2207 2849 2256 de
2882 2200 3164 2271 principiis
3194 2215 3376 2254 rerum

1817 2295 2119 2350 sententias
2152 2304 2519 2361 enumeraret,
2557 2308 2679 2347 cum
2722 2293 2921 2346 nullius
2969 2292 3023 2345 in
3064 2290 3386 2346 collectione

1816 2382 2192 2453 Epiphaniana
2244 2383 2450 2437 mentio
2484 2384 2598 2447 ﬁat,
2633 2381 2786 2449 cujus
2822 2396 2926 2435 non
2961 2382 3080 2434 aliae
3123 2391 3382 2450 praeterea

1818 2476 2103 2544 Opiniones
2131 2481 2538 2529 recenseantur.
2578 2472 2783 2528 Deinde
2838 2489 2943 2527 non
2979 2473 3195 2527 videtur
3243 2474 3381 2527 idem

1817 2567 2049 2622 diversis
2101 2566 2234 2622 locis
2267 2566 2455 2620 eodem
2515 2565 2763 2619 instituto
2808 2565 2983 2633 egisse
3030 2564 3379 2635 Epiphanius,

1816 2674 1938 2714 cum
1962 2659 2081 2714 loco
2123 2658 2342 2712 laudato
2390 2673 2496 2713 non
2526 2657 2699 2712 solum
2724 2657 2932 2726 plenam
2965 2657 3172 2711 dederit
3202 2666 3381 2712 secta-

1818 2764 1937 2803 rum
1973 2748 2400 2817 designationem
2426 2786 2443 2813 ,
2493 2748 2587 2803 sed
2645 2748 2839 2801 deinde
2873 2747 3200 2801 aceuratiori
3243 2747 3382 2818 ston

1818 2840 2156 2912 singulorum
2208 2840 2591 2895 haereticorum
2639 2840 2926 2908 opiniones
2956 2839 3274 2908 plerumque
3314 2856 3380 2894 ex

1816 2933 2262 3003 philosOpborum
2288 2931 2497 2987 lacunis
2526 2934 2787 2988 derivarit
2808 2950 2823 2988 :
2848 2935 2991 3003 quod
3020 2936 3263 2988 auctoris
3292 2937 3383 2987 Φι-

1810 3023 2287 3094 λοσοφουμένων
2306 3024 2616 3079 institutum
2639 3026 2799 3079 etiam
2827 3025 2993 3080 fuisse
3013 3041 3076 3080 ex
3102 3027 3219 3095 ejus
3245 3041 3381 3093 prte-

1817 3118 2019 3173 latione
2050 3117 2110 3170 ﬁt
2134 3115 2505 3172 manifestum.
2542 3115 2652 3171 Nec
2684 3118 2867 3171 obstat
2895 3118 3039 3186 quod
3069 3129 3259 3172 auctor
3290 3121 3381 3171 Φι-

142 3215 319 3258 contra
373 3206 590 3261 Celsum
630 3207 829 3263 allerre
880 3224 940 3264 se
989 3220 1142 3279 putat
1190 3211 1527 3280 Gronovius,
1577 3214 1712 3268 nihil
1740 3181 1781 3237 c
1815 3209 2288 3279 λοσοφουμένων
2328 3209 2646 3278 proﬁteatur
2698 3223 2759 3262 se
2813 3209 2952 3263 idem
2994 3219 3373 3279 argumentum

143 3298 310 3352 simile
340 3301 651 3369 reperitur,
706 3303 806 3357 nisi
839 3304 982 3372 quod
1017 3304 1158 3359 idem
1195 3306 1261 3359 de
1287 3289 1557 3375 ejusmodi
1585 3308 1713 3363 deo-

143 3400 260 3441 rum
289 3389 521 3457 origine
555 3404 625 3443 ex
662 3391 882 3460 Epicuri
932 3403 1112 3449 mente
1142 3393 1404 3451 refertur.
1438 3398 1542 3452 Sed
1577 3413 1715 3469 quo-

146 3479 462 3548 tusquisque
490 3489 598 3546 est,
627 3482 719 3549 qui
748 3496 853 3536 non
883 3482 1024 3536 idem
1050 3483 1116 3537 de
1138 3485 1240 3539 diis
1267 3485 1484 3555 Epicuri
1510 3488 1711 3542 dixerit

140 3570 479 3625 seuseritve?
518 3571 699 3640 Atque
730 3571 844 3626 lucc
874 3582 1000 3628 sunt
1028 3585 1346 3644 argumenta
1378 3577 1579 3647 quibus
1617 3578 1704 3632 vir

143 3658 483 3717 clarissimus
512 3660 756 3720 Joannes
776 3665 1200 3736 Christopborus
1226 3667 1456 3723 Wolﬁus
1492 3671 1705 3725 erudite

139 3751 393 3808 usuﬂat
423 3769 616 3810 omnes
650 3758 987 3814 ratiunculas
1019 3776 1139 3829 quat
1166 3775 1233 3815 eo
1264 3760 1598 3817 Gronovium
1627 3764 1707 3816 vi-

140 3858 249 3898 rum
281 3845 493 3916 alioqui
542 3849 916 3904 doctissimum
966 3851 1313 3922 impulerunt,
1362 3863 1421 3908 ut
1453 3856 1709 3909 Φιλοσο-

144 3936 402 4006 coepe-ra
434 3936 659 4008 Origeni
691 3942 963 3999 mordicus
992 3944 1312 4000 ascriberet.

205 4024 331 4083 Post
363 4027 775 4084 Gronovianam
809 4033 1127 4099 editionem,
1160 4033 1364 4104 prodiit
1412 4033 1707 4105 Hambnrgi

147 4130 277 4174 anno
306 4120 454 4175 i706
487 4122 658 4177 altera
686 4123 1103 4183 Graeco-Latina
1126 4142 1255 4183 cura
1280 4137 1336 4183 et
1363 4129 1540 4184 studio
1573 4130 1712 4199 ejus-

149 4205 258 4263 dem
305 4211 482 4267 modo
510 4216 799 4269 memorati
833 4214 1039 4281 \Volﬁi,
1077 4218 1168 4287 qui
1202 4218 1539 4274 doctissimis
1560 4219 1706 4273 notis

148 4307 306 4355 totum
352 4315 496 4372 Opus
544 4304 864 4373 illustravit,
892 4308 1174 4377 praemissa
1206 4309 1551 4378 pralatione,
1602 4324 1707 4381 qua

145 4393 377 4447 ostendit
421 4395 552 4450 libri
602 4398 929 4467 scriptorem
967 4399 1236 4454 incertum
1291 4416 1432 4467 esse,
1468 4402 1708 4471 adeoque

1816 3302 1943 3356 alibi
1984 3301 2158 3356 fusius
2192 3310 2538 3371 persecutum
2603 3315 2725 3355 esse
2760 3316 2775 3353 :
2835 3317 2958 3355 nam
2998 3303 3047 3356 vi
3086 3302 3375 3356 verborum

1815 3391 1922 3447 hoc
1981 3390 2391 3460 intelligendum
2447 3400 2531 3445 est
2562 3390 2631 3445 de
2663 3391 2951 3445 hazresium
2982 3392 3377 3455 conlutatione,

1814 3500 1845 3539 a
1882 3500 1988 3555 qua
2029 3499 2271 3553 praesens
2305 3485 2561 3539 tractatio
2597 3483 2789 3539 saltem
2824 3485 2877 3538 in
2923 3499 2990 3539 eo
3020 3494 3102 3539 est
3135 3486 3375 3548 diversa,

1815 3580 1961 3649 quod
1994 3580 2107 3634 haec
2159 3575 2323 3631 simul
2354 3578 2653 3632 sententias
2690 3578 3133 3648 philosOphorum
3190 3590 3246 3633 et
3271 3580 3377 3633 lue-

1814 3668 2105 3723 reticorum
2135 3666 2402 3720 conferat.
2437 3667 2705 3722 Praeterea
2735 3668 2981 3736 pluribus
3012 3669 3065 3723 in
3124 3667 3260 3721 locis
3308 3672 3377 3722 ab

1811 3761 2112 3832 Epiphanio
2147 3760 2402 3814 dissentit
2448 3770 2639 3815 auctor
2671 3758 3224 3829 Φιλοσοφουμένων.
3285 3759 3376 3813 Sic

1809 3867 1929 3922 cap.
1972 3854 2039 3908 19
2066 3853 2350 3927 Platonem
2378 3851 2455 3905 ait
2486 3853 2744 3906 mundum
2786 3853 3044 3923 ἀγένητον
3079 3852 3373 3913 statuisse;

1810 3956 1866 3998 at
1892 3945 2225 4015 Epiphanius
2257 3956 2390 3999 tom.
2419 3945 2461 4010 l,
2487 3960 2611 4013 pag.
2641 3944 2800 4009 1088,
2831 3961 2898 3998 ex
2929 3943 3166 3997 Platonis
3194 3952 3376 3996 mente

1810 4035 1986 4104 inquit
2025 4035 2115 4089 τὸν
2171 4036 2378 4107 κόσμον
2408 4041 2636 4107 γενητὸν
2680 4037 2774 4089 καὶ
2803 4033 3041 4108 φθαρτὸν
3089 4034 3373 4105 ὑπάρχειν.

1808 4127 1962 4181 Adde
1996 4126 2091 4183 lib.
2129 4142 2168 4193 ι,
2216 4127 2409 4181 horres.
2461 4130 2518 4184 6.
2552 4128 2880 4197 Epiphanius
2912 4128 3094 4196 itaque
3123 4130 3378 4181 dictaeo-

1807 4219 2124 4290 φουμένων
2158 4228 2344 4275 auctor
2375 4219 2562 4275 haberi
2605 4222 2814 4287 nequit,
2847 4218 2946 4273 nisi
3003 4221 3236 4287 turpiter
3271 4220 3374 4273 sibi

1808 4310 1915 4380 ipsi
1969 4311 2366 4365 contradixisse
2431 4310 2671 4365 dicatur.
2729 4328 2748 4362 ι
2802 4310 3077 4365 Hactenus
3132 4311 3377 4365 eruditus

1806 4400 2058 4466 Wolﬁus,
2090 4402 2244 4473 cujus
2297 4417 2360 4458 ea
2410 4401 2477 4457 de
2511 4416 2568 4457 re
2615 4402 2940 4457 sententiam
2970 4400 3374 4471 amplectimur,

146 4500 233 4542 nec
254 4485 469 4555 Huetii,
494 4503 598 4543 nec
621 4488 796 4556 Galei,
823 4506 921 4546 nec
947 4490 1205 4547 Gronovii
1236 4493 1302 4547 de
1321 4508 1387 4548 eo
1409 4495 1706 4549 sententias
1739 4528 1783 4582 Β
1811 4502 1865 4547 et
1896 4508 2057 4564 quam
2094 4494 2390 4563 publicavit
2437 4494 2597 4563 hujus
2646 4492 2809 4547 libelli
2835 4493 3130 4548 editionem
3168 4490 3282 4546 fere
3323 4493 3374 4544 in

146 4588 231 4633 aut
254 4579 603 4649 conjecturas
633 4581 806 4637 ﬁrmis
826 4597 1006 4638 rerum
1029 4585 1363 4653 argumentis
1383 4584 1504 4640 niti.
1540 4586 1707 4641 Suam

148 4682 263 4738 post
292 4687 471 4727 annos
514 4672 726 4743 aliquot
758 4676 1057 4733 editionem
1083 4691 1150 4731 ex
1199 4679 1319 4747 ipso
1340 4678 1709 4748 manuscripto

1810 4588 2061 4642 omnibus
2092 4587 2263 4641 secuti
2291 4601 2498 4641 sumus.

1880 4677 2040 4733 Modo
2073 4687 2321 4746 superest
2354 4687 2413 4731 ut
2439 4686 2637 4747 praeter
2699 4675 2944 4730 eruditos
2994 4674 3141 4729 viros
3167 4713 3184 4740 ,
3233 4689 3373 4742 quos

149 4760 578 4820 lediceodenuo
600 4766 1711 4839 collato.etalioTaurinensirepetitavice
1803 4768 1915 4840 jam
1974 4770 2027 4825 in
2074 4769 2233 4838 hujus
2283 4767 2619 4838 przelationis
2674 4769 2905 4823 decursu
2951 4767 3375 4822 commemoravi

148 4856 524 4921 emendavit,et
536 4857 691 4911 novis
707 4859 848 4912 notis
867 4858 1179 4921 illustravit,
1202 4859 1587 4928 subjunxitque
1601 4860 1709 4915 dis-

149 4946 529 5012 ceptationem,
565 4962 671 5016 qua
699 4956 899 5002 contra
925 4947 1380 5019 Cbristopborum
1407 4950 1706 5020 Augustum

152 5032 518 5091 Heumannum
554 5037 712 5091 docet
758 5036 1043 5108 Didymum
1076 5037 1504 5093 Alexandrinum
1550 5038 1709 5109 hujus

152 5127 327 5201 scripti
357 5141 639 5187 auctorem
672 5146 779 5186 non
809 5146 952 5187 esse.
974 5129 1228 5187 Palmare
1254 5142 1421 5201 atque
1448 5131 1711 5187 inelucta-

154 5219 249 5275 bile
292 5234 725 5293 argumentum,
779 5239 886 5293 quo
918 5238 1016 5278 nec
1057 5223 1345 5294 Origenem
1374 5263 1393 5289 ,
1452 5238 1551 5279 nec
1598 5224 1708 5279 Ae-

155 5312 314 5381 tium,
357 5331 463 5370 uec
518 5315 809 5386 Didymum
863 5314 1294 5370 Alexandrinum
1327 5314 1486 5383 hujus
1541 5314 1706 5370 libelli

154 5417 415 5471 parentem
450 5422 573 5463 esse
609 5410 974 5472 demonstrat,
1009 5407 1134 5461 inde
1176 5407 1312 5477 petit
1337 5447 1352 5469 ,
1404 5407 1547 5477 quod
1607 5422 1707 5462 au-

156 5504 259 5551 ctor
311 5498 875 5571 Φιλοσοςεουμένων,
908 5499 1162 5555 editionis
1210 5508 1411 5554 nostrte
1444 5513 1500 5568 p.
1555 5498 1657 5553 876
1688 5540 1704 5565 ,

157 5598 325 5655 aperte
350 5605 409 5645 se
450 5593 770 5663 episc0pum
804 5606 927 5647 esse
952 5590 1201 5646 declarat
1232 5612 1243 5645 :
1293 5604 1398 5660 qua
1442 5589 1707 5659 dignitate

158 5693 241 5735 nec
267 5682 575 5753 Origenem,
615 5699 715 5740 nec
743 5683 979 5748 Aetium,
1012 5698 1111 5739 nec
1160 5682 1442 5754 Didymum
1473 5681 1703 5751 potitum

157 5787 260 5828 esse
286 5788 513 5833 constat.
553 5778 858 5848 Episcopus
888 5786 1067 5831 autem
1112 5791 1233 5831 cum
1276 5773 1437 5829 fuerit
1466 5774 1703 5845 Epipha-

1810 4873 2072 4936 tanquam
2104 4862 2408 4933 prmcipuos
2435 4860 2738 4915 studiorum
2770 4874 3014 4914 meorum
3046 4859 3288 4914 fautores
3318 4870 3373 4914 et

1810 4954 2112 5025 adjutores,
2146 4953 2284 5009 alios
2340 4953 2561 5022 insuper
2618 4952 2709 5007 hic
2754 4951 3053 5007 honoriﬁce
3087 4950 3378 5022 appellem,

1809 5046 1904 5117 qni
1936 5046 2188 5101 codicum
2221 5045 2717 5114 manuscriptorum
2745 5045 2879 5099 mihi
2928 5058 3026 5115 per
3048 5059 3110 5099 se
3162 5043 3244 5099 vel
3277 5060 3374 5114 per

1812 5136 1950 5191 alios
1974 5138 2188 5207 copiam
2220 5136 2489 5191 fecerunt.
2536 5135 2593 5189 ln
2620 5136 2812 5206 primis
2838 5135 3203 5191 nominandus
3240 5135 3374 5188 mihi

1810 5227 1943 5282 esto
1983 5225 2291 5298 μακαρίτης
2315 5225 2805 5281 excellentissimus
2844 5224 3102 5281 Ecclesia:
3131 5234 3185 5279 et
3231 5226 3375 5279 sacri

1809 5318 2029 5391 Imperii
2092 5323 2345 5389 princeps
2392 5320 2645 5373 dominus
2701 5318 2971 5373 Henricus
3022 5318 3255 5373 Carolus
3303 5320 3377 5373 du

1809 5410 2094 5478 Cambout,
2132 5411 2237 5465 dux
2273 5411 2339 5465 de
2366 5409 2590 5476 Coislin,
2616 5423 2713 5479 par
2738 5408 2979 5464 Francim
3012 5419 3069 5463 et
3091 5411 3379 5479 episcopus

1809 5501 2093 5568 bletensis,
2126 5503 2217 5571 qui
2255 5500 2453 5571 insigni
2482 5502 2660 5556 omnis
2701 5501 2919 5572 generis
2973 5501 3379 5568 manuscripto-

1811 5611 1932 5649 rum
1984 5593 2230 5649 codicum
2317 5591 2690 5663 supellectile,
2745 5607 2907 5661 quam
2958 5590 3072 5660 jam
3118 5605 3149 5645 a
3196 5589 3377 5643 multis

1813 5686 1970 5742 annis
1996 5686 2053 5740 in
2102 5692 2289 5739 nostro
2314 5683 2651 5738 monasterio
2676 5683 3017 5752 deposuerat,
3052 5690 3378 5736 testamento

1811 5792 1909 5833 suo
1938 5775 2095 5833 nobis
2119 5774 2318 5845 legata,
2352 5784 2611 5829 :eternum
2650 5774 2886 5829 moriens
2936 5787 3045 5827 suae
3088 5786 3213 5843 erga
3247 5785 3378 5825 con-
