4064 6414
476 392 544 447 5!
1475 388 1800 446 ORIGENIS
1839 386 2179 444 EPISTOLA
2215 387 2308 440 AD
2343 385 2751 445 AFRICANUM
3681 390 3755 444 59.

478 509 558 562 sie
588 508 823 563 habebat
854 528 867 565 :
902 530 920 562 ι
965 511 1234 566 Preealus
1258 509 1604 566 estAnanias
1637 521 1692 565 et
1721 512 1951 565 Azarias
2007 518 2057 564 et

2166 509 2451 581 ἡμετέροις
2484 510 2839 581 ἀντιγράφοις
2868 506 3261 579 περισσεύοντα
3284 507 3437 579 παρὰ
3461 506 3529 560 τὰ
3560 508 3614 558 ὲν
3638 508 3756 567 τοῖς

482 598 694 666 Misael,
725 611 780 655 et
804 602 1163 658 laudaverunt
1192 603 1503 671 Dominum,
1536 624 1555 658 ›
1592 619 1765 675 usque
1793 606 1861 659 ad
1886 604 2052 658 illud:

483 708 504 742 ι
539 690 855 753 Benedicite
888 709 1080 751 omnes
1108 694 1352 750 colentes
1384 696 1674 754 Dominum
1712 698 1877 752 Deum
1917 696 2054 751 deo--

480 799 623 855 rum.
656 784 898 841 Laudate
927 796 982 840 et
1010 786 1380 853 conﬁtemini,
1408 789 1663 859 quoniam
1709 789 1762 842 in
1795 787 2056 843 saeculum

477 875 859 932 misericordia
892 877 1031 947 ejus,
1059 886 1115 931 et
1143 877 1196 933 in
1226 880 1485 934 szeculum
1511 881 1855 938 saeculorum.
1879 882 1946 936 Et
1973 881 2056 936 fa-

480 976 626 1020 ctum
663 978 745 1023 est
772 985 896 1024 eum
932 974 1153 1031 audiret
1180 990 1276 1031 rex
1303 978 1425 1032 illos
1459 975 1780 1042 laudantes,
1820 985 1875 1031 et
1906 976 2056 1031 vide-

481 1068 562 1113 ret
584 1073 678 1115 eos
704 1064 967 1120 viventes.
1002 1084 1022 1118 ι
1063 1068 1135 1122 At
1179 1070 1477 1125 secundum
1519 1069 1621 1124 alia
1665 1069 2005 1139 exemplaria
2038 1087 2073 1125 :.

483 1169 503 1202 ε
544 1150 609 1206 Ει
631 1154 982 1213 ambulabant
1007 1159 1059 1213 in
1083 1161 1260 1216 medio
1285 1160 1534 1227 ﬂammze,
1553 1162 1836 1219 laudantes
1862 1162 2054 1225 Deum,

476 1253 535 1298 et
572 1244 960 1305 benedicentes
986 1252 1297 1319 Dominum,
1336 1272 1356 1305 ι
1394 1269 1569 1324 usque
1600 1254 1666 1309 ad
1694 1254 1823 1309 illud
1852 1277 1864 1310 :
1902 1272 1921 1307 ι
1955 1254 2055 1309 Be-

476 1336 712 1393 nedicite
732 1334 922 1397 o‘mnes
947 1343 1197 1399 colentes
1227 1343 1518 1400 Dominum
1569 1346 1736 1401 Deum
1785 1348 2008 1402 deorum
2032 1386 2047 1409 ,

473 1428 694 1484 laudate
722 1440 777 1485 et
804 1435 1141 1490 confitemini
1169 1477 1183 1499 ,
1237 1439 1495 1507 quoniam
1538 1440 1592 1492 in
1630 1439 1816 1493 omnia
1853 1437 2053 1493 saecula

472 1519 855 1577 misericordia
884 1523 1023 1593 ejus.
1060 1544 1077 1579 ι
1107 1524 1162 1580 lu
1200 1527 1428 1586 Hebraeo
1468 1540 1646 1585 autem
1682 1530 1764 1585 his
1816 1529 1994 1585 verbis
2036 1547 2049 1583 :

479 1629 499 1662 ι
538 1611 604 1667 Ει
635 1623 747 1670 tres
803 1615 876 1671 illi
912 1618 1014 1673 viri
1046 1618 1310 1686 Sedrach,
1335 1622 1566 1688 Misacb,
1602 1622 1924 1692 Abdenego,
1959 1636 2054 1677 ce-

473 1702 727 1761 ciderunt
760 1707 814 1762 in
849 1710 1083 1765 medium
1123 1712 1261 1782 ignis
1287 1715 1494 1783 vincti;
1531 1733 1549 1768 ι
1589 1716 2052 1771 connectebantur

472 1796 575 1849 ista
607 1815 619 1851 :
656 1816 676 1851 ι
710 1799 826 1856 Rex
854 1802 1356 1862 Nabuchodonosor
1386 1808 1617 1865 miratus
1647 1819 1752 1876 est,
1784 1819 1837 1865 et
1866 1824 2051 1865 surre-

472 1886 555 1953 xit
578 1887 923 1961 festinanter,
956 1906 1011 1949 et
1048 1900 1328 1966 respondit
1351 1941 1367 1966 ,
1400 1902 1647 1970 dixitque
1692 1902 2050 1973 optimatibus

473 1981 613 2039 suis.
652 2002 671 2035 ι
711 1984 803 2039 Sic
834 1988 979 2042 enim
1012 1989 1207 2058 Aquila
1242 1993 1529 2048 Hebraicae
1559 1994 1776 2050 lectioni
1805 1997 2051 2051 serviens

473 2074 674 2142 edidit;
702 2092 863 2145 quem
886 2078 1055 2137 Judaei
1087 2080 1429 2152 Scripturam
1459 2086 1755 2141 studiosius
1782 2086 2048 2155 interpre-

474 2170 644 2220 tatum
673 2182 794 2231 esse
832 2172 1086 2239 credunt,
1118 2184 1173 2230 et
1202 2191 1311 2246 quo
1351 2177 1591 2233 maxime
1630 2178 1708 2233 uti
1743 2177 2040 2233 solentHe-

472 2255 675 2317 braicae
704 2261 901 2332 linguae
925 2264 1190 2335 imperiti,
1213 2277 1404 2337 utpote
1425 2270 1639 2326 caeteris
1669 2270 1921 2325 onmibus
1948 2270 2055 2344 14

473 2350 671 2406 melius
703 2366 926 2409 sensum
961 2367 1240 2415 assecuto.
1290 2359 1612 2417 Nostrorqu
1651 2371 1834 2417 autem
1868 2378 2054 2417 exem-

472 2442 728 2514 plarium.
753 2461 987 2516 quorum
1019 2452 1183 2506 etiam
1212 2468 1373 2508 voces
1395 2454 1622 2523 exposui
1645 2495 1659 2519 ,
1687 2454 1834 2509 aliud
1859 2471 2054 2510 secun-

472 2537 601 2591 dum
634 2537 776 2593 LXX
804 2541 1134 2613 lnterpretes
1158 2557 1278 2600 erat
1303 2589 1317 2610 ,
1344 2547 1492 2601 aliud
1525 2548 1832 2603 secundum
1878 2548 2053 2603 Theo-

473 2629 793 2699 dotionem;
823 2644 879 2689 et
914 2635 1056 2689 sicut
1091 2637 1231 2704 apud
1283 2646 1574 2705 utrumque
1623 2638 1859 2707 positum
1899 2652 2052 2708 repe-

473 2720 722 2778 riebatur
764 2724 895 2781 illud
926 2725 1192 2783 Susanuae
1227 2727 1371 2797 quod
1410 2729 1547 2783 dicis
1588 2728 1906 2798 figmentum
1946 2744 2052 2783 una

473 2829 596 2869 cum
633 2815 838 2874 ultimis
872 2834 993 2889 qua:
1018 2820 1226 2875 Danieli
1255 2821 1460 2885 insunt,
1496 2821 1782 2889 partibus;
1812 2821 1883 2875 ita
1917 2835 2053 2890 quo-

473 2918 579 2973 que
608 2906 736 2973 ista,
758 2909 1030 2979 versibus,
1056 2919 1113 2964 ut
1138 2910 1456 2980 conjectura
1489 2910 1596 2964 dici
1624 2917 1823 2978 potest,
1852 2910 2053 2965 ducen-

474 2998 544 3052 tis
571 3006 626 3053 et
656 3000 908 3069 amplius.

2179 599 2487 673 Ἑϐραϊκοῖς
2514 601 2617 673 ἕπη
2650 601 2750 654 οὐκ
2782 600 2936 669 ὀλίγα
2959 640 2973 663 ,
3004 598 3079 654 ὢν
3115 598 3258 671 ἀρχὴ
3301 598 3441 652 κατὰ
3492 598 3589 667 μέν
3631 615 3758 651 τινα

2164 697 2272 750 τῶν
2300 697 2613 770 φερομένων
2645 700 2701 750 ἐν
2732 700 2853 761 ταῖς
2878 696 3195 770 ἐκκλησίαις
3211 694 3278 769 ἦν
3307 697 3499 761 οὕτως·
3536 717 3554 749 ι
3574 698 3757 769 Προσ-

2169 790 2402 861 ηύξαντο
2447 790 2729 854 Ἀνανίας,
2770 792 2864 845 καὶ
2901 790 3185 863 Ἀζαρίας,
3231 791 3325 844 καὶ
3354 789 3606 860 Μισαὴλ,
3656 788 3757 844 καὶ

2166 881 2415 953 ὕμνησαν
2444 882 2534 935 τὸν
2560 882 2785 954 Κύριον·
2819 900 2836 933 ι
2874 881 2978 945 ἕως
3005 880 3120 935 τοῦ
3166 901 3184 932 ι
3223 880 3508 949 Εὑλογεῖτε
3553 881 3758 944 πάντες

2163 974 2211 1025 οἱ
2262 972 2542 1044 σεϐόμενοι
2576 973 2782 1045 Κύριον
2810 973 2899 1025 τὸν
2928 972 3061 1025 Θεὸν
3122 972 3230 1025 τῶν
3283 970 3443 1029 θεῶν.
3502 970 3757 1041 ’Υμνεῖτε

2163 1066 2259 1119 καὶ
2291 1062 2700 1136 ἐξομολογεῖσθε
2722 1106 2735 1131 ,
2769 1066 2850 1118 ὅτι
2877 1066 2957 1129 εἰς
2986 1066 3078 1118 τὸν
3110 1063 3282 1117 αἰῶνα
3310 1064 3370 1116 τὸ
3397 1062 3543 1126 ἕλεος
3561 1061 3755 1126 αὐτοῦ,

2165 1158 2258 1211 καὶ
2280 1158 2360 1221 είς
2391 1157 2482 1211 τὸν
2518 1158 2689 1211 αἰῶνα
2722 1156 2830 1212 τῶν
2876 1155 3107 1211 αἰώνων.
3144 1156 3255 1209 Καὶ
3301 1155 3519 1224 ἐγένετο
3557 1156 3616 1207 ἐν
3674 1156 3758 1225 τῷ

2162 1249 2393 1303 ἀκοῦσαι
2423 1250 2513 1303 τὸν
2540 1248 2763 1319 βασιλέα
2816 1247 3130 1319 ὑμνούντων
3161 1245 3340 1300 αὐτῶν
3362 1286 3376 1309 ,
3403 1246 3496 1299 καὶ
3529 1244 3757 1316 ἐθεώρει

2162 1341 2358 1404 αὐτοὺς
2392 1340 2621 1405 ζῶντας.
2667 1360 2685 1393 ι
2726 1340 2888 1395 Κατὰ
2907 1339 2963 1392 δὲ
2989 1340 3171 1410 ἕτεραο
3204 1357 3222 1389 ι
3250 1339 3359 1391 Καὶ
3389 1336 3759 1408 περιεπάτουν

2162 1432 2221 1483 ὲν
2254 1431 2407 1502 μέσῳ
2439 1432 2541 1501 τῆς
2574 1431 2769 1501 φλογὸς
2797 1428 3094 1501 ὑμνοῦντες
3136 1428 3226 1482 τὸν
3258 1427 3391 1481 Θεὸν
3414 1468 3428 1493 ,
3461 1428 3555 1481 καὶ
3596 1427 3757 1480 εὐλο-

2160 1524 2385 1592 γοῦντες
2433 1526 2526 1579 τὸν
2571 1526 2794 1598 Κύριοψ
2830 1543 2850 1577 ι
2887 1525 2991 1588 ἕως
3016 1522 3129 1577 τοῦο
3168 1540 3186 1573 ι
3221 1522 3504 1588 Εύλογεῖτε
3551 1521 3759 1583 πάντες

2158 1622 2209 1674 οἱ
2242 1620 2522 1692 σεϐόμενοι
2548 1621 2639 1675 τὸν
2660 1621 2865 1692 Κύριον
2888 1620 2978 1673 τὸν
3003 1618 3136 1672 Θεὸν
3162 1615 3269 1671 τῶν
3298 1614 3456 1669 θεῶν.
3498 1614 3756 1683 Ὺμνεῖτε

2160 1713 2256 1768 καὶ
2306 1711 2735 1783 ἐξομολογεῖσθε,
2781 1714 2863 1766 ὅτι
2891 1714 2970 1775 είς
3016 1711 3224 1773 πάντας
3271 1709 3397 1771 τοὺς
3438 1705 3641 1769 αἰῶνας
3686 1707 3758 1760 τδ

2160 1803 2307 1867 ἔλεος
2324 1803 2544 1857 αὑτοῦ.»
2575 1802 2822 1873 Συνῆπτο
2836 1801 2892 1854 δὲ
2922 1803 2980 1853 ἐν
3002 1804 3113 1863 τοῖς
3140 1800 3445 1871 Ἑϐραϊκοῖς
3475 1797 3555 1850 τό·
3594 1814 3613 1847 ι
3639 1795 3757 1848 Καὶ

2160 1896 2211 1948 οἱ
2240 1895 2434 1968 ἄνδρες
2464 1897 2660 1949 ἐκεῖνοι
2691 1895 2740 1948 οἱ
2767 1895 2916 1966 τρεῖς
2936 1892 3162 1963 Σεδρὰχ,
3187 1890 3393 1962 Μισάχ,
3430 1887 3757 1957 Ἀϐδενεγὼ,

2160 1987 2354 2041 ἔπεσον
2400 1988 2480 2050 είς
2527 1986 2691 2057 μέσον
2736 1985 2830 2038 τοῦ
2874 1985 3044 2055 πυρὸς
3085 1984 3472 2053 πεπεδημένοι·
3519 2002 3538 2035 ι
3574 1982 3635 2035 τό
3667 1997 3757 2035 ea-

2167 2096 2185 2130 t
2208 2079 2266 2131 Ὀ
2297 2077 2551 2148 βασιλεὺς
2572 2075 3082 2146 ὀΝαϐουχοδονόσορ
3108 2073 3407 2143 ἐθαύμασε,
3436 2071 3532 2127 καὶ
3550 2072 3757 2144 ἀνέστη

2160 2173 2218 2226 ἐν
2246 2170 2471 2239 σπουδῇ,
2494 2169 2588 2220 καὶ
2610 2166 2901 2240 ἀπεκρίθη,
2926 2166 3021 2219 καὶ
3042 2162 3163 2219 εἶπε
3185 2167 3297 2229 τοῖς
3318 2168 3637 2237 μεγιστᾶσιν
3656 2168 3762 2221 αύ-

2159 2258 2277 2314 τοῦ.
2302 2278 2322 2312 ι
2356 2257 2515 2315 Οὕτω
2542 2256 2651 2328 γὰρ
2686 2256 2917 2319 Ἀκύλας
2948 2255 3060 2327 (ει)
3091 2254 3359 2309 δουλεύων
3381 2258 3446 2327 τῇ
3484 2255 3759 2327 Ἐϐραῖκῇ

2160 2354 2303 2419 λέξει
2331 2352 2626 2406 ἐκδέδωκεν
2656 2349 2845 2404 εἰπών·
2880 2350 3291 2422 φιλοτιμότερον
3316 2350 3759 2420 πεπιστευμένος

2164 2445 2316 2517 παρά
2371 2443 2643 2506 Ἰουδαίοις
2686 2442 2796 2513 (25)
2844 2442 3253 2513 ἡρμηνευκέναι
3304 2442 3404 2513 τὴν
3432 2442 3678 2513 Γραφήν·
3708 2435 3758 2509 ᾧ

2164 2537 2400 2607 μάλιστα
2420 2534 2639 2588 εἰώθασι
2682 2535 2732 2587 οἱ
2746 2535 3068 2604 ἀγνοοῦντες
3082 2534 3179 2605 τὴν
3195 2534 3461 2606 Ἐϐραίων
3474 2534 3758 2588 διάλεκτον

2160 2630 2395 2703 χρῆσθαι
2421 2669 2435 2693 ,
2468 2629 2544 2692 ὡς
2574 2629 2791 2682 πάντων
2816 2627 3016 2699 μᾶλλον
3067 2628 3525 2699 ἐπιτετευγμένῳ.
3576 2627 3659 2680 Τὰ
3696 2627 3757 2680 δὲ

2162 2728 2293 2796 παρ’
2312 2725 2446 2795 ἡμῖν
2485 2722 2816 2794 ἀντίγραφα,
2846 2715 2922 2775 ὧν
2949 2721 3041 2775 καὶ
3070 2722 3170 2785 τὰς
3194 2720 3367 2787 λέξεις
3383 2720 3667 2790 ἐξεθέμην,
3692 2719 3759 2772 τὸ

2166 2817 2262 2887 μὲν
2290 2811 2359 2885 ἦν
2391 2813 2531 2867 κατά
2561 2814 2684 2877 τοὺς
2707 2817 2789 2867 θ’·
2822 2814 2883 2866 τὸ
2910 2813 2966 2865 δὲ
3009 2812 3196 2883 ἕτερον
3225 2812 3366 2865 κατά
3398 2810 3754 2863 Θεοδοτίωνα·

2161 2910 2259 2965 καὶ
2290 2908 2482 2979 ὥσπερ
2518 2908 2645 2978 παρ’
2674 2907 3004 2978 ἀμφοτέροις
3043 2906 3219 2960 ἔκειτο
3250 2904 3360 2976 (Ξϐι
3391 2905 3452 2958 τὸ
3483 2907 3612 2977 περὶ
3652 2905 3759 2975 τὴν

2165 3000 2474 3064 Σωσάνναν,
2506 2999 2581 3062 ὠς
2615 2999 2679 3051 σὺ
2715 2998 2837 3069 φὴς,
2873 2997 3120 3069 πλάσμα,
3154 2997 3247 3051 καὶ
3270 3000 3324 3051 αἱ
3352 2998 3661 3050 τελευταῖαι
3693 2998 3755 3049 ἐν

474 3089 549 3163 τῷ
574 3092 774 3165 Δανιὴλ
795 3098 1091 3165 περικοπαί
1119 3096 1253 3168 (27)’
1282 3098 1423 3152 οὕτω
1443 3101 1536 3153 καὶ
1561 3099 1732 3154 ταῦτα
1763 3100 1820 3155 ἐν
1840 3099 2129 3166 ἐπεσιν,ὼς
2162 3095 2455 3168 στοχασμῷ
2503 3098 2675 3148 εἰπεῖν
2695 3135 2708 3157 ,
2763 3094 3099 3164 τυγχάνοντα
3129 3095 3423 3158 διακοσίοις
3468 3095 3562 3149 καὶ
3591 3092 3759 3166 πρός.

541 3189 599 3243 3.
628 3185 686 3243 In
717 3189 902 3246 multis
931 3206 1149 3262 quoque
1183 3193 1308 3249 aliis
1335 3198 1545 3251 sanctis
1564 3196 1722 3252 libris
1746 3199 2055 3253 invenimus
2082 3201 2126 3258 ο

474 3278 674 3336 alicubi
705 3282 921 3351 quidem
949 3283 1101 3353 plura
1128 3300 1248 3341 esse
1278 3290 1419 3355 apud
1453 3303 1553 3344 nos
1579 3305 1742 3359 quam
1772 3291 1915 3360 apud
1943 3289 2052 3345 lie—

475 3372 676 3439 brzeos,
713 3372 919 3429 alicubi
957 3390 1086 3431 vero
1110 3379 1396 3446 pauciora.
1429 3380 1681 3451 Exempli
1707 3398 1897 3449 causa,
1922 3398 2057 3452 quo-

474 3460 622 3517 niam
648 3477 751 3518 non
787 3468 968 3520 omnia
998 3467 1177 3523 simul
1207 3480 1437 3538 possunt
1486 3474 1913 3543 comprehendi,
1966 3474 2059 3527 ali-

502 3689 513 3701 _
545 3617 660 3701 (ει)
692 3620 857 3701 ρῦτω
882 3622 992 3701 πὰρ
1045 3625 1314 3701 ᾉκύλας.
1349 3628 1584 3681 Consule
1614 3630 1859 3699 ejusdem
1907 3630 2056 3701 Prrer

476 3688 751 3769 limiparia
786 3691 838 3745 in
876 3688 1121 3769 lleaapln
1161 3688 1412 3769 tirigeiiis
1455 3688 1660 3767 capite'
1683 3702 1909 3769 quinto,
1962 3700 2053 3755 ubi

478 3760 545 3839 de
578 3761 863 3839 Aquilae}
899 3760 1380 3839 ejus'editionibus
1419 3760 1575 3823 docie
1627 3760 1727 3838 pro
1771 3760 1922 3826 more
1956 3785 2055 3825 suo

477 3830 883 3912 disseritayide
916 3830 1117 3889 ibidem
1156 3830 1652 3912 caput‘septimum
1701 3844 1767 3896 de
1793 3842 2047 3896 Theodo-

479 3902 647 3955 tionis
673 3902 913 3976 editione
941 3920 1106 3976 quam
1146 3902 1307 3976 paulo
1339 3902 1478 3962 infra
1506 3908 1772 3970 Origenes
1809 3911 2052 3966 comme-

476 3978 676 4051 rno‘rat.
707 4000 775 4051 _--
802 3973 955 4039 Quod
987 3975 1128 4030 infra
1148 3973 1421 4046 Sequitur,
1456 3980 1843 4051 πεπεδημένον
1872 3982 1932 4035 τό
1962 3999 2020 4034 τε
2042 3999 2054 4011 ·

474 4039 803 4124 ὀβλθιοτ,
871 4057 1202 4124 co‘rr_up“lum_
1232 4039 1356 4124 est;
1389 4039 1619 4124 emendo
1655 4039 2059 4124 ’πεπεδημένον

474 4110 558 4164 τά
579 4110 714 4165 Τότε
744 4106 952 4200 (Ii-ants)
988 4117 1015 4167 ὁ
1041 4106 1476 4183 ’Βασιλεύς,’θιο.
1504 4118 1720 4177 None.
1868 4106 1902 4125 "

685 4204 852 4285 Παρᾴ
879 4204 1213 4285 Ἰουδαίοις.
1245 4207 1413 4265 Recte
1471 4213 1650 4285 codex
1679 4213 1879 4285 Regius
1914 4211 2063 4285 [cum

478 4272 700 4345 Cant-1;
736 4275 873 4328 male
903 4286 1081 4330 autem
1137 4272 1493 4348 Wetstenius,
1516 4282 1667 4354 παρὰ
1718 4272 2024 4346 Ἰὄυδαίόυς.

548 4363 663 4442 (26)
690 4366 836 4442 ηαρξ
860 4368 1236 4442 ἀμφοτέροις
1263 4368 1475 4424 ἔκειτο.
1512 4372 1873 4442 Hieronymus
1917 4389 2057 4442 pra:-

480 4434 687 4514 fatione
718 4434 1127 4514 in-Qariielem':
1164 4434 1516 4514 (Danielem,
1568 4434 1765 4514 inquit,
1817 4434 2053 4513 prophe-

483 4507 1158 4587 tam'juxtaSeptuaginta
1186 4507 1772 4587 lnterpretes_Domini:
1802 4507 2053 4587 Salvato-

479 4576 559 4657 ris
587 4576 846 4657 Ecclesiae
877 4596 981 4634 non
1009 4581 1216 4657 legum,
1266 4576 1479 4657 utentes
1498 4585 1901 4657 ‘Theodotionis
1941 4584 2056 4657 edi-

482 4649 634 4700 tione
662 4658 677 4698 :
702 4657 770 4723 et
800 4649 1028 4723 hoecur
1049 4651 1332 4714 acciderit,
1364 4655 1567 4709 nescio.
1602 4655 1729 4710 Sive
1756 4657 1899 4709 enim
1928 4655 2055 4723 quia

482 4730 667 4773 sermo
695 4715 1026 4794 Chaldaieus
1044 4732 1152 4794 est,
1196 4732 1251 4776 et
1272 4722 1593 4790 quibusdam
1629 4715 2058 4794 proprietati-bus

483 4802 514 4865 ξι
545 4796 730 4840 nostro
757 4787 1312 4865 eloqulodiscrepat,
1364 4787 1660 4849 noluerunt
1698 4787 2057 4865 Septuaginta

482 4856 826 4930 lnterpretes
868 4856 1084 4914 easdem
1137 4856 1335 4930 lingua:
1373 4864 1548 4919 lineas
1592 4867 1645 4920 in
1700 4856 2058 4919 tra'nslaiioue

484 4941 708 4981 servare
744 4947 757 5002 ς
787 4929 901 5002 sive
934 4932 1035 5002 sub
1065 4929 1282 4984 nomine
1309 4947 1496 4986 eorum
1529 4938 1595 4988 ab
1615 4937 1720 4995 alio
1745 4936 1929 4989 nescio
1950 4950 2060 5002 quo

488 5013 598 5051 non
653 4999 787 5072 satis
821 4999 1135 5072 lealdazam
1187 5002 1424 5068 linguam
1455 5009 1686 5072 sciente,
1712 5006 1894 5062 editus
1920 4999 2059 5059 liber

486 5077 606 5132 est;
638 5068 929 5147 siveAaliud
965 5071 1093 5139 quid
1123 5085 1302 5124 causa:
1329 5076 1623 5147 exstiterit,
1651 5068 1930 5147 ignorans,
1960 5077 2061 5128 hoc

487 5153 654 5211 unum
690 5138 993 5211 afﬁrmare
1020 5156 1272 5209 possum,
1318 5146 1461 5211 quod
1508 5138 1733 5200 multum
1766 5161 1794 5199 a
1830 5147 2061 5200 veritate

489 5208 783 5271 discordet,
808 5217 861 5262 et
895 5208 1045 5266 recto
1074 5212 1281 5276 judicio
1316 5208 1632 5280 repudiatus
1672 5219 1762 5272 sit.
1808 5236 1828 5269 ι
1864 5216 2059 5279 Porro,

491 5288 629 5331 teste
647 5280 857 5356 eodem
882 5280 1214 5356 Hieronymo
1255 5284 1573 5356 praefatione
1611 5289 1678 5341 ad
1718 5286 2063 5356 explanatio-

489 5362 611 5428 nem
647 5351 698 5399 in
724 5347 1001 5428 Danielem
1028 5393 1041 5415 ,
1091 5347 1280 5428 in_hac
1309 5354 1504 5408 vitiosa
1547 5347 1933 5428 Septuaginta,
1966 5371 2061 5411 seu

486 5419 627 5469 alius
670 5419 858 5472 nescio
891 5420 1044 5488 cujus
1075 5423 1167 5489 qui
1199 5438 1394 5477 nomen
1433 5419 1636 5479 eorunf
1668 5419 2058 5492 mehtiebatur,

499 5508 755 5571 editione,
788 5510 1068 5575 Susannre,
1098 5512 1236 5567 Belis
1271 5524 1324 5569 et
1354 5514 1603 5569 draconis
1631 5517 1869 5573 historia:
1900 5530 2073 5574 exsta-

495 5577 655 5637 bant,
690 5594 790 5631 nec
841 5597 902 5635 ex
938 5584 1328 5637 Theodotionis
1373 5585 1607 5639 editione
1658 5588 1783 5642 illnc
1827 5590 2072 5644 adducta:

494 5648 749 5714 putandae
794 5661 951 5715 sunt,
1000 5654 1291 5721 siquidem,
1342 5664 1400 5707 ut
1440 5655 1638 5709 ibidem
1672 5660 2070 5713 monetlliero-

495 5730 730 5794 nymus,_
762 5736 783 5769 ς
828 5721 1092 5794 Eusebius
1137 5731 1191 5776 et
1238 5722 1607 5794 Apollinarius
1640 5728 1753 5794 pari
1802 5729 2069 5784 sententia

495 5787 898 5863 responderunt
929 5791 1215 5863 Susanna},
1243 5787 1486 5863 Belisque
1522 5812 1583 5849 ae
1625 5787 1872 5852 draconis
1914 5798 2068 5852 fabu-

496 5852 715 5913 las—non
742 5860 1005 5917 contineri
1043 5862 1099 5917 in
1124 5852 1415 5932 Hebraico;
1441 5866 1536 5921 sed
1562 5875 1769 5937 partem
1797 5883 1914 5925 esse
1940 5884 2068 5939 pro-

2232 3212 2287 3263 γ.
2305 3194 2415 3247 Καὶ
2432 3194 2488 3245 ἐν
2513 3191 2693 3254 ἄλλοις
2724 3192 2780 3244 δὲ
2815 3192 3029 3255 πολλοῖς
3069 3193 3243 3261 ἁγίοις
3260 3192 3480 3263 βιϐλίοις
3497 3192 3757 3265 εὕρομεν,

2163 3288 2239 3358 πὴ
2278 3286 2377 3357 μὲν
2404 3284 2624 3338 πλείονα
2640 3284 2767 3355 παρ’
2797 3287 2931 3355 ἡμῖν
2961 3284 3242 3357 κείμεναῆ
3270 3286 3405 3357 παρ’
3453 3284 3755 3355 Ἑϐραίοις,

2166 3382 2242 3451 πὴ
2295 3381 2352 3433 δὲ
2380 3378 2655 3434 λείποντα.
2684 3378 3133 3450 Παραδείγματος
3171 3378 3227 3431 δέ
3267 3379 3454 3431 ἕνεκεν
3474 3417 3489 3441 ,
3519 3379 3642 3431 ἐπεὶ
3677 3377 3759 3449 μὴ

2166 3473 2343 3526 πάντα
2391 3467 2503 3524 οἷόν
2543 3470 2602 3525 τέ
2648 3471 2762 3523 ἐστι
2795 3470 3110 3542 περιλαϐεῖν
3140 3470 3290 3540 (28),
3322 3469 3477 3539 ὀλίγα
3525 3470 3761 3539 ἐκθησό-

2158 3628 2356 3697 phetiaz
2382 3628 2644 3683 llabacuc
2678 3627 2771 3681 lilii
2807 3625 2935 3680 Jesu
2975 3626 3039 3680 de
3077 3626 3216 3681 tribu
3241 3625 3372 3680 Levi
3399 3644 3412 3689 ;
3436 3623 3755 3697 sieutjusta

2163 3695 2519 3770 Septuaginta
2552 3698 2883 3770 Interpretes
2925 3699 2976 3750 in
3011 3698 3168 3751 titulo
3208 3697 3456 3765 ejusdem
3479 3696 3638 3770 Belis
3670 3695 3759 3748 fa-

2164 3770 2304 3825 buhe
2338 3767 2560 3837 ponitur
2598 3786 2612 3821 :
2657 3785 2675 3819 ι
2710 3768 2884 3821 Homo
2917 3770 3141 3835 quidam
3174 3778 3296 3821 erat
3335 3767 3619 3837 sacerdos.
3653 3780 3758 3837 no-

2167 3840 2313 3893 mine
2339 3834 2569 3906 Ἧιιιιίοι,
2623 3838 2766 3893 filius
2815 3834 3004 3900 Abda.
3039 3837 3265 3892 conviva
3328 3839 3470 3905 regis
3518 3834 3759 3906 Babylo-

2170 3910 2253 3963 nis
2290 3928 2305 3963 :
2352 3926 2474 3963 eum
2503 3904 2787 3962 Danielem
2824 3918 2878 3961 et
2912 3918 3023 3961 tres
3071 3922 3268 3975 pueros
3312 3904 3569 3963 de’tribu
3610 3904 3754 3959 Juda

2168 3978 2357 4045 fuisse,
2386 3987 2574 4033 saneta
2610 3979 2892 4046 Scriptura
2922 3987 3170 4033 testetur.
3204 3995 3224 4031 ι
3259 3977 3365 4033 Sed
3402 3976 3539 4030 nihil
3571 3975 3756 4030 simile

2171 4050 2233 4115 in,
2285 4049 2679 4104 Theodotionis
2731 4049 2973 4102 editione
3027 4058 3191 4102 erat:
3243 4048 3495 4103 exstabat
3531 4060 3663 4115 ergo
3698 4047 3755 4099 in

2171 4110 2313 4173 LXX
2345 4119 2605 4175 editione.
2636 4117 2749 4171 llue
2772 4119 2911 4173 addc
2945 4120 3089 4186 quod
3122 4118 3305 4186 inepte
3333 4110 3627 4186 admodum
3663 4130 3755 4170 re-

2171 4190 2469 4257 sponderet
2495 4188 2760 4256 Origenes
2791 4190 2931 4258 apud
2964 4185 3109 4242 LXX
3138 4198 3194 4242 et
3221 4185 3380 4257 apud
3412 4185 3754 4258 Tlteodmio-

2170 4276 2291 4312 ncm
2323 4273 2384 4311 se
2426 4264 2698 4327 reperisse
2730 4257 3016 4322 Susanna,
3046 4259 3190 4313 Belis
3212 4273 3277 4313 ac
3302 4258 3556 4315 draconis
3578 4257 3725 4327 histo

2173 4328 2304 4393 riiis,
2336 4330 2379 4383 si
2418 4324 2682 4397 ejusnmdi
2734 4328 2981 4383 historiae
3034 4344 3064 4382 e
3097 4327 3558 4383 Theodotionein
3602 4324 3768 4381 LXX.

2168 4400 2459 4453 editionem
2514 4400 2869 4459 transierant,
2923 4409 2979 4451 et
3039 4400 3176 4453 idem
3229 4398 3518 4467 utrobique
3571 4406 3753 4451 textus

2163 4480 2304 4533 erat,
2341 4479 2397 4521 ut
2428 4468 2564 4523 falso
2593 4470 2797 4522 asserit
2823 4468 3218 4523 Welsthenius.
3246 4469 3381 4535 Quis
3424 4480 3605 4522 autem
3639 4468 3748 4521 sibi

2164 4538 2216 4592 in
2279 4539 2523 4592 animum
2561 4539 2785 4594 inducat
2835 4540 2885 4592 id
2931 4537 3220 4607 Origenem
3256 4540 3503 4608 potuisse
3542 4536 3752 4592 latere?

2162 4609 2437 4662 Praeterea
2469 4620 2659 4663 auctor
2696 4610 3033 4679 interpolata:
3068 4611 3257 4677 lgnatii
3282 4610 3348 4663 ad
3371 4608 3752 4679 Maguesianos

2163 4679 2409 4746 epistolie
2443 4680 2812 4734 dodecennem
2849 4678 3013 4732 refert
3056 4682 3228 4734 fuisse
3270 4680 3545 4733 Danielem
3573 4720 3588 4743 ,
3622 4694 3759 4733 cum.

2166 4750 2449 4820 Susanna}
2487 4750 2717 4803 historia
2760 4751 2991 4820 contigit
3034 4767 3047 4803 :
3082 4750 3285 4820 Δανιὴλ
3310 4753 3339 4802 ό
3378 4748 3540 4819 σοφὸς
3581 4748 3749 4803 δωδε-

2163 4819 2363 4890 καετὴς
2390 4819 2590 4890 γέγονε
2612 4820 2840 4890 κάτοχος
2877 4818 2954 4889 τῷ
2983 4820 3116 4885 Θεοῦ
3154 4818 3424 4889 πνεύματι
3446 4819 3589 4883 ,’καὶ
3620 4819 3747 4883 τοὺς

2166 4889 2343 4961 μάτην
2375 4892 2476 4961 τὴν
2512 4889 2702 4961 πολιὰν
2742 4891 3014 4961 φέροντας
3056 4891 3385 4961 πρεσϐύτας
3409 4890 3749 4959 συκοφάντας

2165 4959 2260 5011 καὶ
2290 4959 2640 5032 ἐπιθυμητὰς
2670 4959 2945 5031 ἀλλοτρίου
2993 4959 3219 5024 κάλλους
3258 4960 3552 5032 ἁπήλεγξε.
3588 4978 3606 5011 t
3642 4961 3746 5013 Da-

2167 5031 2273 5083 niel
2300 5031 2386 5083 ille
2411 5031 2650 5096 sapiens,
2674 5048 2795 5084 cum
2823 5033 3105 5085 duodecim
3125 5042 3272 5087 esset
3301 5046 3568 5085 annorum
3604 5032 3743 5099 Spi-

2167 5100 2271 5151 ritu
2304 5100 2396 5153 Dei
2421 5101 2635 5155 alIlatus
2658 5112 2796 5165 erat,
2815 5110 2869 5155 et
2884 5116 3042 5157 senes
3069 5102 3267 5156 frustra
3295 5115 3463 5156 canos
3486 5099 3753 5168 ferentes.

2168 5170 2597 5241 calumniatores
2626 5182 2681 5225 et
2724 5172 2913 5225 aliena:
2954 5172 3145 5226 forma:
3190 5181 3511 5241 appetentes
3548 5171 3741 5224 redar-

2168 5240 2303 5308 guit.
2333 5258 2350 5289 ι
2380 5239 2525 5295 Idem
2553 5242 2715 5298 habet
2737 5242 2998 5309 Sulpitius
3017 5239 3520 5296 Severusﬂistoria
3566 5257 3743 5308 sacra,

2171 5324 2233 5372 ιι,
2264 5318 2318 5363 et
2341 5311 2522 5381 v_ersio
2548 5314 2771 5381 Syriaca
2804 5314 2974 5365 altera
3021 5328 3184 5380 quam
3220 5312 3441 5367 exhibet
3479 5310 3742 5366 Valtonus

2172 5389 2304 5451 tom.
2336 5379 2405 5433 1V
2434 5379 2701 5450 Polyglot.
2740 5384 2898 5451 Atqui
2921 5379 3315 5436 Thebdotionis
3347 5383 3516 5437 editio
3553 5384 3746 5437 uullibi

2171 5449 2373 5503 indicat
2423 5449 2699 5505 Danielem
2748 5449 2873 5505 tunc
2913 5452 3200 5507 duodecim
3234 5453 3402 5506 fuisse
3432 5468 3741 5507 anulorum:

2173 5520 2286 5590 Inec
2317 5536 2446 5590 ergo
2479 5523 2815 5576 dodecennis
2844 5534 2976 5576 mtas
3008 5538 3040 5578 e
3077 5524 3247 5589 veteri
3287 5522 3431 5577 LXX
3475 5537 3569 5576 aut
3598 5522 3745 5576 alius

2171 5589 2477 5659 cujuspiam
2510 5594 2600 5660 qui
2632 5606 2825 5645 nomen
2849 5608 3034 5646 eorum
3064 5593 3446 5659 mentiebatur,
3502 5593 3743 5647 editione

2170 5660 2238 5713 ab
2273 5661 2538 5732 Ejzclesiis
2574 5673 2759 5729 postea
2784 5664 3068 5728 repudiata
3108 5665 3387 5732 desumpta
3422 5676 3525 5716 est.

2242 5730 2578 5806 “Codex
2625 5733 2915 5806 wetstenii
2960 5736 3235 5806 mendose,
3272 5730 3666 5806 περικόπομεχ.

2233 5801 2347 5875 (ἳὸ)
2375 5800 2651 5875 Patricius
2684 5803 2914 5875 Junius,
2976 5800 3360 5875 παραλαϐεῖν,ξ
3400 5800 3557 5857 Infra'
3584 5803 3740 5855 Wet.

2173 5874 2331 5930 steuii
2387 5873 2591 5941 codex,
2638 5873 3294 5944 οἱκοδομῆσαιδυνάμενα.
3327 5876 3739 5931 l’auionosti’a-
