4064 6414
680 462 757 522 55
1041 500 1044 503 .
1678 455 2004 514 ORIGENIS
2042 457 2377 514 EPISTULA
2411 461 2503 516 AD
2540 460 2956 518 AFRICANUM
3865 459 3928 514 55

681 583 969 640 animabus
994 597 1204 638 eorum.
1247 599 1267 631 ι
1303 579 1366 633 Et
1393 593 1514 634 cum
1541 577 1625 635 his
1658 595 1672 633 :
1711 598 1729 631 ι
1766 581 2048 636 Venerunt
2078 581 2248 653 angeli

2366 585 2472 637 Καὶ
2518 585 2607 638 ὅτε
2660 603 2679 636 ι
2732 579 2896 655 ἦλθον
2930 584 2977 636 οἱ
3009 584 3230 653 ἄγγελοι
3281 582 3376 637 τοῦ
3418 582 3553 636 Θεοῦ
3592 580 3928 653 παραστῆναι

680 676 800 742 Dei,
841 686 902 732 ut
935 684 1180 730 astarent
1223 688 1406 729 coram
1439 673 1569 735 Deo,
1599 680 1654 727 et
1675 673 1925 730 diabolus
1955 677 2101 730 venit
2134 692 2256 731 cum

679 767 782 834 eis,
818 785 835 820 ι
872 766 1258 823 subnectitur:
1302 783 1320 817 ι
1352 763 1693 821 Circumie‘ns
1729 775 1930 821 terram
1959 777 2013 822 et
2047 782 2260 837 peram-

678 859 874 914 bulans
912 859 964 913 in
989 874 1074 912 ea.
1112 877 1130 909 1
1165 856 1436 912 Prmterea
1469 868 1587 928 post
1622 859 1738 915 hazc
1775 861 1938 916 verba
1968 877 1980 915 :
2020 879 2038 912 ι
2084 859 2264 914 Domi-

683 962 786 1001 nus
808 948 978 1013 dedit,
1010 945 1272 1000 Dominus
1298 946 1522 1002 abstulit
1549 947 1592 1014 ⁸,
1631 967 1652 1002 ι
1693 951 1832 1020 apud
1871 949 2124 1005 Hebraeos
2153 965 2258 1004 non

677 1048 835 1092 erant
865 1038 1007 1092 ista:
1043 1055 1062 1090 ι
1104 1036 1258 1094 Sicut
1279 1039 1508 1095 Domino
1525 1040 1750 1108 placuit,
1784 1042 1856 1095 ita
1878 1041 2077 1097 factum
2101 1051 2200 1096 est.
2233 1060 2253 1095 ι

679 1128 902 1184 Mullum
950 1144 1083 1184 vero
1140 1129 1191 1184 in
1249 1130 1456 1186 nostris
1512 1132 1916 1202 exemplaribus
1967 1133 2110 1188 ultra
2161 1133 2262 1188 He-

679 1221 886 1275 braeum
947 1221 1251 1276 redundant
1303 1237 1426 1292 qu:e
1494 1223 1579 1278 bis
1627 1223 1812 1278 uxoris
1870 1222 1973 1279 Job
2033 1224 2256 1281 verbis:

682 1328 705 1365 ι
743 1311 1036 1381 Quousque
1079 1313 1539 1384 perseverabis"?
1587 1332 1607 1367 ι
1674 1315 1981 1383 adduntur,
2027 1333 2044 1368 ι
2077 1317 2261 1372 dicen-

677 1406 777 1462 do:
805 1404 1032 1462 Manebo
1067 1407 1245 1462 adhuc
1287 1422 1456 1477 parvo
1488 1417 1734 1480 tempore
1754 1419 2082 1478 exspectans
2107 1425 2258 1480 Spem

675 1501 868 1555 salutis
887 1517 1039 1570 meae,
1077 1521 1095 1555 ι
1122 1516 1292 1572 usque
1317 1500 1382 1555 ad
1415 1501 1547 1556 illud
1592 1517 1607 1556 :
1644 1520 1663 1554 ι
1699 1502 1762 1559 Ut
1796 1503 2139 1573 requiescam
2188 1505 2257 1560 ab

675 1595 935 1650 arumnis
987 1597 1142 1660 meis,
1197 1603 1252 1649 et
1289 1611 1318 1649 a
1373 1595 1653 1651 doloribus
1683 1599 1774 1668 qui
1827 1614 1913 1652 me
1945 1613 2092 1654 nunc
2124 1600 2261 1654 deti-

676 1693 842 1753 nent;
891 1702 910 1737 ι
973 1699 1098 1738 nam
1145 1685 1260 1739 btec
1313 1694 1518 1739 tantum
1576 1687 1764 1742 uxoris
1818 1689 1981 1742 verba
2051 1689 2257 1757 scripta

675 1786 844 1832 sunt:
879 1795 898 1830 ι
929 1777 1037 1833 Sed
1072 1777 1161 1833 dic
1199 1777 1425 1832 verbum
1477 1789 1664 1833 contra
1707 1779 2020 1845 Dominum,
2059 1789 2114 1835 et
2145 1797 2260 1836 mo-

675 1872 854 1926 rere“.
881 1887 902 1921 ι
2021 1866 2027 1871 ⁷

742 1958 799 2014 4.
832 1960 1066 2015 Rursum
1097 1961 1326 2031 plurima
1363 1960 1416 2014 iu
1451 1961 1626 2016 medio
1660 1968 1770 2016 toto
1815 1960 1956 2014 libro
1987 1959 2086 2016 Job
2116 1961 2253 2029 apud

675 2049 930 2108 Hebrzeos
964 2054 1329 2122 reperiuntur.
1371 2069 1492 2122 quae
1525 2055 1576 2108 in
1616 2053 2020 2124 exemplaribus
2053 2056 2254 2109 nostris

675 2144 1095 2200 desiderantur:
1128 2145 1325 2215 saepius
1354 2145 1568 2214 quidem
1596 2145 1850 2200 versiculi
1884 2157 2137 2214 quatuor.
2170 2146 2253 2199 vel

677 2243 815 2300 tres;
873 2235 1143 2290 interdum
1192 2250 1323 2290 vero
1378 2235 1812 2305 quatuordecim,
1857 2235 2251 2300 novemdecim,

675 2326 761 2381 vel
805 2328 1101 2383 sexdecim.
1137 2328 1202 2382 Et
1228 2327 1355 2397 quid
1407 2318 1492 2380 ine
1537 2335 1748 2397 Oportet
1790 2328 1878 2382 hic
1911 2343 2251 2388 enumerare,

676 2429 796 2486 quae
818 2416 986 2471 multo
1021 2417 1206 2472 labore
1240 2417 1573 2487 collegimus,
1607 2433 1672 2472 ne
1711 2432 1809 2473 nos
1841 2417 2034 2473 lateret
2061 2419 2252 2472 discri-

675 2523 818 2573 men,
845 2509 986 2577 quod
1012 2507 1233 2564 Judaica
1267 2509 1409 2562 inter
1429 2518 1483 2563 et
1513 2519 1697 2563 nostra
1730 2510 2055 2578 exemplaria
2081 2510 2252 2564 inter-

675 2595 848 2650 cedit?
888 2596 1047 2650 Multa
1097 2595 1404 2666 huiusmodi
1453 2599 1940 2654 animadvertimus
1975 2601 2140 2654 etiam
2195 2600 2248 2653 in

674 2678 928 2745 Jeremia,
969 2684 1150 2752 inquo
1210 2699 1460 2755 magnam
1514 2687 1897 2741 vaticiniorum
1944 2689 2251 2744 invenimus

677 2773 1150 2840 transpositionem
1190 2783 1245 2829 et
1272 2776 1648 2830 mutationem.
1683 2778 1738 2831 In
1788 2764 1988 2832 Cenesi
2034 2793 2250 2847 quoque

675 2862 849 2919 illud:
889 2883 908 2916 ι
946 2864 1088 2920 Vidit
1123 2865 1264 2922 Deus
1294 2868 1436 2936 quod
1475 2877 1619 2923 esset
1657 2870 1855 2924 bonum
1883 2870 1927 2936 ’,
1967 2889 1986 2923 ι
2019 2884 2139 2926 cum
2171 2869 2250 2923 fa-

675 2964 822 3007 ctum
861 2954 1054 3011 fuisset
1093 2956 1512 3024 firmamentum,
1555 2961 1694 3030 apud
1729 2960 1983 3015 llebrmos
2011 2955 2130 3016 'non
2163 2976 2251 3015 re-

676 3045 896 3113 peritur,
928 3056 982 3103 et
1037 3049 1142 3120 ιθ
1197 3059 1284 3104 est
1331 3052 1470 3121 apud
1524 3067 1616 3121 eos
1662 3069 1727 3106 ea
1759 3055 1837 3117 de
1874 3067 1931 3106 re
1974 3069 2080 3108 non
2116 3053 2248 3109 levis

674 3136 923 3204 quzestio.
980 3137 1098 3191 Alia
1157 3139 1320 3194 etiam
1371 3120 1426 3194 in
1482 3120 1677 3196 Genesi
1713 3142 1951 3210 reperire
1982 3151 2085 3208 est,
2127 3157 2246 3211 quae

762 3358 914 3454 _‘J0b
951 3379 989 3428 ι,
1029 3364 1118 3419 2!.
1191 3368 1210 3397 "
1239 3365 1337 3420 Job
1366 3384 1418 3433 u,
1449 3369 1499 3422 9.
1575 3371 1596 3401 '
1636 3369 1769 3424 Ibid.
1835 3371 1938 3445 IO._
2001 3370 2020 3400 ’
2047 3369 2183 3425 Cen.

2363 677 2592 731 ἐνώπιον
2644 677 2737 730 τοῦ
2785 675 2920 728 Θεοῦ
2952 677 3082 748 (55),
3137 678 3230 730 καὶ
3274 678 3303 730 ὁ
3344 676 3587 740 διάϐολος
3635 670 3765 746 ἦλθε
3818 675 3928 744 μετ’

2361 770 2577 832 αὐτῶν,
2620 790 2638 822 ι
2675 769 2757 822 τό·
2797 787 2815 818 ι
2847 768 3153 839 Περιελθὼν
3203 770 3301 838 τὴν
3341 769 3446 838 γῆν
3490 769 3581 821 καί
3625 769 3929 838 ἐμπεριπα-

2358 863 2532 933 τήσας
2561 864 2619 914 ὲν
2652 860 2809 931 αὐτῇ.
2841 878 2858 910 ι
2885 860 3002 912 Ἔτι
3036 859 3091 912 δὲ
3117 859 3214 912 οὐκ
3237 853 3305 928 ἦν
3334 859 3463 929 παρ’
3503 855 3771 928 Ἑϐραίοις
3801 852 3934 926 μετὰ

2359 951 2437 1004 τό·
2480 953 2536 1004 '0
2565 949 2767 1022 Κύριος
2796 948 3026 1014 ἔδωκεν,
3050 951 3079 1002 ὁ
3109 948 3312 1022 Κύριος
3349 947 3624 1018 ἀφείλετο·
3664 965 3684 999 ι
3741 947 3826 1008 Ὡς
3856 942 3933 1014 τῷ

2360 1043 2550 1115 Κυρίῳ
2605 1041 2780 1107 ἔδοξεν
2804 1083 2818 1108 ,
2861 1039 3004 1094 οὕτω
3050 1039 3143 1093 καὶ
3180 1039 3419 1107 ἐγένετο.
3459 1056 3478 1090 ι
3514 1037 3739 1091 Πλείονα
3778 1034 3834 1088 δὲ
3875 1036 3932 1086 ὲν

2360 1136 2473 1197 τοῖς
2520 1132 2810 1203 ἡμετέροις
2853 1131 3007 1200 παρὰ
3052 1131 3119 1184 τὰ
3185 1129 3487 1201 Ἑϐραϊκὰ,
3547 1129 3637 1180 ὅτε
3683 1121 3803 1180 εἷπε
3855 1123 3933 1194 τῷ

2373 1223 2491 1278 Ἰὼϐ
2525 1223 2692 1302 (δέηή
2721 1222 2856 1294 γυνὴ
2885 1221 3072 1287 αὑτοῦ,
3103 1222 3210 1275 ἀπὸ
3239 1220 3351 1275 τοῦθ
3375 1239 3392 1270 ι
3419 1219 3597 1291 Μέχρι
3624 1217 3766 1282 τίνος
3793 1235 3931 1288 καρ-

2359 1318 2644 1389 τερήσεις;
2685 1315 2879 1384 λέγων·
2927 1315 3090 1377 Ἰδοὺ,
3123 1313 3376 1384 ἀναμενῶ
3409 1313 3597 1384 χρόνον
3629 1311 3708 1365 ἔτι
3741 1310 3932 1383 μικρὸν

2362 1407 2790 1480 προσδεχόμενος
2808 1406 2906 1478 τὴν
2935 1406 3125 1459 ἐλπίδα
3151 1405 3248 1476 τῆς
3279 1403 3551 1476 σωτηρίας
3588 1421 3689 1475 μου
3711 1443 3724 1466 ,
3764 1423 3780 1453 ι
3827 1403 3934 1465 ἕως

2359 1499 2473 1553 τοῦ·
2503 1517 2520 1550 ι
2553 1499 2639 1552 ἴνα
2671 1497 3072 1568 ἀναπαύσωμαι
3112 1495 3216 1548 τῶν
3265 1493 3482 1566 μόχθων
3532 1512 3633 1566 μου
3682 1495 3772 1546 καὶ
3826 1493 3931 1545 τῶν

2358 1591 2578 1653 ὀδυνῶν,
2619 1589 2678 1643 αἴ
2706 1607 2772 1660 με
2790 1588 2884 1641 νῦν
2911 1588 3241 1657 συνέχουσιη
3265 1587 3421 1656 μόνον
3451 1585 3560 1657 γάρ
3589 1586 3656 1639 τὰ
3677 1585 3815 1656 ῥητὰ
3831 1585 3930 1653 τῆς

2359 1681 2612 1751 γυναικὸς
2659 1680 3091 1751 ἀναγέγραπται·
3131 1678 3210 1731 τοο
3251 1698 3270 1731 ι
3319 1678 3458 1731 Ἀλλ’
3499 1673 3652 1731 εἶπόν
3687 1694 3741 1728 τι
3775 1674 3926 1747 ῥῆμα

2363 1773 2499 1847 πρὸς
2527 1773 2750 1847 Κύριον,
2785 1773 2878 1828 καὶ
2906 1770 3152 1825 τελεύτα.
3191 1789 3209 1822 ι

2427 1951 2596 2007 Πάλιν
2644 1969 2705 2003 τε
2749 1945 2814 2004 αὖ
2848 1948 3074 2003 πλεῖστά
3120 1966 3179 2002 τε
3224 1945 3444 2016 ὅσαδιᾶι
3478 1945 3640 2016 μέσου
3687 1943 3807 1996 ὅλου
3839 1942 3931 1995 τοῦ

2369 2045 2488 2098 Ἰὼϐ
2515 2046 2644 2115 παρ’
2681 2042 2949 2113 Ἑϐραίοις
2977 2041 3074 2112 μὲν
3105 2043 3301 2101 κεῖται,
3328 2038 3454 2107 παρ’
3506 2039 3638 2107 ἡμῖν
3682 2035 3738 2087 δὲ
3775 2033 3928 2104 οὐχί·

2356 2137 2450 2192 καὶ
2475 2135 2733 2198 πολλάκις
2765 2134 2859 2204 μὲν
2886 2133 2990 2202 ἔπη
3030 2131 3143 2202 (55)
3168 2130 3461 2201 τέσσαραῆ
3508 2126 3662 2198 τρία,
3699 2125 3808 2178 ἔσθ’
3844 2126 3931 2177 ὅτε

2354 2229 2411 2282 δὲ
2443 2228 2535 2280 καὶ
2569 2225 2940 2297 δεκατέσσαρα
2965 2225 3060 2277 καὶ
3083 2221 3368 2276 δεκαεννέα
3391 2221 3483 2274 καὶ
3506 2218 3715 2284 δεκαέξ.
3749 2217 3858 2271 Καὶ
3881 2215 3934 2267 τί

2358 2338 2423 2392 με
2450 2319 2530 2372 δεῖ
2573 2318 2891 2386 καταλέγειν
2928 2317 2964 2370 ά
3010 2314 3147 2386 μετὰ
3178 2313 3371 2367 πολλοῦ
3407 2313 3652 2382 καμάτου
3678 2309 3934 2373 ἀνελεξά-

2359 2413 2516 2484 μεθα,
2544 2412 2683 2483 ὑπὲρ
2706 2410 2799 2464 τοῦ
2829 2409 2900 2481 μὴ
2926 2408 3209 2462 λανθάνειν
3235 2405 3345 2477 (56)
3383 2407 3530 2476 ἡμᾶς
3552 2405 3650 2475 τὴν
3669 2402 3934 2474 διαφορὰν

2352 2506 2461 2559 τῶν
2497 2504 2646 2571 παρᾶ
2684 2503 2952 2566 Ἰουδαίοις
2979 2501 3074 2556 καὶ
3099 2504 3232 2572 ἡμῖν
3257 2498 3631 2568 άντιγράιρων;
3665 2498 3841 2552 Πολλά
3875 2497 3933 2550 δὲ

2351 2595 2573 2648 τοιαῦτα
2599 2594 2690 2648 καὶ
2713 2595 2770 2646 ὲν
2808 2592 2886 2663 τῷ
2930 2591 3171 2663 Ἱερεμίᾳ
3209 2591 3634 2660 κατενοήσαμεν,
3662 2592 3717 2642 ὲν
3753 2583 3798 2658 ᾧ
3835 2589 3934 2643 καὶ

2354 2687 2552 2758 πολλὴν
2582 2685 2864 2756 μετάθεσιν
2892 2685 2984 2737 καὶ
3009 2681 3308 2752 ἐναλλαγὴν
3330 2682 3438 2752 (57)
3464 2682 3560 2752 τῆς
3596 2680 3787 2746 λέξεως
3821 2680 3935 2733 τῶν

2353 2778 2843 2851 προτρητευομένων
2884 2776 3136 2848 εὕρομεν.
3172 2776 3282 2828 Καὶ
3313 2777 3370 2828 ὲν
3407 2777 3471 2845 τῇ
3502 2773 3714 2827 Γενέσει
3744 2774 3800 2826 δὲ
3828 2774 3893 2825 τό
3917 2791 3930 2802 ·

2357 2892 2374 2924 ι
2417 2869 2567 2925 Εἷδεν
2596 2874 2623 2925 ὁ
2652 2871 2802 2934 Θεὸς,
2852 2871 2932 2923 ὅτι
2960 2869 3141 2931 καλὸν,
3191 2888 3209 2920 ›
3256 2869 3347 2921 ἐπὶ
3393 2867 3470 2938 τῷ
3515 2866 3766 2934 γενέσθαι
3805 2883 3934 2917 στεοι

2355 2963 2558 3035 ρέωμα,
2591 2964 2721 3030 παρ’
2750 2960 3018 3033 Ἑϐραίοις
3043 2961 3140 3030 οὐχ
3162 2960 3472 3031 εὑρίσκεται
3497 2958 3606 3029 (38)
3629 2974 3643 2988 ·
3678 2957 3771 3011 καὶ
3804 2957 3935 3027 πρό-

2352 3055 2534 3124 ϐλημα
2577 3054 2635 3106 δέ
2673 3055 2789 3106 ἐστι
2823 3053 2953 3123 παρ’
3000 3054 3183 3115 αὐτοῖς
3216 3052 3275 3104 οὐ
3301 3051 3361 3103 τὸ
3382 3051 3541 3120 τυχὸν
3581 3048 3756 3102 τοῦτο.
3818 3048 3933 3100 Καὶ

2349 3147 2483 3202 ἄλλα
2511 3147 2568 3201 δὲ
2595 3147 2740 3200 ἐστιν
2767 3147 2946 3218 εὑρεῖν
2971 3148 3028 3198 ὲν
3057 3148 3122 3216 τῇ
3146 3145 3385 3209 Γενέσει,
3419 3137 3500 3208 οἷς
3528 3146 3728 3214 σημεῖα
3753 3158 3933 3213 παρε-

2281 3372 2366 3427 10.

748 3521 864 3596 (55)
893 3521 1160 3596 Patricius
1187 3523 1399 3588 Junius,
1430 3526 1656 3596 Κυρίου.
1704 3525 1844 3578 Infra
1881 3526 2044 3590 idem,
2081 3526 2175 3580 καὶ
2215 3529 2243 3580 ὁ
2273 3531 2318 3593 C
2351 3526 2415 3580 ab
2443 3525 2643 3580 unione
2669 3522 2883 3596 dividit,
2920 3522 3485 3596 quodlion_us_esset_,_
3523 3520 3615 3575 Dei
3656 3522 3934 3578 sententia

674 3591 880 3663 Κύριος
906 3593 1174 3661 ἀφείλετο.

747 3665 864 3734 (5”
924 3663 1063 3718 Ἰώδα
1141 3664 1422 3724 Wetstenii
1517 3665 1685 3718 codex
1753 3677 2008 3734 corrupte
2083 3666 2247 3720 habet

565 3736 580 3744 ’
675 3732 794 3787 uiti).

747 3785 863 3874 '(35)
891 3805 1250 3874 'Exmllecte
1281 3801 1450 3857 codex
1495 3801 1727 3872 Regius;
1771 3804 2026 3860 mendose
2065 3817 2243 3859 autem

673 3870 1068 3944 Wetsthenius,
1095 3875 1190 3944 ἐπὶ
1222 3872 1300 3944 [in
1336 3881 1504 3944 textu,
1537 3870 1657 3926 nam
1683 3889 1871 3944 margo
1907 3891 2086 3929 veram
2113 3893 2246 3944 prze-

676 3942 766 4015 bet
796 3943 1121 4015 lectionem],
1182 3942 1278 4015 qui
1333 3943 1493 4015 etiam
1544 3958 1666 3998 mox
1699 3942 1877 4007 habet,
1911 3945 2003 3996 ml.
2030 3942 2246 4000 δεκαεν-

676 4012 772 4067 νέα
798 4015 890 4066 κα).
930 4013 1009 4078 ἓξ.
1041 4011 1315 4067 Patricius
1359 4011 1551 4067 Junius
1585 4015 1784 4068 omittit
1812 4015 1906 4066 καὶ
1932 4015 2241 4080 δεκαεννέα,

676 4083 804 4149 legit
838 4098 965 4154 vero
1019 4085 1114 4154 καὶ
1139 4083 1350 4150 δεκαέξ.
1383 4084 1568 4154 Codex
1614 4083 1813 4154 Regius
1846 4095 1906 4138 ut
1947 4084 1998 4137 iu
2045 4096 2245 4145 ,nostro

676 4161 845 4222 textu.
876 4151 1030 4222 Quod
1059 4162 1238 4222 autem
1273 4154 1347 4206 ait
1367 4153 1626 4222 Origenes
1651 4151 1876 4222 plurima
1896 4168 1990 4222 per
2006 4154 2243 4210 medium

673 4221 874 4275 librum
895 4221 996 4276 Job
1030 4223 1167 4292 apud
1185 4221 1448 4293 Hebr-mos
1472 4221 1660 4277 haberi
1688 4240 1809 4293 qua:
1841 4221 1980 4293 apud
2013 4240 2112 4280 nos
2140 4242 2243 4280 non

672 4301 913 4365 exstant,
968 4291 1364 4365 i_d_conﬁrmat_
1389 4291 1744 4364 Hieronymus
1784 4291 2103 4365 praefatione
2142 4312 2242 4350 sua

672 4359 727 4414 in
763 4360 900 4416 Job:
933 4361 1079 4425 «Cui,
1106 4363 1300 4430 inquit,
1325 4363 1367 4414 si
1391 4377 1452 4416 ea
1481 4359 1602 4431 quae
1629 4367 1729 4418 sub
1757 4359 2037 4418 a'ste'riscis
2060 4365 2241 4419 addita

673 4441 825 4498 sunt,
859 4433 1214 4499 subtraxeris,
1255 4447 1380 4499 pars
1421 4433 1651 4486 maxima
1705 4433 1994 4488 voluminis
2022 4434 2245 4488 detrun-

671 4502 922 4566 cabitur;
975 4513 1029 4557 et
1058 4498 1156 4557 hoc
1213 4498 1474 4555 dUntaxat
1509 4504 1648 4571 apud
1691 4503 1930 4558 Grmco’s.
1978 4503 2241 4557 Czeterum

671 4571 814 4639 apud
858 4571 1095 4634 Latinos,
1149 4580 1274 4624 ante
1311 4587 1429 4625 eam
1476 4573 1888 4628 translationem
1919 4588 2079 4640 quam
2142 4575 2242 4629 sub

672 4642 957 4697 asteriscis
979 4653 1032 4696 et
1064 4642 1235 4696 obelis
1275 4657 1442 4710 nuper
1468 4643 1758 4707 edidimus,
1795 4643 2119 4712 septingenti
2143 4644 2244 4697 fer-

673 4724 761 4780 tne
791 4722 884 4761 aut
916 4712 1211 4780 octingenti
1254 4726 1448 4765 versus
1485 4713 1700 4774 desunt,
1739 4725 1796 4766 ut
1839 4714 2151 4766 decurtatus
2189 4724 2243 4768 et

670 4774 940 4851 laceratus
969 4774 1328 4848 cori-osusque
1357 4781 1510 4847 liber,
1558 4781 1854 4837 fozditatem
1899 4782 1980 4834 sui
2027 4783 2240 4851 publice

672 4845 974 4918 legentibus
1004 4845 1264 4918 praebeat.
1305 4868 1322 4900 ›

742 4916 856 4985 (⁸56)
882 4915 1149 4971 Patricius
1173 4915 1382 4980 Junius,
1408 4917 1794 4975 διαλανθάνειν.

743 4988 856 5056 (57)
911 4987 1160 5055 Πολλὴν
1201 4987 1519 5056 μετάθεσιν
1575 4992 1672 5044 καὶ
1720 4989 2084 5059 ἐναλλαγήν,
2129 4999 2236 5046 etc.

675 5055 1037 5129 Hieronymus
1074 5055 1396 5127 praefatione
1444 5060 1494 5112 in
1524 5059 1811 5114 Jeremiam
1845 5077 1860 5117 :
1907 5079 1925 5111 ι
1956 5055 2238 5129 Ordinem,

675 5127 1172 5194 inquit,’visionum
1203 5129 1292 5197 qui
1330 5134 1467 5196 apud
1498 5130 1718 5185 Graecos
1759 5139 1814 5184 et
1864 5129 2084 5186 Latinos
2126 5127 2240 5184 om;

672 5197 801 5251 nino
823 5197 1081 5251 confusus
1101 5205 1202 5260 est,
1236 5199 1303 5252 ad
1323 5199 1604 5267 pristinam
1630 5199 1789 5254 ﬁdem
1819 5201 2176 5254 correximus.
2216 5219 2235 5252 ι

669 5269 922 5340 Correxit
947 5283 1164 5340 quoque
1185 5268 1488 5340 Ludovicus
1516 5270 1766 5340 Capellus
1786 5269 1920 5324 Crit.
1952 5268 2011 5324 S.
2037 5270 2133 5325 lib.
2164 5285 2239 5333 tv,

670 5351 718 5390 c.
752 5336 839 5398 14,
868 5353 920 5405 p.
948 5336 1280 5404 297.1psum
1308 5339 1450 5392 vide.

743 5407 857 5476 (38)
877 5409 1020 5476 Hap’
1059 5409 1336 5476 Ἑϐραίοις
1360 5410 1473 5477 οὐχ
1504 5409 1861 5475 εὑρίσκεται.
1881 5408 2241 5478 Hieronymus

668 5473 1058 5532 Coinnienuirio
1093 5473 1346 5549 iu'Aggaéi
1378 5473 1590 5544 cap.“
1630 5497 1654 5549 ι
1684 5479 1737 5531 ln
1782 5479 1998 5542 Genesi,
2044 5473 2240 5548 inquit,

667 5561 790 5600 cum
829 5549 880 5600 in
908 5550 1084 5617 primo
1107 5549 1193 5602 die
1219 5548 1421 5600 dictum
1449 5549 1540 5610 sit,
1567 5557 1619 5600 et
1645 5548 1697 5600 in
1730 5549 1977 5612 tertio,et
2003 5549 2056 5602 in
2077 5565 2245 5618 quar-

671 5624 744 5678 to,
772 5618 901 5671 etin
933 5620 1145 5687 quinto,
1177 5631 1231 5671 et
1263 5621 1312 5670 in
1350 5626 1528 5687 sexto,
1573 5627 1692 5684 post
1723 5620 2240 5674 consummationem

666 5699 896 5753 operum
929 5687 1264 5756 singulorum
1296 5701 1311 5738 :
1359 5703 1377 5735 ι
1421 5686 1485 5739 Et
1526 5687 1668 5744 vidit.
1708 5687 1851 5740 Deus
1885 5688 2010 5756 quia
2039 5688 2238 5744 bonum

667 5765 809 5818 «est,
840 5777 856 5806 ι
877 5758 933 5812 in
961 5757 1200 5812 secundo
1225 5756 1373 5823 iuxta
1407 5756 1752 5814 llebraicum.
1784 5767 1838 5811 et
1864 5757 2137 5825 Aquilam,
2188 5769 2244 5815 et

667 5826 1076 5898 Symmachum,
1104 5839 1158 5881 et
1175 5825 1216 5878 Τ
1223 5826 1603 5898 beodotionem
1633 5841 1740 5898 non
1775 5827 2038 5898 habetur:
2068 5845 2241 5898 neque

665 5897 812 5953 enim
853 5907 1067 5970 poterat
1095 5896 1362 5955 secundus
1397 5895 1532 5964 dies,
1561 5896 1654 5967 qui
1678 5911 1962 5954 numerum
1992 5897 2124 5956 facit
2147 5895 2240 5972 qui

2349 3595 2713 3664 comprobari.
2757 3591 3160 3664 [fv’euerabilis
3189 3592 3328 3646 Beda
3351 3594 3400 3645 in
3437 3591 3766 3664 flammei-on
3799 3609 3932 3664 pag.

2349 3661 2540 3723 6,toin.
2573 3666 2674 3720 IV:
2718 3681 2740 3718 ι
2791 3661 3118 3732 Notandum,
3163 3663 3356 3730 inquit,
3401 3665 3543 3730 quod
3578 3662 3734 3732 hujus
3773 3661 3934 3718 verbi

2348 3735 2576 3802 adjectio
2600 3736 2703 3789 hoc
2733 3736 2785 3787 in
2822 3734 2938 3785 loco
2973 3733 3026 3785 in
3058 3731 3317 3802 llebraiea
3351 3734 3576 3786 veritate
3629 3731 3732 3785 non
3762 3734 3936 3786 liabe-

2349 3801 2455 3860 tur.
2488 3805 2554 3858 Et
2577 3805 2770 3858 mirum
2802 3817 2969 3869 quare
2999 3803 3139 3856 inter
3171 3801 3348 3855 omnia
3389 3817 3510 3870 qua:
3539 3817 3754 3855 creasse
3788 3804 3936 3857 Deus

2347 3875 2561 3944 legitur,
2605 3875 2691 3928 hic
2719 3873 3075 3944 solummodo,
3103 3871 3151 3944 id
3187 3882 3288 3944 est,
3320 3872 3627 3944 insecundi
3661 3874 3765 3927 diei
3798 3889 3934 3941 ope-

2346 3941 2497 3999 ribus
2526 3945 2773 4013 probatio
2803 3943 2996 3998 divinae
3025 3941 3246 3994 visionis
3274 3942 3496 4013 minime
3519 3943 3769 4004 addatur,
3804 3959 3936 4012 qua:

2347 4010 2539 4068 tamen
2583 4015 2696 4082 ipsa
2726 4029 2848 4068 cum
2899 4012 3114 4065 caeteris
3136 4027 3257 4078 quae
3291 4010 3435 4071 fecit.
3481 4013 3587 4064 Deo
3630 4013 3768 4066 bona
3809 4010 3936 4066 εἶεςο

2345 4081 2809 4148 demonstrantur,
2838 4097 2958 4136 cum
2992 4082 3044 4135 in
3070 4081 3419 4148 sequentibus
3450 4082 3665 4147 dicitur,
3706 4102 3724 4134 ι
3765 4084 3937 4138 vidit-

2349 4170 2493 4222 gque
2510 4154 2652 4212 Deus
2671 4165 2865 4211 cuncta
2893 4166 3013 4219 qua:
3058 4149 3206 4222 fecit.
3236 4160 3290 4208 Cl
3323 4160 3478 4204 erant
3506 4152 3662 4204 valde
3691 4155 3860 4208 bona.
3911 4174 3929 4206 1

2344 4220 2459 4276 Nisi
2490 4225 2629 4275 forte
2654 4226 2808 4293 sicut
2827 4223 3048 4289 quidam
3079 4220 3297 4293 Patrum
3329 4230 3624 4288 exponunt,
3659 4223 3940 4293 intellige-

2345 4307 2405 4345 re
2443 4306 2538 4344 nos
2563 4293 2612 4345 in
2649 4293 2751 4345 boc
2780 4291 3060 4359 Scriptura
3092 4291 3278 4350 voluit.
3312 4307 3415 4344 non
3445 4307 3564 4344 esse
3592 4293 3794 4348 bonum
3831 4291 3938 4349 du-

2344 4361 2541 4429 plicem
2573 4376 2859 4414 numerum
2883 4360 2974 4429 qui
3004 4361 3070 4413 ab
3108 4363 3316 4431 imitate
3356 4361 3557 4414 dividat
3584 4371 3637 4416 et
3658 4366 3936 4431 ‘przelign-

2348 4441 2428 4484 rat
2458 4431 2664 4483 fcedera
2699 4432 3030 4500 nuptiarum.
3063 4449 3080 4478 1
3109 4429 3216 4484 Nec
3247 4431 3379 4485 levis
3403 4440 3486 4485 est
3508 4447 3570 4484 ea
3599 4429 3754 4486 deire
3784 4438 3934 4500 apud

2343 4500 2557 4555 Judmos
2587 4500 2730 4568 ipsos
2753 4500 3002 4568 quaestio.
3030 4500 3104 4554 De
3135 4500 3406 4555 veteribus
3426 4510 3653 4556 testatur
3677 4504 3780 4557 hoc
3807 4505 3935 4560 loco

2344 4571 2635 4634 Origenes;
2677 4572 2742 4624 de
2776 4571 3166 4625 recentioribus
3213 4571 3468 4623 nonnulla
3498 4572 3794 4626 observatu
3843 4577 3935 4628 di-

2345 4656 2446 4710 gna
2477 4638 2634 4693 aﬂ'et‘l
2661 4639 3035 4710 Wetstbenius
3061 4657 3183 4708 quae
3215 4639 3301 4710 hic
3329 4655 3604 4710 apponere
3633 4643 3815 4697 viSnm
3847 4656 3939 4700 est

2343 4708 2449 4764 non
2495 4714 2589 4763 abs
2639 4725 2696 4764 re
2743 4711 2874 4764 fore.
2904 4709 3122 4778 Legitur
3168 4711 3217 4762 in
3257 4708 3523 4763 Bereschit
3556 4709 3770 4776 Rabba,
3825 4713 3939 4769 Pa-

2346 4781 2596 4852 rascliad
2624 4797 2638 4832 :
2669 4799 2685 4829 ι
2713 4779 2900 4852 Quare
2921 4796 3039 4852 non
3055 4782 3310 4852 scriptum
3339 4790 3422 4833 est
3449 4783 3498 4832 in
3520 4785 3770 4852 secundo
3795 4787 3935 4852 (die)

2274 4864 2318 4919 ι)
2347 4852 2488 4917 quod
2533 4849 2777 4919 bonum?
2811 4850 2978 4919 Ralibi
3014 4848 3297 4903 Joclianan
3355 4851 3578 4904 tradidit
3606 4853 3656 4903 in
3703 4848 3939 4910 nomine

2347 4920 2496 4971 rabbi
2548 4918 2660 4972 Josi
2707 4919 2800 4972 [itii
2853 4918 3173 4986 Cbaleplna,
3203 4921 3325 4986 quia
3359 4920 3410 4971 in
3458 4921 3548 4975 illo
3586 4932 3771 4975 creata
3844 4938 3936 4979 est

2345 4988 2629 5061 gehenna:
2661 4989 2787 5056 quia
2841 4988 3044 5061 dictum
3085 5001 3166 5042 cst
3222 4988 3354 5056 (lsa.
3403 5006 3534 5054 xxx,
3596 4991 3729 5061 33):
3792 4993 3936 5048 Nam

2339 5069 2523 5125 aperta
2555 5058 2784 5126 Tophta,
2809 5059 2921 5111 sive
2966 5060 3209 5127 gehenua
3244 5078 3268 5112 a
3321 5061 3515 5128 pridie,
3558 5058 3676 5113 dies
3704 5078 3772 5117 ex
3817 5081 3936 5128 quo

2340 5143 2555 5193 Iussum
2588 5128 2772 5181 dicere
2821 5129 3012 5196 pridie,
3043 5141 3096 5180 et
3127 5146 3228 5181 non
3269 5132 3462 5184 melius
3499 5133 3714 5186 tertius.
3760 5153 3778 5184 ι
3827 5128 3942 5190 Ρο-

2339 5209 2453 5270 stea
2513 5199 2591 5250 sic
2641 5200 2862 5270 pergit:
2912 5215 2945 5270 «ί
2980 5198 3149 5250 llabbi
3194 5199 3442 5254 Cltauina
3485 5202 3640 5265 dixit,
3683 5206 3819 5270 quia
3879 5209 3934 5261 it:

2339 5266 2639 5343 illocreata
2666 5279 2750 5321 est
2791 5269 3009 5332 divisio,
3033 5273 3327 5343 secundum
3355 5271 3534 5343 itlnd_:
3565 5283 3620 5326 et
3658 5291 3678 5324 ι
3703 5266 3941 5330 dividat

2347 5340 2523 5389 «inter
2543 5349 2713 5404 aquas
2735 5344 2789 5389 et
2824 5353 3013 5406 aquas.
3059 5357 3077 5389 ι
3117 5341 3255 5394 Dicit
3288 5342 3437 5394 rabbi
3481 5340 3726 5397 Tebiotni
3763 5361 3778 5398 :
3818 5366 3836 5397 ‹
3877 5349 3937 5399 Si

2340 5408 2533 5485 divisio
2561 5423 2680 5477 qua:
2721 5407 2856 5462 facit
2878 5409 2940 5460 ad
2969 5411 3330 5485 ordinandum
3365 5417 3940 5485 componendumque

2341 5479 2596 5530 mundum
2633 5493 2754 5550 Anon
2794 5491 3061 5550 “meretur
3116 5479 3266 5540 illud,
3322 5498 3341 5532 ‹
3403 5483 3544 5548 quod
3599 5479 3860 5550 bonum}
3913 5507 3934 5539 ι

2339 5556 2540 5614 quanto
2575 5547 2753 5601 minus
2794 5546 2906 5612 illa,
2933 5565 3052 5616 qua:
3082 5550 3338 5603 mundum
3378 5546 3712 5606 confundit?
3747 5546 3938 5612 Rabbi

2340 5616 2555 5671 Samuel
2587 5617 2744 5683 dixit,
2776 5622 2899 5686 quia
2930 5619 3020 5672 illo
3053 5621 3141 5673 die
3188 5622 3415 5673 necdum
3457 5622 3772 5677 absolutum
3805 5639 3940 5681 erat

2336 5702 2473 5760 opus
2503 5701 2811 5760 aquarum:
2865 5688 3094 5756 ideoque
3140 5690 3296 5744 tertia
3341 5691 3429 5743 die
3471 5693 3787 5760 duplicatur
3840 5699 3939 5751 illa

2337 5757 2608 5826 formula,
2633 5767 2690 5810 ut
2717 5773 2941 5826 operum
2979 5760 3201 5812 secundi
3236 5770 3290 5813 et
3327 5762 3471 5815 tertii
3505 5757 3611 5817 diei
3651 5781 3938 5820 consum-

2339 5827 2504 5902 matio
2534 5827 2841 5902 denotctur.
2879 5845 2898 5879 ι
2953 5827 3495 5902 Matroua__qu:edatu
3544 5837 3810 5902 qutesivit
3863 5853 3936 5893 ex

2341 5897 2492 5952 rabbi
2525 5894 2664 5965 Josi,
2697 5916 2716 5951 ι
2768 5901 3122 5968 quamobrem
3172 5894 3322 5969 illud,
3371 5920 3390 5953 ε
3432 5894 3855 5973 ςυὶείὺοιιυιιι,
3907 5926 3931 5960 ο
