4064 6414
430 379 504 437 59
1434 375 1762 433 οιιιῦΕΝιδ
1816 376 2015 434 EPIST

2119 380 2154 433 Α
2195 379 2287 434 AD
2328 379 2732 438 AFRICANUM
3636 386 3703 441 60

425 494 629 555 Christi
659 484 917 551 Ecciesiis
942 481 1385 559 adﬂictationem,
1423 510 1569 548 cum)
1622 512 1728 549 non
1784 495 2006 550 fuerunt

2119 499 2353 569 Γραφαῖς
2382 499 2645 553 δεδωκυῖα
2678 500 2881 565 πάσαις
2911 503 3030 568 ταῖς
3066 501 3176 574 (41)
3209 503 3444 575 Χριστοῦ
3466 499 3703 578 Ἐκκλη-

436 608 459 644 ι
484 591 650 660 empti
681 589 974 658 pretio-pro
1006 586 1202 656 quibus
1228 585 1481 641 Christus
1515 596 1762 641 mortuus
1779 597 1861 642 est
1890 588 1953 651 ¹⁰;
1986 607 2004 641 ι

429 683 515 738 cui
556 682 683 738 licet
714 680 854 737 Filio
902 697 921 731 ι
951 696 1055 733 non
1082 680 1323 748 pepercit
1355 678 1514 740 Deus,
1548 698 1567 729 ι
1603 681 1716 749 ipsa
1749 680 2009 744 charitas,

434 794 457 828 ο
495 775 591 830 sed
620 790 717 845 pro
746 773 903 827 nobis
932 772 1183 827 omnibus
1210 770 1430 827 tradidit
1463 770 1638 837 illum,
1665 780 1725 827 ut
1752 788 1873 828 cum
1896 774 2012 844 ipso

432 867 617 920 omnia
652 866 807 920 nobis
837 865 1063 919 donaret
1094 863 1180 918 “‘3
1218 884 1238 916 ι

498 1040 553 1095 5.
575 1039 655 1093 Ad
681 1039 797 1095 haec
815 1039 1099 1095 considera
1127 1055 1195 1094 an
1230 1056 1334 1095 non
1372 1041 1571 1095 bonum
1603 1039 1674 1095 sit
1697 1040 2011 1095 meminisse

428 1127 576 1183 illius
621 1127 794 1182 dicti:
859 1146 878 1179 ι
940 1128 1056 1182 Νοιι
1114 1138 1439 1198 transpones
1484 1134 1749 1187 terminos
1779 1142 2013 1186 aeternos

426 1234 571 1287 quos
616 1230 916 1288 posuerunt
958 1230 1337 1277 antecessores
1385 1222 1459 1276 tui
1496 1225 1557 1277 ι’.
1598 1243 1616 1275 ι
1649 1224 1714 1278 Ει
1747 1225 1861 1278 ham
1894 1223 2014 1293 qui-

428 1312 551 1365 dem
598 1312 758 1375 dico,,
781 1328 887 1366 non
919 1313 1063 1381 quod
1102 1328 1215 1382 pra:
1257 1314 1469 1369 desidia
1507 1330 1750 1370 recusem
1781 1315 2012 1369 scrutari

428 1404 744 1477 Scripturas
770 1424 892 1479 quae
922 1410 1061 1477 apud
1080 1408 1296 1465 Judznos
1323 1419 1470 1475 sunt,
1498 1411 1727 1480 illasque
1765 1410 1867 1478 17
1889 1424 2011 1463 cum

423 1502 683 1556 omnibus
723 1503 929 1557 nostris
972 1518 1313 1573 comparare,
1364 1517 1426 1557 ac
1476 1503 1664 1557 videre
1703 1502 1831 1570 quid
1876 1501 2016 1555 inter

427 1609 522 1649 eas
548 1596 618 1649 sit
638 1594 991 1650 discriminis.
1019 1595 1131 1649 lloc
1158 1596 1299 1650 enim
1329 1597 1598 1666 gnaviter,
1626 1595 1727 1649 nisi
1754 1608 2016 1664 arrogans

427 1687 575 1741 dictu
616 1695 719 1751 est,
754 1702 851 1756 pro
883 1688 1031 1742 virili
1068 1688 1335 1754 fecimus,
1369 1688 1585 1743 collatis
1639 1703 1832 1757 magna
1879 1702 2013 1743 cura

429 1777 578 1831 inter
603 1793 662 1833 se
684 1779 1020 1834 editionibus
1050 1790 1105 1834 et
1130 1779 1436 1834 observatis
1458 1795 1644 1835 earum
1671 1779 2013 1842 diﬂ‘erentiis,

2117 588 2261 652 σίαις
2302 587 2610 660 οίκοδομὴν,
2641 591 2741 644 οὐκ
2769 592 3053 662 ἐφρόντισε
3098 612 3117 645 ι
3164 594 3272 649 τῶν
3306 594 3472 665 τιμῆς
3503 598 3705 667 ἀγορα-

2116 677 2368 743 σΘέντων,
2395 680 2533 751 ὑπὲρ
2566 673 2641 733 ὧν
2666 682 2898 752 Χριστὸς
2921 682 3209 737 ἁπέθανεψ
3253 703 3271 736 ι
3295 678 3355 739 οὗ
3388 685 3519 738 Υἱοῦ
3553 685 3704 750 ὄντος

2120 788 2138 820 ι
2169 770 2271 823 οὐκ
2296 772 2549 840 ἐφείσατο
2591 774 2619 826 ὁ
2644 772 2796 837 Θεὸς,
2824 792 2841 825 ι
2872 776 2904 845 ὴ
2938 775 3149 847 ἀγάπη,
3190 775 3345 829 (ἀλλ’
3374 777 3516 847 ὑπὲρ
3536 777 3702 847 ἡμῶν

2117 864 2335 917 πάντων
2371 864 2688 936 παρέδωκεν
2730 866 2915 931 αὑτὸν,
2945 867 3033 921 ἵνα
3087 869 3184 922 σὺν
3228 868 3377 939 αὐτῷ
3409 869 3479 922 τὰ
3530 870 3706 925 πάντα

2117 957 2252 1027 ἡμῖν
2279 956 2574 1027 χαρίσηται
2596 974 2609 1022 ;
2652 978 2671 1009 ι

2086 1048 2133 1116 Γ
2186 1050 2332 1122 Πρὸς
2374 1049 2546 1103 ταῦτα
2592 1049 2649 1103 δὲ
2700 1050 2910 1115 σκόπει,
2956 1054 3005 1105 εί
3057 1054 3130 1124 μὴ
3175 1053 3338 1107 καλὸν
3394 1053 3707 1124 μεμνῆσθαι

2115 1141 2229 1194 τοῦ·
2260 1160 2278 1193 ι
2312 1142 2385 1195 Οὐ
2417 1142 2742 1215 μεταθήσεις
2766 1144 2890 1214 ὅρια
2930 1142 3143 1209 αἰώνια,
3180 1144 3215 1199 ὃ.
3241 1144 3475 1214 ἔστησαν
3496 1147 3546 1197 οί
3574 1144 3709 1217 πρό-

2114 1234 2260 1306 τεροί
2296 1252 2423 1300 σου;
2460 1254 2478 1286 ι
2509 1236 2617 1289 Καὶ
2648 1236 2821 1290 ταῦτα
2850 1236 2906 1290 δὲ
2942 1238 3087 1309 φημὶ
3123 1238 3243 1308 οὐχὶ
3270 1239 3414 1310 ὄκνῳ
3436 1238 3530 1291 τοῦ
3553 1240 3710 1310 ἐρευ-

2115 1325 2212 1395 νᾷν
2243 1325 2454 1389 καὶτὰς
2482 1325 2619 1378 κατὰ
2655 1325 2938 1393 Ἰουδαίους
2974 1328 3082 1399 (42)
3103 1326 3346 1399 Γραφὰς,
3401 1331 3495 1383 καὶ
3530 1331 3709 1394 πάσας

2115 1414 2214 1477 τὰς
2240 1416 2515 1491 ἡμετέρας
2552 1419 2671 1481 ταῖς
2707 1418 2930 1471 ἐκείνων
2966 1421 3297 1491 συγκρίνειν,
3328 1422 3422 1474 κα1⁸
3447 1422 3579 1492 ὁρᾷν
3605 1422 3707 1486 τὰς

2118 1508 2175 1559 ὲν
2210 1509 2401 1572 αὑταῖς
2429 1507 2708 1580 διαφοράς.
2737 1511 2799 1562 Et
2828 1509 2902 1581 μὴ
2940 1512 3196 1583 φορτικὸν
3220 1511 3351 1581 γοῦν
3379 1515 3573 1576 εἰπεῖν,
3615 1512 3711 1565 ἐπὶ

2119 1596 2253 1651 πολὺ
2277 1598 2452 1664 τοῦτο,
2486 1600 2583 1671 ὅση
2618 1598 2865 1670 δύναμις,
2899 1603 3305 1672 πεποιήκαμεν,
3338 1602 3709 1675 γυμνάζοντες

2118 1686 2297 1739 αὐτῶν
2327 1687 2419 1742 τὸν
2444 1687 2567 1741 νοῦν
2595 1690 2653 1741 ἐν
2682 1689 2879 1753 πάσαις
2898 1692 3019 1754 ταῖς
3047 1691 3292 1745 ὲκδόσεσι
3323 1694 3417 1747 καὶ
3446 1698 3567 1759 ταῖς
3595 1696 3712 1748 δια-

2119 1780 2312 1847 φοραῖς
2358 1777 2538 1832 αὐτῶν
2580 1778 2712 1849 (45),
2765 1779 2903 1850 μετὰ
2926 1780 3019 1833 τοῦ
3057 1782 3238 1846 ποσῶς
3287 1784 3483 1853 μᾶλλον
3522 1787 3712 1839 ἀσκεῖν

426 1869 503 1923 ita
539 1877 720 1925 tamen
753 1880 810 1923 ut
860 1871 1140 1940 aliquanto
1185 1872 1306 1941 plus
1332 1872 1537 1927 laboris
1589 1871 2015 1941 impenderimus

2119 1869 2215 1940 τὴν
2254 1871 2549 1941 ἑρμηνείαν
2581 1870 2690 1923 τῶν
2719 1877 2774 1923 U'
2802 1888 2815 1900 '
2846 1871 2930 1924 ἵνα
2979 1874 3051 1945 μή
3082 1891 3134 1926 τι
3152 1877 3594 1948 παραχαράττειν
3626 1879 3713 1932 δο-

427 1959 573 2014 LXX
609 1962 1077 2032 interpretationi,
1106 1978 1172 2017 ne
1202 1964 1329 2033 quid
1356 1963 1717 2019 adulterinum
1758 1964 2016 2019 inducere

425 2055 744 2110 videremur
771 2057 821 2109 in
868 2056 1285 2127 Ecelesiasqum
1314 2058 1413 2111 sub
1444 2057 1584 2112 cmlo
1615 2066 1763 2119 sunt,
1795 2065 1845 2109 ct
1877 2070 2021 2125 pric-

428 2156 636 2200 textnm
672 2148 929 2203 daremus
964 2150 1070 2204 illis
1114 2152 1204 2218 qui
1249 2150 1572 2204 occasiones
1619 2158 1881 2217 captant,
1925 2163 2022 2202 vo-

2121 1958 2349 2030 κοίημεν
2375 1959 2482 2029 (44)
2508 1963 2629 2023 ταῖς
2654 1962 2758 2015 ὑπὸ
2794 1963 2885 2015 τὸν
2918 1964 3146 2035 οὐρανὸν
3195 1966 3560 2037 Ἐκκλησίαις,
3619 1970 3711 2022 καὶ

2120 2054 2425 2123 προφάσεις
2449 2053 2677 2125 διδῶμεν
2699 2058 2809 2119 τοῖς
2848 2055 3102 2127 ζητοῦσιν
3146 2058 3421 2131 ἀφορμὰς,
3467 2060 3711 2117 ἐθέλουσι

2118 2146 2245 2209 τοὺς
2272 2147 2329 2199 ὲν
2371 2145 2521 2217 μέσῳ
2559 2150 2937 2217 συκοφαντεῖν,
2988 2149 3083 2202 καὶ
3131 2150 3238 2204 τῶν
3282 2150 3711 2225 διαφαινομένων

426 2238 657 2310 lnntquc
690 2254 799 2296 tum
826 2259 918 2298 eos
944 2245 1037 2315 qui
1066 2254 1191 2299 sunt
1232 2247 1282 2298 in
1311 2246 1489 2300 medio
1541 2244 1885 2308 calumniari,
1910 2251 2015 2296 tum

2121 2238 2179 2289 ὲν
2220 2235 2298 2307 τῷ
2354 2236 2518 2308 κοινῴ
2549 2242 2893 2311 κατηγορεῖν.
2956 2241 3259 2313 ’Ᾱσκοῦμεν
3282 2242 3339 2295 δὲ
3372 2245 3446 2315 μὴ
3496 2247 3712 2313 ἀγνοεῖν

426 2345 521 2384 eos
565 2331 656 2401 qui
708 2332 758 2385 in
804 2334 1080 2387 comnnmi
1133 2332 1426 2402 przelucent
1492 2331 1790 2386 criminari.
1843 2330 2015 2384 Cona-

2120 2326 2216 2379 καὶ
2249 2325 2347 2389 τὰς
2385 2328 2515 2399 παρ’
2554 2329 2802 2395 ἐκείνοις,
2836 2330 2942 2395 ἴνα,
2974 2330 3110 2402 πρὸς
3150 2332 3431 2398 Ἰουδαίους
3467 2334 3711 2397 διαλεγό-

427 2436 550 2475 mur
573 2438 677 2477 nou
699 2426 946 2492 ignorare
964 2440 1096 2494 quas
1120 2424 1319 2479 habent
1335 2422 1666 2493 Scripturas,
1687 2432 1745 2476 ut
1770 2436 1893 2475 cum
1921 2419 2020 2474 Ju-

501 2565 545 2596 ¹⁰
573 2563 587 2617 1
614 2566 737 2620 Cor.
778 2581 851 2625 vr.
880 2564 979 2629 20;
1012 2563 1170 2617 Rom.
1232 2577 1342 2627 xxv,
1378 2562 1465 2615 15.

426 2690 614 2735 contra
668 2679 1077 2749 Hieronymum.
1127 2677 1315 2746 Neque
1361 2676 1776 2749 enini___s_anctus
1817 2677 2007 2749 doctor

425 2751 670 2819 Africani
711 2745 965 2816 exemplo
996 2745 1258 2817 quidquid
1285 2750 1421 2817 apud
1451 2745 1591 2800 LXX
1620 2757 1739 2801 erat
1775 2747 1918 2815 quod
1950 2747 2002 2798 in

425 2821 655 2875 Hebraeo
692 2837 799 2875 non
846 2827 1111 2880 exstaret,
1166 2819 1314 2873 illico
1357 2819 1407 2873 id
1453 2820 1910 2873 contemnendum
1952 2826 2009 2870 et

426 2892 791 2960 abjiciendum
815 2891 1061 2959 putabat,
1089 2890 1183 2943 sed
1213 2906 1231 2941 ι
1261 2889 1621 2960 sciendum,»
1647 2888 2004 2960 inquitepist.

426 2957 507 3015 ad
548 2963 769 3015 Suniam
815 2957 868 3014 et
920 2960 1211 3025 Frctclam,
1261 2978 1279 3010 ι
1318 2959 1447 3028 quid
1494 2957 1762 3028 llebraica
1800 2957 2002 3012 veritas

425 3032 644 3085 habeat.
704 3032 815 3085 lloc
861 3032 1006 3085 enim
1064 3030 1209 3098 quod
1266 3027 1619 3097 Septuaginta
1679 3027 2004 3097 lnterpretes

428 3102 859 3161 transtulerunt,
916 3111 1137 3169 propter
1206 3110 1531 3154 vetustatem
1601 3098 2003 3169 decantandum

427 3182 619 3252 est,.et
666 3172 796 3224 illud
823 3169 892 3223 ab
917 3168 1145 3252 eruditis
1177 3169 1461 3252 sciendum
1506 3180 1727 3252 propter
1755 3168 2006 3252 notitiam
2037 3193 2080 3252 ο

428 3243 863 3311 Scripturarum.
912 3259 929 3290 ι
967 3238 1469 3311 ——-Ei_ueudandum
1524 3243 1733 3311 statim,
1781 3240 1825 3292 si
1880 3239 2010 3311 quid

429 3308 613 3376 video,
632 3312 729 3375 τὰς
754 3312 882 3380 παρ’
907 3312 1089 3372 αὐτοῖς
1108 3309 1187 3363 ἔτι
1205 3309 1424 3380 (adhuc)
1448 3310 1755 3432 φεριῖἠαένας
1781 3309 1934 3380 ἱερὰς
1960 3308 2012 3379 β.

1612 3396 1771 3434 οιτε.

500 3476 612 3546 (41)
650 3475 880 3541 Πάσαις
907 3475 1055 3540 ταῖς,
1101 3482 1207 3529 etc.
1254 3472 1333 3525 lta
1398 3471 1564 3546 code;
1618 3472 1815 3538 Regius
1869 3471 2015 3544 {cum

430 3537 641 3617 Cana];
684 3537 1092 3601 \Vetstetiiatius
1138 3553 1339 3617 autem,
1362 3542 1518 3617 frica
1550 3544 1607 3594 ἐν
1640 3537 1778 3606 ταῖς,
1804 3537 1910 3598 etc.

503 3611 1013 3685 (liiWetstenius.
1070 3614 1218 3686 κατὰ
1255 3611 1543 3678 Ἰουδαίων,
1572 3623 1625 3667 et
1659 3617 1820 3682 paulo
1871 3623 2014 3686 post,

428 3686 529 3749 τὰς
557 3684 613 3757 ιν
647 3688 829 3757 αὐτοῖς
856 3684 1138 3757 διαφοράς.

502 3752 618 3827 (43)
655 3756 823 3822 idem,
856 3752 1044 3828 αὐτῆς.

502 3850 613 3919 (41)
648 3850 772 3904 Ἵνα
793 3850 879 3919 μή
914 3868 967 3903 τι
1005 3852 1481 3921 παραχαράττειν
1525 3855 1872 3921 δοκοίημεν,
1904 3858 2015 3921 eric-

430 3920 787 3993 Augustintts,
820 3922 911 3993 lib.
944 3936 1073 3993 xvn_|
1108 3920 1181 3974 De
1210 3927 1417 3979 crritaie
1470 3927 1584 3990 Dei,
1617 3940 1737 3993 cap.
1768 3920 2013 3993 @I’ihait:

435 4010 476 4065 g_
496 3990 747 4065 Nonnulli
775 3991 999 4065 codices
1026 3991 1247 4065 (ἕτωοοβ
1282 3990 1746 4065 interpretationis
1774 3990 1913 4046 LXX
1949 4004 2016 4044 ex

430 4061 996 4136 Hebrzeis‘codicibus
1043 4061 1728 4136 emendandos'putarunt,
1782 4078 1882 4136 nec
1928 4072 2020 4136 ta-

432 4148 556 4186 men
592 4132 713 4203 ausi
743 4141 873 4203 sunt
914 4134 1226 4199 detrahere,
1260 4136 1399 4203 quod
1446 4132 1660 4191 Hebraei
1706 4148 1814 4188 non
1853 4133 2020 4186 hahe-

428 4204 584 4268 bant,
612 4213 665 4256 et
696 4200 839 4256 LXX
875 4214 1194 4273 posuerunt.
1228 4200 1323 4259 sed
1369 4206 1743 4261 tantummodo
1790 4203 2018 4273 addide-

430 4283 578 4338 runt,
642 4290 763 4343 qua:
809 4272 1156 4345 ingllebra-is
1212 4274 1453 4342 inventa,
1514 4278 1653 4345 apud
1705 4272 1849 4328 LXX
1912 4287 2017 4345 non

428 4354 611 4413 erant,
638 4358 810 4413 eaque
836 4344 1006 4411 signis
1032 4345 1351 4413 quibusdam
1388 4348 1442 4400 in
1474 4342 1755 4402 stellarum
1800 4342 2017 4397 modum

429 4412 617 4477 factis,
650 4412 937 4482 ad’capita
994 4412 1309 4470 eorumdem
1354 4433 1613 4472 versuum
1668 4421 2019 4477 notaverunt,

428 4498 550 4552 quae
570 4484 723 4607 signa
754 4485 1049 4539 asteriscos
1080 4499 1295 4541 vocant.
1334 4487 1426 4541 llla
1465 4502 1594 4542 vero
1615 4501 1735 4556 qua:
1776 4499 1881 4538 non
1924 4483 2021 4535 ha-

428 4554 561 4608 bent
644 4556 828 4608 ebrasi.
868 4556 1068 4608 habent
1108 4565 1290 4608 autem
1342 4558 1719 4608 Sentuarzinta.
1758 4554 2016 4608 similiter

468 4570 533 4608 en
543 4564 561 4608 t

430 4626 496 4677 ad
527 4626 702 4699 capita
729 4642 981 4680 versuum
1006 4626 1319 4699 jacentibus
1349 4623 1574 4699 virgulis
1601 4629 1741 4681 sicut
1763 4623 2013 4699 scribun-

432 4704 520 4748 tur
546 4698 742 4757 unciaa.
779 4699 1147 4765 signaverunt.
1175 4717 1193 4749 ι
1224 4694 1524 4753 Prudenier
1558 4713 1690 4752 sane
1719 4694 2013 4765 admodum

428 4765 716 4836 Origenes,
777 4762 852 4821 σι’
876 4768 966 4820 alii
1022 4778 1141 4835 post
1197 4784 1341 4830 cum,
1380 4784 1409 4822 e
1443 4771 1697 4822 versione
1744 4762 1882 4836 LXX
1914 4766 2013 4816 de-

430 4833 651 4906 t_raliere
683 4852 787 4889 non
818 4840 933 4891 ausi
974 4833 1100 4891 sunt
1130 4840 1273 4906 quod
1318 4839 1527 4894 Hebraei
1566 4852 1673 4890 non
1719 4833 2009 4888 habebant.

430 4902 601 4959 Tanta
640 4909 783 4960 enim
819 4910 989 4976 plebis
1014 4902 1337 4963 Christiana:
1374 4911 1424 4962 in
1452 4908 1593 4961 LXX
1631 4906 1924 4958 editiOucm
1962 4912 2017 4956 et

429 4986 676 5031 veterem
706 4978 975 5046 vulgatam
1017 4978 1265 5032 Latinam
1300 4982 1582 5034 veneratio
1608 4985 1747 5036 erat,
1773 4985 1850 5037 ut,
1883 4981 2016 5046 teste

429 5048 737 5121 Augustino
764 5043 925 5116 epist.
973 5053 1038 5102 ad
1086 5049 1517 5121 Hieronymum,
1554 5046 1877 5121 seditionem
1917 5043 2016 5121 ali-_

430 5112 555 5188 culti
596 5112 868 5184 excitarit,
926 5136 1048 5174 cum
1108 5121 1161 5174 in
1209 5112 1519 5188 llieronytni
1572 5114 1821 5188 versione
1869 5112 2017 5188 apud

427 5184 634 5259 Jonain
656 5206 674 5238 ι
708 5189 965 5259 hederam
999 5208 1017 5240 ι
1059 5205 1157 5259 pro
1186 5208 1203 5241 ι
1236 5184 1518 5259 cucurbita
1554 5205 1579 5259 ι
1624 5185 2011 5259 poni_audivi_s-

426 5267 549 5330 set-.7
592 5258 731 5313 Hinc
790 5255 1149 5330 Hieronymus
1204 5258 1519 5330 praefatione
1552 5258 1602 5330 in
1639 5255 1913 5330 Danielem
1947 5257 2017 5308 de
2052 5300 2057 5304 .

427 5328 807 5385 additiOnilius
863 5326 1167 5395 Susanna},
1206 5326 1377 5382 'Belis
1426 5337 1481 5380 et
1536 5326 1814 5391 draconis,
1865 5329 1941 5381 ait
1999 5340 2015 5378 :

433 5415 452 5449 ι
496 5398 645 5465 Quas
674 5418 774 5455 nos
807 5404 933 5470 quia
976 5404 1028 5454 in
1064 5411 1176 5453 toto
1215 5400 1347 5453 orbe
1373 5396 1633 5470 dispersa;
1680 5406 1847 5470 sunt,_
1877 5410 2014 5470 veru

427 5473 737 5539 anteposito
765 5468 967 5542 easque
991 5471 1275 5539 jugulante
1314 5468 1666 5533 subiecimus,
1705 5482 1774 5542 ne
1802 5468 2017 5542 videre-

425 5555 551 5593 mur
579 5546 720 5611 apud
753 5539 1033 5613 imperitus
1061 5553 1313 5608 iuagnam
1342 5547 1549 5605 partem
1579 5539 1867 5593 tozuminis
1923 5540 2019 5594 de-

430 5621 739 5670 truncasse.
776 5631 795 5663 ι

497 5705 610 5777 (45)
651 5700 1359 5777 "Iratapocn’lo‘vdaiouc
1415 5700 1850 5777 διμεγόωκοι,
1907 5710 2016 5777 etc.

427 5772 766 5844 Epiphanius
799 5775 938 5829 libre
984 5773 1057 5825 De
1094 5774 1423 5844 [funderious
1456 5782 1504 5826 et
1534 5772 1798 5826 Mensuris
1822 5814 1835 5837 ,
1872 5790 1926 5829 ιι.
1957 5776 2013 5826 2:

442 5841 722 5917 Ἠριγένης
758 5845 813 5898 δὲ
859 5844 993 5915 μετὰ
1044 5842 1215 5897 ταῦτα
1272 5841 1438 5897 ἐλθὼν
1493 5844 1905 5914 ἀποκατέστησε
1946 5843 2020 5916 τῷ

644 4546 828 4619 ebrasi,
868 4556 1068 4628 habent
1108 4565 1290 4611 autem
1342 4546 1719 4628 Septuaginta,
1758 4554 2016 4628 similiter
2049 4546 2096 4601 D

2125 2438 2275 2492 μενοι
2309 2421 2443 2493 (45),
2476 2420 2550 2493 μὴ
2582 2422 2942 2494 προφέρωμεν
2977 2425 3161 2488 αὐτοῖς
3190 2426 3258 2479 τὰ
3292 2426 3366 2498 μὴ
3401 2428 3625 2498 κείμενα
3653 2430 3712 2484 ὲν

1546 2560 1587 2592 ¹¹
1624 2558 1786 2614 Rom.
1810 2573 1932 2621 vin.
1964 2553 2055 2612 32.
2093 2554 2135 2586 ¹²
2159 2555 2319 2610 Prov.
2358 2570 2495 2620 χχιι,
2523 2555 2613 2612 28.

2111 2673 2325 2747 ἑκάστῳ
2352 2673 2499 2744 τόπῳ
2526 2673 3161 2747 τδνᾲὲλλείπονταλόγον.
3191 2676 3463 2747 Ηαρέθετο
3488 2677 3543 2730 δὲ
3566 2678 3714 2747 αὑτῷ

2111 2734 2433 2835 decepi-meo?
2452 2734 2590 2814 ’ὀὺχ
2610 2745 2687 2809 ὡς
2708 2748 2895 2835 χρείας
2923 2734 3088 2835 ρῦσςηξ
3111 2747 3203 2799 τοῦ
3230 2734 3450 2835 πὲίιντξυς
3478 2734 3713 2835 ζητηθῆζ

2110 2833 2196 2890 ναι
2235 2816 2325 2890 τὴν
2362 2816 2550 2890 λογον·
2581 2816 2981 2890 περιττδςίγάρ
3012 2816 3191 2872 ἐστιν·
3219 2818 3347 2890 ἀλλῖ
3372 2816 3563 2890 ἵναμὴ
3605 2816 3713 2873 πα·-

2112 2886 2340 2960 ραλείψῃ
2374 2886 2807 2960 ηἸομυδαίοις-και
2852 2886 3217 2960 Σαμαρείταις
3246 2886 3712 2960 ἐπιλαμϐάνεσθαι

2109 2956 2217 3031 τῶν
2232 2958 2423 3031 ὲν-ταῖς
2453 2957 2634 3031 ἁγίαις
2666 2956 3181 3031 Ἐκκλησίαιςθείων
3209 2956 3455 3030 Γραφῶν,
3487 2960 3714 3031 μηδενὸς

2112 3027 2441 3101 επιληψίμου
2474 3027 2797 3101 πράγματος
2823 3027 3166 3101 ὑπάρχοντος
3182 3027 3448 3100 mars;
3480 3027 3713 3095 πίστεως

2112 3064 2333 3096 eum,"
2382 3064 2440 3080 νυ
2481 3064 2794 3098 ..ηαιμαυυς
2826 3064 3153 3101 caepione,
3183 3064 3321 3083 mm.
3362 3064 3445 3100 ..λς
3487 3064 3710 3095 sum“

2112 3098 2172 3152 ὲν
2197 3064 2309 3161 τοῖς
2335 3064 2813 3180 ἔπεστερημένοις.
2841 3100 3040 3169 λόγοις.
3076 3120 3096 3180 ι
3135 3098 3412 3180 Successit
3446 3101 3549 3180 1ιίε⁵
3585 3101 3710 3180 Ori-

2115 3183 2302 3238 genes,
2338 3170 2431 3237 qui
2468 3170 2763 3237 unicuique
2803 3171 2920 3225 loco
2946 3171 3088 3240 quod
3115 3174 3297 3224 deerat
3329 3172 3600 3240 adiunxit,
3632 3173 3711 3224 ci-

2115 3254 2220 3308 que
2249 3240 2497 3310 asterisci
2552 3249 2734 3292 notam
2758 3243 3003 3310 appinxit
3028 3258 3043 3295 :
3072 3255 3175 3294 non
3203 3242 3349 3309 quod
3392 3240 3572 3294 addita
3622 3243 3710 3295 illa

2115 3308 2401 3381 vocabula,
2437 3310 2724 3372 admodum
2793 3308 3102 3366 necessaria
3157 3308 3303 3375 sint,
3345 3327 3464 3381 eum
3521 3328 3713 3381 super-

2117 3395 2283 3432 vacua
2322 3380 2644 3440 videantur:
2710 3381 2802 3433 scd
2849 3396 2913 3434 ne
2961 3380 3160 3436 Iudaeis
3222 3396 3287 3435 ac
3347 3380 3710 3435 Samaritanis

2116 3450 2282 3502 ullam
2302 3450 2666 3503 calumniandi
2687 3466 2870 3505 sacras
2890 3452 3138 3513 Litteras,
3158 3450 3354 3519 quibus
3378 3452 3427 3503 in
3451 3452 3711 3507 Ecclesiis

2118 3521 2342 3584 utimur,
2376 3520 2719 3573 occasionem
2758 3521 3120 3591 relinqueret;
3154 3536 3276 3573 eum
3327 3522 3459 3574 nihil
3496 3522 3546 3574 in
3581 3523 3711 3575 sub-

2119 3592 2310 3644 tractis
2365 3592 2471 3644 illis
2532 3592 2757 3645 vocibus
2820 3590 3006 3644 Contra
3040 3590 3195 3644 [idem
3229 3601 3413 3652 esset,
3460 3593 3601 3659 quod
3637 3607 3716 3645 re-

2116 3661 2376 3730 prehendi
2396 3660 2593 3714 merito
2616 3670 2819 3730 posset.
2844 3680 2861 3712 ι
2883 3660 3107 3713 11ιι11ιιιιε
3130 3661 3222 3713 lib.
3256 3676 3289 3713 ιι
3312 3661 3506 3716 Invccl.
3531 3662 3717 3714 adrer-

2117 3728 2209 3786 ius
2229 3728 2625 3801 Hieronymum
2650 3753 2661 3787 :
2687 3750 2704 3781 ι
2736 3732 3010 3799 Apostatae
3041 3731 3520 3801 quiideinctJttdtei
3540 3733 3713 3786 inter-

2118 3802 2318 3868 pretati
2370 3798 2500 3855 sunt
2540 3816 2624 3866 ea,
2669 3798 2902 3869 quorum
2957 3798 3188 3855 lectione
3241 3798 3409 3853 Jud:ei
3475 3804 3711 3856 maxime

2120 3880 2366 3925 utuntur.
2394 3871 2460 3924 Et
2482 3872 2610 3939 quia
2642 3871 2980 3939 frequenter,
3013 3870 3056 3924 si
3084 3870 3376 3939 disputatio
3404 3872 3710 3938 incidisset,

2118 3941 2204 3994 vel
2235 3942 2519 3995 immutata
2549 3956 2670 3994 esse
2702 3944 2977 4009 aliquanta
3003 3980 3017 4005 ,
3058 3941 3140 3994 vel
3173 3941 3385 4004 deesse,
3430 3944 3511 3993 vel
3542 3944 3717 3995 aliun-

2119 4011 2251 4066 dare
2274 4012 2326 4065 in
2358 4012 2558 4065 nostris
2581 4010 2878 4079 Seripturis
2896 4012 3319 4082 mentiebantur,
3342 4012 3504 4065 voluit
3525 4013 3715 4082 Orige—

2119 4097 2217 4137 nes
2249 4082 2446 4136 nost-ris
2477 4083 2787 4146 ostendere,
2811 4079 3378 4151 qualisapudJudzcos
3401 4079 3716 4150 Scriptura-

2120 4167 2238 4206 rum
2270 4152 2432 4206 lectio
2460 4159 2757 4215 teneretur,
2778 4161 2832 4206 et
2864 4153 2914 4205 in
2950 4152 3183 4221 propriis
3214 4153 3424 4221 paginis
3448 4153 3529 4203 vel
3567 4154 3714 4206 colu—

2120 4222 2295 4276 mellis
2327 4222 2594 4276 editiones
2620 4236 2805 4276 earum
2832 4222 3074 4291 singulas
3106 4238 3349 4290 quasque
3382 4223 3665 4289 descripsit
3696 4240 3711 4289 ;

2120 4300 2176 4345 et
2197 4307 2257 4363 ea
2284 4306 2404 4357 qua:
2438 4291 2581 4363 apud
2604 4291 2725 4363 illos
2753 4301 2879 4363 sunt
2898 4294 3079 4363 addita
3109 4295 3190 4346 vel
3218 4296 3471 4363 decerpta
3498 4332 3511 4356 ,
3545 4296 3711 4348 certis

2162 4362 2427 4433 tribusque
2479 4361 2917 4433 signisadditis,
2969 4362 3035 4415 ad
3086 4361 3479 4417 versiculorum
3533 4365 3710 4433 capita

2160 4431 2448 4500 esignavit,
2477 4442 2532 4485 et
2558 4434 2608 4484 in
2639 4431 2838 4499 alieno,
2872 4448 2976 4486 non
3001 4447 3099 4488 suo
3113 4448 3297 4502 opere,
3324 4449 3452 4488 suas
3480 4431 3713 4487 tantum-

2123 4506 2470 4573 modo_notas
2503 4503 2642 4566 lixit,
2679 4515 2736 4556 ut
2772 4505 3041 4558 sciremus
3097 4519 3204 4558 non
3250 4504 3379 4573 quid
3431 4505 3587 4558 nobis
3614 4506 3709 4558 sed

2120 4572 2248 4639 quid
2277 4569 2477 4626 Judzris
2514 4573 2807 4627 adversum
2854 4589 2951 4628 nos
3001 4569 3362 4639 certantibus,
3398 4584 3492 4627 aut
3520 4576 3712 4628 deesse

2119 4652 2214 4714 aut
2243 4644 2773 4714 ahumlarevidetur.
2808 4664 2827 4696 ι
2860 4644 3001 4699 Idem
3050 4643 3364 4714 Hieronymi
3419 4646 3707 4699 consilium

2120 4711 2220 4783 fuit
2247 4728 2369 4766 cum
2398 4727 2462 4766 ex
2489 4713 2717 4767 llcbraao
2745 4730 2929 4768 sacras
2963 4711 3277 4783 Scriptura;
3306 4714 3495 4768 Latine
3524 4716 3709 4768 vertit.

2119 4780 2253 4835 Nam
2302 4784 2617 4850 praefatione
2652 4785 2702 4838 in
2741 4784 2936 4838 librum
2982 4780 3322 4840 Psalmorum
3364 4787 3439 4839 ait
3472 4801 3487 4839 :
3525 4804 3545 4837 ι
3596 4784 3709 4839 Nec

2119 4853 2221 4906 hoc
2249 4853 2392 4916 dico,
2426 4869 2535 4922 quo
2585 4855 3013 4921 prwdecessures
3068 4871 3215 4909 meos
3268 4858 3570 4919 mordcam,
3618 4865 3711 4909 aut

2118 4923 2414 4996 quidquam
2469 4926 2533 4978 de
2585 4925 2671 4996 his
2718 4926 2957 4996 arbitrer
3002 4926 3419 4989 detrahendum,
3479 4941 3709 4996 quorum

2123 4994 2536 5066 translationem
2566 4994 2983 5066 diligentissime
3011 4999 3378 5059 emendatam,
3415 4994 3541 5051 olim
3578 5012 3711 5049 mea:

2122 5062 2315 5135 Lingua:
2359 5062 2690 5120 hominibus
2736 5067 3010 5134 dederim;
3050 5069 3141 5121 sed
3188 5072 3331 5135 quod
3366 5070 3512 5121 aliud
3552 5067 3620 5120 sit
3655 5067 3706 5118 in

2120 5132 2381 5207 Ecclesiis
2414 5135 2634 5190 Christo
2658 5132 3004 5191 credentium
3028 5132 3268 5191 Psalmos
3322 5139 3523 5207 legere,
3560 5137 3709 5189 aliud

2120 5205 2320 5277 .luda-is
2347 5206 2561 5276 singula
2605 5210 2767 5261 verba
2808 5208 3268 5262 calumniantibus
3302 5205 3651 5277 respondere.
3683 5225 3702 5258 ι

2122 5276 2264 5329 Idem
2290 5278 2385 5331 lib.
2417 5295 2451 5331 tl
2482 5278 2751 5347 Apologia:
2783 5280 3046 5332 adversus
3080 5278 3331 5331 Rutilium
3360 5276 3401 5331 :'
3432 5298 3449 5328 ι
3500 5278 3703 5345 Egone,

2122 5346 2320 5420 inquit,
2350 5346 2541 5403 contra
2577 5346 2930 5420 Septuaginta
2966 5352 3313 5420 lnterpretes
3338 5348 3537 5420 aliquid
3587 5364 3703 5420 sum

2122 5418 2360 5484 locutus,
2410 5434 2549 5487 quos
2581 5430 2709 5491 ante
2759 5417 2932 5473 annos
2978 5417 3243 5491 plurimos
3288 5417 3705 5491 diligentissime

2122 5495 2461 5555 emendatos,
2495 5505 2625 5545 mea:
2656 5490 2852 5561 lingua;
2897 5490 3159 5545 studiosis
3204 5490 3345 5554 dedi,
3385 5504 3523 5561 quos
3567 5502 3707 5561 quo-

2122 5561 2253 5615 tidie
2281 5562 2333 5614 in
2359 5573 2627 5616 conventu
2662 5558 2887 5614 frairuin
2916 5563 3179 5621 edisscro,
3202 5574 3429 5627 quorum
3459 5558 3705 5612 Psalnios

2116 5631 2229 5700 jttgi
2264 5633 2612 5685 meditatimie
2635 5631 2902 5685 decanto?
2925 5632 3054 5684 Tam
3072 5630 3268 5683 stultus
3297 5638 3533 5700 eratutut
3560 5632 3704 5700 quod

2124 5698 2438 5772 in’pueritia
2478 5703 2666 5765 didici,
2697 5715 2867 5758 senex
2900 5700 3148 5772 oblivisci
3182 5698 3413 5772 vellem?
3448 5698 3702 5753 Unircrsi

2126 5770 2393 5827 tractatus
2427 5775 2527 5825 mei
2568 5773 2758 5826 horum
2817 5770 3142 5825 testimoniis
3178 5770 3309 5823 texti
3362 5780 3527 5833 sunt,
3555 5783 3703 5820 coui-

2127 5845 2376 5899 uientarii
2422 5842 2475 5897 in
2512 5843 2792 5898 duodecim
2845 5843 3135 5912 prophetas
3179 5850 3231 5895 ct
3268 5854 3442 5895 nteant
3480 5852 3533 5893 et
3568 5838 3701 5906 Sep-
