4064 6414
152 429 205 484 6|

1342 394 1433 449 DE
1474 394 1803 453 HISTORIA
1842 393 2209 451 SUSANNAZ.
3350 396 3419 453 6?.

148 530 247 583 eoi:
276 522 625 594 ἀντιγράφοις
659 518 875 585 αὐτῶν,
909 518 1000 573 καὶ
1030 518 1113 573 ἵνα
1141 516 1579 597 συγχρησὼμεθα
1610 521 1720 581 τοῖς

1827 517 1957 574 dacis
1995 520 2343 585 disserentes,
2384 531 2489 572 non
2520 515 2859 585 proferamus
2884 535 2946 576 ea
2971 532 3090 587 qua:
3134 532 3203 571 ιιι-
3227 532 3415 573 eorum

152 614 444 687 φερομένοις
487 612 626 684 παρ’
670 613 946 687 ἐκείνοις·
996 615 1041 665 εἰ
1077 611 1165 666 καὶ
1199 614 1255 665 ὲν
1282 613 1391 674 τοῖς
1438 610 1725 681 ἡμετέροις

150 684 220 761 ἐξ
245 709 408 759 κεῖται
464 684 1040 774 βιϐλίοιελςοιαύτης
1080 704 1182 775 γὰρ
1220 701 1386 773 οὔσης
1428 701 1586 773 ἡμῶν
1627 702 1727 771 τῆς

150 798 265 869 πρὸς
286 797 477 857 αὐτοὺς
504 799 564 848 ὲν
594 798 725 858 ταῖς
775 794 1035 865 ζητήσεσι
1063 795 1431 867 παρασκευῆς,
1461 795 1521 846 οὑ
1556 812 1726 848 κατα·-

146 892 498 963 ιξρονήσουσιν,
515 890 634 943 οὐδ’
660 890 744 953 ὠς
761 890 886 954 ἔθος
912 892 1108 954 αὐτοῖς,
1134 888 1450 958 γελάσονται
1475 886 1728 957 (46)τοὺς

145 983 235 1036 ἀπὸ
268 982 368 1034 τῶν
398 982 573 1035 ἐθνῶν
618 984 1023 1049 πιστεύοντας,
1064 983 1137 1047 ὡς
1172 985 1219 1036 τ’
1256 982 1429 1053 ἀληθῆ
1462 982 1567 1035 καὶ
1599 982 1726 1055 παρ’

142 1077 303 1138 αὐτοῖς
342 1076 836 1147 ἀναγεγραμμένα
894 1074 1236 1146 ἀγνοοῦντας.
1270 1073 1455 1127 Ταῦτα
1488 1075 1585 1145 μὲν
1633 1070 1728 1130 οὖν

143 1168 349 1238 εἰρήσθω
402 1168 541 1238 πρὸς
600 1168 667 1221 τὸ
721 1169 798 1242 μὴ
846 1169 1105 1243 φέρεσθαι
1159 1168 1289 1239 παρ’
1327 1165 1599 1238 Ἑϐραίοις
1658 1168 1727 1222 τὰ

142 1259 246 1327 περὶ
279 1258 596 1328 Σωσάννης.

200 1348 411 1417 Ἶδωμεν
440 1348 498 1400 δὲ
531 1350 633 1402 καὶ
672 1349 711 1402 ἂ
740 1351 1073 1423 προσφέρεις
1105 1352 1181 1423 τῷ
1207 1352 1352 1424 λόγῳ
1382 1352 1724 1424 ἐγκλήματα.

139 1439 227 1494 Καὶ
276 1439 483 1510 πρῶτον
520 1457 591 1508 γε
638 1441 948 1513 ἀρξώμεθα
994 1444 1100 1496 ἀπὸ
1150 1443 1244 1497 τοῦ
1300 1445 1619 1515 δυνηθέντος
1660 1444 1725 1498 ἂν

137 1532 423 1599 δυσωπῆσαι
478 1532 627 1603 πρὸς
680 1533 746 1585 τὸ
808 1534 885 1605 μὴ
948 1535 1346 1606 παραδέξασθαι
1408 1537 1509 1607 τὴν
1579 1540 1724 1590 ἱστο-

139 1622 238 1693 ρίαν
267 1622 371 1690 (47)
389 1639 400 1650 ·
440 1625 587 1693 ὅπερ
626 1623 756 1675 ἐστὶ
784 1625 847 1676 τὸ
875 1627 1000 1697 περὶ
1031 1628 1125 1699 τὴν
1153 1629 1506 1700 παρωνυμίαν
1534 1630 1724 1700 πρίνου

140 1716 219 1783 μὲν
248 1716 387 1784 πρὸς⁵
407 1718 640 1787 πρίσιν,
684 1719 873 1789 σχίνου
902 1719 957 1771 δὲ
992 1720 1123 1792 πρὸς
1156 1722 1360 1790 σχίσιν·
1408 1722 1535 1792 περὶ
1562 1714 1622 1774 οὗ
1659 1722 1723 1775 σὺ

138 1807 217 1877 μὲν
244 1807 524 1878 ἁπεφήνω,
561 1810 646 1873 ὡς
680 1810 1011 1865 καταλαϐὼν
1036 1813 1154 1866 τίνα
1189 1813 1387 1884 τρόπον
1413 1815 1473 1868 ὲν
1506 1814 1604 1884 μὲν
1634 1814 1721 1867 ἑλ-

134 1896 343 1967 ληνικαῖς
373 1902 594 1966 φωναῖς
624 1900 865 1954 τοιαῦτα
892 1903 1192 1971 ὁμοφωνεῖν
1234 1903 1543 1974 συμϐαίνει,
1574 1906 1631 1957 ἐν
1664 1904 1721 1956 δὲ
1754 1876 1798 1931 Β

133 1990 185 2057 τῇ
220 1986 447 2060 Ἐϐραῖδι
503 1991 588 2061 τῷ
652 1994 831 2046 παντὶ
865 1992 975 2064 (48)
1024 1994 1305 2064 διέστηκεν
1330 2012 1342 2025 ⁸
1413 1996 1525 2064 ὲγὼ
1554 1997 1611 2049 δὲ
1644 1996 1725 2050 ἔτι

132 2082 423 2151 ἀμφιϐάλλου
443 2102 457 2113 ’
495 2086 751 2157 ἐπείπερ
778 2086 1067 2156 φροντίσας
1094 2088 1202 2141 τῶν
1242 2089 1383 2141 κατὰ
1421 2089 1512 2143 τὸν
1540 2089 1721 2154 τόπον,

130 2174 190 2246 τῷ
230 2176 311 2229 καὶ
364 2178 533 2240 αὐτὸς
582 2176 941 2249 ἡπορηκέναι
995 2180 1050 2231 ὲν
1101 2180 1308 2243 αὐτοῖς,
1369 2180 1468 2232 οὐκ
1522 2180 1724 2249 ὀλίγοις

137 2268 374 2340 Ἑϐραίοις
398 2268 699 2339 ἀνεθέμην
751 2270 1182 2341 πυνθανόμενος,
1224 2272 1340 2335 πῶς
1372 2273 1513 2343 παρ’
1543 2272 1741 2341 αὐτοῖς,

128 2362 417 2432 θωμάζεται
470 2364 720 2434 πρῖνος,
757 2363 857 2416 καὶ
878 2364 994 2427 ’πῶς
1033 2364 1250 2433 λέγουσι
1276 2364 1337 2417 τδ
1366 2365 1575 2437 πρίξειν
1600 2383 1612 2395 ο
1647 2365 1725 2418 ἔτι

126 2458 170 2508 δὲ
213 2458 283 2520 εἰς
308 2458 357 2510 τί
397 2458 909 2529 μεταλαμϐάνουσι
944 2459 1052 2527 (49)
1091 2458 1187 2529 τὴν
1219 2461 1396 2527 σχῖνον
1434 2460 1495 2511 τὸ
1540 2459 1722 2527 φυτὸν,

127 2549 329 2613 καὶπῶς
359 2552 417 2603 τὸ
448 2549 674 2620 σχίζειν
722 2551 1102 2621 ὀνομάζουσιν.
1147 2554 1209 2604 Οἱ
1239 2552 1294 2604 δὲ
1324 2552 1421 2623 τὴν
1480 2552 1724 2623 Ἐλληνι-

127 2640 206 2709 rip;
250 2640 483 2709 ἔφασκον
540 2642 784 2710 ἀγνοεῖν
833 2640 1012 2711 φωνὴν
1079 2642 1179 2711 τὴν
1237 2643 1425 2713 πρίνου
1485 2644 1581 2695 καὶ
1626 2644 1725 2713 τὴν

128 2717 307 2798 σχίνου·
342 2733 599 2803 ἀπῄτουν
640 2733 705 2785 δὲ
736 2733 922 2795 αὐτοῖς
958 2732 1232 2803 δειχθῆναι
1270 2734 1338 2785 τὰ
1382 2734 1609 2806 δένδρα,
1659 2735 1725 2787 ἵν’

124 2821 282 2874 εἶδειεν
320 2823 481 2887 ποίας
522 2822 635 2875 ἐπὶ
671 2821 884 2874 τούτων
908 2822 1059 2874 αὐτοὶ
1085 2821 1194 2890 (50)
1230 2822 1486 2879 τάσσουσι
1521 2823 1724 2891 φωνάς.

124 2914 214 2966 Καὶ
237 2915 376 2987 (φίλη
408 2916 520 2987 γὰρ
549 2916 586 2985 ἡ
632 2914 915 2984 ἀλήθεια),
961 2914 1057 2965 οὑκ
1092 2914 1346 2984 ἠπόρησα
1389 2916 1570 2978 αὐτοῖς
1606 2916 1726 2987 ὄψει

122 3005 438 3076 παραστῆσαι
472 3006 548 3058 τὰ
591 3003 764 3069 ξύλα.
806 3002 1003 3067 ’Ἄλλος
1045 3004 1101 3056 δὲ
1140 3003 1345 3072 ἔφασκε
1393 3006 1459 3058 τὰ
1496 3006 1570 3077 μὴ
1608 3007 1725 3061 ὀνο-

125 3096 364 3163 μασθέντα
394 3096 509 3149 τῶν
546 3093 808 3167 Γραφῶν
848 3097 948 3149 που
986 3095 1084 3147 οὐκ
1145 3096 1288 3166 ἔχειν
1328 3097 1724 3152 διαϐεϐαιώσα-

123 3186 245 3251 σθαι,
274 3189 419 3252 ὅπως
456 3188 769 3261 Ἐϐραϊστὶ
808 3186 1044 3256 λέγεται’
1070 3189 1335 3260 προπετὲς
1366 3189 1421 3242 δὲ
1453 3186 1610 3256 εἶναι,
1634 3190 1724 3248 τὸν

120 3280 442 3350 ἀπορήσαντα
484 3282 659 3349 φωνῇ
706 3280 776 3350 τῇ
824 3279 1061 3349 Συριακῇ
1112 3280 1415 3351 χρήσασθαι
1454 3281 1575 3335 ἀντὶ
1624 3282 1723 3354 τῆς

128 3369 379 3443 Ἐϐρατδος
410 3372 530 3443 (51)
553 3390 567 3402 ’
605 3372 712 3426 καί¹
738 3370 920 3441 ἔλεγε,
948 3373 1037 3425 καὶ
1062 3371 1211 3443 παρὰ
1235 3374 1348 3436 τοῖς
1372 3373 1513 3427 πάνυ
1538 3377 1721 3444 σοφοῖς

118 3463 263 3517 ἐνίοτε
312 3465 489 3530 λέξεις
541 3465 719 3528 τινὰς
774 3463 1079 3535 ζητεῖσθαι.
1131 3466 1192 3518 Εἰ
1246 3466 1343 3535 μὲν
1406 3461 1520 3530 οὖν,
1562 3469 1720 3539 φησὶ,

116 3552 235 3623 ἔχεις
262 3574 309 3609 τι
336 3558 710 3629 παραστῆσαι
744 3554 846 3625 τὴν
875 3558 1049 3625 σχῖνον
1071 3556 1217 3620 ὅπως
1243 3558 1373 3615 ποτὲ
1402 3557 1722 3629 ὀνομασθεῖ-

118 3663 200 3698 σαν
219 3648 270 3702 ἐν
296 3668 401 3703 τινι
434 3652 668 3723 Γραςρῇ,
696 3648 735 3719 ἢ
759 3648 862 3719 τὴν
891 3652 1099 3719 πρῖνον,
1125 3649 1333 3703 ἐκεῖθεν
1361 3652 1427 3705 ἂν
1466 3651 1722 3725 εὕροιμεν

114 3736 164 3787 τὸ
188 3738 509 3810 ζητούμενον
535 3782 552 3805 ,
592 3739 697 3792 καὶ
744 3737 846 3809 τὴν
880 3740 1008 3810 παρ’
1067 3739 1205 3793 αὐτὰ
1248 3742 1605 3812 παρωνυμίαν
1626 3760 1639 3772 ’
1672 3744 1720 3797 εί

114 3828 162 3880 δὲ
197 3832 438 3901 μηδαμοῦ
501 3830 866 3903 ὠνομάσθη,
921 3830 1015 3883 καὶ
1068 3832 1213 3901 ἡμᾶς
1265 3832 1609 3888 διαλανθάνει
1659 3835 1720 3888 τὸ

115 3923 343 3977 τοιοῦτον.
407 3925 646 3978 Τούτων
714 3918 813 3977 οὖν
864 3924 987 3977 ὅσον
1059 3925 1149 3976 ἐπὶ
1222 3925 1297 3997 μὴ
1355 3927 1566 3998 ἱστορίᾳ
1620 3927 1724 3980 ὑπὸ

121 4013 381 4087 Ἐϐραίων,
413 4014 502 4083 οἷς
536 4016 842 4088 συνέμιξα,
874 4016 1200 4088 εἰρημένων,
1231 4018 1341 4088 ἐγὼ
1368 4021 1465 4090 μὲν
1481 4020 1723 4085 εὐλαϐῶς

112 4107 205 4177 ἔχω
228 4111 639 4181 ἀποφήνασθαι,
672 4109 913 4180 πότερον
948 4110 1043 4162 καὶ
1064 4110 1189 4181 παρ’
1234 4110 1507 4181 Ἑϐραίοις
1549 4113 1579 4182 ἡ
1609 4114 1720 4166 ίσο-

112 4201 321 4272 δαναμία
348 4204 459 4258 τῶν
486 4203 642 4257 κατὰ
679 4200 863 4255 ταῦτα
894 4200 1263 4273 παρωνυμιῶν
1299 4202 1553 4270 σώζεται,
1577 4206 1609 4277 ἢ
1631 4206 1718 4259 οὗ·

114 4296 169 4348 σὺ
198 4296 248 4348 δὲ
268 4300 411 4363 ὅπως
438 4296 864 4358 διεϐεϐαιώσω,
893 4296 1054 4359 αὐτὸς
1077 4286 1224 4360 οἶδας
1258 4296 1408 4360 ἴσως.

168 4387 459 4460 Μέμνημαι
492 4389 604 4459 μέν
628 4388 805 4456 τοίγε
834 4385 1128 4455 φιλομαθεῖ
1165 4387 1429 4457 Ἑϐραίῳ,
1467 4388 1564 4441 καὶ
1586 4406 1722 4459 χρη-

116 4479 366 4545 ματίζοντι
397 4481 519 4551 (52)
555 4480 702 4551 παρ’
745 4478 939 4540 αὐτοῖς
976 4474 1139 4545 σοφοῦ
1187 4476 1318 4547 υἱῷ,
1348 4478 1721 4550 ἀνατραφέντι

1827 612 2228 681 exemplaribus
2251 612 2464 676 desunt,
2484 611 2577 666 sed
2591 610 2748 666 simul
2769 612 3066 668 utamuriis
3098 627 3420 682 quarpenes

1826 720 1888 761 se
1914 705 2116 760 habent
2133 748 2146 767 ,
2169 705 2359 760 licetin
2380 705 2587 763 nostris
2606 705 2759 761 libris
2781 706 3175 761 desiderentur.
3193 704 3250 761 Si
3269 705 3417 762 enim

1826 801 2092 871 ejusmodi
2123 800 2285 855 fuerit
2321 807 2508 854 noster
2532 799 2600 853 ad
2633 802 2791 854 eade
2826 798 3024 868 quibus
3059 814 3157 854 nos
3196 799 3342 853 inter
3361 806 3420 853 et

1828 893 1976 963 ipsos
2020 893 2390 947 controversia
2421 900 2537 957 est,
2564 901 2874 961 apparatus,
2908 906 3014 945 non
3042 901 3416 955 contemnent,

1828 1000 2026 1055 neque,
2053 996 2216 1055 prout
2243 986 2442 1049 solent,
2489 984 2791 1039 irridebunt
2824 999 2919 1039 eos
2954 984 3045 1053 qui
3079 982 3312 1037 credunt
3347 996 3416 1037 ex

1826 1078 2111 1149 gentibus,
2160 1078 2304 1147 quod
2342 1092 2470 1132 vera
2502 1086 2557 1131 et
2581 1091 2702 1145 quae
2734 1078 2875 1145 apud
2924 1076 3046 1131 illos
3076 1076 3278 1144 scripta
3327 1090 3420 1128 ex-

1827 1179 1995 1237 stant,
2015 1169 2285 1240 ignorent.
2311 1166 2487 1238 Atque
2504 1167 2619 1222 haec
2643 1167 2783 1225 dicta
2800 1167 3132 1221 sintadillud
3150 1166 3296 1236 quod
3318 1166 3418 1220 ob-

1822 1262 2025 1332 jecisti,
2045 1261 2183 1330 apud
2200 1260 2453 1315 Hebraeos
2466 1275 2571 1314 non
2590 1268 2807 1315 exstare
2824 1259 3086 1314 Susannzc
3106 1259 3409 1314 historiam.

1898 1352 1951 1407 6.
1985 1349 2279 1405 Videamus
2314 1349 2480 1403 etiam
2526 1362 2650 1416 quae
2691 1348 2743 1401 in
2774 1347 3027 1401 oratione
3062 1346 3174 1415 ipsa
3225 1345 3415 1400 crimi—

1829 1446 2000 1500 naris.
2034 1444 2101 1498 Et
2129 1444 2362 1513 primum
2392 1440 2716 1510 incipiamus
2748 1440 2815 1495 ab
2845 1454 2910 1495 eo
2947 1439 3095 1509 quod
3126 1439 3411 1494 deterrere

1828 1549 1995 1607 queat
2024 1551 2093 1591 ne
2120 1535 2439 1589 admittatur
2471 1532 2702 1589 historia
2723 1573 2738 1596 ,
2788 1545 2985 1599 nempe
3012 1546 3075 1585 ea
3105 1546 3267 1600 quam
3304 1530 3414 1585 ἀπὸ

1827 1630 1920 1684 τοῦ
1955 1629 2146 1702 πρίνου
2184 1629 2389 1699 πρίσις,
2425 1626 2618 1680 οῑιάπδ
2664 1624 2759 1678 τοῦ
2794 1624 2972 1694 σχίνου
3012 1624 3186 1695 σχίσις
3228 1624 3415 1689 habet,

1828 1721 2186 1782 derivatione,
2213 1720 2278 1773 de
2304 1734 2407 1786 qua
2442 1726 2495 1771 tu
2524 1716 2909 1786 pronuntiasti,
2932 1716 3054 1770 aesi
3074 1722 3411 1784 compertum

1827 1814 2055 1868 haberes
2093 1826 2201 1882 quo
2244 1812 2402 1865 modo
2440 1809 2626 1864 Griece
2674 1809 2891 1877 quidem
2941 1807 3057 1862 Ιιεεο
3106 1822 3415 1863 consonare

1826 1907 2130 1976 contingat,
2190 1904 2455 1959 Ilebraiee
2503 1913 2684 1957 autem
2734 1902 2940 1956 distent
2994 1901 3237 1969 penitus.
3298 1900 3415 1971 Ego

1825 2015 1954 2055 vero
1983 2000 2281 2055 etiamnum
2314 1997 2523 2053 dubito.
2557 1994 2688 2049 Nam
2714 2004 2765 2049 et
2787 2009 2888 2062 ego
2910 1995 2980 2047 de
3008 1995 3109 2047 hoc
3151 1993 3269 2048 loco
3295 1993 3409 2047 sol-

1825 2091 2028 2157 licitas,
2048 2105 2172 2144 cum
2197 2098 2249 2141 et
2268 2089 2384 2158 ipse
2410 2088 2515 2157 18
2534 2087 2733 2141 dubius
2764 2085 3049 2151 hmrerem,
3070 2100 3175 2139 non
3208 2099 3410 2154 paucos

1826 2183 2085 2239 Hebraeos
2117 2179 2388 2241 consului,
2419 2176 2712 2233 sciscitans
2764 2175 3215 2245 quomodo-apud
3261 2176 3409 2243 ipsos

1824 2276 2135 2331 nominetur
2162 2273 2375 2343 πρῖνος,
2400 2278 2455 2323 et
2488 2267 2763 2337 quomodo
2797 2267 2982 2322 dicant
3013 2266 3250 2336 πρίζιεν,
3277 2265 3409 2318 item

1825 2382 1936 2437 qua
1971 2379 2103 2421 voce
2148 2363 2382 2418 reddant
2428 2360 2608 2429 σχίνον
2646 2358 2918 2423 arborem,
2950 2367 3005 2413 et
3034 2356 3304 2426 quomodo
3335 2355 3403 2409 di-

1826 2469 1981 2516 catur
2006 2460 2084 2514 eis
2118 2456 2342 2527 σχίζειν.
2393 2453 2469 2507 Illi
2502 2462 2684 2507 autem
2738 2451 2989 2507 dicebant
3043 2452 3304 2522 ignorare
3352 2463 3412 2503 se

1826 2547 2045 2601 Grrecas
2077 2560 2235 2599 voces
2265 2543 2456 2613 πρίνου
2482 2549 2538 2594 et
2565 2541 2776 2609 σχίνου,
2807 2550 2863 2595 et
2898 2541 3045 2610 ipsas
3076 2539 3177 2594 sibi
3221 2552 3411 2608 posce-

1827 2642 1958 2697 bant
1984 2640 2195 2698 ostendi
2231 2638 2477 2703 arbores,
2528 2647 2587 2691 ut
2628 2638 2834 2692 scirent
2889 2651 3155 2705 quasnam
3197 2635 3279 2689 eis
3312 2634 3411 2688 tri-

1826 2737 1993 2792 buant
2024 2748 2204 2788 voces.
2254 2733 2368 2801 Ego
2404 2746 2534 2785 vero
2578 2745 2683 2783 non
2721 2729 2964 2782 dubitavi
3012 2728 3209 2793 (amica
3263 2728 3407 2780 enim

1827 2826 2052 2895 veritas)
2080 2826 2195 2895 ipsa
2220 2824 2365 2894 ligna
2406 2824 2459 2876 in
2493 2836 2682 2877 eorum
2719 2830 3068 2888 conspectum
3113 2818 3411 2871 adducere.

1827 2920 1978 2974 Alius
2012 2927 2191 2972 autem
2231 2913 2451 2970 dicebat
2490 2926 2609 2981 qua:
2653 2925 2917 2978 nusquam
2956 2910 3239 2963 nominata
3281 2918 3412 2962 sunt

1826 3014 1883 3071 In
1921 3010 2243 3080 Scripturis,
2265 3024 2324 3063 se
2345 3023 2451 3061 non
2473 3020 2634 3076 posse
2656 3001 2929 3057 aIIirmare
2949 3002 3415 3077 quemadmodum

1828 3108 2080 3163 dicantur
2111 3100 2406 3165 Ilebraice;
2449 3099 2503 3152 in
2540 3108 2796 3168 promptu
2839 3102 3019 3149 autem
3065 3109 3187 3148 esse
3232 3095 3416 3163 utqui

1755 3227 1799 3285 ο
1831 3201 2062 3265 dubitat,
2111 3195 2339 3267 Syriaca
2368 3202 2551 3248 utatur
2590 3206 2743 3257 voce,
2778 3189 2893 3243 loco
2930 3186 3234 3242 Hebraictn.
3275 3184 3407 3240 Item

1828 3296 2041 3355 dicebat
2069 3292 2235 3346 etiam
2273 3303 2303 3342 a
2346 3284 2770 3356 sapientissimis
2817 3283 3084 3336 dictiones
3121 3280 3415 3334 nonnullas

1827 3385 2116 3459 aliquando
2162 3380 2356 3453 quaeri.
2402 3378 2459 3433 Si
2506 3392 2658 3447 ergo,
2698 3375 2995 3445 inquiebat,
3034 3373 3232 3428 alicubi
3260 3381 3416 3443 potes

1826 3479 2117 3539 ostendere
2141 3470 2553 3529 nominatamin
2583 3470 2764 3538 aliqua
2794 3465 3070 3536 Scriptura
3090 3486 3107 3517 ι
3141 3468 3357 3537 prinum
3388 3483 3407 3517 ι

1826 3576 1913 3632 vel
1946 3593 1965 3627 ι
2001 3571 2280 3635 srhinum,
2319 3565 2445 3620 libi
2480 3572 2631 3619 certe
2676 3561 2984 3617 invenietur
3030 3561 3173 3630 quod
3217 3560 3417 3629 qnmri-
3472 3606 3473 3609 η

1828 3682 1974 3731 mus,
2009 3674 2063 3720 et
2092 3678 2156 3717 ea
2179 3677 2301 3732 qua:
2327 3659 2454 3713 inde
2481 3660 2681 3722 oritur,
2707 3657 2987 3711 nominum
3028 3654 3318 3708 derivatio.
3355 3650 3413 3707 Si

1825 3773 1958 3815 vero
1982 3755 2171 3815 nullibi
2230 3753 2526 3807 nominatae
2585 3760 2735 3817 sunt,
2767 3750 2818 3804 id
2852 3763 3072 3818 quoque
3123 3746 3412 3801 noslalet.

1827 3849 1952 3905 Ilaac
1982 3850 2148 3919 igitur
2183 3862 2305 3903 cum
2332 3844 2401 3899 ab
2431 3844 2675 3898 Ilebrmis
2698 3842 3023 3912 quibuscum
3055 3838 3414 3895 consuetudi-

1828 3955 1953 3997 nem
1990 3941 2177 4004 habui,
2213 3940 2497 3994 historiam
2526 3950 2631 3991 non
2660 3934 3086 4006 agnoscentibus
3114 3933 3257 3987 dicta
3283 3930 3415 3993 sint,

1822 4035 2013 4105 religio
2048 4033 2182 4088 mihi
2223 4041 2311 4087 est
2352 4030 2716 4100 pronuntiare
2758 4035 2939 4081 utrum
2974 4026 3120 4097 apud
3157 4026 3415 4081 Hebraeos

1820 4127 2014 4182 similis
2041 4124 2326 4180 nominum
2363 4123 2632 4178 derivatio
2659 4132 2909 4179 servetur
2938 4135 3132 4177 necne.
3160 4120 3243 4174 Tu
3280 4133 3415 4174 vero

1819 4232 1919 4273 cur
1947 4232 2053 4271 non
2087 4230 2210 4270 esse
2237 4212 2559 4279 aiﬁrmaris,
2593 4212 2828 4268 fortasse
2856 4211 3026 4267 nosti.

1900 4388 1952 4446 7.
1989 4387 2206 4442 Memini
2232 4397 2381 4442 certe
2410 4404 2497 4443 me
2525 4402 2648 4442 cum
2697 4388 2945 4442 studioso
2976 4386 3204 4441 Ilebrmo
3248 4399 3416 4439 voca-

1831 4480 1982 4550 tique
2011 4480 2152 4550 apud
2175 4479 2292 4536 illos
2319 4480 2420 4535 viri
2450 4480 2729 4550 sapientis
2756 4479 2892 4546 ﬁlio,
2930 4487 2985 4534 et
3014 4479 3081 4531 ad
3112 4478 3164 4532 id
3186 4479 3418 4532 educato

114 4681 332 4752 tuagiuta
373 4686 696 4739 editionem
760 4680 1096 4752 edisserunt.
1146 4698 1164 4732 ι
1198 4679 1262 4734 Et
1293 4680 1431 4735 libro
1470 4696 1531 4734 III
1568 4681 1707 4749 Apo-

1826 4684 1919 4735 boc
1949 4683 2002 4735 in
2036 4682 2336 4752 peregrina:
2370 4682 2569 4747 lingure
2600 4680 2913 4752 ermlilionc
2948 4681 3178 4752 sudasse
3219 4694 3287 4733 ne
3316 4676 3418 4752 Ju-

108 4750 242 4817 lugirz
291 4755 569 4808 adversus
622 4752 885 4807 eumdem
948 4751 1198 4805 Ruﬁnum
1234 4769 1248 4805 :
1283 4769 1301 4802 ι
1338 4752 1418 4805 Tu
1460 4752 1705 4807 Latinas.

111 4821 288 4893 hiquit,
320 4824 661 4893 Scripturas
698 4823 769 4876 de
803 4820 997 4893 Gr:an
1051 4821 1391 4885 emendabis,
1442 4833 1498 4875 et
1555 4822 1707 4893 aliud

110 4886 347 4947 Ecclesiis
397 4886 593 4948 trades
635 4892 966 4961 legendum,
1016 4908 1178 4960 quam
1231 4893 1370 4959 quod
1431 4891 1597 4946 semel
1639 4894 1709 4946 ab

108 4966 351 5026 apostolis
372 4972 795 5034 susceperunt;
829 4961 970 5034 mihi
994 4978 1096 5016 non
1124 4962 1309 5034 licebit
1331 4971 1452 5029 post
1479 4962 1710 5029 Septua-

112 5034 237 5097 ginta
281 5031 629 5097 editionein,
674 5047 846 5095 quam
903 5031 1311 5101 diligentissime
1361 5034 1708 5101 eincndatam

110 5118 226 5176 mem
272 5103 474 5176 linguae
534 5103 867 5176 hominibus
917 5100 1057 5176 dedi.
1086 5104 1151 5157 ad
1184 5102 1543 5176 confutanilos
1603 5100 1705 5176 Ju-

109 5173 255 5245 dgeos,
280 5172 450 5231 etiam
480 5176 604 5245 ipsa
630 5173 973 5245 exemplaria
1002 5183 1235 5238 vertere,
1260 5190 1379 5241 qua:
1405 5174 1504 5241 ipsi
1531 5172 1709 5245 veris,-

110 5243 228 5297 sima
276 5242 633 5301 confitentur
657 5261 673 5310 ;
710 5254 773 5295 ut
802 5244 847 5295 si
874 5246 1093 5310 quando
1116 5245 1406 5297 adversum
1429 5260 1524 5296 eos
1549 5242 1709 5295 Chri-

110 5314 280 5385 stianis
313 5318 631 5385 disputatio
686 5325 794 5375 est,
843 5329 951 5365 non
1002 5315 1238 5385 habeant
1269 5313 1705 5385 subterfugieudi

110 5382 436 5453 diverticula,
488 5387 587 5440 sed
639 5394 867 5440 snmuet
906 5384 1246 5450 potissimum
1309 5382 1567 5438 iuiieroue
1622 5382 1705 5436 fe-
1800 5446 1803 5447 ν

112 5455 341 5510 tiaotur?
374 5476 395 5507 ι
437 5487 512 5498 -—
540 5456 672 5510 Mox
736 5468 955 5508 mecum
1003 5454 1320 5509 emendabis
1354 5454 1425 5508 τὰ
1455 5454 1533 5526 μὴ
1576 5469 1707 5525 προ-

109 5526 336 5596 κείμενα.
378 5527 597 5583 None.

166 5591 268 5666 (λϐ)
292 5600 710 5660 Γελάσανται,
733 5602 847 5653 etc.
884 5591 1239 5665 Hieronymus
1264 5610 1481 5666 quoque
1503 5593 1699 5666 prrcfaf

109 5666 233 5722 tione
253 5664 313 5722 Vin
351 5671 559 5723 librum
592 5669 774 5722 Josue
806 5672 1034 5717 testatur
1070 5685 1087 5715 ‹
1118 5666 1299 5719 dolere
1319 5664 1531 5719 Judaeos
1556 5665 1701 5731 quod

106 5738 460 5793 calumniandi
493 5742 579 5795 eis
615 5749 674 5792 et
708 5733 979 5793 irridendi
1021 5733 1361 5789 Christianos
1408 5737 1477 5788 sit
1517 5736 1702 5787 ablata

106 5812 325 5879 occasio.
364 5830 383 5861 ι
421 5810 486 5865 Et
537 5806 892 5879 pra-{alioue
930 5805 988 5879 in
1015 5806 1241 5879 _lihrum
1272 5805 1496 5879 .Isaiar:
1529 5822 1547 5855 ι
1591 5804 1708 5872 Ipse

108 5878 221 5933 Inibi
267 5874 586 5937 mercedem
628 5876 902 5933 restituat
930 5874 980 5927 in
1008 5874 1223 5940 futuro,
1257 5878 1346 5947 qui
1386 5877 1490 5932 scit
1523 5890 1609 5931 me
1635 5881 1708 5929 ob

1817 4754 1916 4805 dmi
1955 4750 2292 4807 de‘I'alsitate
2314 4753 2723 4819 Scripturarum
2778 4750 3036 4804 Εευιιξδίἰδ
3062 4752 3181 4816 ejus
3213 4751 3419 4802 diutius

1818 4823 2231 4876 insultarent.)
2271 4823 2384 4877 Ilue
2412 4823 2558 4876 refer
2583 4838 2704 4889 qua:
2726 4821 2791 4874 de
2813 4819 3015 4874 Jmheis
3063 4822 3418 4874 illudentibus

1816 4904 1871 4947 et
1900 4895 2365 4963 calumniantilms
2396 4892 2714 4961 Scripturas
2744 4892 3175 4963 Christianorum
3231 4892 3420 4943 dicun-

1821 4973 1910 5016 tur
1938 4965 2007 5017 ab
2027 4961 2221 5019 eodem
2260 4963 2587 5034 llierouytno
2619 4962 3040 5034 praefationibus
3059 4963 3109 5015 in
3135 4961 3417 5034 Paralipo-

1819 5049 1979 5087 rueua
2006 5047 2062 5089 et
2093 5036 2144 5087 in
2180 5031 2507 5089 Psalterium
2541 5050 2605 5088 ex
2638 5031 2867 5087 Hebraeo
2914 5031 3109 5085 Latine
3142 5031 3415 5085 redditum

1818 5115 2011 5173 rogatu
2046 5105 2367 5172 Sophronii.

1886 5170 2001 5244 (Π)
2045 5170 2403 5237 wetstenius,
2480 5172 2849 5227 δυσωπεῖσθαι
2878 5172 3015 5244 πρὸς
3046 5171 3106 5224 τὸ
3142 5170 3217 5243 μὴ
3239 5188 3417 5244 παρα-

1813 5244 2067 5312 δέξασθαι
2100 5246 2199 5317 τὴν
2239 5246 2597 5317 προφητείαν.

1882 5318 1999 5384 (48)
2029 5316 2201 5379 Ideni,
2238 5316 2298 5368 τδ
2330 5316 2529 5385 πάντη.

1884 5388 1998 5456 (49)
2036 5388 2203 5448 Idem,
2234 5386 2749 5456 παραλαμϐάνουσι.

1883 5457 1996 5525 (50)
2030 5457 2196 5521 Idem,
2230 5457 2437 5519 αὐτοῖς,
2475 5458 2636 5509 male.

1879 5524 1991 5598 (51)
2021 5527 2201 5582 Codex
2236 5527 2562 5599 Basileensis
2595 5526 2743 5599 {eum
2758 5526 2942 5599 Cant.]
2976 5526 3072 5598 τῆς
3099 5524 3417 5599 Ἐϐραῖκῆς.

1882 5594 1997 5668 (52)
2030 5594 2472 5665 Χρηματίζοντι.
2525 5594 2837 5666 Ιιοέοιιιιιιιιι
2878 5594 3006 5666 puto
3031 5594 3414 5669 ’χρηματίζον-

1812 5685 1921 5731 τος.
1954 5668 2141 5735 Neque
2166 5668 2309 5719 enim
2344 5669 2487 5721 lilius
2514 5669 2809 5721 vocabatur
2865 5669 3104 5734 sapiens.
3142 5668 3249 5721 s’cd.
3271 5668 3411 5721 lilius

1812 5748 1933 5792 erat
1960 5737 2337 5809 patrisvoealj
2366 5736 2839 5809 sapientisl‘aulo
2856 5750 2973 5809 post
3030 5736 3405 5802 Wetstenius,

1815 5810 1908 5864 ἐπὶ
1936 5806 2016 5880 τῷ
2048 5806 2414 5873 διαδέξασθαι.
