4064 6414
691 279 764 336 6‘7
1685 269 2017 329 ORIGENIS
2069 266 2412 326 ΕΡιδτοιΑ
2451 268 2542 324 AD
2579 267 2984 324 AFRICANUM
3886 278 3938 338 σε

693 412 800 464 εει,
827 411 886 456 ιιι
911 399 1057 454 illam
1093 395 1246 453 Pauli
1300 405 1424 451 esse
1473 395 1946 450 demonstremus.
1989 384 2270 448 Adducam

2385 392 2573 465 Παύλῳ
2625 392 3045 466 γεγραμμένηνο
3098 390 3235 464 πρὸς
3285 390 3346 447 ὃν
3400 391 3577 448 ἄλλων
3624 392 3793 465 λόγων
3839 407 3937 456 κατ

694 507 826 562 ergo
851 492 914 545 in
945 489 1200 560 przesenti
1230 502 1296 540 ex
1334 484 1631 556 Evangelio
1667 499 1788 554 qua:
1823 485 1984 541 Jesus
2026 485 2278 540 Christus

693 584 764 637 de
795 582 1074 652 prophetis
1105 587 1381 642 testatur,
1425 591 1484 632 et
1527 575 1816 631 historiam
1874 592 1993 646 quae
2042 579 2110 631 ab
2159 578 2279 645 ipso

696 673 917 742 quidem
953 670 1210 734 refertur,
1238 670 1332 724 sed
1348 669 1416 722 .in
1461 669 1740 724 veteribus
1777 666 2086 737 'Scripturis
2137 665 2280 722 desi-

697 764 939 827 deratur,
971 763 1230 833 quoniam
1263 762 1377 832 ipsa
1405 773 1627 830 quoque
1658 759 1971 829 iniqttorum
2011 760 2063 813 in
2095 759 2280 829 [lsrael

692 860 936 928 iudicum
965 859 1296 929 vituperium
1327 858 1596 914 continet.
1635 855 1813 911 Verba
1846 866 2030 911 autem
2085 856 2281 910 Salva-

699 953 833 1006 to-ris
875 951 988 1005 haec
1015 959 1184 1004 sunt:
1222 968 1240 1001 ι
1279 950 1368 1004 Va:
1412 948 1573 1004 vobis
1601 989 1617 1013 ,
1663 948 1871 1004 Scriba;
1917 957 1972 1002 et
2016 948 2276 1002 ‘Pharismi

698 1041 1024 1111 hypocrittn,
1053 1043 1307 1110 quoniam
1350 1041 1635 1096 tedificatis
1685 1039 1932 1110 sepulcra
1983 1041 2280 1110 prapheta-

699 1149 843 1200 rum,
873 1143 926 1187 et
953 1134 1164 1188 ornatis
1195 1144 1546 1188 monumenta
1597 1133 1869 1203 iustorum
1900 1173 1916 1199 ,
1955 1143 2010 1188 et
2050 1133 2232 1188 dicitis
2261 1149 2276 1187 :

699 1227 757 1280 Si
793 1229 1083 1282 fuissemus
1117 1229 1167 1280 in
1193 1227 1384 1282 diebus
1412 1240 1630 1296 patrum
1659 1237 2001 1296 nostrorum,
2048 1243 2154 1282 non
2191 1242 2282 1283 es-

698 1335 882 1376 semus
910 1320 1044 1375 socii
1076 1335 1264 1376 eorum
1311 1321 1363 1374 in
1394 1321 1662 1392 sanguine
1718 1322 2139 1391 prophetarum.
2177 1320 2283 1376 Ita-

697 1426 802 1481 que
831 1412 1200 1466 testimonium
1231 1412 1368 1468 estis
1395 1405 1822 1483 vobismetipsis,
1856 1413 1979 1483 quia
2012 1413 2106 1467 filii
2142 1412 2282 1467 estis

697 1518 886 1559 eormn
931 1503 1024 1573 qui
1058 1504 1357 1574 prOphetas
1401 1504 1750 1559 occiderunt.
1805 1505 1872 1559 Et
1913 1521 2010 1562 vos
2060 1503 2283 1574 implete

698 1610 981 1651 mensuras
1013 1606 1228 1664 patrum
1269 1604 1603 1651 vestrorum.
1633 1595 1952 1666 Serpentes,
2000 1596 2275 1666 genimina

698 1689 1033 1756 viperarum,
1063 1688 1336 1758 quomodo
1383 1687 1604 1757 fugietis
1641 1704 1669 1741 a
1709 1687 1918 1755 judicio
1966 1688 2282 1759 gehennae?

2388 485 2524 538 ἰδίαν
2557 483 2832 557 χρῄζομεν
2877 486 2958 548 εἰς
3001 481 3274 551 ἀπόδειξιν
3313 483 3407 537 τοῦ
3447 479 3592 538 εἶναι
3633 487 3838 545 Παύλου
3863 492 3938 566 τὴς

2381 579 2698 649 ἐπιστολήν.
2743 576 3140 650 Παραθήσομαι
3176 572 3270 631 οῦν
3301 577 3396 630 ἐπὶ
3439 579 3532 633 τοῦ
3565 581 3823 652 παρόντος
3854 586 3938 640 ἀπὶ

2383 670 2480 724 τοῦ
2525 669 2861 740 Εὑαγγελίου
2910 669 2981 722 τὰ
3030 669 3136 723 ὑπὸ
3175 667 3352 742 Ἰησοῦ
3403 671 3639 743 Χριστοῦ
3693 675 3818 746 περὶ
3855 677 3938 732 τῶι

2386 762 2681 834 προφητῶν
2729 761 3181 835 μαρτυρούμενα,
3236 764 3332 818 καὶ
3380 765 3621 837 ἱστορίαν
3666 766 3756 819 ὑπ’
3800 769 3938 824 αύτοξ

2390 856 2490 926 μὲν
2511 852 2836 925 λεγομένην,
2867 855 2926 906 ἐν
2964 853 3022 906 δὲ
3051 858 3169 920 ταῖς
3204 856 3462 920 παλαιαῖς
3495 857 3734 928 Γραφαῖς
3759 860 3938 936 -μὶλφει

2389 948 2649 1021 ρομένην,
2703 946 2826 1001 ἐπεὶ
2870 947 2968 1001 καὶ
3011 947 3150 1019 αὐτὴ
3196 949 3531 1021 κατηγορίαν
3581 950 3821 1022 περιέχει
3855 955 3938 1007 τῶι

2386 1041 2602 1113 ἀνόμων
2630 1042 2688 1094 ὲν
2722 1039 2799 1111 τῷ
2839 1038 3057 1111 Ἰσραὴλ
3087 1039 3291 1112 κριτῶν
3345 1041 3461 1112 ἔχει
3508 1041 3565 1095 δὲ
3596 1042 3822 1115 ούτωςή
3859 1046 3938 1100 ὑπί

2385 1132 2478 1187 τοῦ
2515 1132 2770 1204 Σωτῆρος
2803 1130 3069 1203 εἰρημένη
3096 1131 3260 1199 λέξις.
3294 1151 3312 1183 ι
3351 1115 3489 1186 Οὐαὶ
3527 1133 3675 1204 ὑμῖν,
3710 1151 3938 1208 γραμμα.

2385 1224 2628 1288 τεῖς·καὶ
2659 1226 2940 1296 φαρισαῖοι
2984 1225 3298 1297 ὑποκριταὶ,
3342 1226 3424 1279 ὅτι
3474 1225 3800 1298 οἰκοδομεῖτε
3840 1232 3938 1297 τοὺς

2385 1319 2589 1387 τάφους
2620 1318 2730 1372 τῶν
2763 1316 3058 1391 προφητῶν
3081 1318 3175 1372 καὶ
3200 1320 3456 1388 κοσμεῖτε
3489 1317 3558 1371 τὰ
3590 1323 3822 1390 μνημεῖα
3853 1322 3938 1396 (61⁷)ζ

2387 1409 2496 1463 τῶν
2533 1410 2796 1476 δικαίων,
2831 1410 2926 1465 καὶ
2957 1408 3166 1479 λέγετεο
3203 1410 3266 1462 El
3312 1405 3454 1481 ἦμεν
3495 1411 3556 1465 ὲν
3591 1413 3709 1476 ταῖς
3738 1414 3938 1486 ἡμέραιι

2387 1500 2496 1553 τῶν
2546 1500 2798 1572 πατέρων
2845 1499 3000 1572 ἡμῶν
3023 1544 3038 1568 ,
3076 1501 3178 1554 ούκ
3221 1501 3288 1555 ἂν
3331 1496 3474 1572 ἦμεν
3507 1505 3752 1557 κοινωνοὶ
3787 1506 3938 1562 αύτῶι

2391 1594 2448 1647 ὲν
2472 1594 2553 1664 τῷ
2586 1595 2776 1665 αἵματι
2811 1593 2921 1647 τῶν
2956 1593 3270 1666 προφητῶν.
3298 1594 3459 1648 Ὥστε
3499 1599 3820 1669 μαρτυρεῖτε
3843 1599 3938 1652 ἐαυ-

2390 1689 2521 1751 τοῖς,
2554 1687 2637 1739 ὅτι
2670 1687 2776 1738 υἱοὶ¹
2806 1685 2928 1738 ἐστὲ
2957 1684 3064 1738 τῶν
3101 1686 3476 1754 φονευσάντων
3506 1689 3634 1752 τοὺς
3666 1692 3937 1762 προφήτας

699 1779 821 1833 Ideo
849 1794 978 1835 ecce
1029 1781 1184 1835 mitto
1234 1781 1302 1834 ad
1350 1796 1449 1835 vos
1492 1782 1824 1850 prophetas,
1861 1789 1916 1835 et
1967 1786 2280 1850 sapientes,

2388 1779 2498 1832 Καὶ
2530 1778 2689 1850 ὑμεῖς
2713 1777 3040 1850 πληρώσατε
3062 1778 3121 1832 τὸ
3152 1779 3349 1852 μέτρον
3377 1778 3486 1834 τῶν
3514 1780 3763 1852 πατέρων
3791 1783 3938 1853 ὑμῶν.

696 1881 751 1924 ει
792 1871 1023 1928 scribas.
1083 1871 1160 1940 Ex
1213 1870 1319 1925 illis
1371 1871 1635 1926 occidetis
1684 1879 1740 1925 et
1801 1871 2171 1942 crucifigetis,
2224 1882 2283 1928 et

698 1975 766 2016 ex
806 1962 888 2016 eis
941 1961 1287 2033 ﬂagellabitis
1330 1962 1383 2016 in
1431 1963 1727 2034 synagogis
1767 1963 2004 2028 vestris,
2055 1973 2112 2018 et
2157 1979 2285 2035 per-

701 2055 1007 2124 seqiiemiui
1069 2055 1135 2109 de
1197 2056 1418 2110 civitate
1479 2055 1536 2110 in
1592 2055 1915 2120 civitatem,
1985 2065 2045 2110 ut
2097 2057 2285 2112 veniat

700 2163 864 2216 super
906 2163 1003 2201 vos
1044 2149 1224 2203 omnis
1274 2149 1500 2219 sanguis
1543 2147 1755 2216 justus,
1807 2147 1900 2217 qui
1949 2147 2154 2206 effusus
2199 2159 2286 2206 est

700 2240 804 2308 21
837 2254 999 2308 super
1031 2249 1254 2304 terram,
1285 2254 1313 2292 a
1340 2239 1606 2309 sanguine
1646 2239 1780 2295 Abel
1805 2239 1963 2310 justi,
1997 2255 2166 2311 usque
2215 2245 2283 2298 ad

711 2332 1033 2402 sanguinem
1068 2331 1352 2387 Zacharia:
1373 2331 1467 2387 filii
1493 2331 1796 2399 Barachiae,
1823 2349 1981 2402 quem
2006 2334 2284 2390 occidistis

701 2426 845 2479 inter
877 2425 1133 2496 templum
1161 2435 1216 2480 et
1237 2426 1434 2483 altare.
1467 2427 1641 2482 Amen
1679 2427 1804 2482 dico
1829 2427 2007 2492 vobis,
2041 2430 2167 2497 quia
2191 2445 2284 2485 ve-

700 2515 853 2570 nient
885 2516 998 2571 hanc
1031 2518 1215 2571 omnia
1253 2531 1418 2587 super
1445 2517 1853 2588 generationem
1881 2519 2042 2574 istam
2069 2522 2137 2576 ὀ.
2172 2540 2190 2572 ι
2218 2521 2285 2576 Et

702 2607 844 2676 quod
893 2610 1161 2677 sequitur,
1219 2623 1326 2662 non
1363 2609 1642 2678 discrepat
1672 2626 1701 2664 a
1737 2611 2196 2680 przecedentibus,
2230 2623 2285 2668 et

701 2699 980 2756 sicitabet
1011 2718 1026 2754 :
1068 2719 1086 2752 ι
1124 2699 1426 2757 Jerusalem
1453 2741 1468 2766 ,
1516 2700 1848 2767 Jerusalem,
1897 2718 2018 2772 quae
2047 2706 2284 2761 .occidis

701 2794 994 2863 prophetas
1019 2801 1071 2848 et
1097 2793 1305 2864 lapidas
1336 2810 1432 2850 eos
1462 2796 1555 2864 qui
1589 2796 1657 2851 ad
1692 2805 1744 2851 te
1775 2795 1926 2852 missi
1960 2807 2110 2863 sunt,
2142 2814 2283 2868 quo-

703 2886 806 2940 ties
837 2886 977 2940 volui
1004 2901 1339 2959 congregare
1369 2888 1506 2944 filios
1526 2899 1666 2952 tuos,
1687 2889 2145 2959 quemadmodum
2167 2890 2285 2959 gal-

701 2975 811 3031 lina
829 2989 1126 3050 congregat
1157 2982 1330 3050 pullos
1356 2996 1485 3036 suos
1505 2982 1604 3037 sub
1634 2981 1770 3047 alas,
1797 2982 2126 3036 etnoluisti:
2159 2997 2286 3038 ecce

703 3069 1030 3140 relinquitur
1063 3073 1218 3128 vobis
1246 3074 1442 3129 domus
1473 3087 1658 3131 vestra
1681 3079 1955 3132 deserta.»
1987 3077 2284 3132 Videamus

2390 1873 2602 1941 Ὀφεις,
2636 1873 2952 1943 γεννήματα
3005 1870 3260 1942 ἐχιδνῶν,
3302 1871 3422 1935 πῶς
3467 1871 3678 1942 φύγητε
3725 1873 3828 1927 ἀπὸ
3865 1876 3938 1946 τῆς

2386 1964 2620 2036 κρίσεως
2665 1963 2765 2034 τῆς
2807 1964 3068 2036 γεέννης;
3111 1964 3212 2018 Διά
3259 1963 3418 2018 τοῦτο
3483 1963 3594 2017 ἰδοὺ
3659 1965 3938 2020 ἀποστέλλω

2386 2056 2522 2128 πρὸς
2567 2057 2710 2127 ὑμᾶς
2746 2057 3049 2128 προφήτας,
3092 2056 3185 2112 καὶ
3225 2057 3441 2127 σοφοὺς,
3475 2057 3572 2110 καὶ
3603 2059 3931 2128 γραμματεῖς

2399 2149 2487 2217 Ἐξ
2531 2148 2712 2202 αὐτῶν
2750 2149 3134 2215 ἀποκτενεῖτε,
3183 2151 3279 2204 καὶ⁵
3333 2149 3710 2223 σταυρώσετε,
3760 2151 3850 2204 καὶ
3901 2149 3938 2205 ὲὲ

2385 2241 2565 2296 αὐτῶν
2610 2241 2980 2313 μαστιγώσετε
3022 2242 3082 2295 ἐν
3118 2245 3239 2307 ταῖς
3283 2244 3626 2312 συναγωγαῖς
3663 2243 3840 2314 ὑμῶν,
3869 2244 3938 2298 κα“

2385 2333 2604 2402 διώξετε
2674 2334 2783 2387 ἀπὸ
2845 2333 3054 2396 πόλεως
3102 2335 3182 2396 είς
3236 2333 3424 2398 πόλιν,
3479 2335 3632 2396 ὅπως
3695 2332 3822 2406 ἔλθῃ
3877 2335 3937 2402 ὲφ

2386 2424 2531 2494 ὑμᾶς
2562 2425 2673 2478 πᾶν
2707 2421 2846 2496 αἷμα
2872 2425 3078 2478 δίκαιον
3107 2424 3464 2495 ἐκχυνόμενον
3500 2424 3596 2477 ἐπὶ
3621 2425 3716 2495 τῆς
3743 2425 3840 2495 γῆς
3858 2423 3938 2477 ἀπὶ

2383 2515 2476 2568 τοῦ
2491 2516 2720 2588 αἵματος
2749 2517 2914 2570 Ἅϐελ
2951 2516 3046 2571 τοῦ
3071 2515 3279 2570 δικαίου
3306 2517 3409 2580 ἕως
3437 2515 3537 2569 τοῦ
3554 2517 3778 2587 αἵματος
3794 2518 3938 2587 Ζαχα·

2390 2609 2506 2680 ρίου
2538 2608 2654 2663 υἱοῦ
2694 2609 2987 2682 Βαραχίου,
3019 2609 3079 2663 ὂν
3113 2609 3436 2679 ἐφονεύσατε
3477 2609 3682 2680 μεταξὺ
3718 2608 3807 2662 τοῦ
3838 2607 3938 2663 ναοῐ

2387 2704 2484 2757 καὶ
2531 2702 2626 2755 τοῦ
2672 2700 3082 2772 θυσιαστηρίου.
3132 2701 3303 2772 Ἀμὴν
3349 2701 3492 2769 λέγω
3531 2702 3680 2771 ὑμῖν,
3715 2701 3793 2754 ὃτι
3847 2700 3931 2770 ἦξε

2385 2796 2562 2849 ταῦτα
2599 2795 2776 2849 πάντα
2820 2794 2914 2847 ἐπὶ
2946 2794 3050 2865 τὴν
3081 2793 3274 2862 γενεάν
3301 2793 3532 2864 ταύτην.
3565 2811 3583 2844 ι
3624 2794 3733 2846 Καὶ
3757 2791 3814 2845 τὸ
3841 2790 3938 2859 ἑξῆς

2386 2888 2442 2942 δὲ
2467 2888 2693 2951 τούτων,
2715 2888 2814 2941 οὐκ
2840 2886 3038 2958 ἀπᾴδει
3059 2885 3167 2939 τῶν
3204 2885 3584 2958 προκειμένων
3613 2884 3780 2947 οὕτως
3814 2881 3923 2952 ἕχον

2401 2981 2775 3055 Ἰερουσαλὴμ,
2818 2979 3194 3052 Ἰερουσαλὴμ,
3229 2982 3263 3051 ὴ
3288 2979 3664 3034 ἀποκτείνασα
3689 2977 3938 3057 τοὺς⁸προ

2389 3075 2584 3146 φήτας,
2635 3074 2730 3127 καὶ⁵
2773 3072 3126 3126 λιθοϐολοῦσα
3166 3073 3294 3135 τοὺς
3349 3069 3794 3142 ἀπεσταλμένους
3833 3067 3938 3138 πρὸς

701 3171 888 3216 autem
923 3179 1106 3219 annon
1140 3166 1211 3220 sit
1258 3165 1348 3220 hic
1379 3167 1671 3222 dicendum
1730 3183 1860 3222 vera
1900 3169 2116 3238 quidem
2162 3184 2281 3224 esse

2389 3169 2589 3240 αὑτήν·
2645 3167 2878 3230 ποσάκις
2918 3166 3163 3238 ἠθέλησα
3221 3166 3645 3234 ἐπισυναγαγεῖν
3693 3161 3763 3217 τὰ
3805 3161 3938 3214 τέκνα

703 3255 1004 3311 Salvatoris
1034 3259 1222 3321 verba,
1244 3260 1338 3314 sed
1358 3275 1462 3314 non
1493 3261 1720 3331 reperiri
1744 3262 2059 3332 Scripturas
2083 3263 2134 3317 in
2164 3266 2289 3332 qui-

701 3355 804 3408 bus
841 3362 1060 3408 exslent
1113 3369 1453 3424 quzecunque
1502 3357 1571 3409 ab
1611 3356 1726 3424 ipso
1782 3366 2100 3412 narrantur.
2149 3356 2286 3414 Nam

700 3446 795 3516 qui
835 3447 1106 3502 aedificant
1134 3448 1383 3516 sepulcra
1417 3447 1831 3522 prephetarum,
1865 3457 1920 3502 et
1949 3457 2145 3504 ornant
2173 3465 2289 3504 mr-

701 3545 965 3592 numenta
1016 3537 1330 3605 jnstorum,
1362 3537 1690 3592 damnantes
1742 3553 1808 3593 ea
1860 3553 1982 3608 quae
2039 3539 2289 3595 seniores

701 3629 968 3684 adversus
997 3629 1175 3700 justos
1207 3638 1264 3684 et
1294 3629 1588 3700 prophetas
1613 3631 1728 3686 ausi
1752 3641 1900 3696 sunt,
1935 3632 2091 3687 aiunt
2119 3652 2132 3688 :
2167 3651 2187 3686 ι
2226 3633 2284 3688 Si

702 3722 998 3778 fuissemus
1039 3724 1094 3777 in
1145 3724 1339 3779 diebus
1371 3709 1587 3794 patrum
1621 3735 1952 3790 nostrorum,
1983 3741 2090 3781 non
2129 3743 2284 3783 esse-

701 3831 824 3870 mus
852 3831 1042 3870 eorum
1071 3817 1207 3872 socii
1250 3817 1304 3872 in
1339 3821 1607 3890 sanguine
1635 3820 2054 3890 prophetarum.
2087 3839 2106 3873 ›
2131 3820 2286 3877 Dicat

700 3908 867 3979 igitur
890 3909 1047 3965 nobis
1072 3910 1366 3980 quispiam,
1393 3913 1445 3966 in
1472 3928 1703 3982 quorum
1731 3912 2122 3982 prophetarum
2151 3929 2282 3971 sau-

705 4018 750 4050 ³⁰
778 4024 970 4081 Matth.
1021 4043 1186 4094 χχιιι,
1234 4028 1425 4084 29-36.

700 4121 863 4209 λόγῳ,
894 4123 1136 4209 τουτέστι
1163 4126 1489 4209 τῇλρράσει*
1523 4125 1635 4209 ἀλλ’
1681 4125 1825 4209 ἔστιν
1866 4127 2122 4209 επιστολῂ
2153 4146 2279 4182 συν-

702 4191 848 4270 θέσει
877 4195 974 4264 τῆς
1001 4191 1684 4270 λμέξεωςξἙλληψκωτέρα,
1717 4199 1824 4260 πᾶς
1863 4201 1889 4252 ό
1917 4191 2280 4270 ἐπιστάμενος

701 4263 908 4340 κρίνειν
934 4263 1186 4340 φράσεων
1201 4263 1464 4340 διαφορὰς
1485 4263 1819 4340 όμολογήσαι
1846 4269 1929 4324 ἄν.
1951 4263 2193 4323 Πάλιντε
2211 4268 2278 4326 αὖ

699 4335 785 4418 δτι
811 4335 878 4388 τὰ
906 4337 1150 4418 νοηματα
1177 4335 1589 4418 τῆςιὲπιστολῆς
1617 4335 1892 4418 θαυμάσιά
1921 4342 2064 4403 ἐστι,
2097 4343 2190 4418 καὶ
2217 4343 2278 4396 οὐ

698 4404 928 4481 δεύτερα
947 4404 1054 4481 τῶν
1071 4404 1437 4462 ἀποστολικῶν
1446 4404 1715 4481 ῥμολογου
1724 4404 1898 4481 μένων
1912 4413 2276 4481 γραμμάτιον,

699 4476 1070 4551 καὶτοῦτο-ἂν
1105 4481 1386 4550 συμφήσαι
1419 4476 1557 4551 εἶναι
1581 4476 1780 4549 ἀληθὲς
1810 4476 1968 4544 πᾶςὸ
1996 4476 2279 4551 προσέχων

699 4549 764 4628 τῇ
791 4547 1094 4617 ἀναγνώσει
1123 4547 1573 4672 τίἀποστολικῇ.
1610 4569 1627 4601 ι
1663 4547 1872 4672 ὃιῖιιιιιι
1896 4547 2139 4621 cpistola?
2165 4547 2287 4621 qua:

700 4619 1025 4672 Inscribitur
1061 4619 1128 4672 ad
1213 4623 1431 4672 ebm'os.
1471 4637 1661 4672 carere
1692 4622 1778 4672 ila
1821 4622 2088 4672 sermonis
2120 4624 2279 4672 rustic

700 4617 1025 4672 inscribitur
1061 4619 1128 4672 ad
1157 4617 1431 4685 Hebrwos,
1471 4617 1661 4676 carere
1692 4617 1778 4674 illa
1821 4617 2088 4675 sermonis
2120 4617 2279 4676 rustic

699 4688 1010 4760 citatequae
1038 4691 1258 4758 propria
1287 4703 1367 4746 est
1394 4691 1641 4759 Apostoli
1669 4691 1898 4760 ;quippe
1916 4693 2102 4744 rudem
2123 4702 2286 4760 atque

700 4758 1011 4827 imperitum
1044 4775 1165 4813 sese
1196 4758 1486 4815 confitetur
1518 4763 1568 4815 in
1599 4758 1875 4823 sermone,
1902 4762 1953 4812 id
1979 4770 2065 4814 est
2091 4763 2142 4814 in
2175 4758 2282 4816 for--

701 4843 786 4879 ma
823 4843 887 4881 ac
933 4829 1145 4884 ratione
1193 4831 1431 4884 dicendi.
1483 4831 1683 4885 Verum
1733 4831 1958 4899 cpistola
2006 4831 2094 4883 illa
2131 4841 2187 4885 et
2227 4833 2280 4887 in

699 4899 989 4970 verborum
1017 4902 1410 4968 compositione
1434 4901 1692 4967 majorem
1717 4899 1938 4970 praefert
1968 4900 2145 4953 Graeci
2165 4916 2285 4965 ser-

699 4969 880 5042 monis
928 4969 1252 5042 elegantiam
1280 5011 1296 5035 ,
1345 4980 1402 5024 ut
1456 4969 1729 5024 fatebitur
1763 4971 2012 5040 quisquis
2050 4971 2118 5024 de
2153 4971 2280 5042 styli

699 5033 1213 5110 diﬂ‘erentia'perite
1233 5033 1487 5108 judicare
1520 5051 1718 5108 potest.
1754 5033 1818 5096 Et
1843 5033 2107 5110 prieterea
2152 5033 2283 5095 se'n-

699 5109 900 5180 tentias
924 5113 1166 5164 contiuet
1193 5112 1564 5176 admirabiles,
1592 5127 1692 5166 nec
1715 5109 1936 5180 scriptis
1962 5111 2281 5174 apostolicis

697 5177 1012 5234 inferiores.
1045 5183 1223 5249 Atque
1261 5183 1312 5235 id
1344 5183 1688 5236 verissimum
1713 5177 1841 5237 esse
1885 5181 2276 5248 assentientur,

697 5250 1014 5321 quicunque
1035 5253 1402 5320 apostolorum
1427 5251 1630 5318 scripta
1655 5262 1865 5306 attente
1884 5251 2272 5321 perlegerim.»

694 5317 896 5392 Paucis
925 5317 1118 5392 deinde
1145 5321 1471 5392 interjectis,
1515 5317 1632 5376 ιιωυ
1670 5317 1988 5392 subjuugit:
2039 5319 2180 5388 Ἐγὼ
2221 5321 2278 5392 δέ

694 5388 1130 5463 ἀποφαινόμενος
1154 5391 1358 5463 εἴποιμ’
1387 5391 1474 5456 ἂν,
1522 5392 1603 5444 ὅτι
1644 5392 1713 5444 τὰ
1757 5388 1855 5463 μὲν
1879 5388 2153 5463 ’νοήματα
2185 5390 2277 5443 τοῦ

707 5458 1030 5534 Ἀποστόλου
1060 5461 1226 5534 ἐστὶν,
1256 5458 1374 5532 ἡδὲ
1407 5463 1606 5534 φράσις
1648 5463 1740 5534 καὶ
1759 5458 1815 5533 ’ἡ
1860 5458 2109 5534 σύνθεσις
2137 5462 2277 5534 ἁποέ

696 5529 1172 5612 μνημονεύσαντός
1211 5529 1354 5612 τινος
1393 5529 1463 5585 τά
1487 5529 1841 5612 ἀποστολικὸῂ
1878 5533 2011 5612 καὶ-
2037 5532 2278 5612 ὡσπερεὶ

693 5601 1258 5723 ἓολιογραφήσαντος
1293 5604 1361 5655 τὰ
1389 5602 1654 5676 εἰρημένα
1682 5603 1785 5656 ὑπὸ
1812 5602 1903 5656 τοῦ
1931 5601 2273 5656 διδασκάλου.

741 5673 864 5723 ἴτις
904 5669 995 5723 οὖν
1038 5674 1303 5723 ἐκκλησία
1341 5674 1452 5723 Even
1495 5673 1697 5723 ταύτῑν
1740 5674 1837 5723 τὴν
1885 5672 2171 5723 ἐπιστολὴν
2200 5673 2273 5723 tio:

741 5669 762 5722 ἵ
782 5688 864 5746 τις
904 5669 1303 5746 οὖνίλὲκκλησία
1341 5669 1454 5746 έχεί
1495 5669 1697 5746 ταύτην
1740 5674 1837 5746 τὴν
1885 5672 2171 5746 επιστολὴν
2200 5673 2276 5746 ᾡς

692 5741 928 5812 Παύλου,
969 5743 1105 5818 αὕτη
1152 5741 1501 5818 εὖδοκιμὲίτω
1550 5741 2020 5816 καῖ’ἐπὶτούτῳ·
2068 5741 2137 5796 ού
2163 5741 2273 5814 γὰρ

2391 3279 2505 3327 σου,
2539 3259 2597 3313 ὃν
2624 3259 2823 3332 τρόπον
2853 3258 3002 3329 ὅρνις
3046 3255 3267 3325 συνάγει
3304 3255 3374 3309 τά
3418 3255 3610 3309 νοσσία
3646 3253 3834 3325 ἑαυτῆς
3861 3250 3938 3306 ύπὶ

2387 3354 2486 3418 τὰς
2514 3353 2810 3425 πτέρυγας,
2843 3353 2937 3406 καὶ
2964 3351 3066 3404 ούκ
3091 3348 3400 3421 ἐθελήσατε’
3440 3348 3550 3402 ἰδοὺ
3585 3347 3802 3418 ἀφίεται
3839 3346 3938 3416 cum

2385 3451 2414 3502 ὁ
2441 3444 2588 3510 οἶκος
2620 3446 2772 3518 ὑμῶν
2799 3444 3028 3516 ἕρημος.
3060 3463 3079 3496 ι
3106 3441 3214 3495 Καὶ
3241 3440 3440 3511 ἴδωμέν
3467 3457 3533 3509 γε
3549 3441 3599 3494 εἰ
3619 3437 3693 3510 μὴ
3721 3437 3938 3499 λεκτέον,

2389 3543 2448 3595 ὲν
2481 3539 2712 3604 τούτοις,
2745 3538 2836 3591 τὸν
2875 3535 2975 3608 μὲν
3001 3535 3229 3607 Σωτῆρα
3259 3531 3567 3604 ἀληθεύειν,
3599 3533 3698 3603 οὐχ
3723 3530 3938 3603 εὑρίσκει

2391 3633 2514 3687 σθαι
2543 3633 2602 3686 δὲ
2629 3631 2728 3695 τὰς
2753 3630 2998 3701 Γραφάς,
3030 3629 3151 3682 ὅσαι
3178 3626 3398 3698 δηλοῦσι
3425 3625 3497 3680 τά
3523 3626 3630 3679 ὑπὸ
3659 3624 3754 3679 τοῦ
3784 3622 3938 3691 Σωτῆι

2392 3742 2484 3796 ρος
2519 3723 2907 3796 ἱστορούμεναο
2941 3721 2992 3774 οί
3033 3720 3141 3793 γὰρ
3166 3718 3578 3791 οἰκοδομοῦντες
3616 3719 3744 3781 τοὺς
3767 3717 3938 3784 τάφους

2387 3819 2498 3874 τῶν
2526 3815 2840 3891 προφητῶν,
2876 3814 2972 3868 καὶ
3012 3811 3346 3884 κοσμοῦντες
3374 3810 3445 3864 τὰ
3481 3813 3720 3882 μνημεῖα
3751 3810 3852 3863 τῶν
3881 3809 3938 3862 δι-

2389 3914 2582 3980 καίων,
2630 3909 2993 3980 καταγνόντες
3029 3905 3140 3960 τῶν
3181 3905 3288 3960 ὑπὸ
3327 3905 3436 3959 τῶν
3472 3902 3854 3976 πρεσϐυτέρων
3887 3903 3938 3960 εἰς

2387 4127 2508 4197 εἰκῆ
2535 4125 2584 4178 οἱ
2605 4124 2838 4197 ,ἀρχαῖοι
2866 4119 3057 4197 ἄνδρες
3096 4117 3172 4197 ᾡς
3208 4114 3630 4197 βαύλουαύτην
3661 4111 3938 4197 παρᾳξεξῴ.

2387 4141 2508 4197 εικη
2535 4141 2584 4178 οι
2624 4141 2838 4245 αρχεαιοι
2866 4141 3057 4190 ανορες
3096 4141 3171 4180 ως
3214 4141 3428 4169 ιιαυΑυυ
3458 4141 3630 4186 attath
3661 4141 3938 4186 παραυευω·

2387 4215 2536 4252 κασι.
2568 4195 2664 4262 Τίς
2689 4207 2717 4246 ο
2776 4195 2804 4245 ὁ
2832 4190 3048 4262 γράψας
3069 4187 3166 4262 τὴν
3205 4185 3512 4262 επιστολὴν,
3543 4185 3733 4262 τδμμξν
3774 4185 3938 4262 άληθὲι

2387 4269 2519 4332 Θεὸς
2547 4256 2705 4318 οἶδεν·
2737 4265 2770 4333 ἡ
2797 4256 2855 4315 δὲ.
2875 4256 2966 4324 ἐἰς
2986 4256 3134 4333 ἡμᾶς
3165 4257 3420 4333 φθάσασα
3453 4256 3664 4333 ίστορία
3813 4271 3938 4308 τινω·

2391 4327 2821 4410 μὲνλεγόντων,
2863 4333 2944 4410 δτι
2990 4327 3224 4410 Κλήμης
3265 4329 3317 4410 ὁ.
3347 4329 3640 4410 γενόμενος
3683 4327 3938 4410 ἐπίσκοποι

2398 4396 2685 4478 Ῥωμαίων
2727 4403 2934 4478 έγραψε
2971 4401 3071 4478 τὴν
3097 4396 3400 4478 ’ἐπιστολήν
3421 4415 3435 4428 ·
3607 4416 3766 4478 τινων
3794 4396 3847 4449 δὲ
3861 4397 3937 4478 “61

2309 4448 2357 4506 D
2382 4448 2950 4546 Koix‘EE'EipéipZE’és
3429 4448 3835 4546 τδὶέξιιράξξιξα
3861 4467 3938 4546 Eg}

2389 4565 2521 4603 vero
2554 4537 2625 4600 ila
2659 4537 2876 4610 censeo,
2919 4537 3222 4598 sententias
3270 4543 3489 4611 quidem
3536 4537 3684 4610 ipsas
3726 4537 3934 4611 Apostol

2389 4636 2511 4676 esse
2535 4636 2548 4684 ;
2581 4619 2876 4671 dictionem
2904 4623 3085 4668 autem
3112 4623 3166 4666 et
3194 4610 3938 4684 compositionem__verbormr

2387 4706 2506 4745 esse
2535 4680 2761 4742 alterius
2789 4686 3092 4752 cujusdam,
3124 4685 3216 4752 qui
3243 4680 3388 4737 dicta
3434 4680 3682 4751 Apostoli
3731 4695 3938 4752 comine

2386 4775 2627 4820 morare,
2663 4767 2717 4812 et
2746 4749 2897 4826 quasi
2934 4757 2986 4809 in
3025 4749 3450 4826 commentarios
3479 4749 3740 4826 redigere
3783 4749 3938 4826 volue-

2387 4832 2459 4882 rit
2487 4845 2549 4883 ea
2582 4844 2704 4899 quze
2745 4821 2777 4881 εἰ
2827 4827 3087 4899 magistro
3131 4823 3434 4899 audiverat.
3479 4821 3715 4899 Proinde
3762 4821 3805 4874 si
3847 4833 3938 4885 qua

2384 4891 2632 4972 Ecclesia
2661 4899 2800 4972 hanc
2830 4891 3109 4966 epistolam
3143 4909 3239 4972 pro
3275 4891 3502 4972 Paulina
3543 4891 3732 4972 habet,
3773 4905 3834 4945 eo
3866 4897 3938 4940 no:

2385 4972 2529 5024 mine
2573 4969 2860 5033 laudetur;
2902 4981 3077 5034 neque
3121 4967 3274 5034 enim
3323 4971 3527 5016 temere
3574 4967 3938 5034 majoresean

2385 5038 2536 5093 Pauli
2597 5053 2718 5092 csse
2767 5029 3127 5090 trmliderunt.
3174 5031 3306 5099 Quis
3361 5041 3546 5084 autem
3591 5046 3782 5084 revera
3820 5029 3937 5081 illau

2383 5108 2688 5178 scripserit,
2732 5107 2834 5162 soli
2862 5107 2970 5160 Deo
2994 5113 3178 5158 notum
3201 5117 3322 5178 esse
3348 5103 3571 5170 opinor.
3600 5102 3704 5156 Sed
3732 5102 3938 5167 scripto-

2383 5195 2472 5234 res
2501 5175 2754 5248 'quorum
2808 5185 3162 5248 tnonumen‘ta
3217 5175 3281 5225 ad
3338 5186 3652 5248 hostisque
3699 5183 3938 5240 pervene‘

2383 5242 2757 5317 rtmt,'partim
2789 5247 3052 5317 Clementi
3086 5243 3354 5317 Romana:
3373 5242 3820 5317 urbisepiscopo
3842 5251 3938 5293 ean

2381 5312 2683 5383 ascribunt,
2725 5319 2918 5386 partim
2967 5313 3260 5386 Luczeiqui
3315 5312 3675 5386 Evangelium
3710 5321 3764 5365 et
3798 5312 3938 5362 Αειιιε

2379 5382 2749 5458 apostolorum
2801 5387 2997 5461 litteris
3031 5384 3286 5461 prpdidit.
3327 5401 3346 5434 ι
3375 5382 3506 5461 _Lib.
3542 5399 3603 5437 ιιι
3632 5393 3808 5461 _e_t_vu
3839 5398 3938 5461 εοηι

2380 5452 2460 5511 (ra
2495 5463 2725 5520 Celsum,
2757 5463 2882 5512 item
2909 5457 3005 5510 lib.
3033 5452 3047 5508 i
3075 5453 3210 5521 Περὶ
3245 5452 3470 5523 ἀρχῶν,
3505 5465 3561 5509 ει
3594 5453 3722 5508 alibi
3763 5452 3937 5522 passitt

2381 5531 2643 5593 0rigene<
2677 5540 2792 5583 eam
2832 5528 3001 5580 Paulo
3034 5525 3279 5593 ascribit.

2449 5588 2562 5668 (6⁷5)
2598 5597 2936 5654 Wetsteuius
3007 5588 3667 5668 etAcmluidBasileensis,
3707 5593 3938 5668 μνήματι

2379 5707 2394 5722 .
2520 5663 2566 5722 εἷ
2595 5669 2776 5740 ἥμεθα
2807 5709 2819 5722 .
2856 5708 2868 5720 .
2903 5709 2915 5720 .
2953 5708 2965 5718 .
2999 5709 3012 5722 .
3043 5666 3142 5719 οὐκ
3174 5664 3238 5718 ἂν
3266 5663 3469 5736 ἥμεθα.
3512 5663 3663 5722 Infra
3736 5667 3938 5725 Wetste‘

2378 5743 2517 5807 nius,
2547 5742 2620 5802 ὡς
2653 5742 2994 5811 μαρτυρεῖτε.
