4064 6414
547 284 610 339 τι
1561 289 1886 346 ORIGENIS
1919 288 2261 346 El’lS’l‘OLA
2297 289 2388 343 AD
2421 287 2827 344 AFRICANUM
3748 299 3808 351 τε

552 407 826 479 quomodo
854 419 1036 464 autem
1073 419 1257 479 patres
1287 424 1473 464 eorum
1503 411 1595 480 qui
1634 413 1684 465 in
1716 411 1993 466 Christum
2017 428 2121 467 non

2230 412 2322 464 ἐπὶ
2350 409 2565 473 πολλοῖς
2593 409 2724 480 (67),
2766 411 2858 464 καὶ
2888 410 3060 464 ταῦτα
3099 411 3266 481 λέγει’
3299 431 3319 465 ι
3360 412 3494 467 Τίνα
3536 413 3648 466 τῶν
3677 431 3810 486 προ-

550 499 930 567 crediderunt,
971 503 1166 556 merito
1201 502 1524 556 criminetur
1553 511 1609 555 ut
1653 512 2032 572 persecutores
2068 512 2124 559 et

555 591 858 648 homicidas
887 596 1299 662 prophetarum,
1340 595 1392 648 id
1435 593 1801 648 demonstrari
1835 595 2022 664 nequit
2055 609 2122 650 ex

552 679 770 738 Veteris
807 681 1142 736 Teslantenti
1181 681 1358 736 libris.
1400 680 1502 737 Sic.
1529 689 1584 736 et
1623 680 1829 737 Paulus
1861 682 1916 738 in
1950 683 2120 754 priori

552 773 620 826 ad
654 772 1172 830 Thessalonicenses
1200 774 1439 845 Epistola
1477 775 1592 829 hazc
1634 772 1701 828 de
1723 774 1925 832 ludatis
1960 785 2126 832 testa-

555 874 643 918 tur
675 879 692 919 :
722 885 740 918 ι
782 866 888 920 Vos
923 867 1228 921 imitatores
1277 867 1403 922 iacti
1439 868 1572 921 estis
1615 865 1982 922 Ecclesiarum
2026 868 2123 922 Dei

553 971 676 1025 qua:
718 967 846 1010 sunt
885 957 936 1009 in
975 955 1160 1011 Iudaea
1205 957 1257 1010 in
1295 956 1511 1011 Christo
1554 957 1717 1022 Jesu;
1763 959 1893 1027 quia
1933 961 2124 1014 eadem

553 1050 697 1117 passi
728 1050 860 1104 estis
893 1058 948 1103 et
989 1065 1084 1103 vos
1114 1065 1143 1101 a
1188 1047 1589 1103 cuntribulibus
1627 1049 1847 1113 vestris,
1896 1050 2037 1104 sicut
2069 1059 2124 1104 et

553 1140 655 1208 ipsi
685 1155 712 1193 a
741 1139 967 1202 Judteis,
1010 1141 1102 1209 qui
1139 1148 1194 1194 et
1226 1140 1512 1194 Dominum
1548 1141 1873 1194 occiderunt
1913 1140 2121 1210 Jesum,

551 1241 606 1285 et
638 1234 932 1303 prophetas
963 1241 1016 1284 et
1049 1248 1146 1285 nos
1173 1233 1443 1301 persecuti
1477 1241 1637 1298 sunt;
1667 1244 1722 1288 et
1749 1234 1858 1288 Deo
1890 1249 1994 1288 non
2018 1233 2126 1303 pla-

551 1333 698 1388 cent,
752 1333 805 1378 et
853 1324 1108 1378 omnibus
1141 1321 1458 1377 hominibus
1509 1323 1889 1386 adversantur,
1941 1324 2127 1392 prohi-

553 1416 742 1470 bentes
784 1430 884 1470 nos
915 1415 1170 1485 gentibus
1205 1415 1376 1485 loqui,
1407 1423 1465 1468 ut
1509 1415 1673 1470 salvae
1714 1415 1844 1470 [iant
1869 1416 1935 1469 ³⁷.
1974 1427 1994 1460 ι
2030 1415 2124 1469 His

551 1507 817 1577 exemplis
873 1509 1116 1562 arbitror
1155 1523 1241 1563 me
1291 1508 1594 1562 ostendisse
1644 1509 1777 1562 nihil
1819 1522 2125 1577 repugnare

552 1601 845 1668 quominus
870 1601 984 1654 lucc
1010 1601 1238 1655 historia
1269 1602 1586 1673 contigerit,
1615 1611 1670 1655 ct
1693 1616 1811 1666 qua:
1837 1601 2124 1654 libidinose

551 1691 711 1745 simul
745 1701 801 1747 et
842 1693 1139 1748 crudeliter
1176 1696 1438 1749 adversus
1491 1694 1798 1749 Susannam
1831 1704 2119 1762 perpetra—

2233 498 2416 571 φητῶν
2443 500 2545 552 οὐκ
2572 499 2794 562 ἐδίωξαν
2822 503 2868 553 οἱ
2888 501 3121 570 πατέρες
3155 501 3330 573 ὐμῶν,
3363 504 3456 556 και)⁵
3481 502 3809 558 ἀπέκτειναν

2230 593 2354 655 τοὺς
2395 591 2969 664 προκαταγγείλαντας
3001 593 3130 664 περὶ
3164 593 3264 663 τῆς
3293 593 3559 658 ἐλεύσεως
3596 593 3690 648 τοῦ
3715 598 3809 648 Δι-

2231 683 2408 745 καίου,
2441 677 2500 738 οῦ
2536 682 2630 735 νῦν
2652 683 2808 752 ὑμεῖς
2840 683 3092 754 προδόται
3119 684 3213 736 καὶ
3246 687 3424 752 φονεῖς
3451 684 3701 754 ἐγένεσθε
3727 703 3742 752 ;
3785 705 3804 739 ι

2245 772 2554 844 Ἀληθεύειν
2585 770 2682 842 μὲν
2712 773 2818 842 γὰρ
2849 771 2938 825 τὸν
2967 773 3237 842 Στέφανον
3283 775 3391 837 πᾶς
3429 775 3678 829 ὁστισοῦν
3702 775 3810 830 τῶν

2232 864 2604 938 προσιεμένων
2620 863 2718 928 τὰς
2744 862 2976 936 Πράξεις
2999 864 3106 917 τῶν
3127 865 3441 918 ἀποστόλων
3463 865 3803 937 ὁμολογήσει·

2231 957 2510 1023 ἀποδεῖξαι
2552 956 2608 1009 δὲ
2655 956 2750 1009 καὶ
2786 955 2895 1008 ἀπὸ
2939 955 3040 1026 τῆς
3086 955 3322 1020 παλαιᾶς
3359 957 3653 1028 Διαθήκης,
3695 959 3812 1021 πῶς

2232 1049 2466 1117 εὐλόγως
2503 1048 2774 1118 μέμφεται
2803 1050 2916 1111 τοῖς
2948 1047 3190 1118 πατράσι
3225 1047 3335 1102 τῶν
3365 1051 3446 1112 είς
3473 1051 3564 1103 τὸν
3603 1049 3810 1120 Ἰησοῦν

2232 1140 2622 1204 ἀπιστούντων,
2665 1141 2741 1204 ὡς
2777 1137 2995 1202 διώξασι
3034 1141 3161 1204 τοὺς
3200 1142 3488 1213 προφήτας
3524 1140 3620 1194 καὶ
3674 1142 3813 1194 ἀπο-

2232 1232 2521 1294 κτείνασιν,
2549 1233 2609 1285 οὐ
2635 1231 2852 1284 δυνατὸν
2879 1231 2985 1283 ἀπὸ
3009 1231 3118 1283 τῶν
3141 1232 3454 1303 φερομένων
3476 1231 3694 1301 βιϐλίων
3716 1232 3812 1301 τῆς

2233 1327 2438 1395 Καινῆς
2471 1326 2576 1396 (68)
2603 1325 2902 1396 Διαοήκης·
2933 1327 3024 1379 καὶ
3057 1327 3084 1378 6
3124 1325 3332 1389 Παῦλος
3372 1329 3430 1378 ἐν
3472 1330 3537 1397 τῇ
3571 1327 3812 1398 προτέρᾳ

2229 1417 2327 1486 τῆς
2364 1417 2498 1488 πρὸς
2545 1417 2954 1480 Θεσσαλονικεῖς
2998 1417 3284 1487 ἐπιπολῆς
3314 1417 3485 1470 ταῦτα
3518 1417 3648 1489 περὶ
3691 1417 3815 1470 Ἰου-

2229 1507 2391 1561 δαίων
2415 1508 2706 1579 μαρτυρῶν
2741 1507 2922 1578 φησίν·
2955 1527 2973 1560 ι
2997 1507 3183 1578 Ὑμεῖς
3214 1511 3323 1579 γὰρ
3359 1509 3590 1578 μιμηταὶ
3620 1507 3780 1577 ἐγενή
3799 1535 3812 1546 -

2231 1599 2360 1672 θητε
2387 1601 2494 1654 τῶν
2534 1601 2869 1672 Ἐκκλησιῶν
2891 1601 2985 1653 τοῦ
3012 1600 3166 1661 Θεοῦ,
3183 1601 3290 1652 τῶν
3317 1601 3492 1654 οὐσῶν
3505 1603 3562 1654 ἐν
3589 1603 3654 1670 τῇ
3691 1601 3814 1652 Ἰουο

2229 1688 2353 1761 δαία
2386 1692 2444 1742 ἐν
2477 1689 2696 1760 Χριστῷ
2737 1689 2934 1762 Ἰησοῦ·
2967 1691 3049 1742 ὅτι
3083 1689 3177 1743 καὶ
3217 1690 3375 1760 ὑμεῖς
3402 1691 3470 1745 τά
3505 1690 3644 1743 αὐτὰ
3669 1689 3808 1743 ἐπά-

553 1783 943 1836 runtseniores
973 1783 1062 1852 qui
1095 1793 1221 1838 tunc
1262 1794 1441 1845 erant,
1475 1797 1537 1836 ea
1566 1783 1785 1852 quidem
1811 1783 2121 1851 providente

2231 1783 2352 1835 Οετε
2385 1783 2488 1834 ὐπὸ
2519 1782 2627 1835 τῶν
2665 1783 2809 1836 ἰδίων
2843 1784 2954 1853 (69)
2985 1783 3360 1853 συμφυλετῶν,
3387 1783 3569 1847 καθὼς
3600 1783 3693 1836 καὶ
3717 1783 3810 1837 αὐ-

553 1872 760 1943 Spiritu
791 1875 992 1944 scripta
1028 1875 1166 1939 sint,
1201 1878 1293 1931 sed
1332 1877 1676 1946 postmodum
1722 1890 1750 1928 a
1780 1874 2122 1944 principibus

551 1965 933 2032 Sodomorum,
963 1968 1392 2024 utdixeritidem
1420 1967 1658 2038 Spiritus
1681 1967 1748 2032 ",
1821 1966 1958 2020 clam
1992 1967 2122 2020 sub-

549 2057 679 2112 1313.

2225 1874 2310 1927 το).
2343 1873 2446 1928 ὐπὸ
2480 1873 2588 1926 τῶν
2628 1874 2918 1938 Ἰουδαίων,
2953 1875 3060 1926 τῶν
3087 1876 3181 1927 καὶ
3213 1876 3303 1928 τὸν
3326 1876 3531 1948 Κύριον
3557 1878 3812 1930 ἀποκτει-

2228 1967 2453 2029 νάντων,
2509 1966 2604 2018 καὶ
2646 1967 2772 2030 τοὺς
2825 1969 3129 2040 προφήτας,
3176 1969 3270 2021 καὶ
3317 1969 3464 2039 ἡμᾶς
3516 1965 3809 2032 ἐκδιωξάν-

2225 2076 2332 2112 των
2357 2057 2488 2127 (70),
2526 2058 2620 2110 καὶ
2649 2058 2767 2129 Θεῷ
2793 2059 2865 2129 μὴ
2894 2060 3259 2130 ἀρεσκόντων,
3293 2061 3388 2112 καὶ
3417 2060 3580 2111 πᾶσιν
3597 2055 3808 2129 ἀνθρώ-

549 2167 671 2213 ποις
703 2149 980 2202 ὲναντίωνο
1019 2148 1333 2202 κωλυόντων
1365 2151 1512 2221 ἡμᾶς
1533 2152 1646 2214 τοῖς
1694 2148 1870 2204 ἔθνεσι
1917 2149 2164 2221 λαλῆσαι,
2229 2150 2315 2204 ἵνα
2360 2149 2592 2202 σωθῶσι.
2645 2168 2664 2200 ι
2709 2150 2818 2203 Καὶ
2861 2146 3012 2221 οἶμαι
3058 2150 3113 2202 δὲ
3165 2150 3561 2221 ἀποδεδειχέναι
3608 2152 3664 2202 ὲν
3695 2150 3812 2214 τοῖς

551 2241 946 2312 προκειμένοις,
986 2243 1068 2295 ὅτι
1099 2241 1249 2294 οὐδὲν
1291 2241 1487 2294 ἄτοπόν
1521 2241 1632 2311 (71)
1663 2245 1799 2305 ἐστι,
1854 2241 2133 2310 γεγονέναι
2180 2241 2279 2312 μὲν
2320 2243 2422 2312 τὴν
2481 2241 2744 2312 ἱστορίαν,
2815 2242 2909 2295 καὶ
2953 2243 3051 2313 τὴν
3100 2243 3235 2314 μετὰ
3271 2242 3468 2313 πολλῆς
3518 2241 3810 2306 ἀκολασίας

549 2335 805 2406 ὡμότητα
831 2335 1191 2405 τετολμῆσθαι
1229 2337 1344 2398 τοῖς
1378 2335 1498 2388 τότε
1548 2335 1936 2407 πρεσϐυτέροις
1971 2337 2111 2389 κατὰ
2135 2337 2233 2406 τῆς
2263 2337 2565 2406 Σωσάννης,
2599 2337 2691 2389 καὶ
2713 2335 3018 2406 γεγράφθαι
3077 2337 3174 2407 μὲν
3226 2337 3451 2408 προνοίᾳ
3506 2336 3600 2389 τοῦ
3650 2335 3819 2390 Ilvati-

553 2444 739 2496 ματος,
775 2426 1180 2498 ὐπεξαιρεῖσθαι
1203 2425 1278 2488 δὲ,
1299 2425 1373 2489 ὡς
1403 2425 1468 2480 ἂν
1495 2428 1637 2481 εἴποι
1669 2427 1730 2480 τὸ
1751 2427 1994 2498 Πνεῦμα,
2023 2429 2128 2481 ὑπὸ
2155 2427 2264 2480 τῶν
2292 2427 2566 2500 ἀρχόντων
2591 2429 2861 2498 Σοδόμων.

624 2517 710 2571 10.
749 2517 1015 2572 Praeterea
1057 2517 1243 2571 aiebas
1283 2517 1562 2572 Danielem
1592 2520 1642 2572 in
1673 2521 1774 2573 hac
1838 2519 2119 2588 Scriptura

551 2610 658 2664 dici
696 2611 902 2680 Spiritu
957 2619 1268 2679 correptum
1336 2611 1676 2665 exclamasse
1720 2611 1960 2680 iniquam
2002 2626 2123 2666 esse

551 2704 906 2768 sententiam,
949 2703 1002 2756 in
1053 2703 1140 2754 illa
1202 2716 1331 2757 vero
1370 2703 1436 2756 de
1489 2719 1592 2771 qua
1675 2703 1852 2757 nullus
1897 2703 2124 2770 ambigit

550 2797 680 2864 quin
707 2796 850 2849 illius
877 2796 972 2860 sit,
1004 2795 1255 2849 exhiberi
1288 2794 1394 2848 alio
1419 2797 1578 2850 modo
1607 2780 2122 2865 prophetantem,id

550 2899 652 2952 est,
673 2896 790 2955 post
818 2886 958 2949 visa,
978 2888 1217 2952 somnia,
1239 2921 1244 2926 -
1269 2897 1432 2956 atque
1478 2889 1650 2956 angeli
1705 2889 2121 2958 apparitionem,

551 2979 738 3033 nullibi
793 2987 973 3031 autem
1024 2993 1090 3032 ex
1145 2977 1502 3046 inspiratione
1547 2979 1886 3048 prophetica.
1940 2980 2011 3032 At
2063 2989 2119 3032 tu

551 3069 681 3122 mihi
725 3069 926 3123 videris
973 3085 1080 3122 non
1123 3071 1417 3124 admodum
1459 3068 1781 3123 observasse
1817 3087 1835 3119 ι
1883 3068 2123 3122 multifa-

552 3159 689 3212 riam
774 3158 1066 3227 multisqne
1133 3161 1304 3213 modis
1376 3159 1504 3212 olim
1620 3153 1792 3210 Deum
1865 3153 2116 3222 patribus

550 3249 787 3304 locutum
829 3265 950 3304 esse
1005 3251 1055 3302 in
1125 3250 1402 3319 prophetis
1425 3252 1491 3314 η,
1527 3268 1546 3301 ι
1583 3264 1688 3302 non
1717 3250 1893 3304 solum
1944 3250 2123 3304 omni-
2153 3281 2194 3338 ο

549 3340 671 3404 bus,
719 3340 810 3394 sed
865 3351 919 3394 et
971 3342 1219 3410 singulis.
1272 3343 1329 3395 Si
1372 3350 1552 3395 autem
1596 3341 1994 3404 observaveris,
2036 3343 2115 3395 in-

547 3434 735 3487 venies
768 3434 956 3487 iisdem
997 3435 1200 3488 sanctis
1240 3445 1295 3488 et
1342 3435 1523 3489 divina
1567 3435 1826 3504 obtigisse
1886 3436 2122 3499 somnia,

548 3533 604 3578 et
657 3524 1026 3594 apparitiones
1073 3525 1349 3595 angelicas
1401 3537 1457 3581 et
1511 3525 1917 3596 inspirationes.
1978 3525 2123 3580 Satis

549 3625 633 3670 est
659 3626 838 3672 autem
889 3617 940 3670 in
978 3618 1228 3686 przesenti
1260 3618 1517 3674 adhibere
1564 3634 1662 3687 pro
1717 3618 2026 3673 testimonio
2059 3633 2122 3674 ea

549 3723 670 3776 qua:
699 3711 904 3779 scrlpta
938 3719 1064 3765 sunt
1090 3709 1158 3763 de
1198 3708 1390 3778 Jacob,
1412 3713 1501 3781 qui
1546 3711 1613 3768 de
1660 3710 1859 3767 divinis
1896 3712 2123 3767 somniis

553 3802 667 3854 haec
716 3809 955 3854 narrat:
1011 3819 1030 3852 ‹
1085 3801 1151 3854 Ει
1197 3800 1397 3856 factum
1424 3811 1530 3868 est,
1583 3819 1704 3858 cum
1749 3818 1878 3857 oves
1918 3804 2121 3858 coitum

548 3902 884 3962 appeterent.
943 3902 998 3946 et
1055 3894 1158 3947 vidi
1220 3895 1392 3948 oculis
1456 3895 1591 3948 meis
1643 3911 1736 3950 eas
1775 3895 1827 3950 in
1885 3911 2119 3950 somno:

548 3997 604 4038 et
650 3999 778 4041 ecce
830 3985 964 4040 hirci
1007 3995 1062 4039 et
1112 3987 1309 4042 arietes
1361 3989 1730 4044 ascendebant
1781 4003 1946 4058 super
1991 4003 2123 4045 oves

547 4077 653 4148 23
683 4089 736 4133 et
765 4094 978 4148 capras,
1011 4080 1138 4138 alhi,
1174 4091 1222 4133 et
1263 4081 1418 4143 varii,
1470 4080 1629 4145 fusci,
1661 4090 1715 4134 et
1749 4081 2026 4135 maculosi.
2061 4082 2123 4136 Et

548 4170 686 4223 dixit
742 4169 871 4223 mihi
923 4173 1144 4240 angelus
1198 4172 1292 4225 Dei
1340 4172 1390 4226 in
1451 4187 1644 4226 somno
1695 4186 1710 4224 :
1756 4171 1949 4229 Jacoh.
2009 4173 2122 4242 Ego

547 4271 729 4316 autem
763 4263 870 4316 dixi
907 4277 922 4317 :
955 4264 1092 4330 Quid
1115 4265 1235 4318 est?
1269 4264 1332 4318 Et
1360 4265 1494 4318 dixit
1525 4283 1538 4319 :
1574 4266 1767 4335 Aspice
1793 4265 1965 4321 oculis
1994 4266 2120 4330 tuis,

547 4364 603 4410 et
631 4357 756 4410 vide
787 4355 969 4410 hircos
1002 4365 1058 4411 et
1087 4357 1288 4412 arietes
1313 4358 1668 4413 ascendentes
1700 4372 1868 4428 super
1910 4374 2037 4415 oves
2068 4368 2125 4416 et

547 4461 758 4516 capras,
811 4445 986 4510 albos,
1021 4448 1237 4511 varius,
1292 4447 1472 4502 luscos
1523 4457 1578 4503 et
1623 4448 1947 4507 maculosos.
2005 4446 2122 4504 Vidi

545 4537 691 4592 enim
723 4553 1058 4610 quaecunque
1094 4540 1194 4595 tibi
1239 4539 1371 4596 facit
1405 4539 1614 4596 Lahan.
1649 4541 1762 4612 Ego
1802 4556 1919 4597 sum
1954 4543 2118 4605 Deus,

2299 2519 2442 2589 Πρὸς
2498 2518 2708 2581 τούτοις
2776 2519 3134 2588 έφασκες,ὄτι
3170 2519 3197 2572 ὁ
3229 2516 3425 2588 Δανιὴλ
3462 2518 3565 2571 ὐπὸ
3586 2518 3684 2588 μὲν
3713 2520 3812 2590 τῆς

2225 2610 2447 2682 Γραφῆς
2475 2609 2677 2681 ταύτης
2692 2609 3200 2681 λέγεταιΠνεύματι
3232 2610 3456 2680 ληφθεὶς
3487 2610 3813 2683 ἐκϐεϐοηκέ-
3876 2649 3891 2663 .

2226 2719 2333 2763 ναι,
2368 2701 2442 2763 ὡς
2466 2701 2665 2764 ἀδίκως
2699 2703 2730 2772 ἡ
2758 2701 3032 2770 ἀπόφασις
3069 2701 3180 2770 ἔχοι
3210 2701 3345 2770 (7:2),
3382 2703 3414 2772 ἡ
3453 2701 3510 2753 δὲ
3535 2701 3810 2773 φερομένη

2225 2793 2671 2863 ὁμολογουμένως
2702 2793 2794 2843 ὐπ’
2827 2791 2991 2844 αὐτοῦ
3042 2791 3230 2863 Γραφὴ
3289 2791 3432 2862 ἄλλῳ
3472 2793 3660 2863 τρόπῳ
3713 2809 3812 2846 πε-

2229 2884 2397 2954 ριέχει
2438 2883 2598 2937 αὐτὸν
2641 2883 3072 2954 προφητεύοντα,
3108 2885 3384 2937 τουτέστιν
3409 2885 3669 2955 ὁράμασι,
3706 2885 3801 2938 καὶ

2226 2977 2474 3048 ὀνείροις,
2505 2977 2597 3029 καὶ
2628 2976 2860 3044 ἀγγέλου
2912 2977 3227 3048 ἐπιφανείᾳ·
3281 2977 3517 3049 οὐδαμοῦ
3578 2978 3634 3031 δὲ
3691 2979 3814 3031 ἐπι-

2229 3069 2388 3141 πνοίᾳ
2419 3072 2748 3140 προφητικῇ.
2787 3070 2858 3122 Σὺ
2895 3070 2951 3122 δέ
2977 3087 3064 3140 μοι
3089 3069 3270 3132 ἔοικας
3307 3069 3546 3140 μήπάνυ
3580 3087 3813 3142 τετηρη-

2228 3163 2381 3217 κέναι
2410 3163 2492 3228 τὸ,
2535 3181 2554 3212 ι
2579 3161 2912 3233 Πολυμερῶς
2945 3163 3040 3215 καὶ
3073 3161 3431 3233 πολυτρόπως
3500 3164 3670 3217 πάλαι
3718 3166 3811 3217 τὸν

2227 3253 2358 3308 Θεὸν
2391 3253 2740 3324 λελαλήκέναι
2784 3256 2898 3316 τοῖς
2939 3256 3206 3326 πατράσιν
3224 3256 3281 3310 ἐν
3303 3258 3414 3319 τοῖς
3447 3261 3805 3327 προφήταις,ο

2226 3346 2286 3398 οὐ
2338 3345 2496 3415 μόνον
2529 3346 2586 3398 ἐν
2618 3347 2732 3409 τοῖς
2763 3347 2949 3410 πᾶσιν,
2989 3345 3126 3400 ἀλλά
3156 3347 3250 3400 καὶ
3299 3347 3357 3400 ἐν
3406 3351 3518 3411 τοῖς
3546 3349 3668 3402 καθ’
3691 3350 3807 3402 ἕνα.

2226 3436 2631 3507 Παρατηρήσας
2658 3435 2714 3487 δὲ
2749 3436 3002 3508 εὐρήσεις
3029 3440 3143 3500 τοῖς
3173 3439 3357 3500 αὐτοῖς
3373 3437 3545 3504 ἁγίοις
3568 3439 3662 3491 καὶ
3689 3437 3812 3492 ἐνύ-

2228 3541 2357 3577 πνια
2384 3523 2654 3594 γενόμενα
2685 3523 2805 3577 θεῖα
2839 3525 2933 3576 καὶ
2987 3526 3309 3594 ἐπιφανείας
3349 3527 3678 3594 ἀγγελικάς,
3715 3529 3812 3582 καὶ

2227 3615 2530 3679 ἐπιπνοίας.
2595 3615 2780 3687 Ἀρκεῖ
2821 3616 2877 3669 δέ
2917 3616 3009 3670 ἐπὶ
3043 3617 3136 3670 τοῦ
3187 3617 3445 3687 παρόντος
3481 3620 3811 3691 μαρτυρίαις

2225 3705 2530 3777 χρήσασθαι
2574 3710 2688 3770 τοῖς
2735 3708 2865 3778 περὶ
2919 3706 3014 3760 τοῦ
3076 3709 3266 3762 Ἰακὼϐ
3320 3711 3429 3781 (75)
3482 3711 3810 3781 γεγραμμέ-

2225 3815 2364 3861 νοις·
2394 3797 2454 3861 ὃς
2485 3798 2612 3869 περὶ
2645 3798 2744 3869 μὲν
2768 3798 2927 3852 θείων
2953 3800 3222 3855 ἐνυπνίων
3254 3799 3476 3853 τοιαῦτα
3511 3801 3804 3871 διηγεῖται³

2232 3909 2251 3942 ι
2291 3893 2400 3945 Καὶ
2426 3891 2673 3960 ἐγένετο,
2705 3893 2868 3963 ἡνίκα
2899 3893 3194 3946 ἐνεκίσσων
3237 3893 3305 3947 τὰ
3356 3894 3605 3965 πρόϐατα
3653 3895 3806 3966 (74),

2225 3984 2320 4036 καὶ
2347 3980 2482 4036 εἶδον
2513 3985 2570 4035 ὲν
2604 3986 2714 4046 τοῖς
2745 3981 3045 4054 ὀφθαλμοῖς
3087 4001 3188 4054 μου
3223 3984 3362 4037 αὐτά
3397 3986 3454 4036 ἐν
3487 3984 3660 4056 ὕπνῳ,
3711 3985 3810 4038 καὶ

2229 4075 2337 4128 ἰδοὺ
2371 4077 2419 4127 οἱ
2445 4075 2636 4146 τράγοι
2671 4075 2764 4127 καὶ
2786 4076 2833 4128 οἱ
2865 4076 3008 4146 κριοὶ
3032 4076 3413 4139 ἀναϐαίνοντες
3441 4071 3580 4146 ἦσαν
3611 4077 3704 4129 ἐπὶ
3738 4077 3810 4131 τά

2226 4170 2470 4240 πρόϐατα
2503 4169 2596 4220 καὶ
2623 4167 2720 4230 τὰς
2744 4164 2924 4236 αἶγας,
2962 4167 3235 4223 διάλευκοι
3254 4208 3269 4232 ,
3321 4170 3413 4223 καὶ
3429 4169 3682 4238 ποικίλοι,
3711 4173 3809 4226 καὶ

2226 4262 2550 4325 σποδοειδεῖς
2579 4261 2778 4332 ῥαντοί.
2821 4261 2929 4314 Καὶ
2959 4255 3081 4314 εἶπέ
3108 4278 3198 4332 μοι
3219 4264 3248 4315 ὁ
3271 4261 3500 4332 ἄγγελος
3540 4263 3634 4316 τοῦ
3667 4265 3805 4318 Θεοῦ

2225 4354 2346 4408 καθ’
2374 4353 2556 4406 ὐπνον·
2599 4351 2810 4405 Ἰακώϐ.
2855 4350 2996 4418 Ἐγὼ
3020 4351 3078 4404 δὲ
3103 4343 3289 4405 εἷπονέ
3321 4353 3384 4405 Τί
3427 4353 3563 4418 ἐστι;
3602 4353 3699 4407 καὶ
3729 4350 3808 4409 εἴ·-

2226 4461 2346 4498 πεν·
2379 4442 2698 4513 Ἀνάϐλεψον
2722 4445 2833 4506 τοῖς
2857 4440 3157 4513 ὀφθαλμοῖς
3176 4459 3290 4508 σου,
3311 4443 3405 4496 καὶ
3427 4443 3503 4497 ῖδε
3523 4443 3650 4508 τούς
3672 4445 3808 4516 τρά-

2223 4554 2354 4606 γους
2399 4538 2494 4590 καὶ
2523 4536 2650 4600 τούς
2680 4537 2866 4607 κριοὺς
2905 4535 3294 4599 ἀναϐαίνοντας
3321 4535 3412 4588 ἐπὶ
3443 4535 3513 4591 τά
3551 4536 3807 4608 πρόϐατα

543 4630 636 4701 qui
676 4632 898 4700 apparui
938 4632 1030 4687 tibi
1050 4631 1102 4688 in
1131 4632 1254 4688 loco
1276 4631 1392 4698 Dei,
1415 4633 1504 4688 ubi
1526 4634 1724 4689 unxisti
1756 4635 1888 4690 mihi
1913 4634 2121 4690 celum-

2227 4631 2318 4684 καὶ
2344 4627 2443 4693 τὰς
2465 4623 2644 4696 αἶγας,
2670 4626 3006 4690 διαλεύκους,
3038 4627 3136 4682 καὶ
3185 4628 3491 4693 ποικίλους,
3531 4629 3629 4683 καὶ
3671 4646 3807 4684 σπο-

546 4733 670 4773 nam
690 4759 706 4785 ,
733 4730 790 4775 et
822 4731 1005 4776 votum
1035 4721 1168 4776 mihi
1216 4722 1438 4778 vovisti.
1479 4720 1637 4777 Nunc
1665 4737 1795 4792 ergo
1831 4735 2031 4790 surge,
2063 4729 2120 4776 et

543 4812 806 4881 egredere
829 4815 1061 4882 dexterra
1085 4817 1212 4878 hac.
1235 4825 1291 4870 ct
1321 4815 1406 4871 abi
1435 4815 1488 4870 in
1517 4824 1721 4870 terram
1748 4813 2122 4884 generationis

549 4913 655 4959 tua:
686 4903 755 4959 ³⁸.
791 4922 811 4958 ι
845 4906 996 4972 Quod
1023 4907 1221 4961 attinet
1258 4917 1438 4963 autem
1471 4908 1537 4963 ad
1566 4906 1963 4979 apparitionem
1992 4919 2115 4973 qua:

617 4999 739 5032 “°“
770 5000 892 5054 Act.
926 5016 1021 5066 vn,
1048 5000 1136 5056 52.
1209 5002 1289 5056 ³⁷1
1320 5003 1517 5058 Thess.
1549 5019 1611 5068 ll,
1645 5002 1732 5057 H.
1794 5001 1840 5032 ’⁸
1870 5000 1974 5054 lsa.
2009 5015 2046 5061 ι,
2078 4999 2121 5052 lt

2235 4999 2278 5030 ὀ
2305 4997 2439 5050 ιιρι).
2480 5011 2516 5062 ι,
2551 4995 2602 5049 ι.

618 5095 741 5174 (δῖ),
769 5095 1157 5174 Ψειξξεηίυεν
1197 5100 1488 5174 μαρτυρῶν
1511 5099 1684 5174 ταῦτα
1713 5101 1859 5174 λέγει
1877 5099 1971 5154 ἐπὶ
1987 5098 2117 5174 πολ-ς

543 5164 673 5240 λοῖς.
701 5164 800 5240 [Ita
830 5168 1089 5240 ethCant”
1118 5164 1209 5240 qui
1237 5164 1414 5225 ta'nte'n
1449 5171 1542 5224 καί
1565 5183 1690 5224 ante
1717 5164 1888 5225 ταῦτα
1916 5169 2112 5240 ιιαυίιά

545 5235 834 5307 Sedeodex
870 5237 1074 5307 Regius
1106 5235 1164 5294 ut
1195 5240 1245 5293 in
1283 5254 1469 5294 nostro
1498 5251 1666 5296 textu.

615 5305 728 5382 S63)
771 5305 1013 5382 Κςῑινῆξτ.
1063 5311 1296 5382 Omnino
1327 5310 1612 5382 legendum
1653 5311 1891 5382 ἐκείνης.
1925 5309 2115 5382 Neque

543 5375 689 5448 enim
712 5375 1024 5448 verisimile
1061 5389 1143 5434 cst
1176 5375 1488 5447 Origenént,
1524 5381 1613 5448 qui
1646 5375 1906 5448 Stephani
1947 5375 2110 5432 verba

545 5443 806 5519 laudavit,
824 5449 1010 5501 eodem
1036 5443 1300 5519 temporis
1319 5459 1518 5517 puncto
1543 5443 1874 5519 negare'haeo
1895 5451 1944 5502 in
1963 5448 2112 5502 Novo

543 5511 892 5587 Testamento
919 5511 1166 5584 reperiri.
1196 5511 1470 5587 Noti'ergo
1502 5533 1564 5571 cx
1601 5511 1772 5582 Novo,
1805 5519 1897 5572 sed
1923 5534 1986 5570 ex
2020 5519 2110 5571 illo

545 5582 610 5654 de
637 5597 744 5651 quo
771 5601 955 5656 supra,
982 5582 1176 5657 nempe
1226 5582 1428 5640 Veteri-
1445 5588 1794 5641 Testamento
1827 5598 1986 5656 negat
2016 5589 2109 5657 de-

545 5655 850 5727 monstrari
876 5671 1035 5727 posse
1053 5655 1396 5727 quaecunque
1429 5669 1639 5727 martyr
1679 5655 1984 5726 Stephanus
2014 5655 2110 5711 Ju-

545 5673 839 5709 monstrart
911 5673 1035 5712 osse
1099 5673 1396 5726 uaacunque
1429 5673 1639 5727 martyr
1679 5673 1984 5726 atepnzmus
2014 5673 2110 5711 διι-

543 5721 677 5779 dacis
704 5673 1021 5797 exprobrat.
1051 5673 1221 5783 ἔσοιο
1249 5737 1371 5798 post
1397 5727 1561 5786 codex
1594 5728 1812 5798 Regius,
1846 5727 1944 5797 τῆς
1975 5727 2110 5800 πρὸς

2221 4720 2442 4784 δοειδεῖς
2481 4717 2736 4792 ραντούς·
2769 4717 2991 4790 ἑώρακα
3013 4717 3122 4792 γὰρ
3157 4719 3258 4772 ὅσα
3289 4735 3369 4772 σοι
3416 4719 3602 4775 Λάϐαν
3634 4725 3801 4778 ποιεῖ.

2236 4811 2377 4882 Ἐγώ
2400 4813 2514 4883 είμι
2535 4813 2564 4865 6
2591 4811 2722 4876 Θεὸς
2753 4812 2782 4864 6
2808 4809 2992 4880 ὀφθείς
3021 4827 3101 4864 σοι
3127 4811 3186 4864 ὲν
3208 4809 3359 4880 τόπῳ
3390 4810 3541 4869 Θεοῦ,
3569 4805 3632 4866 οῦ
3655 4813 3804 4886 ἦλει.

2221 4902 2330 4972 ψάς
2355 4919 2442 4972 μοι
2464 4903 2582 4953 ἐκεῖ
2633 4899 2856 4970 στήλην,
2885 4899 2977 4952 καὶ
3000 4897 3150 4970 ηὔξω
3185 4917 3274 4972 μοι
3301 4901 3419 4954 ἐκεῖ
3454 4900 3643 4974 εὐχήν.
3683 4904 3806 4962 Νῦν

2679 4996 2722 5026 ³ο
2740 4994 2869 5049 Gen.
2906 5011 3058 5062 xxxi,
3086 4996 3152 5050 l0
3179 5009 3307 5063 seqq

2219 5096 2632 5216 ςίὲτὲῗὲλᾷῗζεῖς
2676 5095 3018 5166 Ἐπιστολῆς.
3051 5094 3206 5166 Apud
3247 5095 3607 5151 Wctstentum
3644 5097 3794 5152 deest

2289 5181 2560 5230 πιστολης.
3648 5199 3649 5202 η

2289 5185 2560 5254 πιστολής.
2693 5236 2704 5247 .
3009 5233 3034 5246 η
3136 5235 3178 5250 ν

2289 5233 2398 5304 (69)
2444 5235 2792 5298 \Vetstenttts,
2829 5235 2934 5287 ἀπὸ
2969 5251 3074 5287 των
3113 5238 3256 5289 ίοιων

2289 5305 2398 5373 (70)
2440 5304 2604 5367 idem,
2639 5305 2964 5370 διωξάντων.

2293 5374 2627 5445 (Π)ᾼΙ(1‹ιιιι,
2668 5376 3288 5445 σήστοπονηροιί-ιιριε,
3323 5383 3378 5429 et
3417 5375 3580 5445 paulo
3629 5384 3785 5444 post,

2213 5443 2537 5513 τετολμῆται
2568 5447 2680 5513 τοῖς
2711 5443 2855 5496 τότε.
2880 5472 2952 5483 -—-
2979 5443 3245 5500 Wetsten.
3289 5443 3525 5501 scribere
3555 5443 3787 5502 debebat

2217 5510 2502 5565 σύστοπον.
2540 5512 2741 5567 Noua.

2287 5583 2398 5657 (ξε)
2417 5581 2620 5657 ροᾲεκ
2647 5581 2987 5657 tiasileensis.
3016 5582 3134 5657 Exn:

2313 5650 2398 5723 75)
2437 5651 2618 5723 Codex
2647 5650 3358 5723 Wetstenianus,"‘lwatxép,
3382 5653 3541 5708 male.

2313 5721 2399 5793 76)
2440 5720 2606 5788 Idem,
2643 5722 2962 5794 πράγματα,
2998 5737 3296 5794 perperam.
