4064 6414
617 423 694 486 Ἶὲἰ
1626 419 1949 482 ORIGENIS
1979 422 2316 482 EPISTOLA
2353 423 2442 480 Αιι
2479 423 2880 483 AFRICANUM
3811 429 3872 484 76

626 523 694 604 eti
722 549 836 604 haec
869 545 1084 604 mulier.
1121 545 1185 600 Et
1217 559 1314 600 nos
1353 543 1532 600 simul.
1587 543 1754 601 Nemo
1787 557 1905 602 erat
1941 546 1994 600 in
2039 547 2197 598 domo

2314 539 2384 607 εἷς
2417 546 2471 598 ὲν
2505 543 2582 614 τῷ
2607 545 2738 614 οἴκῳ
2771 544 2924 614 ἡμῶν
2954 546 3126 618 παρὲξ
3155 545 3478 616 ἀμφοτέρων
3527 545 3684 617 ἡμῶν
3723 547 3779 600 ὲν
3813 547 3881 618 τῷ

627 651 810 696 nostra
841 650 1034 709 pneter
1065 655 1164 694 nos
1195 639 1404 694 ambas.
1439 639 1506 693 Et
1539 650 1782 694 mortuus
1812 647 1894 694 est
1923 639 2060 692 ﬁlius
2087 654 2202 692 mtt-

627 728 778 783 lieris
809 727 965 794 hujus
997 735 1181 791 noctu,
1213 727 1468 796 quoniam
1497 728 1751 782 dormivit
1781 744 1944 798 super
1963 745 2108 784 eum.
2139 729 2204 782 Et

629 821 872 884 surrexit
905 821 1078 874 media
1116 829 1296 886 nocte,
1330 829 1384 873 et
1425 820 1656 890 sumpsit
1695 821 1864 875 ﬁlium
1906 835 2086 875 meum
2136 835 2200 874 ex

630 912 774 966 ulnis
807 911 962 966 meis.
991 909 1056 964 Et
1079 925 1179 978 ego
1211 911 1403 964 ancilla
1433 920 1518 964 tua
1549 909 1908 966 dormiebam.
1937 911 1998 963 Et
2031 921 2206 963 trans-

631 1003 757 1057 tulit
791 1017 914 1058 eum
950 1003 1002 1057 in
1029 1002 1207 1058 sinum
1235 1017 1414 1068 suum,
1452 1011 1508 1056 et
1541 999 1712 1055 ﬁlium
1743 1018 1899 1057 suum
1929 1012 2202 1056 mortuum

631 1095 915 1152 transtulit
943 1095 994 1149 in
1024 1095 1204 1149 sinum
1233 1110 1432 1148 meum.
1463 1095 1529 1149 Et
1557 1095 1770 1150 surrexi
1803 1109 1965 1150 mane
1990 1136 2002 1160 ,
2037 1102 2096 1147 ut
2123 1093 2206 1147 la-

633 1192 836 1236 ctarem
871 1182 1040 1238 ﬁlium
1066 1197 1244 1237 meum
1279 1201 1294 1238 :
1328 1191 1382 1238 et
1417 1183 1504 1238 ille
1535 1193 1655 1238 erat
1683 1193 1952 1238 mortuus.
1985 1183 2050 1237 Et
2081 1199 2206 1238 ecce

630 1275 970 1330 consideravi
1019 1289 1142 1329 eum
1195 1289 1353 1328 mane
1407 1295 1419 1330 :
1469 1287 1524 1330 et
1571 1291 1701 1332 ecce
1741 1291 1848 1330 non
1892 1286 2010 1331 erat
2066 1276 2208 1330 ﬁlius

631 1381 807 1428 meus,
831 1380 991 1434 quem
1017 1365 1438 1436 pepereram..Et
1458 1367 1806 1422 dixitmulier
1826 1367 1993 1422 altera
2023 1387 2036 1422 :
2068 1367 2204 1434 Non;

629 1456 726 1510 sed
761 1455 900 1508 ﬁlius
945 1465 1068 1508 tuus
1097 1467 1183 1510 est
1221 1465 1488 1522 morluus;
1523 1458 1666 1512 ﬁlius
1721 1467 1904 1512 autem
1943 1475 2095 1514 meus
2127 1469 2208 1513 est

629 1547 722 1614 qui
755 1547 909 1600 vivit.
941 1547 1120 1602 Altera
1153 1549 1430 1620 verojpsa
1460 1565 1675 1620 quoque
1703 1551 1878 1604 dixit:
1911 1548 2028 1605 Non
2057 1568 2070 1616 ;
2116 1553 2207 1606 sed

631 1638 776 1694 ﬁlius
805 1655 959 1694 meus
989 1649 1072 1694 est
1099 1639 1190 1709 qui
1223 1640 1377 1707 vivit,
1419 1641 1560 1697 ﬁlius
1583 1651 1765 1696 autem
1795 1651 1916 1698 tuus
1959 1653 2208 1697 mortuus

629 1739 733 1784 est.
761 1730 828 1784 Et
861 1731 1050 1786 locuta:
1072 1743 1198 1786 sunt
1221 1747 1404 1787 coram
1433 1749 1578 1804 rege,
1611 1743 1664 1790 et
1686 1734 1938 1805 dixitzrex
1969 1735 2049 1791 eis
2081 1752 2095 1788 :
2125 1735 2206 1789 Tu

619 1823 766 1878 dicis
800 1841 814 1876 :
849 1823 948 1878 llic
975 1833 1057 1880 est
1092 1823 1233 1879 illius
1265 1841 1418 1882 meus
1441 1827 1532 1895 qui
1568 1827 1722 1891 vivit,
1759 1836 1813 1881 et
1859 1826 1998 1881 ﬁlius
2051 1827 2208 1884 istius

2306 637 2458 706 οἴκῳ.
2485 636 2593 688 Kal
2629 635 2898 689 ἀπέθανεν
2923 639 2950 688 6
2981 637 3095 700 υἱὸς
3122 637 3221 705 τῆς
3261 636 3518 705 γυναικὸς
3548 636 3753 709 ταῦτης
3795 637 3883 708 τὴν

2306 728 2494 792 νύκτα,
2524 729 2598 790 ὡς
2627 728 2966 800 ἐπεκοιμήθη
2996 729 3080 782 ἐπ’
3110 731 3290 784 αὐτόν.
3333 731 3445 784 Καὶ
3481 731 3682 800 ἀνέστη
3725 729 3884 800 μέσης

2305 819 2407 888 τῆς
2436 820 2648 882 νυκτός·
2684 819 2778 872 καὶ
2804 819 2964 871 ἔλαϐε
2997 819 3086 872 τὸν
3116 821 3230 873 υἱόν
3256 838 3357 890 μου
3383 821 3447 872 ὲκ
3490 821 3598 874 τῶν
3639 819 3885 890 ἀγκαλῶν

2311 928 2430 982 μου·
2459 912 2553 965 καὶ
2579 913 2612 982 ἡ
2637 911 2795 982 δούλη
2831 929 2923 964 σου
2959 912 3175 968 ὕπνων.
3203 915 3312 967 Kal
3346 915 3622 985 ὲκοίμισεν
3659 914 3815 967 αὐτὸν
3837 915 3888 968 ὲν

2307 1003 2384 1074 τῷ
2420 1003 2602 1073 κόλπῳ
2637 1005 2830 1076 αὐτῆς,
2873 1005 3081 1058 καὶτὸν
3124 1005 3236 1058 υἱὸν
3285 1007 3453 1076 αὐτῆς
3502 1007 3592 1060 τὸν
3625 1005 3889 1058 τεθνεῶτα

2311 1093 2584 1164 ὲκοίμισεν
2635 1098 2691 1148 ὲν
2730 1093 3030 1168 τῷ’κόλπῳ“
3061 1115 3180 1166 μου.
3227 1098 3336 1150 Kal
3380 1097 3610 1168 ἀνέστην
3651 1098 3712 1151 τὸ
3755 1097 3888 1168 πρωῒ

2311 1184 2539 1256 θηλὰσαι
2585 1187 2674 1240 τὸν
2721 1188 2832 1240 υἱόν
2875 1206 3006 1258 μουο
3046 1189 3298 1252 κάκεῖνος
3341 1185 3408 1260 ἦν
3447 1189 3744 1260 τεθνηκώς.
3789 1190 3890 1242 Kal

2313 1277 2420 1330 ἰδοὺ
2443 1279 2746 1348 κατενόησα
2777 1281 2941 1332 αὐτὸν
2970 1281 3030 1332 τὸ
3058 1281 3223 1351 πρωῒ,
3253 1284 3346 1334 καὶ
3378 1281 3486 1334 ἰδοὺ
3515 1283 3614 1334 οὐκ
3639 1279 3705 1352 ἦν
3730 1285 3758 1334 6
3787 1281 3890 1344 υἱός

2313 1387 2412 1440 μου
2443 1369 2501 1424 ὃν
2523 1368 2726 1425 ἔτεκον.
2755 1371 2864 1424 Kal
2895 1367 3046 1424 εἶπεν
3071 1372 3108 1441 ἡ
3129 1373 3263 1442 γυνὴ
3290 1375 3321 1444 ἡ
3365 1373 3547 1444 ἑτέρα·
3587 1373 3740 1443 Οὐχί’
3786 1373 3891 1426 ἀλλ’

2311 1462 2478 1526 ὁύίός
2511 1480 2604 1515 σου
2635 1464 2785 1518 ἐστὶν
2811 1468 2838 1518 6
2861 1466 3071 1537 νεκρὸς,
3099 1469 3127 1519 6
3158 1467 3272 1530 υἱὸς
3301 1467 3356 1519 δὲ
3387 1469 3414 1520 6
3445 1467 3574 1538 ἐμὸς
3607 1470 3636 1520 6
3668 1467 3795 1532 ζῶν.
3831 1469 3890 1522 ἸΙ

2309 1553 2366 1606 δὲ
2397 1555 2550 1625 ,ἄλλη
2580 1557 2672 1608 καὶ
2723 1558 2860 1628 αὐτὴ
2911 1557 3112 1627 ἔλεγεν·
3153 1560 3306 1634 Οὑχι,
3351 1559 3464 1612 ἀλλ’
3501 1560 3528 1610 6
3583 1561 3696 1624 υἱός
3739 1578 3835 1631 μου
3863 1563 3890 1612 6

2311 1641 2437 1707 ζῶν·
2467 1645 2495 1696 6
2524 1645 2578 1696 δὲ
2617 1645 2728 1708 υίός
2753 1664 2842 1700 σου
2870 1649 2896 1700 6
2919 1646 3213 1719 τεθνηκώς.
3241 1650 3348 1702 Kal
3374 1649 3642 1719 ἐλάλησαν
3667 1649 3890 1702 ἐνώπιον

2309 1733 2402 1785 τοῦ
2423 1731 2708 1802 βασιλέως,
2733 1735 2828 1788 καὶ
2856 1731 3008 1788 εἶπεν
3029 1739 3056 1789 6
3085 1736 3335 1806 βασιλεὺς
3359 1739 3570 1802 αὐταῖς·
3597 1739 3668 1791 Σὺ
3695 1738 3887 1808 λέγεις·

2313 1817 2481 1889 Οὗτός
2514 1843 2612 1896 μου
2644 1828 2671 1880 6
2709 1827 2821 1890 υίὸς
2852 1829 2878 1879 6
2903 1827 3032 1892 ζῶν,
3075 1829 3168 1882 καὶ
3200 1829 3228 1880 6
3261 1829 3372 1892 υίὸς
3397 1829 3598 1900 ταύτης
3641 1833 3668 1884 6
3710 1831 3894 1904 τεθνη-

625 1923 711 1970 est
745 1923 1016 1969 mortuus.
1047 1913 1114 1968 Et
1151 1923 1204 1968 tu
1237 1915 1373 1969 dicis
1402 1931 1418 1965 :
1453 1893 1594 1980 Non,
1621 1915 1715 1970 sed
1749 1913 1892 1970 ﬁlius
1929 1923 2080 1970 meus
2125 1926 2208 1970 est

2315 1917 2444 1983 κὼς.
2477 1893 2586 1972 Kal
2623 1920 2686 1972 σὺ
2719 1919 2916 1988 λέγεις·
2949 1921 3104 1992 Οὐχὶ,
3139 1921 3256 1975 ἀλλ’
3286 1925 3314 1974 6
3345 1923 3458 1986 υίός
3501 1893 3602 1992 μου
3645 1926 3674 1976 6
3707 1893 3894 1988 ζῶντό

627 2007 722 2077 qui
763 2007 920 2072 vivit,
955 2007 1100 2062 ﬁlius
1139 2015 1322 2061 autem
1371 2018 1496 2062 tuus
1529 2016 1778 2062 mortuus
1812 2016 1916 2063 est.
1957 2007 2022 2062 Et
2069 2008 2206 2063 dixit

611 2115 723 2156 rex
756 2118 770 2154 :
805 2101 1048 2170 Accipite
1076 2101 1205 2154 mihi
1253 2100 1511 2170 gladium.
1547 2099 1616 2154 Et
1643 2100 1942 2156 attulerunt
1967 2102 2202 2172 gladium

627 2209 814 2250 coram
846 2209 995 2262 rege.
1025 2193 1093 2247 Et
1129 2193 1265 2247 dixit
1287 2208 1380 2248 rev
1414 2212 1426 2246 :
1463 2191 1694 2248 Dividite
1733 2194 1990 2248 infantem
2025 2177 2203 2248 vivum

627 2287 683 2342 in
715 2289 850 2342 duas
877 2295 1082 2355 partes,
1109 2297 1160 2340 et
1194 2287 1315 2340 date
1354 2285 1638 2340 dimidium
1667 2287 1787 2355 ejus
1821 2285 1950 2340 huic
1975 2327 1990 2352 ,
2033 2295 2087 2340 et
2127 2287 2206 2340 di-

625 2379 853 2432 midium
883 2377 1002 2447 ejus
1037 2377 1132 2432 illi.
1173 2377 1237 2431 Et
1265 2378 1548 2448 respondit
1571 2379 1684 2448 regi
1720 2377 1934 2445 mulier,
1962 2378 2118 2446 cujus
2147 2379 2208 2432 ﬁ-

613 2469 736 2546 lius
764 2479 883 2523 erat
911 2471 1065 2524 vivus
1096 2467 1387 2540 (commota
1420 2479 1548 2524 sunt
1575 2471 1720 2524 enim
1759 2471 1970 2526 viscera
1997 2470 2116 2540 ejus
2151 2473 2202 2524 in

629 2563 762 2629 ﬁlio)
789 2563 1074 2632 dixitque:
1109 2561 1165 2615 In
1199 2577 1283 2614 me
1308 2603 1323 2626 ,
1365 2562 1584 2618 domine
1629 2575 1646 2616 :
1679 2563 1802 2618 date
1849 2563 1897 2617 ei
1937 2563 2204 2619 infantem

625 2655 834 2720 vivum,
863 2665 916 2710 et
943 2656 1107 2710 nolite
1136 2657 1442 2710 interﬁcere
1471 2655 1643 2709 illum.
1673 2655 1822 2710 Dixit
1854 2657 2024 2710 altera
2054 2677 2066 2711 :
2095 2657 2206 2714 Nec

629 2747 789 2816 mihi,
817 2762 916 2802 nec
949 2749 1032 2802 isti
1054 2749 1144 2813 sit;
1167 2748 1410 2802 dividite.
1435 2747 1494 2801 Et
1527 2749 1808 2818 respondit
1833 2764 1928 2804 rex
1950 2758 2004 2804 et
2026 2751 2163 2805 dixit
2191 2770 2206 2804 :

627 2841 764 2896 Date
797 2839 1058 2896 infantem
1086 2841 1134 2894 ei
1168 2855 1289 2910 qua:
1315 2841 1450 2894 dixit
1479 2853 1495 2893 :
1522 2841 1658 2894 Date
1693 2841 1764 2894 illi
1801 2855 1924 2894 eum
1953 2852 2006 2896 et
2041 2843 2206 2898 nolite

615 2950 754 3004 eum
783 2933 1117 2990 interﬁcere.
1153 2933 1280 2988 ﬂare
1303 2933 1445 2988 enim
1475 2943 1649 2989 mater
1674 2933 1790 3001 ejus
1816 2944 1919 2988 est.
1953 2933 2030 2989 Et‘
2051 2937 2206 2990 audi-

627 3029 709 3081 vit
733 3025 912 3081 omnis
941 3025 1108 3080 Israel
1133 3025 1397 3096 judicium
1429 3027 1576 3096 quod
1605 3025 1875 3094 judicavit
1903 3042 2019 3092 rex,
2053 3035 2108 3082 et
2139 3029 2208 3082 ti-

630 3127 886 3172 muerunt
915 3134 944 3172 a
977 3116 1116 3172 facie
1159 3117 1302 3188 regis
1330 3156 1345 3182 ,
1391 3118 1520 3186 quia
1562 3117 1819 3172 viderunt
1859 3121 2206 3187 prudentiam

633 3211 730 3266 Dei
761 3225 880 3266 esse
907 3211 960 3264 in
995 3225 1062 3266 eo
1091 3210 1158 3266 ad
1197 3209 1908 3306 faciendumjud_icium_”.
1953 3231 1972 3265 ι
2019 3212 2208 3267 Enim-
2235 3242 2282 3306 ο

633 3316 766 3356 vero
790 3301 834 3356 si
873 3301 1060 3356 liceret
1087 3301 1152 3354 de
1178 3301 1245 3355 iis
1275 3313 1394 3368 quat
1429 3299 1480 3352 in
1513 3298 1775 3353 Ecclesiis
1805 3299 2051 3354 feruntur
2081 3315 2208 3370 pro-

613 3393 893 3468 nuntiare
923 3391 1300 3456 cavillatorie,
1335 3389 1515 3458 potius
1558 3391 1786 3443 duarum
1835 3393 2206 3456 meretricum,

629 3501 795 3555 quam
832 3484 1162 3538 venerabilis
1195 3481 1463 3536 Susanna:
1493 3481 1722 3536 historia
1747 3481 1854 3554 25
1875 3482 2209 3540 Philistionis

631 3577 802 3632 mimo
831 3579 1199 3646 comparanda
1235 3585 1402 3631 esset.
1431 3575 1496 3630 Et
1527 3575 1982 3644 quemadmodum
2013 3578 2080 3631 ad
2117 3592 2211 3646 po-

627 3668 742 3740 puli
782 3669 1194 3738 persuasionem
1221 3682 1326 3722 non
1378 3667 1510 3721 satis
1541 3673 1660 3720 erat
1705 3673 1765 3720 ut
1803 3667 2010 3722 diceret
2051 3669 2210 3725 Salo-

631 3775 758 3815 mon
793 3778 807 3814 :
837 3778 855 3810 t
893 3761 1030 3815 Date
1065 3759 1194 3814 huic
1233 3759 1498 3814 infantem
1539 3761 1755 3824 vivum,
1792 3759 1905 3814 haec
1952 3759 2094 3814 enim
2129 3769 2212 3814 cst

633 3861 811 3906 mater
837 3851 975 3921 ejus;
1011 3871 1029 3904 ι
1065 3852 1137 3905 ita
1176 3866 1280 3906 non
1304 3851 1606 3907 sufﬁciebat
1643 3851 1889 3906 seniores
1932 3866 1962 3906 a
1989 3851 2212 3906 Daniele

631 3946 927 4014 increpari,
958 3945 1059 3999 nisi
1091 3957 1186 3999 eos
1207 3958 1272 3998 ex
1299 3943 1523 4014 proprio
1553 3942 1796 4014 ipsorum
1827 3957 1923 3997 ore
1946 3943 2213 3998 convicis—

631 4049 737 4102 set,
768 4053 891 4096 cum
919 4037 1082 4092 ambo
1105 4037 1349 4092 dicerent
1377 4051 1435 4091 se
1456 4037 1556 4092 sub
1584 4035 1781 4090 arbore
1809 4034 2042 4106 quadam
2069 4033 2212 4088 illam

629 4133 836 4187 vidisse
870 4145 994 4185 cum
1025 4129 1226 4198 juvene
1266 4130 1592 4194 cubantem,
1645 4142 1994 4198 nequaquam
2030 4137 2210 4181 autem

634 4223 1011 4278 consentirent
1068 4236 1314 4292 quamam
1360 4229 1504 4276 esset
1555 4221 1740 4276 arbor.
1777 4219 1858 4286 ,Et
1909 4219 2166 4288 quoniam
2194 4258 2210 4282 ,

627 4317 860 4387 perinde
893 4331 956 4371 ac
993 4315 1038 4370 si
1063 4325 1401 4384 compertum
1437 4315 1692 4380 haberes,
1718 4312 1900 4368 dixisti
1935 4311 2212 4366 Danielem

631 4426 702 4464 ex
730 4408 1088 4479 inspiratione
1113 4407 1359 4462 seniores
1374 4407 1679 4476 judicasse,
1713 4405 1856 4459 forte
1881 4404 2101 4474 quidem
2131 4402 2212 4458 sic

631 4500 1081 4562 convincentem,
1119 4497 1258 4553 forte
1287 4507 1471 4552 autem
1507 4498 1690 4559 aliter,
1734 4497 1955 4551 attende
1999 4513 2012 4548 :
2050 4495 2212 4550 etiam

2312 2010 2368 2063 δὲ
2402 2011 2516 2074 υἱός
2545 2028 2638 2063 σου
2663 2013 2691 2064 6
2722 2011 3020 2083 τεθνηκώς.
3049 2015 3160 2066 Kal
3193 2009 3345 2066 εἶπεν
3391 2017 3419 2068 6
3471 2014 3744 2085 βασιλεὺς·
3791 2015 3895 2068 Λά-

2311 2100 2434 2154 ϐετέ
2466 2119 2554 2171 μοι
2587 2103 2882 2174 μάχαιραν.
2915 2104 3026 2158 Kal
3058 2106 3434 2177 προσήνεγκαν
3478 2106 3576 2178 τὴν
3627 2107 3897 2178 μάχαιραν

2311 2191 2539 2247 ἐνώπιον
2569 2193 2664 2247 τοῦ
2686 2195 2972 2265 βασιλέως.
3001 2197 3110 2250 Kal
3144 2195 3295 2250 εἶπεν
3319 2201 3348 2251 6
3379 2199 3653 2269 βασιλεύς·
3687 2201 3896 2254 Διέλετε

2311 2287 2370 2340 τὸ
2403 2278 2614 2341 παιδίον
2643 2289 2704 2341 τὸ
2730 2289 2840 2353 ζῶν
2881 2291 2962 2354 εἰς
2995 2289 3120 2354 δύο,
3157 2291 3250 2342 καὶ
3277 2290 3395 2343 δότε
3425 2292 3483 2344 τὸ
3519 2293 3690 2363 ἥμισυ
3735 2291 3895 2346 αὑτοῦ

2311 2379 2503 2452 ταύτῃ,
2531 2380 2589 2433 τὸ
2613 2381 2783 2450 ἥμισυ
2813 2380 2976 2434 αὐτοῦ
3005 2381 3192 2453 ταύτῃ.
3220 2383 3329 2436 Kal
3377 2383 3646 2454 ἀπεκρίθη
3681 2387 3715 2456 ἡ
3764 2385 3896 2456 γυνὴ

2311 2467 2382 2542 ἧς
2401 2473 2428 2524 6
2467 2471 2582 2535 υίὸς
2615 2467 2680 2542 ἦν
2709 2473 2736 2524 6
2761 2471 2868 2536 ζῶν
2901 2473 3035 2544 πρὸς
3059 2473 3146 2526 τὸν
3175 2473 3419 2544 βασιλέα,
3445 2475 3526 2527 ὅτι
3557 2475 3833 2547 ἐταράχθη
3865 2479 3896 2546 ἡ

2317 2563 2498 2634 μήτρα
2531 2563 2700 2634 αὐτῆς
2727 2564 2784 2617 ἐν
2809 2563 2888 2635 τῷ
2914 2563 3014 2636 υἱῷ
3041 2563 3230 2636 αὐτῆς,
3264 2564 3358 2617 καὶ
3389 2561 3560 2618 εἶπεν·
3615 2567 3706 2620 Ἐν
3751 2567 3894 2637 ἐμοὶ,

2313 2653 2504 2724 Κύριε·
2535 2655 2652 2708 δότε
2679 2656 2815 2727 αὐτῇ
2841 2656 2902 2709 τὸ
2933 2656 3141 2710 παιδίον
3170 2657 3230 2709 τὸ
3272 2657 3400 2722 ζῶν,
3438 2658 3530 2710 καὶ
3571 2657 3788 2728 θανάτῳ
3825 2658 3898 2729 μὴ

2313 2741 2660 2816 θανατώσητε
2693 2745 2844 2798 αὑτό.
2873 2745 2984 2800 Καὶ
3011 2745 3145 2818 αὕτη
3183 2742 3323 2800 εἷπε·
3369 2749 3524 2817 Μήτε
3561 2749 3686 2818 ἐμοὶ
3709 2789 3724 2814 ,
3763 2751 3900 2819 μήτε

2311 2835 2447 2907 αὐτῇ
2491 2835 2652 2889 ἔστωο
2693 2835 2916 2890 διέλετε.
2951 2839 3060 2891 Kal
3095 2837 3365 2909 ἀπεκρίθη
3404 2841 3432 2891 6
3465 2837 3754 2908 βασιλεὺς,
3805 2841 3900 2894 καὶ

2311 2923 2452 2980 εἷπε·
2489 2927 2617 2980 Δότε
2649 2927 2708 2981 τὸ
2732 2928 2942 2982 παιδίον
2975 2931 3040 2999 τῇ
3073 2929 3318 3003 εἰπούσῃ·
3346 2931 3474 2982 Δότε
3517 2933 3654 3004 αὐτῇ
3698 2932 3858 2986 τοῦτο
3879 2971 3895 2996 ,

2312 3019 2408 3072 καὶ
2435 3018 2648 3090 θανάτῳ
2698 3019 2771 3090 μὴ
2807 3019 3152 3092 θανατώσητε
3191 3021 3340 3075 αὑτό·
3377 3021 3514 3092 αὕτη
3559 3023 3669 3095 γὰρ
3713 3026 3898 3097 μήτηρ

2313 3105 2496 3160 αὑτοῦ.
2530 3110 2641 3161 Kal
2683 3109 2882 3180 ἢκουσε
2930 3111 3039 3172 πᾶς
3081 3109 3298 3181 Ἰσραὴλ
3329 3111 3388 3163 τὸ
3419 3112 3592 3182 κρῖμα
3628 3113 3657 3165 ὅ
3681 3113 3898 3185 ἔκρινεν

2311 3201 2339 3254 6
2377 3201 2648 3272 βασιλεὺς,
2683 3201 2778 3254 καὶ
2805 3201 3150 3274 ἐφοϐήθησαν
3177 3203 3284 3255 ἀπὸ
3309 3203 3600 3274 προσώπου
3625 3205 3718 3259 τοῦ
3751 3206 3903 3277 βασι-

2311 3293 2466 3360 λέως,
2495 3293 2576 3347 ὅτι
2605 3289 2762 3358 εἶδον,
2793 3295 2873 3346 ὃτι
2897 3295 3156 3366 φρόνησις
3176 3295 3310 3348 Θεοῦ
3340 3297 3397 3350 ὲν
3421 3297 3570 3368 αὐτῷ
3603 3298 3904 3354 τοῦποιείν

2310 3387 2602 3458 δικαίωμα.
2645 3405 2664 3437 ι
2711 3385 2885 3458 Εἴπερ
2917 3385 3026 3456 γὰρ
3059 3387 3163 3458 χρὴ
3199 3389 3326 3459 περὶ
3355 3387 3462 3442 τῶν
3495 3390 3815 3462 φερομένων
3845 3393 3906 3444 ἐν

2311 3483 2427 3546 ταῖς
2469 3478 2816 3550 Ἐκκλησίαις
2843 3477 3237 3547 ἀποφαίνεσθαι
3265 3480 3656 3550 χλευαστικῶς,
3702 3483 3908 3554 μᾶλλον

2311 3573 2410 3646 τὴν
2451 3574 2580 3646 περὶ
2621 3571 2726 3626 τῶν
2752 3571 2844 3625 δύο
2885 3571 3114 3644 ἑταιρῶν
3160 3573 3400 3644 ἱστορίαν
3437 3573 3514 3645 τῷ
3553 3576 3909 3637 Φιλιστίωνος

2315 3666 2487 3738 μίμῳ,
2523 3665 2556 3738 ἦ
2605 3665 2702 3737 τὴν
2745 3665 2872 3736 περὶ
2911 3665 3009 3735 τῆς
3057 3665 3260 3737 σεμνῆς
3297 3667 3586 3738 Σωσάννης
3633 3669 3912 3740 ὁμοιῶσαι

2313 3757 2501 3829 ὲχρῆν.
2538 3757 2648 3810 Kal
2681 3755 2868 3828 ὥσπερ
2889 3755 2989 3808 οὐκ
3021 3755 3182 3828 ἤρκει
3213 3755 3349 3830 πρὸς
3373 3755 3541 3810 πειθὼ
3571 3757 3666 3810 τοῦ
3683 3759 3816 3812 λαοῦ
3849 3759 3916 3811 τὸ

2313 3853 2488 3904 εἰπεῖν
2519 3849 2858 3920 Σολομῶντα·
2899 3868 2918 3900 ι
2947 3848 3078 3901 Δότε
3101 3849 3228 3920 τῇδε
3258 3851 3318 3902 τὸ
3354 3847 3461 3914 ζῶν
3499 3851 3735 3906 παιδίονσ
3765 3852 3914 3923 αὕτη

2313 3940 2422 4012 γάρ
2458 3939 2605 3992 ἐστιν
2633 3939 2665 4008 ἡ
2697 3939 2880 4009 μήτηρ
2904 3935 3097 3990 αὐτοῦ·
3128 3956 3146 3988 ι
3179 3937 3352 4001 οὕτως
3382 3938 3481 3990 οὐκ
3503 3939 3663 4010 ἤρκει
3697 3942 3732 4012 ἡ
3771 3941 3916 4012 πρὸς

2313 4034 2439 4097 τοὺς
2477 4030 2880 4104 πρεσϐυτέρους
2906 4029 3196 4102 ὲπίπληξις
3227 4029 3318 4084 τοῦ
3364 4030 3580 4101 Δανιὴλ,
3623 4032 3699 4104 μὴ
3737 4049 3918 4105 προσ-

2317 4121 2878 4196 παραλαμϐανομένου
2925 4119 3018 4174 τοῦ
3063 4123 3129 4174 ἐκ
3193 4121 3457 4192 στόματος
3506 4122 3687 4175 αὐτῶν
3754 4123 3920 4192 ἐλέγ-

2314 4233 2430 4288 χου’
2475 4214 2736 4268 εἰπόντων
2779 4213 2876 4283 μὲν
2911 4213 3015 4265 ὑπό
3045 4231 3096 4266 τι
3127 4213 3342 4285 δένδρον
3381 4213 3548 4285 αὐτὴν
3592 4213 3920 4286 ἑωρακέναι

2315 4309 2664 4380 κοιμωμένην
2695 4307 2834 4378 μετὰ
2873 4306 2968 4360 τοῦ
3001 4307 3308 4372 νεανίσκου,
3349 4307 3421 4378 μὴ
3455 4307 3560 4378 μὴν
3605 4325 3922 4382 συμφωνη-

2317 4403 2525 4456 σάντων
2560 4401 2688 4472 περὶ
2715 4401 2806 4454 τοῦ
2837 4401 2886 4454 τί
2916 4401 3130 4472 δένδρον
3159 4397 3247 4472 ἦν.
3280 4401 3388 4454 Kal
3413 4401 3644 4474 ἐπείπερ
3683 4403 3763 4468 ὼς
3805 4421 3922 4456 κα-

2313 4493 2560 4548 ταλαϐὼν
2588 4493 2825 4563 ἔφασκες
2853 4491 2911 4557 ἐξ
2938 4493 3224 4558 ἐπιπνοίας
3247 4493 3357 4564 (77)
3387 4493 3476 4545 τὸν
3499 4493 3697 4565 Δανιὴλ
3727 4513 3930 4567 κεκρι-

629 4594 749 4650 haec
781 4607 902 4663 quae
931 4609 960 4646 ιι
979 4592 1202 4647 Daniele
1225 4601 1379 4662 gesta
1403 4603 1550 4658 sunt,
1577 4589 1712 4643 mihi
1737 4589 1991 4642 videntur
2009 4587 2206 4642 similia

2315 4588 2470 4640 κέναι
2515 4585 2582 4639 τὰ
2622 4586 2750 4656 περὶ
2783 4585 2910 4648 τοὺς
2933 4585 3371 4657 πρεσϐυτέρους,
3415 4585 3555 4656 τάχα
3581 4585 3682 4656 μὲν
3733 4587 3932 4654 οὕτως

627 4687 839 4756 judicio
872 4685 1206 4750 Salomonis,
1229 4687 1297 4738 de
1322 4691 1681 4753 quotestatur
1701 4681 1982 4750 Scriptura
2011 4679 2208 4735 vidisse

2320 4679 2630 4749 ἐλέγχοντα,
2665 4679 2805 4748 τάχα
2831 4678 2887 4730 δὲ
2917 4677 3140 4750 ἑτέρως,
3175 4677 3427 4750 πρόσχες·
3467 4679 3562 4730 καὶ
3590 4679 3766 4734 ταῦτα
3804 4699 3934 4736 πα-

633 4779 896 4849 populum
922 4779 1245 4848 sapientiam
1271 4776 1366 4830 Dei
1397 4776 1448 4828 in
1483 4774 1574 4828 illo
1607 4771 1772 4828 fuisse
1806 4773 1868 4826 ad
1902 4773 2208 4828 faciendum

2325 4773 2500 4845 ραπλή
2511 4789 2597 4824 σια
2618 4771 2764 4824 δοκεῖ
2787 4787 2874 4839 μοι
2893 4766 3030 4823 εἶναι
3053 4769 3120 4822 τὰ
3146 4770 3283 4822 κατὰ
3305 4770 3394 4823 τὸν
3415 4770 3614 4842 Δανιὴλ
3633 4775 3702 4844 τῇ
3729 4773 3934 4844 κρίσει

627 4871 918 4940 judicium.
961 4870 1072 4926 [loc
1116 4869 1303 4938 utique
1354 4868 1422 4922 de
1469 4865 1690 4921 Daniele
1731 4865 1836 4919 dici
1865 4865 2054 4933 possit,
2087 4879 2208 4920 cum

2317 4863 2409 4916 τοῦ
2441 4861 2802 4928 Σολομῶντος·
2835 4861 2965 4934 περὶ
2985 4855 3044 4914 οὗ
3069 4862 3387 4931 μαρτυρεῖή
3419 4861 3628 4933 Γραφὴ,
3653 4863 3738 4917 ὅτι
3770 4861 3940 4920 εἶδεν

629 4964 900 5034 sapientia
941 4963 1176 5032 polleret
1207 4961 1272 5014 ad
1317 4959 1628 5014 faciendum
1667 4956 1953 5026 judicium,
1991 4955 2061 5010 ab
2093 4957 2208 5026 ipso

2319 4958 2346 5007 6
2375 4955 2518 5018 λαὸς,
2547 4954 2628 5005 ὅτι
2659 4953 2922 5023 φρόνησις
2944 4951 3079 5004 Θεοῦ
3112 4953 3168 5004 ἐν
3195 4951 3342 5022 αὑτῷ
3371 4951 3464 5004 τοῦ
3489 4957 3665 5010 ποιεῖν
3691 4955 3944 5010 δικαίω-

626 5057 903 5124 judicatos
936 5055 1106 5108 fuisse
1132 5053 1380 5108 seniores
1404 5065 1467 5102 eo
1498 5063 1606 5117 quo
1625 5047 1888 5114 scriptum
1914 5055 1998 5100 est
2029 5049 2204 5104 modo.

2323 5067 2416 5120 μα.
2452 5047 2621 5099 Τοῦτο
2647 5045 2712 5100 ἂν
2747 5045 2962 5098 δύναιτο
2988 5044 3240 5112 λέγεσθαι
3265 5043 3359 5095 καὶ
3391 5043 3518 5115 περὶ⁴
3547 5045 3642 5099 τοῦ
3681 5048 3940 5120 Δανιὴλ·

626 5153 710 5206 ὄτι
731 5151 1051 5223 φρονήσεως
1088 5147 1254 5218 οὔσης
1291 5149 1349 5199 ἴεν
1391 5143 1538 5213 αὑτῴ
1577 5141 1668 5194 τοῦ
1709 5143 1878 5196 ποιεῖν
1897 5141 2005 5212 (⁵78)
2022 5141 2314 5216 δικαίωμα,
2347 5141 2536 5214 ἐκρίθη
2568 5141 2635 5194 τὰ
2671 5139 3130 5211 ἀναγεγραμμένα
3175 5137 3300 5208 περὶ
3335 5137 3443 5190 τῶν
3485 5139 3944 5212 πρεσϐυτέρων.

703 5245 794 5300 12.
855 5243 970 5298 lloc
1017 5243 1180 5296 etiam
1223 5255 1412 5308 parum
1461 5236 1634 5290 abfuit
1663 5233 1791 5303 quin
1839 5249 1922 5288 me
1969 5233 2208 5305 fugeret,

2397 5237 2508 5290 Kal
2557 5235 2712 5288 τοῦτο
2751 5233 2806 5286 δὲ
2855 5231 3050 5304 μικροῦ
3097 5231 3206 5285 δεῖν
3256 5230 3415 5284 ἔλαθέ
3463 5250 3552 5302 με,
3607 5233 3952 5302 ἀναγκαῖον

629 5341 776 5409 quod
813 5349 994 5394 tamen
1037 5349 1262 5392 necesse
1301 5344 1386 5387 est
1429 5341 1486 5385 ut
1529 5345 1798 5400 apponam
1832 5333 1902 5386 de
1931 5329 2052 5384 lusu
2086 5347 2208 5385 ver-

2320 5332 2690 5402 παρατεθῆναι
2745 5329 2872 5399 περὶ
2915 5327 3008 5380 τοῦ
3057 5324 3498 5398 πρῖνον-πρίσειν
3552 5325 3645 5378 καὶ
3697 5325 3960 5394 σχῖνον-

629 5433 826 5486 horum
865 5427 1328 5502 πρῖνον-πρίσειν,
1364 5435 1418 5478 et
1457 5421 1906 5494 σχῖνον-σχίσειν;
1938 5435 2126 5491 nempe
2158 5423 2208 5476 in
2321 5425 2553 5495 σχίσειν·
2603 5425 2684 5476 ὅτι
2719 5424 2812 5475 καὶ
2844 5423 2900 5474 ἐν
2935 5421 3056 5480 ταῖς
3091 5415 3389 5486 ἡμετέραις
3421 5417 3668 5488 Γραφαῖς
3701 5419 3964 5471 κεῖνταί

629 5527 835 5580 nostris
867 5524 1167 5594 Scripturis
1192 5521 1454 5591 quasdam
1479 5527 1699 5573 exstare
1728 5533 1824 5574 ceu
1853 5517 2208 5590 ctymologias

2317 5535 2460 5580 τινες
2527 5515 2691 5570 οἱονεὶ
2751 5507 3233 5582 ὲτυμολογίαισθ)
3291 5507 3497 5570 αἵτινες
3576 5507 3730 5578 παρὰ
3813 5509 3956 5578 μὲν

699 5618 743 5652 ³⁸
779 5619 842 5673 lll
876 5619 1010 5682 Reg.
1033 5631 1113 5678 ιιι,
1149 5613 1217 5668 16
1247 5625 1301 5668 et
1345 5627 1498 5682 seqq.

707 5716 818 5788 (77)
875 5707 1216 5788 Wetstenius
1275 5710 1331 5764 in
1399 5717 1550 5764 textu
1603 5709 1884 5772 ἐπινοίας,
1951 5705 2044 5762 sed
2107 5703 2200 5759 alii

631 5783 805 5841 codd.
831 5797 960 5837 mss.
986 5783 1290 5842 ἐπιπνοίας.

709 5855 824 5919 (78)
865 5849 1200 5908 Wetstenius
1253 5853 1306 5906 ἰιι
1342 5859 1490 5908 textu
1519 5848 1596 5922 τῷ
1627 5851 1818 5904 ποιεῖν.
1865 5847 2031 5903 Paulo
2057 5855 2204 5916 post,

637 5923 838 5996 μικροῦ
876 5925 1007 5996 δεῖν,
1043 5923 1200 5978 ἔλαϐέ
1237 5939 1323 5994 με.

2411 5703 2500 5762 ’79)
2537 5701 2708 5760 Idem,
2742 5697 2934 5768 πρίνου
2961 5689 3169 5762 πρίσιν,
3195 5687 3288 5768 καὶ
3329 5689 3512 5768 σχῖνον
3555 5684 3814 5768 algam...
3849 5685 3970 5743 δτι

2317 5777 2373 5827 ἐν
2393 5755 2540 5835 Ὂτξκῒς
2565 5755 2860 5842 ἡμετέραις
2895 5755 3142 5836 Γραὶραῐς
3173 5755 3397 5837 κεῖνταίί
3409 5773 3556 5819 τινες
3592 5755 3763 5808 οἱονεὶ
3795 5757 3974 5812 itu-

2325 5835 2617 5916 μζελετίαιζ
2640 5835 2857 5894 εοιΓιιΙιι
2893 5835 3052 5890 cadd.
3079 5845 3210 5883 mss.
3247 5835 3468 5881 rectius.
