3992 6528
198 439 254 492 39
1341 417 1681 475 EPISTOLA
1716 418 1808 472 AD
1846 410 2278 472 GREGORIUM.
3329 403 3402 460 ου

199 551 356 612 πτίους
389 549 432 600 οἱ
459 547 562 599 υἱοὶ
614 539 933 615 Ἰσραὴλ,τὰ
967 542 1025 594 ὲν
1058 541 1172 604 τοῖς
1207 539 1384 606 ἁγίοις
1408 537 1516 591 τῶν
1552 537 1721 605 ἁγίων

1836 544 2111 604 suntquae
2165 531 2218 586 in
2246 525 2469 585 Sanctis
2515 532 2828 580 sanctorum
2875 527 3064 590 erant,
3110 534 3236 576 arca
3274 536 3400 579 cum

195 636 580 694 κατεσκεύασται
601 651 614 664 ο
649 635 680 703 ἡ
711 630 939 694 κιϐωτὸς
972 628 1111 700 μετὰ
1127 626 1220 682 τοῦ
1246 627 1600 699 ἐπιθέματος,
1631 627 1724 680 καὶ

1836 625 2106 698 operculo,
2133 620 2439 688 cherubim,
2474 615 2936 690 propitiatorium,
2960 623 3017 671 et
3037 628 3172 672 urna
3211 628 3398 679 aurea,

193 733 245 783 τὰ
264 726 524 800 χερουΰίμ,
545 725 640 778 καὶ
661 722 719 775 τὸ
743 721 1069 792 ἱλαστήριον,
1094 719 1235 789 καὶὴ
1259 718 1433 789 χρυσῆ
1467 717 1722 788 στάμνος,

191 828 236 875 ἐν
315 819 556 873 ἀπέκειτο
581 815 644 868 τὸ
669 814 867 885 μάννα,
891 813 998 867 τῶν
1027 812 1274 881 ἀγγέλων
1301 813 1329 864 ὁ
1354 809 1727 882 ἄρτος.Ταῦτα

191 914 271 984 μὲν
312 906 396 966 οὗν
445 907 550 961 άπὸ
609 905 700 960 τοῦ
737 904 1022 960 καλλίστου
1062 903 1177 956 τῶν
1229 902 1538 970 Αἰγυπτίων
1583 900 1730 962 εἰκὸς

186 1003 426 1072 γεγονέναι
458 998 659 1072 χρυσοῦ
681 1016 694 1030 ’
734 999 844 1053 ἀπὸ
870 998 928 1052 δὲ
960 997 1211 1068 δευτέρου
1258 995 1401 1058 τινὸς
1431 995 1559 1064 παρ’
1591 994 1730 1046 ὲκεί-

186 1115 256 1150 νον
281 1097 309 1166 ἡ
335 1092 519 1164 στερεά
537 1092 606 1145 δι’
631 1091 752 1144 ὅλου
778 1090 952 1162 χρυσῆ
981 1089 1193 1159 λυχνία,
1220 1086 1445 1158 πλησίον
1472 1086 1566 1139 τοῦ
1596 1087 1731 1138 ὲσω-

185 1189 315 1259 τέριυ
345 1183 855 1254 καταπετάσματος,
884 1182 979 1235 καὶ
1005 1183 1054 1234 οἱ
1087 1182 1173 1234 ἐπ’
1203 1179 1374 1250 αὐτῆς
1401 1178 1602 1248 λύχνοι,
1637 1177 1729 1231 καὶ

186 1277 390 1350 ήχρυσῆ
419 1273 668 1348 τράπεζα
700 1275 786 1344 ἐφ’
815 1270 883 1346 ἦς
909 1269 1049 1345 ἦσαν
1092 1274 1141 1326 οἱ
1193 1271 1348 1343 άρτοι
1395 1271 1496 1340 τῆς
1530 1269 1730 1341 προθέ-

185 1391 313 1436 σεως,
347 1371 433 1425 καὶ
469 1368 678 1440 μεταξὺ
722 1367 1052 1439 ἀμφοτέρων
1095 1365 1156 1418 τὸ
1188 1363 1430 1436 χρυσοῦν
1462 1363 1730 1435 θυμιατή-

185 1482 293 1538 ριον.
326 1465 381 1517 Εἰ
427 1463 484 1516 δέ
525 1480 613 1526 τις
665 1457 734 1533 ἦν
773 1461 956 1534 τρίτος
987 1461 1079 1514 καὶ
1116 1459 1374 1531 τέταρτος
1407 1457 1624 1530 χρυσὸς,
1672 1457 1732 1522 ἐξ

182 1555 355 1610 ἐκείνου
397 1550 834 1616 κατεσκευάζετο
861 1552 929 1605 τά
970 1550 1137 1622 σκεύη
1179 1549 1247 1603 τὰ
1280 1551 1440 1620 ἅγια,
1493 1549 1588 1602 καὶ
1625 1548 1733 1602 ἀπὸ

182 1647 383 1720 ἀργύρου
427 1645 482 1698 δὲ
510 1645 818 1713 Αἰγυπτίου
871 1642 1006 1697 ἄλλα
1052 1642 1279 1710 ἐγίνετο.
1333 1642 1420 1695 Ἐν
1473 1640 1732 1710 Αἰγύπτῳ

182 1742 265 1811 γάρ
296 1737 681 1811 παροικοῦντες
727 1738 776 1790 οί
827 1735 933 1788 υἱοὶ
992 1733 1227 1805 Ἰσραὴλ,
1279 1732 1435 1786 τοῦτο
1475 1734 1586 1787 άπὸ
1635 1731 1732 1802 τῆς

184 1835 274 1885 ἐκεῖ
299 1829 582 1902 παροικίας
613 1829 1001 1900 κεκερδήκασι,
1036 1826 1096 1880 τὸ
1133 1825 1435 1896 εὐπορῆσαι
1467 1823 1732 1893 τοσαύτης

181 1921 285 1994 ὕλης
311 1889 484 1992 τιμίας
516 1889 601 1983 είς
632 1919 703 1976 τὰ
735 1889 995 1990 χρήσιμα.
1026 1917 1126 1986 τῆς
1153 1889 1408 1987 λατρείας
1439 1915 1533 1968 τοῦ
1571 1889 1728 1969 Θεοῦ.
1765 1889 1810 1949 Β

188 2014 293 2066 Ἀπὸ
320 2014 372 2066 δὲ
416 2012 723 2081 Αἰγυπτίου
775 2009 1072 2081 ἱματισμοῦ
1121 2011 1267 2074 εἰκὸς
1316 2008 1600 2078 γεγονέναι
1633 2007 1734 2060 ὅσα

183 2105 340 2177 ἐδεήθη
365 2104 561 2177 ἔργων,
598 2103 681 2167 ὡς
705 2101 989 2171 ὠνόμασεν
1037 2101 1069 2171 ἡ
1117 2101 1329 2172 Γραφὴ,
1363 2098 1731 2170 ραφιδευτῶν,

176 2196 482 2270 συρραπτῶν,
533 2196 651 2249 τῶν
690 2193 1030 2266 ραφιδευτῶν
1063 2192 1198 2263 μετὰ
1241 2192 1432 2261 σοφίας
1469 2190 1626 2253 Θεοῦ,
1668 2190 1738 2244 τὰ

176 2288 317 2342 τοιάδε
347 2287 537 2358 ἱμάτια
589 2288 711 2351 τοῖς
738 2284 961 2340 τοιοισδί
981 2325 996 2348 ,
1033 2283 1118 2337 ἵνα
1149 2283 1372 2355 γένηται
1406 2282 1476 2336 τὰ
1497 2299 1737 2336 καταπε-

172 2379 404 2449 τάσματα,
439 2378 536 2432 καὶ
575 2377 639 2432 αἱ
689 2375 854 2432 αὐλαὶ
897 2375 953 2427 αί
1032 2375 1286 2444 ἐσωτέρω
1331 2374 1426 2428 καὶ⁹
1463 2371 1732 2444 ἐξωτέρω.

175 2470 262 2523 Καὶ
313 2469 361 2521 τί
412 2486 480 2539 με
548 2468 672 2532 δεῖ,
732 2465 978 2536 ἀκαίρως
1049 2465 1515 2538 παρεκϐαίνοντα,
1568 2481 1739 2518 κατα-

176 2559 419 2624 σκευάζειν
450 2562 532 2625 είς
564 2561 675 2613 ὅσα
703 2556 950 2630 χρήσιμά
971 2558 1088 2610 ἐστι
1113 2557 1224 2620 τοῖς
1249 2558 1384 2622 υἱοῖς
1427 2556 1643 2629 Ἰσραὴλ
1668 2556 1737 2610 τὰ

174 2652 258 2704 ἀπὸ
281 2653 546 2720 Αἰγύπτου
604 2652 1152 2725 παραλαμϐανόμενα
1195 2647 1276 2714 οἷς
1303 2648 1590 2718 Αἰγύπτιοι
1637 2648 1735 2721 μὲν

174 2745 252 2796 οὐκ
272 2746 344 2806 εἰς
365 2744 479 2798 δέον
509 2743 786 2816 ἐχρῶντο,
833 2743 1076 2816 Ἑϐραῖοι
1115 2741 1173 2795 δὲ
1215 2741 1304 2795 διὰ
1344 2743 1443 2813 τὴν
1472 2740 1566 2794 τοῦ
1600 2739 1734 2794 Θεοῦ

175 2836 330 2905 σοφίαν
374 2839 453 2900 είς
498 2837 825 2891 οεοσέϐειαν
873 2839 1209 2910 ὲχρήσαντο;
1255 2827 1378 2889 Οἵδε
1428 2834 1531 2906 μέν
1579 2852 1660 2889 τοι
1700 2837 1733 2906 ἡ

170 2927 267 2982 θεία
291 2930 469 3002 Γραφὴ
518 2930 670 3002 πρὸς
713 2932 884 2984 κακοῦ
913 2929 1198 3000 γεγονέναι
1245 2929 1306 2982 τὸ
1342 2928 1452 2983 ἀπὺ
1484 2929 1585 3000 τῆς
1628 2929 1736 2999 γῆς

173 3020 257 3071 τιῖιν
280 3022 400 3074 υἱῶν
436 3022 669 3095 Ἰσραὴλ
714 3024 794 3086 είς
839 3023 1114 3092 Αἴγυπτον
1158 3021 1613 3092 καταϐεϐηκέναι,
1647 3023 1735 3076 al-

173 3112 445 3183 νισσομένή,
473 3115 559 3167 ὅτι
593 3115 713 3167 τισὶ
763 3113 900 3185 πρὸς
930 3114 1100 3168 κακοῦ
1130 3115 1342 3183 γίνεται
1374 3113 1435 3166 τὸ
1464 3114 1734 3186 παροικῆ-

173 3217 242 3254 σαι
259 3205 356 3268 τοῖς
385 3203 740 3273 Αἰγυπτίοις,
769 3203 1018 3258 τουτέστι
1043 3207 1157 3268 τοῖς
1191 3203 1284 3258 τοῦ
1315 3203 1520 3275 κόσμου
1559 3202 1734 3276 μαθή-

173 3311 278 3363 μασι
303 3296 434 3367 μετὰ
477 3297 543 3349 τὸ
576 3297 934 3368 ἐγγραφῆναι
985 3295 1064 3368 τῷ
1107 3297 1257 3368 νόμῳ
1299 3296 1395 3350 τοῦ
1450 3296 1608 3362 Θεοῦ,
1642 3297 1737 3350 καὶ

172 3390 222 3456 τῇ
277 3388 643 3459 Ἰσραηλιτικῇ
694 3389 775 3450 εἰς
803 3387 964 3440 αὐτὸν
998 3387 1285 3459 Θεραπεία.
1337 3386 1498 3461 Ἀδερ
1535 3387 1668 3457 γοῦν
1707 3389 1738 3440 ὁ

181 3477 433 3550 Ἰδουμαῖος
452 3478 599 3550 (16),
619 3478 745 3532 ὅσον
775 3478 875 3549 μὲν
901 3479 958 3532 ὲν
990 3481 1056 3549 τῇ
1086 3479 1157 3549 γῇ
1182 3477 1278 3531 τοῦ
1319 3478 1535 3551 Ἰσραὴλ
1551 3474 1640 3550 ἦν,
1662 3478 1735 3550 μὴ

171 3574 423 3643 γευόμενος
453 3573 566 3626 τῶν
599 3570 919 3640 Αἰγυπτίων
959 3568 1161 3642 ἄρτων,
1196 3569 1389 3622 εἴδωλα
1439 3565 1501 3618 οὐ
1561 3583 1726 3621 κατε“’

176 3663 424 3730 σκεύαζεν·
448 3664 541 3717 ὅτε
561 3663 630 3718 δὲ
647 3652 893 3734 ἀποδρὰς
913 3660 1009 3714 τὸν
1049 3659 1214 3730 σοφὸν
1241 3656 1564 3728 Σολομῶντα
1590 3674 1725 3710 κατε

171 3751 248 3823 ἔϐη
298 3755 371 3817 εἱς
410 3755 722 3822 Αἴγυπτον.
760 3753 836 3819 ὡς
877 3751 1118 3823 ἀποδρὰς
1168 3751 1277 3805 ἀπὸ
1316 3750 1415 3822 τῆς
1457 3747 1553 3802 τοῦ
1595 3747 1732 3801 Θεοῦ

172 3843 351 3912 σοφίας,
366 3845 645 3917 συγγενὴς
663 3845 854 3914 γέγονε
877 3844 954 3916 τῷ
968 3841 1169 3915 Φαραὼ
1184 3843 1366 3913 γήμας
1389 3841 1486 3912 τὴν
1505 3839 1736 3910 ἀδελφὴν

171 3937 251 4006 τῆς
274 3940 515 4006 γυναικὸς
546 3937 722 3992 αὑτοῦ
764 3937 857 3992 καὶ
905 3934 1234 3991 τεκνοποιῶν
1270 3935 1362 3988 τὸν
1405 3933 1736 4005 τρεφόμενον

173 4027 342 4094 μεταξὺ
371 4031 476 4082 τῶν
515 4030 734 4084 παίδων
765 4029 860 4084 τοῦ
882 4027 1102 4100 Φαραώ.
1136 4027 1337 4097 Διόπερ
1363 4025 1410 4079 εἰ
1434 4025 1531 4078 καὶ
1562 4025 1737 4079 ὲπαν-

170 4120 392 4191 ελὴλυῡεν
431 4127 514 4189 εἰς
574 4123 680 4194 τὴν
711 4121 815 4194 γῆν
854 4121 1089 4194 Ἰσραὴλ,
1123 4121 1216 4174 ἐπὶ
1242 4122 1303 4175 τὸ
1334 4118 1606 4191 διασχίσαι
1645 4118 1736 4172 τὸν

171 4209 275 4264 λαὸν
309 4214 393 4266 τοῦ
449 4214 596 4269 Θεοῦ
658 4213 1048 4286 ἐπανελήλυθε,
1100 4214 1198 4267 καὶ
1253 4214 1480 4284 ποιῆσαι
1539 4212 1736 4274 αὐτοὺς

171 4305 313 4358 εἰπεῖν
339 4307 429 4360 ἐπὶ
464 4310 535 4380 τῇ
568 4310 753 4379 χρυσῇ
798 4307 1061 4379 δαμάλει”
1098 4327 1116 4358 ι
1157 4302 1318 4361 Οὗτοί
1348 4309 1486 4360 εἰσιν
1532 4308 1580 4359 oi
1624 4303 1736 4358 Θεοί

175 4409 272 4458 σου,
306 4398 620 4470 Ίσραὴλ,,οί
653 4399 1030 4468 ἀναγαγόντες
1058 4416 1116 4452 σε
1151 4400 1216 4453 ὲκ
1246 4399 1349 4470 γῆς
1384 4397 1678 4466 Αἰγύπτου.
1711 4416 1729 4449 ι

172 4488 312 4558 Κάγὼ
341 4490 398 4544 δὲ
429 4496 495 4564 τῇ
539 4491 719 4564 πείρα
751 4491 938 4562 μαθὼν
979 4492 1187 4563 εἴποιμ’
1225 4492 1291 4547 ἄν
1337 4509 1442 4555 σοι,
1483 4493 1566 4545 ότι
1598 4491 1736 4544 σπά-

1829 719 1884 774 in
1931 733 2036 788 qua
2085 715 2381 786 repositum
2437 718 2557 768 erat
2591 723 2813 774 manna,
2856 707 3014 776 panis
3059 705 3402 776 angelorum.

1830 809 1957 866 Haec
2002 809 2164 880 igitur
2191 823 2257 862 ex
2306 805 2511 876 optimo
2543 800 2921 872 Egyptiorum
2969 814 3103 855 auro
3155 797 3404 855 confecta

1834 904 2002 959 fuisse
2022 896 2322 956 verisimile
2351 905 2472 960 est;
2523 908 2554 948 e
2585 891 2822 962 quodam
2852 901 3033 945 autem
3081 890 3403 945 secundario

1833 993 1953 1049 auri
2005 1003 2204 1062 genere
2255 985 2487 1042 solidum
2539 980 2926 1038 candelabrum
2981 979 3141 1050 plane
3179 994 3404 1035 aureum

1833 1099 2000 1157 prope
2036 1081 2266 1138 interius
2306 1077 2506 1140 velum,
2543 1083 2598 1129 et
2635 1073 2901 1127 lucernas
2944 1073 3044 1141 ipsi
3097 1072 3405 1142 impositas,

1831 1185 1887 1234 et
1926 1189 2169 1232 mensam
2201 1184 2420 1225 auream
2466 1167 2517 1220 in
2549 1179 2654 1233 qua
2685 1172 2842 1218 erant
2878 1177 3046 1242 panes
3077 1163 3410 1234 propositio-

1833 1273 1938 1339 nis,
1977 1279 2032 1326 et
2081 1269 2224 1323 inter
2257 1274 2548 1331 utrumque
2583 1257 2918 1314 lhuribulum
2967 1271 3215 1310 aureum.
3252 1255 3406 1322 Quod

1835 1365 1880 1419 si
1917 1361 2134 1417 tertium
2160 1367 2215 1415 et
2237 1365 2494 1427 quartum
2525 1350 2741 1422 aliquod
2787 1364 2982 1404 aurum
3027 1347 3149 1416 fuit,
3199 1363 3269 1402 ex
3318 1347 3410 1402 illo

1834 1455 2066 1511 conﬂata
2104 1459 2233 1506 sunt
2283 1463 2412 1505 vasa
2459 1461 2636 1510 sacra,
2674 1452 2729 1499 et
2758 1457 2825 1498 ex
2880 1451 3107 1512 argento
3151 1438 3410 1510 Egyptio

1836 1551 1940 1604 alia
1976 1548 2223 1604 confecta
2264 1552 2411 1600 sunt.
2453 1541 2748 1612 Egyptum
2791 1537 2935 1593 enim
2983 1535 3283 1592 incolentes
3316 1533 3413 1589 ﬁlii

1835 1641 2000 1698 Israel
2033 1641 2084 1695 id
2135 1655 2200 1694 ex
2252 1637 2341 1693 illa
2378 1634 2716 1691 habitatione
2751 1629 2888 1685 lucri
2941 1634 3318 1698 reportarunt,
3351 1633 3414 1680 ut

1837 1743 1948 1789 tam
1984 1733 2221 1804 pretiosa
2274 1729 2502 1784 materia
2543 1727 2888 1784 abundarent
2934 1723 3002 1778 ad
3032 1720 3201 1776 divini
3235 1719 3416 1774 cultus

1837 1839 2018 1880 usum.
2050 1823 2092 1877 Ε
2124 1822 2366 1876 vestibus
2401 1828 2580 1875 autem
2608 1814 2991 1888 Egyptiorum
3022 1811 3212 1869 effecta
3246 1810 3417 1866 fuisse

1837 1914 2099 1970 credibile
2148 1923 2270 1978 est,
2327 1924 2668 1982 quacunque
2717 1909 3068 1978 indiguerunt
3106 1917 3293 1974 opere,
3357 1912 3418 1956 ut

1836 2009 2084 2063 nominat
2131 2005 2438 2074 Scriptura,
2489 2017 2590 2058 acu
2640 2001 2978 2073 piugentium
3026 2008 3084 2055 et
3138 2011 3415 2054 consueu-

1838 2103 1997 2168 tium,
2029 2115 2129 2156 aeu
2162 2098 2502 2170 pingentium
2532 2111 2656 2154 eum
2703 2096 2800 2150 Dei
2849 2093 3136 2163 sapientia,
3182 2093 3296 2148 haec
3326 2089 3417 2145 illa

1836 2195 2157 2250 vestimenta
2209 2193 2295 2248 his
2351 2190 2459 2246 illis
2511 2189 2720 2254 modis,
2781 2196 2842 2243 ut
2897 2189 3092 2242 ﬁerent
3143 2182 3416 2240 velamina

1837 2287 2086 2357 atriaque
2145 2285 2407 2340 interiora
2451 2293 2507 2340 et
2557 2281 2852 2337 exteriora.
2891 2279 3091 2335 Verum
3151 2276 3284 2348 quid
3332 2291 3420 2332 me

1838 2381 2035 2436 attinet
2071 2377 2451 2448 intempestiva
2481 2375 2822 2446 digressione
2862 2371 3140 2443 explicare
3186 2379 3322 2441 quot
3364 2379 3421 2426 ct

1837 2481 2071 2541 quantos
2128 2483 2260 2523 usus
2329 2466 2595 2523 Israelitis
2642 2463 2980 2536 praebuerint
3037 2461 3419 2534 [Egyptiorum

1837 2562 2005 2633 spolia
2033 2555 2231 2632 quibus
2269 2560 2324 2616 hi
2360 2558 2502 2615 male
2545 2558 2872 2622 utebantur;
2913 2553 3125 2610 Hebraei
3159 2568 3290 2609 vero
3322 2551 3420 2608 Dei

1838 2655 2104 2725 sapientia
2154 2652 2384 2708 instituti
2437 2651 2506 2707 ad
2559 2649 2801 2705 divinum
2855 2649 3060 2704 cultum
3117 2645 3202 2702 usi
3256 2645 3420 2701 sunt?

1840 2749 1995 2806 Solet
2028 2757 2209 2803 tamen
2231 2747 2414 2802 divina
2444 2745 2731 2816 Scriptura
2757 2757 2788 2799 e
2817 2751 2962 2797 terra
2989 2739 3222 2796 ﬁliorum
3251 2737 3421 2794 Israel

1839 2841 1891 2895 in
1927 2838 2217 2912 Egyptum
2246 2841 2565 2894 descensum
2597 2838 2650 2892 in
2682 2835 2841 2891 malis
2875 2847 3100 2905 ponere,
3131 2832 3294 2887 tacite
3323 2831 3413 2884 in-

1837 2948 2009 2989 nuens
2057 2932 2380 3004 quibusdam
2427 2931 2630 2986 malum
2677 2943 2798 2985 esse
2833 2925 3042 2982 versari
3089 2939 3215 2980 cum
3252 2923 3421 2993 Egy-

1835 3029 1986 3098 ptiis,
2043 3028 2150 3083 hoc
2197 3035 2304 3092 est,
2340 3041 2464 3081 cum
2516 3023 2702 3080 mundi
2758 3021 3082 3092 disciplinis,
3131 3027 3418 3089 postquam

1837 3121 1939 3192 legi
1975 3119 2070 3174 Dei
2114 3133 2309 3172 nomen
2364 3117 2639 3181 dederint,
2687 3124 2746 3169 et
2788 3112 3104 3169 Israelitica:
3152 3111 3203 3165 in
3251 3109 3421 3163 Deum

1837 3211 2054 3282 pietati.
2079 3209 2226 3264 Ader
2255 3217 2406 3264 certe
2429 3205 2768 3269 Idumazus“,
2799 3205 3038 3275 quandiu
3069 3202 3171 3258 fuit
3195 3201 3249 3256 in
3275 3209 3422 3257 terra

1839 3300 2029 3366 Israel,
2065 3313 2166 3355 nec
2207 3297 2453 3366 gustavit
2483 3294 2868 3366 Egyptiorum
2901 3309 3091 3366 panes,
3139 3292 3281 3348 idola
3313 3305 3422 3347 non

1839 3393 2140 3449 fabricatus
2173 3399 2289 3459 est;
2319 3404 2440 3445 cum
2471 3404 2603 3443 vero
2629 3405 2658 3444 a
2687 3389 2933 3460 sapiente
2981 3387 3276 3443 Salomone
3309 3399 3412 3438 au-

1839 3483 2051 3555 fugiens
2081 3483 2358 3539 descendit
2389 3482 2442 3536 in
2468 3481 2783 3553 ngyptum,
2820 3479 2966 3536 velut
3001 3479 3214 3550 fugiens
3247 3494 3276 3532 a
3311 3476 3409 3532 Dei

1839 3575 2134 3648 sapientia,
2189 3589 2312 3629 cum
2354 3573 2640 3630 Pharaone
2691 3572 3011 3627 afﬁnitatem
3059 3571 3202 3634 iniit,
3260 3571 3421 3624 ducta

1838 3667 2030 3722 uxoris
2063 3665 2234 3735 ipsius
2277 3679 2494 3730 sorore,
2546 3672 2602 3719 et
2632 3670 2922 3734 procreato
2965 3675 3034 3715 ex
3072 3674 3139 3714 ea
3173 3657 3286 3720 ﬁlio
3329 3658 3424 3727 qui

1839 3758 1984 3814 inter
2014 3756 2319 3812 Pharaonis
2368 3755 2574 3812 liberos
2621 3755 2893 3812 educatus
2944 3760 3048 3809 est.
3085 3751 3286 3818 Quare,
3319 3750 3424 3805 etsi

1841 3851 1896 3906 in
1934 3859 2135 3904 terram
2174 3846 2344 3903 Israel
2377 3862 2631 3904 reversus
2671 3855 2780 3914 est,
2833 3847 2889 3901 in
2927 3846 2981 3902 id
3013 3858 3270 3902 reversus
3314 3855 3420 3906 est.

1838 3952 1898 3997 ut
1946 3941 2040 3998 Dei
2091 3941 2349 4011 populum
2385 3939 2677 4005 divideret,
2710 3953 2886 4009 eoque
2929 3936 3212 3992 induceret
3241 3938 3312 4001 tut
3356 3937 3424 3991 de

1839 4049 2005 4090 aurea
2034 4034 2202 4089 vitula
2231 4034 2441 4089 diceret
2475 4049 2490 4087 :
2531 4051 2551 4085 ι
2594 4029 2658 4086 Hi
2689 4042 2816 4087 sunt
2849 4030 2925 4086 dii
2979 4031 3076 4098 tui,
3108 4029 3299 4094 Israel,
3327 4028 3422 4101 qui

1837 4125 2146 4181 eduxerunt
2194 4135 2245 4182 te
2285 4126 2355 4181 de
2389 4134 2536 4180 terra
2585 4124 2806 4196 Egypti
2854 4123 2924 4183 ".
2981 4143 3003 4179 ι
3046 4123 3126 4179 Ac
3157 4137 3257 4194 ego
3289 4137 3425 4177 sane

1837 4219 2174 4288 experientia
2207 4219 2402 4274 doctus
2435 4216 2822 4274 aﬁirmaverim
2871 4232 3077 4290 paucos
3125 4217 3423 4273 admodum

1839 4311 2072 4367 inveniri
2103 4313 2194 4382 qui
2244 4312 2520 4384 perceptis
2568 4309 2792 4384 Egypti
2843 4311 3193 4375 utilitatibus,
3236 4325 3306 4367 ex
3354 4325 3423 4366 ea

1836 4405 2047 4473 egressi
2076 4405 2206 4472 sint,
2243 4414 2298 4460 et
2327 4419 2448 4476 quae
2479 4406 2546 4461 ad
2583 4406 2676 4460 Dei
2713 4404 2919 4461 cultum
2945 4403 3243 4473 pertinent,
3281 4417 3421 4457 con-

1837 4499 2152 4566 stituerint;
2208 4501 2411 4556 multos
2442 4515 2574 4556 vero
2599 4513 2720 4557 esse
2758 4499 2905 4555 Ader
2934 4499 3158 4554 Idumaei
3196 4495 3422 4551 fratres.

171 4594 260 4642 νιος
289 4582 377 4650 μὲν
422 4585 452 4636 ὁ
485 4584 564 4637 τὰ
597 4585 870 4655 ’χρήσιμα
915 4583 1014 4655 τῆς
1062 4583 1342 4652 Αἰγύπτου
1385 4582 1585 4648 λαϐὼν,
1636 4582 1730 4636 καὶ

1839 4587 1899 4642 Hi
1955 4597 2084 4643 sunt
2133 4590 2226 4659 qui
2277 4606 2308 4646 e
2337 4589 2527 4646 Graeca
2561 4589 2795 4661 quadam
2859 4589 3080 4645 solertia
3130 4588 3426 4643 haereticas

173 4669 365 4736 ἐξελθὼν
424 4676 661 4747 ταύτης,
709 4677 804 4729 καὶ
857 4676 1278 4739 κατασκευάσας
1328 4675 1396 4729 τὰ
1445 4675 1584 4746 πρὸς
1634 4674 1736 4744 τὴν

170 4760 386 4833 λατρείαν
412 4767 508 4820 τοῦ
536 4764 710 4819 Θεοῦ·
750 4765 916 4830 πολὺς
941 4766 999 4819 δὲ
1038 4768 1066 4820 ό
1099 4765 1192 4819 τοῦ
1235 4767 1537 4837 Ἰδουμαίου
1572 4765 1736 4836 Ἀδερ

172 4854 377 4924 ἀδελφός.
403 4853 572 4914 Οὗτοι
605 4858 663 4912 δέ
695 4859 833 4911 εἰσιν
860 4860 909 4912 οἱ
941 4859 1050 4913 ἀπό
1087 4876 1232 4923 τινος
1281 4856 1600 4930 Ἑλληνικῆς
1645 4860 1734 4912 ὲν-

171 4951 384 5017 τρεχείας
419 4951 684 5025 αἱρετικὰ
715 4953 1080 5024 γεννήσαντες
1111 4953 1390 5024 νοήματα,
1433 4952 1530 5004 καὶ
1573 4950 1736 5004 οἱονεὶ

171 5039 392 5112 δαμάλεις
419 5047 633 5118 χρυσᾶς
670 5045 1181 5109 κατασκευάσαντες
1218 5046 1276 5098 ἐν
1308 5045 1544 5116 Βαιθήλο
1579 5044 1607 5097 ὃ
1638 5045 1730 5115 ἑρ-

175 5137 427 5204 μηνεύεται
450 5133 622 5205 οἶκος
657 5139 834 5195 Θεοῦ.
862 5140 1020 5192 Δοκεῖ
1043 5138 1100 5192 δέ
1139 5154 1230 5209 μοι
1267 5137 1364 5192 καὶ
1403 5137 1494 5192 διὰ
1524 5136 1729 5190 τούτων

170 5225 347 5296 ὁλόγος
376 5231 740 5295 αἰνίσσεσθαι,
769 5232 850 5284 ὅτι
879 5231 946 5286 τά
975 5231 1080 5285 ἴδια
1106 5230 1508 5301 ἁναπλάσματα
1535 5227 1730 5299 ἀνέθη-

175 5335 254 5369 καν
274 5324 384 5386 ταῖς
409 5323 657 5395 Γραφαῖς
685 5325 746 5377 ἐν
774 5317 865 5386 αἷς
889 5325 1030 5377 οἰκεῖ
1077 5323 1237 5392 λόγος
1265 5321 1424 5387 Θεοῦ,
1452 5320 1728 5394 τροπικῶς

175 5404 342 5482 Βαιθὴλ
379 5415 767 5488 καλουμέναις.
810 5415 884 5467 Τὸ
916 5413 962 5468 δ’
987 5414 1116 5470 ἄλλο
1151 5413 1488 5485 ἁνάπλασμα
1529 5413 1587 5466 ἐν
1620 5412 1726 5465 Δὰν

175 5499 310 5567 φησὶν
345 5503 373 5554 ὁ
417 5505 575 5574 λόγος
618 5505 1020 5561 άνατεθεῖσθαι.
1069 5506 1175 5560 Τοῦ
1227 5507 1283 5560 δὲ
1334 5506 1442 5560 Δάν
1482 5505 1553 5559 τὰ
1606 5507 1729 5577 ὅρια

175 5587 421 5648 τελευταῖα
466 5599 600 5665 ὲστι,
640 5599 738 5651 καὶ
772 5597 938 5668 ἐγγὺς
977 5596 1088 5651 τῶν
1131 5597 1364 5652 ἐθνικῶν
1405 5598 1604 5670 ὁρίωνν
1653 5598 1730 5662 ὡς

231 5707 269 5739 ⁸⁸
299 5709 358 5763 III
381 5710 520 5784 Reg.
566 5730 628 5782 ιι,
671 5712 766 5769 II.
847 5713 892 5746 ⁴⁹
933 5713 1110 5770 Exod.
1139 5731 1303 5782 χχχιι,
1349 5717 1403 5771 4.

191 5912 200 5922 ,
221 5845 323 5922 (Ῑθ)
361 5845 534 5922 Ἄδερ
571 5848 750 5922 Ῥοτῖν,
777 5850 808 5901 ό
853 5847 1194 5922 “maxime,
1226 5862 1334 5908 etc.
1374 5852 1722 5922 Confundere

161 5913 346 5969 videtur
364 5917 480 5978 hoc
494 5913 627 5978 loco
656 5915 924 5990 Origenes
967 5913 1115 5979 ﬁdet
1144 5913 1240 5979 seu
1267 5923 1422 5980 Adad
1470 5939 1592 5980 cum
1635 5920 1726 5979 Je-

1833 4677 2120 4748 opinioues
2169 4688 2479 4750 genuerunt.
2523 4689 2580 4735 et
2620 4696 2723 4736 ceu
2771 4678 2976 4734 vitulas
3005 4679 3270 4749 quasdam
3317 4692 3419 4733 au-

1835 4785 1960 4827 reas
2006 4771 2258 4828 fabricati
2305 4783 2434 4828 sunt
2485 4773 2538 4828 in
2593 4771 2805 4840 Bethel,
2851 4786 2974 4842 quae
3023 4771 3426 4841 interpretatur

1834 4864 2022 4919 domus
2063 4863 2187 4922 Dei.
2230 4865 2327 4920 Ilis
2361 4865 2491 4920 mihi
2540 4863 2648 4936 32
2691 4864 2909 4920 videtur
2951 4862 3116 4920 tacite
3163 4863 3422 4927 indicari,

1834 4971 1934 5010 sua
1965 4971 2061 5012 eos
2099 4964 2414 5012 commenta
2467 4955 2746 5013 aﬁinxisse
2791 4957 3091 5028 Scripturis
3137 4955 3190 5010 in
3223 4954 3424 5024 quibus

1838 5048 1931 5103 Dei
1985 5051 2211 5106 verbum
2267 5051 2498 5117 habitat,
2538 5063 2593 5107 et
2643 5066 2763 5120 quae
2817 5052 3027 5123 tropice
3074 5049 3426 5120 appellantur

1836 5138 2046 5196 Bethel.
2077 5141 2346 5196 Caeterum
2380 5142 2525 5197 aliud
2565 5143 2880 5212 ﬁgmentum
2930 5145 3008 5198 ait
3039 5141 3326 5212 Scriptura
3361 5140 3418 5195 in

1838 5231 1951 5286 Dan
1989 5235 2284 5302 repositum
2339 5235 2526 5290 fuisse.
2581 5235 2745 5291 Fines
2798 5251 2962 5306 porro
3013 5235 3126 5290 Dan
3181 5235 3412 5290 extremi

1837 5335 1965 5380 sunt
1994 5336 2048 5380 et
2086 5327 2136 5380 in
2185 5327 2425 5382 conﬁnio
2456 5329 2721 5397 gentium,
2753 5337 2813 5383 ιιι
2842 5335 3057 5383 constat
3097 5341 3166 5382 ex
3204 5327 3269 5380 iis
3295 5340 3419 5395 qua

1836 5419 1890 5473 in
1930 5417 2069 5474 libro
2092 5417 2220 5474 Jesu
2258 5418 2404 5476 Nave
2431 5421 2636 5492 scripta
2666 5431 2818 5476 sunt.
2861 5421 3002 5477 Sunt
3029 5419 3195 5491 igitur
3233 5419 3419 5474 vicina

1839 5510 2036 5566 ﬁnibus
2064 5514 2308 5582 gentium
2341 5517 2591 5584 qmedam
2637 5530 2702 5568 ex
2751 5516 2819 5571 iis
2865 5513 3142 5583 ﬁgmentis
3186 5526 3326 5582 quae,
3356 5517 3418 5564 ut

1841 5605 2216 5674 exposuimus,
2244 5606 2440 5662 fratres
2469 5607 2614 5662 Ader
2647 5609 2941 5661 tinxerunt.

1833 5849 2080 5908 roboam.
2134 5847 2340 5904 Confer
2371 5856 2537 5918 caput
2579 5846 2929 5918 undecimum
2962 5843 3086 5918 libri
3117 5842 3260 5904 tertii
3288 5841 3399 5902 Bc-

1836 5939 1961 5995 gum
1993 5936 2118 5980 cum
2154 5919 2394 5992 ejusdem
2427 5915 2552 5977 libri
2590 5918 2767 5990 capite
2792 5915 3132 5975 duodecimo.
