3992 6582
212 439 271 492 95
1050 433 1139 488 EX
1178 431 1400 487 LIBRIS
1439 431 1759 488 ORIGENIS
1798 431 1884 486 DE
1924 426 2520 483 RESURRECTIONE.
3227 473 3235 480 .
3344 417 3418 487 94

207 545 322 601 riter
347 560 457 598 cum
485 545 667 600 anima
708 550 1143 618 persecutionum
1188 549 1442 602 toleravit
1468 562 1606 602 saeva
1637 558 1746 601 tor—
1778 554 1820 610 Α
1853 545 2070 614 praemia
2102 555 2491 613 consequatur,
2524 547 2796 613 quomodo
2838 560 2942 599 non
2976 559 3164 602 contra
3199 562 3418 602 omnem

207 644 379 698 menta,
399 652 687 692 carcerum
711 655 921 710 quoque
948 655 1010 693 ac
1033 640 1375 694 vinculorum
1394 650 1445 693 et
1461 641 1744 693 verberum

205 725 434 796 supplicia
469 730 723 796 pertulit,
767 732 888 798 igne
921 733 1085 783 etiam
1117 732 1449 796 cruciatum,
1479 730 1620 782 ferro
1646 744 1749 782 cae-

202 837 300 875 Slllll
344 830 446 886 est,
485 820 720 890 insuper
751 836 803 876 et
837 822 1141 876 bestiarum
1193 833 1450 877 cruentos
1492 838 1706 876 morsus
1730 860 1742 883 ,

200 910 349 963 crucis
384 911 650 978 patibula,
701 928 762 967 ac
803 914 1018 968 diversa
1057 927 1338 983 poenarum
1389 928 1585 982 genera
1618 929 1734 982 per-

199 1017 386 1070 pessum
415 1011 520 1066 est,
557 1011 839 1058 tantorum
870 1007 1236 1060 certaminum
1264 1005 1504 1074 prtemiis
1531 1003 1745 1059 defrau-

197 1093 371 1145 detur?
413 1093 628 1161 Quippe
658 1096 703 1149 si
745 1096 860 1152 sola
904 1097 1082 1150 anima
1120 1112 1239 1165 qua:
1276 1113 1384 1151 non
1418 1096 1529 1151 sola
1559 1104 1743 1149 certa-

195 1185 331 1247 verit,
369 1198 694 1250 coronetur,
722 1197 772 1242 et
811 1190 1057 1256 corporis
1098 1191 1179 1242 sui
1215 1189 1492 1242 vaseulum
1527 1189 1670 1256 quod
1696 1187 1742 1239 ei

196 1289 293 1328 cum
317 1291 502 1345 magno
531 1277 727 1334 labore
758 1281 1007 1344 servivit,
1037 1281 1180 1334 nulla
1205 1281 1391 1350 agonis
1417 1292 1470 1334 et
1497 1280 1740 1335 victoria:

1857 636 2120 689 rationem
2152 650 2276 689 esse
2317 635 2540 689 videtur
2566 678 2580 701 ,
2617 645 2674 690 ut
2702 638 3042 692 naturalibus
3071 639 3222 693 vitiis
3253 646 3420 710 atque

1855 725 2111 794 ingenita:
2166 725 2376 780 libidini
2417 737 2639 796 propter
2668 727 2944 782 Christum
2975 745 3103 783 caro
3135 731 3419 793 resistens,

1853 826 1906 870 et
1938 816 2304 884 virginitatem
2357 818 2614 872 obtinens
2663 835 2786 872 cum
2831 820 3035 888 ingenti
3084 821 3288 885 labore,
3330 824 3421 892 qui

1853 909 2204 962 continentiae
2269 910 2422 963 labor
2454 911 2638 979 utique
2667 920 2762 963 aut
2786 911 2959 981 major
2989 913 3238 982 corporis
3261 929 3420 982 quam

1854 1002 2050 1056 auimze
2078 1011 2181 1065 est,
2230 1011 2326 1054 aut
2372 1012 2522 1055 certe
2561 1004 2841 1072 utriusque
2872 1005 3098 1074 tequalis
3147 1014 3250 1068 est,
3281 1019 3421 1074 prte-

1856 1095 2369 1163 miorum'tempore
2397 1094 2567 1147 altera
2602 1095 2744 1148 velut
2766 1096 2985 1159 indigna
3017 1096 3315 1164 rejiciatur,
3345 1095 3425 1148 al-

1856 1195 1966 1238 tera
1992 1187 2173 1239 veniat
2205 1187 2269 1240 ad
2297 1186 2590 1240 coronam?
2619 1186 2750 1252 Quae
2776 1202 2860 1241 res
2894 1189 3012 1242 sine
3037 1188 3197 1242 dubio
3230 1197 3323 1240 aut
3342 1187 3426 1240 in-

1847 1276 2074 1344 justitia:
2101 1277 2331 1347 alicujus
2360 1278 2549 1343 Deum,
2573 1288 2666 1331 aut
2702 1278 3154 1346 impossibilitatis
3176 1286 3418 1333 accusat.

581 1482 698 1555 34
721 1477 834 1538 EX
882 1477 1119 1539 LlBRO
1162 1477 1524 1540 SECUNDO
1569 1481 1944 1543 ORIGENIS
1992 1480 2092 1541 DE
2143 1481 2805 1543 RESURRECTIONE
2852 1480 2994 1560 (18).

246 1571 342 1628 Nos
368 1589 496 1629 vero
532 1586 664 1645 post
694 1579 1102 1647 corruptionem
1127 1580 1312 1633 mundi
1342 1582 1561 1634 eosdem
1598 1584 1743 1651 ipsos

199 1664 382 1718 futuros
411 1678 534 1718 esse
589 1667 850 1720 homines
898 1668 1170 1733 dicimus,
1227 1669 1353 1724 licet
1401 1688 1509 1725 non
1555 1674 1742 1727 eodem

191 1766 327 1820 statu,
367 1771 544 1826 neque
583 1759 642 1812 in
684 1760 878 1814 iisdem
917 1762 1290 1830 passionibus.
1321 1762 1435 1817 Non
1467 1765 1610 1819 enim
1641 1766 1744 1821 ite-

193 1865 286 1902 rum
308 1863 369 1903 ex
395 1853 767 1906 conventione
791 1853 892 1905 viri
917 1862 972 1906 et
996 1854 1239 1908 mulieris
1260 1865 1442 1920 erunt,
1475 1857 1568 1912 sed
1595 1859 1743 1914 verbi

191 1941 356 2012 gratia,
388 1956 447 1996 ea
511 1944 662 1997 ratio
721 1960 841 2014 quae
876 1946 1125 1999 continet
1180 1947 1328 2001 Pauli
1386 1950 1746 2003 substantiam

189 2031 335 2101 (Pauli
364 2042 548 2088 autem
583 2050 736 2089 nunc
767 2035 891 2089 dico
917 2035 1242 2107 corporalis)
1267 2037 1415 2092 salva
1443 2047 1744 2106 permanet;

189 2134 350 2178 etcum
371 2123 608 2179 voluerit
633 2125 780 2181 Deus
803 2130 1104 2182 secundum
1130 2144 1193 2182 ea
1213 2145 1331 2198 qua:
1347 2131 1487 2184 dicta
1507 2139 1631 2184 sunt
1655 2147 1749 2201 per

190 2225 562 2270 sacramentum
597 2217 865 2272 tubarum
907 2221 959 2272 in
985 2220 1275 2274 novissima
1327 2223 1452 2276 tuba
1482 2222 1664 2278 facere
1693 2231 1750 2276 ut

188 2306 359 2361 mortui
385 2319 710 2377 resurgant,
733 2326 833 2380 per
852 2311 996 2366 illam
1026 2313 1197 2381 ipsam
1221 2313 1638 2369 substantialem
1666 2331 1750 2368 ra-

189 2401 358 2452 tionem
378 2415 499 2469 quie
522 2401 685 2455 salva
711 2415 1014 2471 permanet,
1040 2405 1105 2458 de
1137 2414 1295 2459 teme
1331 2405 1554 2474 pulvere
1575 2407 1750 2462 susci-

189 2497 348 2544 tantur
383 2506 410 2541 a
444 2493 692 2548 mortuis
722 2509 788 2548 ex
823 2496 1078 2551 omnibus
1106 2496 1242 2551 locis
1294 2497 1328 2550 ii
1376 2498 1577 2567 quibus
1608 2499 1749 2553 ratio

189 2581 261 2635 illa
289 2583 609 2639 substantiae
641 2587 951 2657 corporalis
977 2588 1032 2642 in
1067 2588 1202 2656 ipsis
1253 2590 1577 2658 corporibus
1622 2605 1748 2660 per-

189 2675 448 2742 manebat,
482 2692 611 2745 qure
673 2679 725 2731 in
783 2689 982 2732 terram
1023 2683 1272 2749 prolapsa
1327 2679 1416 2735 Dei
1473 2680 1749 2736 voluntate

189 2764 354 2818 iterum
405 2770 778 2822 suscitantur.
828 2770 892 2823 Et
924 2770 1025 2827 hoc
1081 2772 1317 2827 arbitror
1361 2785 1608 2825 asserere
1659 2787 1748 2825 vo-

187 2856 357 2912 lentem
408 2861 620 2915 dixisse
677 2862 993 2930 Apostolum
1055 2863 1108 2916 in
1164 2863 1336 2933 prima
1387 2863 1624 2932 Epistola
1681 2862 1746 2914 ad

188 2949 490 3006 Corinthios.
548 2951 696 3006 Post
747 2955 1108 3008 assertionem
1145 2955 1288 3008 enim
1326 2955 1748 3008 resurrectiOuis

192 3052 524 3107 mortuorum,
559 3059 694 3098 cum
733 3045 1111 3113 proposuisset
1146 3045 1245 3099 sibi
1286 3061 1346 3098 ea
1374 3061 1492 3114 qua:
1525 3054 1748 3114 possent

1853 1595 2188 1639 mortuorum
2218 1586 2282 1638 de
2316 1586 2667 1655 hoccorpore
2699 1587 2770 1642 sit
2791 1587 2933 1656 quod
2963 1595 3230 1641 mortuum
3262 1585 3428 1642 relin-

1851 1675 2051 1740 quitur,
2071 1683 2270 1728 sanclze
2291 1673 2586 1742 Scriptura;
2609 1675 2791 1730 multis
2807 1674 2978 1729 modis
2994 1677 3094 1729 hoc
3109 1675 3422 1732 ostendunt.

1783 1803 1821 1856 Β
1854 1762 1957 1817 Sed
1990 1773 2044 1816 et
2076 1765 2190 1832 ipsa
2228 1765 2330 1819 hoc
2362 1765 2573 1819 Domini
2608 1765 2789 1820 nostri
2819 1764 2945 1819 Jesu
2983 1765 3184 1819 Christi
3238 1781 3422 1820 resur-

1853 1859 2020 1912 rectio
2042 1859 2304 1928 declarat,
2329 1863 2416 1930 qui
2436 1862 2514 1932 pri
2528 1863 2829 1933 mogenitus
2848 1879 2913 1918 ex
2938 1865 3166 1919 mortuis
3197 1865 3422 1920 dicitur.

1922 1946 2050 2002 Post
2081 1952 2192 2004 lucc
2220 1953 2536 2020 quibusdam
2564 1969 2656 2020 per
2681 1953 2909 2006 medium
2944 1955 3105 2009 latius
3141 1957 3422 2024 disputatis

2318 2041 2511 2110 adjecit
2538 2041 2699 2096 etiam
2726 2043 2830 2095 ista
2860 2058 2878 2096 :

1852 2132 2005 2187 Sicut
2035 2135 2178 2189 enim
2206 2135 2326 2205 plus
2360 2136 2525 2190 habet
2555 2137 2734 2190 omnis
2760 2137 3105 2192 rationabilis
3128 2137 3309 2190 anima
3338 2137 3423 2191 his

1850 2241 1972 2294 quze
2008 2226 2089 2279 vel
2121 2228 2429 2295 crescendi,
2460 2226 2542 2282 vel
2577 2228 2875 2294 nutriendi,
2912 2230 2994 2281 vel
3028 2239 3209 2283 motus
3255 2229 3423 2284 solius

1851 2319 2082 2372 ollieium
2143 2320 2404 2375 exhibere
2455 2320 2756 2376 dicuntur:
2805 2322 2886 2376 sic
2927 2337 2987 2375 ea
3022 2323 3161 2377 ratio
3213 2337 3333 2390 qum
3370 2323 3423 2374 in

1853 2407 2090 2462 humano
2133 2425 2361 2479 corpore
2399 2419 2502 2475 est,
2537 2409 2708 2463 multo
2739 2409 2975 2478 amplius
3009 2411 3206 2474 habet,
3261 2426 3420 2478 quam

1852 2515 1969 2568 qum
2003 2500 2054 2553 in
2099 2501 2323 2570 reliquis
2354 2511 2438 2555 est
2471 2501 2825 2571 corporibus,
2865 2516 2929 2555 ex
2980 2516 3044 2555 eo
3073 2501 3214 2571 quod
3257 2504 3420 2555 etiam

1851 2607 1972 2645 cum
2001 2602 2311 2656 corruptmn
2345 2592 2511 2646 fuerit
2533 2609 2735 2663 corpus
2766 2594 3086 2656 lmmanum,
3120 2591 3425 2647 subsistere

1853 2697 2064 2734 rursum
2099 2693 2277 2750 potest
2326 2683 2418 2736 Dei
2459 2684 2664 2738 virtute
2717 2694 3102 2739 conservatmu
3154 2692 3208 2737 et
3242 2690 3420 2737 custo-

1850 2772 2024 2826 ditum
2056 2788 2226 2841 usque
2277 2776 2340 2826 ad
2382 2773 2804 2828 resurrectionis
2854 2789 2966 2828 sua:
3002 2783 3236 2842 tempus.
3265 2773 3421 2839 Quod

1852 2875 2026 2917 autem
2065 2866 2371 2932 ubicunque
2403 2865 2590 2927 fuerit,
2626 2865 2969 2929 restituatur,
2997 2865 3047 2918 id
3073 2874 3156 2918 est
3179 2866 3245 2918 ab
3273 2865 3422 2917 omni

1852 2955 1903 3007 iu
1945 2969 2265 3023 quocunque
2298 2955 2537 3022 jacuerit
2571 2956 2712 3020 loco,
2747 2957 2818 3009 ita
2851 2956 2927 3008 ait
2957 2954 3200 3010 Joannes
3232 2956 3282 3008 in
3319 2956 3420 3008 Re-

1853 3045 2114 3099 velatione
2167 3062 2303 3099 sua:
2352 3065 2371 3098 ι
2407 3047 2469 3100 Et
2508 3046 2744 3101 reddidit
2801 3061 2953 3100 mare
3009 3055 3252 3099 mortuos
3281 3047 3422 3115 quos

191 3133 242 3186 ab
261 3134 372 3188 aliis
394 3136 560 3206 objici
597 3138 672 3190 de
701 3139 1111 3191 resurrectione
1136 3147 1497 3200 mortuorum,
1532 3137 1610 3192 sic
1633 3136 1743 3188 ait:
1775 3157 1815 3212 ο
1853 3139 2083 3191 habebat
2116 3139 2165 3190 in
2225 3153 2283 3191 se
2312 3179 2325 3199 ,
2379 3150 2435 3192 et
2483 3153 2629 3192 mors
2675 3147 2730 3190 et
2767 3136 3016 3190 infernus
3065 3136 3422 3192 reddiderunt

196 3224 325 3277 «Sed
369 3227 500 3282 dicit
551 3229 806 3298 aliquis:
839 3228 1121 3294 Quomodo
1167 3238 1455 3299 resurgunt
1512 3229 1745 3282 mortui?

191 3314 286 3380 Quo
315 3327 486 3373 autem
525 3333 771 3387 corpore
805 3321 1064 3374 venient?
1096 3322 1290 3388 Stulte,
1326 3332 1377 3374 tu
1409 3321 1550 3390 quod
1584 3322 1747 3374 semi-

193 3424 304 3472 nas,
327 3425 426 3463 non
469 3411 817 3476 viviﬁcatur,
852 3414 953 3466 nisi
1005 3417 1158 3481 prius
1192 3417 1472 3469 moriatur.
1506 3413 1570 3467 Et
1602 3413 1745 3482 quod

191 3500 414 3568 seminas,
456 3517 568 3556 non
631 3504 777 3571 quod
813 3501 1058 3556 futurum
1094 3511 1177 3557 est
1232 3518 1430 3572 corpus
1467 3503 1703 3556 seminas
1729 3542 1742 3565 ,

191 3591 267 3645 sed
297 3593 487 3646 nudum
515 3609 782 3664 granum,
809 3603 866 3648 ut
893 3603 1020 3663 puta
1045 3593 1232 3656 tritici,
1267 3605 1358 3647 aut
1385 3593 1614 3662 alicujus
1641 3609 1747 3648 cm.

191 3690 417 3738 terarum.
453 3685 605 3740 Deus
633 3697 812 3740 autem
847 3687 937 3740 dat
963 3688 1035 3740 illi
1066 3703 1268 3756 corpus
1295 3696 1454 3756 prout
1485 3685 1688 3740 vult“.
1722 3706 1740 3738 ι

191 3774 296 3827 Cum
323 3779 456 3830 enim
503 3777 971 3834 manifestissime
1015 3781 1343 3835 ostendisset
1380 3780 1504 3848 quia
1539 3780 1740 3833 mortui

192 3880 467 3938 resurgunt,
498 3881 556 3926 et
614 3882 827 3926 certum
868 3884 1017 3927 esset
1067 3873 1196 3941 quia
1257 3871 1512 3925 Salvator
1563 3881 1746 3924 uoster

191 3973 292 4011 eum
326 3962 433 4026 ipso
484 3979 729 4033 corpore
794 3965 1094 4017 resurrexit
1146 3965 1289 4032 quod
1318 3973 1630 4032 susceperat
1680 3979 1744 4015 ex

194 4049 353 4115 Maria,
378 4071 477 4109 non
508 4068 703 4109 autent
738 4057 874 4110 satis
911 4057 1117 4110 clarum
1168 4067 1312 4110 esset
1363 4059 1633 4125 quomodo
1663 4072 1747 4108 re-

194 4148 452 4200 surrecturi
485 4157 688 4201 essent
716 4148 923 4210 ueteri,
951 4148 1033 4201 vel
1062 4147 1221 4215 quale
1250 4162 1449 4216 corpus
1469 4147 1741 4201 habituri:

193 4247 440 4306 comparat
512 4239 990 4293 resurrectionem
1043 4239 1346 4293 seminibus
1397 4253 1516 4308 quze
1580 4240 1743 4293 semi-

196 4337 364 4379 nantur
389 4329 438 4382 in
479 4341 656 4391 terra,
693 4336 752 4380 ut
791 4339 916 4396 puta
946 4342 1119 4397 grano
1148 4326 1427 4392 frumenti,
1455 4328 1596 4396 quod
1621 4345 1744 4382 cum

194 4418 413 4473 ceciderit
483 4423 539 4475 in
601 4431 845 4486 terram,
882 4422 1297 4491 corrumpitur;
1360 4421 1458 4474 sed
1519 4419 1745 4474 rationis

1851 3239 2089 3283 "mrtuos
2123 3245 2249 3283 suos
2277 3232 2367 3300 qui
2397 3241 2559 3285 erant
2603 3231 2658 3284 itt
2687 3230 2768 3284 ei‘s
2797 3229 2866 3282 ⁸⁸.
2901 3249 2918 3280 ι
2961 3228 3123 3283 Forte
3158 3229 3328 3294 enim,
3364 3240 3422 3282 ιιι

1849 3338 1950 3390 ιιεο
1983 3334 2128 3389 puto.
2183 3337 2330 3373 mare
2380 3322 2469 3374 hic
2505 3337 2602 3390 pro
2635 3321 2859 3377 humido
2883 3322 3031 3377 omni
3089 3322 3419 3390 appellatum

1851 3425 1930 3466 est
1957 3415 2248 3477 elemento,
2278 3413 2529 3467 infernus
2560 3423 2738 3469 autem
2769 3429 2870 3483 pro
2900 3427 3061 3476 aere,
3107 3428 3254 3465 mors
3290 3427 3421 3466 vero

1850 3521 1947 3574 pro
1982 3515 2152 3559 terra.
2209 3505 2375 3571 Quasi
2414 3506 2718 3574 "quamdam
2753 3519 2988 3574 namque
3042 3503 3420 3572 cognatiom-m

1852 3599 1935 3649 his
1970 3599 2111 3650 inter
2163 3610 2222 3649 se
2269 3597 2499 3651 invicem
2536 3597 2888 3661 habentibus,
2944 3610 3145 3664 corpus
3176 3604 3421 3647 nostrmn

1849 3688 2126 3755 pulverem
2167 3689 2358 3740 mortis
2393 3696 2548 3741 vocat
2598 3687 2879 3755 Scriptura
2908 3727 2922 3750 ,
2960 3687 3043 3740 vel
3082 3697 3308 3749 terram,
3339 3684 3422 3736 ve‘l

1848 3795 2046 3847 eorpus
2097 3780 2310 3832 mortis.
2367 3778 2506 3832 Sane
2537 3778 2716 3848 qualis
2771 3777 2939 3831 fuerit
2992 3775 3419 3844 uniuscujusque

1849 3872 2178 3940 praeparatio
2202 3873 2252 3924 in
2285 3873 2388 3925 hac
2409 3871 2538 3936 vita,
2571 3870 2697 3923 talis
2718 3870 2819 3924 erit
2847 3878 2901 3922 et
2924 3870 3258 3924 resurrectio
3280 3870 3416 3935 ejus.

1849 3963 1948 4029 Qui
1983 3963 2190 4017 beatius
2215 3963 2301 4016 hic
2330 3962 2764 4030 vixerit,corpus
2789 3961 2905 4030 ejus
2934 3963 2985 4015 in
3017 3961 3420 4016 resurrectione

1849 4056 2118 4108 diviniore
2149 4053 2436 4123 splendore
2468 4053 2716 4122 fulgebit,
2745 4063 2798 4107 et
2825 4064 2946 4123 apta
2979 4055 3028 4107 ei
3059 4055 3268 4109 mansio
3292 4054 3422 4107 bea-

1852 4156 2026 4198 torum
2062 4147 2333 4200 tribuetur
2375 4145 2648 4208 locorum;
2684 4145 2810 4199 huic
2856 4160 2984 4200 vero
3021 4146 3111 4214 qui
3174 4145 3226 4198 in
3267 4146 3424 4198 mali-

1851 4236 1923 4290 tia
1961 4237 2360 4305 consumpserit
2397 4246 2613 4305 tempus
2640 4237 2740 4291 sibi
2776 4238 2901 4292 vitte
2933 4238 3220 4306 praesentis
3249 4238 3424 4291 indul-

1851 4339 1961 4382 tum
1991 4369 2006 4394 ,
2049 4330 2156 4383 tale
2189 4329 2408 4383 dabitur
2449 4344 2646 4398 corpus
2680 4333 2824 4401 quod
2860 4330 3104 4386 subicere
3138 4343 3191 4384 et
3225 4333 3422 4400 perdu-

1851 4432 1974 4470 rare
2009 4419 2383 4472 lautummodo
2412 4419 2582 4487 possit
2616 4419 2668 4472 in
2701 4421 2899 4488 ptenis.
2926 4420 2992 4474 Et
3024 4421 3261 4475 arbitror
3280 4422 3423 4490 quod

197 4508 316 4564 illius
347 4513 516 4568 virtus
549 4529 677 4583 qua:
713 4524 797 4567 est
831 4514 990 4566 insita
1024 4514 1076 4567 in
1104 4513 1460 4568 interioribus
1489 4511 1606 4580 ejus
1634 4527 1746 4566 me-
1776 4499 1820 4549 Ῑ)
1854 4510 1991 4563 hanc
2023 4508 2385 4564 diﬂ’erentiam
2424 4511 2614 4566 volens
2645 4514 2938 4567 ostendere
2974 4513 3176 4566 Paulus
3203 4522 3423 4580 aposto-

197 4599 360 4668 dullis;
401 4604 514 4672 ipsa
561 4605 804 4660 rationis
852 4605 1030 4658 virtus
1080 4615 1357 4672 assumpta
1407 4604 1742 4672 adjacentem

194 4693 279 4747 sibi
307 4705 514 4764 terram,
550 4696 643 4750 vel
690 4711 847 4766 aquae
896 4697 1206 4761 humorem,
1233 4697 1328 4750 sed
1363 4705 1418 4749 et
1449 4696 1595 4749 aeris
1633 4697 1741 4750 cir-

195 4797 515 4844 cuutstantem
582 4790 902 4859 temperiem
931 4829 948 4854 ,
979 4788 1177 4843 caloris
1219 4802 1437 4857 quoque
1472 4786 1742 4842 suﬂicien-

199 4887 282 4932 tem
322 4883 588 4951 recipiens
619 4882 883 4948 fomitem,
916 4898 1014 4950 per
1047 4881 1289 4936 divinam
1336 4882 1634 4949 potentiam
1687 4882 1738 4934 in

198 4984 360 5038 corpus
383 4974 547 5027 culmi
585 4975 668 5027 vel
719 4974 884 5043 spirae
912 4973 1194 5040 consurgit
1225 4995 1235 5027 :
1270 4981 1318 5027 et
1352 4973 1454 5028 hoc
1482 4982 1567 5027 est
1600 4974 1741 5042 quod

199 5059 354 5115 dicit:
399 5065 527 5119 «Tu
582 5073 731 5134 quod
790 5065 1025 5119 seminas
1076 5081 1180 5120 non
1235 5065 1584 5127 viviﬁcatur,
1642 5064 1740 5117 nisi

199 5154 324 5215 brius
350 5158 636 5211 moriatur.
667 5157 732 5210 Et
766 5157 909 5225 quod
938 5158 1199 5220 seminas,
1224 5171 1328 5210 non
1361 5169 1562 5224 corpus
1599 5157 1739 5224 quod

202 5239 409 5299 futurum
455 5255 575 5311 est,
623 5228 889 5301 seminas.
923 5267 942 5301 ο
1001 5249 1139 5319 Ergo
1189 5249 1291 5302 hoc
1323 5249 1466 5316 quod
1502 5248 1650 5302 cadit
1683 5256 1741 5299 ut

203 5350 352 5390 semen
381 5340 432 5391 in
463 5350 666 5395 terram
705 5356 907 5411 corpus
937 5351 1211 5402 nostrum.
1240 5348 1618 5410 comparatum
1659 5349 1744 5393 est

205 5442 341 5492 grano
371 5431 650 5487 frumenti.

260 5518 315 5573 Et
341 5527 542 5579 assertis
563 5527 645 5579 Itis
700 5540 792 5591 per
825 5522 1133 5591 hujusmodi
1167 5521 1598 5591 consequentiam
1629 5532 1743 5590 post

553 5631 726 5684 pauca
757 5610 966 5666 addidit
992 5611 1155 5664 etiam
1181 5610 1292 5664 lucc
1315 5623 1331 5658 :

205 5697 331 5766 Quod
359 5715 527 5760 autem
565 5707 750 5762 omnis
783 5705 879 5760 illa
921 5705 1280 5775 repromissio
1315 5703 1740 5758 resurrectionis

256 5817 297 5850 “
337 5821 351 5871 Ι
384 5821 591 5891 (ἔθων,
621 5825 696 5879 55
721 5839 873 5893 seqq.
953 5823 998 5856 ⁸⁸
1030 5824 1202 5892 Apoc.
1230 5838 1323 5887 xx,
1357 5824 1445 5876 1'5.
1525 5823 1569 5852 ⁵⁸
1600 5821 1616 5873 1
1643 5821 1746 5878 Cor

246 5911 343 5980 (ίδ)
369 5914 502 5976 Item
530 5936 595 5977 ex
632 5919 885 5988 Apologia
918 5918 1183 5990 Pamphili
1207 5935 1299 5989 pro
1334 5917 1578 5988 Origene.

1850 4601 1933 4654 lus
1963 4600 2130 4656 dicit:
2191 4621 2209 4652 ι
2240 4602 2359 4654 Alia
2391 4616 2520 4655 caro
2557 4602 2919 4668 animalium,
2959 4602 3062 4654 alia
3098 4603 3378 4656 volucrum
3405 4642 3420 4664 ,

1850 4693 1955 4746 alia
1988 4693 2217 4761 piscium
2247 4693 2314 4758 ⁸⁸,
2355 4711 2374 4744 ι
2404 4701 2458 4746 et
2489 4705 2691 4748 caetera
2727 4710 2846 4762 qua:
2894 4695 3234 4748 enumeravit
3279 4697 3426 4763 Apo-

1849 4783 2040 4837 stolus.
2067 4783 2175 4838 Sed
2197 4784 2334 4838 sicut
2358 4798 2462 4837 non
2486 4792 2567 4837 est
2587 4786 2907 4850 putandum,
2931 4786 3077 4852 quod
3103 4785 3421 4839 animalium

1849 4891 2050 4945 corpus
2079 4887 2402 4946 accepturus
2433 4876 2506 4930 sit
2549 4871 2826 4944 peccator,
2861 4887 2955 4930 aut
2987 4877 3298 4940 volucrum,
3329 4889 3424 4931 aut

1849 4970 2100 5039 piscium,
2133 4971 2213 5024 sic
2267 4985 2444 5039 neque
2485 4970 2619 5024 solis
2664 4978 2757 5022 aut
2811 4969 2974 5035 lunae,
3017 4979 3112 5022 aut
3140 4969 3419 5022 stellarum

1852 5066 2080 5119 formam
2111 5064 2436 5134 sperandum
2470 5072 2555 5117 est
2585 5063 2835 5131 accipere
2869 5077 2964 5115 eos
3000 5061 3094 5129 qui
3129 5069 3424 5128 resurgent

1848 5164 1900 5216 in
1937 5163 2143 5232 gloria;
2199 5163 2292 5215 sed
2338 5159 2571 5229 exempli
2628 5172 2791 5213 causa
2841 5158 2984 5210 dicta
3043 5150 3167 5210 es!e
3205 5155 3319 5208 haec
3354 5154 3424 5206 ab

1849 5255 2109 5324 Apostolo
2153 5253 2494 5309 sentiendum
2551 5261 2668 5318 est,
2729 5262 2787 5305 ut
2819 5251 3131 5318 designetur
3183 5262 3280 5316 per
3308 5247 3422 5301 ιιωο

1850 5349 1992 5418 quod
2015 5348 2103 5402 alii
2123 5362 2220 5415 pro
2244 5345 2453 5400 meritis
2483 5345 2596 5399 suis
2623 5343 3054 5400 bonorabiliorcs
3080 5348 3134 5394 et
3157 5339 3424 5393 clariores

1847 5447 2039 5503 erunt,
2073 5439 2316 5494 beatiora
2348 5451 2566 5505 quoque
2622 5435 2936 5490 habitacula
2969 5430 3254 5488 sortituri:
3290 5429 3426 5480 alio-

1847 5545 1963 5581 rum
1998 5546 2126 5584 vero
2160 5529 2572 5598 indignissimus
2619 5535 2675 5579 et
2725 5523 3130 5596 ahjectissituus
3183 5536 3280 5590 pro
3330 5534 3426 5588 ge-

1843 5625 2044 5669 storum
2074 5619 2280 5672 scelere
2318 5620 2423 5671 erit
2457 5625 2654 5681 status,
2683 5616 2773 5684 qui
2804 5615 2967 5669 etiam
3003 5614 3171 5667 mutis
3210 5611 3422 5665 anima-

1845 5707 1988 5763 libus
2019 5710 2217 5780 diguus
2248 5713 2318 5766 sit
2354 5711 2682 5782 comparari.

1755 5861 1768 5876 .
1800 5841 1891 5891 xv,
1929 5849 2016 5882 eo.
