4064 6414
624 323 692 380 as
793 384 803 394 ,
2034 315 2168 370 FBA

2279 314 2460 371 ΕΝΤΛ
3798 317 3859 376 96

1252 435 1626 497 ORIGENIS
1656 434 2219 496 FRAGMENTUM
2251 436 2357 497 DE
2386 433 3047 497 RESURRECTIONE
3083 431 3234 516 (19).

694 536 802 608 35
839 538 911 593 De
942 537 1146 593 Lazaro
1191 548 1247 592 et
1277 539 1343 591 de
1382 538 1549 591 divite
1581 536 1814 590 dubitari
1846 546 2041 604 potest,
2071 552 2171 590 cun

2366 537 2500 608 Περὶ
2543 537 2633 591 τοῦ
2678 536 2927 607 Λαζάρου
2978 535 3071 590 κα)¹
3123 533 3215 589 τοῦ
3257 533 3510 588 πλουσίου
3558 535 3857 607 ἀπορεῖσθαι

621 630 987 697 simpliciores
1032 630 1150 684 hare
1200 628 1272 681 ita
1318 629 1457 680 dicta
1503 642 1624 681 esse
1679 625 1991 680 existiment
2036 626 2190 694 quasi

620 720 787 775 ambo
835 737 960 777 cum
1006 720 1327 791 corporibus
1368 720 1527 789 digna
1564 720 1633 774 iis
1669 733 1789 787 quae
1826 719 1879 773 in
1921 722 2032 773 vita
2065 734 2189 788 ges-

619 816 819 878 serint,
852 814 1073 884 praemia
1102 812 1399 881 recipiant;
1427 813 1461 866 ii
1494 822 1676 866 autem
1704 812 1794 883 qui
1821 811 2192 867 accuratiores

621 918 769 972 sunt,
799 908 1054 978 quoniam
1110 917 1231 977 post
1279 908 1737 961 resurrectionem
1772 905 1954 960 nullus
1989 907 2044 958 in
2084 906 2188 958 vita

620 1001 976 1069 relinquitur,
1024 1000 1137 1054 haec
1183 1000 1236 1054 in
1296 1000 1701 1054 resurrectione
1742 999 2037 1070 contigisse
2083 1014 2187 1053 non

614 1101 839 1161 putent;
872 1094 1004 1148 dicit
1033 1093 1175 1147 enim
1206 1092 1357 1148 dives
1388 1109 1402 1145 :
1434 1110 1452 1144 ι
1480 1093 1662 1148 llabeo
1693 1096 1935 1162 quinque
1961 1090 2185 1145 fratres.

615 1184 691 1239 Ne
708 1195 761 1241 et
780 1186 879 1255 ipsi
916 1186 1136 1241 veniant
1162 1186 1213 1239 in
1245 1184 1419 1240 locum
1443 1186 1584 1239 hunc
1605 1194 1994 1239 tormentorum
2008 1223 2022 1246 ,
2039 1184 2190 1236 mitte

615 1272 881 1331 Lazarum
928 1278 1019 1346 qui
1074 1278 1283 1331 nuntiet
1324 1278 1454 1347 ipsis
1497 1294 1617 1346 qum
1671 1277 1761 1331 hic
1814 1274 2038 1338 ﬁunt";
2073 1294 2092 1328 ι
2136 1284 2191 1329 et

612 1382 711 1435 per
742 1369 855 1422 ltmc
893 1380 1142 1438 qmerant
1190 1370 1449 1441 linguam,
1485 1369 1739 1438 digitum,
1789 1368 1969 1421 sinum
2004 1368 2187 1421 Abra-

612 1459 715 1525 hae,
743 1471 798 1515 et
833 1463 1166 1516 recubitum.
1204 1463 1271 1516 Et
1299 1461 1440 1517 forte
1474 1460 1564 1515 illa
1609 1472 1729 1528 quae
1775 1457 1973 1511 anima:
2000 1472 2031 1511 c
2059 1470 2188 1510 cor-

610 1567 741 1620 pore
774 1552 1077 1623 egredienti
1122 1554 1309 1608 statim
1364 1552 1563 1623 obtigit
1618 1552 1811 1621 ﬁgura,
1861 1562 1981 1617 qute
2020 1548 2185 1601 etiam

610 1641 785 1697 forma
836 1644 1033 1699 similis
1076 1655 1160 1699 est
1208 1661 1397 1700 crasso
1439 1661 1503 1699 ac
1562 1653 1780 1697 terreno
1835 1639 2074 1709 corpori,
2110 1639 2183 1692 ita

607 1744 793 1802 potest
841 1736 1095 1806 intelligi.
1131 1737 1188 1791 Si
1220 1737 1342 1805 quis
1398 1751 1528 1806 ergo
1577 1748 1815 1803 unquam
1872 1748 1903 1787 e
1949 1732 2183 1787 mortuis

605 1834 865 1880 narratur
923 1829 1263 1895 apparuisse,
1318 1826 1517 1880 similis
1570 1826 1722 1879 visus
1778 1833 1863 1879 est
1913 1824 1986 1889 ei,
2018 1838 2181 1892 quam

604 1934 732 1971 cum
768 1918 821 1971 in
857 1933 1023 1973 carne
1054 1928 1242 1986 ageret
1270 1918 1486 1982 habuit,
1520 1917 1729 1972 foruue.

676 2008 879 2063 De’nde
904 2010 1055 2063 habet
1084 2025 1103 2064 :
1128 2010 1233 2064 Sed
1252 2020 1307 2064 et
1332 2009 1550 2065 Samuel
1586 2010 1703 2079 qui,
1734 2015 1795 2062 ut
1830 2006 2175 2063 manifestum

605 2107 711 2161 est,
779 2100 1167 2168 conspicabilis
1214 2101 1510 2171 apparuit,
1569 2101 1767 2169 probat
1826 2115 1887 2154 se
1949 2113 2181 2168 corpore

604 2188 773 2244 fuisse
828 2190 1111 2257 indutum;
1149 2192 1451 2260 praesertim
1504 2207 1627 2247 cum
1669 2198 1820 2247 certa
1854 2206 1960 2245 non
2001 2190 2182 2244 desint

601 2292 922 2351 argumenta
954 2283 1148 2351 quibus
1186 2285 1380 2339 animae
1427 2284 1788 2339 substantiam
1838 2297 1962 2337 esse
1999 2283 2180 2335 incor-

600 2389 823 2442 porcam
868 2376 1226 2442 pronuntiare
1262 2391 1539 2446 cogamur.
1580 2375 1698 2430 Huc
1751 2375 1888 2429 adde
1929 2378 2073 2443 quod
2121 2382 2177 2427 et

599 2463 750 2517 dives
804 2478 997 2534 ptenas
1044 2465 1219 2531 luens,
1257 2476 1310 2519 ct
1350 2454 1556 2535 pauper
1585 2467 1635 2519 in
1666 2464 1784 2520 sinu
1820 2464 2056 2519 Abrahae
2090 2478 2177 2516 re-

597 2554 911 2620 quiescens,
935 2572 1166 2627 quorum
1197 2558 1335 2613 alter
1364 2560 1415 2613 in
1452 2558 1667 2613 inferno
1708 2558 1910 2628 puniri,
1945 2556 2084 2610 alter
2120 2557 2171 2609 in

594 2646 717 2697 sinu
741 2648 973 2702 Abrahae
1002 2650 1343 2719 requiescere
1384 2651 1604 2717 dicitur,
1640 2650 1801 2718 idque
1823 2658 1947 2702 ante
1983 2648 2173 2701 Salva-

596 2742 731 2788 toris
752 2741 1063 2803 adventum,
1089 2751 1253 2810 atque
1278 2749 1402 2795 ante
1419 2741 1947 2796 consummationem
1967 2738 2171 2802 saeculi,

595 2843 658 2882 ac
698 2830 923 2899 proinde
973 2844 1098 2886 ante
1164 2836 1657 2901 resurrcmiouem,
1688 2834 1885 2889 docent
1931 2833 2169 2887 animam

592 2924 756 2979 etiam
785 2940 927 2979 nunc
942 2936 1061 2996 post
1085 2942 1371 2985 excessum
1407 2944 1439 2986 e
1474 2930 1583 2984 vita
1613 2928 1691 2983 uti
1728 2942 1987 2997 corpore.

811 3107 897 3165 Ea:
925 3110 1217 3179 Methodio,
1242 3113 1384 3180 apud
1420 3112 1611 3184 Epiplt.
1640 3114 1829 3169 ha'res.
1863 3110 1953 3168 64.

661 3202 799 3262 Cum
836 3205 909 3258 ita
964 3205 1193 3261 dixisset
1244 3205 1553 3276 (Origenes)
1613 3205 1899 3261 Dominum
1950 3202 2167 3260 Saddu-

589 3297 720 3350 eaeis
752 3298 1085 3351 tentantibus
1113 3298 1479 3367 reSpondisse,
1510 3315 1529 3349 ι
1552 3297 1641 3367 qui
1666 3308 1948 3367 compotes
1979 3312 2169 3353 resur-

590 3389 857 3443 rectionis
893 3397 1099 3455 essent,
1124 3389 1442 3460 angelorum
1466 3391 1638 3444 instar
1662 3388 1879 3445 futuros
1892 3390 1939 3423 ⁵⁸
1964 3406 1978 3457 ;
2005 3408 2024 3442 ι
2048 3396 2169 3459 post

589 3482 691 3535 ista
739 3483 1060 3549 subiunxit;
1097 3501 1115 3533 ι
1140 3482 1332 3553 Angeli
1392 3498 1554 3554 porro
1609 3483 1794 3539 carnis
1823 3492 2076 3553 expertes
2112 3483 2165 3538 in

587 3590 801 3629 summa
835 3574 1095 3628 felicitate
1125 3576 1331 3644 degunt
1367 3590 1431 3628 ac
1481 3574 1678 3645 gloria.
1712 3575 1896 3642 Quare
1942 3583 1998 3629 et
2042 3588 2167 3638 nos,

587 3683 725 3735 quos
755 3668 960 3735 aequari
1008 3667 1220 3736 angelis
1260 3674 1500 3738 oportet,
1537 3682 1766 3723 necesse
1798 3674 1884 3723 est
1910 3668 1977 3722 ad
2013 3681 2167 3720 eum-

588 3761 708 3815 dem
736 3762 954 3813 modum
987 3774 1153 3816 carne
1184 3759 1402 3814 nudari.
1427 3777 1447 3811 ι

2293 629 2512 682 δύναται
2532 645 2544 659 ⁸
2570 627 2674 681 τῶν
2718 628 2817 699 μὲν
2844 628 3229 701 ἁπλουστέρων
3265 627 3379 698 (20)
3417 627 3679 699 οἰομένων
3709 627 3860 682 ταῦτα

2293 720 2561 791 λελέχθαι,
2594 720 2669 785 ὡς
2710 720 3033 792 ἀμφοτέρων
3072 720 3209 791 μετά
3244 719 3349 773 τῶν
3374 719 3641 791 σωμάτων
3667 720 3859 791 λαμϐα-

2292 812 2489 866 νόντων
2537 812 2605 866 τὰ
2655 811 2781 879 ἀξια
2824 812 2932 865 τῶν
2980 812 3056 883 τῷ
3089 812 3188 883 βίῳ
3218 813 3625 884 πεπραγμένων
3646 830 3658 843 ’
3688 812 3786 866 τῶν
3807 814 3857 866 δὲ

2292 903 2583 973 ἀκριϐεστέ
2594 921 2699 975 ρων
2724 902 2855 975 (21),
2880 903 3001 957 ἐπεὶ
3020 904 3157 974 μετά
3182 902 3276 974 τὴν
3297 903 3592 957 ἀνάστασιν
3619 903 3784 967 οὐδεὶς
3802 905 3854 957 ὲν

2292 994 2392 1065 βίῳ
2442 996 2851 1058 καταλείπεται,
2898 996 2997 1049 οὐκ
3039 998 3097 1050 ὲν
3142 999 3207 1067 τῇ
3262 996 3557 1049 ἀναστάσει
3613 996 3857 1067 οἰομένων

2288 1087 2463 1142 ταῦτα
2505 1090 2817 1158 γεγονέναι·
2852 1089 2998 1158 λέγει
3031 1090 3140 1160 γὰρ
3171 1092 3199 1143 ό
3232 1089 3503 1153 πλούσιος,
3537 1091 3619 1142 ὅτι
3682 1090 3857 1143 «πέντε

2290 1179 2549 1249 ἀδελφοὺς
2576 1180 2703 1251 ἔχω,
2734 1181 2827 1233 καὶ
2853 1182 2937 1234 ἵνα
2966 1181 3039 1252 μὴ
3062 1181 3288 1235 ἔλθωσιν
3324 1184 3404 1246 είς
3427 1182 3519 1235 τὸν
3550 1182 3714 1235 τόπον
3741 1181 3854 1236 τοῦ·

2288 1287 2381 1322 τον
2403 1270 2503 1340 τῆς
2532 1269 2786 1340 βασάνου,
2814 1272 3028 1341 πέμψον
3054 1270 3307 1345 Λάζαρον
3333 1274 3744 1344 ἀπαγγέλλοντα
3774 1275 3860 1327 αὐ-

2287 1364 2400 1426 τοῖς
2434 1363 2501 1416 τὰ
2533 1361 2763 1416 ἐνταῦθα
2787 1379 2799 1392 ·
2827 1382 2845 1417 t
2888 1365 2984 1419 καὶ
3033 1364 3120 1418 διά
3173 1364 3380 1419 τούτων
3426 1365 3730 1436 ζητούντων
3768 1366 3859 1437 τὴν

2287 1452 2555 1521 γλῶσσαν,
2578 1454 2774 1508 καὶτὸν
2797 1455 3075 1517 δάκτυλον,
3092 1456 3320 1520 καὶτοὺς
3334 1456 3568 1521 κόλπους
3598 1457 3855 1529 Ἀϐραὰμ,

2287 1544 2381 1597 καὶ
2405 1543 2503 1615 τὴν
2533 1545 2813 1601 ἀνάκλισιν
2842 1545 2972 1618 (22).
2999 1550 3109 1602 Καὶ
3143 1548 3285 1619 τάχα
3312 1549 3373 1602 τὸ
3403 1550 3501 1621 τῆς
3528 1551 3707 1622 ψυχῆς
3752 1552 3858 1622 ἅμα

2284 1635 2350 1703 τῇ
2370 1633 2653 1706 ἀπαλλαγῇ
2688 1636 2872 1707 σχῆμα
2904 1637 3146 1709 ὁμοειδὲς
3184 1638 3241 1692 ὃν
3272 1639 3349 1710 τῷ
3388 1643 3552 1710 παχεῖ
3575 1645 3669 1693 καὶ
3696 1642 3857 1712 γηΐνῳ

2288 1723 2503 1795 σώματι
2546 1727 2767 1781 δύναται
2812 1728 2984 1792 οὕτως
3035 1728 3428 1800 λαμὸάνεσθαι.
3455 1732 3523 1785 Ei‘
3558 1750 3688 1785 ποτε
3737 1732 3856 1801 γοῦν

2290 1817 2569 1889 ἱστόρηταί
2622 1836 2705 1883 τις
2766 1819 2874 1872 τῶν
2924 1821 3343 1892 κεκοιμημένων
3397 1824 3755 1894 φαινόμενος,
3808 1824 3857 1877 ὄ-

2214 1904 2254 1958 Β
2287 1925 2439 1979 μοιος
2462 1910 2572 1982 (25)
2599 1910 2835 1982 ἑώραται
2864 1913 2942 1985 τῷ
2968 1915 3057 1967 ὅτε
3083 1915 3181 1987 τὴν
3206 1916 3384 1987 σάρκα
3411 1910 3523 1985 εἶχε
3567 1917 3821 1985 σχήματι.

2358 1999 2504 2057 Εἶτα
2524 2020 2536 2032 ·
2584 2003 2743 2057 Ἀλλά
2777 2004 2871 2059 καὶ
2900 2008 2928 2059 ό
2956 2006 3207 2079 Σαμουὴλ
3238 2006 3581 2079 φαινόμενος,
3607 2008 3682 2071 ὡς
3707 2007 3857 2078 δῆλόν

2278 2096 2448 2164 ἐστιν,
2486 2096 2679 2169 ὁρατὸς
2704 2096 2799 2163 ὢν,
2828 2099 3162 2171 παρίστησιν
3190 2100 3273 2153 ὅτι
3312 2101 3471 2172 σῶμα
3510 2100 3815 2173 περιέκειτο
3840 2118 3852 2130 ·

2282 2187 2514 2259 μάλιστα
2544 2188 2637 2243 ὲάν
2663 2190 3096 2263 ἀναγκασθῶμεν
3131 2191 3237 2246 ὑπὸ
3263 2191 3371 2246 τῶν
3397 2192 3725 2257 ἀποδείξεων
3762 2192 3854 2266 τὴν

2275 2280 2463 2333 οὐσίαν
2486 2281 2585 2352 τῆς
2606 2280 2783 2353 ψυχῆς
2809 2282 3099 2354 ἀσώματον
3132 2280 3271 2341 εἶναι
3296 2286 3389 2339 καὶ
3415 2286 3619 2358 ταύτην
3653 2288 3860 2359 ἀποφή-

2274 2373 2486 2428 νασθαι.
2532 2375 2691 2429 Ἀλλά
2723 2378 2817 2430 καὶ
2862 2378 2889 2430 6
2931 2378 3295 2451 κολαζόμενος
3326 2379 3598 2446 πλούσιος,
3632 2382 3727 2435 καὶ
3754 2382 3781 2433 6
3803 2382 3859 2435 ἐν

2283 2465 2503 2529 κόλποις
2539 2466 2786 2539 Ἀϐραάμ
2816 2467 2981 2541 πένης
3001 2471 3428 2543 ἀναπαυόμενος,
3461 2473 3565 2542 πρὸ
3593 2472 3693 2543 τῆς
3726 2491 3861 2544 παρ-

2282 2546 2473 2619 ουσίας
2517 2556 2611 2610 τοῦ
2653 2558 2904 2630 Σωτῆρος
2946 2560 3042 2614 καὶ
3088 2560 3197 2633 πρὸ
3242 2562 3350 2634 τῆς
3406 2562 3715 2625 συντελείας
3765 2562 3856 2615 τοῦ

2283 2646 2498 2710 αἰῶνος,
2524 2648 2618 2700 καὶ
2639 2647 2725 2702 διά
2745 2648 2904 2702 τοῦτο
2938 2650 3045 2722 πρὸ
3078 2652 3179 2722 τῆς
3195 2652 3306 2724 (24)
3340 2653 3687 2716 ἀναστάσεως
3708 2652 3858 2721 λεγό-

2283 2754 2432 2807 μενοι
2480 2740 2507 2791 ὀ
2559 2738 2657 2809 μὲν
2715 2741 2770 2791 ὲν
2816 2739 2942 2811 ᾅδου
2978 2741 3322 2808 κολάζεσθαι,
3356 2745 3385 2796 6
3430 2743 3485 2795 δὲ
3524 2745 3582 2796 ὲν
3642 2742 3859 2806 κόλποις

2292 2828 2543 2901 Ἀϐραὰμ
2584 2830 2983 2895 ἀναπαύεσθαι,
3033 2832 3377 2889 διδάσκουσιν
3424 2835 3505 2888 ὅτι
3546 2835 3643 2889 καὶ
3670 2832 3765 2888 νῦν
3792 2836 3856 2906 τῇ

2277 2921 2563 2994 ἀπαλλαγῇ
2591 2922 2801 2995 σώματι
2828 2924 3025 2995 χρῆται
3053 2927 3087 2997 ἡ
3110 2925 3275 2997 ψυχή.

2775 3111 2867 3163 Ἐκ
2898 3109 3017 3165 τῶν
3049 3111 3365 3168 Μεθοδίου.

2346 3203 2565 3275 Φράσας
2595 3200 2930 3275 (Ὠριγένης)
2962 3204 3349 3277 ἀποφήνασθαι
3391 3203 3483 3258 τὸν
3528 3203 3759 3277 Κύριον,
3785 3204 3859 3267 ὡς

2280 3313 2301 3347 ι
2323 3298 2369 3349 οἱ
2400 3294 2500 3365 τῆς
2540 3294 2889 3359 ἀναστάσεως
2917 3295 3229 3367 τευξόμενοι
3265 3296 3477 3351 ἔσονται
3506 3295 3628 3349 τότε
3660 3296 3736 3360 ὡς
3769 3297 3862 3366 ἀγ-

2274 3386 2441 3456 γελοι,
2468 3406 2487 3439 ι
2522 3386 2650 3441 ἔνθα
2682 3388 3037 3460 πειράζουσιν
3062 3388 3226 3441 αὑτὸν
3256 3388 3305 3441 oi
3335 3387 3704 3452 Σαδδουκαῖοι,
3733 3388 3861 3441 έπέ-

2275 3496 2439 3551 φερεν
2461 3496 2475 3509 ο
2518 3500 2536 3531 ι
2565 3481 2626 3533 0i
2656 3479 2713 3533 δὲ
2740 3480 2963 3550 ἄγγελοι
2999 3479 3160 3546 ἐκτὸς
3186 3481 3339 3546 ὄντες
3366 3480 3565 3553 σαρκὸς
3599 3482 3657 3534 ὲν
3692 3498 3862 3551 μακα-

2276 3574 2522 3644 ριότητος
2564 3574 2846 3646 ἀκρότητι,
2904 3572 2994 3628 διὰ
3038 3573 3199 3628 τοῦτο
3260 3575 3353 3628 καὶ
3399 3573 3556 3645 δόξης
3583 3573 3725 3627 εἰσί·
3766 3575 3861 3627 καὶ

2274 3664 2422 3733 ἡμᾶς
2450 3664 2507 3717 δὲ
2528 3663 2635 3736 ἄρα
2663 3664 3008 3732 ὲξισάζεσθαι
3038 3666 3331 3738 μέλλοντας
3361 3666 3615 3735 ἀγγέλοις
3641 3665 3859 3736 ἀνάγκη

2271 3752 2335 3823 δὴ
2363 3754 2580 3826 σαρκῶν
2632 3755 2895 3821 ὡσαύτως
2946 3756 3061 3828 (25)
3108 3757 3336 3822 ἐκείνοις
3360 3757 3600 3829 γυμνοὺς
3629 3755 3859 3811 ἔσεσθαι

2271 3841 2400 3898 δεῖν.
2436 3865 2454 3897 ι
3202 3840 3203 3843 “

1363 4049 1741 4112 ORIGENIS
1768 4049 2221 4112 SENTENTIA
2263 4052 2361 4112 DE
2392 4052 3089 4118 RESURRECTIONE.

1177 4154 1279 4215 Ea:
1332 4154 1708 4235 Hieronymi
1770 4154 2037 4234 epistola
2093 4156 2195 4229 38,
2243 4154 2405 4218 alias
2451 4159 2571 4232 61,
2624 4158 2708 4218 ad
2760 4157 3248 4222 Pammachium.

653 4362 763 4433 36
792 4362 931 4418 Dicit
962 4363 1223 4435 Origenes
1256 4366 1311 4420 in
1342 4366 1591 4437 pluribus
1629 4366 1787 4433 locis,
1824 4375 1879 4423 et
1922 4369 2161 4427 maxime
2195 4378 2241 4433 Ι)
2270 4372 2356 4426 die
2380 4387 2394 4425 :
2422 4373 2637 4428 scilicet
2668 4382 2727 4427 ut
2760 4371 2989 4442 pedibus
3019 4371 3386 4440 ambulemus,
3412 4388 3709 4445 operemur
3735 4392 3858 4432 ma-

583 4456 636 4509 in
666 4456 804 4511 libro
834 4456 909 4511 De
944 4459 1328 4513 resurrectione
1368 4469 1589 4528 quarto,
1617 4468 1673 4514 et
1722 4460 1775 4514 in
1819 4464 2163 4534 expositione

580 4548 741 4616 primi
770 4547 986 4617 psalmi,
1022 4557 1077 4603 et
1109 4551 1161 4603 in
1200 4549 1576 4615 Stromatibus,
1616 4551 1883 4622 duplicem
1918 4571 2161 4613 errorem

580 4640 787 4694 versari
833 4641 886 4697 in
930 4642 1218 4698 Ecclesia:
1262 4655 1577 4700 nostrorum
1627 4655 1681 4701 et
1728 4648 2157 4717 haereticorum;

580 4747 680 4786 nos
731 4733 1005 4803 simplices
1050 4744 1103 4789 ct
1152 4736 1488 4805 pbilosarcas
1545 4739 1755 4801 dicere,
1791 4742 1935 4809 quod
1969 4744 2157 4796 eadem

581 4839 709 4879 ossa
742 4835 797 4881 et
827 4830 1051 4899 sanguis
1091 4841 1147 4885 et
1177 4846 1325 4894 caro,
1360 4831 1411 4884 id
1444 4841 1548 4897 est,
1591 4816 1774 4884 vultus
1802 4843 1856 4884 et
1888 4836 2155 4899 membra,

581 4917 859 4990 totiusque
886 4938 1154 4993 compago
1180 4923 1429 4992 corporis
1467 4933 1719 4994 resurgat
1759 4924 1813 4977 in
1858 4925 2155 4981 novissima

682 5036 728 5069 "
759 5035 889 5091 Luc.
925 5052 1038 5101 th,
1074 5035 1166 5100 27,
1196 5035 1287 5089 28.
1367 5033 1411 5066 ⁸⁸
1446 5034 1611 5089 Marc.
1645 5051 1741 5100 xu,
1781 5035 1872 5090 25.

648 5150 761 5221 (19)
788 5150 831 5204 Ε
882 5151 1023 5205 libro
1054 5150 1111 5205 S.
1153 5150 1410 5205 Methodii
1449 5150 1526 5206 De
1574 5150 1959 5221 resurrectione
1990 5150 2153 5204 aﬂert

577 5221 685 5277 hoc
735 5222 987 5288 Origcnis
1063 5221 1427 5290 fragmentum
1489 5222 1715 5275 l’ltotius
1774 5222 1825 5274 in
1886 5220 2146 5275 Biblioth.

576 5292 700 5348 cod.
727 5291 853 5345 224.
890 5294 993 5346 Sed
1020 5306 1303 5359 cquonam
1331 5290 1583 5359 Origcuis
1614 5291 1752 5345 libro
1772 5291 1901 5344 illud
1939 5308 2148 5346 necnon

573 5362 807 5417 alterum
841 5376 1076 5429 sequens
1101 5362 1495 5429 deprompserit
1525 5361 1847 5424 Methodius,
1878 5363 2147 5416 incertum

573 5442 679 5486 est.
711 5432 781 5487 Ut
812 5442 995 5485 autem
1025 5431 1152 5498 quid
1180 5431 1322 5483 ineo
1350 5432 1454 5484 sibi
1484 5433 1613 5485 velit
1638 5433 1993 5485 Adamantius
2026 5448 2151 5501 pos-

573 5503 653 5559 sis
677 5503 919 5570 assequi.
951 5501 1072 5553 vide
1100 5515 1220 5567 quae
1242 5502 1308 5553 de
1345 5502 1651 5555 animarum
1682 5510 1822 5556 statu
1852 5511 1971 5567 post
2000 5518 2148 5555 mor-

575 5583 682 5626 tem
710 5569 869 5625 docet
899 5569 994 5626 lib.
1037 5586 1077 5625 ιι
1124 5581 1308 5623 contra
1338 5571 1570 5636 Celsum,
1607 5590 1755 5625 num.
1794 5571 1884 5636 60,
1922 5583 1976 5625 et
2008 5572 2151 5627 libro

573 5658 675 5712 vn.
714 5657 864 5695 num.
916 5643 986 5706 5;
1022 5641 1151 5694 item
1187 5641 1572 5712 adnotationes
1598 5644 1664 5696 ad
1693 5642 1791 5698 lib.
1822 5659 1839 5696 t
1877 5642 1954 5696 De
1998 5644 2145 5712 prin-

573 5711 748 5778 cipiis,
784 5725 906 5777 cap.
931 5714 981 5772 l,
1008 5727 1157 5764 num.
1190 5710 1243 5763 7.

646 5780 757 5852 (20)
807 5778 1231 5853 Ἀπλουστέρων.
1269 5782 1437 5853 Alias,
1468 5782 1858 5855 ἁπλούστερον.

2275 4469 2462 4536 nibus,
2499 4467 2783 4522 videamus
2806 4466 3000 4534 oculis,
3029 4465 3252 4522 auribus
3272 4467 3581 4531 audiamus,
3609 4468 3860 4524 circum-

2270 4561 2627 4630 feramusque
2673 4564 2923 4615 ventrem
2971 4559 3357 4625 insatiabilem,
3401 4567 3456 4613 et
3500 4560 3857 4615 stomachum

2270 4652 2427 4707 cibos
2462 4659 2923 4721 concoquentem:
2964 4663 3309 4719 consequens
3347 4658 3532 4704 autem
3578 4663 3729 4713 esse,
3758 4650 3859 4719 qui

2269 4745 2371 4800 ista
2407 4744 2701 4799 credamus
2747 4743 2928 4798 dicere
2986 4756 3085 4796 nos
3132 4742 3279 4811 quod
3333 4750 3391 4796 et
3449 4741 3858 4796 comedendum

2266 4838 2426 4891 nobis
2456 4838 2546 4898 sit,
2572 4845 2627 4891 et
2661 4836 2980 4900 bibendum,
3023 4835 3318 4907 digerenda
3363 4844 3633 4900 stercora,
3670 4833 3860 4889 eﬂun-

2267 4930 2473 4983 dendus
2509 4928 2728 4996 humor,
2762 4929 3020 4985 ducenda:
3050 4942 3271 4993 uxores,
3303 4926 3457 4983 liberi
3483 4928 3850 4997 procreandi.

2321 5154 2429 5229 )
2479 5154 2936 5229 ξᾼκριδεστέρων.
2970 5154 3143 5229 Alias,
3170 5154 3583 5229 ἀκριϐέστερον.

2322 5225 2434 5363 (22)
2479 5225 2816 5280 Ἀνάκλισινᾷ
2841 5228 3013 5288 Alias,
3048 5225 3366 5299 ἀνάκλησιν.

2323 5297 2411 5363 (25
2478 5298 2723 5363 Ὃμοιος.
2762 5298 2933 5360 Alias,
2964 5298 3187 5363 ὁμοίως.

2343 5297 2434 5363 25)
2472 5298 2723 5367 ,Ὅμοιος
2762 5298 2933 5360 Alias,
2964 5298 3187 5367 ὁμοίως.

2320 5299 2339 5507 ἒ

2605 5368 2721 5446 τῇς.
2758 5368 2933 5446 ᾼΙὶθξ,
2963 5366 3239 5446 περὶτῆς..

2343 5374 2432 5508 24)
2462 5374 2574 5437 Πρὸ
2605 5374 2721 5446 τῇς.
2758 5374 2933 5430 Alias,
2963 5374 3090 5439 napi.
3118 5374 3239 5440 τῆς.

2342 5437 2412 5490 25
2470 5440 2717 5504 Σαρκων
2743 5439 3047 5504 ὡσαύτως.
3078 5437 3229 5504 Quod
3267 5438 3343 5493 ait
3368 5452 3595 5493 necesse
3623 5453 3749 5494 esse
3783 5448 3851 5494 ut

2250 5508 2302 5561 in
2342 5510 2965 5580 resurrectionehcarne
3008 5516 3298 5574 nudemur,
3348 5509 3421 5580 id,
3462 5508 3719 5580 intelligit
3775 5512 3854 5565 de

2249 5592 2413 5631 carne
2444 5578 2788 5646 corruptibili
2822 5589 2875 5632 et
2901 5580 3314 5633 inﬁrmitatibus
3340 5579 3520 5635 adhuc
3567 5578 3857 5647 obnoxia;

2258 5663 2434 5718 neque
2457 5648 2603 5703 enim
2635 5648 2800 5704 futuri
2838 5650 3118 5704 hominum
3150 5652 3201 5704 in
3237 5652 3639 5706 resurrectione
3666 5661 3862 5707 status

2256 5734 2380 5772 cum
2410 5718 3153 5793 angelicqcomparationem
3208 5722 3436 5777 omnino
3488 5722 3859 5793 adacquatam

2257 5804 2376 5843 esse
2405 5788 2597 5845 voluit.
2640 5790 2771 5845 Vide
2802 5788 3085 5844 Monitum.
