3992 6572
202 470 262 527 9']
1022 464 1118 521 EX
1156 463 1381 520 LIBRIS
1419 461 1742 521 ORIGENIS
1776 462 1862 517 DE
1890 462 2497 523 RESURRECTIONE.
3333 472 3403 529 93

200 588 296 657 Quo
314 582 442 641 enim
486 583 729 637 membra
764 580 1048 650 genitalia,
1077 581 1121 636 si
1153 581 1357 651 nuptias
1390 596 1493 634 non
1523 580 1716 635 erunt?
1749 582 1797 641 Α
1827 580 1971 633 enim
2014 581 2065 635 in
2113 596 2285 653 grano
2325 580 2515 649 tritici,
2554 580 2788 647 radices,
2824 582 3060 650 culmus,
3098 585 3249 650 folia,
3286 588 3399 640 ari-

198 681 291 746 Quo
311 679 503 742 dentes,
535 675 580 729 si
612 672 724 729 cibi
773 687 879 727 non
913 671 1150 727 molendi
1185 673 1352 727 sunt?
1382 672 1501 740 Quo
1532 683 1723 727 venter

196 783 238 828 et
259 769 367 834 cibi,
393 771 436 822 si
465 765 621 835 juxta
667 764 983 835 Apostolum
1016 774 1072 819 et
1115 763 1204 819 hic
1231 775 1284 820 et
1332 764 1406 819 illi
1432 768 1723 820 destruen-

196 864 297 921 turi
323 865 428 932 ipso
454 861 647 914 iterum
682 862 953 914 clamante
983 873 998 911 :
1035 875 1055 909 ι
1078 858 1219 913 Caro
1252 866 1306 913 et
1344 859 1569 929 sanguis
1624 874 1720 913 re-

191 971 320 1030 gnum
348 954 433 1008 Dei
473 968 577 1007 non
630 953 1013 1021 possidebunt,
1066 964 1244 1022 neque
1296 952 1579 1021 corruptio
1636 951 1722 1004 in-

190 1047 549 1117 corruptionem
564 1045 634 1098 ".
664 1063 684 1097 ι
721 1044 854 1100 Haec
887 1060 987 1101 nos
1017 1045 1336 1100 innocentes
1382 1054 1440 1099 et
1482 1044 1721 1099 rusticos

190 1141 352 1197 asserit
396 1141 592 1195 dicere.
631 1138 939 1194 Hzereticos
989 1153 1139 1203 vero,
1169 1138 1223 1193 in
1277 1153 1510 1207 quorum
1563 1149 1719 1207 parte

188 1244 287 1289 sunt
313 1232 556 1291 Marcion.
589 1231 835 1301 Apelles,
882 1230 1224 1297 Valentinus,
1270 1229 1485 1295 Manes,
1522 1246 1716 1286 nomen

190 1325 399 1386 insaniae,
440 1323 664 1392 penitus
689 1332 744 1377 et
777 1323 958 1377 carnis
989 1331 1044 1376 et
1076 1322 1325 1392 corporis
1361 1326 1719 1378 resurrectio-

187 1434 283 1474 nem
320 1430 535 1485 negare;
584 1424 646 1469 et
684 1414 916 1469 salutem
955 1424 1161 1468 tantum
1203 1415 1447 1469 tribuere
1496 1416 1713 1481 animae,

185 1511 451 1576 frustraque
478 1522 580 1561 nos
608 1507 796 1561 dicere
827 1507 893 1560 ad
928 1506 1233 1576 exemplum
1270 1508 1484 1562 Domini
1526 1523 1714 1563 resur-

185 1615 407 1663 recturus,
449 1614 572 1653 cum
628 1599 749 1669 ipse
785 1614 1003 1669 quoque
1056 1598 1320 1655 Dominus
1371 1601 1424 1654 in
1479 1601 1716 1669 phanta-

185 1706 322 1751 smate
351 1678 829 1758 resurrexerit;et
864 1706 969 1744 non
1000 1691 1175 1744 solum
1210 1692 1542 1746 resurrectio
1573 1691 1712 1759 ejus,

183 1789 326 1845 sedet
358 1786 466 1855 ipsa
498 1784 771 1839 nativitas
822 1782 902 1854 τῷ
955 1782 1155 1849 δοκεῖν,
1209 1782 1263 1837 id
1310 1792 1396 1839 est
1444 1786 1709 1852 putativc,

183 1882 271 1933 visa
303 1878 463 1946 magis
498 1876 571 1930 sit
601 1889 772 1944 quam
823 1872 1016 1928 fuerit.
1056 1873 1172 1928 Sibi
1202 1883 1384 1929 autem
1423 1884 1714 1943 utramque

184 1972 423 2041 displicere
453 1974 820 2041 sententiam,
854 1973 1037 2044 fugere
1069 1990 1126 2030 se
1154 1988 1208 2031 et
1237 1983 1549 2030 nostrorum
1590 1992 1712 2054 car-

182 2081 271 2129 nes,
294 2076 341 2118 et
377 2064 763 2122 haereticorum
810 2068 1191 2139 phantasmata
1237 2088 1249 2124 :
1300 2069 1427 2138 quia
1484 2079 1716 2141 utraque

181 2172 278 2226 pars
301 2158 347 2212 in
380 2160 725 2213 contrarium
761 2160 930 2215 nimia
981 2160 1090 2227 sit;
1144 2160 1267 2216 aliis
1311 2161 1453 2216 idem
1489 2162 1716 2218 volenti-

180 2252 254 2304 bus
296 2265 348 2305 se
395 2266 513 2308 esse
564 2253 719 2321 quod
773 2252 1028 2322 fuerunt;
1081 2254 1203 2310 aliis
1251 2257 1712 2313 resurrectionem

180 2358 417 2410 corporum
447 2346 683 2401 omnino
714 2347 1134 2416 denegantibus.
1176 2366 1195 2401 ι
1221 2348 1489 2417 Quatuor,
1518 2351 1711 2420 inquit,

178 2439 398 2491 elementa
424 2446 570 2505 sunt,
608 2438 959 2510 philosophis
982 2457 1202 2513 quoque
1233 2452 1360 2497 nota
1387 2452 1441 2497 et
1465 2444 1712 2512 medicis,

179 2530 229 2583 de
255 2530 425 2597 quibus
452 2545 655 2587 omnes
689 2547 777 2587 res
809 2541 863 2587 et
888 2547 1122 2603 corpora
1158 2534 1397 2588 humana
1427 2544 1712 2603 compacta

178 2632 293 2688 sunt,
327 2632 481 2684 terra.
513 2639 689 2693 aqua,
720 2640 817 2681 aer
837 2636 891 2680 et
916 2625 1076 2696 ignis.
1105 2624 1330 2680 Terram
1357 2626 1409 2680 in
1432 2628 1711 2694 carnibus,

181 2728 320 2769 acrem
365 2716 412 2769 in
450 2716 653 2783 halitu,
688 2733 886 2787 aquam
922 2719 975 2772 in
1014 2719 1267 2781 humore,
1304 2719 1481 2790 ignem
1528 2720 1580 2772 in
1618 2734 1713 2773 ca-

178 2804 263 2859 lore
295 2806 536 2877 iutelligi.
574 2808 718 2862 Cum
757 2822 889 2875 ergo
921 2807 1105 2862 anima
1139 2808 1403 2863 caducum
1457 2808 1563 2861 hoc
1609 2807 1712 2861 fri-

179 2897 422 2968 giduntqne
482 2899 885 2969 corpusculum
950 2897 1047 2954 Dei
1092 2897 1344 2967 jussione
1419 2899 1712 2966 dimiserit,

178 2989 391 3054 paulatim
424 2990 615 3044 omnia
671 2991 851 3045 redire
900 2991 966 3044 ad
1014 2990 1275 3044 matrices
1305 3005 1433 3045 suas
1470 2992 1716 3045 substan-

180 3080 501 3136 tiaszcarnes
538 3083 595 3136 in
661 3092 869 3136 terram
929 3081 1123 3149 relabi,
1181 3081 1415 3136 halitum
1477 3083 1530 3136 in
1584 3098 1711 3137 aera

181 3175 370 3241 uisceri,
405 3176 702 3231 humorem
736 3176 931 3232 reverti
978 3177 1046 3233 ad
1077 3152 1330 3250 ab‘yssos,
1367 3176 1610 3233 calorem
1646 3178 1711 3231 ad

1822 680 1938 735 sue,
1963 672 2134 739 paleae
2157 685 2279 729 sunt
2309 673 2585 729 dissoluta:
2610 688 2623 727 :
2651 674 2734 731 sic
2759 686 2812 733 et
2843 677 2896 732 in
2932 679 3146 733 ratione
3200 678 3400 733 buma-

1822 779 2015 819 norum
2050 780 2339 837 corporum
2390 780 2618 825 manent
2667 770 2915 838 quiedam
2969 771 3225 840 surgendi
3256 773 3401 825 anti-

1820 874 1926 929 qua
1960 860 2251 929 principia,
2283 872 2338 917 et
2365 865 2522 933 quasi
2571 862 2885 935 ἐντεριώνη,
2931 864 2983 918 id
3031 872 3114 918 est
3162 864 3395 918 semina-

1820 955 1961 1007 rium
2011 964 2371 1019 mortuorum,
2410 958 2531 1010 sinu
2576 967 2736 1011 terra“:
2766 955 3105 1011 confovetur.
3137 953 3269 1009 Cum
3302 971 3396 1009 au-

1821 1054 1928 1101 tem
1952 1044 2143 1114 judicii
2184 1047 2301 1103 dies
2331 1049 2637 1115 adverterit,
2662 1058 2715 1103 et
2753 1050 2803 1104 in
2839 1064 2972 1104 voce
3000 1049 3315 1116 archangeli
3345 1059 3400 1103 et

1820 1138 1873 1193 in
1926 1140 2225 1195 novissima
2269 1142 2398 1196 tuba
2471 1143 2755 1197 tremuerit
2805 1152 2973 1208 terra,
3027 1145 3398 1198 movebuntur

1818 1233 2004 1287 statim
2036 1234 2267 1299 semina,
2297 1244 2352 1287 et
2382 1234 2433 1288 in
2465 1244 2668 1304 puncto
2711 1235 2858 1289 horae
2908 1247 3151 1290 mortuos
3191 1236 3397 1306 germi-

1821 1314 2060 1390 nabnnt;
2103 1342 2210 1380 non
2246 1336 2429 1381 tamen
2458 1328 2675 1381 easdem
2703 1342 2915 1391 carnes,
2950 1341 3049 1381 nec
3088 1327 3141 1380 in
3177 1328 3261 1381 his
3286 1327 3399 1381 for-

1819 1418 1924 1473 mis
1960 1419 2255 1475 restituent
2284 1434 2406 1488 qua:
2439 1418 2680 1473 fuerunt.
2719 1416 2809 1473 Vis
2862 1418 3006 1472 seire
3052 1432 3241 1471 verum
3274 1433 3397 1472 esse

1818 1512 1962 1579 quml
1989 1512 2241 1577 dicimus,
2268 1512 2393 1564 audi
2434 1510 2752 1581 Apostolum
2786 1525 2842 1562 ει
2869 1509 2973 1564 Sed
3009 1510 3143 1563 dicit
3174 1509 3395 1577 aliquis,

1824 1621 1843 1654 r
1877 1602 2155 1671 Quomodo
2189 1615 2478 1675 resurgent
2511 1605 2747 1659 mortui?
2779 1617 2888 1673 quo
2940 1612 3122 1656 autem
3168 1616 3397 1671 corpore

1823 1714 1839 1746 ‹
1862 1697 2387 1768 venient?|nsipiens
2417 1738 2431 1763 ,
2479 1696 2624 1766 quod
2661 1706 2715 1750 tu
2749 1697 3008 1759 seminas,
3058 1708 3164 1748 non
3195 1708 3398 1762 corpus

1821 1787 2264 1858 «quodfuturnm
2322 1800 2405 1846 est
2451 1790 2713 1853 seminas,
2749 1789 2842 1843 sed
2889 1789 3093 1842 nudum
3135 1802 3396 1858 granum.

1822 1899 1837 1928 ι
1860 1884 2329 1953 utputatricici“,
2365 1904 2384 1938 ι
2430 1884 2555 1937 vitis
2586 1892 2641 1939 et
2670 1881 2910 1936 arboris.
2940 1879 3011 1936 Et
3034 1882 3157 1950 quia
3187 1882 3253 1935 de
3273 1896 3398 1948 gra-

1820 1995 1889 2033 no
1944 1978 2107 2033 tritici
2136 1993 2201 2033 ac
2235 1988 2483 2032 semente
2516 1978 2776 2031 arborum
2808 1990 2874 2029 ex
2910 1984 3065 2044 parte
3106 1973 3220 2043 jam
3255 1975 3397 2028 dixi-

1821 2087 1960 2138 mus,
1996 2086 2139 2125 nunc
2193 2072 2260 2125 de
2305 2070 2465 2123 acino
2526 2068 2724 2123 viuacii
2756 2068 3113 2122 disseramus.
3152 2065 3395 2122 Granum

1819 2180 2045 2236 parvum
2078 2172 2182 2229 est,
2211 2163 2282 2217 ita
2319 2172 2377 2216 ut
2410 2162 2499 2215 vix
2533 2162 2743 2215 duobus
2775 2159 3023 2228 digitulis
3061 2160 3234 2213 teneri
3267 2175 3395 2226 pos-

1819 2259 1908 2312 sit.
1963 2255 2063 2312 Ubi
2116 2264 2245 2309 sunt
2282 2252 2659 2309 radices?ubi
2708 2252 2953 2307 radicum
3003 2261 3059 2306 et
3122 2252 3297 2305 trunci
3341 2262 3399 2306 et

1818 2350 2177 2421 propaginum
2210 2357 2452 2403 tortuosa
2499 2346 2819 2415 perplexio?
2865 2345 2956 2399 ubi
3000 2348 3384 2415 pampinormn

1819 2445 2158 2508 umbracula,
2197 2450 2253 2495 et
2294 2454 2524 2494 uvarum
2584 2439 2961 2508 pulchritudo,
3020 2438 3203 2491 futura
3266 2437 3394 2491 vina

1818 2529 2158 2598 parturiens?
2197 2528 2424 2583 Aridum
2474 2536 2557 2583 est
2633 2528 2777 2595 quod
2857 2535 3099 2593 tenetur,
3147 2539 3201 2583 et
3255 2543 3397 2599 pene

1817 2621 1921 2673 vix-
1961 2622 2205 2675 cernitur
2251 2618 2398 2674 :sed
2460 2618 2515 2672 in
2572 2618 2719 2673 sicco
2780 2618 2874 2673 illo
2927 2632 3100 2689 grano
3157 2619 3396 2689 potentia

1816 2709 1910 2765 Dei
1945 2722 1999 2765 et
2032 2711 2245 2765 occulta
2305 2710 2519 2766 ratione
2578 2714 2872 2777 sementis,
2926 2712 3243 2781 spumantia
3278 2727 3398 2766 mu-

1817 2816 1903 2860 sta
1978 2803 2293 2859 fundentur.
2364 2803 2492 2859 llzcc
2553 2804 2702 2875 ligno
2764 2806 2986 2871 tribuis,
3048 2806 3197 2875 quod
3252 2807 3395 2876 peri-

1820 2906 1997 2950 turum
2032 2905 2159 2962 est;
2196 2896 2279 2951 sic
2313 2905 2562 2960 ornatur,
2598 2896 2742 2965 quod
2791 2912 3109 2952 mansurum
3148 2913 3255 2953 non
3288 2907 3392 2965 εει,

1817 3003 1916 3043 nec
1961 2988 2250 3059 pristinam
2315 2990 2545 3060 recipiet
2592 2988 2894 3060 vilitatem;
2951 3001 3007 3046 et
3062 2992 3149 3046 vis
3204 3005 3394 3045 rursus

1816 3082 2075 3153 37ossa,
2101 3084 2445 3154 sanguinem,
2474 3086 2739 3151 membra;
2762 3095 2823 3139 ut
2840 3086 3215 3140 crescentibus
3231 3084 3398 3155 capil-

1818 3176 1884 3231 lis
1929 3186 2151 3232 tonsore
2200 3192 2379 3247 egeas,
2436 3194 2605 3235 nasus
2652 3180 2878 3249 pituitas
2935 3178 3167 3249 digerat,
3218 3178 3399 3232 inere-

179 3268 338 3321 atltera
376 3269 695 3326 subvolare.
729 3271 793 3323 Et
818 3271 1094 3339 quomodo
1135 3273 1180 3325 si
1222 3273 1521 3344 sextarium
1555 3272 1712 3327 lactis

1819 3275 1999 3319 menta
2051 3266 2309 3337 unguium
2343 3270 2639 3322 resecanda
2682 3268 2824 3334 sint;
2882 3278 2940 3322 ut
2979 3283 3077 3338 per
3105 3265 3399 3323 inferiores

178 3363 322 3417 ctrini
349 3364 525 3420 mittas
558 3365 619 3419 in
652 3365 903 3436 pelagus,
933 3365 1176 3436 velisque
1208 3381 1425 3420 rursum
1456 3378 1714 3434 separare

178 3455 285 3520 quod
329 3457 535 3511 mistum
598 3468 690 3513 est
721 3474 733 3510 :
759 3458 943 3512 viuum
974 3458 1193 3527 quidem
1223 3466 1277 3513 et
1307 3456 1392 3512 lac
1440 3455 1583 3525 quod
1612 3455 1714 3509 mi-

178 3560 314 3614 seras,
342 3557 440 3603 non
490 3549 747 3618 periere,
779 3564 885 3602 non
928 3559 1109 3604 tamen
1144 3563 1308 3618 posse
1340 3548 1484 3618 quod
1530 3546 1710 3601 fusum

177 3647 241 3690 est
265 3641 516 3717 separari;
564 3643 655 3695 sic
702 3639 1063 3695 substantiam
1096 3640 1281 3695 carnis
1322 3649 1377 3694 et
1424 3638 1709 3707 sanguinis

176 3746 256 3783 non
286 3732 445 3801 perire
493 3733 725 3801 quidem
782 3731 837 3785 in
884 3731 1249 3801 originalibus
1292 3732 1563 3798 materiis,
1602 3748 1708 3787 non

176 3834 315 3880 tamen
353 3828 404 3882 in
428 3830 722 3899 antiquam
759 3827 943 3881 redire
976 3829 1383 3898 compaginem,
1417 3841 1519 3880 nec
1551 3840 1712 3896 posse

177 3931 226 3969 ex
257 3929 352 3974 toto
380 3922 567 3977 eadem
608 3936 735 3977 esse
780 3936 903 3991 qua:
940 3919 1169 3976 fuerint.
1214 3919 1349 3974 Cum
1390 3928 1571 3972 autem
1607 3918 1708 3973 ista

178 4010 399 4079 dicantur,
421 4016 678 4071 soliditas
713 4015 988 4080 carnium,
1024 4013 1303 4085 sanguinis
1332 4013 1531 4084 liquor,
1553 4026 1709 4069 cras-

178 4106 319 4162 situdo
344 4125 656 4173 nervorum,
679 4121 1055 4178 venarumque
1080 4107 1362 4177 perplexio
1403 4116 1458 4161 et
1502 4106 1711 4161 ossium

178 4198 359 4254 durities
398 4201 728 4271 denegatur.
783 4198 905 4252 Alia
976 4198 1190 4253 ratione
1247 4199 1709 4253 resurrectionem

179 4304 416 4359 corporum
439 4293 777 4349 eontitemur
810 4302 997 4346 eorum
1033 4305 1152 4360 qua:
1179 4290 1231 4344 in
1261 4290 1528 4360 sepulcris
1556 4290 1707 4360 posi-

183 4395 221 4434 ta
246 4396 363 4447 sunt,
386 4388 712 4456 dilapsaque
742 4386 795 4440 in
827 4386 1044 4441 eineres
1070 4398 1085 4436 :
1114 4382 1272 4439 Pauli
1302 4384 1480 4449 Pauli,
1520 4395 1577 4439 et
1609 4386 1712 4439 Pe«

183 4476 233 4527 tri
256 4474 393 4542 Petri,
430 4489 483 4533 et
527 4477 751 4548 singula
786 4479 1171 4548 singulorum;
1210 4492 1391 4546 neque
1438 4478 1587 4532 enim
1625 4477 1709 4532 fas

182 4579 317 4623 estut
356 4573 404 4625 in
448 4574 581 4628 aliis
640 4572 975 4642 corporibus
1030 4571 1223 4625 anima:
1252 4572 1626 4639 peccaverint,
1653 4573 1707 4626 in

182 4658 277 4716 aliis
318 4671 704 4734 torqueantur;
754 4660 854 4719 nec
886 4663 1016 4731 justi
1066 4664 1271 4734 judicis
1326 4664 1430 4719 alia
1458 4680 1707 4734 [corpora

182 4767 257 4819 pro
287 4758 480 4815 Christo
522 4760 855 4829 sanguinem
888 4757 1134 4825 fundere,
1161 4769 1216 4813 et
1243 4759 1348 4812 alia
1379 4761 1653 4815 coronari.
1684 4779 1703 4812 ι

184 4846 285 4915 Quis
309 4852 409 4908 lucc
457 4856 694 4907 audiens
736 4853 1197 4907 resurrectionem
1246 4852 1428 4907 carnis
1456 4868 1578 4907 eum
1610 4870 1708 4909 ne-

183 4958 281 5010 gare
305 4947 469 5011 putet?
496 4964 517 4996 ι
548 4946 665 5008 Est,
702 4944 904 5013 inquit,
932 4944 1160 5014 singulis
1209 4945 1511 5001 seminibus
1564 4948 1710 5002 ratio

186 5035 377 5098 quiedam
414 5053 440 5091 a
484 5037 600 5091 Deo
648 5034 865 5089 artiﬁce
901 5034 1085 5101 insita,
1136 5052 1258 5106 qua:
1287 5038 1504 5092 futuras
1545 5052 1711 5094 mate-

189 5126 265 5179 tias
289 5129 330 5180 in
359 5129 601 5184 medulla:
632 5126 919 5199 principiis
948 5135 1115 5183 tenet.
1150 5128 1218 5183 Et
1254 5133 1529 5198 quomodo
1562 5140 1709 5186 tanta

188 5217 355 5276 arboris
396 5223 737 5295 magnitudo,
783 5231 1024 5288 truncus,
1052 5221 1214 5287 rami,
1240 5236 1421 5292 poma,
1448 5222 1576 5277 folia
1602 5239 1707 5279 non

189 5310 390 5367 videntur
421 5316 470 5369 in
495 5317 729 5381 semine,
756 5326 885 5369 sunt
913 5324 1092 5369 tamen
1115 5315 1170 5369 in
1212 5318 1426 5370 ratione
1459 5318 1711 5383 seminis,

192 5420 313 5471 quam
335 5407 491 5465 Graeci
513 5408 935 5481 σπερματισμόν
972 5420 1205 5475 vocant;
1231 5418 1286 5464 et
1311 5410 1363 5463 in
1395 5425 1567 5478 grano
1595 5410 1708 5464 fru-

194 5500 320 5552 menti
365 5513 440 5557 est
482 5503 841 5565 intrinsecus,
893 5502 978 5555 vel
1018 5500 1277 5565 medulla,
1330 5501 1418 5555 vel
1469 5502 1661 5555 venula
1690 5541 1705 5565 ,

194 5602 283 5658 qua:
309 5608 415 5649 cum
447 5597 497 5651 in
524 5606 669 5651 terra
698 5595 866 5650 fuerit
898 5592 1186 5658 dissoluta,
1213 5594 1383 5647 trahit
1406 5593 1472 5647 ad
1497 5608 1556 5649 se
1580 5595 1712 5648 vici-

196 5696 269 5737 nas
291 5689 546 5753 materias,
565 5698 622 5745 et
659 5689 713 5742 in
759 5687 1038 5757 stipulam,
1072 5686 1225 5752 folia,
1250 5688 1560 5755 aristasque
1585 5701 1715 5740 con-

197 5779 354 5848 surgit;
401 5782 647 5853 aliudque
705 5781 962 5847 moritur,
1021 5778 1164 5833 aliud
1220 5778 1502 5847 resurgit;
1537 5790 1712 5847 neque

1816 3368 1999 3427 partes
2035 3359 2117 3415 vel
2153 3369 2398 3415 stercora
2444 3361 2532 3416 vel
2569 3360 2826 3417 libidines
2873 3360 3131 3417 eﬂluant?
3155 3362 3199 3418 si
3234 3361 3401 3417 all'crs

1819 3454 1952 3509 istas
1991 3454 2227 3525 ineptias
2256 3455 2618 3524 rusticorum,
2656 3466 2714 3512 et
2760 3457 2965 3523 carnis,
3018 3458 3072 3511 in
3125 3472 3234 3528 qua
3285 3456 3398 3515 Deo

1814 3546 2036 3617 placere
2080 3562 2188 3604 non
2234 3561 2551 3618 possumus,
2604 3551 2762 3621 quasi
2790 3550 3027 3607 inimica:
3054 3550 3400 3609 Oblivisceris

1815 3652 1871 3696 et
1903 3644 2328 3699 resurrectionis
2372 3652 2716 3699 mortuorum
2746 3660 2759 3697 :
2800 3662 2817 3695 ι
2847 3642 3162 3699 Seminatur
3190 3644 3245 3699 in
3283 3658 3402 3699 cor-

1825 3736 2135 3805 rruptione,
2171 3744 2365 3807 surget
2418 3737 2472 3790 in
2508 3737 2948 3806 incorruptione.
3000 3736 3316 3793 Seminatur
3343 3738 3399 3792 in

1822 3828 2214 3893 (contumelia,
2244 3839 2429 3900 surget
2454 3829 2506 3884 in
2562 3830 2754 3901 gloria.
2792 3829 3114 3885 Seminatur
3148 3831 3202 3886 in
3238 3831 3399 3885 inlir-

1821 3922 2067 3988 unitate,
2113 3933 2304 3992 surget
2358 3924 2412 3977 in
2435 3924 2663 3977 virtute.
2696 3922 3014 3978 Seminatur
3049 3938 3248 3991 corpus
3289 3924 3402 3977 ani-

1822 4014 2017 4080 rmalc,
2078 4026 2264 4086 surget
2322 4030 2524 4086 corpus
2563 4014 2930 4086 spirituale“.
2970 4036 2991 4069 ι
3018 4015 3175 4071 Nunc
3226 4016 3401 4072 oculis

1817 4106 2081 4174 videmus,
2114 4107 2341 4162 auribus
2380 4108 2658 4175 audimus,
2704 4107 2957 4162 manibus
2984 4107 3215 4177 agimus,
3243 4104 3399 4176 pedi-

1813 4200 1915 4255 bus
1946 4199 2335 4255 ambulamus:
2374 4200 2428 4253 in
2484 4200 2578 4254 illo
2605 4208 2787 4255 autem
2840 4214 3078 4269 corpore
3125 4197 3396 4269 spirituali

1818 4292 1911 4347 ιοιί
1935 4290 2267 4357 videbimus,
2305 4292 2399 4347 toti
2428 4292 2736 4357 audiemus,
2768 4292 2870 4347 toti
2898 4292 3276 4362 Operabimur,
3297 4290 3397 4345 toti

1814 4385 2218 4440 ambulabimus
2247 4403 2260 4439 :
2296 4393 2352 4439 et
2405 4402 2424 4436 ε
2457 4383 2868 4453 transﬁgurabit
2898 4383 3162 4439 Dominus
3197 4399 3397 4452 corpus

1820 4478 2177 4533 «humilitatis
2192 4487 2419 4544 nostrae,
2436 4476 2715 4531 conl‘orme
2730 4476 2947 4546 corpori
2968 4476 3274 4544 snaegloriae
3292 4477 3355 4524 ⁸³.
3370 4494 3391 4526 ι

1826 4570 2057 4637 Quando
2102 4569 2261 4636 dixit,
2321 4588 2340 4621 ι
2378 4568 2815 4639 transligurabit,
2850 4585 2868 4619 ο
2913 4568 2966 4621 id
3000 4577 3081 4621 est
3116 4583 3395 4638 μετασχη-

1819 4664 2061 4735 ματίσει,
2087 4663 2457 4717 membrorum
2489 4662 2690 4731 quibus
2722 4674 2868 4715 nunc
2898 4661 3123 4724 utimur,
3162 4659 3394 4714 diversi-

1818 4764 1905 4810 tas
1939 4756 2273 4824 denegatur.
2304 4752 2469 4807 Aliud
2500 4752 2659 4807 nobis
2685 4750 2971 4821 spirituale
3011 4759 3066 4805 et
3096 4751 3396 4805 acthereum

1815 4848 2179 4921 promittitur,
2207 4845 2351 4915 quod
2394 4859 2497 4900 nec
2551 4846 2718 4900 tactui
2768 4845 3037 4916 subjacet,
3085 4861 3184 4902 nec
3222 4846 3398 4901 oculis

1816 4943 2085 5008 cernitur,
2114 4954 2215 4996 nec
2243 4938 2482 5010 pondere
2511 4946 2910 5009 praegravatur,
2946 4948 2998 4994 et
3024 4952 3121 5008 pro
3152 4936 3395 4992 locorum

1817 5037 1873 5093 in
1909 5036 2109 5105 quibus
2157 5033 2401 5089 futurum
2431 5041 2537 5097 est,
2570 5032 2838 5088 varietate
2875 5032 3197 5086 mutabitur.
3233 5029 3388 5085 Alio-

1818 5130 1909 5199 qui
1938 5129 1980 5182 si
2013 5126 2217 5181 eaedem
2244 5139 2439 5181 carnes
2464 5132 2723 5190 erunt,et
2747 5139 2974 5190 corpora
3002 5138 3123 5192 qua:
3147 5121 3396 5188 fuerunt,

1821 5234 2039 5275 rursum
2094 5231 2279 5272 mares
2328 5225 2383 5270 et
2442 5215 2679 5282 feminze,
2718 5230 2936 5270 rursum
2986 5214 3228 5283 nuptiae;
3263 5214 3397 5269 viris

1818 5315 2093 5369 hirsutum
2132 5309 2510 5380 supereilimn,
2548 5311 2715 5365 barba
2775 5309 3010 5380 prolixa,
3075 5308 3396 5362 mulieribus

1818 5406 1983 5460 laeves
2011 5418 2163 5473 genre
2188 5413 2243 5458 et
2278 5411 2509 5471 angusta
2541 5413 2796 5470 pectora;
2829 5401 2896 5455 ad
2928 5399 3313 5469 concipiendos
3342 5409 3398 5452 et

1820 5497 2116 5566 pariendos
2153 5493 2295 5548 fetus
2326 5505 2519 5548 venter
2555 5502 2609 5548 et
2656 5492 2866 5548 femora
2914 5492 3196 5547 dilatanda
3244 5503 3392 5546 sunt.

1822 5589 2129 5656 llesurgcnt
2158 5588 2325 5641 etiam
2367 5585 2643 5651 infantuli,
2669 5580 2957 5655 resurgent
2997 5596 3051 5640 et
3085 5600 3281 5649 senes;
3318 5585 3394 5638 illi

1823 5679 2118 5744 nutriendi,
2143 5679 2195 5732 bi
2223 5679 2431 5733 baculis
2458 5677 2816 5732 sustentandi.
2854 5676 2964 5733 Nec
2996 5692 3110 5741 vos,
3132 5691 3164 5731 o
3193 5675 3400 5744 simpli-

1825 5788 1938 5838 ces,
1965 5770 2294 5827 resurrectio
2313 5768 2526 5825 Domini
2560 5770 2815 5841 decipiat,
2848 5768 2992 5840 quod
3024 5768 3167 5825 latus
3195 5774 3251 5824 et
3281 5776 3399 5823 ma-

227 5912 307 5966 "!
339 5912 463 5979 Cor.
488 5933 581 5986 xv,
626 5913 723 5972 50.
797 5911 890 5965 “1
925 5912 1051 5968 Cor.
1086 5926 1176 5976 xv,
1202 5909 1292 5962 '51.
1370 5911 1409 5940 δ’
1446 5908 1463 5962 l
1500 5908 1627 5962 Cur.
1655 5925 1743 5975 xv,
1775 5909 1860 5979 £2,
1894 5910 1981 5976 45,
2008 5909 2096 5966 Η.
2178 5912 2221 5944 ⁶²
2252 5911 2452 5985 Philip.
2484 5931 2569 5986 Ill,
2605 5916 2698 5976 21.
