4064 6414
228 343 311 400 101
1273 345 1360 398 EX
1399 344 1725 400 ORIGENIS
1767 344 1993 399 LIBRIS
2030 345 2487 401 STROMATUM.
3419 347 3520 404 102

314 461 361 512 ld
393 473 560 510 unum
599 474 764 511 nunc
827 458 1168 512 monendum
1224 466 1491 525 superest,
1533 456 1923 526 Hieronymum
1975 457 2137 510 hosce
2173 457 2538 526 Στρωματεῖς
2568 458 2710 511 inter
2746 471 2839 514 eos
2889 471 3175 513 recensere
3224 457 3395 514 libros
3433 460 3524 528 qui

222 528 483 590 maximis,
554 537 619 580 et
692 532 1000 597 praecipue
1055 532 1119 581 de
1170 529 1581 582 resurrectione
1640 529 1920 580 erroribus
1951 527 2259 597 scatebant,
2287 539 2344 581 et
2379 545 2516 596 quos
2544 544 2666 582 eam
2703 528 2773 580 ob
2827 544 2936 583 rem
2997 544 3154 581 nemo
3207 546 3371 583 ausus
3406 527 3526 583 erat

221 599 398 653 Latine
435 595 906 669 reddereavme
938 600 1220 669 epistolam
1257 599 1344 660 58,
1379 599 1538 669 alias,
1575 598 1664 659 tit,
1695 612 1816 669 cap.
1871 601 1926 660 8,
1956 596 2069 669 _ubi
2102 595 2355 663 Origeuis
2398 595 2599 666 dogma
2649 598 2712 650 de
2744 600 3146 669 resurrectione
3178 602 3432 666 exponit:
3472 609 3526 651 et

220 669 492 734 epistolam
519 666 623 736 41,
659 668 819 722 alias
857 669 955 735 65,
973 665 1042 722 'in
1081 684 1182 736 qua
1217 669 1331 721 ait:
1366 686 1382 718 ι
1408 667 1636 722 Centum
1673 665 2066 736 quinquaginta
2098 669 2225 720 anui
2263 683 2429 736 prope
2459 665 2605 731 sunt,
2640 681 2703 720 ex
2735 683 2844 734 quo
2874 667 3134 735 Origenes
3162 665 3406 722 mortuus
3441 679 3525 721 est

222 737 515 807 Tyri.Quis
546 735 916 809 Latinorum
951 735 1114 792 ausus
1140 747 1223 792 est
1249 752 1490 807 unquam
1525 738 1823 809 transferre

1945 736 2162 809 rosejus
2189 735 2271 790 De
2294 739 2696 801 resurrectione,
2724 738 2863 805 Περὶ
2884 737 3113 808 ἀρχῶν,
3138 737 3527 809 Στρωματέας

215 805 552 877 θιΐόμουςς
590 807 733 876 quis
772 823 883 877 per
928 809 1129 864 infame
1157 823 1294 877 opus
1319 805 1560 877 scipsum
1600 807 1767 861 voluit
1795 807 1841 860 in

1945 805 2090 860 tari?
2140 824 2160 857 ι

989 1133 1102 1192 EX
1139 1131 1377 1215 LlBRO
1408 1131 1675 1192 SEXTO
1708 1130 2209 1192 STROMATUM
2245 1132 2621 1194 ORIGENIS
2654 1133 2800 1209 ('26).

287 1302 390 1373 39
412 1301 576 1357 Plato
603 1303 664 1357 in
695 1304 886 1357 tertio
923 1303 998 1358 De
1032 1305 1291 1374 republica
1336 1306 1513 1360 libro:
1558 1325 1576 1356 ι
1612 1303 1831 1362 Veritas
1861 1310 1905 1366 Α
1937 1315 2022 1360 ιιιι·
2052 1306 2346 1376 ambiguis,
2385 1315 2436 1362 et
2468 1321 2566 1376 per
2593 1307 2880 1376 aenigmata
2927 1322 3045 1376 quae
3073 1306 3184 1361 vult
3217 1307 3442 1376 profert,
3465 1318 3523 1364 ιιι

215 1410 412 1466 quoque
452 1394 751 1448 sectanda
794 1409 1140 1464 magnopere
1169 1405 1273 1455 est.
1323 1395 1378 1450 Si
1403 1396 1569 1460 enim,
1600 1406 1656 1449 ut
1683 1398 1842 1466 paulo

216 1501 326 1542 ante
351 1489 682 1542 rectissime
729 1487 1096 1553 dicebamus,
1125 1488 1232 1542 Deo
1279 1488 1533 1542 indecens
1566 1498 1620 1542 et
1656 1487 1844 1542 inutile

214 1579 549 1632 mendacium
596 1592 740 1644 est;
806 1578 1134 1632 hominibus
1191 1579 1519 1648 quandoque
1572 1579 1722 1642 utile,
1784 1588 1844 1632 ut

215 1681 417 1723 utantur
472 1685 545 1725 eo
615 1671 808 1740 quasi
857 1671 1216 1725 condimento
1265 1681 1427 1739 atque
1461 1669 1838 1734 medicamine,

215 1760 329 1814 nulli
382 1761 630 1814 dubium
682 1771 787 1816 est
826 1763 966 1832 qttin
1013 1763 1317 1832 hujusmodi
1353 1762 1576 1816 licentia
1614 1761 1842 1817 medicis

215 1852 369 1905 danda
422 1853 498 1906 sit
527 1860 584 1906 et
647 1854 728 1907 ab
797 1851 1244 1922 imprudentibus
1293 1853 1643 1907 removenda.
1676 1854 1838 1917 Vera,

217 1941 389 2012 inquit,
437 1944 720 1997 asseris:
763 1959 914 2012 ergo
954 1935 1225 2014 principes
1261 1944 1501 2010 urbium,
1543 1945 1588 1998 si
1645 1945 1840 2013 quibus

217 2044 263 2087 et
289 2033 402 2086 aliis
442 2033 559 2089 hoc
593 2035 984 2101 conceditur,
1030 2044 1243 2104 oportet
1281 2034 1576 2104 aliquando
1625 2035 1838 2089 mentiri

214 2123 287 2176 vel
337 2133 538 2178 contra
592 2126 842 2191 hostes,
910 2126 994 2180 vel
1024 2141 1120 2195 pro
1149 2125 1321 2194 patria
1355 2136 1409 2180 et
1451 2125 1680 2179 civibus.
1715 2145 1733 2178 ι
1775 2125 1839 2179 Ει

213 2231 300 2270 nos
347 2218 522 2287 igitur
585 2219 759 2273 illius
815 2220 1078 2290 praecepti
1125 2233 1430 2275 memores:
1466 2238 1484 2270 ι
1526 2220 1838 2289 Loquimini

212 2309 484 2364 veritatem
528 2311 958 2379 unusquisque
993 2326 1114 2366 cum
1163 2311 1414 2379 proximo
1442 2326 1538 2365 suo
1557 2310 1621 2378 δι,
1652 2329 1669 2361 ι
1731 2327 1835 2366 non

212 2402 458 2458 debemus
487 2404 729 2467 dicere,
761 2404 915 2470 Quis
950 2412 1033 2458 est
1060 2405 1339 2473 proximus
1374 2405 1568 2458 meus?
1596 2405 1687 2458 sed
1711 2419 1841 2457 con-

212 2493 445 2550 siderare
481 2495 810 2564 quomodo
861 2495 1221 2564 philosolihus
1251 2509 1412 2551 caute
1459 2496 1685 2558 dixerit,
1731 2497 1839 2550 Deo

211 2584 457 2641 indecens
541 2591 606 2638 et
682 2584 840 2639 utile
905 2601 1031 2640 esse
1104 2587 1474 2650 mendacium;
1530 2585 1840 2639 hominibus

213 2676 471 2732 interdum
523 2677 792 2743 inutile;
857 2682 918 2730 et
983 2677 1123 2745 quod
1177 2694 1242 2732 ne
1285 2693 1384 2747 pro
1435 2678 1837 2748 dispensatione

212 2767 414 2835 quidem
464 2770 783 2838 putandus
823 2770 906 2822 sit
946 2770 1085 2824 Deus
1112 2771 1401 2839 aliquando
1443 2772 1678 2826 mentiri.
1740 2770 1834 2824 Sin

212 2869 379 2916 autem
411 2862 810 2917 commodum
837 2860 1117 2916 audientis
1144 2863 1412 2932 exegerit,
1452 2863 1634 2919 verbis
1667 2862 1839 2932 l0qui-

1946 1410 2000 1452 ct
2030 1400 2273 1453 veritatis
2299 1401 2440 1468 apud
2467 1415 2587 1453 eum
2613 1398 2848 1464 dignitas
2879 1409 3263 1461 conservetur;
3295 1411 3348 1453 et
3374 1400 3520 1468 quod

1946 1493 2164 1544 noxium
2207 1505 2325 1544 esse
2373 1499 2584 1557 poterat
2625 1490 2667 1544 si
2712 1492 2911 1543 nudmn
2947 1489 3277 1559 proferretur
3325 1492 3374 1543 in
3406 1491 3521 1542 vul-

1944 1599 2061 1654 gus,
2096 1583 2328 1651 quodam
2391 1592 2591 1635 tectum
2637 1581 2908 1635 velamine
2962 1583 3296 1650 proferatur.
3346 1582 3520 1635 Homo

1946 1687 2124 1730 autern
2161 1676 2246 1729 cui
2272 1673 2531 1728 incumbit
2557 1676 2856 1728 necessitas
2887 1675 3202 1733 mentiendi.
3238 1674 3520 1744 diligenter

1943 1768 2212 1833 attendat,
2259 1776 2313 1820 ut
2347 1768 2425 1822 sic
2474 1775 2664 1820 utatur
2709 1767 2978 1820 interdum
3038 1765 3339 1830 mendacio,
3381 1781 3518 1833 quo-

1943 1859 2103 1912 modo
2159 1857 2507 1911 condimento
2561 1866 2723 1926 atque
2773 1855 3161 1920 medicamine;
3227 1863 3286 1907 ut
3339 1865 3520 1907 servet

1943 1965 2253 2004 mensuram
2289 1949 2427 2018 ejus,
2456 1963 2521 2002 ne
2543 1947 2769 2001 excedat
2793 1945 3075 2009 terminos,
3101 1945 3296 2014 quibus
3320 1959 3414 1998 usa
3439 1955 3522 1998 est

1942 2041 2128 2096 Judith
2158 2050 2347 2095 contra
2382 2039 2804 2108 lloloplternem,
2853 2048 2907 2091 et
2941 2037 3071 2089 vicit
3112 2049 3232 2089 eum
3268 2034 3519 2105 prudenti

1942 2133 2285 2188 simulatione
2319 2135 2606 2185 verborum
2653 2131 2718 2183 °".
2746 2128 2991 2183 Imitetur
3016 2127 3230 2190 Esther,
3269 2142 3388 2196 quae
3415 2128 3522 2178 Ar-

1945 2226 2187 2278 taxerxis
2263 2224 2590 2279 sententiam
2649 2223 2739 2275 diu
2808 2222 2972 2275 tacita
3056 2220 3234 2290 gentis
3293 2219 3522 2274 veritate

1942 2316 2278 2382 correxit“;
2311 2325 2364 2370 et
2394 2316 2446 2370 in
2488 2316 2678 2384 primis
2721 2313 3085 2384 patriarcham
3122 2310 3310 2374 Jacoh,
3360 2324 3520 2378 quem

1943 2407 2172 2476 legimus
2241 2407 2650 2462 benedictiones
2703 2405 2870 2473 patris
2935 2401 3132 2457 artifici
3201 2402 3523 2470 impetrasse

1945 2499 2226 2553 mendacio
2247 2498 2313 2550 ⁸⁷.
2347 2497 2427 2551 Ex
2454 2513 2562 2567 quo
2590 2497 2938 2566 perspicuum
2993 2503 3096 2558 est,
3133 2491 3404 2562 quodnisi
3445 2490 3519 2546 ita

1944 2591 2156 2646 mentiti
2191 2591 2476 2654 fuerimus,
2522 2600 2581 2644 ut
2605 2603 2861 2658 magnum
2890 2587 3046 2640 nobis
3081 2599 3147 2637 cx
3177 2583 3279 2636 hoc
3304 2579 3522 2649 aliquod

1945 2693 2221 2752 quaeratur
2267 2673 2489 2745 bonum,
2527 2680 2805 2752 judicandi
2867 2679 3052 2738 simus,
3097 2673 3254 2746 quasi
3312 2671 3524 2728 inimici

1944 2775 2059 2845 ejus
2084 2776 2174 2843 qui
2206 2775 2320 2828 ait:
2354 2791 2373 2825 ‹
2405 2773 2515 2841 Ego
2558 2785 2675 2825 sum
2720 2764 3010 2838 veritasj“.
3037 2784 3056 2817 ι

973 3177 1087 3237 EX
1117 3177 1358 3241 LIBRO
1383 3181 1693 3244 DECIMO
1725 3179 2229 3242 STROMATUM
2261 3171 2642 3237 ORIGENIS
2663 3165 2813 3250 (27).

284 3361 304 3392 ι
339 3341 395 3396 Et
426 3348 556 3394 erat
622 3339 728 3392 vir
779 3336 1055 3390 habitans
1111 3339 1161 3390 in
1201 3337 1492 3411 Babylone,
1533 3349 1587 3395 et
1645 3356 1844 3395 nomen

213 3437 322 3504 ejus
342 3435 581 3497 Joacim,
619 3442 684 3487 et
722 3429 963 3496 accepit
1003 3444 1221 3484 uxorem
1265 3432 1486 3486 nomine
1513 3433 1842 3498 Susanuam,

217 3525 366 3578 filiam
409 3524 659 3586 Helcim,
701 3519 1018 3589 pulchram
1054 3519 1212 3572 nimis
1245 3529 1299 3573 et
1341 3521 1618 3576 timentem
1665 3523 1844 3577 Domi-

217 3633 354 3674 num.
386 3617 451 3670 Et
485 3625 785 3686 parentes
811 3613 940 3677 ejus
961 3607 1092 3679 justi
1124 3611 1455 3667 edocuerant
1488 3614 1656 3668 tiliam
1688 3631 1841 3669 suam

214 3707 351 3774 juxta
381 3709 562 3778 legem
592 3705 794 3776 Moysi
834 3703 907 3755 σε).
950 3721 968 3753 ι
1005 3701 1115 3758 Hoc
1141 3705 1400 3760 utendum
1427 3715 1508 3760 est
1530 3707 1839 3762 testimonio

218 3803 281 3854 ad
311 3801 781 3856 exhortationem
807 3805 1125 3867 parentum,
1152 3805 1208 3850 ut
1231 3796 1460 3852 doceant
1481 3800 1632 3869 juxta
1662 3800 1834 3870 legem

221 3891 308 3948 Dei
339 3904 793 3961 sermonemque
833 3889 1109 3954 divinum,
1165 3905 1269 3945 non
1320 3891 1489 3945 solum
1551 3893 1711 3957 lilios,
1747 3894 1842 3948 sed

221 3997 274 4041 et
303 3989 433 4043 filias
479 4003 643 4043 suas.

295 4081 464 4135 «Erat
522 4092 728 4134 autem
785 4074 1006 4129 Joacim
1067 4076 1216 4132 dives
1264 4078 1452 4145 valde,
1509 4087 1563 4132 et
1612 4088 1730 4133 erat
1789 4079 1840 4134 ei

225 4177 516 4243 pomarium
591 4175 867 4227 vicinum
930 4168 1112 4223 domui
1183 4172 1440 4238 sme7°,r
1506 4182 1613 4227 etc.
1678 4172 1841 4225 Refe‘

229 4268 368 4320 rrbat
417 4267 701 4320 Hebraeus
792 4262 940 4315 istos
1004 4274 1123 4314 esse
1192 4262 1343 4314 Ahah
1412 4272 1465 4314 et
1521 4262 1834 4324 Setlcciam,

232 4359 293 4410 de
329 4359 524 4426 quibus
578 4355 796 4410 scribit.
834 4349 1134 4404 Jerentias:
1169 4369 1186 4401 ι
1228 4351 1416 4405 Faciat
1479 4362 1530 4406 te
1585 4355 1842 4407 Dominus

234 4451 359 4504 sicut
389 4452 552 4505 Abab
605 4457 668 4501 et
692 4446 1030 4506 Sedeciam,
1062 4460 1196 4512 quos
1223 4443 1374 4498 frixit
1419 4461 1508 4497 rex
1559 4445 1848 4515 Babylonis

238 4544 283 4594 in
311 4543 426 4612 igne
450 4553 693 4612 propter
720 4536 1088 4606 iniquitatem
1119 4551 1277 4603 quam
1309 4535 1548 4589 fecerant
1573 4537 1626 4590 in
1660 4537 1845 4601 Israel,

237 4646 281 4686 et
309 4636 703 4690 adulterarant
743 4643 958 4685 uxores
989 4628 1185 4682 civium
1234 4629 1541 4681 suorum”.
1580 4650 1594 4678 ι

303 4727 372 4780 De
395 4726 607 4796 quibus
645 4726 891 4778 locutus
930 4730 1014 4773 est
1039 4718 1330 4774 Dominus:
1366 4722 1488 4787 quia
1508 4735 1722 4790 egressa
1769 4727 1853 4774 est

243 4819 487 4889 iniquitas
521 4820 591 4873 de
629 4814 938 4885 Babylone
963 4827 990 4863 a
1019 4811 1242 4864 senibus
1280 4812 1552 4879 judicibns
1573 4812 1664 4880 qui
1703 4814 1848 4866 vide-

244 4911 422 4964 bantur
462 4923 671 4979 regere
703 4903 1004 4975 populum.
1041 4900 1128 4956 lsti
1162 4899 1581 4969 frequentabant
1625 4903 1843 4955 domum

245 4999 529 5066 lsi-acim",
557 5006 710 5054 rete.
739 4992 989 5048 Pulchre
1009 4991 1071 5044 de
1099 4992 1432 5062 presbyteris
1453 4991 1832 5060 peccatoribus

249 5110 340 5148 non
380 5097 488 5148 ait:
522 5111 544 5144 ι
587 5093 689 5162 qui
727 5086 1006 5157 regebant
1050 5084 1339 5154 populum;
1367 5103 1385 5135 ι
1412 5087 1535 5148 sed,
1565 5103 1583 5134 ι
1649 5085 1738 5151 qui
1768 5085 1848 5137 vi-

319 5271 360 5300 “
379 5267 583 5337 Ephes.
610 5267 802 5332 W35.
887 5265 1153 5334 “Iudith,
1181 5284 1240 5322 tt.

1325 5269 1370 5299 ⁸⁸
1402 5267 1557 5321 Esth.
1606 5281 1656 5318 tv
1688 5274 1741 5318 et
1785 5280 1939 5332 seqq.

1946 3342 2211 3396 debantur
2245 3351 2456 3407 regere.
2497 3353 2515 3386 ι
2552 3333 2653 3401 Qui
2684 3331 2829 3386 enim
2862 3332 2998 3387 bene
3037 3340 3277 3401 praesunt
3303 3333 3521 3402 populo,

1945 3441 2136 3500 regunt
2167 3430 2466 3501 populum;
2518 3428 2611 3498 qui
2648 3438 2826 3481 autem
2860 3435 3065 3480 tantum
3101 3443 3295 3482 nomen
3325 3428 3523 3484 habent

1939 3530 2181 3598 judicum
2237 3537 2286 3582 et
2320 3527 2518 3596 injuste
2540 3533 2780 3594 pratsunt
2811 3523 3030 3593 populo,
3061 3537 3251 3593 regere
3274 3526 3524 3580 videntur

1943 3621 2195 3690 populum
2227 3619 2397 3686 magis
2435 3634 2595 3688 quam
2637 3627 2848 3688 regant.

2021 3732 2037 3764 r
2075 3712 2138 3764 Et
2173 3710 2554 3765 deambulabat
2584 3709 2636 3764 in
2659 3709 2905 3780 pomario
2927 3709 3028 3764 viri
3059 3711 3138 3765 sui
3179 3718 3234 3764 et
3264 3709 3526 3764 videbant

1943 3820 2062 3859 eam
2099 3818 2258 3858 senes
2281 3801 2522 3871 quotidie
2556 3800 2954 3870 ingredientem
2983 3813 3038 3857 et
3061 3803 3522 3867 deambulantem,

1945 3907 2001 3950 et
2057 3903 2384 3950 exarserunt
2441 3893 2492 3946 in
2540 3894 3041 3961 concupiscentiam
3082 3895 3151 3960 ⁷³,
3181 3914 3200 3946 ι
3232 3904 3335 3949 etc.
3370 3894 3524 3960 Quod

1944 3987 2116 4042 Grmci
2153 3996 2346 4039 vocant
2394 3986 2584 4051 πάθος,
2611 4001 2705 4041 nos
2739 4004 2757 4035 ι
2798 3988 3259 4054 perturbationem
3303 4005 3322 4037 ι
3353 3984 3526 4055 magis

1945 4097 2105 4150 quam
2127 4099 2144 4131 r
2168 4080 2471 4147 passionem
2497 4099 2514 4131 ι
2539 4080 2736 4134 rectius
2755 4084 3199 4150 interpretamur.
3224 4077 3527 4148 llzecigitur

1943 4168 2281 4239 perturbatio
2316 4175 2368 4221 et
2408 4169 2603 4237 cupido
2653 4168 2896 4222 libidinis
2935 4167 3197 4228 titillavit,
3234 4167 3344 4218 imo
3405 4177 3528 4231 per-

1946 4261 2113 4314 cussit
2157 4262 2320 4314 corda
2391 4259 2688 4312 seniorum.
2752 4259 2856 4313 Sed
2890 4267 2947 4312 ut
3002 4259 3052 4310 in
3093 4256 3289 4310 animis
3337 4268 3528 4309 eorum

1942 4352 2150 4420 jaceret
2217 4351 2675 4415 fundamentum,
2738 4361 2792 4405 et
2859 4351 3168 4419 cogitarent
3221 4347 3530 4402 desiderata

1944 4443 2240 4511 complere,
2276 4445 2372 4513 ipsi
2407 4453 2724 4498 everterunt
2753 4458 2970 4497 sensum
3022 4455 3220 4502 suum;
3265 4451 3375 4505 quo
3397 4434 3534 4489 sub-

1944 4547 2104 4587 verso
2133 4533 2274 4585 oculi
2319 4548 2506 4587 eorum
2536 4531 2780 4585 inclinati
2821 4541 2969 4595 sunt,
3005 4538 3065 4581 ut
3117 4525 3361 4580 ccelestia
3425 4537 3533 4576 non

1944 4625 2210 4686 viderent,
2239 4639 2336 4678 nec
2387 4623 2808 4677 recordarcntur
2847 4619 3181 4690 judiciorum
3230 4615 3543 4685 justorum,’

1946 4716 2059 4768 sive
2092 4714 2206 4776 Dei,
2235 4714 2349 4767 sive
2371 4713 2696 4778 honestatis,
2729 4711 2842 4765 sive
2866 4720 3100 4774 naturae,
3128 4721 3250 4776 quae
3279 4703 3538 4760 omnibus

1945 4811 2010 4860 ad
2041 4807 2241 4859 bonum
2278 4806 2440 4858 insita
2481 4812 2581 4858 est.

2029 4917 2048 4950 ι
2082 4899 2145 4952 Ει
2173 4914 2300 4953 ecce
2332 4899 2577 4953 Susanna
2608 4895 3012 4958 inambulabat,
3054 4911 3071 4944 ι
3101 4902 3208 4948 etc.
3248 4891 3391 4942 Ante
3420 4886 3540 4957 jam

1954 4994 2154 5046 dictum
2181 5000 2263 5044 est
2286 4989 2426 5058 quod
2462 4987 2604 5041 facto
2660 5001 2818 5040 mane
2857 4984 3224 5040 inambularet
3260 4980 3537 5034 Susanna.

1953 5083 2067 5138 Nec
2096 5084 2453 5151 incongruum
2485 5088 2569 5134 est
2596 5080 2664 5133 ad
2702 5078 3000 5147 placandos
3027 5090 3122 5130 eos
3165 5072 3256 5140 qui
3291 5072 3535 5124 omnium

3049 5253 3093 5284 ⁸³
3125 5251 3260 5306 Dan.
3288 5263 3412 5311 xm,
3446 5247 3498 5322 l,

2018 5263 2059 5294 ⁸⁷
2086 5261 2222 5317 Gen.
2260 5277 2422 5314 xxvn.
2506 5260 2550 5290 ⁵⁸
2574 5257 2730 5315 Joan.
2774 5272 2890 5322 xw,
2920 5256 2971 5309 6.

247 5344 375 5408 2,3.
425 5329 705 5415 '"Klbid’.
752 5343 814 5394 4.
896 5338 942 5369 τι
973 5329 1168 5392 σιειθιιι.
1219 5354 1369 5404 XXIX,
1425 5338 1516 5401 ea,
1563 5337 1658 5390 ea.
1737 5337 1781 5367 τι
1829 5329 1967 5387 Dan.
2014 5351 2134 5397 χιιι,
2174 5333 2229 5396 5,
2259 5332 2310 5383 6.
2391 5330 2594 5382 “una.
2649 5329 2702 5394 7,
2753 5329 2806 5383 8.

311 5530 418 5601 (26)
458 5530 881 5601 Fragmentum
920 5521 1072 5601 istud
1112 5521 1353 5601 exhibet
1381 5529 1601 5601 sanctus
1655 5517 1848 5572 Hiero-

250 5591 429 5669 nyinus
465 5591 611 5654 ιιὴῆ
641 5600 930 5669 adversus
952 5592 1221 5669 Ruﬁnum.
1259 5592 1387 5669 Vide
1421 5591 1703 5669 blonitum.

305 5672 411 5741 (Ξῖ)
458 5671 857 5741 Hieronymus
889 5662 1175 5741 Comment.
1204 5664 1258 5716 in
1307 5662 1515 5741 Daniel.
1545 5678 1664 5741 Cap.
1696 5675 1841 5741 Χιιιε

253 5760 268 5788 ι
301 5731 611 5808 Expositis...
640 5731 876 5805 inquit.
921 5741 979 5785 ut
1030 5733 1302 5808 potuimus
1345 5747 1466 5801 quae
1505 5733 1554 5784 in
1608 5731 1845 5808 _Daniclis

249 5803 560 5882 bbro'juxta
591 5803 949 5864 llebraicutn
983 5806 1348 5866 continentur,
1379 5817 1569 5872 ponam
1607 5803 1845 5858 breviter

1957 5515 2084 5584 quid
2121 5513 2387 5582 Origenes
2418 5513 2489 5584 in,
2519 5510 2740 5584 decimo
2773 5507 3099 5584 Strontattmt
3135 5520 3358 5584 Sitonum
3392 5503 3530 5584 libro

1956 5575 2022 5640 de
2063 5575 2333 5639 Susanna:
2380 5593 2436 5637 et
2480 5582 2619 5636 Belis
2672 5580 2870 5653 fabulis
2917 5579 3134 5653 dixerit.
3182 5575 3348 5653 gttjtts
3413 5577 3529 5653 haec

1955 5658 2121 5710 verba
2157 5665 2281 5708 sunt
2309 5667 2429 5722 qua:
2456 5653 2588 5724 locis
2618 5652 2730 5724 suis
2763 5648 3104 5724 subnotabis.
3131 5667 3147 5697 ι
3182 5644 3376 5724 Verum

1953 5728 2106 5796 genis
2139 5711 2597 5796 verbis'nonnulla
2629 5720 2828 5796 de_s_uo
2861 5719 3135 5774 interdum
3167 5713 3374 5770 addidit
3405 5711 3532 5768 Hie-

1953 5791 2235 5867 ronymus,
2265 5804 2322 5849 ut
2355 5793 2550 5864 legenti
2582 5791 2805 5862 patebit.
