4064 6414
569 354 677 412 105

1978 351 2404 411 FRAGMENTA

3737 361 3835 418 IOI

568 488 690 544 que
708 470 947 544 gerimus
967 469 1033 525 de
1057 470 1357 539 Scripturls
1389 473 1598 528 sanctis
1614 473 2148 544 quaeruntexempla,
2180 478 2227 534 Α
2253 474 2560 529 clariorem.
2593 470 2749 526 Unde
2776 486 2966 542 magna
3002 485 3119 527 erat
3149 475 3476 532 exclamatio
3528 476 3647 545 ejus
3700 478 3833 542 De).

570 566 715 621 hunc
750 562 1121 619 inambulandi
1144 562 1318 617 locum
1352 578 1662 621 assumere:
1688 568 1831 636 quod
1859 576 2004 621 recte
2027 568 2151 636 quis

569 657 638 709 ad
666 654 1029 725 vegetandum
1054 652 1439 723 corpusculum
1465 656 1771 711 deambulet
1791 661 1807 726 (
1825 657 1946 728 28).
1978 657 2150 724 Quem

568 748 746 802 locum
783 747 851 801 de
878 744 1231 815 Septuaginta
1268 745 1507 801 editione
1539 764 1683 803 nunc
1733 751 1909 819 posui.

643 857 663 890 ι
685 838 820 894 Cum
851 847 1032 892 autem
1066 852 1300 908 egressa:
1335 847 1518 893 essent
1544 840 1753 909 puella),
1784 850 2149 896 surrexerunt

568 932 675 986 duo
704 946 883 994 senes,
905 940 964 985 ut
1002 939 1356 985 accurrerent
1381 932 1449 985 ad
1495 946 1612 986 eam
1637 935 1705 998 τι,
1744 953 1763 987 ι
1798 944 1903 989 etc.
1952 935 2053 1003 Qui
2084 937 2148 989 ad

564 1022 937 1077 summitatem
991 1022 1247 1093 perfecta:
1299 1024 1517 1079 virtutis
1580 1026 1826 1091 venerit,
1871 1042 2147 1095 nunquam

565 1115 820 1171 dicitsibi
844 1114 1131 1170 imminere
1158 1116 1477 1181 discrimen,
1500 1117 1542 1172 si
1562 1118 1930 1172 adulterorum
1958 1134 2149 1171 manus

568 1221 677 1261 non
702 1206 972 1276 ell'ugerit,
996 1205 1330 1262 dicentium:
1358 1229 1376 1260 ι
1398 1210 1683 1265 Assenlire
1709 1211 1887 1275 nubis,
1917 1220 1969 1266 ct
1997 1228 2145 1264 com-

566 1298 799 1355 miscere
824 1301 1127 1356 nobiscum.
1159 1303 1438 1373 Alioquin,
1472 1306 1575 1359 etsi
1609 1306 1873 1371 nolueris,
1901 1307 2148 1362 dicemus

568 1391 939 1445 testimonium
967 1402 1160 1447 contra
1201 1403 1253 1449 te
1291 1397 1433 1464 quod
1464 1396 1629 1450 fuerit
1684 1408 1859 1451 tecum
1908 1398 2145 1466 juvenis,

565 1491 622 1537 et
645 1483 747 1538 hac
776 1483 843 1539 de
873 1499 1036 1539 causa
1065 1484 1175 1557 40
1201 1486 1473 1543 dimiseris
1507 1490 1719 1560 puellas
1751 1507 1778 1543 a
1816 1500 1867 1545 te
1892 1492 1958 1543 ⁷⁸.
1988 1509 2005 1541 ι
2039 1490 2145 1544 llu-

566 1587 741 1629 mana:
765 1574 964 1645 quippe
1016 1574 1332 1645 fragilitatis
1376 1587 1481 1645 est,
1520 1589 1751 1632 tnortem
1801 1578 1994 1631 timere
2025 1595 2146 1648 qua:

565 1664 801 1720 infertur
824 1665 1185 1737 projustitia;
1224 1669 1327 1724 nisi
1368 1668 1510 1726 forte
1539 1671 1849 1741 angustiam
1875 1672 2145 1740 interpre-

564 1758 800 1813 tabimur
850 1774 958 1816 non
1012 1760 1353 1818 imminentis
1394 1762 1609 1828 mortis,
1642 1763 1735 1818 sed
1771 1763 2045 1833 opprobrii
2092 1773 2146 1818 et

564 1847 903 1918 ignominiaa,
935 1866 1040 1921 qua
1068 1852 1444 1920 perfundenda
1479 1862 1597 1906 erat
1628 1852 1732 1908 illis
1758 1855 2146 1910 accusantibus

570 1950 744 2009 atque
764 1941 1101 1999 dicentibus:
1134 1961 1155 1997 ι
1189 1944 1315 1999 Fuit
1341 1944 1575 2009 cumlilla
1601 1944 1831 2011 iuvenis,
1858 1954 1913 2001 et
1949 1946 2148 2001 idcirco

568 2034 775 2088 dimisit
804 2035 1029 2105 puellas.
1072 2054 1094 2089 ι

643 2126 1034 2183 ιδίειιξιιιιιοο
1059 2142 1247 2197 egero,
1285 2144 1434 2185 mors
1489 2129 1622 2184 mibi
1675 2139 1793 2196 est;
1856 2130 1902 2185 si
1958 2139 2141 2184 autem

564 2234 671 2273 non
700 2219 800 2284 7‘,»
831 2230 938 2275 etc.
974 2218 1265 2275 Peccatum
1290 2230 1730 2293 mortenyvocat.
1750 2221 1905 2277 Sicut
1935 2238 2068 2292 ergo
2096 2223 2145 2278 ei

564 2312 656 2381 qui
710 2311 843 2367 facit
891 2313 1243 2379 adulterium,
1312 2329 1461 2369 mors
1517 2324 1603 2371 est
1658 2314 2027 2384 adulterium;
2068 2319 2149 2373 sic

564 2420 726 2460 omne
780 2417 1060 2476 peccatum
1120 2404 1264 2475 quod
1324 2404 1473 2462 ducit
1536 2412 1604 2463 ad
1673 2418 1940 2475 mortem,
2000 2425 2148 2465 mors

563 2497 950 2567 appellandum
985 2509 1089 2555 est.
1122 2500 1191 2555 Et
1242 2501 1405 2557 toties
1454 2501 1591 2556 mori
1628 2502 1906 2558 credimur
1930 2504 2148 2573 quoties

562 2604 855 2660 peccamus
890 2593 957 2647 ad
985 2602 1235 2648 mortem.
1265 2591 1419 2649 Unde
1446 2594 1759 2651 econtrario
1790 2596 1948 2651 toties
1968 2611 2150 2652 resur-

562 2683 744 2751 gimus
786 2694 843 2738 et
890 2684 1269 2755 viviﬁcamur,
1326 2688 1540 2757 quoties
1594 2688 1721 2744 vita:
1775 2687 1937 2761 digna
1980 2702 2148 2760 opera

561 2769 814 2832 facimus.

637 2884 660 2918 ι
696 2866 802 2923 Sed
843 2868 1035 2927 melius
1068 2871 1201 2927 mihi
1250 2882 1334 2929 est
1362 2873 1568 2946 absque
1594 2889 1761 2944 opere
1803 2874 2047 2933 incidere
2089 2875 2148 2932 in

564 2974 757 3015 manus
780 2972 1015 3029 vestras,
1048 2979 1211 3034 quam
1246 2980 1475 3035 peccare
1514 2983 1567 3022 in
1605 2977 1904 3038 conspectu
1955 2969 2147 3026 Domi-

563 3054 618 3107 ni
639 3055 707 3109 ".
744 3074 763 3107 ι
818 3056 877 3110 In
936 3054 1126 3113 Graeco
1164 3074 1272 3114 non
1306 3058 1506 3129 legitur
1552 3060 1934 3133 αἱρετώτερον,
1964 3062 2016 3118 id
2041 3072 2145 3129 est,

563 3148 774 3214 melius,
804 3150 900 3205 sed
932 3150 1171 3224 αἱρετόν,
1211 3152 1353 3221 quod
1405 3156 1595 3207 bonum
1636 3155 1981 3223 interpretari
2019 3171 2148 3226 pos-
2175 3181 2219 3239 ο

565 3254 775 3293 sumus.
805 3238 958 3295 Unde
980 3242 1257 3311 eleganter
1282 3258 1388 3297 non
1421 3245 1557 3300 dixit
1584 3266 1595 3301 :
1627 3264 1645 3297 ι
1679 3245 1870 3302 Melius
1906 3247 2040 3303 mihi
2064 3259 2145 3304 est

563 3329 809 3386 incidere
838 3333 890 3388 in
917 3349 1113 3390 manus
1141 3334 1451 3405 iniquorum
1493 3341 1963 3411 presbyterorum,
1986 3358 2148 3414 quam

560 3437 793 3493 peccare
818 3424 874 3479 in
901 3436 1194 3496 conspectu
1244 3427 1493 3484 Domini:
1531 3450 1551 3483 ι
1590 3447 1659 3487 ne
1684 3433 1965 3490 videretur
2001 3451 2151 3491 com-

564 3518 853 3587 paratione
877 3520 1084 3589 peccati
1117 3520 1261 3589 quod
1287 3536 1394 3576 non
1422 3530 1541 3577 erat
1569 3524 1792 3593 bonum,
1827 3528 1930 3583 hoc
1960 3530 2146 3599 appel-

566 3608 680 3663 lare
702 3609 915 3665 melius.
943 3608 1074 3677 Sed,
1100 3610 1336 3667 oBonum
1354 3623 1459 3678 est,
1482 3616 1677 3685 inquit,
1697 3618 1830 3672 mihi
1850 3634 1955 3673 non
1971 3619 2151 3676 facere

566 3701 794 3767 malum,
834 3712 888 3758 et
919 3703 1156 3759 incidere
1188 3707 1241 3760 in
1290 3723 1484 3765 manus
1508 3718 1742 3775 vestras,
1793 3725 1863 3765 ne
1928 3726 2147 3781 peccem

566 3795 623 3848 in
655 3804 953 3863 conspectu
976 3796 1245 3854 Domini.»
1272 3800 1386 3855 Non
1410 3816 1542 3872 ergo
1566 3817 1663 3871 per
1689 3804 2149 3871 comparationem

563 3888 849 3958 legendum
878 3899 999 3945 est:
1040 3910 1059 3943 ‹
1094 3890 1287 3949 Melius
1308 3894 1442 3948 mihi
1480 3905 1568 3949 est
1590 3896 1833 3951 incidere
1872 3897 1927 3951 in
1954 3912 2149 3951 manus

562 3990 793 4046 vestras,
824 3996 985 4050 quam
1022 3996 1246 4052 peccare
1280 3986 1332 4041 in
1387 3997 1685 4056 conspectu
1727 3986 2011 4051 Dominip
2053 3990 2148 4045 sed

564 4070 846 4128 absolute:
880 4071 1121 4128 iBonum
1147 4076 1277 4130 mibi
1307 4087 1393 4133 est
1420 4094 1528 4133 non
1554 4078 1733 4135 facere
1762 4080 1961 4135 malum
1990 4091 2045 4136 et
2066 4084 2150 4136 in-

565 4167 748 4221 cidere
781 4168 833 4222 in
880 4184 1070 4224 manus
1100 4181 1334 4238 vestras,
1367 4187 1435 4228 ne
1463 4188 1682 4244 peccem
1738 4178 1793 4231 in
1850 4184 2147 4248 conspectu

563 4262 799 4317 Domini.
836 4282 855 4315 ι

640 4372 658 4405 ι
690 4354 753 4408 Et
779 4354 1099 4411 exclamavit
1169 4373 1300 4413 voce
1353 4375 1549 4430 magna
1608 4355 1860 4418 Susanna
1896 4362 1995 4428 ⁷⁸,ι
2027 4372 2139 4419 etc.

564 4444 756 4517 Magna
785 4460 891 4502 vox
911 4457 1054 4515 erat,
1088 4466 1195 4505 non
1229 4452 1374 4507 aeris
1396 4453 1751 4521 percussione
1805 4463 1861 4509 et
1905 4453 2142 4510 clamore

2230 4200 2233 4209 ε
2248 4176 2599 4231 occidendum
2632 4186 2687 4231 et
2727 4176 3133 4231 succlamantes
3166 4172 3443 4229 dixerint:

2254 580 2375 635 qua:
2399 565 2468 619 ab
2496 564 2809 619 hominibus
2843 578 2948 617 non
2994 566 3338 621 audiebatur.

2326 677 2345 710 ι
2378 657 2622 727 Cumque
2647 658 2942 711 duceretur
2982 658 3047 711 ad
3091 670 3345 725 mortem,
3380 661 3669 716 suscitavit
3731 661 3832 715 Do-

2253 747 2433 802 minus
2483 748 2741 817 Spiritnm
2776 755 3029 802 sanctum
3084 750 3240 817 pueri
3289 749 3529 820 junioris
3554 752 3638 815 ⁸⁸,
3672 771 3691 803 ι
3727 764 3832 807 etc.

2251 841 2369 908 Quo
2398 855 2649 895 sermone
2687 842 2995 896 ostenditur
3030 856 3137 895 non
3202 843 3436 897 intrasse
3470 845 3522 897 in
3556 844 3832 898 Danielem

2252 932 2517 1001 Spiritum
2550 944 2821 999 sanctum,
2846 937 2940 990 sed
2980 950 3102 990 eum
3142 936 3375 1007 quierat
3406 938 3458 990 in
3492 937 3583 991 illo
3628 944 3684 991 et
3711 938 3833 1005 qui-

2249 1024 2466 1078 escebat
2493 1036 2711 1094 propter
2742 1028 2919 1081 :etatis
2954 1028 3353 1095 infirmitatem,
3387 1044 3487 1083 nec
3503 1045 3597 1083 sua
3624 1038 3834 1097 poterat

2250 1131 2413 1184 Opera
2442 1118 2841 1185 demonstrare,
2868 1121 2990 1174 data
3020 1122 3312 1178 occasione
3332 1138 3431 1192 pro
3466 1131 3654 1176 sancta
3680 1121 3836 1177 femi-

2252 1225 2317 1263 na
2343 1226 2370 1262 a
2409 1208 2635 1263 Domino
2670 1211 3018 1268 suscitatum.

2324 1323 2341 1353 ι
2379 1302 2437 1355 Et
2468 1303 2943 1358 exclamavitvoce
2980 1320 3211 1375 magna:
3262 1305 3490 1362 Mundus
3510 1323 3611 1379 ego
3651 1323 3768 1362 sum
3801 1323 3829 1360 a

2250 1392 2514 1461 sanguine
2563 1394 2719 1461 hujus
2749 1394 2819 1458 ⁸¹,
2862 1414 2880 1445 ι
2914 1405 3021 1449 etc.
3083 1395 3355 1449 Snscitato
3416 1397 3469 1451 in
3506 1412 3565 1452 se
3630 1397 3831 1466 Spiritu

2248 1496 2461 1548 Sancto,
2490 1496 2545 1539 et
2572 1502 2691 1554 quae
2716 1502 2849 1555 puer
2876 1488 3097 1541 deberet
3131 1488 3311 1542 dicere
3334 1499 3682 1558 suggerente,
3722 1505 3826 1544 vox

2248 1578 2365 1647 ejus
2396 1596 2587 1648 magna
2620 1590 2761 1632 erat.
2794 1577 2860 1633 Et
2890 1580 3186 1633 notandum
3234 1582 3405 1635 sicubi
3453 1584 3505 1635 in
3535 1581 3834 1652 Scripturis

2249 1671 2453 1739 sanctis
2484 1673 2785 1740 peceatoris
2818 1686 2916 1726 vox
2950 1688 3140 1743 magna
3196 1684 3441 1728 vocatur.

2328 1780 2348 1816 ι
2382 1762 2625 1833 Cumque
2670 1764 2831 1818 divisi
2878 1774 3063 1819 essent
3116 1765 3259 1819 alter
3281 1765 3349 1820 ab
3398 1766 3589 1829 altero,
3620 1767 3834 1821 vocavit

2252 1871 2416 1909 unum
2456 1856 2522 1909 de
2546 1856 2627 1909 eis
2646 1855 2712 1919 ⁸¹,
2753 1876 2771 1907 ι
2808 1865 2914 1910 etc.
2946 1855 3080 1922 Quia
3104 1855 3313 1912 Hebraei
3351 1860 3644 1927 reprobant
3667 1860 3831 1912 histo-

2250 1947 2385 2000 riam
2419 1945 2680 2001 Susanna:
2708 1946 2870 2017 (29),
2905 1946 3151 2003 dicentes
3185 1964 3306 2002 eam
3334 1950 3388 2002 in
3410 1949 3647 2003 Danielis
3680 1952 3829 2003 volu-

2252 2035 2395 2089 mine
2430 2050 2535 2089 non
2572 2023 2784 2099 haberi',
2810 2036 3069 2091 debemus
3093 2038 3371 2106 inquirere
3397 2041 3615 2094 nomina
3646 2040 3829 2110 σχίνου

2250 2128 2344 2181 καὶ
2373 2128 2566 2199 πρίνου
2591 2142 2711 2198 qua:
2738 2128 2915 2183 Latini
2954 2147 2973 2180 ι
3005 2129 3179 2185 ilicem
3205 2140 3259 2185 et
3279 2132 3571 2188 lentiscum
3604 2153 3622 2185 ι
3665 2135 3834 2187 inter-

2248 2229 2554 2288 pretantur,
2581 2221 2624 2274 si
2668 2220 2776 2274 sint
2803 2222 2945 2290 apud
2986 2221 3266 2289 Hebraeos,
3316 2234 3369 2278 et
3398 2238 3560 2293 quam
3598 2225 3835 2280 habeant

2250 2312 2654 2383 etymologiam,
2689 2321 2747 2367 ut
2782 2327 2813 2366 a
2866 2312 3050 2385 σχίνῳ,
3089 2333 3108 2367 ‹
3149 2316 3361 2381 scissio,
3396 2334 3414 2367 ι
3458 2324 3511 2369 et
3556 2332 3587 2368 a
3636 2314 3830 2386 πρίνῳ,

2254 2418 2274 2453 ι
2302 2404 2474 2457 sectio
2498 2423 2517 2456 ι
2543 2405 2659 2457 sive
2686 2404 2915 2457 serratio
2942 2404 3155 2459 dicatur
3181 2406 3359 2477 lingua
3385 2422 3594 2462 eorum.
3613 2406 3767 2473 Quod
3786 2406 3829 2459 si

2250 2508 2357 2548 non
2390 2493 2556 2549 fuerit
2611 2496 2913 2560 inventum,
2956 2498 3282 2552 necessitate
3337 2513 3597 2567 cogemur
3641 2508 3699 2553 et
3736 2514 3837 2553 nos

2250 2602 2441 2642 eorum
2498 2588 2853 2658 acquiescere
2903 2591 3206 2655 sententiae,
3251 2590 3343 2658 qui
3394 2589 3568 2644 Graeci
3627 2600 3835 2644 tantum

2252 2680 2519 2736 sermonis
2543 2681 2682 2735 hanc
2712 2681 2896 2737 volunt
2920 2696 3040 2737 esse
3068 2682 3395 2753 περικοπὴν,
3429 2697 3549 2752 qua:
3585 2679 3836 2736 Graecam

2252 2774 2450 2829 habeat
2507 2781 2717 2829 tantum
2766 2776 3175 2849 etymologiam.
3236 2786 3291 2829 et
3343 2774 3667 2829 Itebraicam
3730 2789 3834 2828 non

2252 2868 2469 2925 habeat.
2507 2867 2662 2937 Quod
2710 2870 2756 2925 si
2801 2874 2922 2939 quis
2962 2868 3265 2924 ostenderit
3320 2868 3547 2922 duarum
3605 2866 3837 2921 istarum

2252 2964 2509 3020 arborum
2542 2963 2821 3020 scissionis
2871 2972 2925 3019 et
2978 2963 3239 3017 sectionis
3293 2960 3349 3015 in
3400 2958 3634 3015 Iiebrreo
3690 2969 3838 3015 stare

2251 3057 2660 3129 etymologiam,
2684 3065 2811 3111 tunc
2826 3054 3127 3127 poterimus
3150 3053 3313 3109 etiam
3338 3052 3481 3108 hanc
3497 3051 3835 3124 Seriptnram

2253 3149 2514 3219 recipere.

2332 3262 2352 3296 ι
2379 3242 2719 3300 Exclamavit
2739 3252 2921 3298 autem
2939 3240 3119 3298 omnis
3145 3254 3417 3312 synagOga
3446 3253 3581 3295 voce
3617 3254 3837 3308 magna,

2252 3346 2307 3392 et
2368 3338 2771 3393 benedixerunt
2832 3336 3003 3390 Deum
3051 3334 3145 3406 qui
3214 3334 3390 3389 salvat
3438 3342 3724 3404 Sperantes
3784 3335 3836 3387 in

2251 3446 2313 3486 se
2340 3430 2441 3497 ⁸³,ι
2472 3440 2579 3485 etc.
2610 3430 2666 3486 Si
2700 3427 2976 3483 interfecit
3005 3443 3102 3483 eos
3146 3429 3325 3483 omnis
3359 3442 3630 3498 synagoga
3685 3427 3835 3498 (ὅθ),

2254 3526 2468 3579 videtur
2503 3524 2587 3577 illa
2641 3522 2826 3593 opinio
2861 3521 3111 3586 refutari,
3146 3522 3213 3575 de
3243 3536 3347 3591 qua
3379 3535 3540 3590 supra
3574 3521 3835 3579 diximus.

2252 3618 2547 3672 secundum
2577 3614 2906 3681 Jeremiam,
2958 3612 3104 3682 quod
3150 3612 3251 3682 ipsi
3286 3622 3470 3667 essent
3529 3612 3835 3682 presbyteri

2252 3709 2405 3763 Ahab
2432 3718 2488 3762 et
2514 3706 2772 3762 Sedecias
2792 3748 2806 3771 ,
2829 3706 2933 3762 nisi
2962 3704 3104 3761 forte
3129 3706 3231 3761 hoc
3254 3704 3399 3774 quod
3422 3705 3685 3773 scriptum
3713 3714 3799 3757 est
3822 3722 3835 3758 :

2260 3802 2691 3856 «interfecerunt
2714 3815 2861 3866 eos,»
2891 3800 2971 3855 sic
3009 3800 3431 3869 interpretemur
3463 3812 3563 3866 pro
3593 3813 3659 3852 eo
3694 3800 3836 3866 quod

2249 3907 2356 3960 est,
2387 3897 2499 3966 regi
2529 3894 2818 3965 Babylonis
2848 3893 3179 3949 occidendos
3210 3892 3567 3946 tradiderunt.
3598 3889 3758 3945 Sicut
3786 3900 3838 3943 et

2251 4004 2349 4045 nos
2378 3990 2629 4053 dicimus,
2661 3987 2805 4058 quod
2836 3985 3006 4041 Judaei
3053 3986 3429 4042 interfecerint
3456 3984 3833 4048 Salvatorem;

2250 4100 2357 4140 non
2411 4098 2519 4153 quo
2581 4082 2685 4153 ipsi
2738 4080 3139 4153 percusserint,
3200 4081 3299 4135 sed
3355 4093 3461 4148 quo
3511 4076 3837 4131 tradiderint

3542 4168 3836 4239 Crucilige,

2248 4269 2505 4339 crueitige
2537 4268 2733 4322 eum“.

2326 4382 2345 4415 ι
2380 4361 2592 4417 IIelcias
2621 4374 2801 4415 autem
2845 4370 2900 4415 et
2945 4375 3083 4415 uxor
3110 4359 3225 4428 ejus
3264 4358 3623 4412 laudavernnt
3664 4356 3833 4410 Deum

2248 4470 2345 4525 pro
2390 4454 2493 4508 tilia
2521 4471 2617 4508 sua
2654 4454 2905 4508 Susanna
2938 4452 3009 4518 ⁸⁵,
3054 4471 3073 4505 ι
3106 4463 3212 4508 etc.
3249 4452 3416 4520 Digne
3462 4448 3619 4519 quasi
3658 4450 3831 4503 saneti

564 4538 825 4605 faucium,
855 4541 950 4595 sed
976 4541 1259 4611 pudicitia:
1288 4543 1664 4613 magnitudine
1694 4561 1791 4615 per
1823 4561 1984 4616 quam
2031 4547 2143 4602 ela-
2175 4529 2220 4585 Π
2249 4546 2470 4601 laudant
2533 4545 2737 4612 Deum;
2788 4560 2891 4600 non
2957 4546 3085 4616 quia
3135 4544 3363 4599 liberata
3426 4551 3511 4596 est
3556 4541 3625 4595 de
3677 4556 3834 4594 manu

565 4631 750 4686 mabat
803 4632 871 4686 ad
922 4631 1236 4689 Dominum.
1288 4634 1443 4691 Unde
1500 4647 1555 4691 et
1618 4647 1806 4693 sancta
1855 4637 2140 4709 Scriptura

561 4722 617 4774 in
662 4722 1057 4779 exclamatione
1106 4726 1380 4782 seniorum
1438 4744 1545 4784 non
1598 4730 1849 4801 apposuit
1887 4746 2139 4801 magnam

560 4828 771 4869 vocem.
802 4813 1064 4882 Sequitur
1092 4818 1270 4872 enim:
1301 4837 1321 4869 ι
1358 4820 1748 4877 Clamaverunt
1781 4830 1836 4877 et
1862 4836 2019 4877 senes
2046 4821 2140 4875 ad-

559 4918 753 4957 versus
786 4904 1011 4959 eam".i
1079 4924 1097 4957 ι
1128 4904 1465 4965 Exclamavit
1487 4922 1669 4967 autem
1710 4912 1962 4968 Susanna
1998 4927 2133 4968 voce

559 5004 779 5059 magna,
809 5009 827 5043 ι
865 4999 971 5046 etc.
1015 4991 1205 5051 Cordis
1237 4995 1480 5067 affectus,
1501 5010 1556 5056 et
1588 5002 1784 5056 mentis
1824 5018 1960 5071 pura
2002 5017 2134 5057 con-

557 5079 748 5147 fessio,
778 5092 833 5136 et
874 5083 1076 5141 bonum
1105 5090 1468 5161 conscientiae,
1500 5106 1695 5149 vocem
1729 5091 1848 5161 ejus
1891 5092 2138 5150 fecerant

634 5240 678 5273 7"
710 5242 845 5297 Dan.
879 5259 1000 5304 xui.
1031 5246 1117 5301 I9.

556 5312 651 5368 46.
728 5314 773 5344 ⁸¹
808 5314 942 5370 Ibid.
982 5315 1072 5372 59..

1214 5251 1258 5283 ⁷⁵
1287 5250 1422 5307 Ibid.
1465 5252 1555 5308 21.
1634 5254 1680 5285 ⁷⁸
1710 5253 1843 5307 Ibid.
1869 5252 1963 5306 ‘22.

1151 5320 1197 5351 ⁸³
1224 5321 1361 5378 Ibid.
1413 5324 1503 5379 60.
1557 5323 1604 5355 “
1630 5324 1763 5377 Luc.
1790 5340 1953 5389 χχιιι,
1993 5322 2082 5377 21.

630 5483 745 5560 (28)
793 5504 812 5538 σ
846 5486 964 5554 Quo
998 5490 1163 5555 dicto,
1208 5493 1462 5547 observat
1498 5490 1699 5545 ibidem
1750 5490 2140 5560 Hieronymus,

556 5553 820 5631 Qrigenes
838 5553 1072 5617 oStendit
1102 5553 1298 5616 cmtera
1341 5578 1398 5616 se
1445 5577 1551 5614 non
1593 5562 1755 5631 juxta
1781 5553 2139 5630 Septuaginta

557 5625 893 5701 [interpretes
943 5634 1284 5689 disseruisse.
1312 5653 1333 5687 ι
1396 5633 1527 5687 Vide
1570 5625 1730 5688 notas
1768 5633 1825 5688 in
1858 5625 2033 5701 'episi.
2070 5633 2136 5686 ad

554 5693 894 5765 Africanum,
929 5720 1079 5757 num.
1110 5702 1168 5757 2.

627 5765 739 5841 (29)
780 5769 994 5829 Hebra'i
1036 5774 1313 5841 reprobant
1365 5774 1640 5828 [datariam
1682 5772 1963 5829 Susannw.
1999 5771 2138 5827 Vide

551 5836 822 5899 ιιοήιίυω
850 5843 920 5899 ad
950 5836 1195 5901 Africani
1235 5855 1289 5905 et
1318 5845 1567 5917 Origenis
1596 5845 1897 5916 ἀμοιϐαίας
1930 5844 2137 5916 episto-

2049 5253 2091 5283 ⁷⁷
2123 5251 2259 5305 Ibid.
2287 5252 2378 5307 9.3.

2154 5323 2203 5353 ⁸⁸
2233 5324 2370 5377 Dan.
2400 5339 2517 5389 Mil,
2556 5328 2643 5378 (5.).

2249 4639 2692 4710 presbyterorum
2725 4641 2994 4705 Susanna,
3032 4642 3135 4695 hoc
3173 4641 3317 4694 enim
3345 4654 3450 4692 non
3483 4638 3619 4692 satis
3647 4637 3835 4690 lauda-

2248 4733 2357 4787 bile
2374 4744 2481 4798 est,
2502 4750 2601 4788 nec
2627 4734 2806 4803 magni
2831 4733 3187 4797 discriminis,
3209 4732 3251 4786 si
3286 4748 3388 4786 non
3410 4741 3555 4785 esset
3581 4730 3832 4797 liberata,

2246 4825 2340 4879 St‘ti
2376 4826 2501 4891 quia
2547 4841 2655 4879 non
2689 4834 2772 4879 est
2806 4824 3021 4878 inventa
3054 4824 3107 4877 in
3142 4838 3203 4877 ea
3231 4838 3318 4877 res
3356 4822 3547 4889 turpis.

2323 4933 2343 4966 ι
2382 4916 2688 4985 Statimque
2714 4933 2833 4969 cum
2866 4916 3168 4983 aperuisset
3212 4914 3374 4980 ostia,
3414 4912 3691 4984 aspiciens
3745 4927 3833 4968 rex

2245 5024 2405 5076 super
2436 5024 2700 5075 mensam,
2725 5008 3052 5062 exclamavit
3078 5024 3207 5063 voce
3236 5023 3466 5077 magna:
3502 5005 3732 5076 Magnus
3756 5025 3835 5068 cs,

2244 5098 2359 5163 Bel,
2384 5109 2570 5152 etnon
2602 5110 2686 5154 est
2715 5102 2854 5169 apud
2892 5112 2941 5155 te
2982 5101 3117 5154 nllus
3172 5100 3325 5154 dolus
3357 5098 3423 5157 ⁸⁸.
3470 5118 3490 5150 ι
3528 5096 3645 5153 Iloc
3690 5098 3832 5166 quod

2464 5253 2510 5283 ⁷⁸
2539 5252 2674 5307 Ibid.
2706 5256 2796 5308 Eli.
2888 5258 2930 5287 ⁷³
2964 5255 3097 5309 Ibid.
3206 5257 3251 5288 ⁸⁸
3282 5257 3417 5312 Ibid.
3446 5254 3535 5308 45.
3607 5254 3652 5285 ⁸⁸
3696 5256 3829 5312 Ibid.

2718 5328 2765 5356 δύ
2799 5325 2931 5379 Dan.
2976 5343 3087 5394 xiv,
3118 5325 3206 5383 I7.

2244 5490 2430 5564 [astet
2459 5500 2613 5564 notas
2645 5496 2711 5546 ad
2741 5502 3041 5561 utramque.
3420 5560 3425 5564 δ

2315 5563 2427 5633 ('50)
2459 5562 2521 5617 Si
2547 5564 2805 5631 interfecit
2855 5581 2941 5618 eos
2982 5566 3153 5616 omnis
3182 5562 3465 5633 synagoga,
3488 5570 3597 5616 etc.
3623 5562 3832 5616 Confer

2241 5630 2388 5690 hunc
2411 5630 2604 5688 locum
2635 5630 2755 5689 cum
2787 5651 2934 5689 num.
2962 5634 2995 5688 8
3030 5634 3271 5702 epistolae
3292 5630 3545 5701 Origenis
3575 5636 3642 5685 ad
3674 5635 3825 5686 Atri-

2239 5721 2459 5769 canutn,
2489 5706 2577 5757 ubi
2609 5713 2797 5760 contra
2850 5704 3207 5760 Wetstenium
3260 5703 3522 5773 probatur
3550 5704 3829 5771 duplicem

2236 5774 2410 5831 fuisse
2454 5777 2693 5831 historia:
2725 5776 2985 5831 Susanna:
3030 5771 3335 5832 versioném
3372 5771 3647 5842 Grmcatn,
3683 5775 3824 5830 alte—

2238 5862 2357 5904 ram
2387 5847 2455 5904 ab
2485 5846 2660 5902 altera
2694 5849 2849 5916 longe
2880 5848 3172 5905 diversam.
