3992 6530
559 420 652 475 lll

1793 420 1858 473 IN
1894 418 2140 475 LIBROS
2174 421 2332 473 ΠΕΡΙ
2366 420 2593 473 ΑΡΧΩΝ

3682 415 3776 470 ΗΞ

558 535 772 585 Avitum
807 543 1099 601 praemonet
1128 535 1256 602 quid
1292 535 1631 603 potissimum
1666 536 1715 588 in
1750 536 1899 590 hisce
1931 536 2081 589 |‘.hris
2106 538 2418 589 cavendum
2442 536 2531 597 sit,
2569 554 2585 583 ι
2623 543 2680 587 ιιι
2708 533 2871 598 scias,
2918 532 3113 603 inquit,
3133 531 3461 603 detestanda
3491 530 3589 603 tibi
3620 529 3675 603 in
3701 532 3774 603 eis

554 618 675 675 esse
715 599 1157 675 quamplurima,
1204 615 1259 658 et
1292 599 1444 674 juxta
1484 621 1790 659 sermonem
1839 606 2045 660 Domini
2090 606 2232 659 inter
2272 607 2586 675 scorpiones
2637 599 3011 675 incedendum.
3068 601 3247 675 [MOI
3292 618 3323 655 e
3376 600 3595 675 singulis
3628 599 3773 654 libris

556 674 671 725 loca
706 670 915 743 profert
941 689 1057 743 qum.
1090 670 1323 728 maxime
1356 676 1763 743 reprehensioni
1792 686 1948 730 erant
1975 676 2229 729 obnoxia.
2266 676 2337 729 Ea
2370 670 2483 729 suis
2522 690 2748 742 qtueque
2782 674 2911 726 locis
2944 673 3119 726 Rufini
3160 670 3593 743 interpretationi
3628 684 3772 738 repe-

557 743 666 795 ries
706 741 977 811 adjuncta.
1025 742 1236 813 Integra
1277 741 1439 813 porro
1483 745 1796 814 Hieronymi
1841 746 2217 814 interpretatio
2255 746 2568 814 jamdudum
2612 741 2808 811 injuria
2852 753 3151 811 temporum
3192 741 3484 795 intercidit.

1372 1059 1679 1186 RUF
1698 1059 1853 1181 ΙΝ
1865 1060 1914 1179 Ι
1994 1059 2287 1180 ΡΒΕ
2306 1056 2978 1183 SBYTERI

1805 1313 2539 1428 PROLOGUS

890 1551 998 1628 IN
1045 1548 1403 1628 LIBROS
1444 1546 1697 1631 ΠΕΡΙ
1733 1541 2097 1629 ΑΡΧΩΝ
2137 1544 2625 1626 ORIGENIS
2664 1544 3279 1625 PBESBYTERI
3331 1531 3479 1615 (δελι

603 1830 1167 1901 Seioqnamplurimos
1187 1829 1693 1889 fratrum.scientiaa
1712 1830 2115 1900 Scripturarnm
2150 1836 2194 1891 Α
2222 1831 2363 1885 cidat
2388 1874 2401 1894 ,
2440 1839 2499 1885 ιιι
2531 1832 2578 1885 is
2619 1829 2703 1883 vir
2731 1844 2888 1899 quem
2926 1829 3014 1883 ille
3065 1829 3294 1884 alterum
3346 1838 3466 1899 post
3516 1830 3773 1900 apostolos

547 1922 813 1977 desiderio
843 1932 1187 1991 provocatos,
1218 1923 1531 1990 poposcisse
1562 1923 1628 1976 ab
1661 1922 1951 1990 aliquantis
1984 1922 2114 1977 viris

543 2025 595 2067 et
617 2013 925 2069 Grmcarum
957 2013 1255 2066 litterarum
1281 2012 1491 2082 peritis,
1527 2022 1583 2067 ut
1604 2010 1888 2082 Origenem
1918 2013 2116 2067 Roma-

544 2124 670 2159 num
697 2104 937 2159 facerent
957 2116 1010 2158 et
1035 2104 1240 2159 Latinis
1264 2104 1486 2158 auribus
1504 2120 1625 2158 eum
1653 2106 1937 2159 donarent.
1969 2103 2115 2160 Inter

543 2212 681 2265 quos
712 2198 874 2251 etiam
913 2196 1077 2250 frater
1098 2204 1151 2251 et
1184 2195 1391 2264 collega
1428 2198 1743 2265 noster(53)
1776 2196 2114 2265 abepiscopo

543 2289 778 2343 Damaso
808 2290 1127 2357 deprecatus
1156 2327 1170 2351 ,
1196 2302 1318 2342 cum
1350 2287 1605 2342 homilias
1635 2289 1767 2342 duas
1794 2290 1858 2342 de
1892 2289 2113 2343 Cantico

543 2379 877 2433 canticorum
910 2380 962 2432 in
994 2378 1245 2432 Latinum
1280 2378 1641 2433 transtulisset
1677 2394 1741 2433 ex
1775 2380 1962 2434 Graeco
1991 2419 2007 2445 ,
2038 2380 2112 2433 ita

543 2471 596 2524 in
636 2471 725 2525 illo
750 2486 913 2540 opere
944 2482 1136 2525 ornate
1169 2471 1562 2541 magnificeque
1596 2471 1853 2540 praefatus
1898 2480 1982 2525 est
2012 2513 2026 2537 ,
2057 2482 2115 2526 ut

541 2560 715 2614 cuivis
749 2560 953 2629 legendi
982 2561 1266 2627 Origenem
1323 2570 1379 2614 et
1414 2562 1725 2616 avidissime
1765 2562 2110 2631 perquirendi

541 2650 867 2703 desiderium
897 2659 1267 2704 commoveret
1297 2692 1310 2716 ,
1366 2651 1554 2705 dicens
1591 2651 1730 2705 illius
1764 2653 1957 2705 animae
1985 2667 2113 2705 con-

540 2741 728 2794 venire
770 2741 912 2810 quod
946 2740 1147 2794 dictum
1179 2751 1265 2794 est
1316 2740 1441 2809 quia
1503 2760 1520 2792 ι
1556 2742 1853 2795 introduxit
1883 2742 1993 2811 (31)
2028 2758 2113 2797 me

544 2846 638 2885 rex
674 2830 729 2883 in
790 2830 1096 2885 cubiculum
1142 2848 1295 2887 suum
1328 2833 1380 2898 ¹;
1420 2852 1437 2883 ι
1493 2848 1745 2887 asserens
1801 2849 1920 2888 eum
1969 2840 2110 2903 quod

542 2936 663 2975 cum
701 2922 752 2975 in
789 2924 1006 2977 cteteris
1052 2923 1207 2977 libris
1262 2938 1453 2978 omnes
1488 2926 1709 2990 vincat,
1770 2926 1819 2977 in
1871 2926 2113 2981 Cantieis

541 3012 877 3065 canticorum
917 3013 1079 3067 etiam
1106 3014 1221 3082 ipse
1246 3028 1304 3068 se
1332 3013 1538 3067 vicerit.
1590 3015 1877 3070 Pollicetur
1907 3031 2033 3071 sane
2059 3017 2109 3071 in

541 3103 655 3172 ipsa
686 3104 1001 3171 praefatione
1041 3120 1099 3159 se
1132 3115 1181 3159 et
1243 3107 1386 3175 ipsos
1423 3106 1475 3158 in
1510 3106 1731 3161 Cantica
1776 3109 2109 3163 canticorum

541 3195 754 3260 libros,
806 3206 858 3251 et
892 3196 1026 3250 alios
1075 3198 1506 3267 quamplurimos
1552 3197 1805 3269 Origcnis
1857 3200 2112 3255 Romanis

540 3288 764 3341 auribus
797 3288 1140 3357 largiturum.
1198 3290 1303 3343 Sed
1340 3289 1426 3344 ille
1452 3333 1466 3356 ,
1520 3300 1577 3343 ut
1627 3292 1780 3345 video
1804 3333 1818 3357 ,
1882 3292 1933 3345 in
1969 3292 2109 3362 stylo

539 3379 763 3447 proprio
798 3378 1014 3448 placens
1040 3422 1054 3446 ,
1094 3397 1207 3436 rem
1244 3382 1468 3451 majoris
1502 3383 1685 3451 gloria:
1720 3384 1965 3452 sequitur
1989 3424 2004 3449 ,
2052 3394 2110 3438 ut

539 3480 693 3540 pater
723 3471 873 3525 verbi
929 3473 1000 3525 sit
1050 3474 1228 3539 potius
1265 3490 1424 3543 quam
1478 3475 1761 3544 interpres.
1829 3474 1937 3529 Nos
1982 3490 2110 3546 ergo

541 3578 657 3617 rem
693 3563 871 3618 abillo
903 3564 1117 3635 quidem
1161 3575 1393 3634 emptam
1429 3569 1706 3637 sequimur
1735 3577 1786 3621 et
1808 3569 2107 3637 probatam,

540 3658 633 3711 sed
671 3670 776 3711 non
806 3658 976 3725 aequis
1010 3657 1333 3727 eloquentia:
1372 3660 1579 3714 viribus
1617 3659 1750 3713 tanti
1786 3659 1883 3712 viri
1917 3674 2111 3713 ornare

541 3763 826 3817 possumus
856 3750 1034 3815 dicta;
1096 3751 1239 3805 unde
1272 3766 1466 3807 vereor
1511 3767 1576 3806 ne
1629 3752 1758 3805 vitio
1792 3767 1911 3805 meo
1940 3751 1990 3804 id
2022 3766 2111 3805 ac-

616 3841 631 3870 ¹
659 3839 813 3893 Cant.
842 3854 903 3903 ιι,
929 3839 984 3892 4.

612 3955 1003 4027 (3‘2)Ex_hae
1032 3955 1352 4024 prtefatione
1382 3956 1560 4010 Rufini
1609 3957 1835 4027 ejusque
1880 3969 2113 4027 quatuor

540 4026 679 4093 Napi
710 4024 910 4093 ἀρχῶν
953 4025 1208 4079 librorum
1239 4024 1680 4094 interpretatione
1718 4024 1909 4082 Latina
1943 4031 2109 4083 semi-

545 4097 757 4148 narium
784 4121 792 4129 -
816 4096 1103 4165 discordia:
1147 4104 1199 4148 et
1247 4097 1432 4165 ingens
1468 4098 1772 4151 incendium
1812 4110 1994 4152 natum
2032 4108 2115 4153 est

541 4179 665 4235 eum
703 4166 842 4235 inter
875 4178 927 4217 et
974 4164 1357 4233 llieronymuin
1391 4184 1405 4231 ;
1467 4168 1531 4220 de
1574 4183 1679 4235 quo
1712 4169 1829 4221 vide
1862 4168 2111 4221 lluetium

547 4233 995 4305 Origenianorumr
1017 4236 1154 4289 libro
1175 4236 1435 4301 secundo,
1461 4233 1846 4305 capitisqnarti
1872 4238 2115 4293 sectione

542 4304 742 4374 prima,
774 4319 920 4356 num.
942 4304 1027 4365 16,
1053 4305 1113 4357 f7
1145 4313 1366 4374 etseqq.
1396 4306 1614 4360 Interim
1641 4304 1831 4361 moneo
1858 4325 1952 4363 nos
1980 4308 2120 4362 hunc

547 4373 833 4448 prologum
864 4382 917 4427 et
946 4385 1259 4448 sequentem
1294 4373 1529 4448 quatuor
1553 4378 1695 4445 Περὶ
1726 4377 1926 4448 ἀρχῶν
1960 4379 2121 4432 libro-

543 4458 664 4497 rum
694 4444 1193 4513 interpretationem
1223 4443 1517 4499 contulisse
1551 4443 1671 4500 cum
1719 4443 2119 4502 sex'cndicibus

543 4515 956 4583 manuscriptis,
989 4530 1095 4568 uno
1124 4514 1489 4568 Virodunensi
1525 4519 1650 4569 noni
1680 4519 1860 4571 szeculi
1895 4535 1908 4583 ;
1944 4518 2113 4572 altero

543 4581 882 4649 Corbeiensi,
912 4586 1039 4639 noni
1075 4586 1279 4653 pariter
1301 4586 1481 4640 saeculi
1510 4601 1525 4645 ;
1580 4588 1736 4641 tertio
1758 4581 2066 4643 Colbcrtino
2094 4606 2107 4653 ;

546 4663 745 4716 quarto
803 4653 1151 4720 Sorhonico;
1210 4655 1399 4721 quinto
1443 4658 1756 4711 monasterii
1813 4660 1877 4712 de
1933 4658 2114 4714 Monte

547 4722 738 4777 Sancti
774 4722 1053 4780 Michaelis
1101 4726 1151 4778 in
1189 4724 1441 4778 Pcricnlo
1474 4729 1681 4793 maris;
1732 4738 1883 4782 sexto
1930 4742 2116 4781 mona-

546 4792 699 4865 sterii
755 4794 938 4865 Sancti
993 4796 1221 4865 Remigii
1289 4795 1638 4849 Rhemensis.
1670 4792 1673 4793 ⁷
1704 4799 1942 4865 Denique
1992 4813 2110 4851 cum

546 4862 686 4936 hanc
702 4862 1082 4936 praefationem
1102 4862 1261 4936 paulo
1286 4866 1596 4936 accuratius
1613 4882 1771 4936 quam
1788 4862 2043 4921 Merlinus
2062 4878 2116 4921 et

544 4928 933 4986 Genebrardus
968 4928 1196 4987 ediderit
1232 4934 1479 4987 dominus
1505 4928 1742 4991 Joannes
1770 4937 2115 4992 Martianteus

546 5011 679 5055 tom.
712 5002 775 5077 ΙΥ
814 5002 1250 5077 par_t_e‘see_unda
1297 5018 1405 5077 sua:
1448 5005 1702 5077 editionis
1726 5008 1955 5077 Operam
1990 5008 2115 5061 Hie-

544 5073 779 5142 ronymi,
814 5086 865 5140 p.
899 5070 1027 5137 539,
1057 5072 1260 5142 placuit
1293 5073 1455 5127 etiam
1480 5074 1605 5131 inde
1643 5070 1819 5133 varias
1855 5079 2113 5133 lectiones

546 5157 858 5210 excerpere.
1416 5169 1457 5183 νυ

618 5212 731 5280 (55)
764 5212 917 5287 Inter
938 5228 1068 5282 quos
1098 5214 1257 5266 etiam
1294 5214 1461 5287 frater
1488 5234 1535 5271 et
1566 5217 1763 5287 collega
1796 5228 1990 5271 noster.
2023 5216 2115 5271 Sic

543 5296 734 5361 omnes
761 5284 919 5336 codd.
954 5298 1084 5337 mss.
1128 5294 1321 5353 pra'tcr
1358 5284 1731 5361 Remigianutn
1776 5290 1862 5361 ubi
1898 5289 2110 5361 legitur,

547 5357 654 5427 χιιι
692 5367 797 5427 quo
827 5392 843 5416 ,
879 5372 897 5404 ι
936 5360 1043 5427 et_e.
1080 5393 1095 5417 ,
1152 5370 1310 5420 quam
1363 5357 1645 5412 lectionem
1681 5360 1928 5427 sequitur
1953 5360 2112 5411 etiam

543 5420 913 5491 Martiana‘us.
972 5423 1255 5491 Perperam
1289 5440 1415 5479 vero
1449 5428 1702 5483 Merlinus
1728 5420 1781 5481 et
1806 5428 2113 5483 Gcnebrar-

544 5492 647 5569 dus
674 5510 684 5545 :
743 5509 761 5542 ι
801 5490 945 5569 ln_t_er
974 5490 1109 5560 quos
1132 5495 1294 5569 etiam
1310 5496 1503 5569 J'Iater
1530 5498 1909 5569 Hieronymus,
1938 5500 2028 5551 sed
2060 5508 2114 5551 et

544 5561 772 5631 collega.
814 5581 835 5611 ›
859 5561 1124 5639 Tacuerat
1145 5562 1533 5639 enimRnfinus
1557 5561 1867 5639 Hieronymi
1894 5584 2111 5630 nomen,

545 5639 611 5708 ut
662 5640 960 5708 testantur_
995 5631 1473 5708 Paniniachinsiet
1519 5631 1777 5692 Oceanus
1817 5641 1971 5707 epist.
2021 5641 2110 5700 40,

547 5699 680 5777 alias
701 5702 788 5777 64,
814 5704 877 5777 ad
902 5701 1306 5777 Ilierornyrrrurii.
1334 5724 1350 5756 ι
1377 5707 1517 5760 Sane
1534 5699 2111 5777 subtiliter,i'nquiunt,

536 5774 600 5852 ,ιιι
639 5774 958 5852 praefatione
982 5776 1161 5840 Operis
1195 5776 1275 5852 sui
1330 5779 1655 5835 mentionem
1703 5781 1865 5834 tacito
1897 5774 2112 5834 nomine

550 5848 650 5895 tua:
686 5845 992 5897 sanctitatis
1017 5845 1300 5913 expressit.
1333 5868 1351 5899 ο

2218 1920 2477 1975 Ecclesiae
2528 1918 2807 1975 doctorem
2856 1918 3098 1973 scientia:
3144 1933 3209 1973 ac
3263 1919 3547 1988 sapientiae
3594 1921 3772 1974 merito

2216 2016 2551 2081 comprobat,
2610 2009 2787 2079 inopia
2823 2009 3090 2063 sermonis
3126 2010 3297 2063 nostri
3351 2010 3512 2079 longe
3556 2025 3671 2063 esse
3702 2011 3774 2064 in-

2218 2101 2384 2158 ferior
2408 2103 2674 2158 videatur.
2723 2101 2873 2168 Quod
2908 2116 3007 2170 ego
3030 2116 3172 2170 saepe
3207 2103 3561 2157 considerans
3595 2104 3775 2156 retice-

2215 2197 2362 2258 bam,
2391 2210 2489 2250 nec
2526 2192 2943 2264 deprecantibus
2989 2208 3076 2247 me
3111 2193 3427 2263 frequenter
3463 2194 3519 2247 in
3548 2194 3645 2248 hoc
3674 2192 3775 2249 fra-

2219 2288 2390 2342 tribus
2421 2286 2730 2340 annuebam
2766 2302 2781 2348 ;
2837 2286 2928 2339 sed
2958 2294 3044 2339 tua
3079 2286 3163 2339 vis
3194 2326 3210 2351 ,
3250 2286 3564 2340 fidelissime
3618 2286 3777 2339 frater

2216 2374 2434 2439 Macari,
2458 2385 2603 2429 tanta
2622 2384 2725 2439 est,
2753 2374 2837 2430 cui
2858 2374 3139 2441 obsistere,
3160 2390 3227 2430 ne
3251 2375 3521 2445 imperitia
3548 2377 3774 2446 quidem,

2216 2477 2415 2536 potest.
2480 2467 2707 2536 Propter
2753 2468 2895 2536 quod
2946 2483 3013 2522 ne
3051 2477 3101 2522 te
3134 2467 3271 2521 ultra
3308 2483 3528 2538 gravem
3571 2479 3778 2538 paterer

2214 2568 2525 2613 exactorem
2558 2601 2571 2625 ,
2632 2559 2797 2613 etiam
2849 2568 3041 2613 contra
3094 2561 3428 2629 propositum
3464 2560 3579 2630 (55)
3612 2576 3774 2614 meum

2214 2652 2370 2717 cessi,
2400 2667 2461 2705 ea
2497 2662 2675 2705 tamen
2710 2651 2825 2719 lege
2859 2661 3021 2721 atque
3053 2667 3116 2706 eo
3143 2652 3253 2723 46
3279 2653 3495 2717 ordine,
3524 2662 3583 2706 ut
3617 2668 3777 2722 quan-

2216 2754 2325 2799 tum
2356 2745 2469 2799 fieri
2498 2752 2693 2814 potest,
2723 2745 3123 2814 interpretando
3145 2761 3343 2813 sequar
3374 2746 3612 2814 regulam
3647 2761 3775 2814 prte-

2214 2853 2537 2902 eessorum,
2594 2848 2647 2891 et
2702 2836 2818 2905 ejus
2866 2838 3139 2908 praecipue
3178 2838 3278 2891 viri
3332 2839 3487 2906 cujus
3540 2838 3777 2907 superius

2216 2928 2445 2983 fecimus
2502 2930 2865 2984 mentionem:
2918 2930 3008 2997 qui
3063 2946 3185 2983 cum
3224 2930 3382 2983 .ultra
3439 2932 3775 3001 septuaginta

2213 3020 2423 3076 libellos
2461 3019 2711 3088 Origenis
2760 3033 2901 3088 quos
2931 3021 3280 3075 homileticos
3331 3022 3443 3091 (56)
3476 3022 3775 3092 appellavit,

2215 3110 2526 3179 aliquantos
2581 3111 2745 3163 etiam
2798 3110 2865 3163 de
2919 3113 3081 3164 tomis
3114 3112 3166 3164 in
3210 3112 3525 3177 Apostolum
3570 3114 3777 3182 scriptis

2148 3183 2188 3241 Β
2219 3201 2584 3256 transtulisset
2628 3202 2679 3254 in
2714 3201 2967 3254 Latinum
2995 3219 3009 3269 ;
3054 3203 3104 3254 in
3136 3204 3328 3271 quibus
3354 3220 3476 3258 cum
3514 3205 3791 3275 aliquanta

2217 3293 2539 3349 offendicula
2604 3294 2951 3347 inveniantur
3006 3294 3059 3347 in
3115 3293 3349 3359 Grazco,
3420 3297 3493 3349 ita
3550 3297 3779 3351 elimavit

2216 3386 2397 3440 omnia
2449 3384 2874 3453 interpretando,
2936 3394 3097 3452 atque
3125 3387 3396 3455 purgavit,
3433 3396 3494 3440 ut
3546 3389 3675 3442 nihil
3728 3390 3778 3441 in

2218 3478 2323 3531 illis
2360 3477 2502 3546 quod
2532 3492 2560 3529 a
2605 3476 2708 3530 fide
2739 3487 2921 3530 nostra
2954 3478 3227 3547 discrepet
3259 3478 3485 3534 Latinus
3517 3480 3681 3535 lector
3706 3481 3779 3532 in-

2217 3570 2417 3623 veniat.
2470 3567 2623 3621 Ilunc
2655 3581 2785 3636 ergo
2812 3568 2974 3622 etiam
3028 3585 3127 3623 nos
3155 3570 3283 3624 licet
3324 3587 3427 3624 non
3465 3571 3780 3640 eloquentia:

2216 3660 2454 3720 viribus,
2503 3657 2798 3726 disciplina:
2832 3670 3009 3713 tamen
3055 3660 3254 3729 regulis
3291 3660 3401 3730 (57)
3447 3661 3499 3715 in
3530 3671 3776 3730 quantum

2217 3764 2505 3820 possumus
2534 3788 2550 3813 ,
2598 3748 2921 3817 sequimur,
2956 3750 3308 3807 observantes
3354 3752 3566 3807 scilicet
3611 3767 3675 3807 ne
3720 3766 3777 3806 ea

2290 3956 2401 4027 (54)
2438 3956 2573 4021 Quia
2596 3957 2910 4021 introduxit,
2943 3966 3046 4012 etc.
3108 3957 3221 4013 Vox
3259 3975 3276 4007 ι
3319 3957 3445 4027 quia
3470 3975 3488 4008 ι
3542 3956 3694 4011 deest
3730 3956 3776 4027 in

2219 4026 2475 4082 omnibus
2505 4027 2657 4081 libris
2694 4036 2853 4096 antea
2878 4026 3039 4081 editis
3064 4069 3081 4096 ,
3109 4026 3357 4096 quamvis
3400 4028 3696 4092 reperiatur
3728 4026 3776 4078 in

2218 4098 2468 4152 omnibus
2520 4112 2651 4150 mss.
2710 4095 2847 4148 Ibid.
2900 4113 3091 4152 omnes
3128 4095 3273 4151 ’mss.
3328 4106 3381 4150 et
3415 4096 3776 4159 Martianzeus,

2226 4186 2244 4219 ι
2276 4181 2523 4219 asserens
2540 4181 2659 4219 eum
2686 4165 2826 4234 quod
2855 4182 2977 4220 cum
3124 4168 3285 4221 etiam
3306 4166 3419 4233 ipse
3442 4180 3499 4219 se
3523 4167 3730 4219 vicerit.
3755 4185 3772 4215 ι

2222 4236 2370 4290 Mer].
2399 4247 2450 4289 et
2484 4234 2716 4289 Genehr.
2758 4274 2773 4299 ,
2811 4252 2830 4286 ι
2853 4251 3098 4291 asserens
3131 4238 3270 4306 quod
3305 4251 3423 4290 cum
3581 4238 3691 4301 ipse
3724 4250 3777 4287 se

2222 4306 2441 4362 vincit.)
2475 4306 2635 4359 Paulo
2662 4314 2781 4374 post
2809 4306 2963 4360 codd.
2989 4304 3177 4370 Corbi,
3209 4306 3417 4372 Remig.
3445 4315 3500 4358 et
3521 4304 3775 4365 Colbert..

2224 4394 2243 4427 ι
2282 4377 2476 4428 merito
2516 4375 2850 4443 comprobat.
2884 4395 2902 4425 ι
2939 4374 3217 4439 Merlinus,
3247 4374 3591 4428 Martianteus
3616 4384 3669 4427 et
3693 4390 3777 4428 eo-

2218 4448 2319 4499 dcx
2348 4446 2663 4498 monasterii
2696 4446 2760 4498 de
2785 4444 2962 4499 Monte
2988 4446 3170 4499 Sancti
3197 4444 3497 4506 Michaelis,
3536 4462 3553 4494 ι
3592 4445 3778 4498 merito

2216 4515 2602 4584 comprobavit.
2661 4532 2679 4565 ι
2716 4512 2916 4566 ibidem
2954 4530 3144 4568 omnes
3173 4530 3303 4569 mss.
3337 4524 3393 4567 et
3416 4514 3777 4575 Martianzeus,

2223 4602 2241 4634 ι
2274 4586 2416 4654 quod
2455 4599 2552 4654 ego
2577 4598 2717 4652 saepe
2751 4584 3105 4640 considerans
3128 4584 3444 4647 reticebam,
3473 4599 3573 4654 nec
3600 4584 3775 4651 deprc-

2218 4652 2468 4709 cantibus
2494 4652 2585 4707 ine
2734 4655 3058 4708 annuebam.
3099 4673 3119 4705 ι
3158 4654 3417 4707 Merlinus
3440 4662 3492 4706 et
3520 4652 3776 4715 Genebr.,

2222 4744 2239 4775 ι
2282 4726 2422 4794 quod
2454 4739 2551 4793 ego
2582 4724 2777 4791 sa-pius
2822 4724 3175 4778 considerans
3226 4724 3521 4778 reticebam
3558 4762 3571 4785 ,
3606 4734 3661 4777 et
3692 4722 3777 4776 de-

2216 4794 2565 4863 precantibus
2601 4808 2795 4847 me....
2826 4809 2931 4846 non
2968 4795 3296 4848 annuebam.
3338 4812 3357 4845 ι

2286 4866 2399 4934 (55)
2431 4864 2628 4934 Contra
2647 4864 2992 4934 propositum.
3035 4863 3110 4934 lta
3163 4878 3355 4919 omnes
3401 4877 3532 4917 mss.
3561 4871 3616 4916 et
3643 4861 3777 4915 Har-

2218 4932 2460 4988 tianzens.
2518 4932 2873 4987 AtMerlinus
2928 4942 2981 4986 et
3031 4933 3292 4995 Genebr.,
3347 4951 3365 4983 ι
3403 4936 3537 4987 citra
3590 4947 3779 5001 propo-

2217 5005 2399 5057 situm.
2433 5023 2451 5055 ι
2516 5001 2639 5056 Mox
2698 5017 2885 5056 omnes
2944 5018 3076 5057 mss.
3117 5014 3172 5056 et
3208 5003 3548 5057 Martianazus
3584 5043 3598 5066 ,
3664 5021 3681 5053 ι
3712 5016 3771 5054 ea

2218 5082 2397 5126 tamen
2429 5074 2546 5143 lege
2576 5084 2736 5142 atque
2767 5086 2830 5125 eo
2851 5074 3125 5134 ordine,ut
3154 5084 3413 5142 quantum
3442 5073 3554 5127 lieri
3584 5083 3775 5143 potest,

2219 5141 2626 5214 interpretando
2655 5141 2853 5212 Sequar
2879 5147 3115 5214 regulam
3142 5141 3550 5211 pratccssorum.
3590 5160 3610 5194 ι
3639 5141 3777 5214 Mer-

2219 5212 2359 5267 linus
2393 5224 2445 5267 et
2467 5214 2705 5268 Genebr.
2729 5252 2744 5277 ,
2798 5230 2817 5264 ι
2861 5230 2920 5267 ea
2948 5212 3124 5267 tamen
3155 5215 3267 5282 lege
3302 5224 3462 5282 atque
3484 5214 3694 5273 ordine,
3728 5212 3775 5263 in

2215 5292 2473 5350 quantum
2505 5284 2618 5336 fieri
2660 5292 2883 5352 potest,
2937 5283 3342 5353 interpretando
3388 5298 3587 5350 sequor
3622 5297 3776 5350 regu-

2217 5355 2321 5405 lam
2348 5354 2825 5422 praadecessorum.
2866 5370 2884 5403 ι

2286 5419 2399 5492 (56)
2447 5421 2805 5476 llontileticos.
2867 5423 2940 5475 lta
2990 5421 3357 5478 Martiatiteus.
3423 5421 3477 5475 ln
3528 5419 3778 5492 omnibus

2216 5510 2347 5548 mss.
2386 5495 2576 5561 legitur
2604 5511 2622 5543 ι
2651 5493 2977 5558 omeliticos,
3011 5512 3029 5544 ι
3090 5504 3342 5563 ουιϊυρὶθ
3375 5508 3470 5561 pro
3506 5510 3537 5563 r
3559 5491 3779 5544 homile-

2218 5564 2374 5629 ticos,
2408 5582 2426 5614 ι
2462 5564 2541 5616 vel
2578 5581 2595 5613 ι
2628 5564 2974 5616 honiiliticos.
3007 5581 3024 5613 ι
3058 5562 3266 5617 Merlin.
3300 5574 3356 5618 et
3378 5562 3605 5623 Geueb.,
3629 5578 3649 5612 ι
3688 5562 3777 5612 ho-

2215 5635 2523 5694 nnliatieos,
2554 5652 2573 5684 ι
2606 5635 2763 5687 male.

2286 5704 2398 5766 (57)
2436 5702 2739 5771 Disciplina:
2779 5713 2950 5755 tamen
2986 5703 3195 5771 regulis.
3254 5702 3343 5756 Sic
3394 5715 3539 5756 recte
3590 5714 3774 5753 omnes

2216 5790 2347 5828 mss.
2385 5784 2440 5827 et
2484 5773 2845 5827 Martianaaus.
2909 5772 3195 5841 Perperam
3246 5772 3610 5841 Merlinusiet
3642 5772 3775 5841 76e-

2217 5847 2394 5910 nchr.,
2428 5862 2447 5892 ι
2485 5845 2800 5913 discipulum
2842 5839 3026 5897 tamen
3058 5844 3271 5912 regulis.
3313 5862 3329 5893 ι
3372 5843 3487 5898 Mox
3522 5839 3777 5896 Merlinus
