3992 6530
219 478 309 532 H3
1488 462 1719 519 RUFINI
1757 458 2139 523 PROLOGUS,

3328 453 3356 504 ἰ
3368 457 3428 505 Η

212 596 317 651 qua
364 581 415 634 in
464 580 619 636 libris
651 580 898 651 Origenis
960 597 989 635 a
1028 580 1219 650 seipsis
1265 582 1627 652 discrepantia
1678 583 1759 637 in—
1790 590 1832 643 Α
1867 592 2041 636 tamen
2098 587 2342 634 nostrum
2399 574 2635 630 diximus
2664 612 2680 638 ,
2741 575 2833 628 sed
2865 573 2989 626 licet
3042 573 3095 626 in
3145 570 3263 624 aliis
3295 570 3427 622 locis

210 673 477 724 veniuntur
509 681 669 740 atque
701 673 973 726 contraria
1002 712 1017 737 ,
1051 672 1394 738 proferamus
1425 691 1438 729 :
1487 674 1639 741 cujus
1676 674 1758 727 di-

209 760 461 815 versitatis
493 777 710 816 causam
764 762 970 831 plenius
1023 763 1117 817 tibi
1154 763 1207 817 in
1234 764 1565 834 Apologett’co
1598 779 1756 833 quem

206 852 507 919 Pamphilus
537 867 632 922 pro
666 853 820 908 libris
850 855 1017 924 ipsius
1052 855 1303 925 Origenis
1351 857 1570 925 scripsit
1593 895 1608 919 ,
1646 856 1758 909 edi-

204 943 364 995 dimus
397 986 409 1007 ,
443 943 771 999 brevissimo
793 945 975 1001 libello
1003 948 1352 1016 superaddite
1374 988 1388 1015 ,
1418 949 1470 1001 in
1505 962 1611 1017 quo
1647 948 1759 1000 evi-

206 1030 437 1083 dentibus
463 1071 480 1095 ,
517 1040 574 1083 ut
598 1033 833 1087 arbitror
859 1074 875 1098 ,
926 1035 1301 1102 probamentis
1329 1047 1612 1105 corruptos
1638 1052 1758 1092 esse

204 1120 249 1171 in
277 1120 686 1189 quamplurimis
739 1123 807 1177 ab
854 1124 1127 1179 ltaareticis
1160 1135 1215 1178 et
1263 1126 1542 1191 malevolis
1590 1126 1756 1181 libros

201 1208 305 1277 ejus
334 1210 689 1275 ostendimus,
747 1222 799 1264 et
826 1213 1094 1281 praecipue
1136 1214 1268 1269 istos
1297 1230 1433 1283 quos
1468 1231 1610 1269 nunc
1642 1216 1759 1271 exi-

199 1300 268 1368 gis
293 1309 347 1353 ut
376 1300 707 1370 interpreter
732 1343 749 1369 ,
802 1303 854 1356 id
901 1313 983 1358 est
1016 1305 1154 1371 Περὶ
1196 1305 1400 1374 ἀρχῶν
1426 1348 1441 1373 ,
1493 1308 1636 1376 quod
1674 1309 1753 1362 vel

196 1390 264 1445 De
292 1392 565 1460 principiis
597 1394 679 1448 vel
711 1392 785 1448 De
814 1395 1192 1464 principatibus
1243 1397 1355 1468 (58)
1393 1398 1497 1452 dici
1547 1408 1751 1466 potest;

195 1484 273 1554 qui
308 1490 430 1537 sunt
458 1499 658 1538 revera
702 1485 838 1540 alias
865 1494 920 1540 et
948 1486 1322 1542 obseurissimi
1354 1499 1406 1542 et
1436 1488 1752 1543 difﬁcillimi.

195 1573 260 1628 De
281 1576 440 1630 rebus
470 1577 621 1630 enim
660 1576 856 1632 talibus
887 1578 958 1633 ibi
988 1580 1233 1651 disputat
1269 1582 1321 1634 in
1352 1581 1550 1650 quibus
1580 1582 1754 1649 pbilo-

193 1670 327 1738 sopbi
354 1670 503 1724 omni
534 1679 696 1725 relate
718 1686 815 1725 sua
845 1683 1165 1741 consumpta
1193 1673 1442 1728 invenire
1464 1680 1755 1742 potuerunt

192 1759 329 1815 nihil.
359 1759 458 1816 llic
493 1777 633 1837 vero
672 1770 859 1817 noster
884 1773 1151 1831 quantum
1192 1764 1364 1831 potuit
1392 1803 1407 1828 ,
1441 1764 1491 1816 id
1518 1764 1649 1832 egit,
1698 1774 1757 1817 ut

190 1852 449 1906 Creatoris
478 1851 649 1906 ﬁdem
682 1861 736 1907 et
763 1862 1139 1907 creaturarum
1170 1853 1436 1907 rationem
1461 1853 1571 1923 ('59)
1595 1868 1753 1922 quant

1862 674 2005 728 dicta
2035 714 2049 739 ,
2084 684 2261 725 tamen
2294 683 2389 723 sua
2420 666 2522 721 sibi
2552 665 2902 720 reddidimus.
2962 662 3072 719 lloc
3115 668 3298 716 autem
3343 660 3425 713 i'd-

1860 765 2007 819 circo
2032 764 2082 816 in
2122 760 2436 830 praefatione
2488 757 2797 813 commonui
2844 772 2911 810 ne
2958 755 3095 810 forte
3125 751 3425 807 calumnia-

1861 866 2007 911 tores
2045 857 2237 907 iterum
2285 852 2396 921 (40)
2451 866 2507 905 se
2557 848 2877 903 criminandi
2925 853 3114 908 putent
3155 843 3429 896 invenisse

1862 946 2166 1001 materiam.
2203 944 2306 997 Sed
2340 942 2567 995 viderint
2593 941 2720 1009 quid
2759 939 2998 1008 perversi
3023 946 3075 992 et
3102 932 3426 990 contentiosi

1861 1039 2103 1092 homines
2136 1046 2319 1106 agant.
2371 1036 2537 1090 Nobis
2568 1034 2785 1089 interim
2828 1042 3009 1086 tantus
3043 1028 3195 1082 labor
3218 1068 3233 1093 ,
3267 1026 3309 1079 si
3347 1036 3427 1076 ta-

1860 1141 1980 1181 men
2012 1127 2298 1181 orantibus
2326 1124 2478 1178 vobis
2502 1125 2643 1177 Deus
2664 1121 2887 1191 juverit,
2914 1119 3112 1173 ideirco
3137 1124 3427 1182 susceptus

1857 1228 1937 1272 est
1961 1258 1975 1282 ,
2008 1233 2112 1271 non
2149 1226 2207 1271 ut
2238 1214 2587 1270 calumniosis
2615 1227 2676 1267 os
2700 1253 2714 1277 ,
2750 1212 2891 1281 quod
2927 1210 3045 1264 fieri
3078 1222 3183 1261 non
3226 1211 3424 1276 potest,

1858 1310 1979 1364 licet
2012 1309 2152 1364 forte
2182 1310 2344 1365 etiam
2375 1308 2475 1361 hoc
2507 1305 2646 1358 Deus
2676 1303 2875 1368 faciet,
2908 1302 3304 1362 claudet-emus,
3332 1296 3425 1350 sed

1857 1413 1913 1458 ut
1938 1403 2198 1473 proficere
2225 1403 2291 1457 ad
2318 1403 2600 1457 scientiam
2621 1413 2799 1454 rerum
2828 1391 3423 1449 volentibusmateriam

1855 1500 2240 1569 prmberemus.
2291 1498 2425 1552 Illud
2454 1511 2584 1553 sane
2615 1506 2828 1550 onmem
2859 1489 2970 1560 (il)
3002 1487 3093 1556 qui
3134 1485 3230 1539 ltos
3258 1484 3424 1539 libros

1857 1589 2227 1658 descripturus
2256 1596 2339 1642 est.
2368 1587 2451 1641 vel
2483 1587 2725 1641 lecturus
2749 1625 2763 1649 ,
2799 1581 2851 1634 in
2878 1586 3164 1646 conspectu
3198 1574 3287 1627 Dei
3326 1572 3424 1627 Pa-

1859 1682 1959 1736 tris
1996 1689 2050 1735 et
2077 1681 2198 1735 Filii
2232 1691 2285 1733 ct
2323 1681 2557 1749 Spiritus
2584 1675 2757 1731 sancti
2789 1680 3067 1730 contestor
3100 1677 3264 1736 atque
3296 1679 3427 1719 con-

1856 1774 2013 1828 venio
2039 1788 2133 1842 per
2163 1771 2329 1826 futuri
2374 1773 2524 1841 regni
2552 1771 2711 1824 fidem
2739 1807 2754 1831 ,
2780 1781 2875 1835 per
2907 1758 3326 1844 resurrectionis
3355 1770 3424 1810 ex

1856 1865 2086 1919 mortuis
2112 1871 2514 1919 sacramentum
2552 1903 2564 1926 ,
2620 1876 2714 1930 per
2744 1858 2893 1912 illum
2947 1854 3037 1919 qui
3087 1858 3424 1921 praeparatus

190 1943 252 1999 illi
288 1942 350 1996 ad
379 1942 721 2013 impietatem
754 1953 1053 2009 traxerant,
1107 1945 1175 1999 ad
1205 1945 1464 2013 pietatem
1496 1944 1599 1999 iste
1623 1959 1753 1998 con-
1786 1938 1828 1992 Β
1859 1964 1943 2010 εει
1975 1954 2192 2009 diabolo
2245 1962 2298 2008 ει
2333 1951 2540 2022 angens
2572 1950 2687 2018 eius
2709 1990 2723 2014 ,
2776 1957 3043 2002 εριειιηυιῃ
3096 1945 3271 2013 ignem
3322 1939 3425 2009 (sic

189 2035 453 2089 verteret'.
526 2034 715 2089 Sicubi
760 2048 890 2104 ergo
925 2049 1022 2089 nos
1076 2034 1133 2087 in
1186 2033 1342 2089 libris
1395 2032 1512 2101 ejus
1547 2034 1751 2102 aliquid

187 2133 353 2181 contra
382 2126 433 2179 id
467 2125 817 2193 invenimds,
842 2123 983 2194 quod
1015 2123 1082 2178 ab
1136 2124 1252 2193 ipso
1282 2124 1336 2177 in
1377 2124 1589 2178 caeteris
1619 2124 1754 2179 locis

186 2217 261 2285 pie
284 2218 346 2272 de
366 2216 646 2272 Trinitate
673 2217 854 2271 fuerat
875 2214 1180 2279 deﬁnitum,
1208 2212 1357 2267 velut
1386 2214 1751 2269 adulteratam

186 2310 273 2363 hoc
299 2316 351 2363 et
374 2308 622 2363 alienum
655 2316 750 2361 aut
795 2307 1241 2376 prmtermisimus
1267 2346 1282 2369 ,
1329 2314 1422 2358 aut
1452 2306 1747 2360 secundum

184 2416 286 2454 eam
314 2400 566 2470 regulam
598 2400 924 2461 protulimus
968 2412 1131 2467 quam
1169 2396 1236 2452 ab
1271 2395 1386 2467 ipso
1440 2396 1750 2466 frequenter

185 2492 472 2549 invenimus
499 2492 851 2550 affirmatam.
887 2492 943 2548 Si
969 2506 1073 2562 qua
1107 2504 1239 2545 sane
1258 2488 1399 2543 velut
1428 2490 1618 2557 peritis
1638 2490 1748 2559 jam

183 2596 227 2639 et
251 2586 558 2641 scientibus
593 2586 824 2656 loquens
856 2626 872 2651 ,
903 2586 1030 2640 dum
1068 2582 1304 2639 breviter
1331 2584 1564 2639 transire
1614 2584 1747 2649 vult,

185 2677 448 2733 obscurius
485 2679 741 2748 protulit,
774 2693 873 2733 nos
894 2717 909 2743 ,
942 2687 1002 2732 ut
1034 2678 1370 2734 manifestior
1398 2678 1550 2731 fieret
1573 2677 1745 2740 locus,

182 2785 235 2824 ca
268 2787 383 2840 quae
413 2774 489 2827 de
531 2774 645 2842 ipsa
688 2787 745 2827 re
777 2772 831 2825 in
856 2772 977 2827 aliis
1007 2771 1124 2839 ejus
1152 2770 1303 2826 libris
1329 2771 1569 2840 apertius
1601 2770 1743 2839 lege-

186 2876 391 2931 ramus,
454 2862 767 2931 adjecitnus
821 2861 1191 2933 explanationi
1236 2863 1553 2927 studentes;
1612 2862 1741 2916 nibil

236 3040 253 3069 ’
278 3041 405 3097 Vide
432 3042 728 3098 Monitum.
767 3057 914 3099 num.
939 3041 991 3095 3.

1860 2062 1967 2100 non
1996 2045 2140 2099 illum
2171 2045 2346 2099 locum
2393 2052 2591 2097 aeterna
2643 2038 2960 2094 haereditate
3014 2034 3289 2105 possideat
3332 2029 3426 2085 ubi

1860 2146 1940 2189 est
1969 2134 2125 2189 fletus
2148 2142 2199 2187 et
2224 2134 2424 2188 stridor
2453 2130 2711 2191 dentium,
2738 2137 2790 2181 et
2817 2126 2903 2180 ubi
2936 2125 3075 2195 ignis
3101 2137 3288 2178 eorunt
3319 2136 3423 2175 non

1859 2225 2233 2293 cxstinguetur
2268 2232 2321 2277 et
2371 2221 2570 2275 vermis
2606 2233 2792 2273 eorum
2830 2231 2935 2271 non
2965 2213 3246 2281 morietur)
3280 2254 3295 2277 ,
3357 2226 3425 2265 ne

1858 2317 2020 2370 addat
2040 2315 2241 2383 aliquid
2260 2313 2552 2383 Scriptura:
2577 2311 2712 2379 (4'2),
2737 2325 2804 2363 ne
2838 2308 3071 2371 auferat,
3104 2322 3170 2359 ne
3197 2306 3419 2367 inserat,

1856 2422 1923 2461 ne
1949 2407 2231 2470 immutet,
2281 2406 2374 2459 sed
2409 2404 2649 2460 conferat
2675 2415 2796 2454 cum
2830 2396 3232 2468 exemplaribus
3282 2396 3424 2450 unde

1858 2500 2176 2568 scripserit,
2211 2510 2263 2553 et
2290 2499 2542 2553 emendet
2577 2500 2643 2553 ad
2668 2499 2905 2554 litteram
2928 2503 2981 2549 et
3010 2492 3336 2559 distinguat,
3369 2494 3424 2538 et

1859 2591 2257 2645 inemendatum
2286 2590 2369 2645 vel
2399 2605 2504 2645 non
2547 2591 2857 2645 distinctum
2896 2587 3135 2643 codicem
3166 2598 3271 2637 non
3321 2582 3422 2635 ha-

1855 2681 1980 2737 beat
2009 2723 2023 2747 ,
2070 2698 2138 2739 ne
2179 2698 2432 2738 sensuum
2478 2682 2785 2747 difficultas,
2837 2682 2881 2735 si
2932 2678 3220 2734 distinctus
3249 2673 3422 2729 codex

1854 2790 1960 2830 non
1999 2774 2088 2841 sit,
2124 2770 2361 2845 majores
2386 2774 2747 2835 obscuritates
2778 2768 3078 2841 legentibus
3114 2774 3355 2838 generet.

184 3199 665 3265 etGeneorardus,
709 3220 728 3254 σ
756 3202 1111 3258 observantes
1140 3203 1349 3258 scilicet
1376 3212 1435 3258 ut
1461 3218 1522 3257 ca
1551 3217 1667 3270 qua:
1696 3203 1747 3257 in
1775 3207 1818 3265 C
1854 3200 2034 3255 faciet.
2069 3217 2086 3250 ι
2122 3198 2297 3253 Codex
2352 3198 2589 3253 Cnlbert.
2627 3238 2641 3263 ,
2701 3215 2718 3248 ι
2767 3197 2892 3252 licet
2940 3196 3076 3251 forte
3119 3195 3282 3249 etiam
3316 3197 3418 3249 hoc

180 3270 316 3341 libris
337 3272 604 3337 Origenis
659 3274 913 3341 aseipsis
962 3273 1328 3341 discrepantia
1372 3273 1741 3335 inveniuntur,

181 3338 537 3407 proferamus.
570 3360 588 3392 ι
645 3338 938 3411 Atei-nues
970 3359 1098 3398 mss.
1127 3338 1182 3397 et
1217 3343 1564 3398 Martianmus
1598 3354 1655 3397 ut
1690 3342 1745 3395 in

180 3421 347 3463 nostro
376 3419 563 3462 textu.

240 3480 343 3548 (58)
384 3478 469 3559 ρε
493 3479 915 3559 principatibus:
943 3481 1286 3559 -Merlinus_et
1311 3482 1569 3545 Genebr.,
1606 3499 1641 3559 _c
1683 3483 1747 3537 de

180 3551 555 3614 potestatibus,
587 3568 607 3601 ι
653 3560 842 3603 contra
887 3551 1044 3606 (idem
1071 3553 1313 3606 omnium
1347 3552 1745 3618 manuscripto-

180 3632 304 3671 rum.
335 3618 551 3672 Ibidem
587 3634 777 3673 omnes
803 3636 960 3686 mss.,
1003 3639 1020 3671 ι
1046 3621 1180 3674 alias
1213 3629 1266 3676 et
1292 3622 1665 3677 obscurissimi
1692 3630 1747 3676 et

181 3686 495 3740 diﬂicillimi.
529 3706 549 3739 ι
606 3687 815 3743 Merlin.
856 3699 913 3745 et
950 3690 1180 3756 Geneb.,
1229 3708 1247 3742 ι
1285 3692 1418 3747 alias
1447 3700 1500 3746 et
1528 3691 1746 3747 obscuri

180 3766 223 3809 et
244 3756 571 3813 diﬁcillimi.
614 3775 634 3810 ι

202 3893 213 3903 _
240 3827 345 3893 (59)
383 3827 768 3880 Creaturarum
793 3832 1071 3888 rationem.
1107 3833 1200 3889 Sic
1230 3844 1421 3888 omnes
1448 3830 1748 3903 mss._lilar-

183 3900 419 3961 lianazus,
447 3914 467 3947 ι
516 3908 826 3951 creatarum
872 3917 1052 3956 rerum
1082 3904 1368 3957 rationem.
1402 3919 1419 3951 ι
1468 3900 1744 3965 Merlinus,

186 3982 202 4014 ι
232 3976 539 4018 creaturam
590 3982 791 4022 rerum.
825 3988 843 4020 ι
897 3970 1281 4028 Genebrardus
1308 4015 1320 4034 ,
1390 3988 1410 4021 ι
1440 3981 1744 4024 creaturam

182 4042 513 4107 naturarum.
546 4054 564 4086 ι
636 4036 803 4092 Paulo
845 4052 965 4107 post
1013 4057 1201 4096 omnes
1254 4056 1383 4094 mss.
1410 4079 1424 4102 ,
1492 4058 1509 4089 ε
1546 4039 1746 4106 aliquid

181 4115 353 4182 contra
388 4106 443 4182 i_d
469 4106 972 4182 invenimusquod
1027 4113 1096 4182 ab
1131 4113 1247 4180 ipso
1276 4110 1330 4164 in
1366 4111 1580 4182 cmteris
1614 4108 1748 4162 locis

182 4174 258 4253 pie
284 4172 351 4229 de
386 4173 682 4253 Trinitatis.
714 4193 735 4229 ι
799 4172 999 4253 Sicque
1035 4172 1380 4253 Mar-tianaeus
1443 4179 1532 4248 qui
1564 4187 1744 4253 tamen

182 4251 294 4319 ante
325 4246 462 4324 {pie
492 4263 515 4298 ι
551 4246 700 4324 addit
744 4263 762 4297 ι
803 4246 1105 4324 fideliter.)
1170 4246 1743 4324 Merlinus,_ir_ali_qui_d

182 4314 305 4390 citra
339 4314 397 4366 id
429 4316 737 4391 invenimus
767 4319 908 4385 quod
940 4321 1009 4375 ab
1034 4320 1170 4391 |ipso
1195 4322 1247 4374 in
1278 4319 1491 4374 caneris
1522 4314 1656 4372 locis
1681 4318 1747 4371 de

184 4384 394 4448 pietate,
420 4386 489 4437 de
511 4384 803 4441 Trinitate.
838 4407 858 4439 ι

245 4452 351 4521 (ω)
380 4452 624 4517 flerunt,
665 4464 769 4509 etc.
813 4456 905 4513 Sic
946 4474 1134 4514 omnes
1165 4460 1324 4514 codd.
1364 4473 1493 4514 mss.
1520 4466 1575 4513 et
1602 4455 1743 4511 Mar-

187 4519 721 4612 tﬁiﬂaﬁrizcusjhlitl‘erliqus
747 4536 923 4608 autem
943 4540 1006 4612 Et
1035 4529 1435 4612 genebrardus,
1467 4528 1676 4612 ινξηόεκ
1700 4546 1738 4612 ,ι
1771 4552 1823 4612 ι)

186 4591 317 4644 male
350 4594 596 4671 omnino.
633 4594 766 4649 Nam
805 4598 916 4671 ipse
942 4591 1444 4671 Rulinusglnvcctiv’.
1482 4599 1575 4652 lib.
1599 4612 1624 4671 At
1647 4596 1745 4671 ad-_

184 4674 362 4741 versus
386 4661 778 4741 llieronymum
808 4661 981 4723 citatis
1005 4671 1145 4722 hunc
1178 4669 1357 4741 locum
1390 4669 1467 4741 ait
1494 4683 1507 4721 :
1540 4686 1556 4718 ι
1589 4666 1744 4741 Quod

184 4730 282 4810 disi
315 4772 331 4794 ,
378 4730 619 4813 iterym,
654 4735 772 4813 _illa
824 4752 1004 4813 causa
1073 4748 1156 4813 e_s_t
1230 4738 1357 4813 quia
1395 4740 1505 4813 jam
1570 4730 1745 4791 sancti

183 4802 435 4882 EpiscOpi_
465 4801 700 4882 Joannis
752 4806 1035 4882 epistolam
1097 4808 1170 4882 Pe
1230 4801 1335 4877 fide
1381 4801 1445 4862 ad
1474 4816 1742 4882 _sanctum

229 4873 539 4946 beopbilum
552 4873 813 4946 scriptam
841 4878 1112 4931 criminati
1133 4873 1282 4942 sunt,
1310 4876 1525 4946 quando
1547 4891 1743 4945 corpus

187 4939 467 4996 humanum
494 4944 643 5023 aliud
668 4939 875 5023 'nescio
929 4949 1060 5016 quid
1094 4939 1375 5023 fingebant
1404 4962 1536 5023 esse
1581 4939 1743 5015 quam

187 5023 422 5079 carnem;
497 5014 704 5069 idcirco
757 5014 957 5070 iteruni
1003 5014 1196 5088 posui:
1230 5037 1249 5069 ι
1301 5018 1503 5072 Ibidem
1554 5014 1742 5088 omnes

361 5093 413 5137 et
468 5095 685 5139 veteres
738 5086 1069 5160 editiOnes',
1114 5106 1134 5138 ι
1174 5094 1364 5160 putent
1394 5086 1678 5160 evenisse.
1718 5103 1737 5137 ι

188 5147 539 5221 Martianaaus,
578 5172 599 5205 ι
634 5165 888 5223 putarent
922 5147 1187 5212 evenisse:
1224 5176 1243 5209 ι
1279 5158 1443 5211 Paulo
1473 5167 1596 5226 post
1622 5172 1740 5211 om-

190 5233 276 5273 nes
305 5238 429 5303 mss.
459 5263 475 5291 ,
534 5225 739 5303 _I_Deus
764 5228 990 5303 jus-erit.
1025 5247 1053 5303 )_
1098 5225 1482 5303 Martianaeus,
1543 5244 1561 5277 ‹
1601 5229 1743 5303 Deus

189 5294 444 5368 adnuerit.
474 5314 496 5368 ξ
533 5293 801 5350 Μεῐιὶηιιέ
817 5306 869 5351 et
888 5296 1153 5363 Genebr.,
1188 5318 1205 5350 ι
1234 5298 1683 5363 Deusadjuverit.
1718 5314 1737 5348 ›

190 5357 305 5433 ibid.
336 5361 721 5433 Martianaeus,
763 5384 782 5416 ι
815 5381 921 5420 non
962 5379 1020 5422 ut
1064 5357 1516 5423 calumniosoruin
1560 5382 1675 5421 ora.
1717 5386 1737 5419 ι

192 5428 323 5507 llas,
385 5451 406 5485 ι
434 5452 541 5491 non
581 5446 642 5491 ut
666 5428 1024 5493 calumniosis
1046 5454 1127 5493 os.
1166 5458 1185 5491 ι
1244 5436 1365 5491 Mox
1420 5439 1577 5492 codd.
1609 5437 1743 5493 Cor-

190 5497 369 5576 beiens.
431 5517 483 5561 et
523 5506 743 5576 ltetnig.
775 5546 792 5570 ,
851 5524 870 5557 ι
901 5507 1024 5562 licet
1072 5508 1210 5564 forte
1253 5510 1415 5562 etiam
1451 5508 1554 5563 hoc
1604 5510 1744 5563 Deus

192 5568 389 5632 laceret.
420 5596 440 5631 ι
476 5568 856 5646 Martiaﬁmus,
891 5595 910 5630 ι
944 5577 1070 5635 licet
1094 5579 1232 5635 forte
1262 5581 1424 5634 etiam
1463 5580 1563 5635 hoc
1597 5579 1739 5634 Deus

1748 5780 1820 5794 ω

1854 3271 1994 3324 Deus
2018 3270 2196 3322 facere
2224 3270 2413 3337 possit.
2452 3288 2472 3321 ι

1851 3358 1863 3389 i
1925 3333 2595 3409 (41)-Ιιιιιι1ῖδαηθ-οιηηεηι
2624 3379 2639 3403 ,
2674 3347 2778 3409 etc.
2822 3335 3169 3409 Consimilem
3200 3333 3419 3409 atljnraf

1851 3404 2027 3464 tionis
2047 3407 2329 3461 formulam
2371 3406 2605 3462 [renatus
2637 3408 3007 3461 subnexuerat
3056 3405 3109 3457 in
3144 3406 3248 3458 fine
3297 3404 3421 3461 libri

1851 3479 1928 3532 De
1956 3478 2209 3548 ogdoade,
2248 3478 2341 3548 bis
2359 3476 2539 3531 verbis
2564 3498 2587 3548 _:
2645 3476 2877 3548 Ὁρκίζω
2906 3493 2988 3548 qs,
3010 3476 3098 3548 trav
3147 3489 3422 3548 μεταγγρᾳ-

1849 3544 2452 3639 assesasses:
2494 3546 2669 3639 3°93»
2696 3544 2835 3639 ea
2856 3544 3421 3639 arcesseres:

1878 3613 2310 3690 ΙνήσρῦῌΧριλσέοῦ
2364 3617 2457 3670 καὶ
2508 3618 2650 3690 κατὰ
2682 3616 2809 3690 μτῆς
2853 3616 3061 3690 ἐνδρξου
3122 3613 3421 3690 ἧτᾳρουσέας

1850 3684 2013 3758 assos
2043 3684 2380 3758 ἦςἚρχεται
2407 3690 2588 3758 κρῖναι
2638 3684 2845 3752 ζῶντας
2888 3688 2984 3758 κςλύἴ
3013 3685 3276 3758 νεκροῷςμ,
3333 3684 3421 3758 ἵνα

1850 3706 2013 3741 aureo
2043 3704 2110 3758 ης
2164 3704 2380 3758 ερχεται
2407 3704 2588 3810 ximat
2638 3704 2845 3752 ςωντας
2888 3704 2982 3739 και
3013 3704 3238 3755 νεκρους
3261 3723 3276 3747 ,
3335 3704 3421 3736 ινα.

1848 3757 2138 3828 ἀντιϐάλῃς
2167 3757 2195 3809 ὃ
2227 3774 2428 3828 μετεγρ
2468 3757 2583 3828 ψω,
2625 3757 2718 3810 καὶ
2751 3755 3099 3828 κατρρθώσῃς
3134 3754 3265 3828 aeger
3286 3753 3421 3828 πρὸς

1848 3828 1908 3881 τὸ
1933 3823 2454 3898 ἀντίγραφολέ-,τοῦὲο
2484 3823 2617 3880 ’ὅθεν
2651 3823 2974 3898 paterpatpr
3003 3823 3294 3898 stirpem;
3328 3824 3422 3876 καὶ

1848 3898 1937 3951 τὸν
1988 3893 2148 3966 ὅρκὸν
2178 3893 2363 3968 τοῦτον
2397 3898 2598 3968 ὁμοίως
2650 3893 3024 3967 gemmeam
3076 3896 3185 3946 Καὶ
3226 3893 3421 3968 lino-at;

1850 3969 1907 4020 ὲν
1937 3963 2376 4037 τῷἀντιγράφῳ.
2432 3963 2457 4018 ὶ
2500 3963 2701 4034 Adjuro
2755 3963 2973 4035 te'qui"
3008 3963 3422 4037 transcripseris

1852 4033 1996 4091 hunc
2019 4033 2213 4089 librum
2245 4076 2260 4100 ,
2290 4033 2413 4105 per
2445 4037 2733 4105 Dominum
2778 4033 3019 4089 nostrum
3053 4033 3233 4088 Jcsum
3263 4033 3421 4105 Chri-

1849 4116 2012 4169 stum,
2045 4114 2101 4158 ct
2123 4121 2217 4174 per
2238 4102 2529 4175 gloriosum
2569 4104 2685 4173 ejus
2707 4107 3022 4165 adventum,
3056 4106 3109 4157 in
3146 4102 3419 4175 qnojudif

1849 4186 2066 4230 caturus
2113 4172 2193 4230 est
2242 4172 2399 4229 'vivos
2439 4185 2494 4228 et
2535 4172 2818 4239 mOrtuos;
2862 4185 2920 4228 ut
2969 4174 3220 4228 conferas
3276 4172 3421 4239 quod

1851 4245 2281 4313 transcripseris,
2313 4256 2366 4298 et
2394 4246 2679 4315 diligenter
2718 4245 2974 4315 emendes
3022 4245 3085 4315 ad
3141 4242 3422 4315 exemplar

1849 4330 1914 4369 ex
1940 4330 2049 4381 quo
2090 4312 2532 4383 ’transcripsisti':
2591 4325 2756 4383 tttque
2807 4312 3201 4381 adjurationem
3259 4313 3418 4383 istam

1848 4385 2097 4439 similiter
2127 4381 2408 4439 exscribas
2437 4424 2451 4448 ,
2503 4392 2557 4439 et
2585 4381 2755 4439 codici
2792 4392 2883 4439 tuo
2915 4383 3146 4437 inseras.
3176 4399 3194 4430 ι
3247 4381 3418 4446 Quam

1848 4455 2137 4509 formulam
2182 4459 2422 4509 referens
2452 4454 2712 4509 Eusebius
2757 4453 2853 4509 lib.
2882 4469 2915 4507 v
2940 4492 2955 4517 ,
3003 4466 3121 4521 cap.
3151 4450 3221 4504 20
3274 4449 3416 4521 Hist.

1849 4524 1976 4577 eccl.
2005 4564 2020 4587 ,
2068 4524 2428 4596 χαριεστάτην
2480 4523 2777 4596 σημείωσιγ
2806 4522 3038 4593 appellat
3070 4519 3086 4587 ξ
3133 4530 3188 4596 et
3226 4519 3374 4573 addit
3402 4536 3416 4572 :

1857 4612 1875 4644 ι
1907 4591 2228 4662 Αιίιιιάιιὶιξο
2258 4591 2461 4648 utiliter
2495 4591 2565 4647 ab
2610 4608 2672 4646 eo
2721 4591 2888 4662 dicta
2920 4602 2976 4645 et
3005 4606 3035 4644 a
3064 4591 3221 4662 nobis
3268 4604 3419 4642 com-

1850 4660 2145 4717 memorata
2208 4673 2369 4729 sunt,
2420 4674 2476 4717 ut
2534 4663 2741 4731 priscos
2794 4661 2912 4716 illos
2940 4668 2995 4715 et
3032 4660 3151 4731 sine
3200 4662 3420 4712 contra,

1851 4733 2026 4787 versia
2061 4728 2435 4787 sanctissimos
2482 4728 2631 4786 viros
2682 4740 2939 4799 tanquam
2990 4728 3416 4799 pulcherrimum

1848 4802 2157 4871 exemplum
2186 4803 2547 4857 exactissima:
2574 4801 2864 4872 diligentiae
2892 4808 3419 4872 semperanteocu-

1848 4874 1929 4927 los
1957 4869 2277 4928 habeamus.
2316 4892 2333 4924 ι
2394 4872 2466 4928 lta
2515 4869 2811 4927 cerle'hoc
2855 4869 3061 4940 placuit
3082 4869 3317 4940 Eusebio
3353 4876 3421 4940 ut

1847 4942 2081 4997 similem
2110 4943 2506 5013 adjurationem
2551 4942 2664 4998 suis
2688 4938 2902 5013 quoque
2928 4939 3221 5013 attexuerit
3243 4938 3416 5003 libris,

1848 5013 2027 5081 qualis
2059 5010 2329 5083 hodieque
2376 5013 2429 5067 in
2470 5012 2736 5083 principio
2773 5010 3021 5066 Chronici
3054 5012 3121 5065 ab
3148 5010 3416 5083 llierony-

1849 5079 1937 5136 mo
1960 5082 2209 5137 translati
2238 5079 2435 5153 legitur
2466 5079 2485 5148 ζ
2511 5079 2671 5151 quam
2701 5084 3035 5153 antiquiores
3063 5079 3281 5137 codices
3330 5080 3421 5134 lit-

1851 5153 1983 5207 teris
2009 5153 2392 5221 grandioribus
2419 5154 2696 5207 exhibent.

1921 5222 2033 5294 (42)
2068 5224 2417 5294 Martianaaus
2444 5263 2457 5287 ,
2493 5240 2511 5273 t
2543 5238 2609 5277 ne
2647 5224 2768 5292 quis
2808 5223 2970 5294 addat
2998 5220 3221 5294 aliquid,
3254 5238 3272 5272 ι
3308 5228 3413 5273 etc.

1847 5291 2107 5348 Merlinus
2137 5303 2187 5347 et
2209 5293 2565 5358 Genebrard.,
2598 5311 2615 5344 ‹
2648 5291 2712 5347 ne
2735 5294 2896 5347 addat
2919 5292 3119 5361 aliquid
3144 5291 3290 5355 huic,
3319 5304 3417 5361 nec

1848 5363 2081 5427 auferat,
2130 5378 2231 5418 neu
2266 5366 2513 5418 immutet
2540 5402 2555 5428 ,
2587 5364 2681 5419 sed
2711 5362 2955 5419 conferat
2998 5360 3119 5416 eum
3145 5360 3418 5429 exetnpla-

1847 5435 1998 5488 ribus
2049 5435 2191 5488 unde
2240 5435 2640 5504 conscripserat
2693 5472 2741 5488 ..
2772 5472 2823 5488 ..
2892 5435 2974 5486 vel
3046 5431 3415 5486 indistinctum

1848 5506 2137 5569 codicem,
2171 5524 2190 5558 ι
2234 5514 2339 5561 etc.
2409 5505 2517 5561 Sed
2567 5520 2753 5562 omnes
2812 5519 2942 5559 mss.
3004 5514 3062 5559 ut
3106 5504 3160 5557 in
3226 5511 3423 5556 nostro.

1848 5584 2018 5628 lCXlll.
