  <div class='ocr_page' id='page_1' title='image "/cluster/home/n/w/nwhite01/storage/ocr_20150623/11/hvd.32044024345175/063.png"; bbox 0 0 4064 6414; ppageno 0'>
   <div class='ocr_carea' id='block_1_1' title="bbox 1797 409 3735 485">
    <p class='ocr_par' dir='ltr' id='par_1_1' title="bbox 1797 409 3735 485">
     <span class='ocr_line' id='line_1_1' title="bbox 1797 409 3735 485; baseline 0.009 -19"><span class='ocrx_word' id='word_1_1' title='bbox 1797 409 2117 467; x_wconf 70' lang='grc' dir='ltr'><strong>ΟΒΙΟΕΝΙΒ</strong></span> <span class='ocrx_word' id='word_1_2' title='bbox 2156 415 2313 468; x_wconf 86' lang='grc' dir='ltr'><strong>ΠΕΡΙ</strong></span> <span class='ocrx_word' id='word_1_3' title='bbox 2354 417 2582 469; x_wconf 78' lang='grc' dir='ltr'><strong>ΑΡΧΩΝ</strong></span> <span class='ocrx_word' id='word_1_4' title='bbox 3649 427 3735 485; x_wconf 81' lang='lat' dir='ltr'><strong>H6</strong></span> 
     </span>
    </p>
   </div>
   <div class='ocr_carea' id='block_1_2' title="bbox 1007 731 2128 913">
    <p class='ocr_par' dir='ltr' id='par_1_2' title="bbox 1007 735 2128 904">
     <span class='ocr_line' id='line_1_2' title="bbox 1007 735 2128 904; baseline 0.011 -12"><span class='ocrx_word' id='word_1_5' title='bbox 1007 736 1722 895; x_wconf 84' lang='lat' dir='ltr'><strong>ORIGEN</strong></span> <span class='ocrx_word' id='word_1_6' title='bbox 1728 739 1904 895; x_wconf 88' lang='lat' dir='ltr'><strong>IS</strong></span> <span class='ocrx_word' id='word_1_7' title='bbox 2005 735 2128 904; x_wconf 80' lang='grc' dir='ltr'>Π</span> 
     </span>
    </p>
   </div>
   <div class='ocr_carea' id='block_1_3' title="bbox 2231 731 3397 913">
    <p class='ocr_par' dir='ltr' id='par_1_3' title="bbox 2231 731 3397 913">
     <span class='ocr_line' id='line_1_3' title="bbox 2231 731 3397 913; baseline 0.008 -10"><span class='ocrx_word' id='word_1_8' title='bbox 2231 739 2526 905; x_wconf 74' lang='lat' dir='ltr'><strong>EPI</strong></span> <span class='ocrx_word' id='word_1_9' title='bbox 2626 731 3397 913; x_wconf 82' lang='grc' dir='ltr'>ΑΡΧΩΝ</span> 
     </span>
    </p>
   </div>
   <div class='ocr_carea' id='block_1_4' title="bbox 3364 576 3730 606">
    <p class='ocr_par' dir='ltr' id='par_1_4' title="bbox 3364 576 3730 606">
     <span class='ocr_line' id='line_1_4' title="bbox 3364 576 3730 606; baseline 0.016 -6"><span class='ocrx_word' id='word_1_10' title='bbox 3364 576 3730 606; x_wconf 57' lang='lat' dir='ltr'><em>m</em></span> 
     </span>
    </p>
   </div>
   <div class='ocr_carea' id='block_1_5' title="bbox 1557 1030 2817 1182">
    <p class='ocr_par' dir='ltr' id='par_1_5' title="bbox 1557 1030 2817 1182">
     <span class='ocr_line' id='line_1_5' title="bbox 1557 1030 2817 1182; baseline 0.006 -25"><span class='ocrx_word' id='word_1_11' title='bbox 1557 1035 1984 1160; x_wconf 78' lang='lat' dir='ltr'><strong>LIBRI</strong></span> <span class='ocrx_word' id='word_1_12' title='bbox 2062 1030 2817 1182; x_wconf 80' lang='lat' dir='ltr'><strong>QUATUOR</strong></span> 
     </span>
    </p>
   </div>
   <div class='ocr_carea' id='block_1_6' title="bbox 567 1247 3774 1384">
    <p class='ocr_par' dir='ltr' id='par_1_6' title="bbox 567 1247 3774 1384">
     <span class='ocr_line' id='line_1_6' title="bbox 567 1247 3774 1384; baseline 0.004 -24"><span class='ocrx_word' id='word_1_13' title='bbox 567 1247 1373 1368; x_wconf 4' lang='lat' dir='ltr'><strong>INTERPBECTE</strong></span> <span class='ocrx_word' id='word_1_14' title='bbox 1461 1289 1933 1370; x_wconf 80' lang='lat' dir='ltr'><strong>RUFINO</strong></span> <span class='ocrx_word' id='word_1_15' title='bbox 2037 1290 2866 1384; x_wconf 81' lang='lat' dir='ltr'><strong>AQUILEIENSI</strong></span> <span class='ocrx_word' id='word_1_16' title='bbox 2966 1288 3774 1373; x_wconf 78' lang='lat' dir='ltr'><strong>PRESBYTERO.</strong></span> 
     </span>
    </p>
   </div>
   <div class='ocr_carea' id='block_1_7' title="bbox 1636 1644 2715 1763">
    <p class='ocr_par' dir='ltr' id='par_1_7' title="bbox 1636 1644 2715 1763">
     <span class='ocr_line' id='line_1_7' title="bbox 1636 1644 2715 1763; baseline 0.003 -7"><span class='ocrx_word' id='word_1_17' title='bbox 1636 1646 2056 1758; x_wconf 83' lang='lat' dir='ltr'><strong>LIBER</strong></span> <span class='ocrx_word' id='word_1_18' title='bbox 2140 1644 2715 1763; x_wconf 84' lang='lat' dir='ltr'><strong>PRIMUS.</strong></span> 
     </span>
    </p>
   </div>
   <div class='ocr_carea' id='block_1_8' title="bbox 625 1856 1309 1929">
    <p class='ocr_par' dir='ltr' id='par_1_8' title="bbox 625 1856 1309 1929">
     <span class='ocr_line' id='line_1_8' title="bbox 625 1856 1309 1929; baseline 0.009 -22"><span class='ocrx_word' id='word_1_19' title='bbox 625 1856 641 1907; x_wconf 91' lang='lat' dir='ltr'><strong>l</strong></span> <span class='ocrx_word' id='word_1_20' title='bbox 658 1895 670 1907; x_wconf 93' lang='lat'><strong>.</strong></span> <span class='ocrx_word' id='word_1_21' title='bbox 687 1857 746 1909; x_wconf 82' lang='grc' dir='ltr'><strong>Οἱ</strong></span> <span class='ocrx_word' id='word_1_22' title='bbox 765 1857 1182 1923; x_wconf 82' lang='grc' dir='ltr'>πεπιστευκότες</span> <span class='ocrx_word' id='word_1_23' title='bbox 1199 1859 1309 1929; x_wconf 72' lang='grc'>(45)</span> 
     </span>
    </p>
   </div>
   <div class='ocr_carea' id='block_1_9' title="bbox 555 1947 2131 2024">
    <p class='ocr_par' dir='ltr' id='par_1_9' title="bbox 555 1947 2131 2024">
     <span class='ocr_line' id='line_1_9' title="bbox 555 1947 2131 2024; baseline 0.006 -24"><span class='ocrx_word' id='word_1_24' title='bbox 555 1947 650 2000; x_wconf 73' lang='grc' dir='ltr'><strong>καὶ</strong></span> <span class='ocrx_word' id='word_1_25' title='bbox 730 1949 1148 2018; x_wconf 82' lang='grc' dir='ltr'>πεπιστευμένοι</span> <span class='ocrx_word' id='word_1_26' title='bbox 1213 1951 1312 2023; x_wconf 80' lang='grc' dir='ltr'>τὴν</span> <span class='ocrx_word' id='word_1_27' title='bbox 1355 1970 1358 1974; x_wconf 52' lang='grc' dir='ltr'>λ</span> <span class='ocrx_word' id='word_1_28' title='bbox 1384 1951 1517 2005; x_wconf 87' lang='lat' dir='ltr'><strong>dttut</strong></span> <span class='ocrx_word' id='word_1_29' title='bbox 1535 1962 1588 2007; x_wconf 88' lang='lat' dir='ltr'><strong>et</strong></span> <span class='ocrx_word' id='word_1_30' title='bbox 1616 1955 1749 2008; x_wconf 88' lang='lat' dir='ltr'><strong>certi</strong></span> <span class='ocrx_word' id='word_1_31' title='bbox 1769 1964 1892 2008; x_wconf 89' lang='lat' dir='ltr'><strong>sunt</strong></span> <span class='ocrx_word' id='word_1_32' title='bbox 1919 1957 2059 2024; x_wconf 89' lang='lat' dir='ltr'><strong>quod</strong></span> <span class='ocrx_word' id='word_1_33' title='bbox 2078 1967 2131 2011; x_wconf 86' lang='lat' dir='ltr'><strong>et</strong></span> 
     </span>
    </p>
   </div>
   <div class='ocr_carea' id='block_1_10' title="bbox 555 2039 2130 2115">
    <p class='ocr_par' dir='ltr' id='par_1_10' title="bbox 555 2039 2130 2115">
     <span class='ocr_line' id='line_1_10' title="bbox 555 2039 2130 2115; baseline 0.007 -24"><span class='ocrx_word' id='word_1_34' title='bbox 555 2039 714 2110; x_wconf 77' lang='grc' dir='ltr'>χάριν</span> <span class='ocrx_word' id='word_1_35' title='bbox 738 2041 830 2093; x_wconf 53' lang='grc' dir='ltr'><strong>καὶ⁹</strong></span> <span class='ocrx_word' id='word_1_36' title='bbox 850 2041 946 2104; x_wconf 74' lang='grc' dir='ltr'>τὴν</span> <span class='ocrx_word' id='word_1_37' title='bbox 967 2040 1220 2112; x_wconf 80' lang='grc' dir='ltr'>ἀλήθειαν</span> <span class='ocrx_word' id='word_1_38' title='bbox 1240 2042 1308 2095; x_wconf 84' lang='grc' dir='ltr'><strong>δι’</strong></span> <span class='ocrx_word' id='word_1_39' title='bbox 1380 2045 1552 2113; x_wconf 82' lang='lat' dir='ltr'><strong>gratia</strong></span> <span class='ocrx_word' id='word_1_40' title='bbox 1587 2054 1640 2099; x_wconf 90' lang='lat' dir='ltr'><strong>et</strong></span> <span class='ocrx_word' id='word_1_41' title='bbox 1678 2045 1876 2102; x_wconf 88' lang='lat' dir='ltr'><strong>veritas</strong></span> <span class='ocrx_word' id='word_1_42' title='bbox 1917 2062 2011 2115; x_wconf 91' lang='lat' dir='ltr'><strong>per</strong></span> <span class='ocrx_word' id='word_1_43' title='bbox 2038 2045 2130 2103; x_wconf 74' lang='lat' dir='ltr'><strong>Je-</strong></span> 
     </span>
    </p>
   </div>
   <div class='ocr_carea' id='block_1_11' title="bbox 567 2133 2128 2209">
    <p class='ocr_par' dir='ltr' id='par_1_11' title="bbox 567 2133 2128 2209">
     <span class='ocr_line' id='line_1_11' title="bbox 567 2133 2128 2209; baseline 0.008 -25"><span class='ocrx_word' id='word_1_44' title='bbox 567 2133 738 2202; x_wconf 80' lang='grc' dir='ltr'>Ἰησοῡ</span> <span class='ocrx_word' id='word_1_45' title='bbox 756 2133 989 2204; x_wconf 80' lang='grc' dir='ltr'>Χριστοῦ</span> <span class='ocrx_word' id='word_1_46' title='bbox 1007 2135 1303 2204; x_wconf 79' lang='grc' dir='ltr'>γεγονέναι,</span> <span class='ocrx_word' id='word_1_47' title='bbox 1379 2154 1497 2191; x_wconf 91' lang='lat' dir='ltr'><strong>sum</strong></span> <span class='ocrx_word' id='word_1_48' title='bbox 1538 2137 1813 2194; x_wconf 92' lang='lat' dir='ltr'><strong>Christum</strong></span> <span class='ocrx_word' id='word_1_49' title='bbox 1854 2141 1993 2195; x_wconf 82' lang='lat' dir='ltr'><strong>facta</strong></span> <span class='ocrx_word' id='word_1_50' title='bbox 2035 2142 2128 2209; x_wconf 91' lang='lat' dir='ltr'><strong>sit,</strong></span> 
     </span>
    </p>
   </div>
   <div class='ocr_carea' id='block_1_12' title="bbox 553 2221 2126 2299">
    <p class='ocr_par' dir='ltr' id='par_1_12' title="bbox 553 2221 2126 2299">
     <span class='ocr_line' id='line_1_12' title="bbox 553 2221 2126 2299; baseline 0.008 -23"><span class='ocrx_word' id='word_1_51' title='bbox 553 2225 648 2277; x_wconf 71' lang='grc' dir='ltr'>καὶ</span> <span class='ocrx_word' id='word_1_52' title='bbox 667 2221 1169 2297; x_wconf 78' lang='grc' dir='ltr'>Χριστὸνεῖναιτὴν</span> <span class='ocrx_word' id='word_1_53' title='bbox 1186 2227 1307 2299; x_wconf 81' lang='grc' dir='ltr'><strong>ἁλή-</strong></span> <span class='ocrx_word' id='word_1_54' title='bbox 1375 2241 1429 2284; x_wconf 90' lang='lat' dir='ltr'><strong>et</strong></span> <span class='ocrx_word' id='word_1_55' title='bbox 1497 2230 1769 2286; x_wconf 74' lang='lat' dir='ltr'><strong>Christum</strong></span> <span class='ocrx_word' id='word_1_56' title='bbox 1845 2233 2126 2288; x_wconf 71' lang='lat' dir='ltr'><strong>veritatem</strong></span> 
     </span>
    </p>
   </div>
   <div class='ocr_carea' id='block_1_13' title="bbox 552 2316 2128 2390">
    <p class='ocr_par' dir='ltr' id='par_1_13' title="bbox 552 2316 2128 2390">
     <span class='ocr_line' id='line_1_13' title="bbox 552 2316 2128 2390; baseline 0.009 -23"><span class='ocrx_word' id='word_1_57' title='bbox 552 2316 702 2370; x_wconf 80' lang='grc' dir='ltr'>θειαν</span> <span class='ocrx_word' id='word_1_58' title='bbox 744 2318 884 2372; x_wconf 76' lang='grc' dir='ltr'>κατὰ</span> <span class='ocrx_word' id='word_1_59' title='bbox 923 2319 981 2371; x_wconf 83' lang='grc' dir='ltr'><strong>τὸ</strong></span> <span class='ocrx_word' id='word_1_60' title='bbox 1019 2319 1303 2390; x_wconf 71' lang='grc' dir='ltr'><strong>εἰρημένον</strong></span> <span class='ocrx_word' id='word_1_61' title='bbox 1375 2337 1496 2378; x_wconf 90' lang='lat' dir='ltr'><strong>esse</strong></span> <span class='ocrx_word' id='word_1_62' title='bbox 1552 2325 1791 2389; x_wconf 83' lang='lat' dir='ltr'><strong>norunt,</strong></span> <span class='ocrx_word' id='word_1_63' title='bbox 1836 2328 2128 2381; x_wconf 89' lang='lat' dir='ltr'><strong>secundum</strong></span> 
     </span>
    </p>
   </div>
   <div class='ocr_carea' id='block_1_14' title="bbox 553 2410 2127 2490">
    <p class='ocr_par' dir='ltr' id='par_1_14' title="bbox 553 2410 2127 2490">
     <span class='ocr_line' id='line_1_14' title="bbox 553 2410 2127 2490; baseline 0.008 -28"><span class='ocrx_word' id='word_1_64' title='bbox 553 2411 643 2462; x_wconf 77' lang='grc' dir='ltr'><strong>ὑπ’</strong></span> <span class='ocrx_word' id='word_1_65' title='bbox 692 2411 886 2465; x_wconf 79' lang='grc' dir='ltr'>αὐτοῦ·</span> <span class='ocrx_word' id='word_1_66' title='bbox 933 2432 951 2464; x_wconf 77' lang='grc' dir='ltr'><strong>ι</strong></span> <span class='ocrx_word' id='word_1_67' title='bbox 1003 2412 1143 2482; x_wconf 75' lang='grc' dir='ltr'><strong>Ἐγώ</strong></span> <span class='ocrx_word' id='word_1_68' title='bbox 1185 2410 1297 2485; x_wconf 54' lang='lat' dir='ltr'><strong>sint</strong></span> <span class='ocrx_word' id='word_1_69' title='bbox 1371 2418 1512 2485; x_wconf 90' lang='lat' dir='ltr'><strong>quod</strong></span> <span class='ocrx_word' id='word_1_70' title='bbox 1569 2417 1681 2486; x_wconf 89' lang='lat' dir='ltr'><strong>ipse</strong></span> <span class='ocrx_word' id='word_1_71' title='bbox 1737 2419 1914 2474; x_wconf 90' lang='lat' dir='ltr'><strong>dixit:</strong></span> <span class='ocrx_word' id='word_1_72' title='bbox 1961 2438 1979 2472; x_wconf 77' lang='grc' dir='ltr'><strong>ι</strong></span> <span class='ocrx_word' id='word_1_73' title='bbox 2016 2419 2127 2490; x_wconf 78' lang='lat' dir='ltr'><strong>Ego</strong></span> 
     </span>
    </p>
   </div>
   <div class='ocr_carea' id='block_1_15' title="bbox 549 2502 2123 2574">
    <p class='ocr_par' dir='ltr' id='par_1_15' title="bbox 549 2502 2123 2574">
     <span class='ocr_line' id='line_1_15' title="bbox 549 2502 2123 2574; baseline 0.008 -20"><span class='ocrx_word' id='word_1_74' title='bbox 549 2503 582 2571; x_wconf 79' lang='grc' dir='ltr'>ἡ</span> <span class='ocrx_word' id='word_1_75' title='bbox 618 2502 862 2574; x_wconf 81' lang='grc' dir='ltr'><strong>ἀλήθεια.</strong></span> <span class='ocrx_word' id='word_1_76' title='bbox 893 2523 909 2554; x_wconf 79' lang='grc' dir='ltr'><strong>ι</strong></span> <span class='ocrx_word' id='word_1_77' title='bbox 1375 2523 1492 2562; x_wconf 91' lang='lat' dir='ltr'><strong>sum</strong></span> <span class='ocrx_word' id='word_1_78' title='bbox 1515 2510 1772 2574; x_wconf 79' lang='lat' dir='ltr'><strong>veritas‘,</strong></span> <span class='ocrx_word' id='word_1_79' title='bbox 1803 2529 1821 2562; x_wconf 71' lang='grc' dir='ltr'><strong>ι</strong></span> <span class='ocrx_word' id='word_1_80' title='bbox 1843 2511 2123 2567; x_wconf 76' lang='lat' dir='ltr'><strong>scientiam</strong></span> 
     </span>
    </p>
   </div>
   <div class='ocr_carea' id='block_1_16' title="bbox 549 2597 2120 2670">
    <p class='ocr_par' dir='ltr' id='par_1_16' title="bbox 549 2597 2120 2670">
     <span class='ocr_line' id='line_1_16' title="bbox 549 2597 2120 2670; baseline 0.01 -26"><span class='ocrx_word' id='word_1_81' title='bbox 549 2608 670 2660; x_wconf 88' lang='lat' dir='ltr'><strong>quae</strong></span> <span class='ocrx_word' id='word_1_82' title='bbox 699 2605 954 2662; x_wconf 76' lang='lat' dir='ltr'><strong>provocat</strong></span> <span class='ocrx_word' id='word_1_83' title='bbox 988 2597 1237 2652; x_wconf 84' lang='lat' dir='ltr'><strong>homines</strong></span> <span class='ocrx_word' id='word_1_84' title='bbox 1267 2598 1333 2652; x_wconf 91' lang='lat' dir='ltr'><strong>ad</strong></span> <span class='ocrx_word' id='word_1_85' title='bbox 1364 2597 1501 2652; x_wconf 82' lang='lat' dir='ltr'><strong>bene</strong></span> <span class='ocrx_word' id='word_1_86' title='bbox 1537 2601 1802 2670; x_wconf 81' lang='lat' dir='ltr'><strong>beateque</strong></span> <span class='ocrx_word' id='word_1_87' title='bbox 1835 2603 2120 2659; x_wconf 89' lang='lat' dir='ltr'><strong>vivendum</strong></span> 
     </span>
    </p>
   </div>
   <div class='ocr_carea' id='block_1_17' title="bbox 552 2685 2120 2758">
    <p class='ocr_par' dir='ltr' id='par_1_17' title="bbox 552 2685 2120 2758">
     <span class='ocr_line' id='line_1_17' title="bbox 552 2685 2120 2758; baseline 0.01 -23"><span class='ocrx_word' id='word_1_88' title='bbox 552 2701 653 2738; x_wconf 90' lang='lat' dir='ltr'><strong>non</strong></span> <span class='ocrx_word' id='word_1_89' title='bbox 681 2685 897 2741; x_wconf 83' lang='lat' dir='ltr'><strong>aliunde</strong></span> <span class='ocrx_word' id='word_1_90' title='bbox 927 2703 1086 2756; x_wconf 90' lang='lat' dir='ltr'><strong>quam</strong></span> <span class='ocrx_word' id='word_1_91' title='bbox 1122 2688 1189 2743; x_wconf 90' lang='lat' dir='ltr'><strong>ab</strong></span> <span class='ocrx_word' id='word_1_92' title='bbox 1223 2690 1352 2758; x_wconf 88' lang='lat' dir='ltr'><strong>ipsis</strong></span> <span class='ocrx_word' id='word_1_93' title='bbox 1388 2691 1569 2746; x_wconf 78' lang='lat' dir='ltr'><strong>verbis</strong></span> <span class='ocrx_word' id='word_1_94' title='bbox 1607 2691 1810 2748; x_wconf 85' lang='lat' dir='ltr'><strong>Christi</strong></span> <span class='ocrx_word' id='word_1_95' title='bbox 1843 2695 2120 2750; x_wconf 80' lang='lat' dir='ltr'><strong>doctrina-</strong></span> 
     </span>
    </p>
   </div>
   <div class='ocr_carea' id='block_1_18' title="bbox 551 2776 2117 2846">
    <p class='ocr_par' dir='ltr' id='par_1_18' title="bbox 551 2776 2117 2846">
     <span class='ocr_line' id='line_1_18' title="bbox 551 2776 2117 2846; baseline 0.009 -20"><span class='ocrx_word' id='word_1_96' title='bbox 551 2789 657 2840; x_wconf 86' lang='lat' dir='ltr'><strong>que</strong></span> <span class='ocrx_word' id='word_1_97' title='bbox 692 2776 1013 2844; x_wconf 86' lang='lat' dir='ltr'><strong>suscipiunt.</strong></span> <span class='ocrx_word' id='word_1_98' title='bbox 1042 2776 1242 2832; x_wconf 87' lang='lat' dir='ltr'><strong>Christi</strong></span> <span class='ocrx_word' id='word_1_99' title='bbox 1293 2788 1470 2832; x_wconf 89' lang='lat' dir='ltr'><strong>autem</strong></span> <span class='ocrx_word' id='word_1_100' title='bbox 1520 2782 1698 2836; x_wconf 86' lang='lat' dir='ltr'><strong>verbis</strong></span> <span class='ocrx_word' id='word_1_101' title='bbox 1735 2783 1983 2846; x_wconf 87' lang='lat' dir='ltr'><strong>dicimus,</strong></span> <span class='ocrx_word' id='word_1_102' title='bbox 2014 2801 2117 2840; x_wconf 92' lang='lat' dir='ltr'><strong>non</strong></span> 
     </span>
    </p>
   </div>
   <div class='ocr_carea' id='block_1_19' title="bbox 548 2863 2120 2943">
    <p class='ocr_par' dir='ltr' id='par_1_19' title="bbox 548 2863 2120 2943">
     <span class='ocr_line' id='line_1_19' title="bbox 548 2863 2120 2943; baseline 0.009 -27"><span class='ocrx_word' id='word_1_103' title='bbox 548 2863 634 2918; x_wconf 89' lang='lat' dir='ltr'><strong>his</strong></span> <span class='ocrx_word' id='word_1_104' title='bbox 669 2864 839 2918; x_wconf 90' lang='lat' dir='ltr'><strong>solum</strong></span> <span class='ocrx_word' id='word_1_105' title='bbox 875 2881 993 2935; x_wconf 88' lang='lat' dir='ltr'><strong>quae</strong></span> <span class='ocrx_word' id='word_1_106' title='bbox 1023 2867 1185 2922; x_wconf 89' lang='lat' dir='ltr'><strong>homo</strong></span> <span class='ocrx_word' id='word_1_107' title='bbox 1219 2868 1413 2934; x_wconf 79' lang='lat' dir='ltr'><strong>factus,</strong></span> <span class='ocrx_word' id='word_1_108' title='bbox 1443 2880 1604 2940; x_wconf 86' lang='lat' dir='ltr'><strong>atque</strong></span> <span class='ocrx_word' id='word_1_109' title='bbox 1641 2873 1693 2926; x_wconf 91' lang='lat' dir='ltr'><strong>in</strong></span> <span class='ocrx_word' id='word_1_110' title='bbox 1726 2887 1888 2928; x_wconf 89' lang='lat' dir='ltr'><strong>carne</strong></span> <span class='ocrx_word' id='word_1_111' title='bbox 1916 2875 2120 2943; x_wconf 88' lang='lat' dir='ltr'><strong>positus</strong></span> 
     </span>
    </p>
   </div>
   <div class='ocr_carea' id='block_1_20' title="bbox 551 2955 2120 3031">
    <p class='ocr_par' dir='ltr' id='par_1_20' title="bbox 551 2955 2120 3031">
     <span class='ocr_line' id='line_1_20' title="bbox 551 2955 2120 3031; baseline 0.009 -25"><span class='ocrx_word' id='word_1_112' title='bbox 551 2955 774 3009; x_wconf 84' lang='lat' dir='ltr'><strong>docuit:</strong></span> <span class='ocrx_word' id='word_1_113' title='bbox 812 2966 869 3010; x_wconf 86' lang='lat' dir='ltr'><strong>et</strong></span> <span class='ocrx_word' id='word_1_114' title='bbox 904 2959 1055 3027; x_wconf 89' lang='lat' dir='ltr'><strong>prius</strong></span> <span class='ocrx_word' id='word_1_115' title='bbox 1101 2975 1335 3031; x_wconf 84' lang='lat' dir='ltr'><strong>namque</strong></span> <span class='ocrx_word' id='word_1_116' title='bbox 1381 2961 1634 3017; x_wconf 89' lang='lat' dir='ltr'><strong>Christus</strong></span> <span class='ocrx_word' id='word_1_117' title='bbox 1665 2963 1758 3018; x_wconf 85' lang='lat' dir='ltr'><strong>Dei</strong></span> <span class='ocrx_word' id='word_1_118' title='bbox 1792 2964 2030 3019; x_wconf 80' lang='lat' dir='ltr'><strong>Verbum</strong></span> <span class='ocrx_word' id='word_1_119' title='bbox 2067 2969 2120 3020; x_wconf 87' lang='lat' dir='ltr'><strong>in</strong></span> 
     </span>
    </p>
   </div>
   <div class='ocr_carea' id='block_1_21' title="bbox 549 3042 2121 3120">
    <p class='ocr_par' dir='ltr' id='par_1_21' title="bbox 549 3042 2121 3120">
     <span class='ocr_line' id='line_1_21' title="bbox 549 3042 2121 3120; baseline 0.01 -24"><span class='ocrx_word' id='word_1_120' title='bbox 549 3042 736 3114; x_wconf 75' lang='lat' dir='ltr'><strong>Moyse</strong></span> <span class='ocrx_word' id='word_1_121' title='bbox 779 3056 940 3116; x_wconf 86' lang='lat' dir='ltr'><strong>atque</strong></span> <span class='ocrx_word' id='word_1_122' title='bbox 989 3043 1265 3120; x_wconf 82' lang='lat' dir='ltr'><strong>prophetis</strong></span> <span class='ocrx_word' id='word_1_123' title='bbox 1313 3061 1451 3107; x_wconf 89' lang='lat' dir='ltr'><strong>erat.</strong></span> <span class='ocrx_word' id='word_1_124' title='bbox 1492 3053 1620 3107; x_wconf 86' lang='lat' dir='ltr'><strong>Nam</strong></span> <span class='ocrx_word' id='word_1_125' title='bbox 1650 3055 1773 3119; x_wconf 88' lang='lat' dir='ltr'><strong>sine</strong></span> <span class='ocrx_word' id='word_1_126' title='bbox 1809 3055 1985 3112; x_wconf 86' lang='lat' dir='ltr'><strong>Verbo</strong></span> <span class='ocrx_word' id='word_1_127' title='bbox 2031 3058 2121 3111; x_wconf 91' lang='lat' dir='ltr'><strong>Dei</strong></span> 
     </span>
    </p>
   </div>
   <div class='ocr_carea' id='block_1_22' title="bbox 545 3137 2126 3218">
    <p class='ocr_par' dir='ltr' id='par_1_22' title="bbox 545 3137 2126 3218">
     <span class='ocr_line' id='line_1_22' title="bbox 545 3137 2126 3218; baseline 0.013 -32"><span class='ocrx_word' id='word_1_128' title='bbox 545 3137 820 3204; x_wconf 90' lang='lat' dir='ltr'><strong>quomodo</strong></span> <span class='ocrx_word' id='word_1_129' title='bbox 849 3147 1100 3206; x_wconf 85' lang='lat' dir='ltr'><strong>poterant</strong></span> <span class='ocrx_word' id='word_1_130' title='bbox 1128 3143 1452 3211; x_wconf 86' lang='lat' dir='ltr'><strong>prophetare</strong></span> <span class='ocrx_word' id='word_1_131' title='bbox 1479 3147 1544 3200; x_wconf 91' lang='lat' dir='ltr'><strong>de</strong></span> <span class='ocrx_word' id='word_1_132' title='bbox 1577 3146 1832 3202; x_wconf 80' lang='lat' dir='ltr'><strong>Christo?</strong></span> <span class='ocrx_word' id='word_1_133' title='bbox 1862 3149 1940 3203; x_wconf 82' lang='lat' dir='ltr'><strong>Ad</strong></span> <span class='ocrx_word' id='word_1_134' title='bbox 1975 3150 2126 3218; x_wconf 82' lang='lat' dir='ltr'><strong>cujus</strong></span> 
     </span>
    </p>
   </div>
   <div class='ocr_carea' id='block_1_23' title="bbox 548 3209 2198 3295">
    <p class='ocr_par' dir='ltr' id='par_1_23' title="bbox 548 3209 2198 3295">
     <span class='ocr_line' id='line_1_23' title="bbox 548 3209 2198 3295; baseline 0.01 -17"><span class='ocrx_word' id='word_1_135' title='bbox 548 3228 624 3279; x_wconf 89' lang='lat' dir='ltr'><strong>rei</strong></span> <span class='ocrx_word' id='word_1_136' title='bbox 657 3229 1032 3295; x_wconf 84' lang='lat' dir='ltr'><strong>probationem</strong></span> <span class='ocrx_word' id='word_1_137' title='bbox 1063 3247 1167 3287; x_wconf 91' lang='lat' dir='ltr'><strong>non</strong></span> <span class='ocrx_word' id='word_1_138' title='bbox 1205 3244 1348 3288; x_wconf 90' lang='lat' dir='ltr'><strong>esset</strong></span> <span class='ocrx_word' id='word_1_139' title='bbox 1390 3235 1604 3290; x_wconf 82' lang='lat' dir='ltr'><strong>dimcile</strong></span> <span class='ocrx_word' id='word_1_140' title='bbox 1635 3252 1699 3291; x_wconf 85' lang='lat' dir='ltr'><strong>ex</strong></span> <span class='ocrx_word' id='word_1_141' title='bbox 1743 3238 1941 3294; x_wconf 84' lang='lat' dir='ltr'><strong>divinis</strong></span> <span class='ocrx_word' id='word_1_142' title='bbox 1980 3240 2122 3294; x_wconf 88' lang='lat' dir='ltr'><strong>Scri-</strong></span> <span class='ocrx_word' id='word_1_143' title='bbox 2157 3209 2198 3263; x_wconf 72' lang='grc' dir='ltr'><strong><em>Β</em></strong></span> 
     </span>
    </p>
   </div>
   <div class='ocr_carea' id='block_1_24' title="bbox 547 3321 2126 3403">
    <p class='ocr_par' dir='ltr' id='par_1_24' title="bbox 547 3321 2126 3403">
     <span class='ocr_line' id='line_1_24' title="bbox 547 3321 2126 3403; baseline 0.01 -30"><span class='ocrx_word' id='word_1_144' title='bbox 547 3321 720 3390; x_wconf 93' lang='lat' dir='ltr'><strong>pturis</strong></span> <span class='ocrx_word' id='word_1_145' title='bbox 745 3325 1048 3391; x_wconf 90' lang='lat' dir='ltr'><strong>ostendere,</strong></span> <span class='ocrx_word' id='word_1_146' title='bbox 1080 3329 1350 3396; x_wconf 90' lang='lat' dir='ltr'><strong>quomodo</strong></span> <span class='ocrx_word' id='word_1_147' title='bbox 1377 3329 1458 3384; x_wconf 88' lang='lat' dir='ltr'><strong>vel</strong></span> <span class='ocrx_word' id='word_1_148' title='bbox 1487 3329 1718 3402; x_wconf 83' lang='lat' dir='ltr'><strong>Moyses.</strong></span> <span class='ocrx_word' id='word_1_149' title='bbox 1746 3332 1830 3386; x_wconf 89' lang='lat' dir='ltr'><strong>vel</strong></span> <span class='ocrx_word' id='word_1_150' title='bbox 1855 3334 2126 3403; x_wconf 74' lang='lat' dir='ltr'><strong>propheta:</strong></span> 
     </span>
    </p>
   </div>
   <div class='ocr_carea' id='block_1_25' title="bbox 547 3412 2124 3494">
    <p class='ocr_par' dir='ltr' id='par_1_25' title="bbox 547 3412 2124 3494">
     <span class='ocr_line' id='line_1_25' title="bbox 547 3412 2124 3494; baseline 0.01 -31"><span class='ocrx_word' id='word_1_151' title='bbox 547 3412 738 3479; x_wconf 89' lang='lat' dir='ltr'><strong>spiritu</strong></span> <span class='ocrx_word' id='word_1_152' title='bbox 773 3412 973 3469; x_wconf 87' lang='lat' dir='ltr'><strong>Christi</strong></span> <span class='ocrx_word' id='word_1_153' title='bbox 1009 3417 1220 3485; x_wconf 87' lang='lat' dir='ltr'><strong>repleti,</strong></span> <span class='ocrx_word' id='word_1_154' title='bbox 1245 3419 1327 3474; x_wconf 90' lang='lat' dir='ltr'><strong>vel</strong></span> <span class='ocrx_word' id='word_1_155' title='bbox 1352 3419 1516 3474; x_wconf 87' lang='lat' dir='ltr'><strong>locuti</strong></span> <span class='ocrx_word' id='word_1_156' title='bbox 1552 3430 1699 3487; x_wconf 87' lang='lat' dir='ltr'><strong>sunt,</strong></span> <span class='ocrx_word' id='word_1_157' title='bbox 1730 3423 1809 3476; x_wconf 86' lang='lat' dir='ltr'><strong>vel</strong></span> <span class='ocrx_word' id='word_1_158' title='bbox 1843 3435 2124 3494; x_wconf 77' lang='lat' dir='ltr'><strong>gesserunt</strong></span> 
     </span>
    </p>
   </div>
   <div class='ocr_carea' id='block_1_26' title="bbox 546 3505 2123 3584">
    <p class='ocr_par' dir='ltr' id='par_1_26' title="bbox 546 3505 2123 3584">
     <span class='ocr_line' id='line_1_26' title="bbox 546 3505 2123 3584; baseline 0.009 -30"><span class='ocrx_word' id='word_1_159' title='bbox 546 3505 726 3555; x_wconf 80' lang='lat' dir='ltr'><strong>omnia</strong></span> <span class='ocrx_word' id='word_1_160' title='bbox 759 3520 876 3574; x_wconf 66' lang='lat' dir='ltr'><strong>qua:</strong></span> <span class='ocrx_word' id='word_1_161' title='bbox 917 3516 1218 3576; x_wconf 80' lang='lat' dir='ltr'><strong>gesserunt,</strong></span> <span class='ocrx_word' id='word_1_162' title='bbox 1253 3509 1354 3563; x_wconf 92' lang='lat' dir='ltr'><strong>nisi</strong></span> <span class='ocrx_word' id='word_1_163' title='bbox 1403 3512 1584 3565; x_wconf 91' lang='lat' dir='ltr'><strong>studio</strong></span> <span class='ocrx_word' id='word_1_164' title='bbox 1617 3512 1770 3566; x_wconf 90' lang='lat' dir='ltr'><strong>nobis</strong></span> <span class='ocrx_word' id='word_1_165' title='bbox 1801 3523 1943 3568; x_wconf 89' lang='lat' dir='ltr'><strong>esset</strong></span> <span class='ocrx_word' id='word_1_166' title='bbox 1985 3529 2123 3584; x_wconf 69' lang='lat' dir='ltr'><strong>pra:-</strong></span> 
     </span>
    </p>
   </div>
   <div class='ocr_carea' id='block_1_27' title="bbox 547 3596 2126 3670">
    <p class='ocr_par' dir='ltr' id='par_1_27' title="bbox 547 3596 2126 3670">
     <span class='ocr_line' id='line_1_27' title="bbox 547 3596 2126 3670; baseline 0.007 -23"><span class='ocrx_word' id='word_1_167' title='bbox 547 3607 672 3648; x_wconf 86' lang='lat' dir='ltr'><strong>sens</strong></span> <span class='ocrx_word' id='word_1_168' title='bbox 701 3596 802 3650; x_wconf 92' lang='lat' dir='ltr'><strong>hoc</strong></span> <span class='ocrx_word' id='word_1_169' title='bbox 828 3612 964 3666; x_wconf 92' lang='lat' dir='ltr'><strong>opus</strong></span> <span class='ocrx_word' id='word_1_170' title='bbox 995 3600 1140 3652; x_wconf 88' lang='lat' dir='ltr'><strong>omni</strong></span> <span class='ocrx_word' id='word_1_171' title='bbox 1181 3615 1284 3670; x_wconf 92' lang='lat' dir='ltr'><strong>qua</strong></span> <span class='ocrx_word' id='word_1_172' title='bbox 1320 3615 1602 3670; x_wconf 89' lang='lat' dir='ltr'><strong>possumus</strong></span> <span class='ocrx_word' id='word_1_173' title='bbox 1624 3603 1888 3659; x_wconf 85' lang='lat' dir='ltr'><strong>brevitate</strong></span> <span class='ocrx_word' id='word_1_174' title='bbox 1913 3606 2126 3660; x_wconf 88' lang='lat' dir='ltr'><strong>succin-</strong></span> 
     </span>
    </p>
   </div>
   <div class='ocr_carea' id='block_1_28' title="bbox 549 3688 2124 3756">
    <p class='ocr_par' dir='ltr' id='par_1_28' title="bbox 549 3688 2124 3756">
     <span class='ocr_line' id='line_1_28' title="bbox 549 3688 2124 3756; baseline 0.007 -17"><span class='ocrx_word' id='word_1_175' title='bbox 549 3703 700 3756; x_wconf 78' lang='lat' dir='ltr'><strong>gere.</strong></span> <span class='ocrx_word' id='word_1_176' title='bbox 742 3688 894 3745; x_wconf 86' lang='lat' dir='ltr'><strong>Unde</strong></span> <span class='ocrx_word' id='word_1_177' title='bbox 929 3689 1170 3746; x_wconf 82' lang='lat' dir='ltr'><strong>sullicere</strong></span> <span class='ocrx_word' id='word_1_178' title='bbox 1199 3693 1452 3750; x_wconf 89' lang='lat' dir='ltr'><strong>existimo</strong></span> <span class='ocrx_word' id='word_1_179' title='bbox 1488 3710 1594 3750; x_wconf 93' lang='lat' dir='ltr'><strong>uno</strong></span> <span class='ocrx_word' id='word_1_180' title='bbox 1637 3695 1739 3751; x_wconf 90' lang='lat' dir='ltr'><strong>hoc</strong></span> <span class='ocrx_word' id='word_1_181' title='bbox 1773 3696 1924 3750; x_wconf 82' lang='lat' dir='ltr'><strong>Pauli</strong></span> <span class='ocrx_word' id='word_1_182' title='bbox 1971 3699 2124 3752; x_wconf 86' lang='lat' dir='ltr'><strong>testi—</strong></span> 
     </span>
    </p>
   </div>
   <div class='ocr_carea' id='block_1_29' title="bbox 550 3779 2127 3856">
    <p class='ocr_par' dir='ltr' id='par_1_29' title="bbox 550 3779 2127 3856">
     <span class='ocr_line' id='line_1_29' title="bbox 550 3779 2127 3856; baseline 0.01 -26"><span class='ocrx_word' id='word_1_183' title='bbox 550 3779 733 3833; x_wconf 89' lang='lat' dir='ltr'><strong>monio</strong></span> <span class='ocrx_word' id='word_1_184' title='bbox 758 3780 956 3836; x_wconf 90' lang='lat' dir='ltr'><strong>debere</strong></span> <span class='ocrx_word' id='word_1_185' title='bbox 991 3798 1090 3839; x_wconf 86' lang='lat' dir='ltr'><strong>nos</strong></span> <span class='ocrx_word' id='word_1_186' title='bbox 1117 3785 1192 3838; x_wconf 90' lang='lat' dir='ltr'><strong>uti</strong></span> <span class='ocrx_word' id='word_1_187' title='bbox 1232 3800 1296 3840; x_wconf 87' lang='lat' dir='ltr'><strong>ex</strong></span> <span class='ocrx_word' id='word_1_188' title='bbox 1326 3786 1561 3855; x_wconf 84' lang='lat' dir='ltr'><strong>Epistula</strong></span> <span class='ocrx_word' id='word_1_189' title='bbox 1585 3803 1748 3856; x_wconf 90' lang='lat' dir='ltr'><strong>quam</strong></span> <span class='ocrx_word' id='word_1_190' title='bbox 1774 3789 1839 3841; x_wconf 91' lang='lat' dir='ltr'><strong>ad</strong></span> <span class='ocrx_word' id='word_1_191' title='bbox 1869 3788 2127 3845; x_wconf 66' lang='lat' dir='ltr'><strong>Hebraaos</strong></span> 
     </span>
    </p>
   </div>
   <div class='ocr_carea' id='block_1_30' title="bbox 547 3871 2128 3952">
    <p class='ocr_par' dir='ltr' id='par_1_30' title="bbox 547 3871 2128 3952">
     <span class='ocr_line' id='line_1_30' title="bbox 547 3871 2128 3952; baseline 0.007 -29"><span class='ocrx_word' id='word_1_192' title='bbox 547 3871 771 3934; x_wconf 88' lang='lat' dir='ltr'><strong>scribit;</strong></span> <span class='ocrx_word' id='word_1_193' title='bbox 800 3873 850 3926; x_wconf 91' lang='lat' dir='ltr'><strong>in</strong></span> <span class='ocrx_word' id='word_1_194' title='bbox 888 3890 990 3942; x_wconf 90' lang='lat' dir='ltr'><strong>qua</strong></span> <span class='ocrx_word' id='word_1_195' title='bbox 1021 3877 1092 3930; x_wconf 92' lang='lat' dir='ltr'><strong>ita</strong></span> <span class='ocrx_word' id='word_1_196' title='bbox 1129 3877 1206 3932; x_wconf 87' lang='lat' dir='ltr'><strong>ait</strong></span> <span class='ocrx_word' id='word_1_197' title='bbox 1239 3893 1253 3930; x_wconf 89' lang='lat'><strong>:</strong></span> <span class='ocrx_word' id='word_1_198' title='bbox 1284 3895 1302 3928; x_wconf 78' lang='grc' dir='ltr'><strong>ι</strong></span> <span class='ocrx_word' id='word_1_199' title='bbox 1341 3878 1472 3934; x_wconf 90' lang='lat' dir='ltr'><strong>Fide</strong></span> <span class='ocrx_word' id='word_1_200' title='bbox 1511 3895 1737 3949; x_wconf 85' lang='lat' dir='ltr'><strong>magnus</strong></span> <span class='ocrx_word' id='word_1_201' title='bbox 1773 3879 1947 3935; x_wconf 78' lang='lat' dir='ltr'><strong>factus</strong></span> <span class='ocrx_word' id='word_1_202' title='bbox 1980 3882 2128 3952; x_wconf 72' lang='lat' dir='ltr'><strong>Moy-</strong></span> 
     </span>
    </p>
   </div>
   <div class='ocr_carea' id='block_1_31' title="bbox 546 3965 2128 4042">
    <p class='ocr_par' dir='ltr' id='par_1_31' title="bbox 546 3965 2128 4042">
     <span class='ocr_line' id='line_1_31' title="bbox 546 3965 2128 4042; baseline 0.008 -27"><span class='ocrx_word' id='word_1_203' title='bbox 546 3976 636 4017; x_wconf 92' lang='lat' dir='ltr'><strong>ses</strong></span> <span class='ocrx_word' id='word_1_204' title='bbox 685 3965 902 4034; x_wconf 84' lang='lat' dir='ltr'><strong>negavit</strong></span> <span class='ocrx_word' id='word_1_205' title='bbox 948 3981 1006 4021; x_wconf 93' lang='lat' dir='ltr'><strong>se</strong></span> <span class='ocrx_word' id='word_1_206' title='bbox 1047 3969 1150 4023; x_wconf 90' lang='lat' dir='ltr'><strong>dici</strong></span> <span class='ocrx_word' id='word_1_207' title='bbox 1208 3969 1374 4024; x_wconf 77' lang='lat' dir='ltr'><strong>[ilium</strong></span> <span class='ocrx_word' id='word_1_208' title='bbox 1429 3970 1550 4025; x_wconf 72' lang='lat' dir='ltr'><strong>ﬁlia:</strong></span> <span class='ocrx_word' id='word_1_209' title='bbox 1597 3971 1921 4038; x_wconf 88' lang='lat' dir='ltr'><strong>Pharaonis,</strong></span> <span class='ocrx_word' id='word_1_210' title='bbox 1958 3975 2128 4042; x_wconf 81' lang='lat' dir='ltr'><strong>magis</strong></span> 
     </span>
    </p>
   </div>
   <div class='ocr_carea' id='block_1_32' title="bbox 545 4053 2123 4132">
    <p class='ocr_par' dir='ltr' id='par_1_32' title="bbox 545 4053 2123 4132">
     <span class='ocr_line' id='line_1_32' title="bbox 545 4053 2123 4132; baseline 0.006 -25"><span class='ocrx_word' id='word_1_211' title='bbox 545 4053 753 4120; x_wconf 78' lang='lat' dir='ltr'><strong>eligens</strong></span> <span class='ocrx_word' id='word_1_212' title='bbox 782 4055 1030 4112; x_wconf 80' lang='lat' dir='ltr'><strong>atllictari</strong></span> <span class='ocrx_word' id='word_1_213' title='bbox 1065 4075 1188 4113; x_wconf 92' lang='lat' dir='ltr'><strong>cum</strong></span> <span class='ocrx_word' id='word_1_214' title='bbox 1221 4062 1416 4131; x_wconf 88' lang='lat' dir='ltr'><strong>populo</strong></span> <span class='ocrx_word' id='word_1_215' title='bbox 1454 4062 1544 4116; x_wconf 86' lang='lat' dir='ltr'><strong>Dei</strong></span> <span class='ocrx_word' id='word_1_216' title='bbox 1571 4078 1732 4132; x_wconf 89' lang='lat' dir='ltr'><strong>quam</strong></span> <span class='ocrx_word' id='word_1_217' title='bbox 1768 4063 2123 4132; x_wconf 88' lang='lat' dir='ltr'><strong>temporalem</strong></span> 
     </span>
    </p>
   </div>
   <div class='ocr_carea' id='block_1_33' title="bbox 547 4146 2126 4223">
    <p class='ocr_par' dir='ltr' id='par_1_33' title="bbox 547 4146 2126 4223">
     <span class='ocr_line' id='line_1_33' title="bbox 547 4146 2126 4223; baseline 0.005 -24"><span class='ocrx_word' id='word_1_218' title='bbox 547 4146 750 4201; x_wconf 85' lang='lat' dir='ltr'><strong>habere</strong></span> <span class='ocrx_word' id='word_1_219' title='bbox 787 4149 994 4216; x_wconf 85' lang='lat' dir='ltr'><strong>peccati</strong></span> <span class='ocrx_word' id='word_1_220' title='bbox 1023 4149 1438 4218; x_wconf 72' lang='lat' dir='ltr'><strong>iucunditatem,</strong></span> <span class='ocrx_word' id='word_1_221' title='bbox 1473 4153 1706 4223; x_wconf 85' lang='lat' dir='ltr'><strong>majores</strong></span> <span class='ocrx_word' id='word_1_222' title='bbox 1731 4154 1948 4208; x_wconf 79' lang='lat' dir='ltr'><strong>divitias</strong></span> <span class='ocrx_word' id='word_1_223' title='bbox 1978 4153 2126 4208; x_wconf 73' lang='lat' dir='ltr'><strong>msti-</strong></span> 
     </span>
    </p>
   </div>
   <div class='ocr_carea' id='block_1_34' title="bbox 548 4238 2130 4314">
    <p class='ocr_par' dir='ltr' id='par_1_34' title="bbox 548 4238 2130 4314">
     <span class='ocr_line' id='line_1_34' title="bbox 548 4238 2130 4314; baseline 0.006 -25"><span class='ocrx_word' id='word_1_224' title='bbox 548 4252 700 4292; x_wconf 84' lang='lat' dir='ltr'><strong>tnans</strong></span> <span class='ocrx_word' id='word_1_225' title='bbox 748 4238 1120 4310; x_wconf 62' lang='lat' dir='ltr'><strong>Egypliorum</strong></span> <span class='ocrx_word' id='word_1_226' title='bbox 1175 4243 1446 4298; x_wconf 82' lang='lat' dir='ltr'><strong>thesauris</strong></span> <span class='ocrx_word' id='word_1_227' title='bbox 1494 4245 1836 4314; x_wconf 83' lang='lat' dir='ltr'><strong>Opprobrium</strong></span> <span class='ocrx_word' id='word_1_228' title='bbox 1883 4244 2130 4300; x_wconf 67' lang='lat' dir='ltr'><strong>ChriSti‘</strong></span> 
     </span>
    </p>
   </div>
   <div class='ocr_carea' id='block_1_35' title="bbox 544 4321 2126 4405">
    <p class='ocr_par' dir='ltr' id='par_1_35' title="bbox 544 4321 2126 4405">
     <span class='ocr_line' id='line_1_35' title="bbox 544 4321 2126 4405; baseline 0.006 -23"><span class='ocrx_word' id='word_1_229' title='bbox 544 4321 680 4399; x_wconf 74' lang='grc'><strong>(44).</strong></span> <span class='ocrx_word' id='word_1_230' title='bbox 721 4349 740 4381; x_wconf 73' lang='grc' dir='ltr'><strong>ι</strong></span> <span class='ocrx_word' id='word_1_231' title='bbox 775 4331 878 4385; x_wconf 87' lang='lat' dir='ltr'><strong>Sed</strong></span> <span class='ocrx_word' id='word_1_232' title='bbox 927 4339 981 4386; x_wconf 87' lang='lat' dir='ltr'><strong>et</strong></span> <span class='ocrx_word' id='word_1_233' title='bbox 1027 4343 1146 4403; x_wconf 88' lang='lat' dir='ltr'><strong>post</strong></span> <span class='ocrx_word' id='word_1_234' title='bbox 1197 4337 1626 4404; x_wconf 90' lang='lat' dir='ltr'><strong>assumptionem</strong></span> <span class='ocrx_word' id='word_1_235' title='bbox 1672 4336 1789 4405; x_wconf 78' lang='lat' dir='ltr'><strong>eius</strong></span> <span class='ocrx_word' id='word_1_236' title='bbox 1837 4337 1888 4390; x_wconf 91' lang='lat' dir='ltr'><strong>in</strong></span> <span class='ocrx_word' id='word_1_237' title='bbox 1937 4337 2126 4401; x_wconf 63' lang='lat' dir='ltr'><strong>caelos,</strong></span> 
     </span>
    </p>
   </div>
   <div class='ocr_carea' id='block_1_36' title="bbox 544 4422 2131 4492">
    <p class='ocr_par' dir='ltr' id='par_1_36' title="bbox 544 4422 2131 4492">
     <span class='ocr_line' id='line_1_36' title="bbox 544 4422 2131 4492; baseline 0.008 -21"><span class='ocrx_word' id='word_1_238' title='bbox 544 4422 689 4486; x_wconf 88' lang='lat' dir='ltr'><strong>quod</strong></span> <span class='ocrx_word' id='word_1_239' title='bbox 725 4422 779 4476; x_wconf 91' lang='lat' dir='ltr'><strong>in</strong></span> <span class='ocrx_word' id='word_1_240' title='bbox 811 4424 1068 4492; x_wconf 87' lang='lat' dir='ltr'><strong>apostolis</strong></span> <span class='ocrx_word' id='word_1_241' title='bbox 1097 4425 1210 4480; x_wconf 90' lang='lat' dir='ltr'><strong>suis</strong></span> <span class='ocrx_word' id='word_1_242' title='bbox 1237 4426 1444 4482; x_wconf 88' lang='lat' dir='ltr'><strong>locutus</strong></span> <span class='ocrx_word' id='word_1_243' title='bbox 1475 4429 1567 4490; x_wconf 87' lang='lat' dir='ltr'><strong>sit,</strong></span> <span class='ocrx_word' id='word_1_244' title='bbox 1599 4428 1701 4483; x_wconf 87' lang='lat' dir='ltr'><strong>hoc</strong></span> <span class='ocrx_word' id='word_1_245' title='bbox 1736 4428 1893 4480; x_wconf 89' lang='lat' dir='ltr'><strong>modo</strong></span> <span class='ocrx_word' id='word_1_246' title='bbox 1926 4428 2131 4483; x_wconf 88' lang='lat' dir='ltr'><strong>indicat</strong></span> 
     </span>
    </p>
   </div>
   <div class='ocr_carea' id='block_1_37' title="bbox 539 4511 2198 4605">
    <p class='ocr_par' dir='ltr' id='par_1_37' title="bbox 539 4511 2198 4605">
     <span class='ocr_line' id='line_1_37' title="bbox 539 4511 2198 4605; baseline 0.004 -38"><span class='ocrx_word' id='word_1_247' title='bbox 539 4511 741 4569; x_wconf 84' lang='lat' dir='ltr'><strong>Paulus</strong></span> <span class='ocrx_word' id='word_1_248' title='bbox 777 4532 835 4569; x_wconf 71' lang='grc' dir='ltr'><strong>ιι</strong></span> <span class='ocrx_word' id='word_1_249' title='bbox 873 4517 975 4571; x_wconf 85' lang='lat' dir='ltr'><strong>Aut</strong></span> <span class='ocrx_word' id='word_1_250' title='bbox 1008 4518 1248 4586; x_wconf 86' lang='lat' dir='ltr'><strong>nunquid</strong></span> <span class='ocrx_word' id='word_1_251' title='bbox 1283 4520 1697 4588; x_wconf 85' lang='lat' dir='ltr'><strong>probamentum</strong></span> <span class='ocrx_word' id='word_1_252' title='bbox 1731 4519 1850 4588; x_wconf 84' lang='lat' dir='ltr'><strong>ejus</strong></span> <span class='ocrx_word' id='word_1_253' title='bbox 1881 4520 2124 4589; x_wconf 71' lang='lat' dir='ltr'><strong>qumritis</strong></span> <span class='ocrx_word' id='word_1_254' title='bbox 2151 4544 2198 4605; x_wconf 68' lang='grc' dir='ltr'>ο</span> 
     </span>
    </p>
   </div>
   <div class='ocr_carea' id='block_1_38' title="bbox 539 4606 1508 4678">
    <p class='ocr_par' dir='ltr' id='par_1_38' title="bbox 539 4606 1508 4678">
     <span class='ocr_line' id='line_1_38' title="bbox 539 4606 1508 4678; baseline 0.004 -20"><span class='ocrx_word' id='word_1_255' title='bbox 539 4606 632 4674; x_wconf 88' lang='lat' dir='ltr'><strong>qui</strong></span> <span class='ocrx_word' id='word_1_256' title='bbox 659 4609 713 4664; x_wconf 91' lang='lat' dir='ltr'><strong>in</strong></span> <span class='ocrx_word' id='word_1_257' title='bbox 740 4624 825 4662; x_wconf 88' lang='lat' dir='ltr'><strong>me</strong></span> <span class='ocrx_word' id='word_1_258' title='bbox 857 4608 1094 4678; x_wconf 83' lang='lat' dir='ltr'><strong>l0quitur</strong></span> <span class='ocrx_word' id='word_1_259' title='bbox 1117 4609 1368 4664; x_wconf 88' lang='lat' dir='ltr'><strong>Christus</strong></span> <span class='ocrx_word' id='word_1_260' title='bbox 1391 4612 1411 4642; x_wconf 85' lang='grc'>⁸</span> <span class='ocrx_word' id='word_1_261' title='bbox 1438 4611 1462 4664; x_wconf 84' lang='lat'><strong>?</strong></span> <span class='ocrx_word' id='word_1_262' title='bbox 1489 4630 1508 4662; x_wconf 80' lang='grc' dir='ltr'><strong>ι</strong></span> 
     </span>
    </p>
   </div>
   <div class='ocr_carea' id='block_1_39' title="bbox 599 4699 2117 4770">
    <p class='ocr_par' dir='ltr' id='par_1_39' title="bbox 599 4699 2117 4770">
     <span class='ocr_line' id='line_1_39' title="bbox 599 4699 2117 4770; baseline 0.003 -18"><span class='ocrx_word' id='word_1_263' title='bbox 599 4699 1247 4770; x_wconf 71' lang='lat' dir='ltr'><strong>‘2.Quoniamergomulti</strong></span> <span class='ocrx_word' id='word_1_264' title='bbox 1287 4717 1353 4757; x_wconf 83' lang='lat' dir='ltr'><strong>ex</strong></span> <span class='ocrx_word' id='word_1_265' title='bbox 1400 4702 1485 4756; x_wconf 92' lang='lat' dir='ltr'><strong>his</strong></span> <span class='ocrx_word' id='word_1_266' title='bbox 1527 4703 1616 4770; x_wconf 89' lang='lat' dir='ltr'><strong>qui</strong></span> <span class='ocrx_word' id='word_1_267' title='bbox 1643 4701 1861 4756; x_wconf 90' lang='lat' dir='ltr'><strong>Christo</strong></span> <span class='ocrx_word' id='word_1_268' title='bbox 1893 4703 2117 4758; x_wconf 85' lang='lat' dir='ltr'><strong>credere</strong></span> 
     </span>
    </p>
   </div>
   <div class='ocr_carea' id='block_1_40' title="bbox 612 4832 2122 4903">
    <p class='ocr_par' dir='ltr' id='par_1_40' title="bbox 612 4832 2122 4903">
     <span class='ocr_line' id='line_1_40' title="bbox 612 4832 2122 4903; baseline 0 -15"><span class='ocrx_word' id='word_1_269' title='bbox 612 4832 632 4862; x_wconf 85' lang='grc'><strong><em>²</em></strong></span> <span class='ocrx_word' id='word_1_270' title='bbox 658 4833 815 4888; x_wconf 84' lang='lat' dir='ltr'><strong>Joan.</strong></span> <span class='ocrx_word' id='word_1_271' title='bbox 841 4850 950 4903; x_wconf 87' lang='lat' dir='ltr'><strong>xtv,</strong></span> <span class='ocrx_word' id='word_1_272' title='bbox 973 4834 1028 4890; x_wconf 86' lang='lat'><strong>6.</strong></span> <span class='ocrx_word' id='word_1_273' title='bbox 1092 4835 1114 4867; x_wconf 69' lang='grc'>⁸</span> <span class='ocrx_word' id='word_1_274' title='bbox 1141 4835 1275 4889; x_wconf 88' lang='lat' dir='ltr'><strong>lleb.</strong></span> <span class='ocrx_word' id='word_1_275' title='bbox 1301 4851 1375 4900; x_wconf 86' lang='lat' dir='ltr'><strong>xt,</strong></span> <span class='ocrx_word' id='word_1_276' title='bbox 1398 4835 1488 4900; x_wconf 69' lang='grc' dir='ltr'><strong>Ξῖ),</strong></span> <span class='ocrx_word' id='word_1_277' title='bbox 1511 4835 1601 4891; x_wconf 71' lang='grc'><strong>26.</strong></span> <span class='ocrx_word' id='word_1_278' title='bbox 1663 4837 1683 4867; x_wconf 83' lang='grc'>⁸</span> <span class='ocrx_word' id='word_1_279' title='bbox 1709 4834 1748 4888; x_wconf 94' lang='lat' dir='ltr'><strong>ll</strong></span> <span class='ocrx_word' id='word_1_280' title='bbox 1773 4836 1897 4891; x_wconf 90' lang='lat' dir='ltr'><strong>Cor.</strong></span> <span class='ocrx_word' id='word_1_281' title='bbox 1922 4851 2044 4900; x_wconf 82' lang='lat' dir='ltr'><strong>xm,</strong></span> <span class='ocrx_word' id='word_1_282' title='bbox 2069 4836 2122 4890; x_wconf 76' lang='grc'><strong>5.</strong></span> 
     </span>
    </p>
   </div>
   <div class='ocr_carea' id='block_1_41' title="bbox 610 4999 2116 5071">
    <p class='ocr_par' dir='ltr' id='par_1_41' title="bbox 610 4999 2116 5071">
     <span class='ocr_line' id='line_1_41' title="bbox 610 4999 2116 5071; baseline 0.001 -18"><span class='ocrx_word' id='word_1_283' title='bbox 610 4999 722 5071; x_wconf 65' lang='grc'><strong>(43)</strong></span> <span class='ocrx_word' id='word_1_284' title='bbox 756 5004 820 5054; x_wconf 86' lang='lat' dir='ltr'><strong>Ol</strong></span> <span class='ocrx_word' id='word_1_285' title='bbox 841 5002 1332 5071; x_wconf 74' lang='grc' dir='ltr'><strong>πεπιστευκότες.</strong></span> <span class='ocrx_word' id='word_1_286' title='bbox 1362 5000 1607 5058; x_wconf 64' lang='lat' dir='ltr'><strong>Graecum</strong></span> <span class='ocrx_word' id='word_1_287' title='bbox 1648 4999 1815 5071; x_wconf 87' lang='lat' dir='ltr'><strong>hocce</strong></span> <span class='ocrx_word' id='word_1_288' title='bbox 1855 4999 2116 5054; x_wconf 90' lang='lat' dir='ltr'><strong>librorum</strong></span> 
     </span>
    </p>
   </div>
   <div class='ocr_carea' id='block_1_42' title="bbox 538 5070 2117 5141">
    <p class='ocr_par' dir='ltr' id='par_1_42' title="bbox 538 5070 2117 5141">
     <span class='ocr_line' id='line_1_42' title="bbox 538 5070 2117 5141; baseline -0.001 -16"><span class='ocrx_word' id='word_1_289' title='bbox 538 5072 677 5139; x_wconf 77' lang='grc' dir='ltr'>Περὶ</span> <span class='ocrx_word' id='word_1_290' title='bbox 702 5070 901 5140; x_wconf 71' lang='grc' dir='ltr'><strong>ἀρχῶν·</strong></span> <span class='ocrx_word' id='word_1_291' title='bbox 923 5073 1132 5125; x_wconf 90' lang='lat' dir='ltr'><strong>initium</strong></span> <span class='ocrx_word' id='word_1_292' title='bbox 1157 5075 1497 5141; x_wconf 76' lang='lat' dir='ltr'><strong>desumptum</strong></span> <span class='ocrx_word' id='word_1_293' title='bbox 1531 5079 1614 5124; x_wconf 85' lang='lat' dir='ltr'><strong>est</strong></span> <span class='ocrx_word' id='word_1_294' title='bbox 1644 5085 1674 5124; x_wconf 92' lang='lat' dir='ltr'><strong>e</strong></span> <span class='ocrx_word' id='word_1_295' title='bbox 1698 5070 1874 5141; x_wconf 76' lang='lat' dir='ltr'><strong>librat</strong></span> <span class='ocrx_word' id='word_1_296' title='bbox 1904 5071 2117 5125; x_wconf 84' lang='lat' dir='ltr'><strong>Eusebii</strong></span> 
     </span>
    </p>
   </div>
   <div class='ocr_carea' id='block_1_43' title="bbox 538 5140 2122 5213">
    <p class='ocr_par' dir='ltr' id='par_1_43' title="bbox 538 5140 2122 5213">
     <span class='ocr_line' id='line_1_43' title="bbox 538 5140 2122 5213; baseline -0.001 -17"><span class='ocrx_word' id='word_1_297' title='bbox 538 5153 728 5196; x_wconf 85' lang='lat' dir='ltr'><strong>contra</strong></span> <span class='ocrx_word' id='word_1_298' title='bbox 776 5142 1084 5213; x_wconf 80' lang='lat' dir='ltr'><strong>Marcellum</strong></span> <span class='ocrx_word' id='word_1_299' title='bbox 1137 5144 1505 5213; x_wconf 83' lang='lat' dir='ltr'><strong>Aucyranum.</strong></span> <span class='ocrx_word' id='word_1_300' title='bbox 1545 5141 1676 5197; x_wconf 72' lang='lat' dir='ltr'><strong>Vide</strong></span> <span class='ocrx_word' id='word_1_301' title='bbox 1715 5140 1970 5195; x_wconf 80' lang='lat' dir='ltr'><strong>Monitum</strong></span> <span class='ocrx_word' id='word_1_302' title='bbox 2025 5156 2122 5195; x_wconf 86' lang='lat' dir='ltr'><strong>no-</strong></span> 
     </span>
    </p>
   </div>
   <div class='ocr_carea' id='block_1_44' title="bbox 538 5212 1013 5276">
    <p class='ocr_par' dir='ltr' id='par_1_44' title="bbox 538 5212 1013 5276">
     <span class='ocr_line' id='line_1_44' title="bbox 538 5212 1013 5276; baseline 0.002 -10"><span class='ocrx_word' id='word_1_303' title='bbox 538 5223 733 5276; x_wconf 84' lang='lat' dir='ltr'><strong>strum,</strong></span> <span class='ocrx_word' id='word_1_304' title='bbox 771 5227 918 5266; x_wconf 92' lang='lat' dir='ltr'><strong>num.</strong></span> <span class='ocrx_word' id='word_1_305' title='bbox 959 5212 1013 5267; x_wconf 75' lang='grc'><strong>2.</strong></span> 
     </span>
    </p>
   </div>
   <div class='ocr_carea' id='block_1_45' title="bbox 612 5279 2118 5352">
    <p class='ocr_par' dir='ltr' id='par_1_45' title="bbox 612 5279 2118 5352">
     <span class='ocr_line' id='line_1_45' title="bbox 612 5279 2118 5352; baseline -0.003 -17"><span class='ocrx_word' id='word_1_306' title='bbox 612 5284 725 5351; x_wconf 70' lang='grc'><strong>(44)</strong></span> <span class='ocrx_word' id='word_1_307' title='bbox 758 5280 1057 5352; x_wconf 70' lang='grc' dir='ltr'><strong>ιΕδιίηιαηε</strong></span> <span class='ocrx_word' id='word_1_308' title='bbox 1085 5281 1159 5336; x_wconf 71' lang='lat' dir='ltr'><em>1E</em></span> <span class='ocrx_word' id='word_1_309' title='bbox 1164 5283 1456 5352; x_wconf 80' lang='lat' dir='ltr'><strong>yyptiorum</strong></span> <span class='ocrx_word' id='word_1_310' title='bbox 1487 5281 1745 5352; x_wconf 67' lang='lat' dir='ltr'><strong>thesauris</strong></span> <span class='ocrx_word' id='word_1_311' title='bbox 1785 5279 2118 5352; x_wconf 43' lang='lat' dir='ltr'><strong>opprobrium</strong></span> 
     </span>
    </p>
   </div>
   <div class='ocr_carea' id='block_1_46' title="bbox 537 5346 2115 5407">
    <p class='ocr_par' dir='ltr' id='par_1_46' title="bbox 537 5346 2115 5407">
     <span class='ocr_line' id='line_1_46' title="bbox 537 5346 2115 5407; baseline -0.004 0"><span class='ocrx_word' id='word_1_312' title='bbox 537 5346 758 5407; x_wconf 73' lang='lat' dir='ltr'><strong>Christi.</strong></span> <span class='ocrx_word' id='word_1_313' title='bbox 801 5351 874 5406; x_wconf 89' lang='lat' dir='ltr'><strong>Ita</strong></span> <span class='ocrx_word' id='word_1_314' title='bbox 899 5368 1088 5407; x_wconf 91' lang='lat' dir='ltr'><strong>omnes</strong></span> <span class='ocrx_word' id='word_1_315' title='bbox 1141 5346 1295 5406; x_wconf 71' lang='lat' dir='ltr'><strong>codd.</strong></span> <span class='ocrx_word' id='word_1_316' title='bbox 1338 5365 1468 5404; x_wconf 86' lang='lat' dir='ltr'><strong>mss.</strong></span> <span class='ocrx_word' id='word_1_317' title='bbox 1505 5349 1759 5404; x_wconf 68' lang='lat' dir='ltr'><strong>hiet-linus</strong></span> <span class='ocrx_word' id='word_1_318' title='bbox 1785 5346 1911 5404; x_wconf 81' lang='lat' dir='ltr'><strong>vero</strong></span> <span class='ocrx_word' id='word_1_319' title='bbox 1933 5359 1986 5402; x_wconf 91' lang='lat' dir='ltr'><strong>et</strong></span> <span class='ocrx_word' id='word_1_320' title='bbox 2012 5346 2115 5402; x_wconf 85' lang='lat' dir='ltr'><strong>Ge-</strong></span> 
     </span>
    </p>
   </div>
   <div class='ocr_carea' id='block_1_47' title="bbox 539 5419 2119 5488">
    <p class='ocr_par' dir='ltr' id='par_1_47' title="bbox 539 5419 2119 5488">
     <span class='ocr_line' id='line_1_47' title="bbox 539 5419 2119 5488; baseline -0.003 -14"><span class='ocrx_word' id='word_1_321' title='bbox 539 5424 723 5488; x_wconf 75' lang='lat' dir='ltr'><strong>nehr.,</strong></span> <span class='ocrx_word' id='word_1_322' title='bbox 789 5439 808 5472; x_wconf 75' lang='grc' dir='ltr'><strong>ι</strong></span> <span class='ocrx_word' id='word_1_323' title='bbox 841 5423 1164 5476; x_wconf 81' lang='lat' dir='ltr'><strong>existimans</strong></span> <span class='ocrx_word' id='word_1_324' title='bbox 1197 5421 1465 5474; x_wconf 88' lang='lat' dir='ltr'><strong>thesauris</strong></span> <span class='ocrx_word' id='word_1_325' title='bbox 1510 5419 1882 5488; x_wconf 66' lang='lat' dir='ltr'><strong>ASgyptiorum</strong></span> <span class='ocrx_word' id='word_1_326' title='bbox 1907 5419 2119 5484; x_wconf 79' lang='lat' dir='ltr'><strong>impro-</strong></span> 
     </span>
    </p>
   </div>
   <div class='ocr_carea' id='block_1_48' title="bbox 537 5489 2122 5558">
    <p class='ocr_par' dir='ltr' id='par_1_48' title="bbox 537 5489 2122 5558">
     <span class='ocr_line' id='line_1_48' title="bbox 537 5489 2122 5558; baseline -0.001 -16"><span class='ocrx_word' id='word_1_327' title='bbox 537 5494 750 5558; x_wconf 81' lang='lat' dir='ltr'><strong>perium</strong></span> <span class='ocrx_word' id='word_1_328' title='bbox 808 5492 1034 5547; x_wconf 87' lang='lat' dir='ltr'><strong>Christi.</strong></span> <span class='ocrx_word' id='word_1_329' title='bbox 1071 5511 1088 5543; x_wconf 84' lang='grc'>›</span> <span class='ocrx_word' id='word_1_330' title='bbox 1134 5492 1297 5543; x_wconf 86' lang='lat' dir='ltr'><strong>Paulo</strong></span> <span class='ocrx_word' id='word_1_331' title='bbox 1343 5500 1461 5556; x_wconf 86' lang='lat' dir='ltr'><strong>post</strong></span> <span class='ocrx_word' id='word_1_332' title='bbox 1517 5490 1673 5541; x_wconf 87' lang='lat' dir='ltr'><strong>iidem</strong></span> <span class='ocrx_word' id='word_1_333' title='bbox 1729 5503 1857 5542; x_wconf 90' lang='lat' dir='ltr'><strong>mss.</strong></span> <span class='ocrx_word' id='word_1_334' title='bbox 1901 5506 1915 5541; x_wconf 91' lang='lat'><strong>:</strong></span> <span class='ocrx_word' id='word_1_335' title='bbox 1953 5505 1971 5538; x_wconf 79' lang='grc' dir='ltr'><strong>ι</strong></span> <span class='ocrx_word' id='word_1_336' title='bbox 2015 5489 2122 5540; x_wconf 83' lang='lat' dir='ltr'><strong>Aut</strong></span> 
     </span>
    </p>
   </div>
   <div class='ocr_carea' id='block_1_49' title="bbox 539 5558 2124 5631">
    <p class='ocr_par' dir='ltr' id='par_1_49' title="bbox 539 5558 2124 5631">
     <span class='ocr_line' id='line_1_49' title="bbox 539 5558 2124 5631; baseline -0.003 -18"><span class='ocrx_word' id='word_1_337' title='bbox 539 5563 780 5631; x_wconf 85' lang='lat' dir='ltr'><strong>nunquid</strong></span> <span class='ocrx_word' id='word_1_338' title='bbox 830 5564 1266 5629; x_wconf 89' lang='lat' dir='ltr'><strong>probamentum.</strong></span> <span class='ocrx_word' id='word_1_339' title='bbox 1302 5578 1320 5611; x_wconf 78' lang='grc' dir='ltr'><strong>ι</strong></span> <span class='ocrx_word' id='word_1_340' title='bbox 1349 5559 1496 5613; x_wconf 89' lang='lat' dir='ltr'><strong>Libri</strong></span> <span class='ocrx_word' id='word_1_341' title='bbox 1550 5558 1711 5622; x_wconf 88' lang='lat' dir='ltr'><strong>editi,</strong></span> <span class='ocrx_word' id='word_1_342' title='bbox 1758 5576 1775 5609; x_wconf 85' lang='grc'><em>‹</em></span> <span class='ocrx_word' id='word_1_343' title='bbox 1811 5572 1876 5611; x_wconf 88' lang='lat' dir='ltr'><strong>an</strong></span> <span class='ocrx_word' id='word_1_344' title='bbox 1927 5559 2124 5626; x_wconf 79' lang='lat' dir='ltr'><strong>proba-</strong></span> 
     </span>
    </p>
   </div>
   <div class='ocr_carea' id='block_1_50' title="bbox 537 5644 862 5685">
    <p class='ocr_par' dir='ltr' id='par_1_50' title="bbox 537 5644 862 5685">
     <span class='ocr_line' id='line_1_50' title="bbox 537 5644 862 5685; baseline -0.009 0"><span class='ocrx_word' id='word_1_345' title='bbox 537 5644 802 5685; x_wconf 84' lang='lat' dir='ltr'><strong>mentum.</strong></span> <span class='ocrx_word' id='word_1_346' title='bbox 844 5649 862 5682; x_wconf 74' lang='grc' dir='ltr'><strong>ι</strong></span> 
     </span>
    </p>
   </div>
   <div class='ocr_carea' id='block_1_51' title="bbox 610 5694 2124 5770">
    <p class='ocr_par' dir='ltr' id='par_1_51' title="bbox 610 5694 2124 5770">
     <span class='ocr_line' id='line_1_51' title="bbox 610 5694 2124 5770; baseline -0.003 -17"><span class='ocrx_word' id='word_1_347' title='bbox 610 5701 723 5770; x_wconf 70' lang='grc'><strong>(45)</strong></span> <span class='ocrx_word' id='word_1_348' title='bbox 765 5701 964 5756; x_wconf 91' lang='lat' dir='ltr'><strong>Omnes</strong></span> <span class='ocrx_word' id='word_1_349' title='bbox 1007 5715 1163 5762; x_wconf 91' lang='lat' dir='ltr'><strong>mss.,</strong></span> <span class='ocrx_word' id='word_1_350' title='bbox 1199 5717 1218 5749; x_wconf 79' lang='grc' dir='ltr'><strong>ι</strong></span> <span class='ocrx_word' id='word_1_351' title='bbox 1256 5698 1566 5770; x_wconf 78' lang='lat' dir='ltr'><strong>desivimus.</strong></span> <span class='ocrx_word' id='word_1_352' title='bbox 1604 5717 1620 5749; x_wconf 81' lang='grc' dir='ltr'><strong>ι</strong></span> <span class='ocrx_word' id='word_1_353' title='bbox 1662 5697 1872 5751; x_wconf 86' lang='lat' dir='ltr'><strong>Merlin.</strong></span> <span class='ocrx_word' id='word_1_354' title='bbox 1919 5704 1972 5770; x_wconf 79' lang='lat' dir='ltr'><strong>et</strong></span> <span class='ocrx_word' id='word_1_355' title='bbox 2020 5694 2124 5749; x_wconf 85' lang='lat' dir='ltr'><strong>Ge-</strong></span> 
     </span>
    </p>
   </div>
   <div class='ocr_carea' id='block_1_52' title="bbox 538 5767 2123 5832">
    <p class='ocr_par' dir='ltr' id='par_1_52' title="bbox 538 5767 2123 5832">
     <span class='ocr_line' id='line_1_52' title="bbox 538 5767 2123 5832; baseline -0.002 -10"><span class='ocrx_word' id='word_1_356' title='bbox 538 5767 718 5832; x_wconf 84' lang='lat' dir='ltr'><strong>nebr.,</strong></span> <span class='ocrx_word' id='word_1_357' title='bbox 755 5791 775 5822; x_wconf 82' lang='grc'><strong><em>‹</em></strong></span> <span class='ocrx_word' id='word_1_358' title='bbox 805 5771 1168 5824; x_wconf 83' lang='lat' dir='ltr'><strong>desuevitnus.</strong></span> <span class='ocrx_word' id='word_1_359' title='bbox 1209 5786 1226 5818; x_wconf 79' lang='grc' dir='ltr'><strong>ι</strong></span> <span class='ocrx_word' id='word_1_360' title='bbox 1261 5768 1400 5822; x_wconf 79' lang='lat' dir='ltr'><strong>Infra</strong></span> <span class='ocrx_word' id='word_1_361' title='bbox 1447 5784 1636 5822; x_wconf 91' lang='lat' dir='ltr'><strong>omnes</strong></span> <span class='ocrx_word' id='word_1_362' title='bbox 1677 5784 1830 5830; x_wconf 86' lang='lat' dir='ltr'><strong>mss.,</strong></span> <span class='ocrx_word' id='word_1_363' title='bbox 1859 5785 1876 5817; x_wconf 73' lang='grc' dir='ltr'><strong>ι</strong></span> <span class='ocrx_word' id='word_1_364' title='bbox 1921 5767 1988 5818; x_wconf 94' lang='lat' dir='ltr'><strong>ab</strong></span> <span class='ocrx_word' id='word_1_365' title='bbox 2036 5779 2123 5819; x_wconf 88' lang='lat' dir='ltr'><strong>ec-</strong></span> 
     </span>
    </p>
   </div>
   <div class='ocr_carea' id='block_1_53' title="bbox 540 5836 2119 5907">
    <p class='ocr_par' dir='ltr' id='par_1_53' title="bbox 540 5836 2119 5907">
     <span class='ocr_line' id='line_1_53' title="bbox 540 5836 2119 5907; baseline -0.003 -14"><span class='ocrx_word' id='word_1_366' title='bbox 540 5841 845 5895; x_wconf 79' lang='lat' dir='ltr'><strong>clesiastica</strong></span> <span class='ocrx_word' id='word_1_367' title='bbox 893 5851 945 5896; x_wconf 93' lang='lat' dir='ltr'><strong>ct</strong></span> <span class='ocrx_word' id='word_1_368' title='bbox 985 5839 1284 5907; x_wconf 89' lang='lat' dir='ltr'><strong>apostolica</strong></span> <span class='ocrx_word' id='word_1_369' title='bbox 1340 5839 1614 5894; x_wconf 88' lang='lat' dir='ltr'><strong>discordat</strong></span> <span class='ocrx_word' id='word_1_370' title='bbox 1665 5839 1978 5891; x_wconf 87' lang='lat' dir='ltr'><strong>traditione.</strong></span> <span class='ocrx_word' id='word_1_371' title='bbox 2021 5854 2037 5887; x_wconf 74' lang='grc' dir='ltr'><strong>ι</strong></span> <span class='ocrx_word' id='word_1_372' title='bbox 2066 5836 2119 5889; x_wconf 92' lang='lat' dir='ltr'><strong>lu</strong></span> 
     </span>
    </p>
   </div>
   <div class='ocr_carea' id='block_1_54' title="bbox 1453 1858 3784 1938">
    <p class='ocr_par' dir='ltr' id='par_1_54' title="bbox 1453 1858 3784 1938">
     <span class='ocr_line' id='line_1_54' title="bbox 1453 1858 3784 1938; baseline 0.006 -24"><span class='ocrx_word' id='word_1_373' title='bbox 1453 1858 1558 1932; x_wconf 66' lang='grc'>47</span> <span class='ocrx_word' id='word_1_374' title='bbox 1595 1861 1639 1918; x_wconf 91' lang='grc' dir='ltr'><strong>Ι.</strong></span> <span class='ocrx_word' id='word_1_375' title='bbox 1666 1860 1863 1918; x_wconf 89' lang='lat' dir='ltr'><strong>Omnes</strong></span> <span class='ocrx_word' id='word_1_376' title='bbox 1897 1864 1984 1932; x_wconf 91' lang='lat' dir='ltr'><strong>qui</strong></span> <span class='ocrx_word' id='word_1_377' title='bbox 2019 1879 2137 1919; x_wconf 87' lang='lat' dir='ltr'><strong>cre-</strong></span> <span class='ocrx_word' id='word_1_378' title='bbox 2168 1872 2212 1929; x_wconf 82' lang='grc' dir='ltr'>Α</span> <span class='ocrx_word' id='word_1_379' title='bbox 2240 1881 2298 1921; x_wconf 89' lang='lat' dir='ltr'><strong>se</strong></span> <span class='ocrx_word' id='word_1_380' title='bbox 2322 1867 2661 1936; x_wconf 73' lang='lat' dir='ltr'><strong>profitentur,</strong></span> <span class='ocrx_word' id='word_1_381' title='bbox 2696 1882 2801 1922; x_wconf 89' lang='lat' dir='ltr'><strong>non</strong></span> <span class='ocrx_word' id='word_1_382' title='bbox 2835 1866 3004 1923; x_wconf 90' lang='lat' dir='ltr'><strong>solum</strong></span> <span class='ocrx_word' id='word_1_383' title='bbox 3038 1868 3090 1923; x_wconf 93' lang='lat' dir='ltr'><strong>in</strong></span> <span class='ocrx_word' id='word_1_384' title='bbox 3125 1867 3309 1938; x_wconf 88' lang='lat' dir='ltr'><strong>parvis</strong></span> <span class='ocrx_word' id='word_1_385' title='bbox 3338 1876 3388 1922; x_wconf 90' lang='lat' dir='ltr'><strong>et</strong></span> <span class='ocrx_word' id='word_1_386' title='bbox 3423 1868 3652 1926; x_wconf 86' lang='lat' dir='ltr'><strong>minimis</strong></span> <span class='ocrx_word' id='word_1_387' title='bbox 3683 1870 3784 1928; x_wconf 80' lang='lat' dir='ltr'><strong>dis-</strong></span> 
     </span>
    </p>
   </div>
   <div class='ocr_carea' id='block_1_55' title="bbox 2233 1960 3789 2030">
    <p class='ocr_par' dir='ltr' id='par_1_55' title="bbox 2233 1960 3789 2030">
     <span class='ocr_line' id='line_1_55' title="bbox 2233 1960 3789 2030; baseline 0.003 -16"><span class='ocrx_word' id='word_1_388' title='bbox 2233 1961 2486 2026; x_wconf 91' lang='lat' dir='ltr'><strong>cordant,</strong></span> <span class='ocrx_word' id='word_1_389' title='bbox 2507 1975 2689 2016; x_wconf 88' lang='lat' dir='ltr'><strong>verum</strong></span> <span class='ocrx_word' id='word_1_390' title='bbox 2718 1961 2880 2014; x_wconf 83' lang='lat' dir='ltr'><strong>etiam</strong></span> <span class='ocrx_word' id='word_1_391' title='bbox 2913 1961 2965 2014; x_wconf 93' lang='lat' dir='ltr'><strong>in</strong></span> <span class='ocrx_word' id='word_1_392' title='bbox 2997 1960 3210 2030; x_wconf 81' lang='lat' dir='ltr'><strong>magnis</strong></span> <span class='ocrx_word' id='word_1_393' title='bbox 3241 1967 3296 2013; x_wconf 89' lang='lat' dir='ltr'><strong>et</strong></span> <span class='ocrx_word' id='word_1_394' title='bbox 3325 1961 3570 2016; x_wconf 82' lang='lat' dir='ltr'><strong>maximis</strong></span> <span class='ocrx_word' id='word_1_395' title='bbox 3597 1980 3610 2016; x_wconf 89' lang='lat'><strong>:</strong></span> <span class='ocrx_word' id='word_1_396' title='bbox 3643 1963 3789 2019; x_wconf 86' lang='lat' dir='ltr'><strong>idest</strong></span> 
     </span>
    </p>
   </div>
   <div class='ocr_carea' id='block_1_56' title="bbox 2231 2052 3792 2124">
    <p class='ocr_par' dir='ltr' id='par_1_56' title="bbox 2231 2052 3792 2124">
     <span class='ocr_line' id='line_1_56' title="bbox 2231 2052 3792 2124; baseline 0.003 -21"><span class='ocrx_word' id='word_1_397' title='bbox 2231 2052 2314 2106; x_wconf 85' lang='lat' dir='ltr'><strong>vel</strong></span> <span class='ocrx_word' id='word_1_398' title='bbox 2341 2053 2406 2108; x_wconf 93' lang='lat' dir='ltr'><strong>de</strong></span> <span class='ocrx_word' id='word_1_399' title='bbox 2439 2053 2546 2108; x_wconf 92' lang='lat' dir='ltr'><strong>Deo</strong></span> <span class='ocrx_word' id='word_1_400' title='bbox 2570 2053 2651 2108; x_wconf 87' lang='lat' dir='ltr'><strong>vel</strong></span> <span class='ocrx_word' id='word_1_401' title='bbox 2685 2053 2751 2108; x_wconf 91' lang='lat' dir='ltr'><strong>de</strong></span> <span class='ocrx_word' id='word_1_402' title='bbox 2781 2053 3009 2109; x_wconf 92' lang='lat' dir='ltr'><strong>Domino</strong></span> <span class='ocrx_word' id='word_1_403' title='bbox 3036 2052 3165 2109; x_wconf 84' lang='lat' dir='ltr'><strong>Jesu</strong></span> <span class='ocrx_word' id='word_1_404' title='bbox 3193 2053 3428 2120; x_wconf 78' lang='lat' dir='ltr'><strong>Christo,</strong></span> <span class='ocrx_word' id='word_1_405' title='bbox 3463 2053 3546 2108; x_wconf 85' lang='lat' dir='ltr'><strong>vel</strong></span> <span class='ocrx_word' id='word_1_406' title='bbox 3574 2055 3638 2109; x_wconf 89' lang='lat' dir='ltr'><strong>de</strong></span> <span class='ocrx_word' id='word_1_407' title='bbox 3673 2054 3792 2124; x_wconf 83' lang='lat' dir='ltr'><strong>Spi-</strong></span> 
     </span>
    </p>
   </div>
   <div class='ocr_carea' id='block_1_57' title="bbox 2229 2143 3796 2217">
    <p class='ocr_par' dir='ltr' id='par_1_57' title="bbox 2229 2143 3796 2217">
     <span class='ocr_line' id='line_1_57' title="bbox 2229 2143 3796 2217; baseline 0.004 -23"><span class='ocrx_word' id='word_1_408' title='bbox 2229 2143 2335 2196; x_wconf 92' lang='lat' dir='ltr'><strong>ritu</strong></span> <span class='ocrx_word' id='word_1_409' title='bbox 2385 2153 2608 2205; x_wconf 86' lang='lat' dir='ltr'><strong>saneto;</strong></span> <span class='ocrx_word' id='word_1_410' title='bbox 2659 2158 2765 2198; x_wconf 93' lang='lat' dir='ltr'><strong>non</strong></span> <span class='ocrx_word' id='word_1_411' title='bbox 2811 2143 2983 2198; x_wconf 85' lang='lat' dir='ltr'><strong>solum</strong></span> <span class='ocrx_word' id='word_1_412' title='bbox 3036 2155 3240 2217; x_wconf 75' lang='lat' dir='ltr'><strong>autem</strong></span> <span class='ocrx_word' id='word_1_413' title='bbox 3271 2144 3336 2198; x_wconf 92' lang='lat' dir='ltr'><strong>de</strong></span> <span class='ocrx_word' id='word_1_414' title='bbox 3377 2145 3483 2208; x_wconf 89' lang='lat' dir='ltr'><strong>bis,</strong></span> <span class='ocrx_word' id='word_1_415' title='bbox 3517 2145 3608 2199; x_wconf 88' lang='lat' dir='ltr'><strong>sed</strong></span> <span class='ocrx_word' id='word_1_416' title='bbox 3647 2154 3701 2199; x_wconf 91' lang='lat' dir='ltr'><strong>et</strong></span> <span class='ocrx_word' id='word_1_417' title='bbox 3735 2146 3796 2200; x_wconf 91' lang='lat' dir='ltr'><strong>de</strong></span> 
     </span>
    </p>
   </div>
   <div class='ocr_carea' id='block_1_58' title="bbox 2229 2233 3798 2301">
    <p class='ocr_par' dir='ltr' id='par_1_58' title="bbox 2229 2233 3798 2301">
     <span class='ocr_line' id='line_1_58' title="bbox 2229 2233 3798 2301; baseline 0.003 -14"><span class='ocrx_word' id='word_1_418' title='bbox 2229 2233 2348 2289; x_wconf 90' lang='lat' dir='ltr'><strong>aliis</strong></span> <span class='ocrx_word' id='word_1_419' title='bbox 2378 2236 2662 2300; x_wconf 90' lang='lat' dir='ltr'><strong>creaturis,</strong></span> <span class='ocrx_word' id='word_1_420' title='bbox 2692 2236 2743 2290; x_wconf 87' lang='lat' dir='ltr'><strong>id</strong></span> <span class='ocrx_word' id='word_1_421' title='bbox 2779 2245 2861 2290; x_wconf 89' lang='lat' dir='ltr'><strong>est</strong></span> <span class='ocrx_word' id='word_1_422' title='bbox 2899 2235 2984 2289; x_wconf 84' lang='lat' dir='ltr'><strong>vel</strong></span> <span class='ocrx_word' id='word_1_423' title='bbox 3011 2237 3078 2291; x_wconf 90' lang='lat' dir='ltr'><strong>de</strong></span> <span class='ocrx_word' id='word_1_424' title='bbox 3113 2235 3598 2301; x_wconf 85' lang='lat' dir='ltr'><strong>dominationibus,</strong></span> <span class='ocrx_word' id='word_1_425' title='bbox 3627 2237 3710 2292; x_wconf 85' lang='lat' dir='ltr'><strong>vel</strong></span> <span class='ocrx_word' id='word_1_426' title='bbox 3735 2237 3798 2292; x_wconf 87' lang='lat' dir='ltr'><strong>de</strong></span> 
     </span>
    </p>
   </div>
   <div class='ocr_carea' id='block_1_59' title="bbox 2229 2328 3802 2397">
    <p class='ocr_par' dir='ltr' id='par_1_59' title="bbox 2229 2328 3802 2397">
     <span class='ocr_line' id='line_1_59' title="bbox 2229 2328 3802 2397; baseline 0.003 -19"><span class='ocrx_word' id='word_1_427' title='bbox 2229 2328 2520 2382; x_wconf 82' lang='lat' dir='ltr'><strong>virtutibus</strong></span> <span class='ocrx_word' id='word_1_428' title='bbox 2547 2328 2788 2386; x_wconf 87' lang='lat' dir='ltr'><strong>sanctis:</strong></span> <span class='ocrx_word' id='word_1_429' title='bbox 2822 2339 3044 2397; x_wconf 83' lang='lat' dir='ltr'><strong>propter</strong></span> <span class='ocrx_word' id='word_1_430' title='bbox 3070 2329 3172 2382; x_wconf 93' lang='lat' dir='ltr'><strong>hoc</strong></span> <span class='ocrx_word' id='word_1_431' title='bbox 3199 2329 3568 2383; x_wconf 88' lang='lat' dir='ltr'><strong>necessarimn</strong></span> <span class='ocrx_word' id='word_1_432' title='bbox 3595 2329 3802 2383; x_wconf 84' lang='lat' dir='ltr'><strong>videtur</strong></span> 
     </span>
    </p>
   </div>
   <div class='ocr_carea' id='block_1_60' title="bbox 2229 2417 3803 2488">
    <p class='ocr_par' dir='ltr' id='par_1_60' title="bbox 2229 2417 3803 2488">
     <span class='ocr_line' id='line_1_60' title="bbox 2229 2417 3803 2488; baseline 0.003 -18"><span class='ocrx_word' id='word_1_433' title='bbox 2229 2417 2379 2486; x_wconf 88' lang='lat' dir='ltr'><strong>prius</strong></span> <span class='ocrx_word' id='word_1_434' title='bbox 2414 2419 2480 2472; x_wconf 88' lang='lat' dir='ltr'><strong>de</strong></span> <span class='ocrx_word' id='word_1_435' title='bbox 2512 2419 2594 2472; x_wconf 90' lang='lat' dir='ltr'><strong>his</strong></span> <span class='ocrx_word' id='word_1_436' title='bbox 2625 2419 2852 2488; x_wconf 81' lang='lat' dir='ltr'><strong>singulis</strong></span> <span class='ocrx_word' id='word_1_437' title='bbox 2884 2427 3088 2475; x_wconf 88' lang='lat' dir='ltr'><strong>certam</strong></span> <span class='ocrx_word' id='word_1_438' title='bbox 3124 2420 3323 2474; x_wconf 90' lang='lat' dir='ltr'><strong>lineam</strong></span> <span class='ocrx_word' id='word_1_439' title='bbox 3356 2418 3803 2488; x_wconf 78' lang='lat' dir='ltr'><strong>manifestamque</strong></span> 
     </span>
    </p>
   </div>
   <div class='ocr_carea' id='block_1_61' title="bbox 2229 2509 3807 2579">
    <p class='ocr_par' dir='ltr' id='par_1_61' title="bbox 2229 2509 3807 2579">
     <span class='ocr_line' id='line_1_61' title="bbox 2229 2509 3807 2579; baseline 0.002 -16"><span class='ocrx_word' id='word_1_440' title='bbox 2229 2509 2466 2579; x_wconf 84' lang='lat' dir='ltr'><strong>regulam</strong></span> <span class='ocrx_word' id='word_1_441' title='bbox 2494 2524 2714 2578; x_wconf 89' lang='lat' dir='ltr'><strong>ponere,</strong></span> <span class='ocrx_word' id='word_1_442' title='bbox 2743 2521 2853 2564; x_wconf 87' lang='lat' dir='ltr'><strong>tum</strong></span> <span class='ocrx_word' id='word_1_443' title='bbox 2879 2512 3074 2567; x_wconf 89' lang='lat' dir='ltr'><strong>deinde</strong></span> <span class='ocrx_word' id='word_1_444' title='bbox 3104 2513 3269 2565; x_wconf 90' lang='lat' dir='ltr'><strong>etiam</strong></span> <span class='ocrx_word' id='word_1_445' title='bbox 3313 2511 3380 2566; x_wconf 91' lang='lat' dir='ltr'><strong>de</strong></span> <span class='ocrx_word' id='word_1_446' title='bbox 3422 2511 3641 2565; x_wconf 65' lang='lat' dir='ltr'><strong>caneris</strong></span> <span class='ocrx_word' id='word_1_447' title='bbox 3665 2525 3807 2579; x_wconf 63' lang='lat' dir='ltr'><strong>qua-</strong></span> 
     </span>
    </p>
   </div>
   <div class='ocr_carea' id='block_1_62' title="bbox 2231 2599 3807 2673">
    <p class='ocr_par' dir='ltr' id='par_1_62' title="bbox 2231 2599 3807 2673">
     <span class='ocr_line' id='line_1_62' title="bbox 2231 2599 3807 2673; baseline 0.002 -20"><span class='ocrx_word' id='word_1_448' title='bbox 2231 2615 2374 2656; x_wconf 88' lang='lat' dir='ltr'><strong>rere.</strong></span> <span class='ocrx_word' id='word_1_449' title='bbox 2414 2599 2569 2655; x_wconf 86' lang='lat' dir='ltr'><strong>Sicut</strong></span> <span class='ocrx_word' id='word_1_450' title='bbox 2614 2603 2758 2657; x_wconf 89' lang='lat' dir='ltr'><strong>enim</strong></span> <span class='ocrx_word' id='word_1_451' title='bbox 2802 2603 2987 2657; x_wconf 89' lang='lat' dir='ltr'><strong>multis</strong></span> <span class='ocrx_word' id='word_1_452' title='bbox 3029 2600 3172 2672; x_wconf 89' lang='lat' dir='ltr'><strong>apud</strong></span> <span class='ocrx_word' id='word_1_453' title='bbox 3200 2602 3433 2673; x_wconf 58' lang='grc' dir='ltr'>,ῧι-ιηοοε</span> <span class='ocrx_word' id='word_1_454' title='bbox 3459 2611 3514 2656; x_wconf 91' lang='lat' dir='ltr'><strong>et</strong></span> <span class='ocrx_word' id='word_1_455' title='bbox 3549 2601 3807 2656; x_wconf 87' lang='lat' dir='ltr'><strong>barbaros</strong></span> 
     </span>
    </p>
   </div>
   <div class='ocr_carea' id='block_1_63' title="bbox 2229 2692 3813 2765">
    <p class='ocr_par' dir='ltr' id='par_1_63' title="bbox 2229 2692 3813 2765">
     <span class='ocr_line' id='line_1_63' title="bbox 2229 2692 3813 2765; baseline 0.001 -20"><span class='ocrx_word' id='word_1_456' title='bbox 2229 2692 2611 2760; x_wconf 87' lang='lat' dir='ltr'><strong>pollicentibus</strong></span> <span class='ocrx_word' id='word_1_457' title='bbox 2641 2693 2951 2760; x_wconf 82' lang='lat' dir='ltr'><strong>veritatem,</strong></span> <span class='ocrx_word' id='word_1_458' title='bbox 2983 2694 3281 2749; x_wconf 85' lang='lat' dir='ltr'><strong>desivimus</strong></span> <span class='ocrx_word' id='word_1_459' title='bbox 3310 2693 3423 2765; x_wconf 70' lang='lat'><strong>(45)</strong></span> <span class='ocrx_word' id='word_1_460' title='bbox 3456 2692 3599 2761; x_wconf 90' lang='lat' dir='ltr'><strong>apud</strong></span> <span class='ocrx_word' id='word_1_461' title='bbox 3629 2707 3813 2747; x_wconf 91' lang='lat' dir='ltr'><strong>omnes</strong></span> 
     </span>
    </p>
   </div>
   <div class='ocr_carea' id='block_1_64' title="bbox 2227 2783 3810 2852">
    <p class='ocr_par' dir='ltr' id='par_1_64' title="bbox 2227 2783 3810 2852">
     <span class='ocr_line' id='line_1_64' title="bbox 2227 2783 3810 2852; baseline 0.001 -18"><span class='ocrx_word' id='word_1_462' title='bbox 2227 2795 2346 2834; x_wconf 89' lang='lat' dir='ltr'><strong>eam</strong></span> <span class='ocrx_word' id='word_1_463' title='bbox 2381 2796 2623 2850; x_wconf 69' lang='lat' dir='ltr'><strong>quazrere</strong></span> <span class='ocrx_word' id='word_1_464' title='bbox 2649 2784 2738 2851; x_wconf 92' lang='lat' dir='ltr'><strong>qui</strong></span> <span class='ocrx_word' id='word_1_465' title='bbox 2763 2799 2879 2838; x_wconf 88' lang='lat' dir='ltr'><strong>eam</strong></span> <span class='ocrx_word' id='word_1_466' title='bbox 2921 2783 3071 2838; x_wconf 77' lang='lat' dir='ltr'><strong>falsis</strong></span> <span class='ocrx_word' id='word_1_467' title='bbox 3089 2783 3438 2852; x_wconf 86' lang='lat' dir='ltr'><strong>Opinionibus</strong></span> <span class='ocrx_word' id='word_1_468' title='bbox 3472 2785 3810 2848; x_wconf 81' lang='lat' dir='ltr'><strong>asserebant,</strong></span> 
     </span>
    </p>
   </div>
   <div class='ocr_carea' id='block_1_65' title="bbox 2227 2874 3815 2940">
    <p class='ocr_par' dir='ltr' id='par_1_65' title="bbox 2227 2874 3815 2940">
     <span class='ocr_line' id='line_1_65' title="bbox 2227 2874 3815 2940; baseline 0.001 -14"><span class='ocrx_word' id='word_1_469' title='bbox 2227 2880 2574 2940; x_wconf 87' lang='lat' dir='ltr'><strong>posteaquam</strong></span> <span class='ocrx_word' id='word_1_470' title='bbox 2620 2874 2946 2928; x_wconf 87' lang='lat' dir='ltr'><strong>credidimus</strong></span> <span class='ocrx_word' id='word_1_471' title='bbox 2990 2874 3181 2929; x_wconf 85' lang='lat' dir='ltr'><strong>Filium</strong></span> <span class='ocrx_word' id='word_1_472' title='bbox 3226 2875 3316 2929; x_wconf 91' lang='lat' dir='ltr'><strong>Dei</strong></span> <span class='ocrx_word' id='word_1_473' title='bbox 3351 2889 3474 2930; x_wconf 90' lang='lat' dir='ltr'><strong>esse</strong></span> <span class='ocrx_word' id='word_1_474' title='bbox 3514 2875 3815 2940; x_wconf 89' lang='lat' dir='ltr'><strong>Christum,</strong></span> 
     </span>
    </p>
   </div>
   <div class='ocr_carea' id='block_1_66' title="bbox 2227 2963 3817 3036">
    <p class='ocr_par' dir='ltr' id='par_1_66' title="bbox 2227 2963 3817 3036">
     <span class='ocr_line' id='line_1_66' title="bbox 2227 2963 3817 3036; baseline 0.001 -20"><span class='ocrx_word' id='word_1_475' title='bbox 2227 2971 2282 3016; x_wconf 87' lang='lat' dir='ltr'><strong>et</strong></span> <span class='ocrx_word' id='word_1_476' title='bbox 2311 2964 2377 3018; x_wconf 89' lang='lat' dir='ltr'><strong>ab</strong></span> <span class='ocrx_word' id='word_1_477' title='bbox 2409 2963 2524 3031; x_wconf 92' lang='lat' dir='ltr'><strong>ipso</strong></span> <span class='ocrx_word' id='word_1_478' title='bbox 2558 2965 2710 3018; x_wconf 90' lang='lat' dir='ltr'><strong>nobis</strong></span> <span class='ocrx_word' id='word_1_479' title='bbox 2746 2964 2883 3018; x_wconf 91' lang='lat' dir='ltr'><strong>hanc</strong></span> <span class='ocrx_word' id='word_1_480' title='bbox 2911 2964 3217 3018; x_wconf 87' lang='lat' dir='ltr'><strong>discendam</strong></span> <span class='ocrx_word' id='word_1_481' title='bbox 3244 2979 3362 3020; x_wconf 91' lang='lat' dir='ltr'><strong>esse</strong></span> <span class='ocrx_word' id='word_1_482' title='bbox 3393 2965 3773 3036; x_wconf 87' lang='lat' dir='ltr'><strong>persuasimus</strong></span> <span class='ocrx_word' id='word_1_483' title='bbox 3801 2980 3817 3028; x_wconf 89' lang='lat'><strong>;</strong></span> 
     </span>
    </p>
   </div>
   <div class='ocr_carea' id='block_1_67' title="bbox 2230 3052 3822 3126">
    <p class='ocr_par' dir='ltr' id='par_1_67' title="bbox 2230 3052 3822 3126">
     <span class='ocr_line' id='line_1_67' title="bbox 2230 3052 3822 3126; baseline 0.004 -21"><span class='ocrx_word' id='word_1_484' title='bbox 2230 3052 2303 3106; x_wconf 86' lang='lat' dir='ltr'><strong>ita</strong></span> <span class='ocrx_word' id='word_1_485' title='bbox 2331 3068 2453 3106; x_wconf 92' lang='lat' dir='ltr'><strong>cum</strong></span> <span class='ocrx_word' id='word_1_486' title='bbox 2491 3053 2640 3108; x_wconf 91' lang='lat' dir='ltr'><strong>multi</strong></span> <span class='ocrx_word' id='word_1_487' title='bbox 2677 3055 2784 3108; x_wconf 91' lang='lat' dir='ltr'><strong>sint</strong></span> <span class='ocrx_word' id='word_1_488' title='bbox 2814 3055 2903 3125; x_wconf 91' lang='lat' dir='ltr'><strong>qui</strong></span> <span class='ocrx_word' id='word_1_489' title='bbox 2936 3069 2996 3109; x_wconf 90' lang='lat' dir='ltr'><strong>se</strong></span> <span class='ocrx_word' id='word_1_490' title='bbox 3019 3066 3208 3124; x_wconf 88' lang='lat' dir='ltr'><strong>putant</strong></span> <span class='ocrx_word' id='word_1_491' title='bbox 3231 3059 3433 3113; x_wconf 89' lang='lat' dir='ltr'><strong>sentire</strong></span> <span class='ocrx_word' id='word_1_492' title='bbox 3461 3073 3588 3126; x_wconf 66' lang='lat' dir='ltr'><strong>quae</strong></span> <span class='ocrx_word' id='word_1_493' title='bbox 3622 3058 3822 3112; x_wconf 81' lang='lat' dir='ltr'><strong>Christi</strong></span> 
     </span>
    </p>
   </div>
   <div class='ocr_carea' id='block_1_68' title="bbox 2231 3145 3822 3217">
    <p class='ocr_par' dir='ltr' id='par_1_68' title="bbox 2231 3145 3822 3217">
     <span class='ocr_line' id='line_1_68' title="bbox 2231 3145 3822 3217; baseline 0.005 -21"><span class='ocrx_word' id='word_1_494' title='bbox 2231 3153 2376 3209; x_wconf 84' lang='lat' dir='ltr'><strong>sunt,</strong></span> <span class='ocrx_word' id='word_1_495' title='bbox 2404 3153 2458 3198; x_wconf 91' lang='lat' dir='ltr'><strong>et</strong></span> <span class='ocrx_word' id='word_1_496' title='bbox 2485 3145 2724 3200; x_wconf 88' lang='lat' dir='ltr'><strong>nonnulli</strong></span> <span class='ocrx_word' id='word_1_497' title='bbox 2751 3162 2934 3201; x_wconf 90' lang='lat' dir='ltr'><strong>eorum</strong></span> <span class='ocrx_word' id='word_1_498' title='bbox 2963 3149 3177 3202; x_wconf 87' lang='lat' dir='ltr'><strong>diversa</strong></span> <span class='ocrx_word' id='word_1_499' title='bbox 3201 3163 3229 3201; x_wconf 90' lang='lat' dir='ltr'><strong>a</strong></span> <span class='ocrx_word' id='word_1_500' title='bbox 3255 3149 3533 3217; x_wconf 90' lang='lat' dir='ltr'><strong>prioribus</strong></span> <span class='ocrx_word' id='word_1_501' title='bbox 3554 3149 3822 3215; x_wconf 89' lang='lat' dir='ltr'><strong>sentiant,</strong></span> 
     </span>
    </p>
   </div>
   <div class='ocr_carea' id='block_1_69' title="bbox 2227 3240 3830 3311">
    <p class='ocr_par' dir='ltr' id='par_1_69' title="bbox 2227 3240 3830 3311">
     <span class='ocr_line' id='line_1_69' title="bbox 2227 3240 3830 3311; baseline 0.002 -20"><span class='ocrx_word' id='word_1_502' title='bbox 2227 3247 2472 3292; x_wconf 79' lang='lat' dir='ltr'><strong>servetur</strong></span> <span class='ocrx_word' id='word_1_503' title='bbox 2507 3251 2633 3293; x_wconf 90' lang='lat' dir='ltr'><strong>vero</strong></span> <span class='ocrx_word' id='word_1_504' title='bbox 2655 3240 3024 3295; x_wconf 86' lang='lat' dir='ltr'><strong>ecclesiastica</strong></span> <span class='ocrx_word' id='word_1_505' title='bbox 3054 3241 3361 3311; x_wconf 70' lang='lat' dir='ltr'><strong>prmdicatio</strong></span> <span class='ocrx_word' id='word_1_506' title='bbox 3390 3255 3491 3310; x_wconf 89' lang='lat' dir='ltr'><strong>per</strong></span> <span class='ocrx_word' id='word_1_507' title='bbox 3518 3241 3830 3297; x_wconf 82' lang='lat' dir='ltr'><strong>successio-</strong></span> 
     </span>
    </p>
   </div>
   <div class='ocr_carea' id='block_1_70' title="bbox 2229 3329 3834 3400">
    <p class='ocr_par' dir='ltr' id='par_1_70' title="bbox 2229 3329 3834 3400">
     <span class='ocr_line' id='line_1_70' title="bbox 2229 3329 3834 3400; baseline 0.003 -19"><span class='ocrx_word' id='word_1_508' title='bbox 2229 3329 2312 3382; x_wconf 91' lang='lat' dir='ltr'><strong>nis</strong></span> <span class='ocrx_word' id='word_1_509' title='bbox 2346 3329 2592 3384; x_wconf 90' lang='lat' dir='ltr'><strong>ordinem</strong></span> <span class='ocrx_word' id='word_1_510' title='bbox 2638 3329 2705 3383; x_wconf 90' lang='lat' dir='ltr'><strong>ab</strong></span> <span class='ocrx_word' id='word_1_511' title='bbox 2737 3331 2992 3400; x_wconf 91' lang='lat' dir='ltr'><strong>apostolis</strong></span> <span class='ocrx_word' id='word_1_512' title='bbox 3038 3331 3258 3394; x_wconf 89' lang='lat' dir='ltr'><strong>tradita,</strong></span> <span class='ocrx_word' id='word_1_513' title='bbox 3288 3339 3343 3384; x_wconf 90' lang='lat' dir='ltr'><strong>et</strong></span> <span class='ocrx_word' id='word_1_514' title='bbox 3375 3345 3555 3398; x_wconf 89' lang='lat' dir='ltr'><strong>usque</strong></span> <span class='ocrx_word' id='word_1_515' title='bbox 3595 3331 3666 3385; x_wconf 92' lang='lat' dir='ltr'><strong>ad</strong></span> <span class='ocrx_word' id='word_1_516' title='bbox 3695 3345 3834 3400; x_wconf 62' lang='lat' dir='ltr'><strong>pre-</strong></span> 
     </span>
    </p>
   </div>
   <div class='ocr_carea' id='block_1_71' title="bbox 2229 3420 3838 3491">
    <p class='ocr_par' dir='ltr' id='par_1_71' title="bbox 2229 3420 3838 3491">
     <span class='ocr_line' id='line_1_71' title="bbox 2229 3420 3838 3491; baseline 0.004 -18"><span class='ocrx_word' id='word_1_517' title='bbox 2229 3435 2355 3475; x_wconf 91' lang='lat' dir='ltr'><strong>sens</strong></span> <span class='ocrx_word' id='word_1_518' title='bbox 2391 3421 2442 3475; x_wconf 92' lang='lat' dir='ltr'><strong>in</strong></span> <span class='ocrx_word' id='word_1_519' title='bbox 2475 3420 2736 3476; x_wconf 84' lang='lat' dir='ltr'><strong>Ecclesiis</strong></span> <span class='ocrx_word' id='word_1_520' title='bbox 2765 3437 3090 3491; x_wconf 87' lang='lat' dir='ltr'><strong>permanens</strong></span> <span class='ocrx_word' id='word_1_521' title='bbox 3118 3439 3133 3476; x_wconf 90' lang='lat'><strong>:</strong></span> <span class='ocrx_word' id='word_1_522' title='bbox 3167 3423 3254 3476; x_wconf 88' lang='lat' dir='ltr'><strong>illa</strong></span> <span class='ocrx_word' id='word_1_523' title='bbox 3285 3423 3402 3476; x_wconf 91' lang='lat' dir='ltr'><strong>sola</strong></span> <span class='ocrx_word' id='word_1_524' title='bbox 3435 3424 3724 3477; x_wconf 82' lang='lat' dir='ltr'><strong>credenda</strong></span> <span class='ocrx_word' id='word_1_525' title='bbox 3755 3433 3838 3480; x_wconf 85' lang='lat' dir='ltr'><strong>est</strong></span> 
     </span>
    </p>
   </div>
   <div class='ocr_carea' id='block_1_72' title="bbox 2227 3512 3838 3583">
    <p class='ocr_par' dir='ltr' id='par_1_72' title="bbox 2227 3512 3838 3583">
     <span class='ocr_line' id='line_1_72' title="bbox 2227 3512 3838 3583; baseline 0.001 -17"><span class='ocrx_word' id='word_1_526' title='bbox 2227 3513 2453 3576; x_wconf 88' lang='lat' dir='ltr'><strong>veritas,</strong></span> <span class='ocrx_word' id='word_1_527' title='bbox 2488 3527 2607 3581; x_wconf 66' lang='lat' dir='ltr'><strong>quae</strong></span> <span class='ocrx_word' id='word_1_528' title='bbox 2635 3513 2685 3566; x_wconf 90' lang='lat' dir='ltr'><strong>in</strong></span> <span class='ocrx_word' id='word_1_529' title='bbox 2716 3512 2863 3567; x_wconf 90' lang='lat' dir='ltr'><strong>nullo</strong></span> <span class='ocrx_word' id='word_1_530' title='bbox 2905 3513 2972 3567; x_wconf 89' lang='lat' dir='ltr'><strong>ab</strong></span> <span class='ocrx_word' id='word_1_531' title='bbox 3012 3513 3380 3568; x_wconf 86' lang='lat' dir='ltr'><strong>ecclesiastica</strong></span> <span class='ocrx_word' id='word_1_532' title='bbox 3422 3523 3484 3566; x_wconf 89' lang='lat' dir='ltr'><strong>et</strong></span> <span class='ocrx_word' id='word_1_533' title='bbox 3531 3513 3838 3583; x_wconf 89' lang='lat' dir='ltr'><strong>apostolica</strong></span> 
     </span>
    </p>
   </div>
   <div class='ocr_carea' id='block_1_73' title="bbox 2227 3603 2851 3660">
    <p class='ocr_par' dir='ltr' id='par_1_73' title="bbox 2227 3603 2851 3660">
     <span class='ocr_line' id='line_1_73' title="bbox 2227 3603 2851 3660; baseline 0 -2"><span class='ocrx_word' id='word_1_534' title='bbox 2227 3603 2510 3660; x_wconf 89' lang='lat' dir='ltr'><strong>discordat</strong></span> <span class='ocrx_word' id='word_1_535' title='bbox 2541 3605 2851 3659; x_wconf 88' lang='lat' dir='ltr'><strong>traditione.</strong></span> 
     </span>
    </p>
   </div>
   <div class='ocr_carea' id='block_1_74' title="bbox 2298 3695 3847 3766">
    <p class='ocr_par' dir='ltr' id='par_1_74' title="bbox 2298 3695 3847 3766">
     <span class='ocr_line' id='line_1_74' title="bbox 2298 3695 3847 3766; baseline 0 -16"><span class='ocrx_word' id='word_1_536' title='bbox 2298 3697 2351 3750; x_wconf 83' lang='grc'><strong>5.</strong></span> <span class='ocrx_word' id='word_1_537' title='bbox 2382 3695 2511 3750; x_wconf 88' lang='lat' dir='ltr'><strong>Illud</strong></span> <span class='ocrx_word' id='word_1_538' title='bbox 2542 3705 2718 3750; x_wconf 90' lang='lat' dir='ltr'><strong>autem</strong></span> <span class='ocrx_word' id='word_1_539' title='bbox 2750 3697 2888 3750; x_wconf 88' lang='lat' dir='ltr'><strong>scire</strong></span> <span class='ocrx_word' id='word_1_540' title='bbox 2922 3703 3158 3764; x_wconf 89' lang='lat' dir='ltr'><strong>oportet,</strong></span> <span class='ocrx_word' id='word_1_541' title='bbox 3187 3695 3447 3766; x_wconf 91' lang='lat' dir='ltr'><strong>quoniam</strong></span> <span class='ocrx_word' id='word_1_542' title='bbox 3486 3697 3673 3750; x_wconf 87' lang='lat' dir='ltr'><strong>sancti</strong></span> <span class='ocrx_word' id='word_1_543' title='bbox 3705 3712 3847 3765; x_wconf 89' lang='lat' dir='ltr'><strong>apo-</strong></span> 
     </span>
    </p>
   </div>
   <div class='ocr_carea' id='block_1_75' title="bbox 2227 3784 3846 3854">
    <p class='ocr_par' dir='ltr' id='par_1_75' title="bbox 2227 3784 3846 3854">
     <span class='ocr_line' id='line_1_75' title="bbox 2227 3784 3846 3854; baseline -0.002 -13"><span class='ocrx_word' id='word_1_544' title='bbox 2227 3785 2349 3842; x_wconf 85' lang='lat' dir='ltr'><strong>stoli</strong></span> <span class='ocrx_word' id='word_1_545' title='bbox 2397 3787 2553 3842; x_wconf 79' lang='lat' dir='ltr'><strong>[idem</strong></span> <span class='ocrx_word' id='word_1_546' title='bbox 2596 3785 2797 3840; x_wconf 88' lang='lat' dir='ltr'><strong>Christi</strong></span> <span class='ocrx_word' id='word_1_547' title='bbox 2832 3785 3212 3852; x_wconf 71' lang='lat' dir='ltr'><strong>praedicantes,</strong></span> <span class='ocrx_word' id='word_1_548' title='bbox 3245 3785 3310 3839; x_wconf 90' lang='lat' dir='ltr'><strong>de</strong></span> <span class='ocrx_word' id='word_1_549' title='bbox 3333 3784 3682 3852; x_wconf 88' lang='lat' dir='ltr'><strong>quibusdam</strong></span> <span class='ocrx_word' id='word_1_550' title='bbox 3715 3786 3846 3854; x_wconf 87' lang='lat' dir='ltr'><strong>qui—</strong></span> 
     </span>
    </p>
   </div>
   <div class='ocr_carea' id='block_1_76' title="bbox 2228 3875 3853 3946">
    <p class='ocr_par' dir='ltr' id='par_1_76' title="bbox 2228 3875 3853 3946">
     <span class='ocr_line' id='line_1_76' title="bbox 2228 3875 3853 3946; baseline -0.002 -13"><span class='ocrx_word' id='word_1_551' title='bbox 2228 3878 2352 3933; x_wconf 89' lang='lat' dir='ltr'><strong>dem</strong></span> <span class='ocrx_word' id='word_1_552' title='bbox 2401 3889 2736 3946; x_wconf 75' lang='lat' dir='ltr'><strong>quzecunque</strong></span> <span class='ocrx_word' id='word_1_553' title='bbox 2786 3881 3090 3930; x_wconf 84' lang='lat' dir='ltr'><strong>necessaria</strong></span> <span class='ocrx_word' id='word_1_554' title='bbox 3149 3875 3530 3939; x_wconf 81' lang='lat' dir='ltr'><strong>crediderunt,</strong></span> <span class='ocrx_word' id='word_1_555' title='bbox 3586 3876 3853 3930; x_wconf 86' lang='lat' dir='ltr'><strong>omnibus</strong></span> 
     </span>
    </p>
   </div>
   <div class='ocr_carea' id='block_1_77' title="bbox 2228 3965 3855 4058">
    <p class='ocr_par' dir='ltr' id='par_1_77' title="bbox 2228 3965 3855 4058">
     <span class='ocr_line' id='line_1_77' title="bbox 2228 3965 3855 4058; baseline -0.004 -34"><span class='ocrx_word' id='word_1_556' title='bbox 2228 3970 2388 4025; x_wconf 91' lang='lat' dir='ltr'><strong>etiam</strong></span> <span class='ocrx_word' id='word_1_557' title='bbox 2422 3968 2504 4023; x_wconf 91' lang='lat' dir='ltr'><strong>his</strong></span> <span class='ocrx_word' id='word_1_558' title='bbox 2542 3969 2631 4037; x_wconf 89' lang='lat' dir='ltr'><strong>qui</strong></span> <span class='ocrx_word' id='word_1_559' title='bbox 2667 3967 2929 4038; x_wconf 85' lang='lat' dir='ltr'><strong>pigriores</strong></span> <span class='ocrx_word' id='word_1_560' title='bbox 2977 3981 3106 4034; x_wconf 75' lang='lat' dir='ltr'><strong>erga</strong></span> <span class='ocrx_word' id='word_1_561' title='bbox 3156 3965 3590 4035; x_wconf 90' lang='lat' dir='ltr'><strong>inquisitionem</strong></span> <span class='ocrx_word' id='word_1_562' title='bbox 3647 3966 3855 4058; x_wconf 60' lang='lat' dir='ltr'><strong>divin&#39;ae</strong></span> 
     </span>
    </p>
   </div>
   <div class='ocr_carea' id='block_1_78' title="bbox 2229 4057 3859 4123">
    <p class='ocr_par' dir='ltr' id='par_1_78' title="bbox 2229 4057 3859 4123">
     <span class='ocr_line' id='line_1_78' title="bbox 2229 4057 3859 4123; baseline -0.005 -7"><span class='ocrx_word' id='word_1_563' title='bbox 2229 4062 2469 4116; x_wconf 73' lang='lat' dir='ltr'><strong>scientia:</strong></span> <span class='ocrx_word' id='word_1_564' title='bbox 2519 4060 2864 4123; x_wconf 85' lang='lat' dir='ltr'><strong>videbantur,</strong></span> <span class='ocrx_word' id='word_1_565' title='bbox 2923 4057 3368 4112; x_wconf 84' lang='lat' dir='ltr'><strong>manifestissime</strong></span> <span class='ocrx_word' id='word_1_566' title='bbox 3439 4057 3859 4121; x_wconf 70' lang='lat' dir='ltr'><strong>tradiderunt,</strong></span> 
     </span>
    </p>
   </div>
   <div class='ocr_carea' id='block_1_79' title="bbox 2230 4149 3860 4219">
    <p class='ocr_par' dir='ltr' id='par_1_79' title="bbox 2230 4149 3860 4219">
     <span class='ocr_line' id='line_1_79' title="bbox 2230 4149 3860 4219; baseline -0.004 -11"><span class='ocrx_word' id='word_1_567' title='bbox 2230 4155 2496 4209; x_wconf 91' lang='lat' dir='ltr'><strong>rationem</strong></span> <span class='ocrx_word' id='word_1_568' title='bbox 2527 4152 2736 4208; x_wconf 90' lang='lat' dir='ltr'><strong>scilicet</strong></span> <span class='ocrx_word' id='word_1_569' title='bbox 2768 4150 3086 4205; x_wconf 88' lang='lat' dir='ltr'><strong>assertionis</strong></span> <span class='ocrx_word' id='word_1_570' title='bbox 3119 4165 3306 4205; x_wconf 88' lang='lat' dir='ltr'><strong>eorum</strong></span> <span class='ocrx_word' id='word_1_571' title='bbox 3337 4149 3752 4219; x_wconf 86' lang='lat' dir='ltr'><strong>relinquentes</strong></span> <span class='ocrx_word' id='word_1_572' title='bbox 3791 4149 3860 4202; x_wconf 90' lang='lat' dir='ltr'><strong>ah</strong></span> 
     </span>
    </p>
   </div>
   <div class='ocr_carea' id='block_1_80' title="bbox 2230 4239 3867 4312">
    <p class='ocr_par' dir='ltr' id='par_1_80' title="bbox 2230 4239 3867 4312">
     <span class='ocr_line' id='line_1_80' title="bbox 2230 4239 3867 4312; baseline -0.003 -13"><span class='ocrx_word' id='word_1_573' title='bbox 2230 4243 2315 4300; x_wconf 93' lang='lat' dir='ltr'><strong>his</strong></span> <span class='ocrx_word' id='word_1_574' title='bbox 2346 4240 2740 4312; x_wconf 87' lang='lat' dir='ltr'><strong>inquirendam,</strong></span> <span class='ocrx_word' id='word_1_575' title='bbox 2774 4239 2865 4309; x_wconf 91' lang='lat' dir='ltr'><strong>qui</strong></span> <span class='ocrx_word' id='word_1_576' title='bbox 2896 4240 3132 4307; x_wconf 86' lang='lat' dir='ltr'><strong>Spiritus</strong></span> <span class='ocrx_word' id='word_1_577' title='bbox 3161 4241 3300 4293; x_wconf 91' lang='lat' dir='ltr'><strong>dona</strong></span> <span class='ocrx_word' id='word_1_578' title='bbox 3345 4239 3708 4294; x_wconf 81' lang='lat' dir='ltr'><strong>excellentia</strong></span> <span class='ocrx_word' id='word_1_579' title='bbox 3744 4255 3867 4294; x_wconf 85' lang='lat' dir='ltr'><strong>me-</strong></span> 
     </span>
    </p>
   </div>
   <div class='ocr_carea' id='block_1_81' title="bbox 2232 4330 3869 4402">
    <p class='ocr_par' dir='ltr' id='par_1_81' title="bbox 2232 4330 3869 4402">
     <span class='ocr_line' id='line_1_81' title="bbox 2232 4330 3869 4402; baseline -0.003 -14"><span class='ocrx_word' id='word_1_580' title='bbox 2232 4343 2482 4388; x_wconf 90' lang='lat' dir='ltr'><strong>rerentur</strong></span> <span class='ocrx_word' id='word_1_581' title='bbox 2527 4331 2667 4402; x_wconf 66' lang='grc'><strong>(46),</strong></span> <span class='ocrx_word' id='word_1_582' title='bbox 2700 4339 2752 4386; x_wconf 90' lang='lat' dir='ltr'><strong>et</strong></span> <span class='ocrx_word' id='word_1_583' title='bbox 2801 4330 3069 4399; x_wconf 79' lang='lat' dir='ltr'><strong>praecipue</strong></span> <span class='ocrx_word' id='word_1_584' title='bbox 3117 4334 3409 4396; x_wconf 89' lang='lat' dir='ltr'><strong>sermonis,</strong></span> <span class='ocrx_word' id='word_1_585' title='bbox 3461 4333 3779 4401; x_wconf 60' lang='lat' dir='ltr'><strong>sapientia?</strong></span> <span class='ocrx_word' id='word_1_586' title='bbox 3811 4338 3869 4385; x_wconf 88' lang='lat' dir='ltr'><strong>et</strong></span> 
     </span>
    </p>
   </div>
   <div class='ocr_carea' id='block_1_82' title="bbox 2232 4419 3874 4493">
    <p class='ocr_par' dir='ltr' id='par_1_82' title="bbox 2232 4419 3874 4493">
     <span class='ocr_line' id='line_1_82' title="bbox 2232 4419 3874 4493; baseline -0.003 -12"><span class='ocrx_word' id='word_1_587' title='bbox 2232 4424 2474 4481; x_wconf 74' lang='lat' dir='ltr'><strong>scientiae</strong></span> <span class='ocrx_word' id='word_1_588' title='bbox 2497 4423 2726 4493; x_wconf 82' lang='lat' dir='ltr'><strong>gratiam</strong></span> <span class='ocrx_word' id='word_1_589' title='bbox 2761 4433 2861 4489; x_wconf 90' lang='lat' dir='ltr'><strong>per</strong></span> <span class='ocrx_word' id='word_1_590' title='bbox 2891 4419 3065 4488; x_wconf 87' lang='lat' dir='ltr'><strong>ipsum</strong></span> <span class='ocrx_word' id='word_1_591' title='bbox 3111 4419 3366 4488; x_wconf 89' lang='lat' dir='ltr'><strong>Spiritum</strong></span> <span class='ocrx_word' id='word_1_592' title='bbox 3403 4431 3694 4476; x_wconf 87' lang='lat' dir='ltr'><strong>sanctum</strong></span> <span class='ocrx_word' id='word_1_593' title='bbox 3737 4437 3874 4491; x_wconf 83' lang='lat' dir='ltr'><strong>per-</strong></span> 
     </span>
    </p>
   </div>
   <div class='ocr_carea' id='block_1_83' title="bbox 2232 4511 3871 4586">
    <p class='ocr_par' dir='ltr' id='par_1_83' title="bbox 2232 4511 3871 4586">
     <span class='ocr_line' id='line_1_83' title="bbox 2232 4511 3871 4586; baseline -0.005 -14"><span class='ocrx_word' id='word_1_594' title='bbox 2232 4517 2534 4586; x_wconf 87' lang='lat' dir='ltr'><strong>cepissent;</strong></span> <span class='ocrx_word' id='word_1_595' title='bbox 2567 4513 2633 4567; x_wconf 87' lang='lat' dir='ltr'><strong>de</strong></span> <span class='ocrx_word' id='word_1_596' title='bbox 2666 4511 2787 4567; x_wconf 85' lang='lat' dir='ltr'><strong>aliis</strong></span> <span class='ocrx_word' id='word_1_597' title='bbox 2811 4526 2936 4565; x_wconf 91' lang='lat' dir='ltr'><strong>vero</strong></span> <span class='ocrx_word' id='word_1_598' title='bbox 2963 4511 3217 4564; x_wconf 85' lang='lat' dir='ltr'><strong>dixerunt</strong></span> <span class='ocrx_word' id='word_1_599' title='bbox 3250 4512 3506 4580; x_wconf 84' lang='lat' dir='ltr'><strong>quidem,</strong></span> <span class='ocrx_word' id='word_1_600' title='bbox 3534 4515 3679 4582; x_wconf 88' lang='lat' dir='ltr'><strong>quia</strong></span> <span class='ocrx_word' id='word_1_601' title='bbox 3718 4513 3871 4577; x_wconf 78' lang='lat' dir='ltr'><strong>sint;</strong></span> 
     </span>
    </p>
   </div>
   <div class='ocr_carea' id='block_1_84' title="bbox 2227 4601 3881 4678">
    <p class='ocr_par' dir='ltr' id='par_1_84' title="bbox 2227 4601 3881 4678">
     <span class='ocr_line' id='line_1_84' title="bbox 2227 4601 3881 4678; baseline -0.004 -16"><span class='ocrx_word' id='word_1_602' title='bbox 2227 4606 2497 4678; x_wconf 88' lang='lat' dir='ltr'><strong>quomodo</strong></span> <span class='ocrx_word' id='word_1_603' title='bbox 2531 4613 2733 4668; x_wconf 89' lang='lat' dir='ltr'><strong>autem,</strong></span> <span class='ocrx_word' id='word_1_604' title='bbox 2760 4611 2853 4656; x_wconf 92' lang='lat' dir='ltr'><strong>aut</strong></span> <span class='ocrx_word' id='word_1_605' title='bbox 2883 4601 3023 4656; x_wconf 93' lang='lat' dir='ltr'><strong>unde</strong></span> <span class='ocrx_word' id='word_1_606' title='bbox 3061 4602 3194 4668; x_wconf 90' lang='lat' dir='ltr'><strong>sint,</strong></span> <span class='ocrx_word' id='word_1_607' title='bbox 3235 4602 3559 4670; x_wconf 88' lang='lat' dir='ltr'><strong>siluerunt,</strong></span> <span class='ocrx_word' id='word_1_608' title='bbox 3605 4603 3881 4673; x_wconf 80' lang='lat' dir='ltr'><strong>profecto</strong></span> 
     </span>
    </p>
   </div>
   <div class='ocr_carea' id='block_1_85' title="bbox 2228 4693 3882 4765">
    <p class='ocr_par' dir='ltr' id='par_1_85' title="bbox 2228 4693 3882 4765">
     <span class='ocr_line' id='line_1_85' title="bbox 2228 4693 3882 4765; baseline -0.004 -11"><span class='ocrx_word' id='word_1_609' title='bbox 2228 4709 2286 4754; x_wconf 91' lang='lat' dir='ltr'><strong>ut</strong></span> <span class='ocrx_word' id='word_1_610' title='bbox 2315 4697 2667 4754; x_wconf 84' lang='lat' dir='ltr'><strong>studiosiores</strong></span> <span class='ocrx_word' id='word_1_611' title='bbox 2695 4695 2894 4765; x_wconf 87' lang='lat' dir='ltr'><strong>quique</strong></span> <span class='ocrx_word' id='word_1_612' title='bbox 2915 4709 2980 4750; x_wconf 83' lang='lat' dir='ltr'><strong>ex</strong></span> <span class='ocrx_word' id='word_1_613' title='bbox 3010 4694 3240 4765; x_wconf 88' lang='lat' dir='ltr'><strong>posteris</strong></span> <span class='ocrx_word' id='word_1_614' title='bbox 3277 4693 3391 4748; x_wconf 89' lang='lat' dir='ltr'><strong>suis</strong></span> <span class='ocrx_word' id='word_1_615' title='bbox 3426 4695 3537 4763; x_wconf 88' lang='lat' dir='ltr'><strong>qui</strong></span> <span class='ocrx_word' id='word_1_616' title='bbox 3575 4704 3882 4748; x_wconf 87' lang='lat' dir='ltr'><strong>amatores</strong></span> 
     </span>
    </p>
   </div>
   <div class='ocr_carea' id='block_1_86' title="bbox 2226 4989 3896 5063">
    <p class='ocr_par' dir='ltr' id='par_1_86' title="bbox 2226 4989 3896 5063">
     <span class='ocr_line' id='line_1_86' title="bbox 2226 4989 3896 5063; baseline -0.002 -10"><span class='ocrx_word' id='word_1_617' title='bbox 2226 5008 2381 5053; x_wconf 89' lang='lat' dir='ltr'><strong>antea</strong></span> <span class='ocrx_word' id='word_1_618' title='bbox 2415 4995 2573 5063; x_wconf 73' lang='lat' dir='ltr'><strong>editis</strong></span> <span class='ocrx_word' id='word_1_619' title='bbox 2595 4996 2764 5057; x_wconf 85' lang='lat' dir='ltr'><strong>deest,</strong></span> <span class='ocrx_word' id='word_1_620' title='bbox 2797 5012 2816 5044; x_wconf 75' lang='grc' dir='ltr'><strong>σ</strong></span> <span class='ocrx_word' id='word_1_621' title='bbox 2840 5003 2894 5049; x_wconf 91' lang='lat' dir='ltr'><strong>et</strong></span> <span class='ocrx_word' id='word_1_622' title='bbox 2923 4993 3237 5063; x_wconf 85' lang='lat' dir='ltr'><strong>apostolica.</strong></span> <span class='ocrx_word' id='word_1_623' title='bbox 3270 5009 3290 5044; x_wconf 72' lang='grc' dir='ltr'><strong>ι</strong></span> <span class='ocrx_word' id='word_1_624' title='bbox 3312 4989 3505 5063; x_wconf 79' lang='lat' dir='ltr'><strong>Paulo</strong></span> <span class='ocrx_word' id='word_1_625' title='bbox 3533 5002 3680 5061; x_wconf 87' lang='lat' dir='ltr'><strong>post</strong></span> <span class='ocrx_word' id='word_1_626' title='bbox 3713 5012 3896 5059; x_wconf 81' lang='lat' dir='ltr'><strong>mss.,</strong></span> 
     </span>
    </p>
   </div>
   <div class='ocr_carea' id='block_1_87' title="bbox 2231 5059 3902 5130">
    <p class='ocr_par' dir='ltr' id='par_1_87' title="bbox 2231 5059 3902 5130">
     <span class='ocr_line' id='line_1_87' title="bbox 2231 5059 3902 5130; baseline -0.001 -11"><span class='ocrx_word' id='word_1_627' title='bbox 2231 5087 2250 5119; x_wconf 76' lang='grc' dir='ltr'><strong>ι</strong></span> <span class='ocrx_word' id='word_1_628' title='bbox 2286 5059 2532 5121; x_wconf 84' lang='lat' dir='ltr'><strong>omnibus</strong></span> <span class='ocrx_word' id='word_1_629' title='bbox 2574 5065 2737 5119; x_wconf 90' lang='lat' dir='ltr'><strong>etiam</strong></span> <span class='ocrx_word' id='word_1_630' title='bbox 2776 5064 2859 5118; x_wconf 91' lang='lat' dir='ltr'><strong>his</strong></span> <span class='ocrx_word' id='word_1_631' title='bbox 2905 5059 2994 5130; x_wconf 81' lang='lat' dir='ltr'><strong>qui</strong></span> <span class='ocrx_word' id='word_1_632' title='bbox 3033 5064 3317 5130; x_wconf 81' lang='lat' dir='ltr'><strong>pigriores.</strong></span> <span class='ocrx_word' id='word_1_633' title='bbox 3350 5079 3368 5112; x_wconf 80' lang='grc' dir='ltr'><strong>ι</strong></span> <span class='ocrx_word' id='word_1_634' title='bbox 3412 5059 3602 5117; x_wconf 77' lang='lat' dir='ltr'><strong>Meri.</strong></span> <span class='ocrx_word' id='word_1_635' title='bbox 3659 5077 3722 5119; x_wconf 87' lang='lat' dir='ltr'><strong>et</strong></span> <span class='ocrx_word' id='word_1_636' title='bbox 3780 5068 3902 5120; x_wconf 83' lang='lat' dir='ltr'><strong>Ge-</strong></span> 
     </span>
    </p>
   </div>
   <div class='ocr_carea' id='block_1_88' title="bbox 2229 5131 3906 5208">
    <p class='ocr_par' dir='ltr' id='par_1_88' title="bbox 2229 5131 3906 5208">
     <span class='ocr_line' id='line_1_88' title="bbox 2229 5131 3906 5208; baseline 0 -17"><span class='ocrx_word' id='word_1_637' title='bbox 2229 5139 2409 5201; x_wconf 89' lang='lat' dir='ltr'><strong>nebr.,</strong></span> <span class='ocrx_word' id='word_1_638' title='bbox 2447 5153 2466 5185; x_wconf 76' lang='grc' dir='ltr'><strong>ι</strong></span> <span class='ocrx_word' id='word_1_639' title='bbox 2505 5135 2759 5191; x_wconf 86' lang='lat' dir='ltr'><strong>omnibus</strong></span> <span class='ocrx_word' id='word_1_640' title='bbox 2793 5134 3136 5188; x_wconf 88' lang='lat' dir='ltr'><strong>credentibus</strong></span> <span class='ocrx_word' id='word_1_641' title='bbox 3164 5132 3328 5187; x_wconf 89' lang='lat' dir='ltr'><strong>etiam</strong></span> <span class='ocrx_word' id='word_1_642' title='bbox 3369 5131 3475 5187; x_wconf 89' lang='lat' dir='ltr'><strong>his</strong></span> <span class='ocrx_word' id='word_1_643' title='bbox 3517 5136 3630 5204; x_wconf 87' lang='lat' dir='ltr'><strong>qui</strong></span> <span class='ocrx_word' id='word_1_644' title='bbox 3668 5135 3906 5208; x_wconf 77' lang='lat' dir='ltr'><strong>pigrio-</strong></span> 
     </span>
    </p>
   </div>
   <div class='ocr_carea' id='block_1_89' title="bbox 2231 5223 3908 5346">
    <p class='ocr_par' dir='ltr' id='par_1_89' title="bbox 2231 5223 3908 5346">
     <span class='ocr_line' id='line_1_89' title="bbox 2231 5223 3908 5346; baseline -0.004 -15"><span class='ocrx_word' id='word_1_645' title='bbox 2231 5223 2413 5346; x_wconf 36' lang='lat' dir='ltr'><strong>r85646.)</strong></span> <span class='ocrx_word' id='word_1_646' title='bbox 2449 5273 2552 5339; x_wconf 83' lang='lat' dir='ltr'><strong>Qui</strong></span> <span class='ocrx_word' id='word_1_647' title='bbox 2581 5271 2810 5346; x_wconf 67' lang='lat' dir='ltr'><strong>Spiritus</strong></span> <span class='ocrx_word' id='word_1_648' title='bbox 2837 5273 2975 5324; x_wconf 82' lang='lat' dir='ltr'><strong>dona</strong></span> <span class='ocrx_word' id='word_1_649' title='bbox 3002 5271 3313 5346; x_wconf 70' lang='lat' dir='ltr'><strong>excellentia</strong></span> <span class='ocrx_word' id='word_1_650' title='bbox 3336 5284 3763 5346; x_wconf 53' lang='lat' dir='ltr'><strong>mererentur,</strong></span> <span class='ocrx_word' id='word_1_651' title='bbox 3783 5280 3908 5346; x_wconf 65' lang='grc' dir='ltr'><strong>σις’.</strong></span> 
     </span>
    </p>
   </div>
   <div class='ocr_carea' id='block_1_90' title="bbox 2230 5341 3916 5412">
    <p class='ocr_par' dir='ltr' id='par_1_90' title="bbox 2230 5341 3916 5412">
     <span class='ocr_line' id='line_1_90' title="bbox 2230 5341 3916 5412; baseline -0.003 -12"><span class='ocrx_word' id='word_1_652' title='bbox 2230 5341 2326 5400; x_wconf 83' lang='lat' dir='ltr'><strong>Sic</strong></span> <span class='ocrx_word' id='word_1_653' title='bbox 2358 5360 2546 5399; x_wconf 89' lang='lat' dir='ltr'><strong>omnes</strong></span> <span class='ocrx_word' id='word_1_654' title='bbox 2577 5358 2705 5398; x_wconf 87' lang='lat' dir='ltr'><strong>mss.</strong></span> <span class='ocrx_word' id='word_1_655' title='bbox 2737 5342 2792 5396; x_wconf 90' lang='lat' dir='ltr'><strong>In</strong></span> <span class='ocrx_word' id='word_1_656' title='bbox 2821 5353 2986 5395; x_wconf 86' lang='lat' dir='ltr'><strong>antea</strong></span> <span class='ocrx_word' id='word_1_657' title='bbox 3024 5343 3186 5412; x_wconf 88' lang='lat' dir='ltr'><strong>editis</strong></span> <span class='ocrx_word' id='word_1_658' title='bbox 3217 5341 3422 5411; x_wconf 82' lang='lat' dir='ltr'><strong>legitur</strong></span> <span class='ocrx_word' id='word_1_659' title='bbox 3458 5358 3477 5394; x_wconf 90' lang='lat'><strong>:</strong></span> <span class='ocrx_word' id='word_1_660' title='bbox 3527 5360 3551 5393; x_wconf 69' lang='grc' dir='ltr'><strong>ι</strong></span> <span class='ocrx_word' id='word_1_661' title='bbox 3601 5344 3730 5410; x_wconf 77' lang='lat' dir='ltr'><strong>Qui</strong></span> <span class='ocrx_word' id='word_1_662' title='bbox 3768 5345 3916 5412; x_wconf 77' lang='lat' dir='ltr'><strong>Spi-</strong></span> 
     </span>
    </p>
   </div>
   <div class='ocr_carea' id='block_1_91' title="bbox 2227 5411 3918 5484">
    <p class='ocr_par' dir='ltr' id='par_1_91' title="bbox 2227 5411 3918 5484">
     <span class='ocr_line' id='line_1_91' title="bbox 2227 5411 3918 5484; baseline -0.002 -14"><span class='ocrx_word' id='word_1_663' title='bbox 2227 5417 2364 5470; x_wconf 89' lang='lat' dir='ltr'><strong>ritus</strong></span> <span class='ocrx_word' id='word_1_664' title='bbox 2389 5416 2525 5468; x_wconf 89' lang='lat' dir='ltr'><strong>dona</strong></span> <span class='ocrx_word' id='word_1_665' title='bbox 2551 5412 2865 5484; x_wconf 82' lang='lat' dir='ltr'><strong>excellentia</strong></span> <span class='ocrx_word' id='word_1_666' title='bbox 2894 5420 2948 5464; x_wconf 90' lang='lat' dir='ltr'><strong>et</strong></span> <span class='ocrx_word' id='word_1_667' title='bbox 2975 5411 3244 5484; x_wconf 65' lang='lat' dir='ltr'><strong>pnecipue</strong></span> <span class='ocrx_word' id='word_1_668' title='bbox 3272 5415 3614 5477; x_wconf 85' lang='lat' dir='ltr'><strong>sermonis,</strong></span> <span class='ocrx_word' id='word_1_669' title='bbox 3655 5411 3918 5484; x_wconf 79' lang='lat' dir='ltr'><strong>sapien-</strong></span> 
     </span>
    </p>
   </div>
   <div class='ocr_carea' id='block_1_92' title="bbox 2228 5481 3919 5553">
    <p class='ocr_par' dir='ltr' id='par_1_92' title="bbox 2228 5481 3919 5553">
     <span class='ocr_line' id='line_1_92' title="bbox 2228 5481 3919 5553; baseline -0.001 -15"><span class='ocrx_word' id='word_1_670' title='bbox 2228 5487 2314 5539; x_wconf 74' lang='lat' dir='ltr'><strong>tian</strong></span> <span class='ocrx_word' id='word_1_671' title='bbox 2347 5495 2401 5538; x_wconf 90' lang='lat' dir='ltr'><strong>et</strong></span> <span class='ocrx_word' id='word_1_672' title='bbox 2426 5484 2669 5537; x_wconf 85' lang='lat' dir='ltr'><strong>scientiae</strong></span> <span class='ocrx_word' id='word_1_673' title='bbox 2703 5497 2798 5550; x_wconf 90' lang='lat' dir='ltr'><strong>per</strong></span> <span class='ocrx_word' id='word_1_674' title='bbox 2829 5483 3003 5550; x_wconf 88' lang='lat' dir='ltr'><strong>ipsum</strong></span> <span class='ocrx_word' id='word_1_675' title='bbox 3044 5481 3304 5553; x_wconf 78' lang='lat' dir='ltr'><strong>Spiritum</strong></span> <span class='ocrx_word' id='word_1_676' title='bbox 3353 5493 3666 5537; x_wconf 85' lang='lat' dir='ltr'><strong>sanctum</strong></span> <span class='ocrx_word' id='word_1_677' title='bbox 3709 5481 3919 5553; x_wconf 65' lang='lat' dir='ltr'><strong>perci-</strong></span> 
     </span>
    </p>
   </div>
   <div class='ocr_carea' id='block_1_93' title="bbox 2227 5550 3924 5630">
    <p class='ocr_par' dir='ltr' id='par_1_93' title="bbox 2227 5550 3924 5630">
     <span class='ocr_line' id='line_1_93' title="bbox 2227 5550 3924 5630; baseline 0.001 -24"><span class='ocrx_word' id='word_1_678' title='bbox 2227 5571 2352 5624; x_wconf 80' lang='lat' dir='ltr'><strong>pere</strong></span> <span class='ocrx_word' id='word_1_679' title='bbox 2382 5554 2750 5630; x_wconf 49' lang='lat' dir='ltr'><strong>merebantur:</strong></span> <span class='ocrx_word' id='word_1_680' title='bbox 2778 5592 2790 5603; x_wconf 97' lang='lat'><strong>.</strong></span> <span class='ocrx_word' id='word_1_681' title='bbox 2820 5589 2834 5602; x_wconf 90' lang='lat'><strong>.</strong></span> <span class='ocrx_word' id='word_1_682' title='bbox 2950 5590 2964 5604; x_wconf 95' lang='lat'><strong>.</strong></span> <span class='ocrx_word' id='word_1_683' title='bbox 2997 5589 3011 5604; x_wconf 95' lang='lat'><strong>.</strong></span> <span class='ocrx_word' id='word_1_684' title='bbox 3040 5588 3054 5602; x_wconf 94' lang='lat'><strong>.</strong></span> <span class='ocrx_word' id='word_1_685' title='bbox 3087 5550 3327 5618; x_wconf 80' lang='lat' dir='ltr'><strong>profecto</strong></span> <span class='ocrx_word' id='word_1_686' title='bbox 3347 5559 3428 5630; x_wconf 42' lang='grc' dir='ltr'>,ιιι</span> <span class='ocrx_word' id='word_1_687' title='bbox 3473 5550 3924 5630; x_wconf 71' lang='lat' dir='ltr'><strong>studiosiores</strong></span> 
     </span>
    </p>
   </div>
   <div class='ocr_carea' id='block_1_94' title="bbox 2229 5622 3924 5694">
    <p class='ocr_par' dir='ltr' id='par_1_94' title="bbox 2229 5622 3924 5694">
     <span class='ocr_line' id='line_1_94' title="bbox 2229 5622 3924 5694; baseline 0 -17"><span class='ocrx_word' id='word_1_688' title='bbox 2229 5622 2440 5694; x_wconf 85' lang='lat' dir='ltr'><strong>quoque</strong></span> <span class='ocrx_word' id='word_1_689' title='bbox 2457 5639 2520 5674; x_wconf 81' lang='lat' dir='ltr'><strong>ex</strong></span> <span class='ocrx_word' id='word_1_690' title='bbox 2552 5622 2921 5694; x_wconf 80' lang='lat' dir='ltr'><strong>posterissuis</strong></span> <span class='ocrx_word' id='word_1_691' title='bbox 2946 5631 3217 5674; x_wconf 87' lang='lat' dir='ltr'><strong>amatores</strong></span> <span class='ocrx_word' id='word_1_692' title='bbox 3247 5622 3578 5694; x_wconf 64' lang='lat' dir='ltr'><strong>sapientiae</strong></span> <span class='ocrx_word' id='word_1_693' title='bbox 3613 5635 3682 5677; x_wconf 84' lang='lat' dir='ltr'><strong>et</strong></span> <span class='ocrx_word' id='word_1_694' title='bbox 3711 5629 3924 5680; x_wconf 83' lang='lat' dir='ltr'><strong>scien-</strong></span> 
     </span>
    </p>
   </div>
   <div class='ocr_carea' id='block_1_95' title="bbox 2231 5692 3922 5764">
    <p class='ocr_par' dir='ltr' id='par_1_95' title="bbox 2231 5692 3922 5764">
     <span class='ocr_line' id='line_1_95' title="bbox 2231 5692 3922 5764; baseline -0.001 -15"><span class='ocrx_word' id='word_1_695' title='bbox 2231 5692 2316 5749; x_wconf 67' lang='lat' dir='ltr'><strong>tia:</strong></span> <span class='ocrx_word' id='word_1_696' title='bbox 2357 5693 2682 5764; x_wconf 84' lang='lat' dir='ltr'><strong>exercitium</strong></span> <span class='ocrx_word' id='word_1_697' title='bbox 2721 5693 2918 5764; x_wconf 80' lang='lat' dir='ltr'><strong>habere</strong></span> <span class='ocrx_word' id='word_1_698' title='bbox 2967 5697 3207 5764; x_wconf 74' lang='lat' dir='ltr'><strong>possent,</strong></span> <span class='ocrx_word' id='word_1_699' title='bbox 3256 5692 3308 5764; x_wconf 83' lang='lat' dir='ltr'><strong>in</strong></span> <span class='ocrx_word' id='word_1_700' title='bbox 3341 5702 3474 5756; x_wconf 85' lang='lat' dir='ltr'><strong>quo</strong></span> <span class='ocrx_word' id='word_1_701' title='bbox 3517 5693 3776 5764; x_wconf 80' lang='lat' dir='ltr'><strong>ingenii</strong></span> <span class='ocrx_word' id='word_1_702' title='bbox 3825 5696 3922 5750; x_wconf 87' lang='lat' dir='ltr'><strong>sui</strong></span> 
     </span>
    </p>
   </div>
   <div class='ocr_carea' id='block_1_96' title="bbox 2230 5760 3934 5838">
    <p class='ocr_par' dir='ltr' id='par_1_96' title="bbox 2230 5760 3934 5838">
     <span class='ocr_line' id='line_1_96' title="bbox 2230 5760 3934 5838; baseline 0.004 -23"><span class='ocrx_word' id='word_1_703' title='bbox 2230 5765 2462 5819; x_wconf 77' lang='lat' dir='ltr'><strong>fructum</strong></span> <span class='ocrx_word' id='word_1_704' title='bbox 2499 5762 2781 5838; x_wconf 81' lang='lat' dir='ltr'><strong>ostendere</strong></span> <span class='ocrx_word' id='word_1_705' title='bbox 2829 5760 3090 5838; x_wconf 77' lang='lat' dir='ltr'><strong>valerent,</strong></span> <span class='ocrx_word' id='word_1_706' title='bbox 3121 5760 3174 5813; x_wconf 89' lang='lat' dir='ltr'><strong>hi</strong></span> <span class='ocrx_word' id='word_1_707' title='bbox 3219 5760 3499 5838; x_wconf 75' lang='lat' dir='ltr'><strong>videlicet</strong></span> <span class='ocrx_word' id='word_1_708' title='bbox 3541 5760 3660 5836; x_wconf 68' lang='lat' dir='ltr'><strong>qui</strong></span> <span class='ocrx_word' id='word_1_709' title='bbox 3699 5766 3934 5838; x_wconf 81' lang='lat' dir='ltr'><strong>dignos</strong></span> 
     </span>
    </p>
   </div>
   <div class='ocr_carea' id='block_1_97' title="bbox 2230 5831 3438 5902">
    <p class='ocr_par' dir='ltr' id='par_1_97' title="bbox 2230 5831 3438 5902">
     <span class='ocr_line' id='line_1_97' title="bbox 2230 5831 3438 5902; baseline -0.007 -12"><span class='ocrx_word' id='word_1_710' title='bbox 2230 5851 2288 5890; x_wconf 92' lang='lat' dir='ltr'><strong>se</strong></span> <span class='ocrx_word' id='word_1_711' title='bbox 2324 5843 2376 5889; x_wconf 88' lang='lat' dir='ltr'><strong>et</strong></span> <span class='ocrx_word' id='word_1_712' title='bbox 2406 5847 2631 5902; x_wconf 86' lang='lat' dir='ltr'><strong>capaces</strong></span> <span class='ocrx_word' id='word_1_713' title='bbox 2665 5831 2945 5899; x_wconf 75' lang='lat' dir='ltr'><strong>sapientiae</strong></span> <span class='ocrx_word' id='word_1_714' title='bbox 2974 5837 3364 5900; x_wconf 75' lang='lat' dir='ltr'><strong>przepararcnt.</strong></span> <span class='ocrx_word' id='word_1_715' title='bbox 3414 5849 3438 5882; x_wconf 75' lang='grc' dir='ltr'><strong>ι</strong></span> 
     </span>
    </p>
   </div>
  </div>
