3992 6560
204 423 295 478 H7

1570 416 1767 472 LIBER
1806 413 2081 471 PRIMUS.

3361 404 3461 457 IIS

196 545 368 593 essent
392 538 711 606 sapientiae,
740 537 1062 593 exercitium
1090 537 1291 592 habere
1327 545 1563 606 possent,
1598 536 1652 591 in
1682 550 1788 605 quo
1818 538 1864 593 A
1892 534 1982 598 sit,
2015 545 2205 587 necne.
2239 528 2345 586 Sed
2373 527 2687 598 inquirenda
2708 526 2817 597 jam
2845 524 2943 578 ista
2981 536 3078 593 pro
3103 520 3309 575 viribus
3340 524 3466 570 sunt

201 629 391 696 ingenii
433 632 519 685 sui
573 630 814 686 fructum
868 631 1235 692 ostenderem,
1286 629 1337 683 hi
1394 626 1645 683 videlicet
1693 629 1785 697 qui

198 723 385 789 dignos
415 738 477 777 se
500 733 556 778 et
581 739 809 794 capaces
833 725 898 779 ad
920 723 1287 792 recipiendam
1309 721 1625 791 sapientiam
1652 735 1789 791 prae-

195 821 473 879 pararent.

260 901 315 954 4.
365 899 599 968 Species
638 916 767 957 vero
801 918 989 959 eorum
1040 917 1159 971 qum
1205 917 1302 972 per
1348 901 1786 972 praedicationem

200 993 553 1061 apostolicam
602 994 889 1049 manifeste
932 994 1237 1061 traduntur,
1269 996 1384 1050 istae
1427 1005 1573 1050 sunt.
1605 994 1787 1049 Primo

198 1085 339 1154 quod
368 1100 510 1140 unus
540 1086 686 1140 Deus
709 1096 791 1142 est
818 1087 909 1156 qui
940 1090 1117 1142 omnia
1144 1088 1347 1143 creavit
1380 1096 1542 1156 atque
1566 1097 1785 1155 c‘ompo-

199 1177 323 1240 suit,
344 1177 571 1245 quique,
594 1192 715 1231 cum
746 1178 878 1231 nihil
902 1187 1067 1243 esset,
1091 1194 1208 1233 esse
1228 1179 1349 1233 fecit
1379 1179 1625 1233 universa
1649 1177 1784 1246 (47),

204 1266 339 1321 Deus
369 1282 399 1320 a
427 1269 604 1335 prima
626 1277 874 1322 creatura
906 1277 960 1322 et
978 1269 1287 1323 conditione
1312 1268 1518 1333 mundi,
1544 1269 1783 1322 omnium

202 1359 465 1431 iustorum
504 1358 672 1427 Deus,
720 1359 913 1423 Adam,
949 1359 1103 1422 Abel,
1153 1360 1301 1427 Seth,
1360 1360 1525 1423 Enos,
1578 1358 1784 1424 Enoch,

205 1448 333 1513 Noe,
358 1447 506 1510 Sent,
532 1450 834 1515 Abraham,
854 1450 1019 1515 isaac,
1040 1448 1227 1516 Jacob,
1249 1451 1530 1505 duodecim
1557 1451 1785 1520 patriar-

206 1542 446 1604 charum,
482 1539 687 1611 Moysis
716 1552 767 1595 et
796 1541 1212 1610 pr0phetarum;
1249 1551 1300 1598 et
1329 1544 1471 1611 quod
1512 1543 1601 1597 hic
1648 1542 1785 1597 Deus

210 1632 257 1685 in
283 1632 590 1686 novissimis
621 1634 834 1699 diebus,
866 1634 1004 1687 sicut
1036 1648 1134 1702 per
1167 1634 1456 1704 prophetas
1500 1649 1625 1689 suos
1660 1644 1785 1689 ante

212 1723 545 1790 promiserat,
594 1723 707 1794 48
760 1726 905 1779 misit
966 1726 1252 1780 Dominum
1307 1735 1549 1782 nostrum
1600 1725 1783 1781 Jcsum

213 1814 493 1879 Christum,
525 1817 703 1883 primo
734 1817 944 1885 quidem
982 1826 1299 1872 vocaturum
1329 1818 1513 1883 Israel,
1548 1818 1785 1872 secundo

217 1921 329 1961 vero
355 1908 517 1960 etiam
556 1920 744 1978 gentes
780 1919 897 1980 post
925 1911 1206 1978 perﬁdiam
1254 1912 1428 1981 populi
1468 1911 1652 1967 Israel.
1686 1912 1784 1967 Hic
1817 1885 1857 1939 Β

217 1996 347 2051 Deus
390 1998 574 2067 justus
634 2009 683 2053 et
730 2002 901 2055 bonus
954 2002 1111 2057 Pater
1169 2004 1375 2058 Domini
1432 2005 1599 2058 nostri
1657 2002 1781 2075 Jesu

213 2089 421 2156 Christi,
458 2089 633 2160 legem
663 2102 718 2146 et
745 2093 1058 2162 prephctas,
1088 2104 1143 2149 et
1178 2095 1464 2162 Evangelia
1497 2096 1611 2164 ipse
1638 2096 1781 2150 dedit

216 2184 296 2250 qui
321 2194 371 2237 et
398 2184 771 2253 apostolorum
806 2185 948 2240 Deus
981 2195 1099 2251 est,
1140 2197 1194 2240 et
1222 2188 1419 2241 veteris
1447 2196 1500 2242 et
1529 2187 1649 2241 novi
1682 2186 1785 2243 Te-

213 2275 475 2329 stamenti.
504 2274 641 2329 Tum
672 2268 867 2330 deinde
897 2279 917 2309 ⁶
941 2278 1064 2345 quia
1094 2276 1251 2334 Jcsus
1277 2278 1525 2332 Christus
1557 2278 1668 2347 ipse
1694 2278 1782 2348 qui

212 2370 371 2435 venit,
413 2380 542 2424 ante
583 2386 799 2425 omnem
832 2382 1140 2426 creaturam
1196 2382 1353 2427 natus
1381 2388 1446 2427 ex
1486 2372 1645 2427 Patre
1680 2381 1782 2426 est.

210 2459 301 2524 Qui
321 2476 441 2512 cum
460 2461 514 2514 in
531 2462 773 2516 omnium
790 2462 1095 2517 conditione
1112 2462 1252 2517 Patri
1275 2462 1631 2519 ministrasset
1649 2464 1782 2533 (i8),

213 2566 233 2599 ι
280 2564 373 2617 per
434 2550 611 2618 ipsum
670 2550 819 2605 enim
876 2550 1053 2604 omnia
1129 2549 1270 2603 facta
1317 2560 1445 2602 sunt
1473 2549 1515 2613 ⁷,
1553 2566 1573 2601 ι
1608 2549 1786 2603 novis-

206 2640 350 2693 simis
383 2638 721 2706 temporibus
772 2639 1003 2708 seipsum
1044 2638 1364 2693 exinaniens
1411 2638 1569 2693 homo
1608 2637 1785 2693 factus

208 2727 516 2780 incarnatus
547 2738 631 2782 est
661 2726 772 2797 (49)
810 2743 932 2782 cum
968 2727 1109 2783 Deus
1133 2738 1296 2795 esset,
1330 2740 1382 2784 et
1410 2730 1570 2784 homo
1610 2727 1785 2784 factus

207 2818 395 2871 mansit
433 2817 580 2885 quod
634 2828 753 2873 erat
808 2820 969 2874 Deus.
1017 2819 1223 2889 Corpus
1273 2821 1565 2889 assumpsit
1598 2828 1785 2876 nostro

206 2911 412 2978 corpori
445 2911 646 2976 simile,
675 2925 741 2965 eo
766 2911 879 2966 solo
907 2910 1163 2968 differens
1187 2913 1328 2981 quod
1360 2921 1542 2966 natum
1569 2928 1635 2968 ex
1663 2913 1786 2967 Vir-

207 3004 325 3072 gine
368 3012 423 3057 et
463 3002 672 3071 Spiritu
707 3014 895 3059 saneto
929 3014 1030 3060 est.
1082 3004 1147 3058 Et.
1180 3006 1437 3075 quoniam
1493 3006 1582 3061 hic
1629 3004 1786 3062 Jesus

208 3094 449 3147 Christus
481 3100 646 3147 natus
672 3102 725 3147 et
749 3108 941 3161 passus
976 3102 1057 3148 est
1096 3095 1147 3148 in
1178 3094 1429 3160 veritate,
1465 3106 1519 3150 et
1554 3110 1657 3151 non
1688 3111 1787 3165 per

210 3184 548 3254 phantasiam
571 3200 914 3240 communem
947 3187 1087 3241 hanc
1112 3195 1339 3241 mortem
1366 3188 1623 3242 sustinuit
1647 3189 1781 3260 (50).

210 3292 328 3332 vere
362 3286 649 3340 mortuus;
686 3290 811 3330 vere
843 3277 987 3331 enim
1038 3293 1066 3331 a
1108 3277 1333 3332 mortuis
1384 3280 1701 3346 resurrexit,
1729 3290 1785 3335 et

210 3379 321 3438 post
345 3369 798 3424 resurrectionem
829 3378 1180 3424 conversatus
1202 3385 1322 3424 cum
1350 3370 1625 3440 discipulis
1648 3372 1783 3437 suis,

213 3473 509 3529 assumptus
544 3472 647 3516 est.
683 3461 818 3515 Tum
849 3462 1039 3516 deinde
1071 3464 1280 3518 honore
1306 3479 1367 3518 ac
1396 3464 1655 3533 dignitate
1687 3464 1780 3520 Pas

214 3555 274 3607 tri
294 3570 355 3609 ac
380 3554 521 3610 Filio
550 3556 813 3609 sociatum
842 3556 1180 3608 tradiderunt
1202 3554 1463 3624 Spiritum
1485 3558 1787 3611 sanctum“.

215 3645 263 3699 In
294 3648 393 3701 hoc
426 3662 536 3700 non
563 3646 677 3713 jam
722 3646 1004 3702 manifeste
1034 3648 1379 3713 discernitur,
1414 3658 1591 3703 utrum
1635 3659 1795 3704 natus

212 3753 272 3790 an
303 3739 518 3792 innatus
549 3738 661 3807 (51)
690 3738 772 3793 vel
803 3738 969 3793 Filius
1000 3740 1165 3794 etiam
1212 3738 1303 3794 Dei
1357 3740 1473 3810 ipse
1519 3741 1798 3796 habendus

278 3859 298 3889 ⁸
318 3858 437 3942 vide
463 3856 780 3942 Originum.
822 3856 857 3911 Ι.
883 3873 947 3942 tt,
976 3873 1029 3927 q.
1055 3859 1109 3913 2.

216 3928 352 3981 nian.
381 3929 414 3981 Ι.
442 3944 505 3992 ιι,
533 3944 589 3997 (ις.
615 3928 667 3991 7,
703 3942 852 3981 nunt.
881 3928 915 3980 5

1187 3858 1206 3888 ⁷
1230 3858 1388 3915 Joan.
1414 3875 1451 3926 ι,
1475 3860 1530 3915 5.

277 4047 386 4116 (Π)
423 4046 556 4099 Cum
588 4045 901 4116 nihil‘esset,
931 4060 1041 4099 esse
1064 4043 1183 4111 fecit
1211 4044 1471 4116 universa.
1502 4041 1576 4095 Ita
1600 4058 1787 4100 omnes

212 4113 336 4171 nis's.
371 4117 586 4170 Merlin.
622 4125 677 4170 et
700 4113 930 4180 Geneb.,
970 4132 989 4165 ι
1031 4128 1094 4167 ex
1148 4113 1304 4167 nullis
1351 4114 1478 4168 fecit
1514 4127 1633 4168 esse
1667 4116 1789 4169 uui-

212 4202 385 4240 versa.
416 4206 435 4237 ι

276 4256 388 4323 (58)
422 4255 671 4321 Quicum
726 4257 779 4307 in
824 4253 1052 4323 omnium
1104 4253 1400 4307 conditione
1436 4250 1593 4307 Patri
1631 4255 1788 4308 miri-

211 4322 440 4380 strnsset.
468 4326 584 4379 Non
619 4327 809 4379 desunt
842 4322 1083 4390 exempla
1114 4323 1439 4377 locutionum
1472 4324 1666 4390 quibus
1696 4324 1785 4378 Fi-

212 4396 307 4449 lius
348 4406 476 4449 ante
524 4396 948 4449 incarnationem
1007 4393 1203 4446 dicitur
1257 4393 1369 4447 Deo
1425 4392 1569 4446 Patri
1624 4395 1784 4448 mini-

211 4480 427 4527 strasse,
464 4481 574 4519 non
625 4466 781 4518 modo
809 4465 861 4516 in
896 4464 960 4516 iis
997 4462 1085 4530 qui
1121 4471 1245 4517 ante
1288 4463 1473 4515 Arium
1508 4464 1780 4528 vixerunt,

1617 3861 1638 3891 ⁸
1664 3859 1781 3915 vide
1809 3859 2122 3929 Origenian.
2145 3859 2181 3913 l.
2208 3873 2270 3925 tt,
2297 3873 2351 3928 q.
2374 3858 2431 3912 ‘2.

1890 624 1956 678 de
1988 639 2139 679 sacra
2176 622 2471 691 Scriptura,
2502 630 2554 675 et
2596 619 2770 689 sagaci
2809 614 3199 687 perquisitione
3244 608 3467 664 investi—

1890 716 2078 787 ganda.
2110 715 2250 770 Sane
2282 714 2422 783 quod
2456 714 2555 767 istc
2591 710 2822 781 Spiritus
2854 716 3292 774 unumquemque
3340 716 3465 753 san-

1888 819 2118 871 ctorum,
2146 807 2224 861 vel
2261 807 2668 876 prophetarum,
2697 803 2778 857 vel
2825 799 3191 872 apostolorum
3234 793 3466 861 inspira-

1888 901 2024 954 verit
2058 899 2191 965 (5‘2),
2222 908 2407 953 etnon
2439 896 2573 952 alius
2622 896 2858 967 Spiritus
2910 895 2961 947 in
2996 892 3286 952 veteribus,
3328 887 3473 940 alius

1890 1007 2018 1046 vero
2057 991 2108 1045 in
2149 992 2232 1045 his
2270 991 2358 1060 qui
2400 992 2453 1045 in
2490 990 2720 1044 adventu
2765 984 2966 1043 Christi
3016 982 3262 1051 inspirati
3312 987 3463 1042 sunt,

1889 1070 2531 1149 fuerit,manife$tissime
2560 1082 2613 1136 in
2649 1078 2907 1135 Ecclesiis
2940 1076 3285 1146 praedicatur.

1958 1177 2010 1232 5.
2036 1175 2161 1231 Post
2196 1176 2307 1230 haec
2333 1175 2441 1244 jam
2472 1177 2611 1244 quod
2647 1174 2825 1227 anima
2872 1167 3229 1223 substantiam
3263 1162 3464 1218 vitam-

1886 1282 1991 1339 que
2022 1268 2227 1323 habens
2258 1265 2549 1336 propriam,
2578 1280 2698 1320 eum
2730 1278 2795 1319 ex
2832 1263 2935 1317 hoc
2970 1259 3168 1315 mundo
3200 1258 3462 1313 discesse-

1888 1360 1977 1425 rit,
2005 1376 2102 1429 pro
2124 1359 2239 1415 suis
2272 1359 2479 1413 meritis
2510 1356 2929 1426 dispensahitur,
2960 1353 3072 1407 sive
3098 1352 3219 1405 vita:
3245 1359 3462 1403 aeternae

1887 1468 1952 1507 ac
1982 1450 2327 1506 beatitudinis
2376 1449 2686 1504 haereditate
2726 1447 2983 1514 potitura,
3034 1443 3078 1497 si
3129 1442 3231 1497 hoc
3277 1441 3325 1495 ei
3365 1454 3461 1494 sua

1886 1555 2031 1613 gesta
2080 1542 2457 1612 praestiterint;
2508 1542 2623 1595 sive
2669 1539 2777 1607 igni
2823 1547 3027 1592 aeterno
3072 1550 3136 1589 ac
3186 1531 3463 1602 suppliciis

1887 1636 2265 1704 mancipanda,
2291 1635 2333 1689 si
2366 1635 2418 1688 in
2456 1634 2557 1689 hoc
2584 1647 2701 1686 eam
2738 1630 3001 1685 scelerum
3037 1626 3190 1695 culpa
3222 1626 3469 1679 detorse-

1887 1728 1988 1794 rit;
2025 1728 2118 1782 sed
2154 1736 2207 1783 et
2234 1726 2360 1796 quia
2400 1727 2503 1780 erit
2546 1734 2755 1793 tempus
2786 1720 3196 1777 resurrectionis
3228 1726 3463 1771 mortuo-

1887 1837 2029 1886 rum,
2064 1835 2185 1875 cum
2231 1835 2426 1889 corpus
2478 1819 2579 1873 hoc
2613 1816 2755 1887 quod
2801 1829 2941 1869 nunc
2977 1832 2994 1864 ‹
3032 1812 3085 1866 ἱιι
3117 1808 3465 1876 corruptione

1887 1911 2206 1975 seminatur,
2229 1920 2412 1980 surget
2454 1909 2507 1973 in
2549 1908 2988 1976 incorruptione;
3020 1923 3038 1955 ι
3069 1912 3123 1958 et
3151 1902 3295 1972 quod
3330 1920 3347 1953 ί
3378 1914 3463 1954 se-

1886 2007 2121 2060 minatur
2158 2005 2209 2059 in
2263 2002 2578 2074 ignominia,
2616 1984 2799 2069 surget
2857 1998 2910 2051 in
2963 1995 3129 2066 gloria
3154 1996 3198 2049 ’.
3233 2013 3252 2047 ι
3289 1994 3380 2048 Est
3411 2001 3470 2048 et

1886 2097 2013 2152 illud
2055 2096 2331 2152 deﬁnitum
2374 2094 2428 2147 in
2479 2091 2848 2147 ecclesiastica
2900 2084 3299 2155 praedicatione,
3347 2098 3465 2137 om-

1887 2202 2007 2242 nem
2040 2187 2273 2241 animam
2306 2182 2675 2238 rationabilem
2704 2194 2825 2235 esse
2855 2177 3010 2232 liberi
3042 2176 3255 2232 arbitrii
3285 2184 3337 2230 et
3366 2189 3465 2228 vo-

1887 2277 2146 2344 luntatis;
2175 2290 2294 2331 esse
2324 2288 2537 2344 quoque
2578 2272 2625 2327 ei
2668 2279 2941 2325 certamen
2988 2269 3249 2322 adversus
3278 2265 3465 2319 diabo-

1886 2369 1996 2425 lutu
2032 2378 2085 2424 et
2124 2369 2344 2439 angelos
2376 2366 2513 2435 ejus,
2556 2363 2963 2431 contrariasque
3012 2360 3260 2422 virtutes,
3295 2372 3357 2410 ex
3397 2370 3465 2411 eo

1886 2461 2029 2529 quod
2059 2459 2135 2513 illi
2168 2457 2401 2528 peccatis
2427 2472 2544 2511 eam
2573 2467 2799 2508 onerare
2828 2452 3179 2515 contendant,
3212 2465 3306 2504 nos
3335 2462 3464 2503 vero

1887 2554 1929 2610 si
1965 2562 2111 2608 recte
2151 2551 2503 2620 consulteque
2543 2548 2806 2609 vivamus,
2849 2545 2914 2600 ab
2952 2540 3259 2613 huiusmodi
3295 2557 3463 2597 onere

1887 2643 2000 2714 (53)
2030 2659 2127 2699 nos
2174 2656 2375 2696 exuere
2423 2654 2696 2696 conemur.
2738 2637 2890 2693 Unde
2921 2645 2975 2690 et
3015 2649 3350 2703 consequens
3380 2641 3465 2687 est

1887 2736 2186 2805 intelligere
2214 2733 2281 2798 η,
2316 2748 2420 2787 non
2458 2747 2554 2786 nos
2578 2729 2888 2785 necessitati
2934 2740 3052 2781 esse
3082 2724 3371 2793 subjectos,
3404 2733 3463 2777 ut

1886 2826 2215 2893 omnimodo,
2244 2825 2456 2883 etiamsi
2481 2824 2733 2886 nolimus,
2758 2823 2839 2877 vel
2864 2819 2999 2874 mala
3027 2820 3108 2873 vel
3133 2821 3271 2874 bona
3302 2833 3463 2887 agere

1885 2934 2162 2989 cegamur.
2195 2917 2252 2972 Si
2286 2917 2429 2971 enim
2456 2917 2626 2969 nostri
2658 2915 2869 2971 arbitrii
2906 2930 3114 2978 sumus,
3145 2914 3463 2982 impugnare

1887 3025 1985 3064 nos
2017 3008 2245 3064 fortasse
2290 3016 2514 3076 possunt
2539 3005 2652 3078 (54)
2681 3005 2875 3076 aliqua:
2922 3007 3148 3060 virtutes
3180 3004 3244 3059 ad
3277 3019 3466 3073 pecca-

1887 3107 2023 3167 tum,
2050 3108 2103 3153 et
2133 3098 2252 3151 alia:
2283 3096 2470 3165 juvare
2498 3096 2564 3151 ad
2593 3096 2816 3151 salutem
2844 3114 2859 3162 ;
2916 3110 3020 3149 non
3065 3105 3241 3150 tamen
3277 3110 3464 3149 neces-

1889 3191 2049 3245 sitate
2077 3188 2322 3260 cogimur
2353 3187 2436 3241 vel
2467 3202 2627 3257 agere
2655 3196 2822 3250 recte,
2850 3184 2932 3238 vel
2966 3184 3105 3239 male
3131 3200 3145 3239 :
3178 3186 3320 3253 quod
3347 3185 3461 3237 fieri

1891 3282 2225 3337 arbitrantur
2257 3280 2308 3335 hi
2351 3279 2442 3350 qui
2481 3278 2752 3335 stellarum
2784 3290 3001 3331 cursum
3041 3285 3094 3330 et
3126 3284 3304 3331 motus
3335 3290 3463 3329 cau-

1891 3388 2006 3428 sam
2040 3372 2224 3428 dicunt
2255 3372 2611 3425 humanorum
2646 3384 2765 3424 esse
2801 3377 3096 3439 gestorum,
3144 3382 3251 3421 non
3291 3366 3460 3421 solum

1893 3479 2079 3520 eorum
2107 3479 2225 3533 quae
2250 3472 2404 3516 extra
2433 3460 2640 3516 arbitrii
2672 3461 2919 3514 accidunt
2948 3459 3269 3523 libertatein,
3294 3458 3387 3512 sed
3412 3468 3462 3511 et

1897 3571 2083 3612 eorum
2104 3570 2223 3625 qua:
2246 3556 2298 3609 in
2323 3562 2503 3608 nostra
2528 3562 2651 3607 sunt
2676 3553 2845 3623 posita
2870 3558 3153 3621 potestate.
3183 3549 3256 3603 De
3285 3549 3461 3601 anima

1900 3661 2029 3703 vero
2053 3657 2233 3702 utrum
2267 3661 2329 3701 ex
2368 3645 2591 3702 seminis
2624 3645 2844 3699 traduce
2872 3644 2983 3715 (55)
3026 3643 3269 3706 ducatur,
3304 3640 3376 3695 ita
3408 3650 3465 3693 ιιι

1906 3741 2044 3797 ratio
2086 3740 2254 3811 ipsius
2301 3739 2381 3795 vel
2430 3738 2725 3794 substantia
2757 3739 2954 3792 inserta
2999 3736 3128 3804 ipsis
3171 3734 3464 3790 seminibus

2518 3860 2539 3890 ⁹
2562 3856 2583 3911 l
2604 3856 2728 3913 Cor.
2758 3871 2845 3922 xv,
2872 3855 2965 3921 42,
3052 3855 3106 3923 3'
3132 3853 3249 3909 vide
3274 3854 3463 3925 Orige—

1888 4052 1998 4097 tate
2023 4050 2076 4096 et
2102 4043 2306 4097 honore
2338 4052 2470 4115 post
2505 4042 2717 4099 Patrem
2743 4052 2797 4096 et
2828 4044 3022 4098 Filium
3056 4046 3251 4102 asserit
3292 4045 3463 4115 Spiri-

1887 4122 1998 4184 tum
2023 4114 2386 4184 sanetum,qu
2409 4129 2513 4181 quo
2550 4129 2670 4168 cum
2718 4115 2968 4184 ignorare
3014 4131 3075 4170 se
3106 4117 3253 4171 dicat
3280 4114 3460 4171 utrum

1884 4182 2057 4257 factus
2087 4182 2157 4238 sit
2197 4199 2264 4237 an
2307 4182 2567 4257 infectus,
2604 4184 2654 4257 in
2702 4182 3086 4257 posterioribus
3116 4186 3245 4254 quid
3268 4186 3354 4257 ide
3396 4200 3465 4241 eo

1884 4253 2110 4306 sentiret
2139 4255 2402 4321 expressit
2439 4253 2569 4322 nihil
2607 4254 2809 4322 absque
2853 4254 2964 4309 Deo
3000 4253 3159 4310 Patre
3201 4256 3461 4312 infectum

1882 4337 2004 4377 esse
2048 4323 2394 4395 confirmans.
2441 4342 2459 4374 ι
2504 4321 2738 4395 Legebat
2790 4323 3043 4377 nimirum
3103 4325 3462 4395 Hieronymus

1880 4392 2103 4475 γεγητὸς
2152 4392 2184 4462 ἣ
2228 4393 2511 4475 ἔγέγητος.
2537 4393 2787 4475 ’Βιρὶιιυε
2814 4392 3375 4475 ,θεοιιιι-θ,υχεννηιέὺς
3404 4398 3463 4475 ’ἢ

1878 4462 2200 4534 ἀγέννηντος.
2226 4462 2423 4534 Deliis
2464 4465 2582 4516 vide
2613 4462 3044 4534 Origenianorum
3079 4464 3169 4518 lib.
3225 4462 3285 4529 tt,
3313 4481 3367 4534 q.
3402 4462 3458 4529 2,

210 4532 640 4608 Justinonempe
668 4542 928 4608 martyre,
959 4531 1643 4608 TheophiloAntiocheno,
1674 4533 1781 4608 lre-
1811 4547 1860 4608 ι)
1888 4548 2032 4586 num.
2059 4531 2148 4608 2i,
2175 4532 2266 4595 22,
2300 4532 2369 4586 25
2398 4542 2451 4608 et
2486 4534 2574 4588 24.
2601 4531 2953 4608 Quo'dautem
2984 4533 3068 4587 his
3095 4534 3270 4608 verbis
3291 4531 3462 4608 funa—

213 4622 346 4668 nrr'o,
372 4601 655 4659 Clemente
684 4601 1071 4664 Alexandrino,
1102 4601 1453 4667 Tertulliano,
1496 4612 1551 4654 et
1583 4603 1634 4657 in
1668 4604 1783 4671 epi-

211 4676 341 4728 stola
379 4690 471 4728 sex
517 4675 893 4741 episcoporum
946 4673 1011 4724 ad
1054 4672 1275 4725 Paulum
1327 4671 1779 4739 Samosatenutn;

213 4747 299 4798 sed
327 4754 381 4799 et
410 4745 464 4797 in
506 4746 614 4800 illis
640 4745 731 4811 qui
774 4752 897 4811 post
942 4752 1184 4811 exortam
1233 4742 1489 4811 Arianam
1533 4742 1781 4797 haeresim

213 4816 495 4881 scripsere,
526 4830 579 4866 ν.
616 4809 669 4882 g.
707 4813 758 4866 in
780 4809 999 4865 Hilario
1030 4809 1120 4865 lib.
1158 4828 1215 4866 ιιι
1259 4811 1331 4864 De
1358 4809 1637 4882 Trinitate,
1668 4812 1781 4865 Ma-

214 4886 287 4937 rio
318 4883 597 4938 Victorino
629 4882 914 4955 hymno},
964 4891 1017 4934 et
1052 4882 1370 4955 Epiphanio.
1428 4881 1613 4955 Utru_t_n
1655 4896 1782 4955 vero

211 4954 463 5019 ejusmodi
501 4950 771 5008 locutione
814 4952 1072 5021 Origenes
1118 4953 1307 5006 doceat
1348 4966 1518 5006 necne
1546 4950 1779 5005 Verbum

215 5025 264 5075 in
329 5024 609 5077 creatione
668 5037 851 5075 rerum
920 5022 1263 5075 instrumenti
1330 5030 1537 5075 tantum
1598 5030 1781 5090 partes

214 5094 424 5159 abiisse,
463 5096 586 5147 vide
615 5091 1052 5160 Origenianorum
1086 5092 1176 5144 lilt.
1206 5106 1265 5155 ll,
1304 5105 1357 5159 q.
1388 5090 1442 5157 2,
1476 5107 1529 5145 n.
1564 5091 1651 5145 15.

280 5165 388 5233 (49)
421 5160 593 5233 Homo
639 5163 812 5229 [actus
850 5162 1154 5233 incarnatus
1199 5171 1295 5227 est,
1319 5170 1425 5233 etc.
1472 5162 1565 5215 Sic
1592 5173 1783 5216 omnes

215 5229 377 5297 mss;
400 5243 456 5285 at
495 5232 627 5289 libb.
659 5232 786 5285 editi
818 5249 831 5282 :
869 5249 886 5282 ι
923 5232 1090 5285 Homo
1125 5229 1299 5284 factus
1341 5232 1651 5286 incarnatus
1676 5240 1780 5296 est,

214 5317 325 5357 cum
360 5306 501 5357 Deus
526 5310 695 5365 esset,
725 5310 779 5354 et
807 5302 965 5355 homo
996 5303 1195 5355 mansit
1222 5302 1364 5368 quod
1407 5302 1547 5354 Deus
1583 5308 1719 5354 erat.
1755 5319 1774 5353 ι

279 5374 385 5439 (50)
418 5373 487 5426 Et
518 5388 623 5425 non
650 5387 746 5438 per
770 5371 1097 5437 phantasiam
1127 5386 1446 5424 communem
1478 5370 1612 5423 lianc
1645 5386 1783 5424 mor-

218 5453 305 5494 tem
333 5445 606 5503 sustinuit,
632 5451 739 5495 etc.
768 5442 859 5495 Sic
890 5455 1017 5494 mss.
1053 5440 1198 5494 Alias
1220 5455 1369 5510 vero,
1404 5458 1423 5491 ς
1455 5448 1508 5494 et
1548 5455 1783 5510 nonhper

218 5514 494 5582 imaginem
525 5512 803 5566 communi
851 5519 1023 5566 morte
1063 5524 1188 5563 vere
1232 5508 1474 5565 mortuus
1509 5520 1613 5565 est.
1646 5508 1784 5565 vere

218 5598 372 5648 enttn,
405 5602 424 5633 ι
459 5593 567 5636 etc.

281 5654 384 5719 (51)
415 5654 569 5718 Quod
598 5651 761 5705 vertit
793 5649 1016 5704 Ruﬁnus
1048 5668 1064 5700 ι
1100 5658 1259 5705 natus
1294 5665 1361 5703 an
1402 5649 1636 5717 innatus,
1668 5668 1686 5701 ι
1714 5649 1782 5705 ab

220 5720 533 5792 Hieronymo
574 5724 739 5791 epist.
764 5721 854 5792 94.
876 5720 1006 5774 alias
1037 5719 1222 5792 59,7ad
1258 5720 1491 5792 Avitum,
1517 5719 1780 5792 redditum

219 5803 307 5853 est,
342 5811 360 5843 ι
402 5790 721 5860 lacutnam
760 5790 1007 5846 infectus.
1064 5808 1084 5841 ι
1130 5791 1353 5845 Errores
1403 5791 1601 5860 quippe
1658 5790 1778 5843 libri

220 5861 355 5928 primi
384 5863 523 5931 Περὶ
562 5858 771 5930 ἀρχῶν
802 5875 1082 5917 recensens
1113 5861 1183 5917 ait
1218 5878 1233 5915 :
1269 5879 1287 5913 ι
1322 5858 1560 5916 Tertium
1590 5860 1777 5931 digni-

1889 4612 1973 4655 tus
2003 4617 2069 4654 an
2104 4603 2341 4668 innatus,
2381 4621 2398 4653 ι
2432 4604 2659 4657 iu-textu
2688 4602 3091 4670 suhjunxitnus.
3125 4621 3144 4654 ‹
3181 4604 3262 4656 vel
3291 4603 3462 4661 Filius

1884 4672 2045 4724 etiam
2078 4671 2169 4724 Dei
2202 4672 2315 4739 ipse
2344 4672 2621 4726 habendus
2663 4673 2734 4725 sit
2780 4686 2972 4736 necne,
3011 4690 3027 4722 ι
3069 4672 3119 4727 id
3148 4673 3361 4739 quidem
3407 4676 3459 4729 in

1885 4752 2043 4794 antea
2072 4740 2232 4795 editis
2261 4741 2409 4795 libris
2437 4742 2794 4805 desideratur,
2827 4741 2920 4796 sed
2957 4742 3007 4794 in
3035 4742 3290 4798 omnibus
3326 4760 3457 4800 mss.

1883 4813 2171 4881 reperitur.

1955 4881 2065 4949 (52)
2112 4878 2476 4951 Inspiraverit.
2522 4881 2613 4936 Sic
2654 4894 2787 4934 mss.
2837 4881 3007 4943 Alias,
3043 4900 3060 4932 ι
3097 4880 3398 4951 inspiravit.
3436 4903 3454 4936 ι

1881 4950 2049 5004 Paulo
2074 4950 2373 5019 postmss.,
2410 4969 2427 5001 ι
2466 4951 2712 5020 iuspirati
2743 4959 2883 5016 sunt,
2918 4951 3101 5014 fuerit,
3132 4950 3459 5010 manifestis-

1883 5021 2039 5085 sime,
2077 5040 2094 5073 ι
2128 5032 2235 5077 etc.
2266 5023 2322 5076 ln
2351 5033 2508 5076 antea
2535 5020 2698 5075 editis
2726 5021 2879 5075 deest
2908 5039 2926 5073 ι
2964 5020 3145 5078 fuerit.
3178 5042 3197 5075 ι

1956 5090 2065 5159 (55)
2100 5090 2208 5145 Vox
2246 5110 2265 5146 ι
2300 5107 2467 5146 onere
2494 5111 2512 5143 ι
2545 5092 2695 5147 deest
2722 5092 2860 5160 apud
2896 5091 3178 5145 Merlinum
3208 5102 3263 5147 et
3290 5092 3462 5150 Gene-

1884 5160 2161 5235 brardum,
2186 5163 2276 5235 sed
2300 5162 2571 5235 reperitur
2600 5162 2653 5215 in
2678 5161 2929 5235 Apologia
2964 5160 3224 5230 Pamphili
3258 5164 3310 5216 in
3350 5180 3456 5235 qua

1885 5231 1972 5301 hic
2008 5230 2157 5286 locus
2185 5230 2491 5288 exhibetur.
2523 5232 2581 5286 In
2610 5246 2741 5287 mss.
2782 5233 2881 5286 hoc
2906 5230 3026 5287 loco
3062 5247 3160 5301 pro
3188 5252 3207 5285 r
3236 5230 3401 5288 onere
3432 5254 3453 5288 ι

1884 5300 2079 5369 legitur
2113 5319 2131 5351 ι
2170 5302 2308 5357 labe.
2344 5322 2362 5354 ι

1954 5370 2065 5441 (54)
2095 5370 2411 5442 [inpugnare
2432 5388 2523 5426 nos
2556 5371 2777 5441 fortasse
2815 5383 3053 5442 possunt.
3088 5373 3180 5427 Sic
3206 5371 3258 5425 itt
3286 5376 3460 5429 omni-

1885 5440 1984 5512 bus
2015 5440 2208 5511 legitur
2236 5440 2366 5496 mss.
2391 5454 2445 5495 et
2475 5443 2527 5496 in
2556 5443 2808 5512 Apologia
2833 5441 3130 5509 Pamphili;
3156 5445 3294 5512 apud
3329 5443 3462 5497 Mer-

1886 5509 2229 5567 linum'vero
2276 5522 2342 5584 et
2378 5509 2803 5578 Genebrarduin,
2852 5531 2870 5563 ι
2930 5509 3203 5584 instigare
3232 5512 3460 5569 fortasse

1883 5592 2129 5650 possunt.
2168 5603 2185 5635 ι
2221 5583 2384 5638 Paulo
2414 5593 2533 5651 post
2560 5599 2711 5650 mss.,
2738 5602 2757 5634 ‹
2797 5597 2902 5651 non
2948 5583 3117 5637 solum
3154 5598 3454 5638 eoruin.....

1884 5651 1976 5704 sed
2009 5660 2062 5705 et
2091 5668 2301 5708 eorum.
2344 5673 2363 5706 ι
2402 5650 2660 5709 Merlinus
2693 5664 2749 5708 et
2780 5650 3137 5718 Genehrard.,
3169 5671 3187 5703 ι
3228 5669 3333 5708 non
3366 5670 3456 5708 eo-

1884 5735 2095 5775 rum....
2122 5724 2216 5777 sed
2242 5738 2451 5779 eorum.
2484 5744 2503 5777 ι

1956 5791 2069 5863 (55)
2101 5791 2321 5848 Seminis
2350 5796 2586 5849 traduce.
2623 5793 2712 5849 Sic
2761 5808 2948 5849 omnes
2991 5807 3148 5861 mss.,
3179 5790 3300 5848 libri
3331 5809 3456 5847 vero

1885 5862 2036 5932 editi,
2074 5882 2091 5914 ι
2125 5865 2327 5919 semine
2358 5865 2617 5923 traducis.
2656 5883 2673 5917 ι
2706 5864 2844 5920 infra
2875 5880 3030 5931 mss.,
3069 5884 3085 5917 ι
3120 5864 3457 5919 extrinsecus
