4064 6414
588 356 693 412 H9

1858 370 2177 430 ORIGENIS
2198 375 2631 448 ΔιιιεΡιιΑΡΧιιικι

3708 394 3799 453 120

581 474 956 543 corporalibus
986 479 1352 546 habeatur,an
1382 498 1508 539 vero
1534 484 1676 541 aliud
1696 486 1888 545 habeat
1915 492 2156 548 initium:
2189 498 2237 556 Α
2267 496 2433 553 libros
2469 498 2865 557 ecclesiasticos
2898 516 3001 556 nou
3044 502 3308 568 trahetur;
3345 511 3399 559 et
3437 510 3798 566 ostendendum

577 573 633 620 et
675 567 775 621 hoc
816 568 986 636 ipsum
1017 571 1224 625 initium
1265 573 1309 626 si
1348 575 1585 644 genitum
1615 585 1717 643 est,
1743 590 1834 633 aut
1874 598 1978 637 non
2004 585 2153 653 geni-

578 666 688 711 tum
725 676 738 713 :
771 660 852 714 vel
885 672 1032 715 certe
1058 664 1101 716 si
1133 665 1472 722 extrinsecus
1505 672 1717 737 corpori
1771 673 1992 739 inditur,
2022 692 2147 730 uec-

575 762 681 801 ne:
712 763 815 803 non
861 751 995 805 satis
1037 753 1315 808 manifesta
1359 760 1744 826 praedicatione
1778 762 2146 835 distinguitur.

645 842 698 896 6.
731 840 803 894 De
834 841 1047 896 diabolo
1078 852 1130 897 et
1157 845 1360 914 angelis
1395 848 1512 919 ejus
1546 854 1942 923 contrariisque
1973 858 2146 913 virtu-

572 929 714 983 tibus
745 931 1108 988 ecclesiastica
1145 937 1461 1004 praedicatio
1495 944 1696 1009 docuit,
1728 947 1981 1014 quoniam
2020 960 2147 1003 sunt

568 1020 782 1086 quidem
827 1020 941 1077 haec
972 1023 1119 1093 (56);
1157 1041 1277 1095 qua:
1341 1040 1521 1086 autem
1574 1034 1704 1100 sint,
1740 1048 1832 1091 aut
1875 1040 2145 1105 quomodo

564 1111 694 1171 sint.
729 1128 831 1166 non
865 1116 995 1171 satis
1029 1117 1172 1174 clare
1201 1125 1470 1192 exposuit.
1503 1128 1655 1195 Apud
1681 1128 1937 1196 plurimos
1966 1140 2140 1188 tamen

567 1204 664 1255 ista
706 1206 935 1261 habetur
968 1212 1169 1280 opinio,
1203 1214 1345 1283 quod
1370 1217 1596 1285 angelus
1628 1218 1793 1275 fuerit
1825 1222 1924 1277 iste
1950 1223 2142 1279 ἀίει)οα

564 1294 668 1359 lus,
704 1307 757 1351 et
790 1308 1030 1366 apostata
1080 1303 1307 1360 eﬂ’ectus
1357 1309 1784 1378 quamplurimas
1828 1315 2138 1381 angelorum

561 1400 741 1440 secum
780 1392 1053 1448 declinare
1080 1396 1434 1462 persuaserit,
1460 1398 1550 1467 qui
1577 1409 1631 1453 et
1673 1416 1815 1455 nunc
1849 1417 2015 1472 usque
2044 1420 2140 1459 an-

560 1478 661 1547 geli
696 1468 863 1548 ipSius
894 1497 1296 1554 nuncupantur.

632 1570 683 1622 7.
721 1571 814 1626 Est
848 1584 1105 1643 prazterea
1146 1588 1199 1631 et
1231 1579 1355 1633 illud
1395 1579 1445 1633 in
1472 1570 1840 1640 ecclesiastica
1877 1588 2137 1654 praedica-

561 1661 726 1726 tione,
763 1668 902 1732 quod
932 1667 1042 1737 (57)
1080 1672 1311 1726 mundus
1342 1674 1442 1727 iste
1470 1673 1642 1729 factus
1691 1678 1779 1742 sit,
1817 1688 1873 1732 et
1914 1695 1940 1731 a
1982 1690 2134 1734 certo
2175 1726 2187 1735 .

559 1761 800 1821 tempore
827 1761 1073 1827 conperit,
1098 1772 1151 1814 et
1178 1764 1249 1817 sit
1277 1779 1372 1832 pro
1405 1764 1514 1834 ipsa
1548 1768 1629 1821 sui
1657 1770 2000 1838 corruptione
2027 1771 2133 1826 sol-

553 1844 778 1902 rendus.
805 1846 941 1912 Quid
970 1858 1147 1905 tamen
1192 1862 1315 1908 ante
1354 1859 1496 1912 hunc
1544 1862 1799 1912 mundum
1826 1859 2007 1925 fuerit,
2040 1870 2132 1915 aut

552 1937 681 2006 quid
715 1949 831 2006 post
863 1944 1119 1997 mttttdum
1144 1945 1265 2010 erit,
1291 1944 1400 2013 jam
1428 1963 1532 2001 non
1564 1964 1661 2016 pro
1690 1950 1972 2005 manifesto
1999 1953 2132 2006 mul-

551 2028 620 2082 tis
643 2028 893 2084 innotuit.
927 2031 1040 2086 Non
1070 2034 1209 2088 enim
1234 2038 1454 2094 evidens
1486 2040 1599 2109 (58)
1628 2041 1695 2094 de
1745 2041 1826 2097 his
1870 2042 1922 2096 in
1955 2044 2130 2098 eccle-

550 2118 766 2173 siastica
800 2124 1177 2179 praedicatione
1207 2142 1385 2181 sermo
1417 2129 1713 2198 profertur.

620 2211 673 2266 8.
703 2212 836 2265 Tum
872 2215 1083 2268 demum
1118 2218 1257 2284 quod
1289 2234 1382 2289 per
1420 2218 1677 2289 Spiritqu
1710 2223 1804 2277 Dei
1837 2222 2139 2301 Scriptura;

549 2307 868 2374 conscripta:
907 2309 1013 2362 sint
1053 2320 1105 2364 et
1147 2324 1361 2365 sensum
1400 2313 1666 2380 habeant,
1711 2330 1815 2370 non
1860 2332 1982 2372 eum
2040 2333 2128 2373 so-

546 2396 656 2448 lum
690 2401 779 2467 qui
840 2402 891 2454 in
938 2405 1224 2461 manifesto
1273 2416 1376 2471 est,
1410 2408 1504 2461 sed
1551 2416 1605 2460 et
1652 2406 1814 2462 alium
1838 2410 2126 2477 quemdam

546 2492 800 2547 latentem
832 2497 1275 2566 quamplurimas.
1306 2498 1513 2553 Forma“:
1542 2499 1684 2554 enim
1714 2509 1838 2554 sunt
1866 2500 1979 2557 haec
2007 2517 2127 2571 qua:

546 2584 813 2653 descripta
846 2598 970 2642 sunt
996 2588 1106 2660 49
1133 2602 1600 2648 sacramentorum
1652 2593 2030 2659 quorumdam,
2074 2601 2128 2648 et

544 2673 848 2731 divinarum
884 2694 1059 2734 rerum
1090 2682 1350 2751 imagines
1386 2682 1521 2754 (59).
1558 2684 1632 2739 De
1673 2702 1781 2755 quo
1821 2685 1985 2740 totius
2019 2684 2124 2740 Ec-

544 2768 723 2823 clesiae
754 2786 855 2823 una
885 2774 1153 2831 sententia
1189 2784 1275 2830 est
1305 2776 1438 2846 (60),
1474 2792 1595 2833 esse
1640 2779 1856 2847 quidem
1904 2794 2123 2834 omnem

544 2860 714 2930 legem
767 2863 1097 2931 spiritalem;
1152 2882 1257 2921 non
1308 2878 1488 2923 tamen
1542 2885 1603 2925 ea
1645 2886 1765 2939 qua:
1808 2872 1981 2941 Spirat
2016 2872 2122 2938 lex,

541 2966 660 3008 esse
689 2955 937 3009 onmibus
966 2966 1113 3021 uota,
1144 2959 1245 3013 nisi
1282 2960 1364 3014 his
1392 2961 1521 3015 solis
1558 2962 1752 3029 quibus
1787 2964 1960 3031 gratia
1995 2963 2123 3031 Spi-

541 3042 677 3098 ritus
709 3046 881 3099 sancti
932 3046 984 3101 in
1023 3048 1184 3103 verbo
1213 3050 1493 3118 sapientiae
1539 3067 1603 3105 ac
1653 3053 1895 3107 scientiae
1926 3056 2126 3109 condo-

542 3142 722 3187 ttatttr.
758 3135 1061 3211 Appellatio
1091 3148 1269 3194 autem
1306 3141 1622 3211 ἀσωμάτου,
1658 3143 1707 3195 id
1751 3154 1833 3198 est
1869 3145 2121 3215 incorpo-

2253 588 2379 656 quia
2411 603 2584 656 neque
2613 587 2758 644 Petri
2789 598 2869 646 est
2906 592 3017 661 ipsa
3066 595 3351 661 scriptura,
3380 598 3560 667 (neque
3596 602 3800 660 alterius

2253 677 2567 745 cujusquam
2605 680 2694 747 qui
2721 679 2925 750 Spiritu
2981 682 3073 736 Dei
3102 683 3262 737 fuerit
3303 687 3608 755 inspiratus.
3656 692 3799 757 Quod

2250 770 2462 825 etiamsi
2502 771 2677 839 ipsum
2718 774 3125 841 concederetur,
3170 791 3276 830 non
3327 778 3466 831 idem
3514 795 3691 835 sensus
3734 784 3800 843 ibi

2248 874 2313 913 ex
2344 859 2448 913 isto
2479 874 2731 915 sermone
2772 861 3061 932 ἀσωμάτου
3109 864 3405 929 indicatur,
3434 870 3517 935 qui
3547 884 3575 922 a
3612 870 3803 928 Graecis

2247 958 2303 1005 et
2331 949 2618 1019 gentilibus
2646 951 2757 1023 (62)
2784 954 3095 1007 auctoribus
3132 956 3451 1022 ostenditur,
3479 975 3593 1014 cum
3632 963 3692 1016 de
3726 964 3803 1017 in-

2245 1055 2507 1109 corporea
2566 1052 2758 1096 natura
2807 1058 2836 1096 a
2887 1043 3221 1114 philosophis
3263 1047 3577 1115 disputatur.
3613 1048 3665 1104 In
3709 1053 3803 1108 hoc

2245 1133 2391 1189 enim
2434 1132 2614 1188 libello
2655 1134 3035 1203 incorporeum
3072 1136 3396 1191 daemonium
3432 1140 3584 1204 dixit,
3619 1158 3711 1209 pro
3744 1159 3804 1199 eo

2244 1225 2386 1295 quod
2431 1225 2547 1293 ipse
2590 1224 2677 1279 ille
2716 1225 3022 1295 quicunque
3063 1236 3147 1284 est
3190 1227 3424 1291 habitus,
3472 1231 3549 1284 vel
3586 1233 3803 1287 circum-

2243 1317 2468 1385 scriptio
2495 1317 2776 1371 daemouici
2806 1318 3067 1385 corporis,
3103 1332 3206 1371 non
3239 1329 3320 1373 est
3351 1320 3540 1377 similis
3572 1323 3693 1376 huic
3723 1339 3806 1379 ηομ

2240 1418 2353 1463 stro
2377 1407 2631 1463 crassiori
2662 1416 2716 1462 et
2743 1407 2938 1462 visibili
2964 1409 3175 1476 corpori
3205 1426 3216 1462 :
3250 1412 3341 1465 sed
3376 1415 3661 1467 secundum
3690 1429 3805 1470 sen-

2240 1516 2355 1553 sum
2389 1500 2505 1569 ejus
2541 1501 2631 1568 qui
2684 1502 2988 1568 composuit
3027 1500 3172 1553 tllam
3219 1503 3568 1571 scripturam,
3617 1503 3807 1561 intelli-

2238 1590 2466 1658 gendum
2492 1600 2576 1643 est
2603 1591 2743 1656 quod
2767 1590 2932 1654 dixit;
2965 1589 3013 1643 id
3040 1602 3122 1644 est
3151 1607 3252 1645 non
3276 1606 3334 1647 se
3362 1593 3466 1648 tale
3485 1608 3677 1661 corpus
3700 1596 3804 1667 (65)

2237 1682 2395 1750 quale
2429 1683 2626 1736 habent
2652 1683 2940 1746 daemones,
2966 1683 3108 1752 quod
3137 1692 3222 1737 est
3248 1685 3566 1739 naturaliter
3598 1687 3806 1753 subtile,

2236 1780 2290 1825 et
2324 1770 2469 1826 velut
2503 1788 2633 1825 aura
2683 1782 2861 1839 tenue,
2903 1782 2957 1827 et
3003 1783 3222 1842 propter
3268 1774 3368 1827 hoc
3415 1776 3498 1828 vel
3536 1785 3748 1843 putatur
3777 1793 3804 1830 a

2237 1861 2437 1927 multis,
2468 1862 2549 1916 vel
2585 1861 2783 1916 dicitur
2816 1864 3213 1933 incorporeum,
3245 1865 3339 1919 sed
3377 1864 3579 1919 habere
3608 1880 3666 1920 se
3694 1882 3809 1920 cor-

2234 1968 2332 2021 pus
2356 1954 2586 2007 solidum
2624 1966 2678 2008 et
2726 1956 3006 2025 palpabile.
3040 1958 3093 2011 lu
3127 1960 3518 2014 consuetudine
3558 1974 3688 2014 vero
3718 1962 3809 2013 ho-

2233 2048 2436 2101 minum
2461 2063 2618 2102 omne
2640 2050 2779 2117 quod
2806 2050 2909 2103 tale
2939 2066 3041 2105 non
3078 2050 3257 2119 fuerit,
3288 2054 3665 2122 incorporeum
3689 2056 3811 2109 sim-

2233 2137 2547 2206 plicioribus
2598 2139 2678 2192 vel
2726 2139 3153 2207 imperitioribus
3203 2143 3721 2209 nominatur;velut
3766 2145 3810 2222 si

2230 2231 2350 2300 quis
2382 2245 2563 2285 aerem
2593 2232 2750 2285 istum
2781 2247 2887 2299 quo
2926 2231 3179 2296 fruimur,
3225 2234 3604 2302 incorporeum
3647 2234 3809 2299 dicat,

2230 2320 2662 2391 quandoquidem
2692 2337 2797 2376 non
2829 2332 2913 2377 est
2947 2324 3052 2377 tale
3082 2338 3276 2390 corpus
3324 2332 3380 2377 ιιι
3424 2326 3811 2393 comprehendi

2232 2427 2293 2467 ac
2325 2412 2494 2465 teneri
2532 2414 2724 2481 possit,
2756 2414 3077 2483 argentique
3104 2413 3380 2471 resistere.

2299 2503 2353 2557 9.
2393 2502 2705 2568 Quaeremus
2732 2512 2909 2558 tamen
2950 2507 2993 2558 si
3032 2505 3114 2557 vel
3148 2498 3253 2557 alio
3294 2507 3514 2560 nomine
3560 2521 3649 2560 res
3682 2507 3795 2574 ipsa

2230 2606 2389 2658 quam
2427 2590 2602 2645 Graeci
2651 2593 2956 2661 philosophi
2994 2595 3307 2666 ἀσώματον,
3341 2597 3392 2650 id
3437 2608 3525 2651 est
3560 2597 3815 2664 incorpo-

2232 2697 2376 2737 ream
2408 2684 2611 2749 dicunt,
2650 2684 2701 2736 in
2742 2684 3043 2754 Scripturis
3089 2689 3295 2741 sanctis
3329 2689 3632 2742 invenitur.
3672 2688 3813 2741 Deus

2229 2790 2442 2844 quoque
2471 2775 2586 2844 ipse
2635 2778 2904 2843 quomodo
2956 2778 3184 2846 intelligi
3219 2779 3415 2832 debeat
3468 2776 3586 2849 (64)
3629 2778 3814 2846 inqui-

2230 2866 2455 2920 rendum
2506 2866 2678 2931 est“,
2732 2880 3053 2934 corporeus,
3104 2877 3158 2921 et
3210 2868 3511 2921 secundum
3571 2866 3816 2936 aliquem

2228 2956 2469 3011 habitum
2498 2956 2849 3022 deformatus,
2883 2972 2950 3010 an
2985 2958 3210 3011 alterius
3251 2967 3462 3012 naturae
3495 2972 3667 3025 quam
3699 2972 3820 3010 cor-

2229 3065 2357 3119 pora
2386 3060 2531 3115 sunt,
2563 3051 2705 3119 quod
2740 3050 2927 3118 utique
2964 3050 3015 3103 iu
3052 3049 3440 3117 praedicatione
3476 3057 3678 3103 nostra
3714 3062 3824 3101 ma-

2228 3140 2423 3196 nifeste
2469 3155 2571 3195 nou
2612 3142 2940 3209 designatur.
2991 3140 3192 3195 Eadem
3251 3155 3476 3209 quoque
3532 3141 3709 3194 etiam
3756 3138 3824 3193 de

540 3223 617 3276 rei
648 3238 752 3277 non
782 3227 953 3280 solum
982 3232 1121 3301 apud
1157 3233 1355 3288 multos
1384 3233 1539 3296 alios,
1570 3249 1753 3288 verum
1782 3236 1945 3289 etiam
1982 3238 2119 3306 apud
2148 3222 2189 3280 (ἶ
2225 3230 2443 3286 ChPiSlO
2485 3240 2540 3286 οι
2566 3231 2633 3285 de
2662 3231 2868 3299 Spiril"
2895 3241 3081 3285 δθηειο
3125 3232 3455 3302 requirenda
3504 3241 3641 3285 sum
3663 3273 3679 3297 9
3727 3230 3826 3285 δθά

541 3324 755 3370 nostras
788 3315 1097 3389 Scripturas
1118 3327 1473 3383 estinusitata
1502 3335 1555 3382 et
1583 3328 1873 3397 incognita.
1902 3327 1957 3382 Si
1988 3344 2117 3386 vero

538 3405 662 3474 quis
686 3407 814 3462 velit
838 3411 992 3465 nobis
1022 3413 1266 3478 proferre
1295 3430 1361 3470 ex
1394 3416 1482 3472 illo
1515 3415 1696 3472 libello
1717 3419 1804 3486 qui
1835 3417 1978 3472 Petri
2005 3419 2113 3474 Do-

537 3500 711 3553 ctrina
743 3501 1041 3571 appellatur
1062 3504 1192 3575 (6l),
1218 3508 1304 3561 ubi
1333 3505 1581 3564 Salvator
1608 3510 1819 3565 videtur
1852 3511 1917 3564 ad
1951 3512 2115 3567 disci-

537 3591 692 3667 pulos
716 3592 926 3648 dicere:
951 3614 967 3647 ι
997 3596 1110 3650 Νοιι
1138 3613 1253 3652 sum
1285 3599 1609 3654 danunnium
1638 3602 2016 3670 incorporeum
2042 3622 2054 3668 ;
2088 3624 2106 3656 ι

535 3682 713 3750 primo
740 3686 1169 3756 respondendum
1192 3699 1275 3747 est
1300 3692 1370 3760 ei,
1399 3693 1652 3762 quoniam
1688 3693 1774 3750 ille
1809 3695 1942 3749 liber
1970 3695 2110 3751 inter

609 3869 650 3903 ’ί
676 3870 799 3927 vide
828 3869 1139 3945 Origenian.
1168 3876 1203 3930 l.
1237 3893 1295 3947 ιι,
1336 3893 1390 3949 q.
1420 3881 1468 3944 1,
1510 3897 1565 3937 ιι.
1592 3882 1645 3952 5,
1671 3884 1725 3949 6,
1749 3886 1801 3939 ’1.

533 4051 754 4119 corpori
790 4049 1012 4129 indintur.
1055 4070 1074 4103 ι
1115 4052 1369 4129 Merllnus
1413 4067 1467 4112 et
1501 4060 1763 4129 Genebr.,
1797 4082 1815 4115 ι
1856 4064 2111 4120 intrinse-

531 4134 652 4201 cus,
682 4140 701 4171 ι
734 4119 1138 4201 etc..Caeterum
1164 4126 1293 4201 quid
1320 4128 1393 4201 de
1425 4131 1617 4201 animae
1646 4119 1856 4201 origine
1888 4119 2118 4189 senserit

531 4191 828 4313 grigenesi
840 4189 965 4313 {use
985 4189 1212 4250 docetur
1235 4194 1676 4266 Origeni'anorum
1708 4189 1803 4259 lib.
1829 4220 1891 4271 ιι,
1916 4215 2116 4273 quzest.

571 4299 586 4313 .
620 4275 768 4313 num.
876 4296 893 4313 .

555 4262 586 4325 ἱ,
620 4275 768 4313 num.
804 4262 893 4314 Η.

604 4330 717 4412 (56)
746 4329 1004 4412 Merlinus
1034 4346 1089 4412 et
1120 4335 1347 4412 Geneb.,
1384 4358 1401 4391 ι
1434 4343 1689 4411 quoniam
1727 4353 1851 4397 sunt
1876 4344 2115 4412 quidem,

528 4402 626 4524 ἓεὲ
667 4399 802 4503 quid
833 4402 964 4457 sint.
999 4422 1018 4461 ι
1054 4406 1123 4458 At
1151 4421 1285 4462 mss.
1314 4399 1598 4467 lectidnem
1626 4415 1793 4468 nostri
1825 4399 2002 4468 textus
2024 4399 2118 4469 ex;

573 4487 585 4523 ι
628 4486 740 4524 en..

573 4481 740 4525 ment.

602 4538 823 4622 (δη-βξ
846 4541 977 4595 illud
1009 4544 1063 4597 in
1094 4545 1442 4622 ecclesiastica
1459 4554 1829 4617 prwdicatione
1844 4555 2002 4622 quod.
2028 4552 2117 4610 Sic

526 4626 699 4690 ms§.;
731 4611 875 4693 libb.“
893 4624 1072 4693 autem
1102 4617 1253 4693 editi,
1290 4638 1308 4670 ι
1346 4611 1473 4676 illud
1511 4611 1880 4681 ecclesiastica
1913 4627 2113 4693 praidi-

528 4680 1058 4754 cationeyetinitum
1088 4680 1249 4754 quod,
1281 4707 1299 4739 ι
1326 4701 1431 4746 etc.

600 4749 713 4819 (58)
750 4748 995 4805 Evidens.
1028 4748 1120 4826 Sic
1151 4748 1281 4811 mss.
1309 4760 1478 4826 Alias,
1512 4780 1531 4811 ι
1569 4761 1863 4816 evidenter.
1900 4782 1916 4815 ι
1948 4761 2114 4818 Paulo

523 4829 651 4902 post
677 4834 834 4902 mss._,
868 4838 886 4871 ι
920 4835 1017 4888 per
1051 4822 1311 4902 Spiritum
1346 4822 1474 4897 Dei,’
1504 4850 1523 4882 ι
1563 4832 1717 4895 alias,
1755 4851 1772 4883 ι
1809 4848 1905 4901 per
1935 4832 2109 4902 Spiri-

527 4899 638 4945 tum
670 4896 939 4942 sanctum.
991 4910 1009 4941 ι
1102 4898 1103 4903 ‘

595 4956 709 5031 (59)
736 4956 827 5031 Sic
863 4975 1030 5025 mss.;
1086 4963 1222 5020 alias
1273 4982 1401 5027 vero
1435 4988 1447 5022 :
1487 4987 1505 5021 ι
1544 4970 1754 5025 Forma:
1800 4971 1941 5025 enim
1997 4973 2111 5027 haec

565 5030 647 5110 uae
697 5030 897 5095 scripta
952 5042 1098 5112 sunt,
1145 5049 1611 5115 sacramentorum
1660 5044 2016 5115 quorumdam
2057 5054 2111 5097 et

564 5101 832 5171 ivinarum
865 5113 1045 5154 rerum
1075 5104 1336 5171 imagines
1360 5120 1506 5164 sunt.
1543 5128 1561 5165 ι

594 5167 708 5239 (60)
766 5167 929 5231 Mss”
988 5188 1005 5221 ι
1046 5187 1150 5226 una
1185 5167 1462 5247 iaetttentia
1513 5188 1619 5234 est.
1654 5198 1672 5230 ι
1734 5180 1890 5234 Libb.
1938 5184 2100 5247 editi,

528 5258 546 5289 ι
578 5254 718 5318 unus
764 5248 864 5318 est.
888 5254 1099 5298 sensus.
1126 5263 1143 5295 ι
1184 5244 1324 5318 lnl'ra
1375 5260 1496 5316 post
1548 5269 1567 5300 ι
1601 5252 1998 5318 οοηιὶοιιιιῑυτ,›
2052 5244 2103 5308 in

522 5308 687 5389 editis
744 5309 1010 5389 additur;
1051 5329 1077 5389 t_
1101 5324 1184 5367 sat
1239 5308 1559 5386 insequitur,
1601 5338 1620 5370 ι
1667 5322 1811 5389 quod
1860 5308 1983 5376 cum
2048 5325 2100 5379 in

518 5378 775 5432 oninihus
804 5394 935 5447 mss.
965 5380 1126 5447 desit,
1156 5378 1509 5441 rem-calidum
1538 5378 1659 5443 esse
1682 5378 1957 5445 duximus.

593 5448 728 5518 (61)
783 5446 885 5527 Qui
950 5446 1119 5528 Petri
1165 5454 1419 5509 Doctrina
1484 5460 1801 5526 appellatur.
1864 5461 2102 5528 lgnatius

520 5528 732 5595 martyr
760 5518 920 5595 epist.
950 5522 1395 5595 ad_Smyin'.eos,
1432 5518 1631 5595 capf3,
1669 5531 1856 5582 eadem
1885 5518 2097 5585 'Christi

519 5588 685 5666 verba
720 5588 925 5666 profert
952 5588 1240 5666 EJEYdJiaé
1273 5588 1390 5648 καὶ(
1410 5588 1551 5666 μεεὲὰ
1578 5588 1676 5666 τὴν
1722 5598 2014 5654 ἀνάστασιν
2042 5603 2099 5656 ἐν

521 5655 688 5733 caput
720 5654 902 5733 ἀρτῥ-ν.
924 5654 1061 5725 οἶδα,
1086 5654 1187 5733 ’καὶ
1230 5654 1469 5719 πιστεῦω
1502 5654 1658 5719 ὄνταὀ
1707 5670 1801 5721 καὶ
1831 5670 1919 5721 ὅτε
1961 5671 2097 5733 πρὸς

517 5727 797 5810 ίτοὺςΙπερ)
830 5727 1032 5810 Πέτρογ
1065 5731 1343 5810 Σἐλήλυθεν,
1369 5735 1472 5810 ἔφη
1504 5737 1711 5810 αὐτοῖς·
1742 5739 1968 5810 Λάϐετε,
1992 5727 2097 5810 dm:-

520 5796 795 5870 ita'g'qoaté
838 5814 904 5868 με
939 5796 1029 5853 καὶ
1065 5796 1222 5871 ῐδεὲε,
1253 5796 1338 5859 ὅτι
1366 5796 1472 5861 οὖκ’
1497 5807 1611 5877 εἰμὶ
1644 5796 1916 5880 δαιμόνιον
1949 5796 2092 5865 iddi-

2224 3332 2278 3377 et
2324 3322 2390 3376 de
2436 3323 2584 3377 omni
2632 3318 2809 3377 anima
2850 3333 3015 3394 atque
3061 3324 3211 3379 omni
3247 3323 3579 3379 rationabili
3618 3332 3825 3376 natura

2222 3413 2575 3470 nihilominus
2610 3415 2991 3481 requirendum
3022 3426 3125 3469 est.

2295 3503 2379 3556 10.
2425 3503 2519 3557 Est
2572 3503 2736 3558 etiam
2790 3503 2920 3557 illud
2971 3504 3022 3557 in
3076 3502 3455 3559 ecclesiastica
3528 3509 3820 3575 praedica—

2221 3600 2386 3665 tione,
2429 3613 2547 3653 esse
2581 3599 2802 3669 angelos
2836 3600 2929 3653 Dei
2966 3602 3230 3665 quosdam
3269 3610 3321 3655 et
3356 3602 3611 3659 virtutes
3648 3606 3832 3662 bonas

2220 3692 2309 3759 qui
2342 3691 2388 3745 ei
2432 3692 2743 3745 ministrant
2776 3691 2887 3761 (65)
2937 3690 3002 3745 ad
3050 3691 3280 3748 salutem
3327 3696 3630 3751 hominum
3684 3713 3825 3754 con-

2224 4084 2409 4137 ματον.
2453 4084 2470 4116 ι
2499 4065 2607 4133 Ego
2647 4075 2828 4137 autem
2874 4067 3037 4121 etiam
3080 4077 3201 4136 post
3246 4074 3738 4131 resurrectionem
3775 4079 3831 4133 in

2216 4136 2381 4191 earne
2433 4138 2605 4204 ipsum
2654 4136 2776 4189 novi
2823 4148 2876 4191 et
2924 4139 3087 4192 credo
3136 4140 3421 4204 exsistere,
3463 4154 3525 4197 et
3563 4162 3699 4199 curn
3760 4150 3830 4202 ad

2217 4207 2435 4261 Petrum
2462 4216 2514 4260 et
2549 4221 2642 4260 eos
2674 4208 2762 4273 qui
2797 4222 2919 4260 cum
2952 4207 3069 4274 ipso
3100 4218 3259 4262 erant
3294 4212 3467 4275 venit,
3507 4214 3665 4270 dixit
3699 4218 3829 4272 eis:

2149 4292 2159 4303 '
2218 4276 2444 4338 Tenete,
2493 4278 2697 4355 tangite
2745 4292 2857 4339 me,
2906 4287 2958 4329 et
3006 4278 3181 4355 videte
3225 4281 3491 4355 quoniam
3538 4301 3656 4338 non
3703 4304 3832 4340 sum

2216 4348 2540 4399 daemonium
2570 4346 2965 4413 incorporeum.
2989 4365 3007 4396 ι
3047 4346 3170 4402 ιιωο
3203 4351 3343 4403 unde
3379 4351 3656 4407 hauserit
3689 4372 3832 4410 sau~

2217 4426 2335 4469 ctus
2368 4425 2590 4485 martyr,
2629 4417 2837 4470 nescire
2862 4430 2919 4485 se
2954 4417 3148 4470 fatetur
3178 4418 3446 4473 Eusebius
3484 4421 3651 4480 Hist.
3684 4430 3833 4479 eccl.

2220 4486 2312 4538 lib.
2346 4501 2437 4549 ιιι,
2468 4484 2586 4561 cap.
2612 4485 2700 4561 5b,
2738 4488 2832 4561 sed
2880 4484 3328 4561 l’lierouytnusjn
3364 4488 3656 4561 catalogo
3690 4497 3837 4548 acri-

2149 4538 2194 4594 Ῑ)
2220 4538 2437 4624 ῃιοηιιιί
2467 4538 2971 4631 ecdlesiasticoruut,
3013 4538 3101 4607 ubi
3142 4558 3206 4631 de
3248 4557 3459 4631 lgnatio
3509 4538 3667 4631 riguit,
3716 4567 3843 4619 haec

2220 4626 2498 4698 desumpta
2530 4640 2650 4678 esse
2679 4626 2754 4677 ait
2788 4640 2808 4674 ι
2834 4626 2897 4678 de
2928 4626 3220 4698 Evangelio
3255 4626 3708 4698 quodrnup'er'a
3746 4650 3842 4690 me

2219 4695 2541 4765 translatum
2570 4704 2671 4758 est,
2700 4714 2719 4746 ι
2758 4709 2949 4763 nempe
2977 4697 3041 4749 de
3068 4699 3347 4765 evangelio
3377 4695 3840 4758 Nazarazorutn.

2217 4763 2361 4818 Idem
2394 4772 2621 4818 testatur
2656 4767 2915 4831 protentio
2946 4766 2995 4818 iu
3029 4763 3232 4818 libruuf
3263 4782 3393 4821 xvm
3421 4768 3842 4828 Commentur.

2217 4835 2267 4887 in
2317 4833 2528 4887 Isaiam.
2562 4833 2816 4903 Origenes
2861 4845 3036 4887 tamen
3069 4834 3168 4888 hoc
3206 4841 3458 4903 praesenti
3522 4843 3668 4897 loco
3724 4861 3842 4897 non

2213 4918 2278 4956 ex
2323 4903 2611 4971 evangelio
2636 4902 3042 4968 Nazarmorum,
3093 4907 3186 4957 sed
3208 4902 3238 4954 7r
3268 4922 3331 4959 ex
3374 4908 3678 4965 Doctrina
3734 4914 3843 4968 Pe-

2215 4974 2279 5025 tri
2306 4991 2324 5022 ι
2349 4970 2550 5054 _laudat
2588 4970 2783 5025 Christi
2815 4978 3009 5040 verba;
3057 4989 3239 5027 verum
3282 4977 3336 5029 in
3372 4987 3642 5049 utroque
3699 5000 3853 5054 apo-

2212 5042 2413 5110 Ct'yplto
2445 5055 2563 5094 esse
2590 5054 2898 5110 potuerunt.

2282 5109 2393 5180 (0‘2)
2435 5110 2539 5174 Qui
2575 5128 2614 5182 ει
2647 5109 2842 5165 (ἱναέἱε
2879 5125 2925 5167 et
2968 5112 3268 5182 gentilibus.
3318 5114 3408 5170 Sic
3464 5134 3626 5176 mss.
3673 5125 3851 5181 Alias

2209 5195 2360 5244 vero,
2394 5200 2410 5232 ι
2439 5183 2528 5252 qui
2562 5179 2766 5235 Graecis
2796 5183 2877 5235 vel
2908 5179 3217 5252 gentilibus.
3239 5202 3257 5234 ι

2279 5252 2389 5321 (65)
2432 5249 2556 5304 Νοη
2583 5268 2637 5304 se
2654 5253 2767 5321 tale
2790 5249 2997 5321 corpus.
3022 5251 3097 5305 lta
3129 5270 3257 5306 mss.
3285 5254 3459 5319 Alias,
3496 5276 3520 5308 ι
3554 5278 3685 5316 non
3715 5280 3855 5319 esse

2209 5324 2314 5374 tale
2348 5320 2563 5393 corpus.
2586 5340 2605 5372 ι
2649 5320 2813 5393 Paulo
2845 5336 2963 5391 post
2994 5338 3151 5388 mss.,
3181 5339 3199 5372 ι
3227 5326 3306 5378 Vel
3341 5336 3589 5393 putatur
3628 5351 3664 5387 δ
3702 5339 3859 5390 mul-

2207 5394 2295 5445 tis.
2320 5410 2338 5442 ι
2372 5391 2538 5454 Alias,
2574 5409 2593 5441 ι
2626 5391 2706 5445 vel
2739 5393 3031 5460 ituputatur
3057 5411 3086 5446 a
3125 5391 3370 5448 turritis.)

2275 5459 2386 5532 (64)
2428 5459 2835 5540 Deuanuolque
2898 5466 3006 5540 ipse
3074 5467 3335 5540 quomoda
3383 5467 3671 5540 intelligi
3744 5476 3858 5528 de-

2203 5530 2372 5597 beat,
2397 5541 2499 5584 etc.
2533 5530 2664 5586 Vide
2719 5530 3027 5603 Origeuian.
3072 5532 3166 5588 lib.
3192 5548 3261 5598 tt,
3292 5550 3347 5603 q.
3376 5536 3424 5601 l,
3485 5530 3681 5599 ιιωῖι.
3718 5547 3759 5601 5
3798 5556 3865 5601 et

2201 5616 2352 5654 εειια.

2406 5670 2531 5753 Ὠιιί
2565 5672 2613 5724 ei
2644 5672 2968 5753 ministrant,
2998 5683 3105 5753 etc.
3136 5673 3217 5753 ita
3247 5689 3375 5729 mss.
3396 5676 3606 5753 Alias,
3652 5702 3676 5731 c
3718 5701 3861 5753 quae

2201 5742 2249 5796 ei
2289 5744 2712 5819 ministrant..."
2750 5745 2840 5819 sed
2871 5747 3087 5819 quando
3136 5746 3420 5819 isli_creati
3478 5742 3673 5819 sntit,
3733 5742 3864 5812 ιίυιι

2194 5815 2331 5882 satis
2364 5814 2416 5869 in
2451 5814 2738 5869 manifesto
2781 5816 3150 5885 distinguitur.
3175 5833 3193 5866 ι
3239 5813 3411 5871 Paulo
3447 5832 3607 5886 post
3657 5813 3861 5894 iussu,
