  <div class='ocr_page' id='page_1' title='image "/cluster/home/n/w/nwhite01/storage/ocr_20150623/11/hvd.32044024345175/066.png"; bbox 0 0 3992 6556; ppageno 0'>
   <div class='ocr_carea' id='block_1_1' title="bbox 177 451 2076 512">
    <p class='ocr_par' dir='ltr' id='par_1_1' title="bbox 177 451 2076 512">
     <span class='ocr_line' id='line_1_1' title="bbox 177 451 2076 512; baseline -0.005 0"><span class='ocrx_word' id='word_1_1' title='bbox 177 458 261 512; x_wconf 62' lang='lat' dir='ltr'><strong>lii</strong></span> <span class='ocrx_word' id='word_1_2' title='bbox 1551 451 1756 505; x_wconf 83' lang='lat' dir='ltr'><strong>LIBER</strong></span> <span class='ocrx_word' id='word_1_3' title='bbox 1797 451 2076 508; x_wconf 75' lang='lat' dir='ltr'><strong>PRIMUS.</strong></span> 
     </span>
    </p>
   </div>
   <div class='ocr_carea' id='block_1_2' title="bbox 3322 449 3426 503">
    <p class='ocr_par' dir='ltr' id='par_1_2' title="bbox 3322 449 3426 503">
     <span class='ocr_line' id='line_1_2' title="bbox 3322 449 3426 503; baseline 0 0"><span class='ocrx_word' id='word_1_4' title='bbox 3322 449 3426 503; x_wconf 68' lang='lat'><strong>122</strong></span> 
     </span>
    </p>
   </div>
   <div class='ocr_carea' id='block_1_3' title="bbox 174 566 3424 645">
    <p class='ocr_par' dir='ltr' id='par_1_3' title="bbox 174 566 3424 645">
     <span class='ocr_line' id='line_1_3' title="bbox 174 566 3424 645; baseline -0.002 -19"><span class='ocrx_word' id='word_1_5' title='bbox 174 569 578 636; x_wconf 85' lang='lat' dir='ltr'><strong>summandam;</strong></span> <span class='ocrx_word' id='word_1_6' title='bbox 614 570 710 625; x_wconf 87' lang='lat' dir='ltr'><strong>sed</strong></span> <span class='ocrx_word' id='word_1_7' title='bbox 752 573 973 640; x_wconf 85' lang='lat' dir='ltr'><strong>quando</strong></span> <span class='ocrx_word' id='word_1_8' title='bbox 1014 572 1101 626; x_wconf 91' lang='lat' dir='ltr'><strong>isti</strong></span> <span class='ocrx_word' id='word_1_9' title='bbox 1134 570 1303 626; x_wconf 98' lang='lat' dir='ltr'><strong>creati</strong></span> <span class='ocrx_word' id='word_1_10' title='bbox 1336 571 1464 636; x_wconf 91' lang='lat' dir='ltr'><strong>sint,</strong></span> <span class='ocrx_word' id='word_1_11' title='bbox 1499 570 1582 626; x_wconf 85' lang='lat' dir='ltr'><strong>vel</strong></span> <span class='ocrx_word' id='word_1_12' title='bbox 1616 586 1750 638; x_wconf 56' lang='lat' dir='ltr'><strong>qua-</strong></span> <span class='ocrx_word' id='word_1_13' title='bbox 1783 576 1822 630; x_wconf 83' lang='grc' dir='ltr'><strong>Α</strong></span> <span class='ocrx_word' id='word_1_14' title='bbox 1856 569 1996 624; x_wconf 89' lang='lat' dir='ltr'><strong>Deus</strong></span> <span class='ocrx_word' id='word_1_15' title='bbox 2038 568 2337 645; x_wconf 86' lang='lat' dir='ltr'><strong>secundum</strong></span> <span class='ocrx_word' id='word_1_16' title='bbox 2387 568 2487 623; x_wconf 86' lang='lat' dir='ltr'><strong>hoc</strong></span> <span class='ocrx_word' id='word_1_17' title='bbox 2523 568 2664 635; x_wconf 91' lang='lat' dir='ltr'><strong>quod</strong></span> <span class='ocrx_word' id='word_1_18' title='bbox 2697 567 2836 638; x_wconf 77' lang='lat' dir='ltr'><strong>ignis</strong></span> <span class='ocrx_word' id='word_1_19' title='bbox 2884 566 3003 622; x_wconf 89' lang='lat' dir='ltr'><strong>est?</strong></span> <span class='ocrx_word' id='word_1_20' title='bbox 3047 566 3424 635; x_wconf 84' lang='lat' dir='ltr'><strong>Nunquidnam</strong></span> 
     </span>
    </p>
   </div>
   <div class='ocr_carea' id='block_1_4' title="bbox 170 660 1750 729">
    <p class='ocr_par' dir='ltr' id='par_1_4' title="bbox 170 660 1750 729">
     <span class='ocr_line' id='line_1_4' title="bbox 170 660 1750 729; baseline 0.001 -15"><span class='ocrx_word' id='word_1_21' title='bbox 170 662 261 723; x_wconf 86' lang='lat' dir='ltr'><strong>les,</strong></span> <span class='ocrx_word' id='word_1_22' title='bbox 288 668 382 713; x_wconf 82' lang='lat' dir='ltr'><strong>aut</strong></span> <span class='ocrx_word' id='word_1_23' title='bbox 428 662 715 729; x_wconf 87' lang='lat' dir='ltr'><strong>quomodo</strong></span> <span class='ocrx_word' id='word_1_24' title='bbox 742 662 872 729; x_wconf 88' lang='lat' dir='ltr'><strong>sint,</strong></span> <span class='ocrx_word' id='word_1_25' title='bbox 904 678 1010 716; x_wconf 90' lang='lat' dir='ltr'><strong>non</strong></span> <span class='ocrx_word' id='word_1_26' title='bbox 1052 662 1188 717; x_wconf 89' lang='lat' dir='ltr'><strong>satis</strong></span> <span class='ocrx_word' id='word_1_27' title='bbox 1223 662 1275 715; x_wconf 93' lang='lat' dir='ltr'><strong>in</strong></span> <span class='ocrx_word' id='word_1_28' title='bbox 1317 660 1611 715; x_wconf 88' lang='lat' dir='ltr'><strong>manifesto</strong></span> <span class='ocrx_word' id='word_1_29' title='bbox 1654 662 1750 715; x_wconf 86' lang='lat' dir='ltr'><strong>de-</strong></span> 
     </span>
    </p>
   </div>
   <div class='ocr_carea' id='block_1_5' title="bbox 169 752 1747 824">
    <p class='ocr_par' dir='ltr' id='par_1_5' title="bbox 169 752 1747 824">
     <span class='ocr_line' id='line_1_5' title="bbox 169 752 1747 824; baseline -0.002 -17"><span class='ocrx_word' id='word_1_30' title='bbox 169 754 429 824; x_wconf 72' lang='lat' dir='ltr'><strong>signatur.</strong></span> <span class='ocrx_word' id='word_1_31' title='bbox 464 753 541 806; x_wconf 87' lang='lat' dir='ltr'><strong>De</strong></span> <span class='ocrx_word' id='word_1_32' title='bbox 591 752 708 809; x_wconf 85' lang='lat' dir='ltr'><strong>sole</strong></span> <span class='ocrx_word' id='word_1_33' title='bbox 752 764 933 810; x_wconf 87' lang='lat' dir='ltr'><strong>autem</strong></span> <span class='ocrx_word' id='word_1_34' title='bbox 979 763 1034 809; x_wconf 89' lang='lat' dir='ltr'><strong>et</strong></span> <span class='ocrx_word' id='word_1_35' title='bbox 1077 754 1202 808; x_wconf 92' lang='lat' dir='ltr'><strong>luna</strong></span> <span class='ocrx_word' id='word_1_36' title='bbox 1246 761 1299 808; x_wconf 88' lang='lat' dir='ltr'><strong>et</strong></span> <span class='ocrx_word' id='word_1_37' title='bbox 1350 752 1522 808; x_wconf 89' lang='lat' dir='ltr'><strong>stellis</strong></span> <span class='ocrx_word' id='word_1_38' title='bbox 1564 760 1747 805; x_wconf 91' lang='lat' dir='ltr'><strong>utrum</strong></span> 
     </span>
    </p>
   </div>
   <div class='ocr_carea' id='block_1_6' title="bbox 168 840 1746 911">
    <p class='ocr_par' dir='ltr' id='par_1_6' title="bbox 168 840 1746 911">
     <span class='ocr_line' id='line_1_6' title="bbox 168 840 1746 911; baseline -0.001 -14"><span class='ocrx_word' id='word_1_39' title='bbox 168 844 461 898; x_wconf 78' lang='lat' dir='ltr'><strong>animantia</strong></span> <span class='ocrx_word' id='word_1_40' title='bbox 501 845 635 911; x_wconf 88' lang='lat' dir='ltr'><strong>sint,</strong></span> <span class='ocrx_word' id='word_1_41' title='bbox 672 840 739 899; x_wconf 56' lang='lat' dir='ltr'><strong>a‘n</strong></span> <span class='ocrx_word' id='word_1_42' title='bbox 776 846 893 900; x_wconf 91' lang='lat' dir='ltr'><strong>sine</strong></span> <span class='ocrx_word' id='word_1_43' title='bbox 933 847 1134 911; x_wconf 88' lang='lat' dir='ltr'><strong>anima,</strong></span> <span class='ocrx_word' id='word_1_44' title='bbox 1172 844 1459 899; x_wconf 79' lang='lat' dir='ltr'><strong>manifeste</strong></span> <span class='ocrx_word' id='word_1_45' title='bbox 1490 859 1595 897; x_wconf 93' lang='lat' dir='ltr'><strong>non</strong></span> <span class='ocrx_word' id='word_1_46' title='bbox 1639 852 1746 897; x_wconf 83' lang='lat' dir='ltr'><strong>tra-</strong></span> 
     </span>
    </p>
   </div>
   <div class='ocr_carea' id='block_1_7' title="bbox 167 933 1750 1007">
    <p class='ocr_par' dir='ltr' id='par_1_7' title="bbox 167 933 1750 1007">
     <span class='ocr_line' id='line_1_7' title="bbox 167 933 1750 1007; baseline -0.001 -19"><span class='ocrx_word' id='word_1_47' title='bbox 167 938 322 989; x_wconf 84' lang='lat' dir='ltr'><strong>ditur.</strong></span> <span class='ocrx_word' id='word_1_48' title='bbox 370 935 609 1004; x_wconf 85' lang='lat' dir='ltr'><strong>Oportet</strong></span> <span class='ocrx_word' id='word_1_49' title='bbox 674 937 841 1007; x_wconf 84' lang='lat' dir='ltr'><strong>igitur</strong></span> <span class='ocrx_word' id='word_1_50' title='bbox 894 936 1042 991; x_wconf 91' lang='lat' dir='ltr'><strong>velut</strong></span> <span class='ocrx_word' id='word_1_51' title='bbox 1106 935 1393 990; x_wconf 86' lang='lat' dir='ltr'><strong>elementis</strong></span> <span class='ocrx_word' id='word_1_52' title='bbox 1446 949 1510 989; x_wconf 90' lang='lat' dir='ltr'><strong>ac</strong></span> <span class='ocrx_word' id='word_1_53' title='bbox 1559 933 1750 988; x_wconf 84' lang='lat' dir='ltr'><strong>funda-</strong></span> 
     </span>
    </p>
   </div>
   <div class='ocr_carea' id='block_1_8' title="bbox 170 1023 1747 1094">
    <p class='ocr_par' dir='ltr' id='par_1_8' title="bbox 170 1023 1747 1094">
     <span class='ocr_line' id='line_1_8' title="bbox 170 1023 1747 1094; baseline 0.002 -20"><span class='ocrx_word' id='word_1_54' title='bbox 170 1023 359 1078; x_wconf 81' lang='lat' dir='ltr'><strong>mentis</strong></span> <span class='ocrx_word' id='word_1_55' title='bbox 410 1023 728 1091; x_wconf 88' lang='lat' dir='ltr'><strong>hujusmodi</strong></span> <span class='ocrx_word' id='word_1_56' title='bbox 775 1026 851 1079; x_wconf 89' lang='lat' dir='ltr'><strong>uti</strong></span> <span class='ocrx_word' id='word_1_57' title='bbox 896 1027 1194 1080; x_wconf 84' lang='lat' dir='ltr'><strong>secundum</strong></span> <span class='ocrx_word' id='word_1_58' title='bbox 1241 1028 1554 1079; x_wconf 88' lang='lat' dir='ltr'><strong>mandatum</strong></span> <span class='ocrx_word' id='word_1_59' title='bbox 1604 1023 1747 1094; x_wconf 92' lang='lat' dir='ltr'><strong>quod</strong></span> 
     </span>
    </p>
   </div>
   <div class='ocr_carea' id='block_1_9' title="bbox 169 1115 1746 1182">
    <p class='ocr_par' dir='ltr' id='par_1_9' title="bbox 169 1115 1746 1182">
     <span class='ocr_line' id='line_1_9' title="bbox 169 1115 1746 1182; baseline 0.001 -15"><span class='ocrx_word' id='word_1_60' title='bbox 169 1115 335 1169; x_wconf 85' lang='lat' dir='ltr'><strong>dicit:</strong></span> <span class='ocrx_word' id='word_1_61' title='bbox 373 1134 392 1167; x_wconf 76' lang='grc' dir='ltr'>ι</span> <span class='ocrx_word' id='word_1_62' title='bbox 422 1115 733 1172; x_wconf 85' lang='lat' dir='ltr'><strong>llluminate</strong></span> <span class='ocrx_word' id='word_1_63' title='bbox 765 1117 917 1172; x_wconf 84' lang='lat' dir='ltr'><strong>vobis</strong></span> <span class='ocrx_word' id='word_1_64' title='bbox 968 1117 1149 1171; x_wconf 88' lang='lat' dir='ltr'><strong>lumen</strong></span> <span class='ocrx_word' id='word_1_65' title='bbox 1200 1117 1446 1172; x_wconf 73' lang='lat' dir='ltr'><strong>scientia:</strong></span> <span class='ocrx_word' id='word_1_66' title='bbox 1477 1116 1543 1182; x_wconf 80' lang='lat'><strong>“,</strong></span> <span class='ocrx_word' id='word_1_67' title='bbox 1569 1134 1589 1168; x_wconf 72' lang='grc' dir='ltr'><strong><em>ι</em></strong></span> <span class='ocrx_word' id='word_1_68' title='bbox 1631 1130 1746 1169; x_wconf 90' lang='lat' dir='ltr'><strong>om-</strong></span> 
     </span>
    </p>
   </div>
   <div class='ocr_carea' id='block_1_10' title="bbox 170 1207 1747 1278">
    <p class='ocr_par' dir='ltr' id='par_1_10' title="bbox 170 1207 1747 1278">
     <span class='ocr_line' id='line_1_10' title="bbox 170 1207 1747 1278; baseline 0.002 -19"><span class='ocrx_word' id='word_1_69' title='bbox 170 1222 284 1259; x_wconf 85' lang='lat' dir='ltr'><strong>nem</strong></span> <span class='ocrx_word' id='word_1_70' title='bbox 312 1207 405 1276; x_wconf 91' lang='lat' dir='ltr'><strong>qui</strong></span> <span class='ocrx_word' id='word_1_71' title='bbox 448 1208 602 1276; x_wconf 90' lang='lat' dir='ltr'><strong>cupit</strong></span> <span class='ocrx_word' id='word_1_72' title='bbox 634 1209 832 1262; x_wconf 89' lang='lat' dir='ltr'><strong>seriem</strong></span> <span class='ocrx_word' id='word_1_73' title='bbox 882 1209 1173 1278; x_wconf 84' lang='lat' dir='ltr'><strong>quamdam</strong></span> <span class='ocrx_word' id='word_1_74' title='bbox 1203 1217 1257 1262; x_wconf 90' lang='lat' dir='ltr'><strong>et</strong></span> <span class='ocrx_word' id='word_1_75' title='bbox 1291 1220 1492 1277; x_wconf 89' lang='lat' dir='ltr'><strong>corpus</strong></span> <span class='ocrx_word' id='word_1_76' title='bbox 1534 1223 1601 1262; x_wconf 91' lang='lat' dir='ltr'><strong>ex</strong></span> <span class='ocrx_word' id='word_1_77' title='bbox 1651 1207 1747 1262; x_wconf 91' lang='lat' dir='ltr'><strong>bo-</strong></span> 
     </span>
    </p>
   </div>
   <div class='ocr_carea' id='block_1_11' title="bbox 174 1297 1747 1369">
    <p class='ocr_par' dir='ltr' id='par_1_11' title="bbox 174 1297 1747 1369">
     <span class='ocr_line' id='line_1_11' title="bbox 174 1297 1747 1369; baseline 0.003 -17"><span class='ocrx_word' id='word_1_78' title='bbox 174 1314 284 1353; x_wconf 91' lang='lat' dir='ltr'><strong>rum</strong></span> <span class='ocrx_word' id='word_1_79' title='bbox 336 1297 586 1355; x_wconf 91' lang='lat' dir='ltr'><strong>omnium</strong></span> <span class='ocrx_word' id='word_1_80' title='bbox 657 1301 867 1354; x_wconf 89' lang='lat' dir='ltr'><strong>ratione</strong></span> <span class='ocrx_word' id='word_1_81' title='bbox 912 1301 1172 1369; x_wconf 84' lang='lat' dir='ltr'><strong>perlicere</strong></span> <span class='ocrx_word' id='word_1_82' title='bbox 1222 1310 1278 1355; x_wconf 92' lang='lat' dir='ltr'><strong>ut</strong></span> <span class='ocrx_word' id='word_1_83' title='bbox 1326 1299 1627 1355; x_wconf 80' lang='lat' dir='ltr'><strong>manifestis</strong></span> <span class='ocrx_word' id='word_1_84' title='bbox 1694 1312 1747 1356; x_wconf 93' lang='lat' dir='ltr'><strong>et</strong></span> 
     </span>
    </p>
   </div>
   <div class='ocr_carea' id='block_1_12' title="bbox 175 1389 1745 1462">
    <p class='ocr_par' dir='ltr' id='par_1_12' title="bbox 175 1389 1745 1462">
     <span class='ocr_line' id='line_1_12' title="bbox 175 1389 1745 1462; baseline 0.003 -19"><span class='ocrx_word' id='word_1_85' title='bbox 175 1389 495 1444; x_wconf 85' lang='lat' dir='ltr'><strong>necessariis</strong></span> <span class='ocrx_word' id='word_1_86' title='bbox 569 1390 965 1445; x_wconf 87' lang='lat' dir='ltr'><strong>assertionibus</strong></span> <span class='ocrx_word' id='word_1_87' title='bbox 1020 1391 1087 1445; x_wconf 91' lang='lat' dir='ltr'><strong>de</strong></span> <span class='ocrx_word' id='word_1_88' title='bbox 1154 1390 1379 1462; x_wconf 81' lang='lat' dir='ltr'><strong>singulis</strong></span> <span class='ocrx_word' id='word_1_89' title='bbox 1442 1393 1745 1462; x_wconf 85' lang='lat' dir='ltr'><strong>quibusque</strong></span> 
     </span>
    </p>
   </div>
   <div class='ocr_carea' id='block_1_13' title="bbox 179 1481 1744 1549">
    <p class='ocr_par' dir='ltr' id='par_1_13' title="bbox 179 1481 1744 1549">
     <span class='ocr_line' id='line_1_13' title="bbox 179 1481 1744 1549; baseline 0.002 -16"><span class='ocrx_word' id='word_1_90' title='bbox 179 1482 293 1549; x_wconf 89' lang='lat' dir='ltr'><strong>quid</strong></span> <span class='ocrx_word' id='word_1_91' title='bbox 332 1481 401 1534; x_wconf 92' lang='lat' dir='ltr'><strong>sit</strong></span> <span class='ocrx_word' id='word_1_92' title='bbox 450 1481 504 1534; x_wconf 89' lang='lat' dir='ltr'><strong>in</strong></span> <span class='ocrx_word' id='word_1_93' title='bbox 556 1495 688 1536; x_wconf 88' lang='lat' dir='ltr'><strong>vero</strong></span> <span class='ocrx_word' id='word_1_94' title='bbox 734 1482 979 1546; x_wconf 92' lang='lat' dir='ltr'><strong>rimetur,</strong></span> <span class='ocrx_word' id='word_1_95' title='bbox 1029 1491 1084 1536; x_wconf 89' lang='lat' dir='ltr'><strong>et</strong></span> <span class='ocrx_word' id='word_1_96' title='bbox 1132 1498 1329 1545; x_wconf 91' lang='lat' dir='ltr'><strong>unum,</strong></span> <span class='ocrx_word' id='word_1_97' title='bbox 1375 1492 1435 1537; x_wconf 92' lang='lat' dir='ltr'><strong>ut</strong></span> <span class='ocrx_word' id='word_1_98' title='bbox 1488 1483 1744 1549; x_wconf 82' lang='lat' dir='ltr'><strong>diximus,</strong></span> 
     </span>
    </p>
   </div>
   <div class='ocr_carea' id='block_1_14' title="bbox 182 1572 1740 1644">
    <p class='ocr_par' dir='ltr' id='par_1_14' title="bbox 182 1572 1740 1644">
     <span class='ocr_line' id='line_1_14' title="bbox 182 1572 1740 1644; baseline 0.001 -15"><span class='ocrx_word' id='word_1_99' title='bbox 182 1588 364 1642; x_wconf 87' lang='lat' dir='ltr'><strong>corpus</strong></span> <span class='ocrx_word' id='word_1_100' title='bbox 392 1572 591 1627; x_wconf 76' lang='lat' dir='ltr'><strong>efﬁciat</strong></span> <span class='ocrx_word' id='word_1_101' title='bbox 636 1573 898 1644; x_wconf 78' lang='lat' dir='ltr'><strong>exemplis</strong></span> <span class='ocrx_word' id='word_1_102' title='bbox 942 1585 994 1628; x_wconf 93' lang='lat' dir='ltr'><strong>et</strong></span> <span class='ocrx_word' id='word_1_103' title='bbox 1027 1574 1496 1639; x_wconf 76' lang='lat' dir='ltr'><strong>aliirmationibus,</strong></span> <span class='ocrx_word' id='word_1_104' title='bbox 1525 1575 1607 1630; x_wconf 87' lang='lat' dir='ltr'><strong>vel</strong></span> <span class='ocrx_word' id='word_1_105' title='bbox 1656 1576 1740 1630; x_wconf 87' lang='lat' dir='ltr'><strong>his</strong></span> 
     </span>
    </p>
   </div>
   <div class='ocr_carea' id='block_1_15' title="bbox 185 1664 1742 1735">
    <p class='ocr_par' dir='ltr' id='par_1_15' title="bbox 185 1664 1742 1735">
     <span class='ocr_line' id='line_1_15' title="bbox 185 1664 1742 1735; baseline 0.003 -18"><span class='ocrx_word' id='word_1_106' title='bbox 185 1682 307 1735; x_wconf 86' lang='lat' dir='ltr'><strong>quas</strong></span> <span class='ocrx_word' id='word_1_107' title='bbox 354 1666 403 1719; x_wconf 91' lang='lat' dir='ltr'><strong>in</strong></span> <span class='ocrx_word' id='word_1_108' title='bbox 450 1664 660 1719; x_wconf 83' lang='lat' dir='ltr'><strong>sanctis</strong></span> <span class='ocrx_word' id='word_1_109' title='bbox 700 1665 997 1734; x_wconf 90' lang='lat' dir='ltr'><strong>Scripturis</strong></span> <span class='ocrx_word' id='word_1_110' title='bbox 1042 1666 1329 1733; x_wconf 85' lang='lat' dir='ltr'><strong>invenerit,</strong></span> <span class='ocrx_word' id='word_1_111' title='bbox 1370 1666 1455 1723; x_wconf 91' lang='lat' dir='ltr'><strong>vel</strong></span> <span class='ocrx_word' id='word_1_112' title='bbox 1501 1682 1636 1735; x_wconf 89' lang='lat' dir='ltr'><strong>quas</strong></span> <span class='ocrx_word' id='word_1_113' title='bbox 1679 1682 1742 1722; x_wconf 82' lang='lat' dir='ltr'><strong>ex</strong></span> 
     </span>
    </p>
   </div>
   <div class='ocr_carea' id='block_1_16' title="bbox 186 1755 1742 1826">
    <p class='ocr_par' dir='ltr' id='par_1_16' title="bbox 186 1755 1742 1826">
     <span class='ocr_line' id='line_1_16' title="bbox 186 1755 1742 1826; baseline 0.001 -17"><span class='ocrx_word' id='word_1_114' title='bbox 186 1755 579 1825; x_wconf 77' lang='lat' dir='ltr'><strong>consequentia:</strong></span> <span class='ocrx_word' id='word_1_115' title='bbox 625 1756 797 1826; x_wconf 91' lang='lat' dir='ltr'><strong>ipsius</strong></span> <span class='ocrx_word' id='word_1_116' title='bbox 832 1756 1088 1825; x_wconf 86' lang='lat' dir='ltr'><strong>indagine</strong></span> <span class='ocrx_word' id='word_1_117' title='bbox 1124 1771 1189 1812; x_wconf 91' lang='lat' dir='ltr'><strong>ac</strong></span> <span class='ocrx_word' id='word_1_118' title='bbox 1237 1756 1370 1813; x_wconf 91' lang='lat' dir='ltr'><strong>recti</strong></span> <span class='ocrx_word' id='word_1_119' title='bbox 1424 1766 1612 1812; x_wconf 84' lang='lat' dir='ltr'><strong>tenore</strong></span> <span class='ocrx_word' id='word_1_120' title='bbox 1655 1772 1742 1811; x_wconf 86' lang='lat' dir='ltr'><strong>re-</strong></span> 
     </span>
    </p>
   </div>
   <div class='ocr_carea' id='block_1_17' title="bbox 192 1846 399 1915">
    <p class='ocr_par' dir='ltr' id='par_1_17' title="bbox 192 1846 399 1915">
     <span class='ocr_line' id='line_1_17' title="bbox 192 1846 399 1915; baseline -0.01 -14"><span class='ocrx_word' id='word_1_121' title='bbox 192 1846 399 1915; x_wconf 70' lang='lat' dir='ltr'><strong>perarit.</strong></span> 
     </span>
    </p>
   </div>
   <div class='ocr_carea' id='block_1_18' title="bbox 674 1936 1234 1993">
    <p class='ocr_par' dir='ltr' id='par_1_18' title="bbox 674 1936 1234 1993">
     <span class='ocr_line' id='line_1_18' title="bbox 674 1936 1234 1993; baseline -0.002 -1"><span class='ocrx_word' id='word_1_122' title='bbox 674 1936 903 1993; x_wconf 77' lang='lat' dir='ltr'><strong>CAPUT</strong></span> <span class='ocrx_word' id='word_1_123' title='bbox 944 1936 1234 1993; x_wconf 72' lang='lat' dir='ltr'><strong>PRIMUM.</strong></span> 
     </span>
    </p>
   </div>
   <div class='ocr_carea' id='block_1_19' title="bbox 840 2033 1087 2088">
    <p class='ocr_par' dir='ltr' id='par_1_19' title="bbox 840 2033 1087 2088">
     <span class='ocr_line' id='line_1_19' title="bbox 840 2033 1087 2088; baseline 0.004 -1"><span class='ocrx_word' id='word_1_124' title='bbox 840 2034 917 2087; x_wconf 84' lang='lat' dir='ltr'><strong>De</strong></span> <span class='ocrx_word' id='word_1_125' title='bbox 956 2033 1087 2088; x_wconf 87' lang='lat' dir='ltr'><strong>Deo.</strong></span> 
     </span>
    </p>
   </div>
   <div class='ocr_carea' id='block_1_20' title="bbox 246 2122 1745 2196">
    <p class='ocr_par' dir='ltr' id='par_1_20' title="bbox 246 2122 1745 2196">
     <span class='ocr_line' id='line_1_20' title="bbox 246 2122 1745 2196; baseline 0.002 -18"><span class='ocrx_word' id='word_1_126' title='bbox 246 2124 294 2179; x_wconf 85' lang='grc'><strong>1.</strong></span> <span class='ocrx_word' id='word_1_127' title='bbox 329 2122 450 2180; x_wconf 88' lang='lat' dir='ltr'><strong>Scio</strong></span> <span class='ocrx_word' id='word_1_128' title='bbox 499 2123 762 2194; x_wconf 87' lang='lat' dir='ltr'><strong>quoniam</strong></span> <span class='ocrx_word' id='word_1_129' title='bbox 796 2127 1143 2181; x_wconf 89' lang='lat' dir='ltr'><strong>conabuntur</strong></span> <span class='ocrx_word' id='word_1_130' title='bbox 1174 2126 1394 2196; x_wconf 87' lang='lat' dir='ltr'><strong>quidam</strong></span> <span class='ocrx_word' id='word_1_131' title='bbox 1442 2125 1604 2180; x_wconf 92' lang='lat' dir='ltr'><strong>etiam</strong></span> <span class='ocrx_word' id='word_1_132' title='bbox 1658 2140 1745 2181; x_wconf 92' lang='lat' dir='ltr'><strong>se-</strong></span> 
     </span>
    </p>
   </div>
   <div class='ocr_carea' id='block_1_21' title="bbox 188 2215 1746 2288">
    <p class='ocr_par' dir='ltr' id='par_1_21' title="bbox 188 2215 1746 2288">
     <span class='ocr_line' id='line_1_21' title="bbox 188 2215 1746 2288; baseline 0.004 -21"><span class='ocrx_word' id='word_1_133' title='bbox 188 2215 399 2269; x_wconf 84' lang='lat' dir='ltr'><strong>cundum</strong></span> <span class='ocrx_word' id='word_1_134' title='bbox 455 2215 777 2286; x_wconf 90' lang='lat' dir='ltr'><strong>Scripturas</strong></span> <span class='ocrx_word' id='word_1_135' title='bbox 828 2226 1047 2273; x_wconf 89' lang='lat' dir='ltr'><strong>nostras</strong></span> <span class='ocrx_word' id='word_1_136' title='bbox 1106 2218 1287 2273; x_wconf 85' lang='lat' dir='ltr'><strong>dicere</strong></span> <span class='ocrx_word' id='word_1_137' title='bbox 1330 2219 1497 2273; x_wconf 91' lang='lat' dir='ltr'><strong>Deum</strong></span> <span class='ocrx_word' id='word_1_138' title='bbox 1550 2232 1746 2288; x_wconf 90' lang='lat' dir='ltr'><strong>corpus</strong></span> 
     </span>
    </p>
   </div>
   <div class='ocr_carea' id='block_1_22' title="bbox 184 2308 1739 2380">
    <p class='ocr_par' dir='ltr' id='par_1_22' title="bbox 184 2308 1739 2380">
     <span class='ocr_line' id='line_1_22' title="bbox 184 2308 1739 2380; baseline 0.002 -18"><span class='ocrx_word' id='word_1_139' title='bbox 184 2322 291 2362; x_wconf 87' lang='lat' dir='ltr'><strong>esse</strong></span> <span class='ocrx_word' id='word_1_140' title='bbox 323 2308 454 2377; x_wconf 89' lang='grc'>(66),</span> <span class='ocrx_word' id='word_1_141' title='bbox 499 2311 761 2378; x_wconf 88' lang='lat' dir='ltr'><strong>quoniam</strong></span> <span class='ocrx_word' id='word_1_142' title='bbox 810 2310 1092 2369; x_wconf 90' lang='lat' dir='ltr'><strong>inveniunt</strong></span> <span class='ocrx_word' id='word_1_143' title='bbox 1136 2310 1402 2380; x_wconf 88' lang='lat' dir='ltr'><strong>scriptum</strong></span> <span class='ocrx_word' id='word_1_144' title='bbox 1449 2325 1570 2365; x_wconf 90' lang='lat' dir='ltr'><strong>esse</strong></span> <span class='ocrx_word' id='word_1_145' title='bbox 1600 2310 1739 2379; x_wconf 88' lang='lat' dir='ltr'><strong>apud</strong></span> 
     </span>
    </p>
   </div>
   <div class='ocr_carea' id='block_1_23' title="bbox 181 2397 1738 2472">
    <p class='ocr_par' dir='ltr' id='par_1_23' title="bbox 181 2397 1738 2472">
     <span class='ocr_line' id='line_1_23' title="bbox 181 2397 1738 2472; baseline 0.004 -22"><span class='ocrx_word' id='word_1_146' title='bbox 181 2397 398 2469; x_wconf 77' lang='lat' dir='ltr'><strong>Moysem</strong></span> <span class='ocrx_word' id='word_1_147' title='bbox 443 2401 661 2469; x_wconf 88' lang='lat' dir='ltr'><strong>quidem</strong></span> <span class='ocrx_word' id='word_1_148' title='bbox 700 2420 712 2454; x_wconf 92' lang='lat'><strong>:</strong></span> <span class='ocrx_word' id='word_1_149' title='bbox 753 2420 769 2452; x_wconf 75' lang='grc' dir='ltr'><strong><em>ι</em></strong></span> <span class='ocrx_word' id='word_1_150' title='bbox 804 2401 940 2455; x_wconf 89' lang='lat' dir='ltr'><strong>Deus</strong></span> <span class='ocrx_word' id='word_1_151' title='bbox 968 2410 1149 2457; x_wconf 89' lang='lat' dir='ltr'><strong>noster</strong></span> <span class='ocrx_word' id='word_1_152' title='bbox 1198 2402 1340 2472; x_wconf 85' lang='lat' dir='ltr'><strong>ignis</strong></span> <span class='ocrx_word' id='word_1_153' title='bbox 1410 2416 1738 2457; x_wconf 82' lang='lat' dir='ltr'><strong>consumens</strong></span> 
     </span>
    </p>
   </div>
   <div class='ocr_carea' id='block_1_24' title="bbox 181 2490 1735 2562">
    <p class='ocr_par' dir='ltr' id='par_1_24' title="bbox 181 2490 1735 2562">
     <span class='ocr_line' id='line_1_24' title="bbox 181 2490 1735 2562; baseline 0.003 -18"><span class='ocrx_word' id='word_1_154' title='bbox 181 2502 258 2544; x_wconf 84' lang='lat' dir='ltr'><strong>est</strong></span> <span class='ocrx_word' id='word_1_155' title='bbox 284 2490 394 2554; x_wconf 77' lang='grc'><strong>¹³;›</strong></span> <span class='ocrx_word' id='word_1_156' title='bbox 453 2492 503 2544; x_wconf 91' lang='lat' dir='ltr'><strong>in</strong></span> <span class='ocrx_word' id='word_1_157' title='bbox 558 2492 854 2562; x_wconf 87' lang='lat' dir='ltr'><strong>Evangelio</strong></span> <span class='ocrx_word' id='word_1_158' title='bbox 900 2506 1030 2546; x_wconf 88' lang='lat' dir='ltr'><strong>vero</strong></span> <span class='ocrx_word' id='word_1_159' title='bbox 1082 2493 1377 2548; x_wconf 90' lang='lat' dir='ltr'><strong>secundum</strong></span> <span class='ocrx_word' id='word_1_160' title='bbox 1416 2493 1680 2549; x_wconf 85' lang='lat' dir='ltr'><strong>Joannem</strong></span> <span class='ocrx_word' id='word_1_161' title='bbox 1720 2512 1735 2548; x_wconf 88' lang='lat'><strong>:</strong></span> 
     </span>
    </p>
   </div>
   <div class='ocr_carea' id='block_1_25' title="bbox 186 2581 1745 2655">
    <p class='ocr_par' dir='ltr' id='par_1_25' title="bbox 186 2581 1745 2655">
     <span class='ocr_line' id='line_1_25' title="bbox 186 2581 1745 2655; baseline 0.005 -24"><span class='ocrx_word' id='word_1_162' title='bbox 186 2599 201 2631; x_wconf 73' lang='grc' dir='ltr'>ι</span> <span class='ocrx_word' id='word_1_163' title='bbox 230 2581 359 2636; x_wconf 87' lang='lat' dir='ltr'><strong>Deus</strong></span> <span class='ocrx_word' id='word_1_164' title='bbox 388 2584 617 2651; x_wconf 88' lang='lat' dir='ltr'><strong>spiritus</strong></span> <span class='ocrx_word' id='word_1_165' title='bbox 646 2594 751 2646; x_wconf 88' lang='lat' dir='ltr'><strong>est,</strong></span> <span class='ocrx_word' id='word_1_166' title='bbox 781 2594 836 2637; x_wconf 91' lang='lat' dir='ltr'><strong>et</strong></span> <span class='ocrx_word' id='word_1_167' title='bbox 864 2598 957 2638; x_wconf 91' lang='lat' dir='ltr'><strong>eos</strong></span> <span class='ocrx_word' id='word_1_168' title='bbox 986 2585 1077 2654; x_wconf 89' lang='lat' dir='ltr'><strong>qui</strong></span> <span class='ocrx_word' id='word_1_169' title='bbox 1106 2585 1337 2639; x_wconf 90' lang='lat' dir='ltr'><strong>adorant</strong></span> <span class='ocrx_word' id='word_1_170' title='bbox 1366 2601 1510 2653; x_wconf 88' lang='lat' dir='ltr'><strong>eum,</strong></span> <span class='ocrx_word' id='word_1_171' title='bbox 1543 2586 1597 2639; x_wconf 92' lang='lat' dir='ltr'><strong>in</strong></span> <span class='ocrx_word' id='word_1_172' title='bbox 1640 2585 1745 2655; x_wconf 75' lang='lat' dir='ltr'><strong>Spi-</strong></span> 
     </span>
    </p>
   </div>
   <div class='ocr_carea' id='block_1_26' title="bbox 181 2675 1744 2748">
    <p class='ocr_par' dir='ltr' id='par_1_26' title="bbox 181 2675 1744 2748">
     <span class='ocr_line' id='line_1_26' title="bbox 181 2675 1744 2748; baseline 0.004 -22"><span class='ocrx_word' id='word_1_173' title='bbox 181 2675 275 2727; x_wconf 87' lang='lat' dir='ltr'><strong>ritu</strong></span> <span class='ocrx_word' id='word_1_174' title='bbox 301 2686 354 2729; x_wconf 91' lang='lat' dir='ltr'><strong>et</strong></span> <span class='ocrx_word' id='word_1_175' title='bbox 386 2675 621 2729; x_wconf 78' lang='lat' dir='ltr'><strong>veritate</strong></span> <span class='ocrx_word' id='word_1_176' title='bbox 649 2684 863 2744; x_wconf 86' lang='lat' dir='ltr'><strong>oportet</strong></span> <span class='ocrx_word' id='word_1_177' title='bbox 907 2676 1133 2731; x_wconf 87' lang='lat' dir='ltr'><strong>adorare</strong></span> <span class='ocrx_word' id='word_1_178' title='bbox 1163 2676 1232 2729; x_wconf 75' lang='lat'><strong>”.</strong></span> <span class='ocrx_word' id='word_1_179' title='bbox 1264 2696 1281 2729; x_wconf 77' lang='grc' dir='ltr'><strong><em>ι</em></strong></span> <span class='ocrx_word' id='word_1_180' title='bbox 1328 2676 1473 2748; x_wconf 84' lang='lat' dir='ltr'><strong>Ignis</strong></span> <span class='ocrx_word' id='word_1_181' title='bbox 1520 2693 1651 2733; x_wconf 90' lang='lat' dir='ltr'><strong>vero</strong></span> <span class='ocrx_word' id='word_1_182' title='bbox 1688 2689 1744 2733; x_wconf 90' lang='lat' dir='ltr'><strong>et</strong></span> 
     </span>
    </p>
   </div>
   <div class='ocr_carea' id='block_1_27' title="bbox 178 2767 1746 2840">
    <p class='ocr_par' dir='ltr' id='par_1_27' title="bbox 178 2767 1746 2840">
     <span class='ocr_line' id='line_1_27' title="bbox 178 2767 1746 2840; baseline 0.003 -22"><span class='ocrx_word' id='word_1_183' title='bbox 178 2767 384 2836; x_wconf 87' lang='lat' dir='ltr'><strong>spiritus</strong></span> <span class='ocrx_word' id='word_1_184' title='bbox 428 2782 536 2821; x_wconf 91' lang='lat' dir='ltr'><strong>non</strong></span> <span class='ocrx_word' id='word_1_185' title='bbox 571 2768 716 2821; x_wconf 87' lang='lat' dir='ltr'><strong>aliud</strong></span> <span class='ocrx_word' id='word_1_186' title='bbox 757 2769 897 2837; x_wconf 90' lang='lat' dir='ltr'><strong>apud</strong></span> <span class='ocrx_word' id='word_1_187' title='bbox 929 2783 1023 2823; x_wconf 90' lang='lat' dir='ltr'><strong>eos</strong></span> <span class='ocrx_word' id='word_1_188' title='bbox 1055 2783 1217 2837; x_wconf 89' lang='lat' dir='ltr'><strong>quam</strong></span> <span class='ocrx_word' id='word_1_189' title='bbox 1261 2784 1460 2839; x_wconf 88' lang='lat' dir='ltr'><strong>corpus</strong></span> <span class='ocrx_word' id='word_1_190' title='bbox 1491 2785 1611 2824; x_wconf 90' lang='lat' dir='ltr'><strong>esse</strong></span> <span class='ocrx_word' id='word_1_191' title='bbox 1648 2786 1746 2840; x_wconf 89' lang='lat' dir='ltr'><strong>pu-</strong></span> 
     </span>
    </p>
   </div>
   <div class='ocr_carea' id='block_1_28' title="bbox 182 2859 1745 2930">
    <p class='ocr_par' dir='ltr' id='par_1_28' title="bbox 182 2859 1745 2930">
     <span class='ocr_line' id='line_1_28' title="bbox 182 2859 1745 2930; baseline 0.003 -19"><span class='ocrx_word' id='word_1_192' title='bbox 182 2859 387 2914; x_wconf 74' lang='lat' dir='ltr'><strong>tabitur.</strong></span> <span class='ocrx_word' id='word_1_193' title='bbox 422 2860 572 2928; x_wconf 86' lang='lat' dir='ltr'><strong>Quos</strong></span> <span class='ocrx_word' id='word_1_194' title='bbox 619 2860 968 2930; x_wconf 88' lang='lat' dir='ltr'><strong>interrogare</strong></span> <span class='ocrx_word' id='word_1_195' title='bbox 1018 2860 1140 2915; x_wconf 90' lang='lat' dir='ltr'><strong>volo</strong></span> <span class='ocrx_word' id='word_1_196' title='bbox 1183 2862 1313 2930; x_wconf 93' lang='lat' dir='ltr'><strong>quid</strong></span> <span class='ocrx_word' id='word_1_197' title='bbox 1346 2862 1529 2916; x_wconf 89' lang='lat' dir='ltr'><strong>dicant</strong></span> <span class='ocrx_word' id='word_1_198' title='bbox 1570 2863 1635 2916; x_wconf 92' lang='lat' dir='ltr'><strong>de</strong></span> <span class='ocrx_word' id='word_1_199' title='bbox 1680 2877 1745 2917; x_wconf 88' lang='lat' dir='ltr'><strong>eo</strong></span> 
     </span>
    </p>
   </div>
   <div class='ocr_carea' id='block_1_29' title="bbox 178 2951 1741 3021">
    <p class='ocr_par' dir='ltr' id='par_1_29' title="bbox 178 2951 1741 3021">
     <span class='ocr_line' id='line_1_29' title="bbox 178 2951 1741 3021; baseline 0.004 -18"><span class='ocrx_word' id='word_1_200' title='bbox 178 2952 309 3016; x_wconf 89' lang='lat' dir='ltr'><strong>quod</strong></span> <span class='ocrx_word' id='word_1_201' title='bbox 333 2952 598 3021; x_wconf 89' lang='lat' dir='ltr'><strong>scriptum</strong></span> <span class='ocrx_word' id='word_1_202' title='bbox 626 2961 732 3015; x_wconf 89' lang='lat' dir='ltr'><strong>est,</strong></span> <span class='ocrx_word' id='word_1_203' title='bbox 760 2952 887 3020; x_wconf 88' lang='lat' dir='ltr'><strong>quia</strong></span> <span class='ocrx_word' id='word_1_204' title='bbox 916 2951 1055 3005; x_wconf 91' lang='lat' dir='ltr'><strong>Deus</strong></span> <span class='ocrx_word' id='word_1_205' title='bbox 1085 2951 1173 3005; x_wconf 83' lang='lat' dir='ltr'><strong>lux</strong></span> <span class='ocrx_word' id='word_1_206' title='bbox 1206 2962 1310 3019; x_wconf 91' lang='lat' dir='ltr'><strong>est,</strong></span> <span class='ocrx_word' id='word_1_207' title='bbox 1341 2953 1482 3008; x_wconf 91' lang='lat' dir='ltr'><strong>sicut</strong></span> <span class='ocrx_word' id='word_1_208' title='bbox 1502 2952 1741 3010; x_wconf 82' lang='lat' dir='ltr'><strong>Joannes</strong></span> 
     </span>
    </p>
   </div>
   <div class='ocr_carea' id='block_1_30' title="bbox 182 3041 1747 3112">
    <p class='ocr_par' dir='ltr' id='par_1_30' title="bbox 182 3041 1747 3112">
     <span class='ocr_line' id='line_1_30' title="bbox 182 3041 1747 3112; baseline 0.003 -16"><span class='ocrx_word' id='word_1_209' title='bbox 182 3042 228 3096; x_wconf 92' lang='lat' dir='ltr'><strong>in</strong></span> <span class='ocrx_word' id='word_1_210' title='bbox 268 3041 511 3112; x_wconf 79' lang='lat' dir='ltr'><strong>Epistola</strong></span> <span class='ocrx_word' id='word_1_211' title='bbox 557 3058 656 3097; x_wconf 91' lang='lat' dir='ltr'><strong>sua</strong></span> <span class='ocrx_word' id='word_1_212' title='bbox 690 3044 867 3098; x_wconf 88' lang='lat' dir='ltr'><strong>dicit:</strong></span> <span class='ocrx_word' id='word_1_213' title='bbox 905 3064 922 3096; x_wconf 72' lang='grc' dir='ltr'>ι</span> <span class='ocrx_word' id='word_1_214' title='bbox 957 3044 1096 3100; x_wconf 90' lang='lat' dir='ltr'><strong>Deus</strong></span> <span class='ocrx_word' id='word_1_215' title='bbox 1140 3045 1233 3098; x_wconf 83' lang='lat' dir='ltr'><strong>lux</strong></span> <span class='ocrx_word' id='word_1_216' title='bbox 1266 3054 1385 3110; x_wconf 88' lang='lat' dir='ltr'><strong>est,</strong></span> <span class='ocrx_word' id='word_1_217' title='bbox 1427 3053 1483 3100; x_wconf 90' lang='lat' dir='ltr'><strong>et</strong></span> <span class='ocrx_word' id='word_1_218' title='bbox 1510 3047 1747 3101; x_wconf 67' lang='lat' dir='ltr'><strong>tenebrae</strong></span> 
     </span>
    </p>
   </div>
   <div class='ocr_carea' id='block_1_31' title="bbox 182 3133 1747 3202">
    <p class='ocr_par' dir='ltr' id='par_1_31' title="bbox 182 3133 1747 3202">
     <span class='ocr_line' id='line_1_31' title="bbox 182 3133 1747 3202; baseline -0.001 -15"><span class='ocrx_word' id='word_1_219' title='bbox 182 3148 275 3188; x_wconf 90' lang='lat' dir='ltr'><strong>non</strong></span> <span class='ocrx_word' id='word_1_220' title='bbox 298 3143 423 3189; x_wconf 89' lang='lat' dir='ltr'><strong>sunt</strong></span> <span class='ocrx_word' id='word_1_221' title='bbox 472 3135 530 3188; x_wconf 90' lang='lat' dir='ltr'><strong>in</strong></span> <span class='ocrx_word' id='word_1_222' title='bbox 580 3149 646 3189; x_wconf 88' lang='lat' dir='ltr'><strong>eo</strong></span> <span class='ocrx_word' id='word_1_223' title='bbox 672 3135 735 3188; x_wconf 81' lang='lat'><strong>&quot;.</strong></span> <span class='ocrx_word' id='word_1_224' title='bbox 768 3152 787 3184; x_wconf 76' lang='grc' dir='ltr'><strong><em>ι</em></strong></span> <span class='ocrx_word' id='word_1_225' title='bbox 825 3134 928 3188; x_wconf 87' lang='lat' dir='ltr'><strong>[sta</strong></span> <span class='ocrx_word' id='word_1_226' title='bbox 979 3149 1171 3202; x_wconf 89' lang='lat' dir='ltr'><strong>nempe</strong></span> <span class='ocrx_word' id='word_1_227' title='bbox 1205 3133 1292 3187; x_wconf 83' lang='lat' dir='ltr'><strong>lux</strong></span> <span class='ocrx_word' id='word_1_228' title='bbox 1327 3142 1429 3197; x_wconf 89' lang='lat' dir='ltr'><strong>est,</strong></span> <span class='ocrx_word' id='word_1_229' title='bbox 1463 3149 1585 3201; x_wconf 83' lang='lat' dir='ltr'><strong>quae</strong></span> <span class='ocrx_word' id='word_1_230' title='bbox 1627 3134 1747 3188; x_wconf 92' lang='lat' dir='ltr'><strong>illu-</strong></span> 
     </span>
    </p>
   </div>
   <div class='ocr_carea' id='block_1_32' title="bbox 1854 662 3428 734">
    <p class='ocr_par' dir='ltr' id='par_1_32' title="bbox 1854 662 3428 734">
     <span class='ocr_line' id='line_1_32' title="bbox 1854 662 3428 734; baseline -0.002 -17"><span class='ocrx_word' id='word_1_231' title='bbox 1854 666 2132 734; x_wconf 87' lang='lat' dir='ltr'><strong>putabitur</strong></span> <span class='ocrx_word' id='word_1_232' title='bbox 2165 678 2488 720; x_wconf 85' lang='lat' dir='ltr'><strong>consumere</strong></span> <span class='ocrx_word' id='word_1_233' title='bbox 2520 662 2803 718; x_wconf 86' lang='lat' dir='ltr'><strong>materiam</strong></span> <span class='ocrx_word' id='word_1_234' title='bbox 2854 662 3218 731; x_wconf 85' lang='lat' dir='ltr'><strong>corporalem,</strong></span> <span class='ocrx_word' id='word_1_235' title='bbox 3254 669 3311 714; x_wconf 92' lang='lat' dir='ltr'><strong>ut</strong></span> <span class='ocrx_word' id='word_1_236' title='bbox 3342 670 3428 714; x_wconf 90' lang='lat' dir='ltr'><strong>est</strong></span> 
     </span>
    </p>
   </div>
   <div class='ocr_carea' id='block_1_33' title="bbox 1852 749 3426 825">
    <p class='ocr_par' dir='ltr' id='par_1_33' title="bbox 1852 749 3426 825">
     <span class='ocr_line' id='line_1_33' title="bbox 1852 749 3426 825; baseline -0.003 -16"><span class='ocrx_word' id='word_1_237' title='bbox 1852 757 2091 825; x_wconf 84' lang='lat' dir='ltr'><strong>lignum,</strong></span> <span class='ocrx_word' id='word_1_238' title='bbox 2135 757 2217 810; x_wconf 92' lang='lat' dir='ltr'><strong>vel</strong></span> <span class='ocrx_word' id='word_1_239' title='bbox 2275 757 2490 819; x_wconf 88' lang='lat' dir='ltr'><strong>fenum,</strong></span> <span class='ocrx_word' id='word_1_240' title='bbox 2529 755 2612 810; x_wconf 92' lang='lat' dir='ltr'><strong>vel</strong></span> <span class='ocrx_word' id='word_1_241' title='bbox 2662 752 2901 823; x_wconf 86' lang='lat' dir='ltr'><strong>stipula?</strong></span> <span class='ocrx_word' id='word_1_242' title='bbox 2942 761 2998 806; x_wconf 88' lang='lat' dir='ltr'><strong>et</strong></span> <span class='ocrx_word' id='word_1_243' title='bbox 3051 752 3179 821; x_wconf 92' lang='lat' dir='ltr'><strong>quid</strong></span> <span class='ocrx_word' id='word_1_244' title='bbox 3223 750 3275 804; x_wconf 84' lang='lat' dir='ltr'><strong>in</strong></span> <span class='ocrx_word' id='word_1_245' title='bbox 3323 749 3426 805; x_wconf 86' lang='lat' dir='ltr'><strong>hoc</strong></span> 
     </span>
    </p>
   </div>
   <div class='ocr_carea' id='block_1_34' title="bbox 1851 842 3427 919">
    <p class='ocr_par' dir='ltr' id='par_1_34' title="bbox 1851 842 3427 919">
     <span class='ocr_line' id='line_1_34' title="bbox 1851 842 3427 919; baseline -0.004 -16"><span class='ocrx_word' id='word_1_246' title='bbox 1851 848 2070 919; x_wconf 88' lang='lat' dir='ltr'><strong>dignum</strong></span> <span class='ocrx_word' id='word_1_247' title='bbox 2108 848 2197 902; x_wconf 92' lang='lat' dir='ltr'><strong>Dei</strong></span> <span class='ocrx_word' id='word_1_248' title='bbox 2234 849 2480 903; x_wconf 90' lang='lat' dir='ltr'><strong>laudibus</strong></span> <span class='ocrx_word' id='word_1_249' title='bbox 2512 848 2731 911; x_wconf 88' lang='lat' dir='ltr'><strong>dicitur,</strong></span> <span class='ocrx_word' id='word_1_250' title='bbox 2774 846 2817 899; x_wconf 91' lang='lat' dir='ltr'><strong>si</strong></span> <span class='ocrx_word' id='word_1_251' title='bbox 2851 845 2996 899; x_wconf 90' lang='lat' dir='ltr'><strong>Deus</strong></span> <span class='ocrx_word' id='word_1_252' title='bbox 3030 843 3168 913; x_wconf 82' lang='lat' dir='ltr'><strong>ignis</strong></span> <span class='ocrx_word' id='word_1_253' title='bbox 3206 852 3287 897; x_wconf 90' lang='lat' dir='ltr'><strong>est</strong></span> <span class='ocrx_word' id='word_1_254' title='bbox 3324 842 3427 897; x_wconf 22' lang='lat' dir='ltr'><strong>bu.-</strong></span> 
     </span>
    </p>
   </div>
   <div class='ocr_carea' id='block_1_35' title="bbox 1843 933 3426 1007">
    <p class='ocr_par' dir='ltr' id='par_1_35' title="bbox 1843 933 3426 1007">
     <span class='ocr_line' id='line_1_35' title="bbox 1843 933 3426 1007; baseline -0.003 -15"><span class='ocrx_word' id='word_1_255' title='bbox 1843 940 2081 1007; x_wconf 90' lang='lat' dir='ltr'><strong>jusmodi</strong></span> <span class='ocrx_word' id='word_1_256' title='bbox 2127 940 2383 994; x_wconf 87' lang='lat' dir='ltr'><strong>materias</strong></span> <span class='ocrx_word' id='word_1_257' title='bbox 2430 937 2796 994; x_wconf 87' lang='lat' dir='ltr'><strong>consumens?</strong></span> <span class='ocrx_word' id='word_1_258' title='bbox 2846 934 2955 989; x_wconf 89' lang='lat' dir='ltr'><strong>Sed</strong></span> <span class='ocrx_word' id='word_1_259' title='bbox 3017 933 3426 987; x_wconf 84' lang='lat' dir='ltr'><strong>consideremus</strong></span> 
     </span>
    </p>
   </div>
   <div class='ocr_carea' id='block_1_36' title="bbox 1850 1026 3427 1100">
    <p class='ocr_par' dir='ltr' id='par_1_36' title="bbox 1850 1026 3427 1100">
     <span class='ocr_line' id='line_1_36' title="bbox 1850 1026 3427 1100; baseline -0.003 -18"><span class='ocrx_word' id='word_1_260' title='bbox 1850 1031 1975 1100; x_wconf 88' lang='lat' dir='ltr'><strong>quia</strong></span> <span class='ocrx_word' id='word_1_261' title='bbox 2010 1030 2149 1084; x_wconf 91' lang='lat' dir='ltr'><strong>Deus</strong></span> <span class='ocrx_word' id='word_1_262' title='bbox 2176 1030 2444 1085; x_wconf 90' lang='lat' dir='ltr'><strong>consumit</strong></span> <span class='ocrx_word' id='word_1_263' title='bbox 2468 1029 2686 1099; x_wconf 90' lang='lat' dir='ltr'><strong>quidem</strong></span> <span class='ocrx_word' id='word_1_264' title='bbox 2710 1036 2763 1082; x_wconf 90' lang='lat' dir='ltr'><strong>et</strong></span> <span class='ocrx_word' id='word_1_265' title='bbox 2789 1026 3147 1090; x_wconf 84' lang='lat' dir='ltr'><strong>exterminat,</strong></span> <span class='ocrx_word' id='word_1_266' title='bbox 3178 1026 3272 1079; x_wconf 86' lang='lat' dir='ltr'><strong>sed</strong></span> <span class='ocrx_word' id='word_1_267' title='bbox 3302 1038 3427 1078; x_wconf 87' lang='lat' dir='ltr'><strong>cou-</strong></span> 
     </span>
    </p>
   </div>
   <div class='ocr_carea' id='block_1_37' title="bbox 1849 1118 3427 1195">
    <p class='ocr_par' dir='ltr' id='par_1_37' title="bbox 1849 1118 3427 1195">
     <span class='ocr_line' id='line_1_37' title="bbox 1849 1118 3427 1195; baseline -0.006 -17"><span class='ocrx_word' id='word_1_268' title='bbox 1849 1124 2014 1178; x_wconf 91' lang='lat' dir='ltr'><strong>sumit</strong></span> <span class='ocrx_word' id='word_1_269' title='bbox 2058 1123 2170 1195; x_wconf 84' lang='lat'>(68)</span> <span class='ocrx_word' id='word_1_270' title='bbox 2218 1121 2386 1177; x_wconf 89' lang='lat' dir='ltr'><strong>malas</strong></span> <span class='ocrx_word' id='word_1_271' title='bbox 2421 1122 2682 1176; x_wconf 89' lang='lat' dir='ltr'><strong>mentium</strong></span> <span class='ocrx_word' id='word_1_272' title='bbox 2724 1121 3106 1190; x_wconf 84' lang='lat' dir='ltr'><strong>cogitationes,</strong></span> <span class='ocrx_word' id='word_1_273' title='bbox 3149 1118 3427 1171; x_wconf 88' lang='lat' dir='ltr'><strong>consumit</strong></span> 
     </span>
    </p>
   </div>
   <div class='ocr_carea' id='block_1_38' title="bbox 1852 1211 3426 1283">
    <p class='ocr_par' dir='ltr' id='par_1_38' title="bbox 1852 1211 3426 1283">
     <span class='ocr_line' id='line_1_38' title="bbox 1852 1211 3426 1283; baseline -0.004 -16"><span class='ocrx_word' id='word_1_274' title='bbox 1852 1224 1999 1283; x_wconf 90' lang='lat' dir='ltr'><strong>gesta</strong></span> <span class='ocrx_word' id='word_1_275' title='bbox 2034 1215 2237 1283; x_wconf 90' lang='lat' dir='ltr'><strong>turpia,</strong></span> <span class='ocrx_word' id='word_1_276' title='bbox 2281 1212 2550 1268; x_wconf 87' lang='lat' dir='ltr'><strong>consumit</strong></span> <span class='ocrx_word' id='word_1_277' title='bbox 2597 1213 2864 1267; x_wconf 86' lang='lat' dir='ltr'><strong>desideria</strong></span> <span class='ocrx_word' id='word_1_278' title='bbox 2914 1211 3153 1281; x_wconf 88' lang='lat' dir='ltr'><strong>peccati,</strong></span> <span class='ocrx_word' id='word_1_279' title='bbox 3200 1224 3321 1263; x_wconf 92' lang='lat' dir='ltr'><strong>cum</strong></span> <span class='ocrx_word' id='word_1_280' title='bbox 3367 1222 3426 1262; x_wconf 90' lang='lat' dir='ltr'><strong>se</strong></span> 
     </span>
    </p>
   </div>
   <div class='ocr_carea' id='block_1_39' title="bbox 1850 1297 3428 1364">
    <p class='ocr_par' dir='ltr' id='par_1_39' title="bbox 1850 1297 3428 1364">
     <span class='ocr_line' id='line_1_39' title="bbox 1850 1297 3428 1364; baseline -0.006 -8"><span class='ocrx_word' id='word_1_281' title='bbox 1850 1304 2185 1357; x_wconf 86' lang='lat' dir='ltr'><strong>credentium</strong></span> <span class='ocrx_word' id='word_1_282' title='bbox 2219 1302 2493 1358; x_wconf 83' lang='lat' dir='ltr'><strong>mentibus</strong></span> <span class='ocrx_word' id='word_1_283' title='bbox 2526 1300 2758 1364; x_wconf 88' lang='lat' dir='ltr'><strong>inserit,</strong></span> <span class='ocrx_word' id='word_1_284' title='bbox 2808 1310 2863 1353; x_wconf 91' lang='lat' dir='ltr'><strong>et</strong></span> <span class='ocrx_word' id='word_1_285' title='bbox 2910 1312 3003 1353; x_wconf 89' lang='lat' dir='ltr'><strong>eas</strong></span> <span class='ocrx_word' id='word_1_286' title='bbox 3049 1297 3260 1350; x_wconf 87' lang='lat' dir='ltr'><strong>animas</strong></span> <span class='ocrx_word' id='word_1_287' title='bbox 3305 1307 3428 1363; x_wconf 68' lang='lat' dir='ltr'><strong>qua:</strong></span> 
     </span>
    </p>
   </div>
   <div class='ocr_carea' id='block_1_40' title="bbox 1851 1390 3424 1464">
    <p class='ocr_par' dir='ltr' id='par_1_40' title="bbox 1851 1390 3424 1464">
     <span class='ocr_line' id='line_1_40' title="bbox 1851 1390 3424 1464; baseline -0.006 -17"><span class='ocrx_word' id='word_1_288' title='bbox 1851 1393 2014 1449; x_wconf 83' lang='lat' dir='ltr'><strong>Verbi</strong></span> <span class='ocrx_word' id='word_1_289' title='bbox 2031 1394 2145 1462; x_wconf 84' lang='lat' dir='ltr'><strong>ejus</strong></span> <span class='ocrx_word' id='word_1_290' title='bbox 2168 1409 2230 1449; x_wconf 87' lang='lat' dir='ltr'><strong>ac</strong></span> <span class='ocrx_word' id='word_1_291' title='bbox 2257 1393 2538 1464; x_wconf 71' lang='lat' dir='ltr'><strong>sapientiae</strong></span> <span class='ocrx_word' id='word_1_292' title='bbox 2565 1390 2871 1446; x_wconf 87' lang='lat' dir='ltr'><strong>elliciuntur</strong></span> <span class='ocrx_word' id='word_1_293' title='bbox 2896 1403 3146 1459; x_wconf 87' lang='lat' dir='ltr'><strong>capaces,</strong></span> <span class='ocrx_word' id='word_1_294' title='bbox 3171 1401 3277 1440; x_wconf 90' lang='lat' dir='ltr'><strong>una</strong></span> <span class='ocrx_word' id='word_1_295' title='bbox 3301 1400 3424 1440; x_wconf 91' lang='lat' dir='ltr'><strong>cum</strong></span> 
     </span>
    </p>
   </div>
   <div class='ocr_carea' id='block_1_41' title="bbox 1848 1484 3420 1554">
    <p class='ocr_par' dir='ltr' id='par_1_41' title="bbox 1848 1484 3420 1554">
     <span class='ocr_line' id='line_1_41' title="bbox 1848 1484 3420 1554; baseline -0.007 -11"><span class='ocrx_word' id='word_1_296' title='bbox 1848 1488 1984 1543; x_wconf 87' lang='lat' dir='ltr'><strong>Filio</strong></span> <span class='ocrx_word' id='word_1_297' title='bbox 2016 1505 2116 1544; x_wconf 92' lang='lat' dir='ltr'><strong>suo</strong></span> <span class='ocrx_word' id='word_1_298' title='bbox 2147 1489 2486 1553; x_wconf 82' lang='lat' dir='ltr'><strong>inhabitans,</strong></span> <span class='ocrx_word' id='word_1_299' title='bbox 2537 1487 2833 1542; x_wconf 90' lang='lat' dir='ltr'><strong>secundum</strong></span> <span class='ocrx_word' id='word_1_300' title='bbox 2871 1484 3014 1554; x_wconf 89' lang='lat' dir='ltr'><strong>quod</strong></span> <span class='ocrx_word' id='word_1_301' title='bbox 3051 1484 3257 1539; x_wconf 90' lang='lat' dir='ltr'><strong>dictum</strong></span> <span class='ocrx_word' id='word_1_302' title='bbox 3292 1488 3374 1534; x_wconf 91' lang='lat' dir='ltr'><strong>est</strong></span> <span class='ocrx_word' id='word_1_303' title='bbox 3407 1496 3420 1533; x_wconf 91' lang='lat'><strong>:</strong></span> 
     </span>
    </p>
   </div>
   <div class='ocr_carea' id='block_1_42' title="bbox 1854 1572 3424 1650">
    <p class='ocr_par' dir='ltr' id='par_1_42' title="bbox 1854 1572 3424 1650">
     <span class='ocr_line' id='line_1_42' title="bbox 1854 1572 3424 1650; baseline -0.005 -19"><span class='ocrx_word' id='word_1_304' title='bbox 1854 1598 1872 1631; x_wconf 75' lang='grc' dir='ltr'>ι</span> <span class='ocrx_word' id='word_1_305' title='bbox 1902 1579 2012 1650; x_wconf 87' lang='lat' dir='ltr'><strong>Ego</strong></span> <span class='ocrx_word' id='word_1_306' title='bbox 2045 1590 2098 1634; x_wconf 90' lang='lat' dir='ltr'><strong>et</strong></span> <span class='ocrx_word' id='word_1_307' title='bbox 2137 1580 2298 1636; x_wconf 88' lang='lat' dir='ltr'><strong>Pater</strong></span> <span class='ocrx_word' id='word_1_308' title='bbox 2331 1580 2633 1644; x_wconf 89' lang='lat' dir='ltr'><strong>veniemus,</strong></span> <span class='ocrx_word' id='word_1_309' title='bbox 2666 1587 2722 1631; x_wconf 92' lang='lat' dir='ltr'><strong>et</strong></span> <span class='ocrx_word' id='word_1_310' title='bbox 2758 1576 3096 1630; x_wconf 88' lang='lat' dir='ltr'><strong>mansionem</strong></span> <span class='ocrx_word' id='word_1_311' title='bbox 3129 1572 3269 1642; x_wconf 91' lang='lat' dir='ltr'><strong>apud</strong></span> <span class='ocrx_word' id='word_1_312' title='bbox 3301 1586 3424 1625; x_wconf 91' lang='lat' dir='ltr'><strong>eum</strong></span> 
     </span>
    </p>
   </div>
   <div class='ocr_carea' id='block_1_43' title="bbox 1850 1663 3426 1737">
    <p class='ocr_par' dir='ltr' id='par_1_43' title="bbox 1850 1663 3426 1737">
     <span class='ocr_line' id='line_1_43' title="bbox 1850 1663 3426 1737; baseline -0.007 -11"><span class='ocrx_word' id='word_1_313' title='bbox 1850 1673 2107 1727; x_wconf 81' lang='lat' dir='ltr'><strong>faciemus</strong></span> <span class='ocrx_word' id='word_1_314' title='bbox 2132 1674 2208 1737; x_wconf 88' lang='grc'><strong>¹⁷;</strong></span> <span class='ocrx_word' id='word_1_315' title='bbox 2238 1692 2255 1724; x_wconf 76' lang='grc' dir='ltr'><strong><em>ι</em></strong></span> <span class='ocrx_word' id='word_1_316' title='bbox 2289 1672 2545 1728; x_wconf 89' lang='lat' dir='ltr'><strong>omnibus</strong></span> <span class='ocrx_word' id='word_1_317' title='bbox 2569 1686 2757 1725; x_wconf 91' lang='lat' dir='ltr'><strong>eorum</strong></span> <span class='ocrx_word' id='word_1_318' title='bbox 2792 1667 2939 1722; x_wconf 89' lang='lat' dir='ltr'><strong>vitiis</strong></span> <span class='ocrx_word' id='word_1_319' title='bbox 2972 1663 3426 1736; x_wconf 85' lang='lat' dir='ltr'><strong>passionibusque</strong></span> 
     </span>
    </p>
   </div>
   <div class='ocr_carea' id='block_1_44' title="bbox 1848 1750 3427 1833">
    <p class='ocr_par' dir='ltr' id='par_1_44' title="bbox 1848 1750 3427 1833">
     <span class='ocr_line' id='line_1_44' title="bbox 1848 1750 3427 1833; baseline -0.008 -16"><span class='ocrx_word' id='word_1_320' title='bbox 1848 1764 2180 1831; x_wconf 82' lang='lat' dir='ltr'><strong>consumptis</strong></span> <span class='ocrx_word' id='word_1_321' title='bbox 2209 1777 2398 1832; x_wconf 91' lang='lat' dir='ltr'><strong>purum</strong></span> <span class='ocrx_word' id='word_1_322' title='bbox 2425 1760 2536 1833; x_wconf 86' lang='lat'>(69)</span> <span class='ocrx_word' id='word_1_323' title='bbox 2566 1758 2666 1815; x_wconf 90' lang='lat' dir='ltr'><strong>sibi</strong></span> <span class='ocrx_word' id='word_1_324' title='bbox 2696 1773 2789 1813; x_wconf 89' lang='lat' dir='ltr'><strong>eas</strong></span> <span class='ocrx_word' id='word_1_325' title='bbox 2817 1772 2987 1824; x_wconf 85' lang='lat' dir='ltr'><strong>seque</strong></span> <span class='ocrx_word' id='word_1_326' title='bbox 3014 1757 3233 1826; x_wconf 87' lang='lat' dir='ltr'><strong>digmnu</strong></span> <span class='ocrx_word' id='word_1_327' title='bbox 3264 1750 3427 1808; x_wconf 84' lang='lat' dir='ltr'><strong>efficit</strong></span> 
     </span>
    </p>
   </div>
   <div class='ocr_carea' id='block_1_45' title="bbox 1848 1850 3428 1927">
    <p class='ocr_par' dir='ltr' id='par_1_45' title="bbox 1848 1850 3428 1927">
     <span class='ocr_line' id='line_1_45' title="bbox 1848 1850 3428 1927; baseline -0.008 -15"><span class='ocrx_word' id='word_1_328' title='bbox 1848 1857 2129 1927; x_wconf 90' lang='lat' dir='ltr'><strong>templum.</strong></span> <span class='ocrx_word' id='word_1_329' title='bbox 2177 1856 2281 1911; x_wconf 90' lang='lat' dir='ltr'><strong>Sed</strong></span> <span class='ocrx_word' id='word_1_330' title='bbox 2314 1865 2368 1910; x_wconf 91' lang='lat' dir='ltr'><strong>et</strong></span> <span class='ocrx_word' id='word_1_331' title='bbox 2409 1857 2496 1910; x_wconf 89' lang='lat' dir='ltr'><strong>bis</strong></span> <span class='ocrx_word' id='word_1_332' title='bbox 2538 1857 2629 1924; x_wconf 92' lang='lat' dir='ltr'><strong>qui</strong></span> <span class='ocrx_word' id='word_1_333' title='bbox 2661 1870 2756 1923; x_wconf 87' lang='lat' dir='ltr'><strong>per</strong></span> <span class='ocrx_word' id='word_1_334' title='bbox 2792 1855 2893 1908; x_wconf 91' lang='lat' dir='ltr'><strong>hoc</strong></span> <span class='ocrx_word' id='word_1_335' title='bbox 2927 1852 3069 1920; x_wconf 92' lang='lat' dir='ltr'><strong>quod</strong></span> <span class='ocrx_word' id='word_1_336' title='bbox 3104 1850 3305 1904; x_wconf 88' lang='lat' dir='ltr'><strong>dictum</strong></span> <span class='ocrx_word' id='word_1_337' title='bbox 3345 1856 3428 1901; x_wconf 85' lang='lat' dir='ltr'><strong>est</strong></span> 
     </span>
    </p>
   </div>
   <div class='ocr_carea' id='block_1_46' title="bbox 1850 1936 3428 2019">
    <p class='ocr_par' dir='ltr' id='par_1_46' title="bbox 1850 1936 3428 2019">
     <span class='ocr_line' id='line_1_46' title="bbox 1850 1936 3428 2019; baseline -0.01 -16"><span class='ocrx_word' id='word_1_338' title='bbox 1850 1949 2107 2019; x_wconf 87' lang='lat' dir='ltr'><strong>quoniam</strong></span> <span class='ocrx_word' id='word_1_339' title='bbox 2150 1965 2168 1998; x_wconf 75' lang='grc' dir='ltr'>ι</span> <span class='ocrx_word' id='word_1_340' title='bbox 2198 1946 2339 2001; x_wconf 90' lang='lat' dir='ltr'><strong>Deus</strong></span> <span class='ocrx_word' id='word_1_341' title='bbox 2389 1945 2611 2014; x_wconf 78' lang='lat' dir='ltr'><strong>spiritus</strong></span> <span class='ocrx_word' id='word_1_342' title='bbox 2643 1953 2726 1998; x_wconf 91' lang='lat' dir='ltr'><strong>est</strong></span> <span class='ocrx_word' id='word_1_343' title='bbox 2750 1943 2814 2008; x_wconf 71' lang='grc' dir='ltr'><strong>η,</strong></span> <span class='ocrx_word' id='word_1_344' title='bbox 2842 1961 2861 1993; x_wconf 75' lang='grc' dir='ltr'><strong><em>ι</em></strong></span> <span class='ocrx_word' id='word_1_345' title='bbox 2904 1955 3098 2007; x_wconf 88' lang='lat' dir='ltr'><strong>corpus</strong></span> <span class='ocrx_word' id='word_1_346' title='bbox 3131 1951 3250 1992; x_wconf 89' lang='lat' dir='ltr'><strong>esse</strong></span> <span class='ocrx_word' id='word_1_347' title='bbox 3284 1936 3428 1989; x_wconf 89' lang='lat' dir='ltr'><strong>arbi-</strong></span> 
     </span>
    </p>
   </div>
   <div class='ocr_carea' id='block_1_47' title="bbox 1852 2032 3431 2110">
    <p class='ocr_par' dir='ltr' id='par_1_47' title="bbox 1852 2032 3431 2110">
     <span class='ocr_line' id='line_1_47' title="bbox 1852 2032 3431 2110; baseline -0.009 -15"><span class='ocrx_word' id='word_1_348' title='bbox 1852 2047 2065 2095; x_wconf 88' lang='lat' dir='ltr'><strong>trantur</strong></span> <span class='ocrx_word' id='word_1_349' title='bbox 2103 2037 2271 2093; x_wconf 91' lang='lat' dir='ltr'><strong>Deum</strong></span> <span class='ocrx_word' id='word_1_350' title='bbox 2300 2036 2436 2110; x_wconf 83' lang='grc'>(76),</span> <span class='ocrx_word' id='word_1_351' title='bbox 2466 2037 2567 2090; x_wconf 88' lang='lat' dir='ltr'><strong>hoc</strong></span> <span class='ocrx_word' id='word_1_352' title='bbox 2596 2036 2758 2089; x_wconf 89' lang='lat' dir='ltr'><strong>modo</strong></span> <span class='ocrx_word' id='word_1_353' title='bbox 2792 2032 3032 2086; x_wconf 88' lang='lat' dir='ltr'><strong>arbitror</strong></span> <span class='ocrx_word' id='word_1_354' title='bbox 3060 2045 3183 2085; x_wconf 81' lang='lat' dir='ltr'><strong>esse</strong></span> <span class='ocrx_word' id='word_1_355' title='bbox 3217 2043 3431 2098; x_wconf 82' lang='lat' dir='ltr'><strong>respon-</strong></span> 
     </span>
    </p>
   </div>
   <div class='ocr_carea' id='block_1_48' title="bbox 1847 2124 3425 2193">
    <p class='ocr_par' dir='ltr' id='par_1_48' title="bbox 1847 2124 3425 2193">
     <span class='ocr_line' id='line_1_48' title="bbox 1847 2124 3425 2193; baseline -0.01 -7"><span class='ocrx_word' id='word_1_356' title='bbox 1847 2131 2081 2186; x_wconf 90' lang='lat' dir='ltr'><strong>dendum</strong></span> <span class='ocrx_word' id='word_1_357' title='bbox 2125 2147 2139 2185; x_wconf 88' lang='lat'><strong>:</strong></span> <span class='ocrx_word' id='word_1_358' title='bbox 2177 2128 2523 2184; x_wconf 90' lang='lat' dir='ltr'><strong>consuetudo</strong></span> <span class='ocrx_word' id='word_1_359' title='bbox 2567 2135 2652 2181; x_wconf 93' lang='lat' dir='ltr'><strong>est</strong></span> <span class='ocrx_word' id='word_1_360' title='bbox 2703 2124 3001 2193; x_wconf 66' lang='lat' dir='ltr'><strong>Scriptura:</strong></span> <span class='ocrx_word' id='word_1_361' title='bbox 3047 2129 3251 2174; x_wconf 74' lang='lat' dir='ltr'><strong>sancta:</strong></span> <span class='ocrx_word' id='word_1_362' title='bbox 3304 2134 3425 2172; x_wconf 88' lang='lat' dir='ltr'><strong>cum</strong></span> 
     </span>
    </p>
   </div>
   <div class='ocr_carea' id='block_1_49' title="bbox 1848 2210 3427 2293">
    <p class='ocr_par' dir='ltr' id='par_1_49' title="bbox 1848 2210 3427 2293">
     <span class='ocr_line' id='line_1_49' title="bbox 1848 2210 3427 2293; baseline -0.009 -16"><span class='ocrx_word' id='word_1_363' title='bbox 1848 2222 2054 2293; x_wconf 83' lang='lat' dir='ltr'><strong>aliquid</strong></span> <span class='ocrx_word' id='word_1_364' title='bbox 2108 2221 2442 2276; x_wconf 91' lang='lat' dir='ltr'><strong>contrarium</strong></span> <span class='ocrx_word' id='word_1_365' title='bbox 2480 2217 2693 2287; x_wconf 87' lang='lat' dir='ltr'><strong>corpori</strong></span> <span class='ocrx_word' id='word_1_366' title='bbox 2739 2215 2865 2270; x_wconf 90' lang='lat' dir='ltr'><strong>huic</strong></span> <span class='ocrx_word' id='word_1_367' title='bbox 2906 2212 3160 2269; x_wconf 89' lang='lat' dir='ltr'><strong>crassiori</strong></span> <span class='ocrx_word' id='word_1_368' title='bbox 3207 2220 3260 2263; x_wconf 92' lang='lat' dir='ltr'><strong>et</strong></span> <span class='ocrx_word' id='word_1_369' title='bbox 3292 2210 3427 2264; x_wconf 90' lang='lat' dir='ltr'><strong>soli--</strong></span> 
     </span>
    </p>
   </div>
   <div class='ocr_carea' id='block_1_50' title="bbox 1847 2302 3427 2385">
    <p class='ocr_par' dir='ltr' id='par_1_50' title="bbox 1847 2302 3427 2385">
     <span class='ocr_line' id='line_1_50' title="bbox 1847 2302 3427 2385; baseline -0.011 -14"><span class='ocrx_word' id='word_1_370' title='bbox 1847 2316 1984 2371; x_wconf 93' lang='lat' dir='ltr'><strong>diori</strong></span> <span class='ocrx_word' id='word_1_371' title='bbox 2028 2316 2315 2385; x_wconf 88' lang='lat' dir='ltr'><strong>designare</strong></span> <span class='ocrx_word' id='word_1_372' title='bbox 2347 2313 2490 2377; x_wconf 90' lang='lat' dir='ltr'><strong>vult,</strong></span> <span class='ocrx_word' id='word_1_373' title='bbox 2536 2309 2785 2379; x_wconf 90' lang='lat' dir='ltr'><strong>spiritum</strong></span> <span class='ocrx_word' id='word_1_374' title='bbox 2823 2304 3128 2369; x_wconf 90' lang='lat' dir='ltr'><strong>nominare,</strong></span> <span class='ocrx_word' id='word_1_375' title='bbox 3170 2303 3309 2357; x_wconf 90' lang='lat' dir='ltr'><strong>sicut</strong></span> <span class='ocrx_word' id='word_1_376' title='bbox 3345 2302 3427 2355; x_wconf 87' lang='lat' dir='ltr'><strong>di-</strong></span> 
     </span>
    </p>
   </div>
   <div class='ocr_carea' id='block_1_51' title="bbox 1848 2397 3419 2476">
    <p class='ocr_par' dir='ltr' id='par_1_51' title="bbox 1848 2397 3419 2476">
     <span class='ocr_line' id='line_1_51' title="bbox 1848 2397 3419 2476; baseline -0.009 -13"><span class='ocrx_word' id='word_1_377' title='bbox 1848 2409 1921 2463; x_wconf 91' lang='lat' dir='ltr'><strong>cit</strong></span> <span class='ocrx_word' id='word_1_378' title='bbox 1952 2430 1962 2463; x_wconf 89' lang='lat'>:</span> <span class='ocrx_word' id='word_1_379' title='bbox 2004 2426 2022 2459; x_wconf 81' lang='grc' dir='ltr'>ι</span> <span class='ocrx_word' id='word_1_380' title='bbox 2052 2408 2259 2462; x_wconf 86' lang='lat' dir='ltr'><strong>Littera</strong></span> <span class='ocrx_word' id='word_1_381' title='bbox 2295 2408 2517 2472; x_wconf 87' lang='lat' dir='ltr'><strong>occidit,</strong></span> <span class='ocrx_word' id='word_1_382' title='bbox 2552 2408 2779 2476; x_wconf 88' lang='lat' dir='ltr'><strong>spiritus</strong></span> <span class='ocrx_word' id='word_1_383' title='bbox 2817 2409 2999 2455; x_wconf 89' lang='lat' dir='ltr'><strong>autem</strong></span> <span class='ocrx_word' id='word_1_384' title='bbox 3050 2397 3373 2452; x_wconf 81' lang='lat' dir='ltr'><strong>vivificat“.</strong></span> <span class='ocrx_word' id='word_1_385' title='bbox 3400 2416 3419 2449; x_wconf 74' lang='grc' dir='ltr'>ι</span> 
     </span>
    </p>
   </div>
   <div class='ocr_carea' id='block_1_52' title="bbox 1786 2491 3425 2570">
    <p class='ocr_par' dir='ltr' id='par_1_52' title="bbox 1786 2491 3425 2570">
     <span class='ocr_line' id='line_1_52' title="bbox 1786 2491 3425 2570; baseline -0.006 -18"><span class='ocrx_word' id='word_1_386' title='bbox 1786 2562 1794 2570; x_wconf 88' lang='lat'>_</span> <span class='ocrx_word' id='word_1_387' title='bbox 1849 2499 1903 2552; x_wconf 93' lang='lat' dir='ltr'><strong>ln</strong></span> <span class='ocrx_word' id='word_1_388' title='bbox 1952 2514 2059 2569; x_wconf 92' lang='lat' dir='ltr'><strong>quo</strong></span> <span class='ocrx_word' id='word_1_389' title='bbox 2108 2498 2223 2552; x_wconf 87' lang='lat' dir='ltr'><strong>sine</strong></span> <span class='ocrx_word' id='word_1_390' title='bbox 2269 2498 2435 2553; x_wconf 89' lang='lat' dir='ltr'><strong>dubio</strong></span> <span class='ocrx_word' id='word_1_391' title='bbox 2480 2512 2575 2568; x_wconf 89' lang='lat' dir='ltr'><strong>per</strong></span> <span class='ocrx_word' id='word_1_392' title='bbox 2626 2499 2861 2552; x_wconf 88' lang='lat' dir='ltr'><strong>litteram</strong></span> <span class='ocrx_word' id='word_1_393' title='bbox 2911 2492 3213 2564; x_wconf 88' lang='lat' dir='ltr'><strong>corporalia</strong></span> <span class='ocrx_word' id='word_1_394' title='bbox 3255 2491 3425 2559; x_wconf 89' lang='lat' dir='ltr'><strong>signi-</strong></span> 
     </span>
    </p>
   </div>
   <div class='ocr_carea' id='block_1_53' title="bbox 1850 2581 3430 2660">
    <p class='ocr_par' dir='ltr' id='par_1_53' title="bbox 1850 2581 3430 2660">
     <span class='ocr_line' id='line_1_53' title="bbox 1850 2581 3430 2660; baseline -0.007 -16"><span class='ocrx_word' id='word_1_395' title='bbox 1850 2590 1975 2644; x_wconf 82' lang='lat' dir='ltr'><strong>ficat</strong></span> <span class='ocrx_word' id='word_1_396' title='bbox 2012 2588 2146 2660; x_wconf 87' lang='grc'>(71),</span> <span class='ocrx_word' id='word_1_397' title='bbox 2177 2604 2272 2660; x_wconf 87' lang='lat' dir='ltr'><strong>per</strong></span> <span class='ocrx_word' id='word_1_398' title='bbox 2301 2590 2554 2660; x_wconf 93' lang='lat' dir='ltr'><strong>spiritum</strong></span> <span class='ocrx_word' id='word_1_399' title='bbox 2592 2587 3009 2651; x_wconf 88' lang='lat' dir='ltr'><strong>intellectualia,</strong></span> <span class='ocrx_word' id='word_1_400' title='bbox 3044 2600 3161 2653; x_wconf 83' lang='lat' dir='ltr'><strong>quae</strong></span> <span class='ocrx_word' id='word_1_401' title='bbox 3189 2591 3242 2637; x_wconf 93' lang='lat' dir='ltr'><strong>et</strong></span> <span class='ocrx_word' id='word_1_402' title='bbox 3275 2581 3430 2649; x_wconf 89' lang='lat' dir='ltr'><strong>spiri-</strong></span> 
     </span>
    </p>
   </div>
   <div class='ocr_carea' id='block_1_54' title="bbox 1851 2673 3424 2753">
    <p class='ocr_par' dir='ltr' id='par_1_54' title="bbox 1851 2673 3424 2753">
     <span class='ocr_line' id='line_1_54' title="bbox 1851 2673 3424 2753; baseline -0.006 -18"><span class='ocrx_word' id='word_1_403' title='bbox 1851 2681 1973 2735; x_wconf 88' lang='lat' dir='ltr'><strong>talia</strong></span> <span class='ocrx_word' id='word_1_404' title='bbox 2006 2683 2255 2738; x_wconf 89' lang='lat' dir='ltr'><strong>dicimus.</strong></span> <span class='ocrx_word' id='word_1_405' title='bbox 2301 2682 2591 2753; x_wconf 85' lang='lat' dir='ltr'><strong>Apostolus</strong></span> <span class='ocrx_word' id='word_1_406' title='bbox 2638 2694 2856 2750; x_wconf 89' lang='lat' dir='ltr'><strong>quoque</strong></span> <span class='ocrx_word' id='word_1_407' title='bbox 2899 2679 3068 2734; x_wconf 89' lang='lat' dir='ltr'><strong>dicit:</strong></span> <span class='ocrx_word' id='word_1_408' title='bbox 3107 2695 3125 2728; x_wconf 77' lang='lat' dir='ltr'><strong>t</strong></span> <span class='ocrx_word' id='word_1_409' title='bbox 3158 2675 3339 2743; x_wconf 87' lang='lat' dir='ltr'><strong>Usque</strong></span> <span class='ocrx_word' id='word_1_410' title='bbox 3373 2673 3424 2725; x_wconf 94' lang='lat' dir='ltr'><strong>in</strong></span> 
     </span>
    </p>
   </div>
   <div class='ocr_carea' id='block_1_55' title="bbox 1850 2770 3426 2844">
    <p class='ocr_par' dir='ltr' id='par_1_55' title="bbox 1850 2770 3426 2844">
     <span class='ocr_line' id='line_1_55' title="bbox 1850 2770 3426 2844; baseline -0.007 -15"><span class='ocrx_word' id='word_1_411' title='bbox 1850 2775 2168 2830; x_wconf 87' lang='lat' dir='ltr'><strong>hodiernum</strong></span> <span class='ocrx_word' id='word_1_412' title='bbox 2218 2790 2341 2829; x_wconf 91' lang='lat' dir='ltr'><strong>eum</strong></span> <span class='ocrx_word' id='word_1_413' title='bbox 2396 2774 2595 2843; x_wconf 79' lang='lat' dir='ltr'><strong>legitur</strong></span> <span class='ocrx_word' id='word_1_414' title='bbox 2646 2772 2856 2844; x_wconf 85' lang='lat' dir='ltr'><strong>Moyses</strong></span> <span class='ocrx_word' id='word_1_415' title='bbox 2904 2770 3155 2824; x_wconf 89' lang='lat' dir='ltr'><strong>velamen</strong></span> <span class='ocrx_word' id='word_1_416' title='bbox 3190 2776 3272 2821; x_wconf 92' lang='lat' dir='ltr'><strong>est</strong></span> <span class='ocrx_word' id='word_1_417' title='bbox 3325 2781 3426 2835; x_wconf 89' lang='lat' dir='ltr'><strong>po-</strong></span> 
     </span>
    </p>
   </div>
   <div class='ocr_carea' id='block_1_56' title="bbox 1848 2868 3429 2936">
    <p class='ocr_par' dir='ltr' id='par_1_56' title="bbox 1848 2868 3429 2936">
     <span class='ocr_line' id='line_1_56' title="bbox 1848 2868 3429 2936; baseline -0.006 -15"><span class='ocrx_word' id='word_1_418' title='bbox 1848 2868 2009 2921; x_wconf 90' lang='lat' dir='ltr'><strong>situm</strong></span> <span class='ocrx_word' id='word_1_419' title='bbox 2064 2882 2225 2936; x_wconf 89' lang='lat' dir='ltr'><strong>super</strong></span> <span class='ocrx_word' id='word_1_420' title='bbox 2288 2882 2383 2921; x_wconf 71' lang='grc' dir='ltr'><strong>(ἷοΓ</strong></span> <span class='ocrx_word' id='word_1_421' title='bbox 2431 2881 2655 2931; x_wconf 89' lang='lat' dir='ltr'><strong>eorum;</strong></span> <span class='ocrx_word' id='word_1_422' title='bbox 2710 2879 2834 2918; x_wconf 94' lang='lat' dir='ltr'><strong>cum</strong></span> <span class='ocrx_word' id='word_1_423' title='bbox 2898 2872 3079 2916; x_wconf 80' lang='lat' dir='ltr'><strong>autem</strong></span> <span class='ocrx_word' id='word_1_424' title='bbox 3129 2872 3429 2915; x_wconf 73' lang='lat' dir='ltr'><strong>COHVEISUS</strong></span> 
     </span>
    </p>
   </div>
   <div class='ocr_carea' id='block_1_57' title="bbox 1849 2950 3426 3028">
    <p class='ocr_par' dir='ltr' id='par_1_57' title="bbox 1849 2950 3426 3028">
     <span class='ocr_line' id='line_1_57' title="bbox 1849 2950 3426 3028; baseline -0.006 -15"><span class='ocrx_word' id='word_1_425' title='bbox 1849 2959 2012 3013; x_wconf 88' lang='lat' dir='ltr'><strong>fuerit</strong></span> <span class='ocrx_word' id='word_1_426' title='bbox 2047 2959 2169 3028; x_wconf 92' lang='lat' dir='ltr'><strong>quis</strong></span> <span class='ocrx_word' id='word_1_427' title='bbox 2207 2958 2271 3011; x_wconf 89' lang='lat' dir='ltr'><strong>ad</strong></span> <span class='ocrx_word' id='word_1_428' title='bbox 2333 2957 2645 3022; x_wconf 90' lang='lat' dir='ltr'><strong>Dominum,</strong></span> <span class='ocrx_word' id='word_1_429' title='bbox 2691 2954 2965 3009; x_wconf 83' lang='lat' dir='ltr'><strong>auferetur</strong></span> <span class='ocrx_word' id='word_1_430' title='bbox 3013 2952 3283 3014; x_wconf 89' lang='lat' dir='ltr'><strong>velamen;</strong></span> <span class='ocrx_word' id='word_1_431' title='bbox 3337 2950 3426 3003; x_wconf 89' lang='lat' dir='ltr'><strong>ubi</strong></span> 
     </span>
    </p>
   </div>
   <div class='ocr_carea' id='block_1_58' title="bbox 1851 3042 3426 3117">
    <p class='ocr_par' dir='ltr' id='par_1_58' title="bbox 1851 3042 3426 3117">
     <span class='ocr_line' id='line_1_58' title="bbox 1851 3042 3426 3117; baseline -0.007 -14"><span class='ocrx_word' id='word_1_432' title='bbox 1851 3059 2028 3103; x_wconf 90' lang='lat' dir='ltr'><strong>autem</strong></span> <span class='ocrx_word' id='word_1_433' title='bbox 2083 3047 2320 3117; x_wconf 87' lang='lat' dir='ltr'><strong>Spiritus</strong></span> <span class='ocrx_word' id='word_1_434' title='bbox 2372 3046 2621 3111; x_wconf 88' lang='lat' dir='ltr'><strong>Domini,</strong></span> <span class='ocrx_word' id='word_1_435' title='bbox 2672 3046 2744 3100; x_wconf 89' lang='lat' dir='ltr'><strong>ibi</strong></span> <span class='ocrx_word' id='word_1_436' title='bbox 2808 3045 3032 3099; x_wconf 90' lang='lat' dir='ltr'><strong>libertas</strong></span> <span class='ocrx_word' id='word_1_437' title='bbox 3069 3044 3135 3096; x_wconf 79' lang='grc' dir='ltr'>ὀ.</span> <span class='ocrx_word' id='word_1_438' title='bbox 3175 3062 3192 3094; x_wconf 79' lang='grc' dir='ltr'><strong><em>ι</em></strong></span> <span class='ocrx_word' id='word_1_439' title='bbox 3246 3042 3426 3094; x_wconf 92' lang='lat' dir='ltr'><strong>Donec</strong></span> 
     </span>
    </p>
   </div>
   <div class='ocr_carea' id='block_1_59' title="bbox 1848 3130 3427 3207">
    <p class='ocr_par' dir='ltr' id='par_1_59' title="bbox 1848 3130 3427 3207">
     <span class='ocr_line' id='line_1_59' title="bbox 1848 3130 3427 3207; baseline -0.006 -16"><span class='ocrx_word' id='word_1_440' title='bbox 1848 3140 1990 3191; x_wconf 88' lang='lat' dir='ltr'><strong>enim</strong></span> <span class='ocrx_word' id='word_1_441' title='bbox 2023 3139 2145 3207; x_wconf 90' lang='lat' dir='ltr'><strong>quis</strong></span> <span class='ocrx_word' id='word_1_442' title='bbox 2178 3152 2281 3191; x_wconf 91' lang='lat' dir='ltr'><strong>non</strong></span> <span class='ocrx_word' id='word_1_443' title='bbox 2319 3153 2377 3192; x_wconf 88' lang='lat' dir='ltr'><strong>se</strong></span> <span class='ocrx_word' id='word_1_444' title='bbox 2409 3136 2741 3192; x_wconf 90' lang='lat' dir='ltr'><strong>converterit</strong></span> <span class='ocrx_word' id='word_1_445' title='bbox 2772 3136 2839 3188; x_wconf 91' lang='lat' dir='ltr'><strong>ad</strong></span> <span class='ocrx_word' id='word_1_446' title='bbox 2872 3130 3284 3201; x_wconf 79' lang='lat' dir='ltr'><strong>intelligentiam</strong></span> <span class='ocrx_word' id='word_1_447' title='bbox 3316 3130 3427 3199; x_wconf 86' lang='lat' dir='ltr'><strong>spi-</strong></span> 
     </span>
    </p>
   </div>
   <div class='ocr_carea' id='block_1_60' title="bbox 184 3222 3427 3308">
    <p class='ocr_par' dir='ltr' id='par_1_60' title="bbox 184 3222 3427 3308">
     <span class='ocr_line' id='line_1_60' title="bbox 184 3222 3427 3308; baseline -0.002 -29"><span class='ocrx_word' id='word_1_448' title='bbox 184 3226 339 3279; x_wconf 85' lang='lat' dir='ltr'><strong>minat</strong></span> <span class='ocrx_word' id='word_1_449' title='bbox 382 3240 604 3280; x_wconf 91' lang='lat' dir='ltr'><strong>omnem</strong></span> <span class='ocrx_word' id='word_1_450' title='bbox 644 3240 863 3281; x_wconf 87' lang='lat' dir='ltr'><strong>sensum</strong></span> <span class='ocrx_word' id='word_1_451' title='bbox 893 3241 1112 3291; x_wconf 90' lang='lat' dir='ltr'><strong>eorum,</strong></span> <span class='ocrx_word' id='word_1_452' title='bbox 1159 3227 1249 3295; x_wconf 91' lang='lat' dir='ltr'><strong>qui</strong></span> <span class='ocrx_word' id='word_1_453' title='bbox 1281 3236 1507 3295; x_wconf 87' lang='lat' dir='ltr'><strong>possunt</strong></span> <span class='ocrx_word' id='word_1_454' title='bbox 1551 3240 1748 3296; x_wconf 83' lang='lat' dir='ltr'><strong>capere</strong></span> <span class='ocrx_word' id='word_1_455' title='bbox 1775 3246 1821 3308; x_wconf 71' lang='grc' dir='ltr'><strong>ρ</strong></span> <span class='ocrx_word' id='word_1_456' title='bbox 1852 3228 2082 3292; x_wconf 86' lang='lat' dir='ltr'><strong>ritalem,</strong></span> <span class='ocrx_word' id='word_1_457' title='bbox 2114 3237 2195 3283; x_wconf 89' lang='lat' dir='ltr'><strong>est</strong></span> <span class='ocrx_word' id='word_1_458' title='bbox 2230 3228 2463 3297; x_wconf 87' lang='lat' dir='ltr'><strong>positum</strong></span> <span class='ocrx_word' id='word_1_459' title='bbox 2504 3227 2747 3280; x_wconf 87' lang='lat' dir='ltr'><strong>velamen</strong></span> <span class='ocrx_word' id='word_1_460' title='bbox 2796 3239 2959 3292; x_wconf 90' lang='lat' dir='ltr'><strong>super</strong></span> <span class='ocrx_word' id='word_1_461' title='bbox 2996 3238 3090 3277; x_wconf 88' lang='lat' dir='ltr'><strong>eor</strong></span> <span class='ocrx_word' id='word_1_462' title='bbox 3137 3222 3277 3289; x_wconf 87' lang='lat' dir='ltr'><strong>ejus,</strong></span> <span class='ocrx_word' id='word_1_463' title='bbox 3320 3236 3427 3290; x_wconf 88' lang='lat' dir='ltr'><strong>quo</strong></span> 
     </span>
    </p>
   </div>
   <div class='ocr_carea' id='block_1_61' title="bbox 184 3317 1743 3389">
    <p class='ocr_par' dir='ltr' id='par_1_61' title="bbox 184 3317 1743 3389">
     <span class='ocr_line' id='line_1_61' title="bbox 184 3317 1743 3389; baseline 0.001 -21"><span class='ocrx_word' id='word_1_464' title='bbox 184 3318 483 3383; x_wconf 80' lang='lat' dir='ltr'><strong>veritatem,</strong></span> <span class='ocrx_word' id='word_1_465' title='bbox 528 3317 669 3371; x_wconf 89' lang='lat' dir='ltr'><strong>sicut</strong></span> <span class='ocrx_word' id='word_1_466' title='bbox 704 3319 756 3371; x_wconf 91' lang='lat' dir='ltr'><strong>in</strong></span> <span class='ocrx_word' id='word_1_467' title='bbox 790 3333 934 3370; x_wconf 84' lang='lat' dir='ltr'><strong>xxxv</strong></span> <span class='ocrx_word' id='word_1_468' title='bbox 985 3318 1191 3389; x_wconf 86' lang='lat' dir='ltr'><strong>psalmo</strong></span> <span class='ocrx_word' id='word_1_469' title='bbox 1227 3318 1427 3371; x_wconf 91' lang='lat' dir='ltr'><strong>dicitur</strong></span> <span class='ocrx_word' id='word_1_470' title='bbox 1457 3337 1471 3374; x_wconf 89' lang='lat'><strong>:</strong></span> <span class='ocrx_word' id='word_1_471' title='bbox 1510 3334 1527 3369; x_wconf 83' lang='lat' dir='ltr'><strong>t</strong></span> <span class='ocrx_word' id='word_1_472' title='bbox 1556 3317 1613 3371; x_wconf 88' lang='lat' dir='ltr'><strong>In</strong></span> <span class='ocrx_word' id='word_1_473' title='bbox 1659 3317 1743 3371; x_wconf 80' lang='lat' dir='ltr'><strong>lu-</strong></span> 
     </span>
    </p>
   </div>
   <div class='ocr_carea' id='block_1_62' title="bbox 184 3407 1746 3475">
    <p class='ocr_par' dir='ltr' id='par_1_62' title="bbox 184 3407 1746 3475">
     <span class='ocr_line' id='line_1_62' title="bbox 184 3407 1746 3475; baseline 0.001 -15"><span class='ocrx_word' id='word_1_474' title='bbox 184 3408 314 3462; x_wconf 89' lang='lat' dir='ltr'><strong>mine</strong></span> <span class='ocrx_word' id='word_1_475' title='bbox 362 3418 456 3462; x_wconf 94' lang='lat' dir='ltr'><strong>tuo</strong></span> <span class='ocrx_word' id='word_1_476' title='bbox 510 3407 813 3464; x_wconf 78' lang='lat' dir='ltr'><strong>videbimus</strong></span> <span class='ocrx_word' id='word_1_477' title='bbox 859 3409 1040 3463; x_wconf 85' lang='lat' dir='ltr'><strong>lumen</strong></span> <span class='ocrx_word' id='word_1_478' title='bbox 1068 3410 1131 3462; x_wconf 78' lang='grc'><strong>⁸⁸.</strong></span> <span class='ocrx_word' id='word_1_479' title='bbox 1159 3428 1177 3459; x_wconf 78' lang='grc' dir='ltr'><strong><em>ι</em></strong></span> <span class='ocrx_word' id='word_1_480' title='bbox 1234 3408 1372 3475; x_wconf 86' lang='lat' dir='ltr'><strong>Quid</strong></span> <span class='ocrx_word' id='word_1_481' title='bbox 1420 3408 1565 3463; x_wconf 88' lang='lat' dir='ltr'><strong>enim</strong></span> <span class='ocrx_word' id='word_1_482' title='bbox 1596 3409 1746 3462; x_wconf 89' lang='lat' dir='ltr'><strong>aliud</strong></span> 
     </span>
    </p>
   </div>
   <div class='ocr_carea' id='block_1_63' title="bbox 183 3498 1743 3570">
    <p class='ocr_par' dir='ltr' id='par_1_63' title="bbox 183 3498 1743 3570">
     <span class='ocr_line' id='line_1_63' title="bbox 183 3498 1743 3570; baseline 0.003 -19"><span class='ocrx_word' id='word_1_483' title='bbox 183 3498 344 3552; x_wconf 89' lang='lat' dir='ltr'><strong>lumen</strong></span> <span class='ocrx_word' id='word_1_484' title='bbox 381 3500 477 3554; x_wconf 88' lang='lat' dir='ltr'><strong>Dei</strong></span> <span class='ocrx_word' id='word_1_485' title='bbox 519 3500 809 3554; x_wconf 89' lang='lat' dir='ltr'><strong>dicendum</strong></span> <span class='ocrx_word' id='word_1_486' title='bbox 842 3509 945 3564; x_wconf 91' lang='lat' dir='ltr'><strong>est,</strong></span> <span class='ocrx_word' id='word_1_487' title='bbox 990 3501 1042 3554; x_wconf 91' lang='lat' dir='ltr'><strong>in</strong></span> <span class='ocrx_word' id='word_1_488' title='bbox 1074 3516 1182 3569; x_wconf 91' lang='lat' dir='ltr'><strong>quo</strong></span> <span class='ocrx_word' id='word_1_489' title='bbox 1211 3501 1333 3570; x_wconf 90' lang='lat' dir='ltr'><strong>quis</strong></span> <span class='ocrx_word' id='word_1_490' title='bbox 1362 3501 1508 3554; x_wconf 89' lang='lat' dir='ltr'><strong>videt</strong></span> <span class='ocrx_word' id='word_1_491' title='bbox 1541 3500 1743 3556; x_wconf 88' lang='lat' dir='ltr'><strong>lumen.</strong></span> 
     </span>
    </p>
   </div>
   <div class='ocr_carea' id='block_1_64' title="bbox 183 3590 1746 3662">
    <p class='ocr_par' dir='ltr' id='par_1_64' title="bbox 183 3590 1746 3662">
     <span class='ocr_line' id='line_1_64' title="bbox 183 3590 1746 3662; baseline 0.003 -21"><span class='ocrx_word' id='word_1_492' title='bbox 183 3590 276 3643; x_wconf 90' lang='lat' dir='ltr'><strong>nisi</strong></span> <span class='ocrx_word' id='word_1_493' title='bbox 307 3590 475 3645; x_wconf 79' lang='lat' dir='ltr'><strong>virtus</strong></span> <span class='ocrx_word' id='word_1_494' title='bbox 508 3591 629 3655; x_wconf 89' lang='lat' dir='ltr'><strong>Dei,</strong></span> <span class='ocrx_word' id='word_1_495' title='bbox 657 3608 753 3662; x_wconf 91' lang='lat' dir='ltr'><strong>per</strong></span> <span class='ocrx_word' id='word_1_496' title='bbox 779 3605 939 3662; x_wconf 86' lang='lat' dir='ltr'><strong>quam</strong></span> <span class='ocrx_word' id='word_1_497' title='bbox 972 3593 1093 3660; x_wconf 89' lang='lat' dir='ltr'><strong>quis</strong></span> <span class='ocrx_word' id='word_1_498' title='bbox 1140 3593 1477 3647; x_wconf 88' lang='lat' dir='ltr'><strong>illuminatus</strong></span> <span class='ocrx_word' id='word_1_499' title='bbox 1519 3594 1603 3647; x_wconf 88' lang='lat' dir='ltr'><strong>vel</strong></span> <span class='ocrx_word' id='word_1_500' title='bbox 1652 3608 1746 3645; x_wconf 83' lang='lat' dir='ltr'><strong>ve-</strong></span> 
     </span>
    </p>
   </div>
   <div class='ocr_carea' id='block_1_65' title="bbox 184 3682 1746 3753">
    <p class='ocr_par' dir='ltr' id='par_1_65' title="bbox 184 3682 1746 3753">
     <span class='ocr_line' id='line_1_65' title="bbox 184 3682 1746 3753; baseline 0.002 -19"><span class='ocrx_word' id='word_1_501' title='bbox 184 3682 383 3736; x_wconf 89' lang='lat' dir='ltr'><strong>ritatem</strong></span> <span class='ocrx_word' id='word_1_502' title='bbox 418 3698 607 3737; x_wconf 88' lang='lat' dir='ltr'><strong>rerum</strong></span> <span class='ocrx_word' id='word_1_503' title='bbox 639 3684 879 3739; x_wconf 90' lang='lat' dir='ltr'><strong>omnium</strong></span> <span class='ocrx_word' id='word_1_504' title='bbox 929 3683 1193 3753; x_wconf 90' lang='lat' dir='ltr'><strong>pervidet,</strong></span> <span class='ocrx_word' id='word_1_505' title='bbox 1238 3684 1324 3738; x_wconf 90' lang='lat' dir='ltr'><strong>vel</strong></span> <span class='ocrx_word' id='word_1_506' title='bbox 1365 3684 1541 3752; x_wconf 91' lang='lat' dir='ltr'><strong>ipsum</strong></span> <span class='ocrx_word' id='word_1_507' title='bbox 1576 3684 1746 3738; x_wconf 89' lang='lat' dir='ltr'><strong>Deum</strong></span> 
     </span>
    </p>
   </div>
   <div class='ocr_carea' id='block_1_66' title="bbox 184 3774 1748 3845">
    <p class='ocr_par' dir='ltr' id='par_1_66' title="bbox 184 3774 1748 3845">
     <span class='ocr_line' id='line_1_66' title="bbox 184 3774 1748 3845; baseline 0.003 -19"><span class='ocrx_word' id='word_1_508' title='bbox 184 3774 444 3843; x_wconf 80' lang='lat' dir='ltr'><strong>cognoscit</strong></span> <span class='ocrx_word' id='word_1_509' title='bbox 491 3775 585 3843; x_wconf 89' lang='lat' dir='ltr'><strong>qui</strong></span> <span class='ocrx_word' id='word_1_510' title='bbox 639 3777 839 3830; x_wconf 87' lang='lat' dir='ltr'><strong>veritas</strong></span> <span class='ocrx_word' id='word_1_511' title='bbox 892 3774 1240 3844; x_wconf 81' lang='lat' dir='ltr'><strong>appellatur?</strong></span> <span class='ocrx_word' id='word_1_512' title='bbox 1292 3774 1423 3829; x_wconf 90' lang='lat' dir='ltr'><strong>Tale</strong></span> <span class='ocrx_word' id='word_1_513' title='bbox 1470 3790 1553 3829; x_wconf 89' lang='lat' dir='ltr'><strong>est</strong></span> <span class='ocrx_word' id='word_1_514' title='bbox 1619 3791 1748 3845; x_wconf 90' lang='lat' dir='ltr'><strong>ergo</strong></span> 
     </span>
    </p>
   </div>
   <div class='ocr_carea' id='block_1_67' title="bbox 184 3867 1742 3936">
    <p class='ocr_par' dir='ltr' id='par_1_67' title="bbox 184 3867 1742 3936">
     <span class='ocr_line' id='line_1_67' title="bbox 184 3867 1742 3936; baseline 0.003 -17"><span class='ocrx_word' id='word_1_515' title='bbox 184 3867 310 3934; x_wconf 90' lang='lat' dir='ltr'><strong>quod</strong></span> <span class='ocrx_word' id='word_1_516' title='bbox 339 3868 543 3922; x_wconf 87' lang='lat' dir='ltr'><strong>dicitur</strong></span> <span class='ocrx_word' id='word_1_517' title='bbox 572 3885 587 3921; x_wconf 91' lang='lat'><strong>:</strong></span> <span class='ocrx_word' id='word_1_518' title='bbox 628 3886 646 3919; x_wconf 70' lang='grc' dir='ltr'><strong><em>ι</em></strong></span> <span class='ocrx_word' id='word_1_519' title='bbox 679 3868 733 3921; x_wconf 94' lang='lat' dir='ltr'><strong>ln</strong></span> <span class='ocrx_word' id='word_1_520' title='bbox 769 3868 975 3923; x_wconf 89' lang='lat' dir='ltr'><strong>lumine</strong></span> <span class='ocrx_word' id='word_1_521' title='bbox 1013 3877 1106 3923; x_wconf 93' lang='lat' dir='ltr'><strong>tuo</strong></span> <span class='ocrx_word' id='word_1_522' title='bbox 1135 3869 1440 3924; x_wconf 86' lang='lat' dir='ltr'><strong>videbimus</strong></span> <span class='ocrx_word' id='word_1_523' title='bbox 1483 3870 1662 3923; x_wconf 90' lang='lat' dir='ltr'><strong>lumen</strong></span> <span class='ocrx_word' id='word_1_524' title='bbox 1684 3887 1698 3936; x_wconf 92' lang='lat'><strong>;</strong></span> <span class='ocrx_word' id='word_1_525' title='bbox 1724 3891 1742 3922; x_wconf 75' lang='grc' dir='ltr'><strong><em>ι</em></strong></span> 
     </span>
    </p>
   </div>
   <div class='ocr_carea' id='block_1_68' title="bbox 183 3956 1748 4029">
    <p class='ocr_par' dir='ltr' id='par_1_68' title="bbox 183 3956 1748 4029">
     <span class='ocr_line' id='line_1_68' title="bbox 183 3956 1748 4029; baseline 0.004 -20"><span class='ocrx_word' id='word_1_526' title='bbox 183 3956 275 4011; x_wconf 84' lang='lat' dir='ltr'><strong>hoc</strong></span> <span class='ocrx_word' id='word_1_527' title='bbox 306 3966 417 4022; x_wconf 88' lang='lat' dir='ltr'><strong>est,</strong></span> <span class='ocrx_word' id='word_1_528' title='bbox 469 3959 525 4011; x_wconf 93' lang='lat' dir='ltr'><strong>in</strong></span> <span class='ocrx_word' id='word_1_529' title='bbox 557 3957 740 4013; x_wconf 82' lang='lat' dir='ltr'><strong>Verbo</strong></span> <span class='ocrx_word' id='word_1_530' title='bbox 781 3969 836 4013; x_wconf 90' lang='lat' dir='ltr'><strong>et</strong></span> <span class='ocrx_word' id='word_1_531' title='bbox 874 3960 1134 4029; x_wconf 90' lang='lat' dir='ltr'><strong>sapientia</strong></span> <span class='ocrx_word' id='word_1_532' title='bbox 1180 3967 1294 4023; x_wconf 91' lang='lat' dir='ltr'><strong>tua,</strong></span> <span class='ocrx_word' id='word_1_533' title='bbox 1340 3960 1430 4029; x_wconf 91' lang='lat' dir='ltr'><strong>qui</strong></span> <span class='ocrx_word' id='word_1_534' title='bbox 1472 3967 1554 4013; x_wconf 87' lang='lat' dir='ltr'><strong>est</strong></span> <span class='ocrx_word' id='word_1_535' title='bbox 1582 3960 1748 4015; x_wconf 82' lang='lat' dir='ltr'><strong>Filius</strong></span> 
     </span>
    </p>
   </div>
   <div class='ocr_carea' id='block_1_69' title="bbox 184 4047 1751 4120">
    <p class='ocr_par' dir='ltr' id='par_1_69' title="bbox 184 4047 1751 4120">
     <span class='ocr_line' id='line_1_69' title="bbox 184 4047 1751 4120; baseline 0.003 -19"><span class='ocrx_word' id='word_1_536' title='bbox 184 4058 294 4103; x_wconf 87' lang='lat' dir='ltr'><strong>tuus</strong></span> <span class='ocrx_word' id='word_1_537' title='bbox 322 4048 456 4119; x_wconf 78' lang='grc'>(67),</span> <span class='ocrx_word' id='word_1_538' title='bbox 501 4051 554 4103; x_wconf 91' lang='lat' dir='ltr'><strong>in</strong></span> <span class='ocrx_word' id='word_1_539' title='bbox 602 4050 718 4120; x_wconf 90' lang='lat' dir='ltr'><strong>ipso</strong></span> <span class='ocrx_word' id='word_1_540' title='bbox 746 4061 797 4105; x_wconf 93' lang='lat' dir='ltr'><strong>te</strong></span> <span class='ocrx_word' id='word_1_541' title='bbox 830 4049 1138 4105; x_wconf 88' lang='lat' dir='ltr'><strong>videbimus</strong></span> <span class='ocrx_word' id='word_1_542' title='bbox 1179 4047 1418 4106; x_wconf 89' lang='lat' dir='ltr'><strong>Patrem.</strong></span> <span class='ocrx_word' id='word_1_543' title='bbox 1465 4048 1751 4119; x_wconf 87' lang='lat' dir='ltr'><strong>Nunquid-</strong></span> 
     </span>
    </p>
   </div>
   <div class='ocr_carea' id='block_1_70' title="bbox 181 4139 1751 4210">
    <p class='ocr_par' dir='ltr' id='par_1_70' title="bbox 181 4139 1751 4210">
     <span class='ocr_line' id='line_1_70' title="bbox 181 4139 1751 4210; baseline 0.002 -18"><span class='ocrx_word' id='word_1_544' title='bbox 181 4154 292 4193; x_wconf 82' lang='lat' dir='ltr'><strong>nam</strong></span> <span class='ocrx_word' id='word_1_545' title='bbox 329 4141 457 4209; x_wconf 88' lang='lat' dir='ltr'><strong>quia</strong></span> <span class='ocrx_word' id='word_1_546' title='bbox 508 4139 695 4194; x_wconf 91' lang='lat' dir='ltr'><strong>lumen</strong></span> <span class='ocrx_word' id='word_1_547' title='bbox 735 4141 1072 4204; x_wconf 87' lang='lat' dir='ltr'><strong>nominatur,</strong></span> <span class='ocrx_word' id='word_1_548' title='bbox 1104 4139 1281 4193; x_wconf 86' lang='lat' dir='ltr'><strong>simile</strong></span> <span class='ocrx_word' id='word_1_549' title='bbox 1312 4141 1591 4210; x_wconf 87' lang='lat' dir='ltr'><strong>putabitur</strong></span> <span class='ocrx_word' id='word_1_550' title='bbox 1621 4141 1751 4197; x_wconf 88' lang='lat' dir='ltr'><strong>solis</strong></span> 
     </span>
    </p>
   </div>
   <div class='ocr_carea' id='block_1_71' title="bbox 181 4229 1749 4299">
    <p class='ocr_par' dir='ltr' id='par_1_71' title="bbox 181 4229 1749 4299">
     <span class='ocr_line' id='line_1_71' title="bbox 181 4229 1749 4299; baseline 0 -16"><span class='ocrx_word' id='word_1_551' title='bbox 181 4230 329 4299; x_wconf 86' lang='lat' dir='ltr'><strong>hujus</strong></span> <span class='ocrx_word' id='word_1_552' title='bbox 368 4230 603 4283; x_wconf 88' lang='lat' dir='ltr'><strong>lumini?</strong></span> <span class='ocrx_word' id='word_1_553' title='bbox 651 4229 717 4283; x_wconf 84' lang='lat' dir='ltr'><strong>Et</strong></span> <span class='ocrx_word' id='word_1_554' title='bbox 765 4232 1038 4299; x_wconf 90' lang='lat' dir='ltr'><strong>quomodo</strong></span> <span class='ocrx_word' id='word_1_555' title='bbox 1089 4230 1176 4284; x_wconf 87' lang='lat' dir='ltr'><strong>vel</strong></span> <span class='ocrx_word' id='word_1_556' title='bbox 1229 4229 1361 4284; x_wconf 89' lang='lat' dir='ltr'><strong>levis</strong></span> <span class='ocrx_word' id='word_1_557' title='bbox 1409 4229 1606 4298; x_wconf 90' lang='lat' dir='ltr'><strong>aliquis</strong></span> <span class='ocrx_word' id='word_1_558' title='bbox 1653 4230 1749 4283; x_wconf 88' lang='lat' dir='ltr'><strong>da-</strong></span> 
     </span>
    </p>
   </div>
   <div class='ocr_carea' id='block_1_72' title="bbox 182 4321 1748 4391">
    <p class='ocr_par' dir='ltr' id='par_1_72' title="bbox 182 4321 1748 4391">
     <span class='ocr_line' id='line_1_72' title="bbox 182 4321 1748 4391; baseline -0.001 -15"><span class='ocrx_word' id='word_1_559' title='bbox 182 4322 321 4377; x_wconf 88' lang='lat' dir='ltr'><strong>bitur</strong></span> <span class='ocrx_word' id='word_1_560' title='bbox 380 4321 729 4387; x_wconf 87' lang='lat' dir='ltr'><strong>intellectus,</strong></span> <span class='ocrx_word' id='word_1_561' title='bbox 782 4330 841 4375; x_wconf 90' lang='lat' dir='ltr'><strong>ut</strong></span> <span class='ocrx_word' id='word_1_562' title='bbox 891 4335 959 4375; x_wconf 82' lang='lat' dir='ltr'><strong>ex</strong></span> <span class='ocrx_word' id='word_1_563' title='bbox 1007 4322 1110 4377; x_wconf 92' lang='lat' dir='ltr'><strong>isto</strong></span> <span class='ocrx_word' id='word_1_564' title='bbox 1169 4322 1291 4390; x_wconf 90' lang='lat' dir='ltr'><strong>quis</strong></span> <span class='ocrx_word' id='word_1_565' title='bbox 1341 4321 1611 4391; x_wconf 87' lang='lat' dir='ltr'><strong>corporali</strong></span> <span class='ocrx_word' id='word_1_566' title='bbox 1666 4323 1748 4375; x_wconf 91' lang='lat' dir='ltr'><strong>lu-</strong></span> 
     </span>
    </p>
   </div>
   <div class='ocr_carea' id='block_1_73' title="bbox 182 4411 1751 4482">
    <p class='ocr_par' dir='ltr' id='par_1_73' title="bbox 182 4411 1751 4482">
     <span class='ocr_line' id='line_1_73' title="bbox 182 4411 1751 4482; baseline 0.002 -17"><span class='ocrx_word' id='word_1_567' title='bbox 182 4413 316 4467; x_wconf 86' lang='lat' dir='ltr'><strong>mine</strong></span> <span class='ocrx_word' id='word_1_568' title='bbox 344 4427 572 4467; x_wconf 84' lang='lat' dir='ltr'><strong>causam</strong></span> <span class='ocrx_word' id='word_1_569' title='bbox 603 4411 842 4467; x_wconf 70' lang='lat' dir='ltr'><strong>scientiaa</strong></span> <span class='ocrx_word' id='word_1_570' title='bbox 880 4413 1092 4482; x_wconf 90' lang='lat' dir='ltr'><strong>capiat,</strong></span> <span class='ocrx_word' id='word_1_571' title='bbox 1134 4423 1192 4468; x_wconf 91' lang='lat' dir='ltr'><strong>et</strong></span> <span class='ocrx_word' id='word_1_572' title='bbox 1228 4414 1472 4470; x_wconf 74' lang='lat' dir='ltr'><strong>veritatis</strong></span> <span class='ocrx_word' id='word_1_573' title='bbox 1513 4412 1751 4470; x_wconf 87' lang='lat' dir='ltr'><strong>inveniat</strong></span> 
     </span>
    </p>
   </div>
   <div class='ocr_carea' id='block_1_74' title="bbox 184 4504 564 4559">
    <p class='ocr_par' dir='ltr' id='par_1_74' title="bbox 184 4504 564 4559">
     <span class='ocr_line' id='line_1_74' title="bbox 184 4504 564 4559; baseline -0.008 0"><span class='ocrx_word' id='word_1_574' title='bbox 184 4504 519 4559; x_wconf 89' lang='lat' dir='ltr'><strong>intellectum</strong></span> <span class='ocrx_word' id='word_1_575' title='bbox 540 4504 564 4556; x_wconf 84' lang='lat'><strong>?</strong></span> 
     </span>
    </p>
   </div>
   <div class='ocr_carea' id='block_1_75' title="bbox 1849 3312 3425 3385">
    <p class='ocr_par' dir='ltr' id='par_1_75' title="bbox 1849 3312 3425 3385">
     <span class='ocr_line' id='line_1_75' title="bbox 1849 3312 3425 3385; baseline -0.004 -15"><span class='ocrx_word' id='word_1_576' title='bbox 1849 3317 2132 3384; x_wconf 82' lang='lat' dir='ltr'><strong>velamine,</strong></span> <span class='ocrx_word' id='word_1_577' title='bbox 2183 3318 2233 3371; x_wconf 92' lang='lat' dir='ltr'><strong>id</strong></span> <span class='ocrx_word' id='word_1_578' title='bbox 2285 3327 2372 3371; x_wconf 91' lang='lat' dir='ltr'><strong>est</strong></span> <span class='ocrx_word' id='word_1_579' title='bbox 2412 3315 2766 3385; x_wconf 88' lang='lat' dir='ltr'><strong>intelligentia</strong></span> <span class='ocrx_word' id='word_1_580' title='bbox 2815 3313 3108 3377; x_wconf 85' lang='lat' dir='ltr'><strong>crassiore,</strong></span> <span class='ocrx_word' id='word_1_581' title='bbox 3137 3312 3425 3379; x_wconf 84' lang='lat' dir='ltr'><strong>Scriptura</strong></span> 
     </span>
    </p>
   </div>
   <div class='ocr_carea' id='block_1_76' title="bbox 1851 3402 3426 3479">
    <p class='ocr_par' dir='ltr' id='par_1_76' title="bbox 1851 3402 3426 3479">
     <span class='ocr_line' id='line_1_76' title="bbox 1851 3402 3426 3479; baseline -0.006 -15"><span class='ocrx_word' id='word_1_582' title='bbox 1851 3410 1965 3479; x_wconf 90' lang='lat' dir='ltr'><strong>ipsa</strong></span> <span class='ocrx_word' id='word_1_583' title='bbox 1997 3409 2157 3462; x_wconf 90' lang='lat' dir='ltr'><strong>velari</strong></span> <span class='ocrx_word' id='word_1_584' title='bbox 2188 3408 2387 3463; x_wconf 87' lang='lat' dir='ltr'><strong>dicitur</strong></span> <span class='ocrx_word' id='word_1_585' title='bbox 2418 3410 2499 3461; x_wconf 90' lang='lat' dir='ltr'><strong>vel</strong></span> <span class='ocrx_word' id='word_1_586' title='bbox 2536 3416 2792 3475; x_wconf 87' lang='lat' dir='ltr'><strong>putatur;</strong></span> <span class='ocrx_word' id='word_1_587' title='bbox 2827 3415 2881 3460; x_wconf 91' lang='lat' dir='ltr'><strong>et</strong></span> <span class='ocrx_word' id='word_1_588' title='bbox 2913 3406 3014 3458; x_wconf 91' lang='lat' dir='ltr'><strong>hoc</strong></span> <span class='ocrx_word' id='word_1_589' title='bbox 3048 3414 3131 3458; x_wconf 91' lang='lat' dir='ltr'><strong>est</strong></span> <span class='ocrx_word' id='word_1_590' title='bbox 3175 3402 3317 3471; x_wconf 91' lang='lat' dir='ltr'><strong>quod</strong></span> <span class='ocrx_word' id='word_1_591' title='bbox 3351 3403 3426 3455; x_wconf 85' lang='lat' dir='ltr'><strong>ait</strong></span> 
     </span>
    </p>
   </div>
   <div class='ocr_carea' id='block_1_77' title="bbox 1848 3493 3428 3569">
    <p class='ocr_par' dir='ltr' id='par_1_77' title="bbox 1848 3493 3428 3569">
     <span class='ocr_line' id='line_1_77' title="bbox 1848 3493 3428 3569; baseline -0.005 -14"><span class='ocrx_word' id='word_1_592' title='bbox 1848 3500 2242 3569; x_wconf 88' lang='lat' dir='ltr'><strong>superpositum</strong></span> <span class='ocrx_word' id='word_1_593' title='bbox 2294 3513 2414 3553; x_wconf 90' lang='lat' dir='ltr'><strong>esse</strong></span> <span class='ocrx_word' id='word_1_594' title='bbox 2462 3498 2704 3552; x_wconf 85' lang='lat' dir='ltr'><strong>velamen</strong></span> <span class='ocrx_word' id='word_1_595' title='bbox 2749 3496 2919 3551; x_wconf 91' lang='lat' dir='ltr'><strong>vultui</strong></span> <span class='ocrx_word' id='word_1_596' title='bbox 2968 3495 3136 3565; x_wconf 80' lang='lat' dir='ltr'><strong>Moysi</strong></span> <span class='ocrx_word' id='word_1_597' title='bbox 3190 3510 3312 3548; x_wconf 88' lang='lat' dir='ltr'><strong>eum</strong></span> <span class='ocrx_word' id='word_1_598' title='bbox 3345 3493 3428 3547; x_wconf 82' lang='lat' dir='ltr'><strong>lo—</strong></span> 
     </span>
    </p>
   </div>
   <div class='ocr_carea' id='block_1_78' title="bbox 1850 3587 3430 3662">
    <p class='ocr_par' dir='ltr' id='par_1_78' title="bbox 1850 3587 3430 3662">
     <span class='ocr_line' id='line_1_78' title="bbox 1850 3587 3430 3662; baseline -0.004 -16"><span class='ocrx_word' id='word_1_599' title='bbox 1850 3600 2109 3662; x_wconf 89' lang='lat' dir='ltr'><strong>queretur</strong></span> <span class='ocrx_word' id='word_1_600' title='bbox 2136 3592 2201 3645; x_wconf 92' lang='lat' dir='ltr'><strong>ad</strong></span> <span class='ocrx_word' id='word_1_601' title='bbox 2232 3592 2485 3661; x_wconf 83' lang='lat' dir='ltr'><strong>populum</strong></span> <span class='ocrx_word' id='word_1_602' title='bbox 2509 3592 2577 3656; x_wconf 82' lang='grc'><strong>²¹,</strong></span> <span class='ocrx_word' id='word_1_603' title='bbox 2611 3590 2662 3644; x_wconf 89' lang='lat' dir='ltr'><strong>id</strong></span> <span class='ocrx_word' id='word_1_604' title='bbox 2693 3600 2777 3644; x_wconf 88' lang='lat' dir='ltr'><strong>est</strong></span> <span class='ocrx_word' id='word_1_605' title='bbox 2803 3605 2926 3645; x_wconf 91' lang='lat' dir='ltr'><strong>cum</strong></span> <span class='ocrx_word' id='word_1_606' title='bbox 2972 3589 3057 3643; x_wconf 85' lang='lat' dir='ltr'><strong>lex</strong></span> <span class='ocrx_word' id='word_1_607' title='bbox 3102 3588 3259 3657; x_wconf 88' lang='lat' dir='ltr'><strong>vulgo</strong></span> <span class='ocrx_word' id='word_1_608' title='bbox 3293 3587 3430 3642; x_wconf 76' lang='lat' dir='ltr'><strong>reci-</strong></span> 
     </span>
    </p>
   </div>
   <div class='ocr_carea' id='block_1_79' title="bbox 1853 3678 3426 3741">
    <p class='ocr_par' dir='ltr' id='par_1_79' title="bbox 1853 3678 3426 3741">
     <span class='ocr_line' id='line_1_79' title="bbox 1853 3678 3426 3741; baseline -0.004 -5"><span class='ocrx_word' id='word_1_609' title='bbox 1853 3691 2078 3737; x_wconf 89' lang='lat' dir='ltr'><strong>taretur.</strong></span> <span class='ocrx_word' id='word_1_610' title='bbox 2113 3680 2169 3735; x_wconf 92' lang='lat' dir='ltr'><strong>Si</strong></span> <span class='ocrx_word' id='word_1_611' title='bbox 2214 3692 2391 3735; x_wconf 91' lang='lat' dir='ltr'><strong>autem</strong></span> <span class='ocrx_word' id='word_1_612' title='bbox 2429 3690 2814 3735; x_wconf 88' lang='lat' dir='ltr'><strong>convcrtamns</strong></span> <span class='ocrx_word' id='word_1_613' title='bbox 2851 3695 2949 3734; x_wconf 93' lang='lat' dir='ltr'><strong>nos</strong></span> <span class='ocrx_word' id='word_1_614' title='bbox 2992 3680 3057 3733; x_wconf 90' lang='lat' dir='ltr'><strong>ad</strong></span> <span class='ocrx_word' id='word_1_615' title='bbox 3106 3678 3426 3741; x_wconf 91' lang='lat' dir='ltr'><strong>Dominum,</strong></span> 
     </span>
    </p>
   </div>
   <div class='ocr_carea' id='block_1_80' title="bbox 1854 3773 3431 3842">
    <p class='ocr_par' dir='ltr' id='par_1_80' title="bbox 1854 3773 3431 3842">
     <span class='ocr_line' id='line_1_80' title="bbox 1854 3773 3431 3842; baseline -0.004 -12"><span class='ocrx_word' id='word_1_616' title='bbox 1854 3775 1943 3830; x_wconf 90' lang='lat' dir='ltr'><strong>ubi</strong></span> <span class='ocrx_word' id='word_1_617' title='bbox 1970 3783 2053 3831; x_wconf 88' lang='lat' dir='ltr'><strong>est</strong></span> <span class='ocrx_word' id='word_1_618' title='bbox 2076 3783 2131 3829; x_wconf 89' lang='lat' dir='ltr'><strong>et</strong></span> <span class='ocrx_word' id='word_1_619' title='bbox 2164 3774 2402 3829; x_wconf 82' lang='lat' dir='ltr'><strong>Verbum</strong></span> <span class='ocrx_word' id='word_1_620' title='bbox 2436 3775 2551 3839; x_wconf 91' lang='lat' dir='ltr'><strong>Dei,</strong></span> <span class='ocrx_word' id='word_1_621' title='bbox 2583 3783 2637 3828; x_wconf 91' lang='lat' dir='ltr'><strong>et</strong></span> <span class='ocrx_word' id='word_1_622' title='bbox 2672 3774 2760 3829; x_wconf 89' lang='lat' dir='ltr'><strong>ubi</strong></span> <span class='ocrx_word' id='word_1_623' title='bbox 2810 3773 3051 3842; x_wconf 90' lang='lat' dir='ltr'><strong>Spiritus</strong></span> <span class='ocrx_word' id='word_1_624' title='bbox 3091 3780 3309 3826; x_wconf 90' lang='lat' dir='ltr'><strong>sanctus</strong></span> <span class='ocrx_word' id='word_1_625' title='bbox 3343 3784 3431 3825; x_wconf 70' lang='lat' dir='ltr'><strong>reo</strong></span> 
     </span>
    </p>
   </div>
   <div class='ocr_carea' id='block_1_81' title="bbox 1853 3865 3424 3947">
    <p class='ocr_par' dir='ltr' id='par_1_81' title="bbox 1853 3865 3424 3947">
     <span class='ocr_line' id='line_1_81' title="bbox 1853 3865 3424 3947; baseline -0.004 -26"><span class='ocrx_word' id='word_1_626' title='bbox 1853 3869 1994 3924; x_wconf 85' lang='lat' dir='ltr'><strong>velat</strong></span> <span class='ocrx_word' id='word_1_627' title='bbox 2019 3869 2303 3924; x_wconf 88' lang='lat' dir='ltr'><strong>scientiam</strong></span> <span class='ocrx_word' id='word_1_628' title='bbox 2336 3868 2661 3937; x_wconf 88' lang='lat' dir='ltr'><strong>spiritalem,</strong></span> <span class='ocrx_word' id='word_1_629' title='bbox 2696 3877 2823 3921; x_wconf 92' lang='lat' dir='ltr'><strong>tunc</strong></span> <span class='ocrx_word' id='word_1_630' title='bbox 2855 3865 3133 3947; x_wconf 79' lang='lat' dir='ltr'><strong>auferetur</strong></span> <span class='ocrx_word' id='word_1_631' title='bbox 3160 3865 3424 3927; x_wconf 86' lang='lat' dir='ltr'><strong>velamen,</strong></span> 
     </span>
    </p>
   </div>
   <div class='ocr_carea' id='block_1_82' title="bbox 1854 3958 3426 4030">
    <p class='ocr_par' dir='ltr' id='par_1_82' title="bbox 1854 3958 3426 4030">
     <span class='ocr_line' id='line_1_82' title="bbox 1854 3958 3426 4030; baseline -0.004 -15"><span class='ocrx_word' id='word_1_632' title='bbox 1854 3970 1906 4015; x_wconf 91' lang='lat' dir='ltr'><strong>et</strong></span> <span class='ocrx_word' id='word_1_633' title='bbox 1949 3970 2078 4015; x_wconf 88' lang='lat' dir='ltr'><strong>tunc</strong></span> <span class='ocrx_word' id='word_1_634' title='bbox 2112 3962 2343 4016; x_wconf 88' lang='lat' dir='ltr'><strong>revelata</strong></span> <span class='ocrx_word' id='word_1_635' title='bbox 2379 3962 2517 4015; x_wconf 84' lang='lat' dir='ltr'><strong>facie</strong></span> <span class='ocrx_word' id='word_1_636' title='bbox 2546 3962 2599 4015; x_wconf 91' lang='lat' dir='ltr'><strong>in</strong></span> <span class='ocrx_word' id='word_1_637' title='bbox 2638 3960 2936 4030; x_wconf 88' lang='lat' dir='ltr'><strong>Scripturis</strong></span> <span class='ocrx_word' id='word_1_638' title='bbox 2970 3960 3170 4014; x_wconf 89' lang='lat' dir='ltr'><strong>sanctis</strong></span> <span class='ocrx_word' id='word_1_639' title='bbox 3201 3958 3426 4028; x_wconf 90' lang='lat' dir='ltr'><strong>gloriam</strong></span> 
     </span>
    </p>
   </div>
   <div class='ocr_carea' id='block_1_83' title="bbox 1854 4051 2523 4121">
    <p class='ocr_par' dir='ltr' id='par_1_83' title="bbox 1854 4051 2523 4121">
     <span class='ocr_line' id='line_1_83' title="bbox 1854 4051 2523 4121; baseline 0.004 -17"><span class='ocrx_word' id='word_1_640' title='bbox 1854 4051 2071 4105; x_wconf 84' lang='lat' dir='ltr'><strong>Domini</strong></span> <span class='ocrx_word' id='word_1_641' title='bbox 2100 4052 2523 4121; x_wconf 89' lang='lat' dir='ltr'><strong>speculabimur.</strong></span> 
     </span>
    </p>
   </div>
   <div class='ocr_carea' id='block_1_84' title="bbox 1924 4138 3425 4212">
    <p class='ocr_par' dir='ltr' id='par_1_84' title="bbox 1924 4138 3425 4212">
     <span class='ocr_line' id='line_1_84' title="bbox 1924 4138 3425 4212; baseline -0.005 -13"><span class='ocrx_word' id='word_1_642' title='bbox 1924 4146 1977 4199; x_wconf 81' lang='grc'><strong>5.</strong></span> <span class='ocrx_word' id='word_1_643' title='bbox 2023 4145 2127 4199; x_wconf 90' lang='lat' dir='ltr'><strong>Sed</strong></span> <span class='ocrx_word' id='word_1_644' title='bbox 2170 4154 2223 4199; x_wconf 91' lang='lat' dir='ltr'><strong>et</strong></span> <span class='ocrx_word' id='word_1_645' title='bbox 2271 4160 2392 4199; x_wconf 91' lang='lat' dir='ltr'><strong>cum</strong></span> <span class='ocrx_word' id='word_1_646' title='bbox 2440 4144 2506 4198; x_wconf 90' lang='lat' dir='ltr'><strong>de</strong></span> <span class='ocrx_word' id='word_1_647' title='bbox 2550 4141 2755 4212; x_wconf 90' lang='lat' dir='ltr'><strong>Spiritu</strong></span> <span class='ocrx_word' id='word_1_648' title='bbox 2805 4151 2995 4197; x_wconf 89' lang='lat' dir='ltr'><strong>sancto</strong></span> <span class='ocrx_word' id='word_1_649' title='bbox 3040 4140 3199 4195; x_wconf 91' lang='lat' dir='ltr'><strong>multi</strong></span> <span class='ocrx_word' id='word_1_650' title='bbox 3253 4138 3425 4193; x_wconf 85' lang='lat' dir='ltr'><strong>sancti</strong></span> 
     </span>
    </p>
   </div>
   <div class='ocr_carea' id='block_1_85' title="bbox 1856 4230 3425 4306">
    <p class='ocr_par' dir='ltr' id='par_1_85' title="bbox 1856 4230 3425 4306">
     <span class='ocr_line' id='line_1_85' title="bbox 1856 4230 3425 4306; baseline -0.005 -17"><span class='ocrx_word' id='word_1_651' title='bbox 1856 4236 2224 4306; x_wconf 89' lang='lat' dir='ltr'><strong>participant,</strong></span> <span class='ocrx_word' id='word_1_652' title='bbox 2278 4251 2383 4290; x_wconf 94' lang='lat' dir='ltr'><strong>non</strong></span> <span class='ocrx_word' id='word_1_653' title='bbox 2436 4236 2624 4303; x_wconf 90' lang='lat' dir='ltr'><strong>utique</strong></span> <span class='ocrx_word' id='word_1_654' title='bbox 2679 4249 2880 4302; x_wconf 91' lang='lat' dir='ltr'><strong>corpus</strong></span> <span class='ocrx_word' id='word_1_655' title='bbox 2931 4233 3150 4302; x_wconf 90' lang='lat' dir='ltr'><strong>aliquod</strong></span> <span class='ocrx_word' id='word_1_656' title='bbox 3206 4230 3425 4299; x_wconf 83' lang='lat' dir='ltr'><strong>intelligi</strong></span> 
     </span>
    </p>
   </div>
   <div class='ocr_carea' id='block_1_86' title="bbox 1852 4313 3430 4398">
    <p class='ocr_par' dir='ltr' id='par_1_86' title="bbox 1852 4313 3430 4398">
     <span class='ocr_line' id='line_1_86' title="bbox 1852 4313 3430 4398; baseline -0.004 -16"><span class='ocrx_word' id='word_1_657' title='bbox 1852 4337 2031 4398; x_wconf 90' lang='lat' dir='ltr'><strong>potest</strong></span> <span class='ocrx_word' id='word_1_658' title='bbox 2075 4327 2314 4396; x_wconf 90' lang='lat' dir='ltr'><strong>Spiritus</strong></span> <span class='ocrx_word' id='word_1_659' title='bbox 2365 4336 2624 4391; x_wconf 91' lang='lat' dir='ltr'><strong>sanctus,</strong></span> <span class='ocrx_word' id='word_1_660' title='bbox 2676 4326 2819 4395; x_wconf 91' lang='lat' dir='ltr'><strong>quod</strong></span> <span class='ocrx_word' id='word_1_661' title='bbox 2866 4325 3097 4379; x_wconf 90' lang='lat' dir='ltr'><strong>divisum</strong></span> <span class='ocrx_word' id='word_1_662' title='bbox 3150 4323 3200 4376; x_wconf 91' lang='lat' dir='ltr'><strong>in</strong></span> <span class='ocrx_word' id='word_1_663' title='bbox 3248 4313 3430 4392; x_wconf 79' lang='lat' dir='ltr'><strong>partes</strong></span> 
     </span>
    </p>
   </div>
   <div class='ocr_carea' id='block_1_87' title="bbox 1853 4416 3429 4491">
    <p class='ocr_par' dir='ltr' id='par_1_87' title="bbox 1853 4416 3429 4491">
     <span class='ocr_line' id='line_1_87' title="bbox 1853 4416 3429 4491; baseline -0.005 -17"><span class='ocrx_word' id='word_1_664' title='bbox 1853 4422 2157 4489; x_wconf 85' lang='lat' dir='ltr'><strong>corporales</strong></span> <span class='ocrx_word' id='word_1_665' title='bbox 2211 4420 2481 4491; x_wconf 88' lang='lat' dir='ltr'><strong>percipiat</strong></span> <span class='ocrx_word' id='word_1_666' title='bbox 2530 4420 2903 4488; x_wconf 88' lang='lat' dir='ltr'><strong>unusquisque</strong></span> <span class='ocrx_word' id='word_1_667' title='bbox 2952 4428 3298 4481; x_wconf 89' lang='lat' dir='ltr'><strong>sanctorum;</strong></span> <span class='ocrx_word' id='word_1_668' title='bbox 3338 4416 3429 4467; x_wconf 85' lang='lat' dir='ltr'><strong>sed</strong></span> 
     </span>
    </p>
   </div>
   <div class='ocr_carea' id='block_1_88' title="bbox 1853 4500 3426 4581">
    <p class='ocr_par' dir='ltr' id='par_1_88' title="bbox 1853 4500 3426 4581">
     <span class='ocr_line' id='line_1_88' title="bbox 1853 4500 3426 4581; baseline -0.005 -16"><span class='ocrx_word' id='word_1_669' title='bbox 1853 4513 2026 4567; x_wconf 86' lang='lat' dir='ltr'><strong>virtus</strong></span> <span class='ocrx_word' id='word_1_670' title='bbox 2056 4512 2300 4581; x_wconf 87' lang='lat' dir='ltr'><strong>profecto</strong></span> <span class='ocrx_word' id='word_1_671' title='bbox 2330 4500 2680 4567; x_wconf 76' lang='lat' dir='ltr'><strong>Sanctificans</strong></span> <span class='ocrx_word' id='word_1_672' title='bbox 2717 4518 2831 4575; x_wconf 88' lang='lat' dir='ltr'><strong>est;</strong></span> <span class='ocrx_word' id='word_1_673' title='bbox 2878 4508 3034 4575; x_wconf 90' lang='lat' dir='ltr'><strong>cujus</strong></span> <span class='ocrx_word' id='word_1_674' title='bbox 3078 4507 3426 4577; x_wconf 82' lang='lat' dir='ltr'><strong>participium</strong></span> 
     </span>
    </p>
   </div>
   <div class='ocr_carea' id='block_1_89' title="bbox 246 4586 1747 4669">
    <p class='ocr_par' dir='ltr' id='par_1_89' title="bbox 246 4594 1747 4666">
     <span class='ocr_line' id='line_1_89' title="bbox 246 4594 1747 4666; baseline 0.003 -18"><span class='ocrx_word' id='word_1_675' title='bbox 246 4595 350 4666; x_wconf 81' lang='lat'><strong>50</strong></span> <span class='ocrx_word' id='word_1_676' title='bbox 373 4596 426 4648; x_wconf 75' lang='grc'>9..</span> <span class='ocrx_word' id='word_1_677' title='bbox 464 4594 525 4649; x_wconf 89' lang='lat' dir='ltr'><strong>Si</strong></span> <span class='ocrx_word' id='word_1_678' title='bbox 574 4607 705 4663; x_wconf 85' lang='lat' dir='ltr'><strong>ergo</strong></span> <span class='ocrx_word' id='word_1_679' title='bbox 742 4594 1093 4663; x_wconf 85' lang='lat' dir='ltr'><strong>acquiescunt</strong></span> <span class='ocrx_word' id='word_1_680' title='bbox 1139 4595 1264 4650; x_wconf 90' lang='lat' dir='ltr'><strong>huic</strong></span> <span class='ocrx_word' id='word_1_681' title='bbox 1317 4596 1606 4651; x_wconf 88' lang='lat' dir='ltr'><strong>assertioni</strong></span> <span class='ocrx_word' id='word_1_682' title='bbox 1656 4611 1747 4652; x_wconf 92' lang='lat' dir='ltr'><strong>no-</strong></span> 
     </span>
    </p>
   </div>
   <div class='ocr_carea' id='block_1_90' title="bbox 1854 4586 3429 4669">
    <p class='ocr_par' dir='ltr' id='par_1_90' title="bbox 1859 4600 3429 4669">
     <span class='ocr_line' id='line_1_90' title="bbox 1859 4600 3429 4669; baseline -0.006 -11"><span class='ocrx_word' id='word_1_683' title='bbox 1859 4605 2059 4660; x_wconf 88' lang='lat' dir='ltr'><strong>babere</strong></span> <span class='ocrx_word' id='word_1_684' title='bbox 2093 4605 2345 4658; x_wconf 90' lang='lat' dir='ltr'><strong>dicuntur</strong></span> <span class='ocrx_word' id='word_1_685' title='bbox 2377 4619 2588 4669; x_wconf 78' lang='lat' dir='ltr'><strong>on&#39;ines,</strong></span> <span class='ocrx_word' id='word_1_686' title='bbox 2637 4603 2727 4669; x_wconf 88' lang='lat' dir='ltr'><strong>qui</strong></span> <span class='ocrx_word' id='word_1_687' title='bbox 2764 4616 2857 4669; x_wconf 88' lang='lat' dir='ltr'><strong>per</strong></span> <span class='ocrx_word' id='word_1_688' title='bbox 2888 4600 3004 4669; x_wconf 88' lang='lat' dir='ltr'><strong>ejus</strong></span> <span class='ocrx_word' id='word_1_689' title='bbox 3038 4600 3265 4669; x_wconf 83' lang='lat' dir='ltr'><strong>gratiam</strong></span> <span class='ocrx_word' id='word_1_690' title='bbox 3297 4613 3429 4650; x_wconf 86' lang='lat' dir='ltr'><strong>san-</strong></span> 
     </span>
    </p>
   </div>
   <div class='ocr_carea' id='block_1_91' title="bbox 183 4685 1750 4758">
    <p class='ocr_par' dir='ltr' id='par_1_91' title="bbox 183 4685 1750 4758">
     <span class='ocr_line' id='line_1_91' title="bbox 183 4685 1750 4758; baseline 0 -16"><span class='ocrx_word' id='word_1_691' title='bbox 183 4698 301 4743; x_wconf 73' lang='lat' dir='ltr'><strong>stra:</strong></span> <span class='ocrx_word' id='word_1_692' title='bbox 345 4703 509 4758; x_wconf 86' lang='lat' dir='ltr'><strong>quam</strong></span> <span class='ocrx_word' id='word_1_693' title='bbox 554 4686 622 4740; x_wconf 88' lang='lat' dir='ltr'><strong>de</strong></span> <span class='ocrx_word' id='word_1_694' title='bbox 665 4694 860 4739; x_wconf 85' lang='lat' dir='ltr'><strong>natura</strong></span> <span class='ocrx_word' id='word_1_695' title='bbox 920 4685 1138 4742; x_wconf 89' lang='lat' dir='ltr'><strong>luminis</strong></span> <span class='ocrx_word' id='word_1_696' title='bbox 1193 4687 1307 4757; x_wconf 90' lang='lat' dir='ltr'><strong>ipsa</strong></span> <span class='ocrx_word' id='word_1_697' title='bbox 1354 4688 1750 4742; x_wconf 84' lang='lat' dir='ltr'><strong>demonstravit</strong></span> 
     </span>
    </p>
   </div>
   <div class='ocr_carea' id='block_1_92' title="bbox 184 4779 1748 4850">
    <p class='ocr_par' dir='ltr' id='par_1_92' title="bbox 184 4779 1748 4850">
     <span class='ocr_line' id='line_1_92' title="bbox 184 4779 1748 4850; baseline -0.001 -13"><span class='ocrx_word' id='word_1_698' title='bbox 184 4782 332 4848; x_wconf 81' lang='lat' dir='ltr'><strong>ratio,</strong></span> <span class='ocrx_word' id='word_1_699' title='bbox 360 4791 416 4836; x_wconf 91' lang='lat' dir='ltr'><strong>et</strong></span> <span class='ocrx_word' id='word_1_700' title='bbox 457 4781 699 4836; x_wconf 84' lang='lat' dir='ltr'><strong>fatentur</strong></span> <span class='ocrx_word' id='word_1_701' title='bbox 731 4791 836 4832; x_wconf 92' lang='lat' dir='ltr'><strong>non</strong></span> <span class='ocrx_word' id='word_1_702' title='bbox 872 4793 1031 4847; x_wconf 87' lang='lat' dir='ltr'><strong>posse</strong></span> <span class='ocrx_word' id='word_1_703' title='bbox 1056 4793 1258 4849; x_wconf 90' lang='lat' dir='ltr'><strong>corpus</strong></span> <span class='ocrx_word' id='word_1_704' title='bbox 1300 4779 1528 4850; x_wconf 86' lang='lat' dir='ltr'><strong>intelligi</strong></span> <span class='ocrx_word' id='word_1_705' title='bbox 1576 4780 1748 4835; x_wconf 92' lang='lat' dir='ltr'><strong>Deum</strong></span> 
     </span>
    </p>
   </div>
   <div class='ocr_carea' id='block_1_93' title="bbox 186 4873 1749 4943">
    <p class='ocr_par' dir='ltr' id='par_1_93' title="bbox 186 4873 1749 4943">
     <span class='ocr_line' id='line_1_93' title="bbox 186 4873 1749 4943; baseline 0 -14"><span class='ocrx_word' id='word_1_706' title='bbox 186 4877 470 4929; x_wconf 82' lang='lat' dir='ltr'><strong>secundum</strong></span> <span class='ocrx_word' id='word_1_707' title='bbox 502 4875 724 4929; x_wconf 83' lang='lat' dir='ltr'><strong>luminis</strong></span> <span class='ocrx_word' id='word_1_708' title='bbox 751 4874 1106 4942; x_wconf 87' lang='lat' dir='ltr'><strong>intellectum,</strong></span> <span class='ocrx_word' id='word_1_709' title='bbox 1141 4873 1340 4929; x_wconf 82' lang='lat' dir='ltr'><strong>similis</strong></span> <span class='ocrx_word' id='word_1_710' title='bbox 1366 4888 1579 4943; x_wconf 89' lang='lat' dir='ltr'><strong>quoque</strong></span> <span class='ocrx_word' id='word_1_711' title='bbox 1611 4874 1749 4930; x_wconf 89' lang='lat' dir='ltr'><strong>ratio</strong></span> 
     </span>
    </p>
   </div>
   <div class='ocr_carea' id='block_1_94' title="bbox 189 4967 1751 5037">
    <p class='ocr_par' dir='ltr' id='par_1_94' title="bbox 189 4967 1751 5037">
     <span class='ocr_line' id='line_1_94' title="bbox 189 4967 1751 5037; baseline 0.003 -17"><span class='ocrx_word' id='word_1_712' title='bbox 189 4968 245 5021; x_wconf 90' lang='lat' dir='ltr'><strong>de</strong></span> <span class='ocrx_word' id='word_1_713' title='bbox 285 4968 409 5037; x_wconf 83' lang='lat' dir='ltr'><strong>igne</strong></span> <span class='ocrx_word' id='word_1_714' title='bbox 434 4979 790 5026; x_wconf 84' lang='lat' dir='ltr'><strong>consumente</strong></span> <span class='ocrx_word' id='word_1_715' title='bbox 829 4969 1064 5024; x_wconf 90' lang='lat' dir='ltr'><strong>dabitur.</strong></span> <span class='ocrx_word' id='word_1_716' title='bbox 1113 4967 1254 5035; x_wconf 85' lang='lat' dir='ltr'><strong>Quid</strong></span> <span class='ocrx_word' id='word_1_717' title='bbox 1285 4968 1430 5024; x_wconf 90' lang='lat' dir='ltr'><strong>enim</strong></span> <span class='ocrx_word' id='word_1_718' title='bbox 1464 4977 1751 5024; x_wconf 89' lang='lat' dir='ltr'><strong>consumet</strong></span> 
     </span>
    </p>
   </div>
   <div class='ocr_carea' id='block_1_95' title="bbox 250 5104 1176 5174">
    <p class='ocr_par' dir='ltr' id='par_1_95' title="bbox 250 5104 1176 5174">
     <span class='ocr_line' id='line_1_95' title="bbox 250 5104 1176 5174; baseline -0.001 -13"><span class='ocrx_word' id='word_1_719' title='bbox 250 5107 293 5138; x_wconf 79' lang='lat'>“</span> <span class='ocrx_word' id='word_1_720' title='bbox 322 5104 447 5161; x_wconf 88' lang='lat' dir='ltr'><strong>Ose.</strong></span> <span class='ocrx_word' id='word_1_721' title='bbox 470 5124 527 5174; x_wconf 70' lang='grc' dir='ltr'><strong>ι,</strong></span> <span class='ocrx_word' id='word_1_722' title='bbox 553 5107 645 5161; x_wconf 77' lang='grc'><strong>12.</strong></span> <span class='ocrx_word' id='word_1_723' title='bbox 732 5109 777 5139; x_wconf 75' lang='grc'>³³</span> <span class='ocrx_word' id='word_1_724' title='bbox 808 5108 965 5161; x_wconf 90' lang='lat' dir='ltr'><strong>Deut.</strong></span> <span class='ocrx_word' id='word_1_725' title='bbox 988 5122 1064 5170; x_wconf 84' lang='lat' dir='ltr'><strong>tv,</strong></span> <span class='ocrx_word' id='word_1_726' title='bbox 1085 5105 1176 5160; x_wconf 68' lang='grc'><strong>24.</strong></span> 
     </span>
    </p>
   </div>
   <div class='ocr_carea' id='block_1_96' title="bbox 194 5174 1169 5243">
    <p class='ocr_par' dir='ltr' id='par_1_96' title="bbox 194 5174 1169 5243">
     <span class='ocr_line' id='line_1_96' title="bbox 194 5174 1169 5243; baseline 0.003 -12"><span class='ocrx_word' id='word_1_727' title='bbox 194 5176 229 5208; x_wconf 85' lang='grc'><strong>¹⁸</strong></span> <span class='ocrx_word' id='word_1_728' title='bbox 252 5174 403 5231; x_wconf 81' lang='lat' dir='ltr'><strong>Joan.</strong></span> <span class='ocrx_word' id='word_1_729' title='bbox 427 5194 505 5243; x_wconf 76' lang='grc' dir='ltr'><strong>ιν,</strong></span> <span class='ocrx_word' id='word_1_730' title='bbox 529 5176 623 5235; x_wconf 71' lang='grc'><strong>24.</strong></span> <span class='ocrx_word' id='word_1_731' title='bbox 712 5180 755 5211; x_wconf 78' lang='grc'><strong>¹⁹</strong></span> <span class='ocrx_word' id='word_1_732' title='bbox 783 5178 825 5233; x_wconf 89' lang='lat' dir='ltr'><strong>ll</strong></span> <span class='ocrx_word' id='word_1_733' title='bbox 855 5178 980 5233; x_wconf 88' lang='lat' dir='ltr'><strong>Cor.</strong></span> <span class='ocrx_word' id='word_1_734' title='bbox 1006 5192 1088 5243; x_wconf 86' lang='lat' dir='ltr'><strong>nt,</strong></span> <span class='ocrx_word' id='word_1_735' title='bbox 1115 5179 1169 5234; x_wconf 87' lang='grc'><strong>6.</strong></span> 
     </span>
    </p>
   </div>
   <div class='ocr_carea' id='block_1_97' title="bbox 197 5287 1754 5359">
    <p class='ocr_par' dir='ltr' id='par_1_97' title="bbox 197 5287 1754 5359">
     <span class='ocr_line' id='line_1_97' title="bbox 197 5287 1754 5359; baseline 0.004 -19"><span class='ocrx_word' id='word_1_736' title='bbox 197 5307 214 5340; x_wconf 77' lang='grc' dir='ltr'>ι</span> <span class='ocrx_word' id='word_1_737' title='bbox 237 5304 300 5343; x_wconf 86' lang='lat' dir='ltr'><strong>an</strong></span> <span class='ocrx_word' id='word_1_738' title='bbox 320 5289 437 5345; x_wconf 87' lang='lat' dir='ltr'><strong>sine</strong></span> <span class='ocrx_word' id='word_1_739' title='bbox 460 5288 668 5343; x_wconf 82' lang='lat' dir='ltr'><strong>anima.</strong></span> <span class='ocrx_word' id='word_1_740' title='bbox 693 5307 714 5341; x_wconf 77' lang='grc' dir='ltr'><strong><em>ι</em></strong></span> <span class='ocrx_word' id='word_1_741' title='bbox 744 5287 912 5355; x_wconf 83' lang='lat' dir='ltr'><strong>Alias,</strong></span> <span class='ocrx_word' id='word_1_742' title='bbox 939 5306 957 5339; x_wconf 75' lang='grc' dir='ltr'>ι</span> <span class='ocrx_word' id='word_1_743' title='bbox 981 5303 1049 5342; x_wconf 90' lang='lat' dir='ltr'><strong>an</strong></span> <span class='ocrx_word' id='word_1_744' title='bbox 1077 5289 1352 5343; x_wconf 87' lang='lat' dir='ltr'><strong>exanima.</strong></span> <span class='ocrx_word' id='word_1_745' title='bbox 1377 5306 1398 5340; x_wconf 74' lang='grc' dir='ltr'>ι</span> <span class='ocrx_word' id='word_1_746' title='bbox 1428 5288 1570 5343; x_wconf 86' lang='lat' dir='ltr'><strong>Infra</strong></span> <span class='ocrx_word' id='word_1_747' title='bbox 1599 5306 1754 5359; x_wconf 90' lang='lat' dir='ltr'><strong>mss.,</strong></span> 
     </span>
    </p>
   </div>
   <div class='ocr_carea' id='block_1_98' title="bbox 197 5359 1755 5432">
    <p class='ocr_par' dir='ltr' id='par_1_98' title="bbox 197 5359 1755 5432">
     <span class='ocr_line' id='line_1_98' title="bbox 197 5359 1755 5432; baseline 0.003 -20"><span class='ocrx_word' id='word_1_748' title='bbox 197 5360 591 5432; x_wconf 19' lang='lat' dir='ltr'><strong>rexemplisﬂet</strong></span> <span class='ocrx_word' id='word_1_749' title='bbox 638 5359 1163 5414; x_wconf 65' lang='lat' dir='ltr'><strong>aﬂirmationibus.»</strong></span> <span class='ocrx_word' id='word_1_750' title='bbox 1214 5359 1385 5425; x_wconf 81' lang='lat' dir='ltr'><strong>Alias,</strong></span> <span class='ocrx_word' id='word_1_751' title='bbox 1438 5363 1755 5432; x_wconf 70' lang='lat' dir='ltr'><strong>«excerptis</strong></span> 
     </span>
    </p>
   </div>
   <div class='ocr_carea' id='block_1_99' title="bbox 194 5430 689 5483">
    <p class='ocr_par' dir='ltr' id='par_1_99' title="bbox 194 5430 689 5483">
     <span class='ocr_line' id='line_1_99' title="bbox 194 5430 689 5483; baseline -0.006 0"><span class='ocrx_word' id='word_1_752' title='bbox 194 5430 647 5483; x_wconf 79' lang='lat' dir='ltr'><strong>aiﬁrntalionibus.</strong></span> <span class='ocrx_word' id='word_1_753' title='bbox 670 5448 689 5480; x_wconf 72' lang='grc' dir='ltr'>ι</span> 
     </span>
    </p>
   </div>
   <div class='ocr_carea' id='block_1_100' title="bbox 253 5499 1746 5569">
    <p class='ocr_par' dir='ltr' id='par_1_100' title="bbox 253 5499 1746 5569">
     <span class='ocr_line' id='line_1_100' title="bbox 253 5499 1746 5569; baseline 0.003 -16"><span class='ocrx_word' id='word_1_754' title='bbox 253 5500 356 5569; x_wconf 87' lang='grc'>(66)</span> <span class='ocrx_word' id='word_1_755' title='bbox 397 5500 583 5554; x_wconf 80' lang='lat' dir='ltr'><strong>Dicere</strong></span> <span class='ocrx_word' id='word_1_756' title='bbox 631 5499 804 5554; x_wconf 84' lang='lat' dir='ltr'><strong>Deum</strong></span> <span class='ocrx_word' id='word_1_757' title='bbox 856 5516 1045 5567; x_wconf 76' lang='lat' dir='ltr'><strong>corpus</strong></span> <span class='ocrx_word' id='word_1_758' title='bbox 1090 5516 1220 5554; x_wconf 80' lang='lat' dir='ltr'><strong>esse.</strong></span> <span class='ocrx_word' id='word_1_759' title='bbox 1267 5499 1342 5553; x_wconf 83' lang='lat' dir='ltr'><strong>ita</strong></span> <span class='ocrx_word' id='word_1_760' title='bbox 1372 5514 1528 5569; x_wconf 24' lang='lat' dir='ltr'><strong>Amss.</strong></span> <span class='ocrx_word' id='word_1_761' title='bbox 1572 5501 1746 5566; x_wconf 82' lang='lat' dir='ltr'><strong>Alias,</strong></span> 
     </span>
    </p>
   </div>
   <div class='ocr_carea' id='block_1_101' title="bbox 196 5567 1759 5696">
    <p class='ocr_par' dir='ltr' id='par_1_101' title="bbox 196 5567 1759 5696">
     <span class='ocr_line' id='line_1_101' title="bbox 196 5567 1759 5696; baseline 0.001 -72"><span class='ocrx_word' id='word_1_762' title='bbox 196 5567 388 5696; x_wconf 52' lang='lat' dir='ltr'><strong>hebenum</strong></span> <span class='ocrx_word' id='word_1_763' title='bbox 415 5584 615 5640; x_wconf 89' lang='lat' dir='ltr'><strong>corpus</strong></span> <span class='ocrx_word' id='word_1_764' title='bbox 638 5584 764 5625; x_wconf 89' lang='lat' dir='ltr'><strong>esse</strong></span> <span class='ocrx_word' id='word_1_765' title='bbox 789 5584 1148 5626; x_wconf 88' lang='lat' dir='ltr'><strong>asserere.....</strong></span> <span class='ocrx_word' id='word_1_766' title='bbox 1166 5570 1307 5640; x_wconf 89' lang='lat' dir='ltr'><strong>apud</strong></span> <span class='ocrx_word' id='word_1_767' title='bbox 1336 5567 1596 5640; x_wconf 80' lang='lat' dir='ltr'><strong>Moysem,</strong></span> <span class='ocrx_word' id='word_1_768' title='bbox 1619 5572 1759 5641; x_wconf 91' lang='lat' dir='ltr'><strong>quod</strong></span> 
     </span>
     <span class='ocr_line' id='line_1_102' title="bbox 262 5658 380 5694; baseline 0.034 -5"><span class='ocrx_word' id='word_1_769' title='bbox 262 5658 337 5694; x_wconf 78' lang='lat' dir='ltr'><strong>IIS.</strong></span> <span class='ocrx_word' id='word_1_770' title='bbox 360 5660 380 5693; x_wconf 74' lang='lat' dir='ltr'><strong>D</strong></span> 
     </span>
    </p>
   </div>
   <div class='ocr_carea' id='block_1_102' title="bbox 262 5658 380 5694">
    <p class='ocr_par' dir='ltr' id='par_1_102' title="bbox 262 5658 380 5694">
     <span class='ocr_line' id='line_1_103' title="bbox 262 5658 380 5694; baseline 0.034 -5"><span class='ocrx_word' id='word_1_771' title='bbox 262 5658 337 5694; x_wconf 78' lang='lat' dir='ltr'><strong>IIS.</strong></span> <span class='ocrx_word' id='word_1_772' title='bbox 360 5660 380 5693; x_wconf 74' lang='lat' dir='ltr'><strong>D</strong></span> 
     </span>
    </p>
   </div>
   <div class='ocr_carea' id='block_1_103' title="bbox 256 5708 1760 5781">
    <p class='ocr_par' dir='ltr' id='par_1_103' title="bbox 256 5708 1760 5781">
     <span class='ocr_line' id='line_1_104' title="bbox 256 5708 1760 5781; baseline -0.002 -17"><span class='ocrx_word' id='word_1_773' title='bbox 256 5710 357 5781; x_wconf 85' lang='lat'>(67)</span> <span class='ocrx_word' id='word_1_774' title='bbox 397 5712 505 5778; x_wconf 79' lang='lat' dir='ltr'><strong>Qui</strong></span> <span class='ocrx_word' id='word_1_775' title='bbox 550 5722 632 5767; x_wconf 81' lang='lat' dir='ltr'><strong>eu</strong></span> <span class='ocrx_word' id='word_1_776' title='bbox 670 5708 850 5781; x_wconf 70' lang='lat' dir='ltr'><strong>Filius</strong></span> <span class='ocrx_word' id='word_1_777' title='bbox 892 5720 1033 5765; x_wconf 73' lang='lat' dir='ltr'><strong>tuus.</strong></span> <span class='ocrx_word' id='word_1_778' title='bbox 1079 5709 1169 5765; x_wconf 90' lang='lat' dir='ltr'><strong>Sic</strong></span> <span class='ocrx_word' id='word_1_779' title='bbox 1204 5725 1332 5764; x_wconf 90' lang='lat' dir='ltr'><strong>mss.</strong></span> <span class='ocrx_word' id='word_1_780' title='bbox 1373 5708 1552 5775; x_wconf 83' lang='lat' dir='ltr'><strong>Alias,</strong></span> <span class='ocrx_word' id='word_1_781' title='bbox 1592 5729 1611 5761; x_wconf 73' lang='grc' dir='ltr'><strong><em>ι</em></strong></span> <span class='ocrx_word' id='word_1_782' title='bbox 1642 5727 1760 5781; x_wconf 65' lang='lat' dir='ltr'><strong>qua:</strong></span> 
     </span>
    </p>
   </div>
   <div class='ocr_carea' id='block_1_104' title="bbox 197 5780 1756 5851">
    <p class='ocr_par' dir='ltr' id='par_1_104' title="bbox 197 5780 1756 5851">
     <span class='ocr_line' id='line_1_105' title="bbox 197 5780 1756 5851; baseline 0 -14"><span class='ocrx_word' id='word_1_783' title='bbox 197 5792 266 5837; x_wconf 73' lang='lat' dir='ltr'><strong>est</strong></span> <span class='ocrx_word' id='word_1_784' title='bbox 292 5782 455 5839; x_wconf 82' lang='lat' dir='ltr'><strong>Filius</strong></span> <span class='ocrx_word' id='word_1_785' title='bbox 487 5793 639 5838; x_wconf 90' lang='lat' dir='ltr'><strong>tuus.</strong></span> <span class='ocrx_word' id='word_1_786' title='bbox 661 5800 682 5834; x_wconf 74' lang='grc' dir='ltr'><strong>ι</strong></span> <span class='ocrx_word' id='word_1_787' title='bbox 715 5780 884 5836; x_wconf 86' lang='lat' dir='ltr'><strong>Paulo</strong></span> <span class='ocrx_word' id='word_1_788' title='bbox 909 5791 1028 5848; x_wconf 91' lang='lat' dir='ltr'><strong>post</strong></span> <span class='ocrx_word' id='word_1_789' title='bbox 1054 5796 1211 5851; x_wconf 84' lang='lat' dir='ltr'><strong>mss.,</strong></span> <span class='ocrx_word' id='word_1_790' title='bbox 1243 5799 1260 5830; x_wconf 78' lang='grc' dir='ltr'>ι</span> <span class='ocrx_word' id='word_1_791' title='bbox 1284 5781 1366 5834; x_wconf 86' lang='lat' dir='ltr'><strong>vel</strong></span> <span class='ocrx_word' id='word_1_792' title='bbox 1402 5781 1536 5835; x_wconf 83' lang='lat' dir='ltr'><strong>levis</strong></span> <span class='ocrx_word' id='word_1_793' title='bbox 1562 5780 1756 5851; x_wconf 84' lang='lat' dir='ltr'><strong>aliquis</strong></span> 
     </span>
    </p>
   </div>
   <div class='ocr_carea' id='block_1_105' title="bbox 198 5850 1276 5921">
    <p class='ocr_par' dir='ltr' id='par_1_105' title="bbox 198 5850 1276 5921">
     <span class='ocr_line' id='line_1_106' title="bbox 198 5850 1276 5921; baseline -0.003 -16"><span class='ocrx_word' id='word_1_794' title='bbox 198 5852 410 5919; x_wconf 78' lang='lat' dir='ltr'><strong>dabitur;</strong></span> <span class='ocrx_word' id='word_1_795' title='bbox 442 5875 461 5906; x_wconf 67' lang='grc' dir='ltr'><strong>ι</strong></span> <span class='ocrx_word' id='word_1_796' title='bbox 496 5853 668 5917; x_wconf 86' lang='lat' dir='ltr'><strong>alias,</strong></span> <span class='ocrx_word' id='word_1_797' title='bbox 703 5871 721 5903; x_wconf 74' lang='grc' dir='ltr'><strong><em>ο</em></strong></span> <span class='ocrx_word' id='word_1_798' title='bbox 750 5851 834 5905; x_wconf 89' lang='lat' dir='ltr'><strong>vel</strong></span> <span class='ocrx_word' id='word_1_799' title='bbox 860 5852 976 5921; x_wconf 88' lang='lat' dir='ltr'><strong>ejus</strong></span> <span class='ocrx_word' id='word_1_800' title='bbox 1017 5850 1233 5921; x_wconf 81' lang='lat' dir='ltr'><strong>aliquis.</strong></span> <span class='ocrx_word' id='word_1_801' title='bbox 1258 5870 1276 5902; x_wconf 75' lang='grc' dir='ltr'><strong><em>ι</em></strong></span> 
     </span>
    </p>
   </div>
   <div class='ocr_carea' id='block_1_106' title="bbox 250 5921 1753 5996">
    <p class='ocr_par' dir='ltr' id='par_1_106' title="bbox 250 5921 1753 5996">
     <span class='ocr_line' id='line_1_107' title="bbox 250 5921 1753 5996; baseline 0 -19"><span class='ocrx_word' id='word_1_802' title='bbox 250 5923 349 5996; x_wconf 86' lang='grc'>(68)</span> <span class='ocrx_word' id='word_1_803' title='bbox 390 5922 483 5981; x_wconf 90' lang='lat' dir='ltr'><strong>Sic</strong></span> <span class='ocrx_word' id='word_1_804' title='bbox 517 5938 659 5980; x_wconf 86' lang='lat' dir='ltr'><strong>mss.</strong></span> <span class='ocrx_word' id='word_1_805' title='bbox 684 5921 837 5978; x_wconf 74' lang='lat' dir='ltr'><strong>Alias</strong></span> <span class='ocrx_word' id='word_1_806' title='bbox 868 5936 1018 5990; x_wconf 90' lang='lat' dir='ltr'><strong>vero,</strong></span> <span class='ocrx_word' id='word_1_807' title='bbox 1051 5938 1069 5973; x_wconf 81' lang='grc' dir='ltr'>ι</span> <span class='ocrx_word' id='word_1_808' title='bbox 1102 5922 1545 5993; x_wconf 59' lang='grc' dir='ltr'><strong>(ίοιιδαηιὶῌιυοά</strong></span> <span class='ocrx_word' id='word_1_809' title='bbox 1574 5930 1753 5985; x_wconf 81' lang='lat' dir='ltr'><strong>exter-</strong></span> 
     </span>
    </p>
   </div>
   <div class='ocr_carea' id='block_1_107' title="bbox 1270 5103 2230 5174">
    <p class='ocr_par' dir='ltr' id='par_1_107' title="bbox 1270 5103 2230 5174">
     <span class='ocr_line' id='line_1_108' title="bbox 1270 5103 2230 5174; baseline 0.006 -15"><span class='ocrx_word' id='word_1_810' title='bbox 1270 5104 1313 5137; x_wconf 75' lang='grc'><strong>’⁸</strong></span> <span class='ocrx_word' id='word_1_811' title='bbox 1342 5103 1497 5160; x_wconf 82' lang='lat' dir='ltr'><strong>Joan.</strong></span> <span class='ocrx_word' id='word_1_812' title='bbox 1523 5120 1598 5169; x_wconf 89' lang='lat' dir='ltr'><strong>tv,</strong></span> <span class='ocrx_word' id='word_1_813' title='bbox 1622 5105 1712 5161; x_wconf 73' lang='grc'><strong>24.</strong></span> <span class='ocrx_word' id='word_1_814' title='bbox 1786 5106 1852 5157; x_wconf 80' lang='grc' dir='ltr'><strong>Ι¹⁵</strong></span> <span class='ocrx_word' id='word_1_815' title='bbox 1880 5109 1895 5161; x_wconf 98' lang='lat' dir='ltr'><strong>I</strong></span> <span class='ocrx_word' id='word_1_816' title='bbox 1919 5108 2074 5165; x_wconf 87' lang='lat' dir='ltr'><strong>Joan.</strong></span> <span class='ocrx_word' id='word_1_817' title='bbox 2116 5128 2155 5174; x_wconf 84' lang='grc' dir='ltr'><strong>ι,</strong></span> <span class='ocrx_word' id='word_1_818' title='bbox 2180 5110 2230 5164; x_wconf 82' lang='grc'>5.</span> 
     </span>
    </p>
   </div>
   <div class='ocr_carea' id='block_1_108' title="bbox 1246 5175 2457 5247">
    <p class='ocr_par' dir='ltr' id='par_1_108' title="bbox 1246 5175 2457 5247">
     <span class='ocr_line' id='line_1_109' title="bbox 1246 5175 2457 5247; baseline 0.002 -17"><span class='ocrx_word' id='word_1_819' title='bbox 1246 5176 1291 5208; x_wconf 85' lang='grc'><strong>²⁰</strong></span> <span class='ocrx_word' id='word_1_820' title='bbox 1324 5175 1451 5232; x_wconf 87' lang='lat' dir='ltr'><strong>ibid.</strong></span> <span class='ocrx_word' id='word_1_821' title='bbox 1498 5175 1586 5241; x_wconf 83' lang='grc'><strong>15,</strong></span> <span class='ocrx_word' id='word_1_822' title='bbox 1614 5178 1701 5245; x_wconf 81' lang='grc'>16,</span> <span class='ocrx_word' id='word_1_823' title='bbox 1729 5178 1812 5233; x_wconf 84' lang='grc'><strong>17.</strong></span> <span class='ocrx_word' id='word_1_824' title='bbox 1884 5180 1928 5210; x_wconf 69' lang='grc'><strong>’⁸</strong></span> <span class='ocrx_word' id='word_1_825' title='bbox 1958 5181 2130 5236; x_wconf 83' lang='lat' dir='ltr'><strong>Exod.</strong></span> <span class='ocrx_word' id='word_1_826' title='bbox 2155 5196 2341 5247; x_wconf 80' lang='lat' dir='ltr'><strong>xxxw,</strong></span> <span class='ocrx_word' id='word_1_827' title='bbox 2368 5179 2457 5233; x_wconf 80' lang='lat'><strong>&#39;56.</strong></span> 
     </span>
    </p>
   </div>
   <div class='ocr_carea' id='block_1_109' title="bbox 1858 4688 3432 4764">
    <p class='ocr_par' dir='ltr' id='par_1_109' title="bbox 1858 4688 3432 4764">
     <span class='ocr_line' id='line_1_110' title="bbox 1858 4688 3432 4764; baseline -0.004 -16"><span class='ocrx_word' id='word_1_828' title='bbox 1858 4694 2087 4749; x_wconf 83' lang='lat' dir='ltr'><strong>ctificari</strong></span> <span class='ocrx_word' id='word_1_829' title='bbox 2120 4694 2417 4748; x_wconf 88' lang='lat' dir='ltr'><strong>meruerint</strong></span> <span class='ocrx_word' id='word_1_830' title='bbox 2447 4692 2575 4764; x_wconf 68' lang='lat'>(72).</span> <span class='ocrx_word' id='word_1_831' title='bbox 2607 4692 2673 4746; x_wconf 88' lang='lat' dir='ltr'><strong>Et</strong></span> <span class='ocrx_word' id='word_1_832' title='bbox 2702 4703 2760 4745; x_wconf 93' lang='lat' dir='ltr'><strong>ut</strong></span> <span class='ocrx_word' id='word_1_833' title='bbox 2790 4691 3004 4744; x_wconf 80' lang='lat' dir='ltr'><strong>facilius</strong></span> <span class='ocrx_word' id='word_1_834' title='bbox 3033 4691 3175 4758; x_wconf 90' lang='lat' dir='ltr'><strong>quod</strong></span> <span class='ocrx_word' id='word_1_835' title='bbox 3205 4688 3432 4742; x_wconf 80' lang='lat' dir='ltr'><strong>dicimus</strong></span> 
     </span>
    </p>
   </div>
   <div class='ocr_carea' id='block_1_110' title="bbox 1860 4778 3431 4854">
    <p class='ocr_par' dir='ltr' id='par_1_110' title="bbox 1860 4778 3431 4854">
     <span class='ocr_line' id='line_1_111' title="bbox 1860 4778 3431 4854; baseline -0.006 -14"><span class='ocrx_word' id='word_1_836' title='bbox 1860 4785 2032 4854; x_wconf 89' lang='lat' dir='ltr'><strong>possit</strong></span> <span class='ocrx_word' id='word_1_837' title='bbox 2064 4783 2324 4853; x_wconf 87' lang='lat' dir='ltr'><strong>intelligi,</strong></span> <span class='ocrx_word' id='word_1_838' title='bbox 2367 4797 2436 4837; x_wconf 84' lang='lat' dir='ltr'><strong>ex</strong></span> <span class='ocrx_word' id='word_1_839' title='bbox 2486 4784 2645 4836; x_wconf 89' lang='lat' dir='ltr'><strong>rebus</strong></span> <span class='ocrx_word' id='word_1_840' title='bbox 2690 4780 2938 4850; x_wconf 86' lang='lat' dir='ltr'><strong>quamvis</strong></span> <span class='ocrx_word' id='word_1_841' title='bbox 2985 4778 3285 4848; x_wconf 89' lang='lat' dir='ltr'><strong>imparibus</strong></span> <span class='ocrx_word' id='word_1_842' title='bbox 3334 4793 3431 4831; x_wconf 88' lang='lat' dir='ltr'><strong>su-</strong></span> 
     </span>
    </p>
   </div>
   <div class='ocr_carea' id='block_1_111' title="bbox 1858 4871 3432 4945">
    <p class='ocr_par' dir='ltr' id='par_1_111' title="bbox 1858 4871 3432 4945">
     <span class='ocr_line' id='line_1_112' title="bbox 1858 4871 3432 4945; baseline -0.004 -14"><span class='ocrx_word' id='word_1_843' title='bbox 1858 4891 2071 4931; x_wconf 87' lang='lat' dir='ltr'><strong>mamus</strong></span> <span class='ocrx_word' id='word_1_844' title='bbox 2118 4874 2444 4945; x_wconf 86' lang='lat' dir='ltr'><strong>exemplum.</strong></span> <span class='ocrx_word' id='word_1_845' title='bbox 2490 4873 2638 4927; x_wconf 83' lang='lat' dir='ltr'><strong>Multi</strong></span> <span class='ocrx_word' id='word_1_846' title='bbox 2675 4881 2802 4927; x_wconf 90' lang='lat' dir='ltr'><strong>sunt</strong></span> <span class='ocrx_word' id='word_1_847' title='bbox 2837 4873 2926 4941; x_wconf 88' lang='lat' dir='ltr'><strong>qui</strong></span> <span class='ocrx_word' id='word_1_848' title='bbox 2975 4872 3270 4940; x_wconf 75' lang='lat' dir='ltr'><strong>disciplinze</strong></span> <span class='ocrx_word' id='word_1_849' title='bbox 3316 4871 3432 4925; x_wconf 87' lang='lat' dir='ltr'><strong>sive</strong></span> 
     </span>
    </p>
   </div>
   <div class='ocr_carea' id='block_1_112' title="bbox 1856 4960 3429 5037">
    <p class='ocr_par' dir='ltr' id='par_1_112' title="bbox 1856 4960 3429 5037">
     <span class='ocr_line' id='line_1_113' title="bbox 1856 4960 3429 5037; baseline -0.005 -15"><span class='ocrx_word' id='word_1_850' title='bbox 1856 4970 1989 5023; x_wconf 89' lang='lat' dir='ltr'><strong>artis</strong></span> <span class='ocrx_word' id='word_1_851' title='bbox 2023 4968 2307 5023; x_wconf 67' lang='lat' dir='ltr'><strong>medicinae</strong></span> <span class='ocrx_word' id='word_1_852' title='bbox 2356 4966 2715 5037; x_wconf 87' lang='lat' dir='ltr'><strong>participant,</strong></span> <span class='ocrx_word' id='word_1_853' title='bbox 2760 4975 2813 5019; x_wconf 88' lang='lat' dir='ltr'><strong>et</strong></span> <span class='ocrx_word' id='word_1_854' title='bbox 2850 4962 3092 5033; x_wconf 89' lang='lat' dir='ltr'><strong>nunquid</strong></span> <span class='ocrx_word' id='word_1_855' title='bbox 3133 4960 3429 5032; x_wconf 90' lang='lat' dir='ltr'><strong>putandum</strong></span> 
     </span>
    </p>
   </div>
   <div class='ocr_carea' id='block_1_113' title="bbox 2339 5100 3433 5174">
    <p class='ocr_par' dir='ltr' id='par_1_113' title="bbox 2339 5100 3433 5174">
     <span class='ocr_line' id='line_1_114' title="bbox 2339 5100 3433 5174; baseline -0.008 -12"><span class='ocrx_word' id='word_1_856' title='bbox 2339 5109 2382 5142; x_wconf 81' lang='grc'>¹⁶</span> <span class='ocrx_word' id='word_1_857' title='bbox 2409 5107 2551 5162; x_wconf 88' lang='lat' dir='ltr'><strong>Psal.</strong></span> <span class='ocrx_word' id='word_1_858' title='bbox 2576 5120 2740 5174; x_wconf 84' lang='lat' dir='ltr'><strong>xxxv,</strong></span> <span class='ocrx_word' id='word_1_859' title='bbox 2765 5104 2851 5159; x_wconf 87' lang='grc'><strong>10.</strong></span> <span class='ocrx_word' id='word_1_860' title='bbox 2957 5103 2996 5133; x_wconf 84' lang='grc'><strong>³⁷</strong></span> <span class='ocrx_word' id='word_1_861' title='bbox 3023 5102 3177 5157; x_wconf 84' lang='lat' dir='ltr'><strong>Joan.</strong></span> <span class='ocrx_word' id='word_1_862' title='bbox 3205 5116 3312 5167; x_wconf 82' lang='lat' dir='ltr'><strong>xiv,</strong></span> <span class='ocrx_word' id='word_1_863' title='bbox 3342 5100 3433 5154; x_wconf 54' lang='lat'><strong>£5.</strong></span> 
     </span>
    </p>
   </div>
   <div class='ocr_carea' id='block_1_114' title="bbox 1865 5294 2472 5349">
    <p class='ocr_par' dir='ltr' id='par_1_114' title="bbox 1865 5294 2472 5349">
     <span class='ocr_line' id='line_1_115' title="bbox 1865 5294 2472 5349; baseline -0.003 -1"><span class='ocrx_word' id='word_1_864' title='bbox 1865 5295 2040 5349; x_wconf 91' lang='lat' dir='ltr'><strong>minat</strong></span> <span class='ocrx_word' id='word_1_865' title='bbox 2070 5294 2113 5348; x_wconf 91' lang='lat' dir='ltr'><strong>si</strong></span> <span class='ocrx_word' id='word_1_866' title='bbox 2143 5294 2432 5349; x_wconf 89' lang='lat' dir='ltr'><strong>consumit.</strong></span> <span class='ocrx_word' id='word_1_867' title='bbox 2453 5312 2472 5346; x_wconf 76' lang='grc' dir='ltr'><strong><em>ι</em></strong></span> 
     </span>
    </p>
   </div>
   <div class='ocr_carea' id='block_1_115' title="bbox 1937 5354 3433 5436">
    <p class='ocr_par' dir='ltr' id='par_1_115' title="bbox 1937 5354 3433 5436">
     <span class='ocr_line' id='line_1_116' title="bbox 1937 5354 3433 5436; baseline -0.008 -17"><span class='ocrx_word' id='word_1_868' title='bbox 1937 5363 2048 5436; x_wconf 89' lang='grc'>(69)</span> <span class='ocrx_word' id='word_1_869' title='bbox 2088 5365 2240 5420; x_wconf 89' lang='lat' dir='ltr'><strong>Alias</strong></span> <span class='ocrx_word' id='word_1_870' title='bbox 2267 5366 2420 5421; x_wconf 90' lang='lat' dir='ltr'><strong>deest</strong></span> <span class='ocrx_word' id='word_1_871' title='bbox 2453 5380 2578 5432; x_wconf 86' lang='lat' dir='ltr'><strong>vox,</strong></span> <span class='ocrx_word' id='word_1_872' title='bbox 2616 5381 2635 5415; x_wconf 69' lang='grc' dir='ltr'>ι</span> <span class='ocrx_word' id='word_1_873' title='bbox 2666 5375 2895 5434; x_wconf 91' lang='lat' dir='ltr'><strong>purum,</strong></span> <span class='ocrx_word' id='word_1_874' title='bbox 2921 5378 2940 5412; x_wconf 75' lang='grc' dir='ltr'><strong><em>ι</em></strong></span> <span class='ocrx_word' id='word_1_875' title='bbox 2983 5374 3145 5430; x_wconf 89' lang='lat' dir='ltr'><strong>quam</strong></span> <span class='ocrx_word' id='word_1_876' title='bbox 3173 5354 3433 5411; x_wconf 81' lang='lat' dir='ltr'><strong>exhibent</strong></span> 
     </span>
    </p>
   </div>
   <div class='ocr_carea' id='block_1_116' title="bbox 1864 5451 1994 5490">
    <p class='ocr_par' dir='ltr' id='par_1_116' title="bbox 1864 5451 1994 5490">
     <span class='ocr_line' id='line_1_117' title="bbox 1864 5451 1994 5490; baseline 0 -2"><span class='ocrx_word' id='word_1_877' title='bbox 1864 5451 1994 5490; x_wconf 88' lang='lat' dir='ltr'><strong>mss.</strong></span> 
     </span>
    </p>
   </div>
   <div class='ocr_carea' id='block_1_117' title="bbox 1928 5497 3436 5577">
    <p class='ocr_par' dir='ltr' id='par_1_117' title="bbox 1928 5497 3436 5577">
     <span class='ocr_line' id='line_1_118' title="bbox 1928 5497 3436 5577; baseline -0.008 -18"><span class='ocrx_word' id='word_1_878' title='bbox 1928 5505 2041 5577; x_wconf 89' lang='grc'>(70)</span> <span class='ocrx_word' id='word_1_879' title='bbox 2084 5505 2246 5561; x_wconf 90' lang='lat' dir='ltr'><strong>Deest</strong></span> <span class='ocrx_word' id='word_1_880' title='bbox 2277 5505 2336 5577; x_wconf 83' lang='lat' dir='ltr'><strong>in</strong></span> <span class='ocrx_word' id='word_1_881' title='bbox 2385 5512 2545 5559; x_wconf 88' lang='lat' dir='ltr'><strong>antea</strong></span> <span class='ocrx_word' id='word_1_882' title='bbox 2574 5502 2753 5577; x_wconf 80' lang='lat' dir='ltr'><strong>editis</strong></span> <span class='ocrx_word' id='word_1_883' title='bbox 2785 5516 2912 5568; x_wconf 89' lang='lat' dir='ltr'><strong>vox,</strong></span> <span class='ocrx_word' id='word_1_884' title='bbox 2971 5517 2991 5551; x_wconf 75' lang='grc' dir='ltr'>ι</span> <span class='ocrx_word' id='word_1_885' title='bbox 3015 5497 3218 5566; x_wconf 87' lang='lat' dir='ltr'><strong>Deum,</strong></span> <span class='ocrx_word' id='word_1_886' title='bbox 3250 5516 3268 5551; x_wconf 75' lang='grc' dir='ltr'><strong><em>ι</em></strong></span> <span class='ocrx_word' id='word_1_887' title='bbox 3315 5507 3436 5565; x_wconf 66' lang='lat' dir='ltr'><strong>qua</strong></span> 
     </span>
    </p>
   </div>
   <div class='ocr_carea' id='block_1_118' title="bbox 1869 5574 2700 5643">
    <p class='ocr_par' dir='ltr' id='par_1_118' title="bbox 1869 5574 2700 5643">
     <span class='ocr_line' id='line_1_119' title="bbox 1869 5574 2700 5643; baseline -0.005 -13"><span class='ocrx_word' id='word_1_888' title='bbox 1869 5574 2091 5630; x_wconf 29' lang='lat' dir='ltr'><strong>in‘mss.</strong></span> <span class='ocrx_word' id='word_1_889' title='bbox 2123 5575 2378 5630; x_wconf 91' lang='lat' dir='ltr'><strong>omnibus</strong></span> <span class='ocrx_word' id='word_1_890' title='bbox 2407 5574 2700 5643; x_wconf 90' lang='lat' dir='ltr'><strong>reperitur.</strong></span> 
     </span>
    </p>
   </div>
   <div class='ocr_carea' id='block_1_119' title="bbox 1967 5644 2873 5714">
    <p class='ocr_par' dir='ltr' id='par_1_119' title="bbox 1967 5644 2873 5714">
     <span class='ocr_line' id='line_1_120' title="bbox 1967 5644 2873 5714; baseline -0.004 -16"><span class='ocrx_word' id='word_1_891' title='bbox 1967 5647 2056 5714; x_wconf 84' lang='grc'><strong>71)</strong></span> <span class='ocrx_word' id='word_1_892' title='bbox 2098 5645 2191 5700; x_wconf 91' lang='lat' dir='ltr'><strong>Sic</strong></span> <span class='ocrx_word' id='word_1_893' title='bbox 2227 5661 2358 5702; x_wconf 88' lang='lat' dir='ltr'><strong>mss.</strong></span> <span class='ocrx_word' id='word_1_894' title='bbox 2385 5645 2555 5710; x_wconf 87' lang='lat' dir='ltr'><strong>Alias,</strong></span> <span class='ocrx_word' id='word_1_895' title='bbox 2590 5662 2609 5694; x_wconf 72' lang='grc' dir='ltr'>ι</span> <span class='ocrx_word' id='word_1_896' title='bbox 2632 5644 2873 5714; x_wconf 50' lang='lat' dir='ltr'><strong>signat.)</strong></span> 
     </span>
    </p>
   </div>
   <div class='ocr_carea' id='block_1_120' title="bbox 1936 5648 3436 5789">
    <p class='ocr_par' dir='ltr' id='par_1_120' title="bbox 1936 5648 3436 5789">
     <span class='ocr_line' id='line_1_121' title="bbox 1967 5648 2873 5714; baseline -0.006 -16"><span class='ocrx_word' id='word_1_897' title='bbox 1967 5648 2056 5714; x_wconf 84' lang='grc'><strong>71)</strong></span> <span class='ocrx_word' id='word_1_898' title='bbox 2098 5648 2191 5700; x_wconf 90' lang='lat' dir='ltr'><strong>Sic</strong></span> <span class='ocrx_word' id='word_1_899' title='bbox 2227 5661 2358 5702; x_wconf 88' lang='lat' dir='ltr'><strong>mss.</strong></span> <span class='ocrx_word' id='word_1_900' title='bbox 2385 5648 2555 5710; x_wconf 88' lang='lat' dir='ltr'><strong>Alias,</strong></span> <span class='ocrx_word' id='word_1_901' title='bbox 2590 5662 2609 5694; x_wconf 72' lang='grc' dir='ltr'>ι</span> <span class='ocrx_word' id='word_1_902' title='bbox 2632 5648 2833 5713; x_wconf 88' lang='lat' dir='ltr'><strong>signat.</strong></span> <span class='ocrx_word' id='word_1_903' title='bbox 2854 5660 2873 5693; x_wconf 74' lang='grc' dir='ltr'>ι</span> 
     </span>
     <span class='ocr_line' id='line_1_122' title="bbox 1936 5648 3436 5789; baseline -0.008 -19"><span class='ocrx_word' id='word_1_904' title='bbox 1936 5648 2048 5789; x_wconf 60' lang='lat'>(72)</span> <span class='ocrx_word' id='word_1_905' title='bbox 2091 5714 2182 5772; x_wconf 90' lang='lat' dir='ltr'><strong>Sic</strong></span> <span class='ocrx_word' id='word_1_906' title='bbox 2215 5732 2344 5771; x_wconf 91' lang='lat' dir='ltr'><strong>mss.</strong></span> <span class='ocrx_word' id='word_1_907' title='bbox 2374 5716 2547 5789; x_wconf 77' lang='lat' dir='ltr'><strong>Alias,</strong></span> <span class='ocrx_word' id='word_1_908' title='bbox 2583 5733 2602 5766; x_wconf 75' lang='grc' dir='ltr'><strong>ε</strong></span> <span class='ocrx_word' id='word_1_909' title='bbox 2631 5712 2974 5789; x_wconf 78' lang='lat' dir='ltr'><strong>participium</strong></span> <span class='ocrx_word' id='word_1_910' title='bbox 2998 5709 3204 5789; x_wconf 67' lang='lat' dir='ltr'><strong>debent</strong></span> <span class='ocrx_word' id='word_1_911' title='bbox 3235 5705 3436 5789; x_wconf 85' lang='lat' dir='ltr'><strong>habere</strong></span> 
     </span>
    </p>
   </div>
   <div class='ocr_carea' id='block_1_121' title="bbox 1863 5780 3435 5860">
    <p class='ocr_par' dir='ltr' id='par_1_121' title="bbox 1863 5780 3435 5860">
     <span class='ocr_line' id='line_1_123' title="bbox 1863 5780 3435 5860; baseline -0.01 -17"><span class='ocrx_word' id='word_1_912' title='bbox 1863 5780 2051 5843; x_wconf 78' lang='lat' dir='ltr'><strong>omnes</strong></span> <span class='ocrx_word' id='word_1_913' title='bbox 2096 5789 2189 5859; x_wconf 89' lang='lat' dir='ltr'><strong>qui</strong></span> <span class='ocrx_word' id='word_1_914' title='bbox 2239 5801 2334 5860; x_wconf 89' lang='lat' dir='ltr'><strong>per</strong></span> <span class='ocrx_word' id='word_1_915' title='bbox 2364 5785 2496 5857; x_wconf 4' lang='lat' dir='ltr'><strong>pejus</strong></span> <span class='ocrx_word' id='word_1_916' title='bbox 2536 5780 2780 5854; x_wconf 79' lang='lat' dir='ltr'><strong>gratiam</strong></span> <span class='ocrx_word' id='word_1_917' title='bbox 2831 5780 3171 5837; x_wconf 72' lang='lat' dir='ltr'><strong>Sattctilicari</strong></span> <span class='ocrx_word' id='word_1_918' title='bbox 3226 5788 3435 5832; x_wconf 87' lang='lat' dir='ltr'><strong>merue-</strong></span> 
     </span>
    </p>
   </div>
   <div class='ocr_carea' id='block_1_122' title="bbox 1864 5868 2056 5915">
    <p class='ocr_par' dir='ltr' id='par_1_122' title="bbox 1864 5868 2056 5915">
     <span class='ocr_line' id='line_1_124' title="bbox 1864 5868 2056 5915; baseline -0.021 0"><span class='ocrx_word' id='word_1_919' title='bbox 1864 5868 2012 5915; x_wconf 90' lang='lat' dir='ltr'><strong>runt.</strong></span> <span class='ocrx_word' id='word_1_920' title='bbox 2038 5878 2056 5911; x_wconf 72' lang='grc' dir='ltr'><em>ι</em></span> 
     </span>
    </p>
   </div>
  </div>
