4064 6414
527 284 628 352 123

1795 283 2116 340 ORIGENIS
2150 286 2311 340 ΠΕΡΙ
2351 286 2582 342 ΑΡΧΩΝ

3661 290 3752 346 εει

524 412 604 457 est
638 417 827 461 omnes
875 419 969 461 eos
1000 406 1092 476 qui
1130 405 1409 462 medicina:
1442 405 1796 476 participant,
1848 405 2093 474 corporis
2122 413 2168 465 Α
2196 407 2334 461 enim
2375 406 2673 462 adorabaut
2702 405 2756 459 in
2801 403 3210 476 Hierosolymis,
3259 406 3462 462 umbra:
3492 405 3574 460 vel
3631 406 3758 458 ima-

523 494 752 562 alicujus
784 498 931 568 quod
967 499 1233 553 medicina
1261 499 1478 562 dicitur,
1510 500 1563 553 in
1597 499 1775 554 medio
1808 501 1963 569 positi
1991 499 2092 554 sibi

523 585 745 641 auferre
802 590 1138 657 particulas.
1185 599 1240 645 et
1298 591 1372 644 ita
1437 591 1553 658 ejus
1603 590 1946 659 participium
1998 605 2093 643 su-

527 691 676 730 mere
715 678 868 751 (75)?
901 679 979 732 An
1015 679 1191 748 potius
1239 678 1643 750 intelligendum
1675 687 1758 734 est
1789 680 1928 748 quod
1976 678 2096 746 qui-

523 783 741 837 cunque
775 771 1038 840 promptis
1084 771 1396 841 paratisque
1445 773 1714 828 mentibus
1761 772 2093 827 intellectum

525 863 658 916 artis
690 863 861 932 ipsius
890 863 1296 932 disciplinaeque
1345 865 1669 934 percipiunt,
1721 865 1772 918 hi
1813 865 2096 919 medicina}

527 954 848 1022 participare
880 955 1161 1009 dicantur?
1191 957 1294 1011 Sed
1343 957 1456 1011 ltzee
1494 973 1596 1011 non
1641 957 1862 1012 omnino
1895 957 2094 1012 similia

526 1047 768 1115 exempla
821 1050 1056 1116 putanda
1119 1058 1248 1104 sunt
1294 1051 1361 1104 de
1411 1051 1674 1106 medicina
1721 1059 1910 1105 sancto
1970 1049 2095 1119 Spi-

527 1138 656 1192 ritui
681 1149 1020 1208 comparata;
1043 1141 1134 1195 sed
1152 1141 1218 1194 ad
1238 1143 1338 1196 hoc
1358 1143 1725 1197 tantummodo
1743 1139 2092 1212 comproban-

526 1230 652 1284 dum
690 1230 826 1299 (74),
867 1233 991 1298 quia
1028 1247 1132 1288 non
1164 1234 1425 1287 continuo
1460 1248 1655 1302 corpus
1689 1235 1982 1302 putandum
2013 1239 2096 1286 est

527 1321 578 1376 id
613 1322 764 1390 cujus
809 1323 1158 1392 participatio
1188 1323 1419 1380 habetur
1459 1341 1487 1378 a
1531 1325 1822 1394 plurimis:
1863 1323 2098 1393 Spiritus

525 1413 670 1465 enim
709 1421 935 1468 sanctus
970 1413 1126 1483 longe
1170 1413 1349 1470 diﬂ‘ert
1381 1431 1410 1470 a
1454 1415 1735 1470 medicinae
1764 1414 1971 1470 ratione
2014 1414 2096 1468 vel

527 1506 842 1574 disciplina;
891 1504 988 1573 pro
1033 1522 1097 1562 eo
1143 1509 1285 1576 quod
1347 1508 1581 1576 Spiritus
1638 1516 1864 1562 sanctus
1915 1507 2096 1562 subsi-

526 1596 723 1650 stentia
755 1606 836 1650 est
872 1597 1271 1663 intellectualis,
1299 1609 1353 1654 et
1388 1600 1611 1669 proprie
1641 1599 1889 1656 subsistit
1922 1608 1976 1653 et
2005 1612 2099 1652 ex-

525 1694 671 1740 stat:
703 1686 834 1740 nihil
865 1698 1046 1742 autem
1086 1690 1192 1744 tale
1220 1698 1301 1744 est
1328 1691 1620 1746 medicina.

595 1778 650 1832 4.
694 1778 800 1834 Sed
833 1779 899 1833 ad
937 1781 1111 1849 ipsum
1140 1782 1251 1851 jam
1281 1798 1589 1839 sermonem
1621 1784 1894 1853 Evangelii
1931 1793 2101 1841 trans-

525 1871 761 1924 eundum
792 1879 900 1933 est,
930 1871 1019 1925 ubi
1059 1873 1324 1940 scriptum
1355 1883 1438 1927 est
1473 1873 1586 1945 (75)
1613 1875 1737 1944 quia
1776 1893 1794 1926 ‹
1826 1875 1968 1930 Deus
1997 1875 2102 1945 spi-

527 1961 664 2014 ritus
719 1971 801 2015 est
827 1963 906 2026 ",
937 1980 954 2012 ι
1001 1972 1054 2016 et
1099 1964 1492 2018 ostendendum
1549 1974 1635 2018 est
1688 1979 1849 2034 quam
1909 1974 2111 2021 conse-'

527 2063 760 2123 quenter
797 2054 880 2109 his
914 2069 1036 2123 qua:
1073 2053 1313 2108 diximus
1349 2053 1572 2122 intelligi
1616 2055 1832 2111 debeat.
1861 2055 2102 2111 Interro-

528 2160 714 2213 gemus
745 2160 977 2214 namque
1005 2146 1221 2214 quando
1251 2146 1349 2200 ista
1380 2145 1580 2201 dixerit
1610 2145 1864 2202 Salvator
1897 2156 2100 2211 noster,

527 2235 611 2289 vel
651 2237 790 2305 apud
825 2250 1019 2305 quem,
1066 2236 1148 2289 vel
1201 2251 1324 2290 cum
1373 2237 1500 2306 quid
1552 2247 1902 2306 quaereretur.
1951 2238 2104 2292 Inve-

528 2327 707 2380 nimus
743 2326 860 2380 sine
906 2329 1070 2381 dubio
1099 2328 1241 2396 quod
1274 2328 1340 2381 ad
1373 2327 1770 2382 Samaritanam
1818 2329 2098 2385 mulierem

528 2415 758 2486 loquens
789 2417 891 2471 ista
929 2417 1252 2486 protulerit,
1296 2419 1361 2472 ad
1395 2435 1511 2473 eam
1547 2434 1668 2487 quae
1707 2420 1930 2488 putabat
1962 2420 2102 2488 quod

527 2506 582 2561 in
631 2521 818 2564 monte
866 2511 1105 2565 Garizim
1156 2513 1450 2566 secundum
1501 2511 1806 2580 opinionem
1857 2511 2103 2568 Samari-

530 2609 778 2656 tanorum
832 2603 1047 2656 adorari
1107 2613 1385 2672 oporteret
1458 2605 1659 2672 Deum,
1722 2606 1911 2660 dicens
1959 2621 2102 2675 quo-

528 2693 672 2745 niam
705 2692 817 2765 (76)
853 2711 870 2744 ι
899 2694 1038 2748 Dens
1081 2695 1304 2764 Spiritus
1342 2703 1446 2749 est.
1473 2714 1490 2746 ι
1523 2694 1813 2760 Qumrebat
1849 2695 1995 2749 enim
2033 2696 2100 2749 ab

527 2796 592 2836 eo
637 2782 974 2837 Samaritana
1024 2783 1219 2838 mulier
1251 2792 1443 2853 putans
1481 2799 1605 2837 eum
1656 2799 1779 2838 esse
1825 2799 2098 2842 unum.cx

531 2869 755 2932 Jndazis,
799 2880 976 2925 utrum
1024 2873 1078 2926 in
1123 2871 1516 2943 Hierosolymis
1562 2873 1778 2928 adorari
1827 2884 2100 2944 oporteret

529 2960 720 3026 Deum,
751 2978 818 3016 an
870 2963 922 3016 in
965 2963 1069 3018 hoc
1115 2970 1328 3029 monte;
1371 2973 1424 3017 et
1458 2964 1531 3017 ita
1575 2964 1788 3018 diccbat
1819 2987 1830 3018 ;
1865 2982 1883 3014 ι
1909 2964 2101 3023 Patres

2197 495 2307 564 gini
2354 496 2653 551 cmlestium
2700 497 3090 561 deservientes,
3134 511 3240 550 non
3286 495 3534 561 veritate,
3583 511 3751 565 neque

2196 589 2385 657 Spiritu
2441 587 2548 659 (78)
2583 587 2884 641 adorabunt
2912 587 3110 653 Deum;
3141 587 3393 643 similiter
3433 597 3608 643 autem
3639 590 3755 644 etii

2195 677 2285 746 qui
2320 676 2618 731 adorabunt
2646 676 2700 730 in
2738 685 2919 730 monte
2951 675 3216 731 Garizim.

2267 769 2319 823 5.
2363 768 2521 825 Omni
2562 768 2727 840 igitur
2758 783 2919 824 sensu
2964 769 3057 838 qui
3095 783 3418 838 corporeum
3467 768 3663 838 aliquid
3693 769 3758 824 de

2198 861 2308 916 Deo
2341 860 2568 931 intelligi
2607 860 2872 929 suggerit,
2920 869 3080 930 prout
3128 861 3424 932 potuimus,
3460 859 3755 924 conl'utato,

2198 954 2428 1009 dicimus
2455 953 2756 1010 secundum
2787 955 3072 1008 veritatem
3103 954 3320 1023 quidem
3355 952 3521 1006 Deum
3558 954 3760 1008 incom-

2197 1043 2620 1115 prehensibilem
2666 1060 2791 1101 esse
2830 1056 2994 1115 atque
3040 1045 3492 1100 inaestimabilem.
3535 1043 3590 1099 Si
3635 1047 3759 1116 quid

2197 1137 2342 1190 enim
2383 1135 2514 1192 illud
2541 1143 2624 1192 est
2657 1135 2798 1205 quod
2843 1135 3049 1191 sentire
3089 1136 3170 1189 vel
3205 1135 3506 1204 intelligere
3541 1135 3606 1189 de
3653 1134 3759 1188 Deo

2197 1228 2563 1295 potuerimus,
2613 1225 2794 1280 multis
2835 1226 2990 1296 longe
3041 1225 3142 1297 51
3197 1226 3370 1281 modis
3423 1240 3544 1280 eum
3581 1226 3764 1280 melio-

2199 1332 2311 1371 rem
2345 1331 2464 1372 esse
2505 1318 2572 1373 ab
2604 1331 2668 1373 eo
2702 1318 2846 1386 quod
2891 1318 3160 1373 sensimus
3205 1333 3424 1374 necesse
3470 1327 3552 1373 est
3598 1318 3762 1372 credi.

2200 1405 2351 1462 Sicut
2405 1405 2546 1460 enim
2599 1407 2644 1460 si
2701 1407 2980 1462 videamus
3032 1406 3264 1475 aliquem
3304 1408 3391 1461 vix
3430 1423 3587 1477 posse
3627 1408 3768 1463 scin-

2203 1499 2367 1554 tillam
2427 1499 2676 1563 luminis,
2729 1507 2820 1553 aut
2889 1499 3223 1554 brevissimae
3289 1499 3525 1554 lucernae
3585 1499 3762 1554 lumen

2199 1591 2491 1661 aspicere:
2530 1599 2585 1648 et
2627 1606 2749 1646 eum
2803 1589 2954 1658 cujus
3005 1593 3148 1648 acies
3200 1592 3477 1647 oculorum
3529 1594 3649 1660 plus
3689 1592 3768 1645 lu-

2199 1684 2359 1740 minis
2405 1681 2516 1756 (79)
2567 1698 2762 1753 capere
2817 1700 2975 1753 quam
3021 1698 3182 1753 supra
3228 1683 3483 1745 diximus,
3525 1699 3633 1736 non
3675 1699 3767 1735 va-

2205 1775 2298 1841 let,
2329 1775 2373 1830 si
2406 1774 2635 1829 velimus
2671 1775 2737 1829 de
2776 1775 3023 1830 claritate
3051 1789 3116 1830 ac
3152 1774 3434 1845 splendore
3465 1774 3598 1828 solis
3635 1775 3763 1828 edo-

2202 1879 2326 1919 cere
2366 1855 2593 1919 :non‘ne
2639 1867 2917 1934 oportebit
2951 1880 3048 1920 nos
3097 1869 3145 1920 ei
3184 1866 3394 1932 dicere,
3444 1865 3571 1934 quia
3623 1865 3768 1919 omni

2202 1955 2305 2012 hoc
2340 1955 2542 2012 lumine
2573 1957 2715 2027 quod
2760 1958 2930 2024 vides,
2964 1956 3308 2013 inell'abiliter
3332 1966 3384 2012 et
3414 1957 3770 2014 inaestimabi-

2204 2047 2328 2106 liter
2361 2048 2548 2103 melior
2589 2063 2654 2102 ac
2683 2050 3023 2117 praestauLior
3061 2058 3142 2104 est
3182 2049 3313 2104 solis
3358 2050 3656 2119 splendor?
3694 2053 3767 2105 lta

2203 2154 2356 2194 mens
2383 2148 2565 2194 nostra
2599 2153 2718 2194 cum
2755 2138 2895 2193 intra
2927 2140 3108 2196 carnis
3132 2150 3188 2196 et
3219 2143 3500 2212 sanguinis
3532 2143 3772 2196 claustra

2201 2227 2557 2291 concluditur,
2589 2238 2642 2284 et
2675 2245 2771 2298 pro
2804 2231 2923 2285 talis
2958 2232 3202 2285 materia:
3233 2232 3777 2302 partieipationeJm-

2202 2323 2377 2378 betior
2403 2331 2562 2391 atque
2593 2324 2840 2379 obtusior
2887 2325 3144 2387 redditur,
3196 2325 3322 2380 licet
3366 2326 3432 2378 ad
3483 2341 3770 2396 compara-

2204 2413 2404 2468 tionem
2451 2423 2658 2468 nalurae
2702 2430 2976 2484 corporea:
3020 2415 3174 2484 longe
3225 2416 3540 2484 praecellens
3575 2417 3778 2471 habea-

2205 2513 2310 2570 tur,
2343 2515 2519 2558 tamen
2557 2504 2682 2558 dum
2715 2507 2780 2558 ad
2818 2507 3138 2575 incorporea
3173 2505 3362 2559 nititur
3391 2515 3557 2574 atque
3591 2522 3778 2560 eorum

2206 2599 2434 2652 rimatur
2479 2598 2731 2652 intuitum
2777 2599 2912 2669 (80),
2957 2608 3084 2654 tunc
3119 2599 3363 2655 scintill.e
3403 2599 3638 2665 alicujus
3685 2609 3781 2654 aut

2204 2690 2434 2746 lucernze
2482 2691 2570 2744 vix
2623 2693 2829 2747 obtinet
2893 2693 3091 2747 locum.
3135 2693 3270 2758 Quid
3320 2701 3502 2746 autem
3549 2693 3603 2745 in
3665 2709 3782 2747 om-

2205 2783 2360 2836 nibus
2390 2783 2865 2847 intellectualihus,
2903 2785 2951 2836 id
2982 2794 3063 2838 est
3095 2785 3455 2852 incorporcis,
3492 2794 3604 2838 tam
3639 2799 3779 2853 pra:-

2203 2881 2353 2927 stans
2395 2874 2663 2939 omnibus,
2695 2883 2799 2926 tam
2836 2873 3182 2928 iueli‘abiliter
3213 2884 3376 2943 atque
3417 2875 3781 2930 inaestimabi-

2199 2967 2324 3021 litcr
2357 2968 2691 3035 prtecelleus,
2739 2983 2899 3037 quant
2943 2967 3120 3023 Deus?
3155 2967 3310 3034 cujus
3353 2970 3545 3036 utique
3579 2979 3784 3023 natura

528 3055 701 3108 nostri
744 3070 931 3110 omnes
962 3055 1144 3109 hocin
1191 3065 1370 3109 monte
1399 3054 1784 3118 adoraverunl.
1808 3064 1862 3110 et
1891 3071 1985 3112 vos
2019 3058 2098 3113 di-
2125 3082 2166 3138 ο
2203 3056 2318 3112 acie
2368 3056 2621 3111 humana:
2672 3058 2866 3111 mentis
2902 3056 3012 3129 (8!)
3070 3058 3272 3112 intendi
3328 3069 3492 3127 atque
3546 3061 3783 3124 intueri,

528 3146 655 3200 citis
705 3146 828 3214 quia
879 3148 933 3200 iu
972 3146 1364 3218 Hierosolymis
1396 3155 1478 3202 est
1530 3148 1679 3202 locus
1726 3149 1816 3204 ubi
1870 3149 2098 3204 adorare

530 3246 745 3304 oportet
767 3238 832 3293 ’³.
860 3257 878 3291 ι
916 3239 995 3291 Ad
1043 3240 1156 3292 haec
1188 3253 1317 3308 ergo
1346 3254 1466 3308 qua:
1508 3239 1831 3308 cpinabatur
1860 3241 2099 3296 Samari-

535 3337 682 3393 tana,
714 3338 909 3397 putans
938 3346 1004 3385 ex
1035 3330 1281 3386 locorum
1315 3331 1678 3401 corporalium
1722 3333 2096 3401 pra-rogativa,

537 3422 682 3490 quod
717 3423 895 3477 minus
939 3434 1107 3485 recte.
1151 3423 1233 3478 vel
1272 3427 1371 3478 rite
1407 3425 1516 3495 (77)
1563 3425 1889 3479 adorabatur
1937 3425 2097 3489 Deus,

533 3522 626 3564 aut
656 3526 685 3564 a
711 3511 909 3566 Judaeis
941 3514 993 3566 in
1027 3513 1441 3578 Hierosolymis,
1476 3523 1569 3567 aut
1597 3530 1624 3566 a
1655 3512 2015 3568 Samaritanis
2047 3514 2098 3566 in

534 3612 716 3655 monte
751 3601 1019 3667 Garizim,
1064 3605 1341 3674 respondit
1389 3604 1639 3657 Salvator
1686 3619 1808 3658 esse
1844 3608 2098 3659 receden-

533 3695 658 3746 dum
711 3709 738 3746 a
785 3695 1205 3764 praesumptione
1256 3697 1623 3766 corporalium
1677 3696 1918 3751 locorum
1975 3697 2100 3752 huic

533 3785 624 3852 qui
653 3785 765 3838 vult
794 3786 947 3854 sequi
993 3786 1300 3852 Dominum,
1338 3797 1392 3840 et
1425 3787 1495 3840 ita
1544 3787 1620 3840 ait
1661 3808 1673 3842 :
1709 3806 1728 3840 ι
1763 3787 1921 3844 Venit
1968 3788 2099 3842 hora

534 3885 595 3928 ut
626 3877 738 3928 veri
785 3877 1128 3943 adoratores,
1164 3892 1339 3944 neque
1373 3878 1425 3931 in
1468 3876 1882 3948 Hierosolymis,
1927 3892 2102 3946 neque

536 3969 590 4023 in
625 3982 805 4024 monte
845 3971 946 4024 hoc
980 3971 1210 4024 adorent
1242 3968 1480 4023 Patrem.
1528 3971 1669 4024 Deus
1715 3970 1938 4039 spiritus
1984 3978 2098 4034 est,

534 4072 587 4117 et
635 4077 728 4116 eos
787 4062 878 4132 qui
924 4062 1152 4117 adorant
1199 4077 1359 4126 eum,
1407 4061 1460 4114 in
1517 4063 1710 4132 spiritu
1765 4071 1818 4114 et
1866 4061 2100 4116 veritate

534 4163 749 4222 oportet
791 4156 1022 4209 adorare
1050 4155 1159 4208 ν’.»
1210 4154 1274 4208 Ει
1325 4156 1446 4210 vide
1493 4169 1654 4224 quam
1701 4162 2102 4221 consequenter

546 4248 822 4302 veritatem
882 4247 1094 4317 spiritui
1151 4247 1416 4310 sociavit,
1465 4255 1525 4300 ut
1575 4246 1640 4300 ad
1694 4245 2100 4299 distinctionem

536 4337 754 4407 quidem
802 4354 1087 4407 corporum
1133 4339 1436 4392 nominaret
1477 4337 1762 4403 spiritum;
1801 4335 1866 4388 ad
1911 4335 2106 4388 distin-

2201 3149 2446 3216 quamvis
2489 3163 2552 3202 ea
2602 3149 2672 3203 sit
2725 3149 3015 3219 purissima
3054 3163 3205 3204 mens
3251 3165 3314 3204 ac
3356 3151 3784 3221 limpidissima,

2201 3249 2304 3289 non
2334 3245 2527 3303 potest.

2270 3326 2322 3380 6.
2356 3327 2548 3382 Verum
2602 3342 2706 3382 non
2756 3329 2972 3384 videtur
3006 3331 3323 3398 absurdum,
3373 3333 3416 3387 si
3461 3335 3531 3388 ad
3562 3334 3790 3389 eviden-

2200 3417 2391 3471 tiurem
2427 3419 2498 3470 rei
2533 3418 3024 3474 manifestationem
3047 3422 3209 3477 etiam
3246 3423 3348 3477 alia
3377 3434 3603 3478 utamur
3637 3426 3791 3478 simi-

2203 3507 2447 3564 litudine.
2480 3509 2749 3564 Interdum
2777 3511 2916 3566 oculi
2943 3513 3108 3567 nostri
3138 3515 3307 3582 ipsam
3337 3523 3598 3570 naturam
3626 3515 3788 3581 luris,

2203 3599 2254 3652 id
2313 3610 2394 3654 est
2451 3603 2806 3656 substantiam
2874 3605 3024 3672 solis,
3083 3606 3281 3660 intueri
3344 3624 3452 3661 non
3516 3619 3790 3678 possunt;

2201 3691 2538 3760 splendorem
2575 3709 2700 3748 vero
2735 3693 2873 3762 ejus,
2917 3697 2995 3750 vel
3027 3699 3208 3753 radios
3235 3697 3494 3755 fenestris
3544 3701 3690 3755 forte
3739 3710 3795 3755 et

2202 3782 2528 3849 quibuslibet
2582 3783 2840 3840 luminum
2897 3785 3151 3843 brevibus
3215 3791 3585 3859 receptaculis
3656 3792 3798 3847 inlu-

2203 3889 2292 3928 sos
2320 3875 2427 3944 (8%)
2466 3876 2754 3944 intuentes,
2785 3879 3132 3934 considerare
3162 3896 3449 3949 possumus
3477 3882 3659 3938 fomes
3681 3883 3798 3953 ipse

2205 3981 2268 4020 ac
2294 3966 2415 4021 fons
2443 3979 2675 4038 quantus
2700 3969 2770 4024 sit
2797 3973 3041 4040 corporei
3077 3971 3312 4028 luminis.
3345 3973 3418 4027 lta
3453 3990 3590 4044 ergo
3632 3977 3795 4046 quasi

2204 4060 2337 4112 radii
2377 4061 2594 4128 quidam
2637 4070 2760 4116 sunt
2794 4061 2886 4116 Dei
2915 4073 3142 4130 naturae,
3178 4079 3340 4134 opera
3378 4065 3585 4121 divinae
3614 4069 3800 4134 provi-

2204 4152 2398 4210 dentiae
2429 4163 2483 4210 et
2510 4171 2599 4210 ars
2634 4156 3002 4213 universitatis
3033 4158 3146 4230 (83)
3183 4159 3363 4230 hujus,
3403 4161 3474 4214 ad
3509 4176 3802 4231 compara-

2207 4243 2405 4298 tionem
2433 4245 2597 4312 ipsius
2621 4245 2935 4301 substantia:
2965 4262 3027 4303 ac
3054 4258 3284 4302 naturae.
3304 4248 3443 4315 Quia
3477 4263 3617 4320 ergo
3644 4264 3802 4303 meus

2207 4345 2388 4388 nostra
2424 4336 2598 4404 ipsum
2637 4353 2731 4407 per
2756 4340 2990 4407 seipsam
3034 4341 3202 4394 Deum
3237 4341 3375 4395 sicut
3415 4352 3505 4396 est
3545 4359 3660 4398 non
3706 4358 3806 4412 po-

538 4444 770 4484 cttonem
816 4446 943 4484 vero
973 4431 1176 4485 umbrae
1222 4431 1304 4484 vel
1352 4428 1624 4498 imaginis,
1669 4428 1970 4481 veritatem.
2001 4424 2102 4508 Qpi
2137 4414 2179 4469 Ῐ)
2211 4435 2313 4483 test
2372 4429 2588 4496 intueri,
2640 4445 2706 4484 ex
2755 4430 3154 4500 pulchritudine
3211 4447 3437 4502 operum
3487 4442 3548 4489 et
3601 4437 3806 4490 decore

611 4572 658 4604 ³³
683 4570 839 4625 Joan.
868 4586 938 4635 tv,
965 4571 1055 4624 24.
1131 4573 1176 4605 ³³
1209 4572 1338 4626 ibid.
1361 4572 1450 4624 QU.
1528 4571 1574 4603 ’⁸
1602 4571 1732 4624 ibitl.
1755 4568 1844 4635 2|,
1869 4568 1962 4632 9.5,
1992 4568 2082 4622 24.

609 4711 721 4780 (73)
765 4712 854 4766 Sic
885 4728 1014 4771 mss.
1047 4713 1216 4780 Alias,
1259 4732 1277 4764 ι
1309 4728 1581 4782 nunquam
1616 4711 1911 4782 putandum
1943 4719 2097 4765 est...

539 4787 681 4850 quod
725 4784 986 4837 medicina
1038 4785 1302 4840 dicatur..
1327 4824 1341 4838 .
1367 4781 1448 4838 eti
1472 4783 1587 4848 ejus
1623 4781 1965 4853 participium
2006 4795 2096 4834 su-

540 4867 706 4906 mere.
733 4871 752 4903 ι

613 4920 722 4993 (74)
763 4923 930 4988 Alias,
959 4942 975 4972 ι
1004 4923 1277 4976 dicuntur.
1304 4922 1409 4976 Sed
1432 4921 1554 4993 haec
1580 4935 1684 4974 non
1711 4918 2094 4993 omnimodo...

538 4991 914 5047 tantummodo
969 4993 1366 5060 probandum.»
1414 4992 1483 5043 At
1526 5006 1657 5044 mss.
1702 4998 1760 5043 ut
1812 4991 1863 5043 in
1910 4997 2097 5043 nostro

543 5069 729 5200 tex(|7u5.)
772 5133 862 5187 Sic
891 5147 1018 5185 mss.
1047 5131 1218 5192 Alias,
1253 5149 1272 5182 ‹
1304 5129 1392 5183 ubi
1427 5129 1682 5196 scriptum
1709 5127 1869 5198 quod.
1899 5145 1918 5179 ι

611 5200 723 5269 (76)
765 5202 842 5257 Ita
877 5217 1004 5255 mss.
1039 5201 1206 5264 Alias,
1242 5219 1259 5250 ι
1290 5201 1475 5270 dicens
1500 5203 1788 5270 quomodo.
1816 5216 1835 5249 ›

611 5265 723 5343 (77)
765 5273 918 5343 Recte
944 5277 1018 5324 vel
1055 5273 1171 5323 rite.
1215 5270 1305 5321 Sic
1342 5265 1867 5343 cotld.'Sorbonictts
1897 5276 1949 5321 et
1980 5265 2104 5322 Col-

542 5339 822 5408 bertinns;
855 5341 1014 5403 alias,
1043 5357 1060 5390 ι
1096 5348 1242 5392 recte
1272 5339 1355 5390 vel
1389 5348 1553 5392 recte.
1579 5355 1598 5390 ι

614 5411 728 5481 (78)
774 5404 896 5464 Non
942 5411 1175 5471 veritate,
1207 5424 1368 5481 neque
1398 5408 1609 5475 spiritu,
1651 5415 1766 5481 etc._
1788 5404 1878 5481 Sic
1915 5421 2102 5481 omnes

547 5477 676 5532 mss.
709 5477 885 5539 Alias,
923 5498 942 5530 ι
975 5495 1078 5531 non
1125 5479 1424 5542 veritatem,
1469 5491 1642 5547 neque
1690 5477 1935 5546 spiritum
1976 5479 2105 5530 ado-

546 5549 742 5602 rabunt
777 5549 967 5602 Deum.
1005 5564 1024 5597 ι

614 5619 726 5686 (79)
772 5618 897 5670 Plus
929 5617 1161 5672 luminis.
1211 5616 1304 5671 Sic
1349 5631 1479 5672 mss.
1506 5615 1684 5681 Alias,
1723 5633 1740 5666 ι
1784 5616 1904 5685 plus
1932 5616 1996 5669 de
2025 5615 2106 5666 lu-

547 5693 711 5746 mine.
759 5706 776 5739 ι
815 5687 977 5742 Paulo
1013 5699 1130 5753 post
1157 5702 1311 5754 mss.,
1341 5706 1357 5737 ‹
1400 5703 1495 5756 pro
1521 5687 1640 5740 talis
1667 5688 1905 5741 materia:
1937 5687 2106 5756 parti-

2205 4710 2589 4780 cipatione.....
2647 4713 2772 4769 licet
2833 4715 2899 4768 ad
2971 4716 3461 4784 comparationem.
3530 4736 3550 4771 ι
3617 4719 3807 4780 Alias,

2210 4798 2228 4831 ι
2270 4797 2380 4863 pro.
2402 4783 2488 4835 tali
2520 4785 2760 4840 materia:
2789 4783 3327 4856 participatione.....
3356 4786 3489 4843 licet
3511 4803 3618 4858 pro
3653 4804 3810 4844 co'n-

2204 4863 2507 4917 paratione.
2546 4871 2564 4904 ν

2277 4921 2365 4990 (80
2431 4920 2712 4981 Intuitum.
2745 4925 2836 4980 Sic
2883 4941 3015 4982 mss.
3069 4925 3237 4989 Alias,
3272 4944 3290 4977 ι
3337 4925 3744 4984 intentionem.
3788 4949 3807 4980 ι

2277 4923 2388 5060 (8|;
2419 4989 2630 5046 Natura
2654 4997 2763 5048 acie
2783 4997 3028 5050 humana:
3055 4999 3260 5059 mentis,
3293 5005 3402 5049 etc.
3447 4997 3549 5050 Sic
3609 5016 3807 5052 omnes

2275 4989 2386 5060 (8|)
2419 4989 2630 5046 Natura
2654 4997 2763 5048 acie
2783 4997 3028 5050 humana:
3055 4999 3260 5059 mentis,
3293 5005 3402 5049 etc.
3447 4997 3549 5050 Sic
3609 5016 3812 5052 omnes

2206 5075 2334 5136 mss.
2367 5061 2533 5136 Alias,
2567 5081 2587 5113 ‹
2614 5075 2863 5136 naturam
2887 5067 3134 5120 humanae
3163 5066 3355 5119 metuis
3390 5065 3611 5136 intendi
3641 5081 3815 5136 atque

2207 5129 2424 5194 intueri,
2459 5135 2708 5201 quamvis
2758 5136 3048 5203 purissima
3090 5149 3246 5190 mens
3286 5149 3351 5189 ac
3397 5129 3814 5207 lintpidissiina

2210 5215 2315 5255 non
2348 5211 2543 5267 potest.
2576 5221 2594 5254 ι

2280 5271 2391 5340 (82')
2423 5270 2703 5345 Lumiuutn
2753 5272 2988 5330 brevibus
3031 5275 3369 5343 receptaculis
3411 5275 3663 5345 infusos.
3717 5278 3818 5333 Sic

2210 5355 2399 5460 ouriries
2431 5358 2558 5399 mss.
2591 5343 2738 5398 Alias
2765 5359 2914 5411 vero,
2955 5364 2974 5396 ι
3009 5346 3116 5400 illis
3143 5343 3512 5413 receptaculis
3540 5351 3819 5405 brevibus

2215 5427 2265 5460 Ill
2298 5427 2444 5460 USUS.
2484 5432 2502 5460 δ

2215 5427 2444 5465 ιιιιυευε.
2484 5432 2502 5464 δ

2282 5481 2396 5552 (85)
2453 5481 2518 5534 Et
2571 5496 2656 5552 ars
2700 5482 3072 5539 universitatis.
3126 5485 3218 5540 Sic
3260 5501 3388 5539 tnss.
3437 5488 3604 5543 Alias
3659 5493 3822 5544 deest

2221 5567 2250 5630 Ir
2275 5551 2383 5604 ars.
2427 5571 2444 5603 ι
2487 5551 2653 5630 Ιξᾳμιο
2712 5563 2834 5630 post
2883 5571 3038 5614 mss..
3076 5573 3094 5604 ι
3135 5558 3308 5630 ipsum
3362 5571 3462 5623 per
3518 5574 3583 5614 se
3633 5561 3820 5630 ipsum

2214 5619 2402 5676 Deum.
2446 5641 2462 5675 ι
2490 5623 2657 5687 Alias,
2691 5641 2708 5672 α
2739 5621 2912 5691 ipsum
2947 5641 3040 5692 per
3066 5642 3123 5680 se
3156 5619 3405 5680 Deum.)
