3992 6530
190 416 280 471 125

1561 413 1763 470 LIBER
1797 411 2078 469 PRIMUS.

3317 411 3418 465 ηιξ

183 543 547 589 creaturarum
582 542 861 600 parentem
902 530 1267 587 universitatis
1312 530 1589 603 intelligit.
1634 531 1749 587 Non
1781 536 1824 591 Α
1856 532 2016 599 positi
2076 528 2317 583 febribus
2378 535 2671 595 urgeantur
2707 540 2721 577 :
2787 539 3014 594 quorum
3078 531 3285 577 certum
3340 532 3424 575 est

183 641 298 694 ergo
333 635 425 678 aut
455 640 657 694 corpus
688 624 925 692 aliquod,
956 633 1047 677 aut
1078 623 1132 676 in
1152 638 1378 693 corpore
1408 638 1527 679 esse
1554 633 1749 693 putau-

185 719 275 771 dns
321 728 400 773 est
450 717 615 780 Deus,
676 720 769 773 sed
824 717 1202 772 intellectualis
1260 725 1451 771 natura
1499 717 1751 782 simplex,

190 812 311 865 nihil
351 813 575 866 omnino
610 813 664 865 in
706 827 765 867 se
806 810 1174 880 adjunctiouis
1207 810 1529 874 admittens;
1562 811 1638 865 uti
1687 826 1755 865 ne

190 901 349 968 majus
381 902 587 971 aliquid
637 913 693 957 et
751 903 976 957 inferius
1032 902 1083 955 in
1129 918 1188 956 se
1241 901 1440 957 habere
1480 903 1754 966 credatur,

191 992 273 1046 sed
325 1002 380 1045 ut
410 995 485 1047 sit
525 1011 590 1048 ex
641 995 785 1048 omni
841 1005 999 1064 parte
1046 994 1236 1065 μονάς,
1267 1002 1322 1048 et
1362 1004 1420 1049 ut
1457 994 1529 1050 ita
1581 994 1755 1048 dicam

193 1084 327 1146 δνάς,
368 1094 424 1137 et
470 1099 629 1139 mens
672 1085 808 1157 (84),
839 1101 903 1142 ac
940 1090 1059 1145 fons
1085 1103 1149 1141 ex
1189 1102 1295 1156 quo
1330 1086 1539 1140 initium
1595 1086 1760 1140 tutius

195 1176 562 1230 intellectualis
594 1185 800 1231 natura:
846 1178 929 1232 vel
970 1180 1165 1233 mentis
1208 1188 1310 1232 est.
1346 1177 1495 1231 Mens
1516 1193 1645 1233 vero
1701 1187 1760 1231 ut

196 1277 463 1322 moveatur
502 1266 585 1321 vel
611 1276 884 1336 operetur,
922 1285 1025 1323 non
1059 1269 1259 1339 indiget
1292 1267 1407 1321 loco
1452 1283 1744 1335 corporeo,

199 1370 359 1423 neque
386 1357 633 1410 sensibili
664 1357 1053 1426 magnitudine,
1088 1359 1169 1411 vel
1214 1358 1481 1425 corporali
1547 1358 1757 1418 habitu,

198 1454 279 1498 aut
304 1446 509 1507 colore,
548 1461 723 1515 neque
770 1446 875 1501 alio
922 1448 1031 1501 ullo
1058 1464 1282 1517 prorsus
1330 1449 1537 1518 indiget
1567 1450 1759 1502 horum

198 1536 304 1605 quae
336 1538 585 1606 corporis
618 1538 700 1591 vel
751 1538 987 1593 materia:
1028 1540 1242 1607 propria
1294 1550 1419 1593 sunt
1466 1539 1599 1609 (85).
1632 1540 1764 1593 Pro-

202 1640 307 1697 pter
333 1631 479 1697 quod
516 1640 707 1683 natura
751 1628 839 1683 illa
884 1629 1111 1698 simplex
1143 1640 1197 1683 et
1227 1639 1336 1684 tota
1368 1646 1518 1685 mens
1548 1639 1608 1685 ut
1645 1646 1761 1686 mo-

200 1732 374 1775 veatur
403 1722 487 1774 vel
522 1730 781 1789 operetur
800 1720 1023 1789 aliquid,
1049 1720 1182 1773 nihil
1214 1721 1491 1776 dilationis
1514 1730 1607 1775 aut
1634 1736 1765 1776 cun-

201 1811 440 1865 ctationis
478 1811 682 1864 habere
737 1819 934 1878 potest,
982 1824 1048 1863 ne
1097 1825 1190 1878 per
1234 1810 1538 1877 hujusmodi
1576 1812 1767 1878 adiun-

203 1901 425 1954 ctionem
456 1897 835 1953 circumscribi
868 1899 948 1952 vel
968 1899 1198 1954 inhiberi
1230 1900 1569 1968 aliquatenus
1594 1901 1769 1955 videa-

204 2005 277 2046 tur
322 1994 519 2047 divinae
568 2001 773 2046 natura:
827 1991 1171 2059 simplicitas,
1222 1993 1295 2045 uti
1352 2006 1417 2045 ne
1483 1994 1626 2060 quod
1687 2002 1769 2046 est

202 2084 511 2149 principium
544 2081 655 2150 (86)
686 2083 948 2149 omnium,
975 2083 1333 2150 compositum
1372 2081 1679 2136 inveniatur
1714 2092 1769 2136 et

203 2178 485 2233 diversum.
515 2182 570 2227 et
600 2174 670 2227 sit
697 2174 883 2236 multa,
915 2189 1018 2229 non
1051 2188 1236 2235 unum,
1264 2172 1406 2240 quod
1452 2181 1665 2241 oportet
1697 2182 1773 2225 to-

205 2267 298 2319 tius
328 2280 608 2333 corporeze
649 2264 990 2318 admistionis
1013 2264 1249 2317 alienum
1286 2277 1389 2314 una
1428 2262 1564 2326 sola,
1602 2273 1658 2315 ut
1695 2263 1769 2315 ita

204 2353 442 2414 dixerim,
476 2351 695 2405 deitatis
721 2352 902 2420 specie
929 2361 1202 2406 constare.
1246 2350 1378 2415 Quia
1408 2359 1586 2403 autem
1618 2364 1771 2404 mens

206 2460 298 2495 non
327 2444 565 2511 indigeat
588 2443 727 2507 loco,
768 2453 822 2497 nt
858 2443 1152 2497 secundum
1194 2452 1445 2495 naturam
1474 2455 1626 2495 suam
1652 2456 1771 2493 mo-

206 2547 401 2597 veatur,
429 2544 638 2587 certum
675 2543 755 2587 est
782 2534 945 2587 etiam
976 2549 1039 2586 ex
1077 2541 1274 2586 nostra:
1300 2533 1493 2585 mentis
1527 2542 1772 2587 contem-

202 2624 429 2693 platione
449 2619 583 2694 (87).
606 2625 731 2679 llaec
759 2625 901 2677 enim
929 2626 974 2678 si
1003 2625 1052 2677 in
1079 2639 1173 2677 sua
1203 2639 1454 2678 mensura
1484 2624 1769 2689 consistat,

202 2729 296 2769 nec
326 2731 392 2769 ex
418 2715 665 2785 qualibet
690 2731 852 2770 causa
885 2715 1086 2784 aliquid
1120 2717 1165 2768 ei
1200 2715 1502 2770 obtusionis
1535 2717 1770 2782 eveniat,

202 2807 328 2859 nihil
379 2822 619 2875 unquam
676 2822 742 2861 ex
792 2806 1029 2861 locorum
1077 2806 1392 2861 diversitate
1448 2808 1771 2872 tardabitur,

202 2898 483 2966 quominus
508 2899 623 2953 suis
652 2900 882 2953 motibus
908 2908 1058 2968 agat;
1104 2914 1278 2968 neque
1311 2915 1501 2954 rursus
1534 2915 1598 2953 ex
1632 2899 1773 2953 loco~

205 3005 317 3041 rum
346 2989 608 3059 qualitate
638 3000 981 3058 augmentum
1023 2990 1237 3059 aliquod
1271 2991 1355 3044 vel
1379 2992 1771 3046 incrementum

206 3081 517 3134 mobilitatis
550 3083 800 3149 acquirit.
837 3081 987 3149 Quod
1028 3083 1072 3135 si
1116 3082 1376 3136 obtendat
1405 3082 1601 3150 aliquis
1635 3082 1770 3150 (88),

1852 620 1995 693 quod
2034 622 2077 675 si
2114 621 2288 673 minus
2319 618 2518 687 aliquid
2546 631 2640 684 per
2692 616 2795 669 vim
2836 616 3062 669 febrium
3096 629 3244 668 mons
3267 629 3422 666 suum

1855 728 1960 766 non
1991 721 2173 766 servet
2198 710 2452 777 ofﬁcium,
2491 725 2593 763 non
2628 707 2729 761 loci
2764 707 3000 776 culpam,
3041 706 3133 761 sed
3178 706 3427 757 morbum

1856 801 2102 871 corporis
2131 818 2250 857 esse
2275 801 2625 861 causandum,
2672 813 2767 867 per
2800 813 2959 867 quem
2998 797 3267 849 turbatum
3304 808 3430 848 cor-

1858 908 1955 961 pus
1985 902 2144 961 atque
2170 891 2452 946 confusum
2483 890 2593 959 (90)
2623 904 2960 959 nequaquam
2996 889 3138 942 notis
3165 902 3229 941 ac
3267 894 3429 939 natu-

1861 987 2066 1040 ralibus
2103 986 2260 1041 lineis
2291 986 2447 1040 solita
2488 985 2652 1038 menti
2684 985 2927 1053 dependit
2968 983 3166 1045 cilicia,
3190 982 3430 1053 quando-

1859 1079 2075 1145 quidem
2119 1093 2216 1133 nos
2259 1077 2503 1130 homines
2530 1076 2731 1129 animal
2763 1091 2946 1129 sumus
2973 1072 3329 1141 compositum
3361 1086 3428 1126 ex

1859 1170 2102 1239 corporis
2131 1168 2428 1234 animaeque
2451 1180 2741 1220 concursu.
2784 1164 2892 1218 Hoc
2914 1164 3056 1218 enim
3086 1163 3241 1217 modo
3274 1162 3428 1214 habi-

1864 1272 1981 1316 tare
2010 1276 2106 1315 nos
2136 1276 2296 1329 super
2323 1271 2522 1314 terram
2543 1258 2797 1328 possibile
2823 1257 2939 1310 fuit.
2963 1258 3129 1309 Deum
3164 1268 3315 1320 vero,
3339 1253 3431 1321 qui

1863 1355 2102 1409 omnium
2130 1362 2215 1408 est
2256 1352 2598 1422 principium,
2655 1350 3010 1417 compositum
3061 1360 3182 1402 esse
3221 1360 3326 1398 non
3353 1354 3436 1397 est

1864 1443 2156 1513 putandum
2192 1461 2205 1497 :
2234 1458 2299 1496 ne
2328 1442 2465 1497 forte
2504 1442 2684 1511 priora
2717 1440 2831 1508 ipso
2869 1437 3131 1505 principio
3154 1434 3436 1487 invenian-

1867 1544 1953 1587 tur
1986 1534 2249 1587 elementa
2279 1547 2417 1595 esse,
2445 1546 2509 1584 ex
2534 1532 2727 1599 quibus
2755 1527 3112 1595 compositum
3135 1533 3215 1577 est
3239 1537 3399 1577 omne
3418 1559 3433 1579 .

1866 1624 2127 1694 quidquid
2152 1624 2280 1678 illud
2316 1634 2420 1687 est,
2468 1624 2611 1694 quod
2646 1621 3001 1689 compositum
3048 1617 3268 1671 dicitur.
3332 1614 3437 1668 Sed

1870 1731 1967 1770 nec
2025 1716 2395 1784 magnitudine
2430 1712 2697 1784 corporali
2752 1726 2904 1765 mens
2953 1710 3158 1775 indiget
3204 1715 3260 1759 ut
3316 1715 3441 1774 agat

1870 1809 2097 1878 aliquid,
2138 1808 2219 1862 vel
2251 1816 2566 1869 moveatur;
2597 1805 2736 1859 sicut
2764 1802 2952 1856 oculus
2987 1815 3112 1853 cum
3142 1800 3193 1851 in
3234 1797 3440 1861 maiora

1798 1880 1841 1934 Β
1871 1907 2084 1977 quidem
2119 1915 2346 1971 corpora
2385 1899 2494 1969 (91)
2530 1894 2789 1949 intuendo
2813 1890 3151 1951 diﬂ‘unditnr,
3182 1888 3250 1940 ad
3276 1900 3439 1954 parva

1870 2012 1997 2051 vero
2026 2005 2080 2050 et
2129 1994 2321 2063 exigua
2372 1998 2680 2045 coarctatur
2710 1995 2763 2039 et
2802 1982 3119 2052 astringitur
3150 1982 3215 2031 ait
3248 1976 3443 2029 viden-

1871 2085 2258 2151 dum.lndiget
2301 2095 2433 2135 sane
2477 2093 2631 2133 mens
2678 2074 3047 2145 magnitudine
3093 2066 3442 2137 intelligibili,

1871 2177 1994 2244 quia
2038 2191 2142 2230 non
2194 2170 2578 2239 corporaliter,
2632 2167 2725 2222 sed
2778 2163 3186 2232 intelligibiliter
3222 2158 3443 2213 crescit.

1870 2266 1988 2322 Non
2017 2266 2160 2320 enim
2190 2261 2569 2330 eurporaIibus
2601 2257 2953 2312 incrementis
2984 2252 3143 2306 simul
3171 2266 3289 2305 cum
3321 2264 3443 2303 cor-

1874 2371 2004 2427 pore
2029 2369 2181 2408 mcns
2219 2367 2391 2420 usque
2421 2350 2489 2404 ad
2522 2348 2841 2417 vigesimum
2873 2343 2955 2398 vel
2991 2342 3322 2409 trigesimum
3352 2352 3448 2391 an-

1874 2462 1999 2500 num
2030 2445 2204 2499 aetatis
2236 2451 2487 2512 augetur,
2522 2440 2615 2493 sed
2656 2434 3053 2491 eruditionibus
3079 2440 3131 2485 et
3169 2430 3446 2485 exercitiis

1874 2535 1977 2606 52
2007 2533 2265 2587 adhibitis
2292 2546 2516 2586 acumen
2542 2529 2760 2598 quidem
2790 2528 3040 2582 elimatnr
3065 2525 3283 2603 ingenii,
3302 2538 3447 2593 quae-

1875 2644 1979 2696 que
2029 2635 2153 2680 snnt
2183 2626 2232 2679 ei
2266 2626 2425 2678 insita
2457 2622 2569 2693 (92)
2598 2622 2664 2675 ad
2699 2619 3110 2689 intelligentiam
3148 2630 3447 2687 provocan-

1878 2730 1980 2783 tur,
2011 2727 2066 2771 et
2097 2732 2265 2786 capax
2302 2715 2531 2771 efﬁcitur
2564 2714 2784 2783 majoris
2812 2711 3142 2774 intellectus,
3176 2724 3281 2763 non
3320 2721 3448 2762 cor.

1876 2811 2156 2880 poralibns
2202 2810 2551 2862 incrementis
2595 2816 2774 2871 aucta,
2804 2805 2897 2860 sed
2940 2804 3259 2858 eruditionis
3286 2816 3447 2855 exer-

1876 2903 2018 2957 citiis
2054 2902 2296 2953 climata.
2324 2900 2454 2965 Qua:
2498 2900 2699 2952 idcirco
2744 2913 2849 2950 non
2878 2896 3057 2949 statim
3098 2910 3125 2947 a
3166 2908 3334 2962 puero
3364 2892 3447 2945 vel

1877 3009 1903 3046 a
1944 2993 2225 3045 nativitate
2260 2992 2500 3058 recipere
2523 2998 2718 3057 potest,
2746 2988 2869 3057 quia
2906 2986 3137 3040 invalida
3168 2985 3345 3038 adhuc
3394 2992 3450 3035 et

1877 3083 2143 3140 imbecilla
2197 3083 2559 3135 membrorum
2607 3090 2691 3134 est
2743 3094 3028 3147 compago,
3077 3077 3270 3147 quibus
3303 3075 3450 3129 velut

206 3173 353 3224 verbi
408 3174 587 3242 gratia
624 3176 748 3241 quia
802 3175 1182 3245 navigantibus
1229 3184 1281 3227 et
1326 3174 1579 3230 ﬂuctibus
1612 3176 1774 3228 maris
1804 3204 1849 3268 ο
1879 3177 2099 3246 organis
2130 3174 2195 3228 ad
2229 3172 2548 3227 exercitium
2586 3171 2666 3225 sui
2705 3184 2857 3223 mens
2889 3171 3079 3229 utitur,
3113 3182 3285 3235 neque
3319 3181 3449 3233 ope-

202 3262 415 3331 jactatis
442 3266 621 3318 minus
644 3266 919 3335 aliquanto
952 3282 1100 3319 meus
1125 3266 1305 3335 vigeat
1326 3282 1485 3334 quam
1515 3267 1696 3335 vigere
1721 3268 1772 3320 in

212 3355 365 3407 terris
396 3354 569 3419 solet;
608 3371 714 3408 non
741 3370 804 3408 ex
847 3354 946 3407 loci
993 3354 1309 3409 diversitate
1342 3355 1391 3407 id
1419 3356 1550 3423 pati,
1580 3356 1671 3409 sed
1710 3369 1777 3409 ex

211 3446 451 3512 corporis
470 3449 835 3501 commotione
872 3447 954 3501 vel
994 3445 1408 3501 conturbatione
1445 3445 1773 3499 credendum

209 3545 312 3601 est,
341 3537 430 3590 cui
468 3552 617 3591 mens
650 3539 898 3606 adjuncta
932 3538 1011 3591 vel
1036 3537 1234 3591 inserta
1259 3546 1360 3591 est.
1391 3535 1612 3590 Videtur
1632 3537 1772 3591 enim

211 3626 358 3695 quasi
388 3638 579 3682 contra
611 3639 856 3682 naturam
888 3630 938 3681 in
974 3630 1106 3683 mari
1132 3629 1328 3698 degere
1359 3643 1555 3697 corpus
1586 3629 1777 3681 huma-

214 3735 362 3783 num,
412 3729 467 3773 et
498 3728 782 3788 propterea
826 3718 971 3774 velut
994 3720 1237 3788 .quadam
1288 3719 1369 3772 sui
1420 3720 1781 3788 inaequalitate

213 3820 391 3864 motus
438 3813 636 3865 mentis
672 3812 784 3881 (89)
823 3798 1171 3880 incomposite
1210 3812 1565 3879 ordinateque
1609 3811 1783 3864 susciv

214 3917 363 3971 pere,
388 3912 443 3955 et
464 3904 733 3958 acuminis
754 3904 870 3971 eius
904 3904 1038 3958 ictus
1059 3904 1316 3958 obtusiori
1352 3902 1653 3957 ministerio
1675 3903 1785 3957 dis-

214 4010 461 4065 pensare,
515 4012 621 4051 non
673 3996 849 4051 minus
898 4012 1059 4065 quam
1102 3997 1146 4051 si
1184 3997 1275 4064 qui
1321 3993 1485 4048 etiam
1519 3994 1572 4048 in
1636 4003 1781 4049 terra

287 4136 333 4167 ⁸⁸
364 4135 551 4189 confer
578 4133 854 4187 Platonem
883 4133 935 4187 in
969 4132 1253 4187 Phaedone.

287 4278 399 4345 (84)
427 4274 488 4328 Et
517 4276 740 4343 inferius
764 4276 819 4327 in
854 4291 906 4331 se
930 4274 1117 4328 habere
1150 4274 1400 4328 credatur
1525 4275 1708 4345 μονάς,
1736 4284 1782 4327 et

219 4363 275 4404 ιιι
305 4352 376 4401 im
401 4349 574 4398 dicam
603 4346 747 4409 ἑνάς.
782 4360 941 4397 mens.
962 4345 1037 4397 Ita
1063 4345 1218 4400 codd.
1244 4360 1431 4398 omnes
1451 4360 1579 4398 mss.
1609 4347 1780 4408 Alias,

226 4438 245 4469 ι
280 4429 332 4472 et
357 4416 588 4469 inferius
625 4430 747 4468 esse
770 4415 1140 4469 credatur.....
1182 4413 1367 4487 μονάς,
1400 4426 1474 4478 et,
1502 4424 1557 4468 ut
1590 4415 1667 4468 ita
1698 4414 1781 4467 di-

222 4504 357 4547 eam,
386 4496 532 4538 totus
564 4499 738 4538 mens.
774 4502 792 4535 ι

292 4555 406 4625 (85)
444 4555 539 4608 Sic
571 4570 701 4625 mss.
743 4554 909 4619 Alias,
950 4571 969 4605 ι
1004 4552 1245 4623 corporis
1279 4552 1363 4608 vel
1394 4553 1625 4625 prepriaa
1666 4569 1783 4605 ma-

226 4624 371 4683 terize
398 4624 620 4693 propria
654 4632 799 4677 sunt.
836 4644 855 4677 ι

289 4697 402 4763 (86)
431 4691 519 4747 Ιιιί
555 4706 703 4747 recte
747 4694 966 4749 omnino
1009 4706 1198 4746 omnes
1238 4691 1393 4745 codd.
1432 4706 1562 4745 mss.
1609 4693 1781 4756 Alias,

228 4788 245 4819 ι
286 4773 595 4835 ορεξινειιιι·Ἀ
620 4763 823 4835 aliquid
853 4765 1127 4835 dilationis
1171 4763 1369 4835 habere
1415 4772 1612 4835 potest,
1645 4780 1783 4835 ne...

224 4831 599 4892 circumscribi
667 4833 749 4886 vel
809 4833 1166 4901 inhabitari...
1206 4833 1283 4883 uti
1314 4845 1379 4884 ne
1407 4831 1550 4899 quod
1584 4834 1786 4901 princi—

224 4910 388 4976 pium.
426 4903 603 4976 {Qua-
630 4902 793 4976 lectio
819 4918 979 4957 sensu
1005 4900 1160 4976 plane
1191 4911 1359 4955 caret.

285 4975 397 5046 (87)
426 4968 521 5028 Sic
547 4987 682 5026 mss.
714 4972 882 5038 Alias,
913 4990 929 5022 ι
960 4968 1081 5041 quia
1110 4987 1237 5046 ergo
1263 4984 1411 5023 mens
1437 4985 1544 5046 non
1579 4968 1786 5046 indiget

224 5041 454 5103 loco..."
475 5050 686 5096 certum
716 5050 799 5095 est
826 5053 1023 5097 nostra:
1052 5043 1245 5095 mentis
1263 5041 1783 5108 contemplatione...

225 5131 323 5171 nec
352 5131 417 5170 ex
446 5113 631 5181 aliqua
666 5127 852 5165 causa.
892 5130 911 5162 ι

293 5187 402 5255 (88)
445 5178 710 5255 Obieudat
741 5181 953 5255 aliquis,
992 5189 1111 5255 etc.
1132 5182 1222 5235 Sic
1247 5178 1579 5255 tnss._Alias,
1614 5197 1632 5231 ι
1658 5194 1788 5234 con.

228 5250 407 5311 tendat
430 5253 635 5321 aliquis
666 5253 792 5319 quia
826 5250 1200 5319 navigantibus
1240 5250 1572 5321 ﬂuctibus.)

294 5325 403 5396 (89)
430 5317 574 5396 V03},
614 5339 632 5371 ι
662 5317 876 5396 mentis,
917 5317 962 5373 ›”
988 5322 1140 5375 deest
1185 5322 1235 5374 itt
1274 5330 1431 5374 antea
1457 5319 1639 5383 editis,
1694 5317 1789 5372 sed

231 5393 495 5463 aperitur
522 5394 575 5445 in
609 5393 862 5445 omnibus
888 5407 1015 5463 mss.

296 5458 405 5533 (90)
433 5464 522 5518 Sic
549 5476 740 5516 omnes
763 5476 893 5516 mss.
919 5462 1085 5533 Alias,
1105 5478 1123 5510 ι
1157 5458 1481 5529 culpandum
1503 5467 1789 5530 propterea

231 5532 367 5605 tried
390 5534 663 5605 turbatum
692 5541 855 5602 atque
893 5532 1197 5585 confusum.
1245 5548 1262 5605 ι

297 5605 407 5677 (91)
433 5603 565 5667 Vox,
597 5620 616 5654 ι
654 5597 907 5677 corpora,
936 5620 955 5653 ι
990 5616 1152 5671 quam
1182 5599 1438 5655 exhibent
1467 5614 1620 5665 mss.,
1653 5597 1794 5653 desi-

232 5673 444 5731 da‘atitr
479 5678 529 5727 in
556 5683 718 5729 antea
740 5673 920 5727 editis.

301 5746 407 5816 (92)
440 5746 529 5801 Sic
559 5759 696 5799 mss.
725 5743 896 5802 Alias.
932 5760 953 5795 ι
988 5754 1258 5816 quoqua;
1285 5743 1423 5816 sunt
1449 5741 1504 5816 ei
1547 5738 1788 5816 insita._'p

237 5808 400 5872 Etulo'
419 5826 538 5885 post
574 5816 743 5871 iidem
783 5830 937 5883 mss.,
973 5808 1122 5867 (sed
1157 5808 1491 5867 eruditionis
1519 5808 1795 5866 exercitiis

1880 3270 2036 3324 randi
2065 3268 2173 3320 vim
2223 3267 2336 3337 (9⁸5)
2387 3273 2688 3319 sustentare
2725 3264 2891 3325 valet,
2942 3277 3040 3315 nec
3091 3258 3449 3329 percipiendae

1877 3359 2173 3427 disciplince
2210 3358 2467 3412 exhibere
2493 3354 2691 3409 sullicit
2727 3352 3061 3408 facultatem.

1949 3451 2000 3503 7.
2028 3448 2083 3503 Si
2109 3449 2198 3518 qui
2227 3456 2403 3501 autem
2429 3458 2552 3499 sunt
2581 3445 2671 3511 qui
2715 3454 2949 3498 mentem
2984 3442 3152 3511 ipsam
3187 3442 3454 3495 animam‘~

1879 3556 1985 3611 que
2020 3555 2217 3607 corpus
2243 3554 2360 3593 esse
2388 3537 2745 3601 arbitrentur,
2786 3536 2946 3590 velim
2996 3535 3123 3588 mihi
3156 3533 3451 3601 responde-

1879 3642 2019 3698 rent,
2068 3632 2336 3701 quomodo
2381 3640 2652 3684 tantarum
2706 3644 2884 3682 rerum
2919 3627 3057 3697 (9i),
3104 3636 3211 3679 tam
3260 3623 3453 3677 dilIici-

1880 3723 2007 3776 lium
2043 3732 2259 3789 tamque
2285 3722 2561 3775 subtilittm
2611 3722 2852 3774 rationes
2894 3720 3327 3784 assertionesque
3365 3730 3450 3769 re-

1880 3817 2049 3884 cipiat
2077 3815 2144 3870 “.
2203 3813 2356 3867 Unde
2384 3814 2431 3866 ei
2465 3814 2636 3866 virtus
2670 3812 2980 3865 memoriae?
3011 3810 3075 3862 Et
3107 3810 3246 3862 umle
3278 3808 3326 3861 ei
3368 3821 3453 3860 re-

1884 3920 2001 3958 rum
2052 3904 2403 3957 invisibilium
2434 3902 2860 3971 contemplatio?
2914 3899 3066 3953 Unde
3101 3908 3249 3952 certe
3278 3899 3453 3950 incor-

1883 3993 2151 4065 poraliunt
2185 3993 2490 4047 intellectus
2514 4007 2693 4046 rerum
2723 3991 2937 4059 corpori
2978 3990 3117 4043 inest
3140 3989 3455 4055 nguomodo

1889 4270 2129 4326 elimata.
2170 4285 2188 4319 ι
2238 4266 2408 4329 Alias,
2442 4279 2462 4314 ι
2508 4262 2601 4317 sed
2643 4258 3040 4317 eruditionibus
3085 4264 3140 4310 et
3184 4252 3458 4308 exercitiis

1889 4342 2125 4399 climata.
2166 4354 2184 4388 ι

1962 4410 2072 4481 (93)
2117 4407 2251 4481 ifim.
2292 4406 2365 4481 Ita
2402 4420 2533 4470 mss.
2569 4402 2738 4466 Alias,
2772 4418 2791 4451 ι
2833 4413 3007 4481 ιιειιιιι.
3058 4414 3075 4447 ι

1961 4464 2072 4544 (94)
2113 4477 2383 4541 Quomodo
2415 4464 2681 4544 tantarum
2715 4464 2906 4544 rerum,
2944 4476 3049 4544 etc.
3192 4464 3276 4518 ht's
3324 4474 3461 4515 sane

1890 4535 2223 4617 argumentis
2249 4561 2370 4617 qnze
2399 4545 2604 4614 profert
2636 4542 2917 4609 Origenes,
2949 4537 3117 4614 liquet
3148 4535 3319 4617 ipsum
3356 4547 3457 4583 nan

1893 4603 2065 4671 tui-’ain
2107 4603 2301 4667 animae
2350 4603 2411 4667 ιη’
2450 4628 2678 4680 corpore
2731 4603 3077 4680 quantumvis
3125 4603 3309 4680 subtili
3351 4614 3456 4680 noti

1887 4668 2155 4756 posuisse.
2186 4684 2275 4756 Sic
2310 4683 2360 4756 in
2388 4668 2813 4756 _Protr'eplico_izd
2850 4673 3194 4756 martyrium:
3220 4672 3354 4756 ¹’Έῖι
3377 4668 3456 4754 ’δὲ

1884 4738 1976 4811 irai.
2017 4754 2268 4823 φιλοζωεῖ
2315 4738 2618 4823 ἀνίορωποᾴ,
2652 4750 2856 4815 πεῖσμα
2896 4738 3071 4823 lalith
3117 4740 3244 4823 οξερ).
3270 4738 3456 4823 οὐσίας

2131 4807 2333 4893 ᾦυχῆς,
2459 4807 2696 4895 Δὲχοῦέςης
2735 4807 2812 4895 ξεί.
2836 4812 3091 4895 συγγενὲς
3117 4807 3267 4895 (ξεῷχ
3298 4807 3458 4895 νοξρΙὰ

1884 4877 1993 4968 γὲῲ
2020 4877 2374 4968 ἐδξὲιέερῖι
2409 4877 2859 4968 ἆόρἆσι-,,’ἆια“ιὶιῖ›ς
2899 4877 3215 4968 ξτὲικρατῷν’
3246 4877 3458 4968 ἀποδεξ-

1885 4954 2039 5021 ἐνῦσι
2064 4954 2236 5033 λόγοξς,
2263 4954 2546 5031 dist-Simia.
2570 4978 2587 5011 ι
2612 4960 2677 5012 Et
2708 4957 2881 5033 adhuc
2906 4954 3256 5033 ltoinoa'itam
3290 4957 3452 5028 amat,

1890 5052 2012 5091 cum
2041 5020 2556 5087 demonstrationem
2598 5026 2871 5094 acceperit
2900 5028 2965 5076 dc
3002 5023 3192 5095 anima:
3224 5020 3459 5095 rationa-

1890 5108 1951 5159 lis
1974 5115 2184 5163 natura,
2222 5101 2365 5170 quod
2399 5102 2634 5167 aliquam
2669 5093 2865 5150 habeat
2888 5107 3009 5146 cum
3045 5093 3151 5170 Deo
3182 5093 3458 5170 cognatio-

2073 5156 2431 5241 lntelligibilia
2462 5156 2611 5241 e'nim
2635 5178 2861 5233 utraque
2890 5171 3016 5216 sunt
3044 5170 3095 5241 et
3138 5156 3454 5214 invisibilia,

1890 5257 1965 5309 et,
1999 5255 2055 5297 ut
2094 5230 2292 5296 invieia
2340 5242 2552 5295 ratione
2587 5230 3009 5309 demonstratur,
3053 5230 3450 5309 incorporea.)

1893 5297 2000 5368 Nec
2026 5316 2205 5367 obstat
2251 5312 2393 5379 quod
2421 5311 2583 5363 habet
2612 5309 2704 5379 lib.
2744 5303 2884 5379 t___l_)_e
2920 5298 3212 5379 principiis,
3248 5310 3366 5360 cap.

1897 5405 1915 5435 ι
1951 5385 2117 5437 solius
2149 5368 2338 5445 Dei,'id
2365 5394 2446 5433 est
2476 5378 2651 5431 Patris
2683 5386 2734 5429 et
2759 5372 2879 5447 Filii
2912 5381 2963 5425 et
3005 5368 3237 5447 Spiritus
3274 5368 3456 5447 sancti

1894 5436 2101 5508 natura:
2125 5453 2174 5504 id
2204 5436 2478 5518 proprium
2502 5464 2640 5509 esse,
2678 5445 2872 5498 utsine
2908 5437 3173 5518 materiali
3204 5436 3457 5518 substitit:

1897 5536 1992 5587 tta,
2035 5533 2087 5575 et
2123 5510 2325 5589 absque
2378 5520 2485 5572 ulla
2535 5528 2811 5589 corporeae
2857 5510 3458 5589 adiectionissolcietate

1895 5574 2584 5662 intelligatur:subsistere.
2636 5574 2655 5638 ἱ
2699 5585 2802 5637 Nec
2834 5574 2975 5661 quod
3023 5576 3211 5662 scribit
3256 5574 3360 5662 ηιξ.-
3396 5585 3456 5662 ιιῖ

1896 5647 2016 5732 cap.
2038 5647 2096 5725 Ξῖ
2129 5681 2145 5712 ι
2182 5662 2528 5732 incorporeas
2557 5668 2833 5710 remanere
2852 5647 3205 5732 rationabiles
3225 5651 3461 5732 patinas

1902 5712 2655 5799 sitii'qiiidenidi'llieillimum
2678 5734 2732 5780 et
2780 5736 2915 5799 pene
2960 5712 3459 5799 impossibile‘vi'de:

1907 5781 2305 5870 siit—paulo
2336 5781 2457 5868 post
2492 5781 2561 5852 εγ(
2601 5795 2658 5851 Si
2700 5781 2828 5849 vero
2863 5781 3193 5861 impossibile
3232 5792 3314 5838 est
3358 5781 3461 5837 hoc
