4064 6414
550 321 655 376 12⁸1

1825 316 2147 372 ORIGENIS
2187 319 2345 371 ΠΕΡΙ
2381 318 2609 372 ΔΡΧΩΝ

3686 329 3780 383 Ιὲὃ

550 448 741 495 natura
766 454 1028 509 corporea
1058 440 1372 508 disciplinas
1406 440 1628 500 artium,
1672 455 1849 491 rerum
1880 450 2122 494 contem-
2152 445 2197 501 Α
2226 441 2331 495 hoc
2372 439 2692 509 proferunt:
2746 440 2854 493 imo
2901 456 3030 493 vero
3077 456 3139 494 ex
3170 441 3269 493 hoc
3314 441 3475 493 etiam
3509 444 3575 496 ad
3616 444 3782 514 ipsum

551 531 822 599 plationcs
852 533 1199 599 rationesque
1231 531 1506 583 rimatur?
1548 529 1701 584 Unde
1735 533 1897 585 etiam
1936 532 2116 586 divina

549 620 798 689 dogmata
834 635 954 689 quae
980 619 1263 673 manifeste
1283 620 1598 687 incorporea
1626 631 1769 683 sunt,
1818 621 2024 675 sentire
2054 636 2117 676 ac

550 712 851 781 intelligere
896 713 1112 777 potest?
1162 711 1273 765 Nisi
1312 713 1450 767 forte
1510 714 1706 779 aliquis
1766 724 1918 782 putet
1974 715 2118 783 quod

549 804 693 858 sicut
733 804 908 858 forma
948 804 1048 857 ista
1103 817 1389 872 corporea,
1432 816 1486 859 et
1514 806 1731 859 habitus
1763 807 1876 875 ipse
1908 807 2117 859 aurium

549 894 633 946 vel
658 895 963 959 oculorum,
993 894 1201 949 confert
1234 896 1436 965 aliquid
1476 897 1543 949 ad
1589 898 1912 951 audiendum
1964 907 2019 951 et
2052 896 2118 949 ad

548 985 858 1050 videndum,
898 994 949 1040 et
982 993 1043 1039 ut
1065 986 1275 1056 singula
1305 988 1549 1041 membra
1586 1004 1706 1057 quae
1731 1003 1759 1041 a
1784 989 1890 1043 Deo
1922 988 2120 1043 forma—

552 1084 602 1127 ta
640 1084 786 1138 sunt,
820 1075 1242 1145 liabcntaliquid
1267 1076 1383 1148 (95)
1412 1080 1831 1147 opportunitatis
1862 1081 2025 1134 etiam
2050 1095 2118 1134 ex

553 1167 667 1235 ipsa
705 1168 889 1223 forma:
914 1169 1176 1238 qualitate
1206 1170 1271 1223 ad
1305 1170 1407 1225 hoc
1431 1171 1573 1239 quod
1610 1186 1771 1241 agere
1802 1172 2119 1226 naturaliter

553 1258 792 1313 instituta
822 1271 980 1328 sunt;
1018 1261 1089 1314 ita
1120 1261 1282 1315 etiam
1322 1261 1565 1316 habitum
1592 1263 1787 1317 animae
1809 1263 1892 1317 vel
1922 1263 2120 1318 mentis

548 1350 769 1419 intelligi
798 1352 991 1406 debere
1010 1352 1325 1419 arbitretur,
1344 1355 1497 1423 quasi
1538 1364 1659 1424 apte
1689 1354 2119 1411 accommodate-

551 1456 657 1510 que
692 1441 982 1497 formatum
1009 1446 1074 1499 ad
1109 1446 1208 1500 hoc
1241 1456 1298 1499 ut
1332 1447 1398 1500 de
1422 1446 1651 1514 singulis
1677 1448 1877 1502 sentiat
1899 1450 1980 1504 vel
2033 1450 2118 1503 in»

554 1533 777 1603 teltigat,
824 1546 987 1604 atque
1031 1546 1086 1590 ut
1120 1538 1370 1592 vitalibus
1395 1539 1509 1609 (96)
1548 1539 1785 1593 motibus
1808 1550 2113 1594 moveatur.

548 1624 746 1679 Verum
776 1628 987 1695 qualem
1037 1629 1271 1683 colorem
1296 1632 1489 1685 mentis
1518 1631 1815 1686 secundum
1848 1632 1949 1687 hoc
1976 1635 2116 1701 quod

550 1732 704 1771 mens
735 1728 815 1773 cst
839 1728 892 1774 et
919 1720 1329 1790 intelligibilitcr
1370 1733 1633 1784 movetur,
1661 1723 1965 1777 deseribere
1997 1724 2117 1792 quis

2226 530 2391 585 Deum
2428 532 2661 585 refertur
2701 532 2917 601 injuria,
2964 548 3083 586 cum
3124 542 3315 601 putant
3355 546 3477 585 eum
3501 549 3597 602 per
3629 548 3784 592 natu-

2226 637 2341 675 ram
2386 637 2700 691 corpoream
2735 637 2895 692 posse
2933 623 3181 692 intelligi,
3213 638 3319 691 quo
3357 624 3563 679 scilicet
3597 641 3788 682 secun-

2226 711 2351 765 dum
2394 713 2539 780 ipsos
2576 712 2689 782 (99)
2718 728 2915 782 corpus
2941 714 3009 768 sit
3040 724 3097 768 et
3138 713 3266 767 illud
3296 715 3441 782 quod
3470 730 3564 783 per
3596 732 3789 786 corpus

2226 813 2406 872 potest
2444 802 2668 871 intelligi
2704 804 2790 858 vel
2818 805 3045 870 sentiri;
3081 815 3136 858 et
3187 805 3375 860 nolunt
3416 804 3520 859 hoc
3563 807 3785 879 intelligi

2224 892 2365 961 quod
2392 892 2764 961 propinquitas
2795 895 3041 960 quaedam
3080 894 3151 947 sit
3184 893 3349 947 menti
3375 893 3441 947 ad
3470 893 3658 961 Deum,
3698 912 3789 951 cu-

2222 983 2313 1053 jus
2348 993 2404 1038 et
2426 984 2539 1053 ipsa
2570 1000 2722 1039 mens
2748 985 3130 1040 intellectualis
3164 987 3341 1055 imago
3367 986 3458 1052 sit,
3484 1000 3538 1041 et
3562 1003 3657 1057 per
3680 990 3791 1044 hare

2224 1075 2395 1143 possit
2434 1076 2637 1145 aliquid
2670 1077 2737 1132 de
2781 1078 3085 1131 divinitatis
3122 1079 3323 1132 sentire
3364 1088 3577 1146 natura,
3619 1083 3790 1136 maxi-

2226 1182 2313 1220 me
2337 1167 2381 1221 si
2424 1168 2776 1238 expurgatior
2811 1179 2865 1222 et
2902 1170 3234 1239 scgregatior
3258 1170 3384 1225 sita
3424 1173 3650 1228 materia
3674 1188 3795 1230 cor-

2226 1260 2422 1327 porali.

2295 1442 2351 1495 8.
2380 1441 2578 1495 Verum
2608 1441 2723 1495 istm
2750 1443 3077 1496 assertiones
3108 1442 3286 1495 minus
3327 1442 3575 1498 fortassis
3607 1455 3793 1500 aucto-

2226 1536 2404 1590 ritatis
2435 1536 2637 1590 habere
2683 1536 2973 1589 videantur
3026 1540 3166 1604 apud
3222 1550 3313 1589 eos
3350 1537 3439 1604 qui
3478 1553 3546 1591 ex
3595 1541 3795 1593 sanctis

2228 1628 2526 1696 Scripturis
2550 1628 2617 1681 de
2644 1629 2804 1681 rebus
2831 1627 3027 1682 divinis
3070 1628 3278 1681 institui
3312 1628 3515 1692 volunt,
3547 1636 3603 1682 et
3636 1631 3795 1682 etiam

2224 1720 2324 1773 sibi
2356 1720 2479 1773 inde
2524 1718 2810 1787 approbari
2855 1728 3125 1787 quzerunt,
3167 1720 3435 1787 quomodo
3468 1729 3661 1772 natura
3707 1719 3796 1773 Dei

547 1818 749 1877 posset,
782 1818 874 1863 aut
904 1811 1104 1875 dicere,
1132 1827 1238 1865 non
1260 1812 1506 1871 adverto.
1539 1813 1729 1866 Adhuc
1750 1814 1815 1866 ad
1842 1812 2122 1876 confirma-
2152 1802 2194 1856 Β
2225 1810 2590 1876 supereminet
2623 1825 2911 1878 corporum
2957 1819 3227 1863 naturam.
3262 1809 3394 1863 Vide
3434 1824 3569 1879 ergo
3597 1810 3639 1863 si
3692 1826 3795 1863 non

551 1900 751 1954 tionem
789 1910 953 1971 atque
992 1902 1423 1972 explanationem
1457 1919 1645 1959 eorum
1676 1920 1796 1974 qua:
1844 1907 1910 1960 de
1945 1916 2125 1961 mente

547 1992 633 2046 vel
667 1994 843 2047 anima
887 1995 1145 2059 diximus,
1171 2011 1237 2050 eo
1279 2000 1422 2066 quod
1465 2000 1809 2067 praestantior
1842 1999 1913 2053 sit
1960 1999 2125 2055 totius

549 2094 758 2138 natura:
810 2100 1085 2153 corporea:
1116 2086 1248 2156 (97),
1297 2090 1460 2143 etiam
1513 2092 1626 2144 haec
1670 2091 1792 2144 addi
1845 2102 2070 2159 possunt
2109 2102 2121 2137 ε

550 2175 841 2243 unicuique
874 2191 1139 2245 corporeo
1176 2179 1353 2233 sensui
1387 2179 1697 2234 substantia
1728 2181 1973 2249 quaedam
2004 2197 2125 2235 sen-

549 2270 724 2325 sibilis
764 2269 1001 2337 subjacet
1032 2273 1247 2339 propria
1287 2274 1339 2326 in
1384 2289 1547 2342 quam
1597 2290 1789 2329 sensus
1845 2276 1959 2343 ipse
2006 2292 2126 2329 cor-

548 2361 757 2431 poralis
794 2362 1112 2417 intenditur.
1170 2363 1331 2417 Verbi
1386 2364 1582 2431 gratia,
1646 2365 1781 2418 visui
1839 2364 2125 2432 subjacent

548 2451 784 2514 colores,
816 2451 1053 2519 habitus,
1099 2454 1441 2523 magnitudo;
1494 2455 1699 2508 auditui
1733 2470 1894 2509 voces
1934 2466 1989 2509 et
2036 2471 2125 2510 so-

552 2561 684 2608 nus;
721 2546 971 2600 odoratui
1004 2546 1240 2611 nidorcs,
1263 2547 1388 2601 boni
1412 2547 1494 2601 vel
1526 2548 1648 2601 mali
1672 2548 1896 2613 odores;
1925 2550 2121 2617 gustui,

550 2651 807 2703 sapores;
844 2637 1008 2690 tactui
1042 2637 1214 2691 calida
1259 2638 1341 2691 vel
1371 2636 1589 2707 frigida,
1625 2639 1759 2692 dura
1794 2641 1877 2694 vel
1918 2640 2119 2703 mollia,

550 2743 741 2797 aspera
785 2729 864 2782 vel
912 2729 1061 2782 laevia
1117 2729 1252 2798 (98).
1296 2729 1499 2784 Horum
1541 2738 1721 2785 autem
1756 2746 2011 2785 sensuum
2058 2739 2123 2786 de

550 2820 749 2887 quibus
776 2835 936 2888 supra
974 2821 1225 2883 diximus,
1259 2822 1381 2888 quia
1420 2822 1589 2877 multo
1616 2824 1805 2875 melior
1833 2838 2025 2877 sensus
2056 2825 2125 2877 sit

552 2911 767 2975 mentis,
819 2912 1068 2965 onmibus
1115 2912 1318 2965 clarum
1366 2922 1471 2966 est.
1522 2913 1801 2978 Quomodo
1837 2928 1965 2983 ergo
2017 2929 2122 2967 non

552 3002 767 3056 videtur
801 3002 1112 3067 absurdum,
1152 3004 1238 3057 bis
1274 3004 1490 3070 quidem
1524 3019 1643 3072 quae
1686 3003 1941 3057 inferiora
1974 3014 2120 3070 sunt,

553 3090 887 3145 substantias
927 3105 1048 3145 esse
1096 3091 1369 3159 subiectas
1409 3092 1475 3143 ad
1514 3075 1929 3156 intendendum;
1997 3094 2123 3148 huic

555 3190 735 3234 autem
764 3182 950 3235 virtuti
979 3197 1099 3250 qua:
1131 3182 1319 3236 melior
1346 3190 1449 3245 est,
1498 3182 1549 3235 id
1577 3192 1660 3236 est
1687 3184 1883 3237 mentis
1916 3187 2121 3250 sensui,

555 3270 689 3324 nihil
716 3271 935 3325 omnino
963 3272 1153 3340 subjici
1202 3272 1583 3336 substantiale,
1630 3272 1725 3327 sed
1765 3290 1884 3328 csse
1914 3276 2124 3330 intelle-

556 3361 752 3415 ctualis
778 3372 987 3416 naturae
1014 3363 1267 3416 virtutem
1317 3364 1634 3431 corporibus
1677 3365 2009 3420 accidentcm
2044 3368 2129 3421 vel

557 3454 1010 3519 consequenletn?
1032 3452 1183 3518 Quod
1214 3453 1303 3521 qui
1333 3454 1541 3520 dicunt,
1581 3454 1698 3508 sine
1722 3455 1887 3509 dubio
1912 3456 1963 3510 in
1995 3473 2118 3512 con-

560 3542 836 3597 tumeliam
879 3544 993 3614 ejus
1020 3544 1360 3608 substantia},
1395 3559 1514 3612 quae
1546 3545 1597 3599 in
1634 3545 1765 3614 ipsis
1798 3547 1989 3603 melior
2020 3559 2124 3615 est,

629 3702 675 3734 "
704 3701 910 3757 Coloss.
937 3718 973 3766 ι,
1001 3702 1089 3759 15.
1165 3703 1208 3734 ³⁷
1240 3701 1391 3757 Joan.
1420 3719 1457 3768 t,
1493 3703 1575 3758 18.

560 3840 666 3896 ullo
694 3843 851 3893 modo
891 3842 1167 3906 allirmari,
1210 3843 1259 3896 id
1284 3851 1367 3895 est
1408 3841 1551 3911 quod
1582 3842 1762 3897 vivere
1799 3852 1994 3912 praeter
2014 3860 2132 3899 cor-

560 3928 665 3981 pus
696 3912 865 3977 possit
896 3913 997 3964 nlla
1029 3913 1131 3965 alia
1165 3924 1355 3966 natura
1385 3923 1581 3980 prmter
1609 3912 1823 3966 Patrem
1853 3924 1906 3967 et
1936 3914 2128 3969 Filium

560 3991 617 4034 et
665 3982 928 4048 Spiritum
974 3994 1245 4044 sanctum,
1279 3983 1574 4036 necessitas
1614 3986 2016 4050 consequentia:
2066 4001 2131 4040 ac

562 4051 793 4104 rationis
860 4061 1106 4105 coarctat
1157 4053 1406 4120 intelligi,
1473 4052 1848 4119 principaliter
1910 4055 2130 4120 quidem

561 4131 775 4174 creatas
805 4136 929 4175 esse
965 4123 1317 4177 rationabiles
1351 4132 1611 4187 naturas;
1644 4122 1976 4175 materialem
2004 4140 2132 4180 vero

562 4190 925 4244 substantiam
983 4193 1239 4259 Opinione
1288 4192 1509 4260 quidem
1541 4201 1595 4245 et
1645 4191 1920 4246 intellectu
1954 4194 2126 4247 solum

563 4263 803 4327 separari
858 4262 925 4313 ab
951 4262 1099 4315 eis...
1149 4263 1241 4315 sed
1284 4277 1559 4327 nunquam
1594 4262 1711 4314 sine
1743 4264 1855 4328 ipsa
1899 4277 1989 4316 eas
2044 4264 2127 4316 vel

560 4330 764 4384 vixisse
783 4332 861 4383 vel
885 4332 1081 4385 vivere.
1104 4351 1122 4383 ι
1146 4333 1219 4384 Ex
1246 4332 1329 4385 bis
1350 4334 1492 4384 enim
1512 4340 1566 4384 et
1586 4332 1850 4384 similibus
1868 4331 2001 4388 locis
2024 4348 2126 4387 non

563 4402 809 4468 sequitur
834 4403 1117 4471 Origenem
1150 4411 1398 4454 naturam
1424 4401 1617 4454 animm
1639 4409 1691 4454 et
1712 4402 1939 4454 aliorum
1972 4404 2130 4468 spiri-

2226 1905 2387 1957 etiam
2420 1902 2711 1971 Apostolus
2746 1902 2847 1953 hoc
2876 1901 3017 1954 idem
3074 1902 3171 1966 ait,
3204 1916 3327 1955 cum
3370 1901 3435 1955 de
3469 1900 3687 1954 Christo
3720 1901 3797 1955 lo-

2226 1995 2411 2064 quitur
2436 1994 2620 2047 dicens
2652 2010 2665 2044 :
2700 2011 2718 2043 (
2766 1992 2866 2058 Qui
2898 2000 2981 2046 est
3030 1992 3206 2061 imago
3243 1991 3531 2046 invisibilis
3562 1993 3653 2046 Dei
3687 1993 3797 2060 pri-

2226 2087 2529 2155 mogenitus
2556 2086 2734 2139 omnis
2761 2093 3027 2137 creatura:
3057 2084 3122 2134 ³⁸.
3177 2102 3196 2134 ι
3232 2082 3344 2137 Non
3388 2085 3556 2147 enim,
3585 2092 3641 2135 ut
3684 2083 3800 2151 qui-

2226 2177 2348 2231 dam
2378 2186 2587 2245 putant,
2639 2186 2830 2230 natura
2882 2175 2974 2229 Dei
3007 2176 3173 2230 alicui
3216 2176 3443 2230 visibilis
3476 2185 3581 2243 est,
3610 2186 3662 2229 et
3686 2174 3802 2229 aliis

2227 2266 2510 2321 invisibilis
2537 2266 2611 2338 (l)
2637 2285 2650 2333 ;
2692 2283 2796 2321 non
2833 2269 2976 2321 enim
3006 2269 3143 2321 dixit
3170 2267 3487 2337 Apostolus,
3518 2269 3693 2335 imago
3722 2265 3802 2320 in-

2224 2360 2453 2414 visibilis
2476 2361 2568 2415 Dei
2596 2361 2928 2427 hominibus,
2971 2369 3063 2415 aut
3093 2361 3375 2414 invisibilis
3406 2358 3799 2429 peccatoribus,

2226 2457 2321 2507 sed
2349 2451 2501 2506 valde
2530 2461 2845 2506 constanter
2872 2453 3190 2521 pronuntiat
3229 2452 3293 2505 de
3335 2452 3449 2518 ipsa
3485 2460 3679 2504 natura
3711 2448 3801 2502 Dei

2225 2542 2411 2597 dicens
2442 2561 2455 2596 :
2490 2560 2507 2592 ι
2536 2541 2718 2613 Imago
2748 2544 3033 2598 invisibilis
3066 2544 3180 2597 Dei.
3230 2563 3249 2595 ι
3282 2541 3384 2597 Sed
3410 2554 3467 2597 et
3492 2541 3727 2596 Joannes
3750 2540 3801 2592 in

2224 2633 2518 2702 Evangelio
2544 2635 2730 2689 dicens
2768 2652 2781 2688 :
2817 2654 2834 2686 ο
2876 2637 3038 2690 Deum
3074 2650 3231 2689 nemo
3254 2636 3385 2687 vidit
3414 2649 3650 2702 unquam
3678 2633 3743 2694 ³⁷,
3777 2650 3795 2683 ι

2226 2724 2513 2779 manifeste
2546 2726 2784 2780 declarat
2815 2728 3065 2780 omnibus
3096 2727 3185 2795 qui
3222 2726 3529 2794 intelligere
3559 2732 3798 2792 possunt,

2225 2816 2349 2883 quia
2387 2815 2531 2868 nulla
2582 2825 2777 2869 natura
2803 2826 2886 2871 est
2934 2816 3021 2871 cui
3079 2816 3308 2869 visibilis
3340 2818 3410 2870 sit
3461 2815 3636 2879 Deus;
3696 2829 3799 2866 non

2224 2909 2378 2973 quasi
2411 2906 2503 2975 qui
2537 2907 2764 2962 visibilis
2794 2910 3009 2977 quidem
3041 2908 3110 2961 sit
3138 2921 3233 2975 per
3269 2916 3549 2971 naturam,
3578 2916 3630 2959 et
3658 2906 3801 2959 velut

2226 2995 2523 3066 fragilioris
2546 3010 2812 3053 creaturae
2836 3002 3027 3055 evadat
3054 3008 3214 3067 atque
3239 2999 3467 3053 excedat
3498 3010 3796 3063 aspectum,

2228 3087 2331 3157 53
2362 3088 2455 3143 sed
2479 3091 2734 3158 quoniam
2769 3092 3089 3147 naturaliter
3121 3092 3289 3146 videri
3322 3090 3664 3159 impossibile
3700 3096 3797 3141 est.

2228 3180 2381 3244 Quod
2418 3180 2462 3233 si
2512 3181 2756 3249 requiras
2808 3198 2835 3234 a
2894 3197 2978 3235 me
3177 3197 3427 3236 INTERPB.
3458 3195 3677 3233 tttcnox.

2230 3272 2358 3339 quid
2386 3273 2765 3342 etiatndeipso
2787 3274 2981 3342 Unige-
3053 3274 3201 3329 Sicut
3259 3275 3396 3327 enim
3460 3274 3802 3339 incongruum

2231 3366 2343 3417 nito
2382 3365 2637 3430 sentiam,
2679 3366 2723 3420 si
2769 3380 2835 3419 ne
2879 3367 2977 3435 ipsi
3024 3358 3129 3437 7(2)
3179 3376 3255 3420 est
3302 3367 3473 3418 dicere
3500 3364 3638 3433 Quod
3687 3377 3803 3430 pos-

2231 3460 2448 3528 quidem
2496 3460 2761 3514 visibilem
2801 3461 2978 3515 dicam
3054 3460 3120 3511 sit
3152 3456 3324 3510 Filius
3353 3457 3530 3510 videre
3567 3454 3801 3518 Patrem,

2234 3562 2479 3606 naturam
2504 3551 2987 3622 Dci,qua:natura-
3055 3554 3128 3606 ita
3173 3552 3536 3605 inconveniens
3570 3558 3645 3604 est
3690 3547 3799 3601 ovi»

2230 3851 2350 3970 gilila
2390 3848 2643 3970 membra
2703 3863 2820 3916 qua:
2868 3862 2897 3901 a
2951 3847 3059 3902 Deo
3111 3848 3338 3902 formata
3374 3854 3523 3911 sunt,
3567 3844 3799 3899 habeant

2234 3936 2262 3970 a
2294 3936 2426 3970 Iﬂlllt
2449 3961 2461 3970 .
2505 3938 2524 3969 ι

2234 3922 2614 4070 ῗῗιῶἳὶῖᾏιῖθδ,
2671 4005 2689 4038 t
2728 3996 2785 4040 ut
2819 3988 2871 4040 in
2923 3987 3141 4053 talibus,
3176 4006 3194 4039 ι
3229 3987 3322 4041 sed
3348 4001 3502 4050 mss.,
3533 4004 3551 4035 ε
3595 3984 3804 4039 “una.

2232 4059 2538 4197 llb(957.),Sic
2588 4142 2777 4181 omnes
2826 4142 2955 4179 mss.
2985 4126 3154 4188 Alias,
3207 4143 3225 4175 ι
3262 4125 3516 4189 dicimus,
3572 4121 3803 4197 eo‘quod

2232 4191 2581 4266 praestantior
2635 4199 2707 4250 sit
2752 4206 2881 4270 tota
2949 4207 3151 4270 natura
3209 4210 3489 4270 corporea.
3556 4212 3575 4243 ι
3635 4191 3802 4270 ⁸ιξεὶιιιη

2234 4264 2356 4335 post
2406 4282 2563 4345 inss.,
2627 4284 2646 4316 ο
2682 4266 2925 4334 subjacet
2974 4266 3207 4333 propria.
3245 4265 3453 4327 iAlias,
3490 4280 3512 4313 ι
3562 4264 3803 4328 subjacet

2232 4351 2845 4475 prggiéviaworum
2875 4413 3047 4456 autem
3073 4418 3338 4457 sensuum.
3368 4400 3457 4455 Sic
3480 4416 3612 4455 mss.
3638 4399 3798 4462 Alias,

567 4463 713 4523 tuum
735 4470 785 4523 in
812 4463 1037 4539 corpore
1069 4487 1344 4537 posuisse;
1375 4472 1427 4539 id
1454 4471 1623 4524 solum
1660 4471 1969 4535 conficitur,
2000 4463 2127 4526 Dri-
2162 4463 2205 4517 D
2241 4494 2259 4528 ‹
2293 4463 2451 4529 levia.
2484 4473 2577 4529 His
2607 4463 2781 4527 autem
2825 4476 3089 4527 sensibus.
3124 4492 3140 4524 ι

564 4556 752 4607 genem
777 4536 929 4608 juxta
966 4557 1028 4597 ac
1052 4536 1357 4596 Platonicos
1381 4536 1596 4610 putasse
1624 4542 1834 4594 animas
1858 4557 2132 4609 nunquam

566 4611 885 4678 corporibus
908 4612 1129 4666 omnino
1168 4614 1377 4674 nudari,
1413 4613 1504 4665 sed
1534 4620 1728 4679 praeter
1756 4626 2000 4665 crassum
2032 4613 2135 4666 hoc

568 4694 764 4745 corpus
809 4697 916 4749 quo
949 4683 1000 4734 in
1050 4682 1148 4736 hac
1186 4684 1292 4735 vita
1329 4682 1659 4743 induuntur,
1698 4688 1845 4733 certo
1901 4682 2131 4745 quodam

567 4763 839 4804 conuexas
860 4766 982 4804 esse
1005 4752 1150 4806 aerio
1174 4766 1399 4818 corpore
1437 4750 1580 4818 quod
1616 4764 1709 4803 eas
1732 4749 1927 4816 ubique
1954 4751 2137 4818 sequi-

568 4826 676 4881 tur,
702 4820 845 4885 quod
867 4830 1085 4873 servant
1109 4823 1271 4873 etiam
1298 4822 1542 4888 depOsito
1575 4820 1848 4883 crassiori,
1872 4823 2013 4885 quod
2038 4821 2135 4874 de-

573 4888 735 4956 nique
762 4900 983 4943 vocatur
1011 4906 1037 4941 a
1088 4889 1387 4958 Porphyrio
1424 4900 1479 4941 et
1513 4888 1730 4941 Plotino
1766 4905 1784 4938 t
1831 4888 2072 4954 spiritale
2110 4907 2128 4940 ι

568 4967 625 5012 et
648 4958 873 5013 interius
896 4960 1090 5011 animae
1131 4960 1525 5012 indumentum.
1564 4958 1674 5012 lmo
1704 4970 1899 5025 praeter
1934 4960 2131 5026 duplex

569 5026 740 5084 hocce
766 5044 985 5097 corpus,
1010 5028 1336 5097 Pliiloponus
1366 5028 1582 5080 tertium
1610 5029 1854 5096 agnoscit
1885 5030 2137 5084 subtilius

571 5106 627 5169 et
658 5100 844 5167 purius
892 5100 1033 5165 quod
1089 5109 1243 5154 vocat
1273 5097 1430 5167 σῶμα
1470 5099 1739 5167 οὐράνιον,
1776 5097 2029 5169 αἰθέριον,
2082 5108 2137 5153 et

573 5168 867 5237 αὐγοειδὲς,
892 5170 1139 5237 quodque
1162 5170 1460 5222 anitnabus-
1476 5170 1659 5221 tribuit
1686 5183 1808 5237 quae
1838 5168 1909 5221 ab
1940 5170 2140 5222 affecti-

576 5237 675 5291 bus
723 5241 1001 5307 corporeis
1054 5241 1234 5292 libera:
1287 5246 1430 5291 sunt.
1498 5238 1718 5307 Proclus
1764 5248 1818 5291 et
1863 5238 2138 5291 Hierocles

576 5307 701 5379 illud
760 5306 952 5363 vocant
1004 5309 1064 5361 τὸ
1116 5308 1481 5379 πνευματικὸν
1539 5306 1861 5379 ὃχημαίρςῆς
1916 5308 2137 5378 λογικῆς

618 5378 771 5449 υχῆς,
805 5397 824 5429 ι
864 5379 1102 5445 spiritale
1152 5377 1455 5449 vehiculum
1485 5377 2071 5449 rationabilisanimm.
2112 5395 2130 5428 ι

628 5445 821 5501 t'valde
852 5451 1196 5518 peregrinum
1228 5451 1279 5501 in
1315 5448 1707 5518 Platonicorum
1738 5445 1953 5514 scriptis
1986 5461 2139 5518 Oper:

579 5524 654 5586 tet
699 5531 821 5571 eum
851 5515 1112 5586 esse'qui
1169 5521 1222 5572 in
1280 5519 1447 5571 hocce
1492 5516 1690 5585 duplici
1740 5515 2135 5575 interiori,'vel

577 5584 844 5641 alterutro
878 5584 1126 5642 vehiculo
1178 5604 1270 5644 eos
1322 5584 1589 5657 putaverit
1642 5587 1835 5640 animae
1887 5596 2135 5639 naturam

577 5670 841 5729 possess-

650 5725 762 5798 (95)
799 5727 888 5782 Sic
916 5742 1040 5785 mss.
1070 5728 1235 5798 Alias,
1292 5748 1307 5781 ι
1350 5729 1426 5784 vel
1476 5728 1539 5782 ad
1576 5727 1879 5793 vivendum,
1924 5734 1983 5779 ut
2024 5724 2137 5778 sin-

2310 4544 2419 4615 (99)
2448 4544 2607 4598 Posse
2628 4544 2844 4611 intelligi
2866 4560 2966 4613 quo
3000 4544 3193 4595 scilicet
3212 4539 3496 4595 secundum
3517 4542 3677 4615 ipsos,
3696 4547 3797 4591 etc.

2239 4610 2487 4668 Sicluinc
2516 4615 2776 4671 locumad
2798 4610 2953 4667 iidem
2986 4615 3228 4666 omnium
3268 4626 3394 4663 mss.
3430 4610 3796 4669 restituimns;

2237 4684 2368 4737 libb.
2407 4685 2533 4737 editi
2581 4684 2801 4747 habent,
2850 4701 2869 4734 ι
2925 4698 3078 4751 posse
3116 4681 3338 4749 intelligi
3370 4681 3801 4751 vcl_sentiri,_ut

2237 4754 2423 4808 volunt
2455 4755 2553 4808 boc
2576 4746 2820 4819 intelligi,
2863 4772 2881 4804 ι
2925 4746 3169 4820 pluribus
3197 4746 3431 4803 omissis.
3464 4746 3798 4820 Pauloginfra

2241 4839 2394 4886 tnss.,
2429 4840 2448 4873 ι
2482 4818 2893 4891 siexpargatior
2916 4818 2969 4876 et
3000 4822 3351 4892 segregatior.
3396 4839 3414 4871 ι
3449 4819 3600 4872 Alias
3623 4818 3795 4879 deest,

2243 4893 2860 4964 «etsegrcgatioraim
3383 4959 3392 4964 _
3711 4954 3763 4964 Μ

2316 4963 2391 5031 (Ι)
2445 4954 2620 5013 llic-ui
2647 4960 2906 5033 tit-sibilis
2934 4970 3147 5033 exiget
3187 4959 3309 5012 aliis
3377 4957 3676 5033 invisibilis.

2237 5028 2426 5086 omnes
2465 5046 2594 5085 mss.
2631 5031 2798 5097 Alias,
2840 5048 2858 5081 ι
2896 5030 3183 5086 invisibilis
3234 5038 3317 5082 est
3345 5028 3529 5092 alicui,
3582 5037 3638 5080 et
3680 5028 3797 5077 aliis

2236 5101 2464 5157 visibilis
2489 5110 2591 5155 est.
2622 5119 2640 5151 ι

2309 5172 2386 5241 (‘2)
2427 5171 2576 5224 Sicut
2608 5172 2744 5242 enim
2778 5171 3121 5242 incongruum
3150 5178 3247 5242 est,
3280 5176 3386 5221 etc.
3432 5167 3586 5242 Hune
3618 5165 3791 5242 locum

2238 5256 2267 5294 e
2290 5238 2424 5294 libro
2450 5257 2463 5293 l
2493 5240 2631 5307 Περὶ
2655 5238 2853 5308 ἀρχῶν
2897 5239 3103 5308 profert
3149 5238 3511 5308 Hieronymus
3545 5238 3605 5308 in
3634 5238 3794 5308 epist.

2238 5312 2327 5376 38,
2358 5310 2489 5363 alias
2523 5304 2583 5363 61
2625 5304 2699 5363 ad
2723 5304 3148 5363 Pammachium.
3187 5304 3418 5374 Ipsemet
3448 5306 3675 5359 Rufinus
3697 5304 3798 5376 giu-

2240 5374 2446 5434 vectiva
2492 5382 2661 5448 prima
2698 5381 2953 5433 adversus
2983 5377 3370 5448 Hieronymum
3407 5379 3603 5429 fatetur
3632 5374 3799 5448 fuisse

2245 5468 2262 5500 ι
2290 5450 2467 5516 aliqua
2493 5446 2652 5502 verba
2685 5451 2736 5502 in
2766 5448 2955 5503 Graeco
2981 5449 3254 5501 incautius
3279 5446 3511 5499 fortasse
3546 5446 3747 5516 posita,
3775 5458 3793 5490 ι

2238 5536 2355 5588 qua:
2387 5514 2796 5586 interpretando
2824 5519 3197 5588 declinaverit,
3243 5527 3335 5569 ant
3367 5518 3432 5569 ad
3470 5514 3799 5588 catholicum

2239 5583 2455 5643 sensum
2508 5583 2800 5641 reduxerit.
2861 5587 2990 5640 Vide
3062 5586 3501 5657 Origenianorum
3566 5583 3662 5639 lib.
3723 5594 3762 5636 tl

2240 5668 2427 5728 quaest.
2464 5658 2518 5725 2,
2550 5674 2696 5710 nutu.
2736 5657 2799 5712 17
2826 5665 2878 5711 et
2910 5657 2988 5711 18.
