4064 6414
223 400 291 456 ηρ
1588 390 1786 446 LIBER

1899 386 2099 443 LlMUS.

3369 380 3470 435 150

220 510 724 581 litcr(5)invisibilis
748 523 867 581 est,
895 530 967 571 ne
1038 515 1157 569 nari
1199 513 1337 583 quod
1382 510 1615 581 Spiritus
1664 527 1791 565 san-
1819 516 1868 573 Α
1895 505 2066 560 videri
2117 504 2184 559 ab
2231 502 2315 557 his
2342 500 2433 572 qui
2467 497 2615 569 digni
2650 503 2778 553 sunt
2808 504 3011 565 potest.
3064 496 3173 551 Cor
3211 510 3343 552 sane
3374 514 3472 565 pro

220 606 457 662 tibistatim
484 607 857 677 velimpium
884 610 969 664 vi-
1038 618 1150 663 ctus
1220 608 1381 677 possit
1456 606 1627 661 videre
1690 604 1789 659 Fi-

220 700 963 760 deaturessevelabsurdum:
1037 705 1183 758 lium.

220 795 428 846 rationein
458 792 681 862 quippe
735 796 1009 852 dabimus
1040 805 1438 865 consequenter
1481 795 1581 869 (ὁ).
1626 796 1784 851 Aliud

221 896 277 941 est
300 885 480 949 videre,
513 885 676 939 aliud
712 902 1103 957 cognoscere;
1133 889 1301 943 videri
1345 898 1399 943 et
1436 889 1621 943 videre
1659 904 1786 943 cor-

219 992 361 1048 porum
388 990 472 1031 res
495 987 609 1040 est,
640 983 921 1048 cognosci
953 992 1007 1037 et
1036 996 1363 1051 cognoscere
1405 981 1789 1036 intellectualis

222 1076 381 1123 natura:
400 1076 504 1120 est.
535 1066 845 1138 Quidquid
887 1086 1019 1140 ergo
1060 1074 1336 1141 praprium
1365 1086 1648 1141 corporum
1683 1081 1786 1138 est,

217 1161 293 1215 hoc
315 1175 396 1214 nec
422 1160 491 1214 de
516 1160 693 1216 Patre
713 1175 835 1228 est,
867 1181 972 1221 nec
994 1167 1058 1220 de
1086 1165 1225 1220 Filio
1249 1166 1613 1220 sentiendum.
1636 1164 1789 1230 Quod

220 1266 315 1303 tero
345 1250 400 1301 ad
435 1260 705 1305 naturam
764 1256 1019 1323 pertinet
1070 1255 1311 1318 deitatis,
1346 1256 1450 1309 ltoc
1501 1254 1645 1307 inter
1684 1252 1787 1305 Pa-

218 1346 389 1389 tremet
408 1336 619 1392 Filium
657 1352 919 1397 constat.
954 1344 1193 1411 Denique
1214 1345 1376 1399 etiam
1407 1345 1587 1413 ipsein
1615 1342 1790 1397 Evan-

219 1428 324 1497 gelio
348 1444 442 1481 non
472 1431 646 1498 dixit,
676 1434 816 1503 quia
846 1450 1012 1489 nemo
1048 1437 1181 1489 vidit
1204 1436 1418 1492 Patrem
1456 1438 1557 1491 nisi
1594 1438 1785 1502 Filius,

217 1535 356 1588 neque
385 1519 591 1574 Filium
654 1524 773 1579 nisi
815 1525 1010 1591 Pater,
1061 1529 1151 1582 sed
1186 1530 1307 1582 ait;
1364 1548 1381 1581 ι
1430 1528 1594 1583 Nemo
1640 1531 1789 1585 novit

215 1612 371 1666 Filium
397 1613 502 1666 nisi
534 1612 742 1681 Pater,
781 1633 968 1687 neque
994 1619 1208 1675 Patrem
1248 1622 1369 1690 quis
1398 1622 1542 1675 novit
1571 1623 1672 1676 nisi
1704 1618 1789 1673 Fi-

214 1704 295 1757 lius
320 1705 374 1755 ³³.
408 1725 426 1756 t
470 1707 551 1760 Ex
577 1724 698 1777 quo
726 1711 1034 1766 manifeste
1062 1713 1338 1766 indicatur
1362 1714 1504 1781 quod
1528 1711 1786 1781 quidquid

215 1796 325 1849 inter
371 1806 606 1851 naturas
654 1815 970 1869 corporeus
1017 1803 1188 1857 videri
1232 1813 1289 1857 et
1336 1804 1520 1857 videre
1565 1803 1786 1867 dicitur,

1899 606 2105 661 mente,
2132 596 2184 649 id
2211 602 2295 649 est
2330 608 2427 664 pro
2478 588 2832 645 itttellectuali
2870 588 3075 641 virtute
3109 587 3376 640 nominari
3417 590 3471 641 in

1898 686 2151 740 omnibus
2179 684 2482 754 Scripturis
2532 682 2689 736 novis
2727 694 2789 734 ac
2818 679 3100 733 veteribus
3136 679 3471 731 abundanter
3546 728 3547 731 η

1896 776 2163 833 invenies.
2197 774 2311 829 Hoc
2345 776 2511 844 igitur
2544 774 2702 827 modo
2729 772 2979 841 quamvis
3037 770 3195 839 longe
3244 764 3472 823 inferius

1896 883 2058 937 quam
2099 868 2320 936 dignum
2356 877 2476 929 est,
2518 871 2702 933 utpote
2733 877 2834 931 pro
2866 861 3182 915 inﬁrmitate
3226 861 3472 915 humana:

1898 958 2266 1024 intelligentiae
2311 966 2560 1010 naturam
2601 953 2694 1007 Dei
2746 953 3133 1023 intelligentes,
3172 968 3312 1008 nunc
3343 953 3470 1023 quid

1900 1050 2002 1104 sibi
2040 1050 2169 1103 velit
2205 1063 2399 1103 nomen
2429 1046 2633 1103 Christi
2687 1046 2987 1099 videamus.

2522 1156 2752 1212 CAPUT
2804 1156 2869 1211 ll.

2514 1249 2591 1303 De
2624 1247 2859 1303 Christo.

1969 1344 2019 1397 1.
2053 1343 2236 1397 Primo
2263 1341 2390 1396 illttd
2427 1356 2525 1396 nos
2560 1351 2780 1411 oportet
2840 1343 3007 1407 scire,
3042 1343 3187 1410 quod
3214 1342 3357 1395 aliud
3384 1350 3471 1396 est
3546 1404 3547 1407 η

1897 1434 1951 1489 in
1982 1433 2201 1489 Christo
2231 1432 2451 1488 deitatis
2481 1431 2596 1500 ejus
2630 1441 2849 1499 natura,
2875 1432 3018 1500 quod
3045 1441 3129 1486 est
3161 1432 3468 1501 unigenitus
3516 1464 3543 1501 η

1896 1525 2068 1579 Filius
2109 1522 2290 1578 Patris
2328 1523 2447 1592 (7):
2500 1531 2554 1576 et
2579 1522 2687 1576 alia
2721 1523 2959 1576 humana
2988 1531 3180 1577 natura
3212 1538 3375 1591 qttant
3412 1523 3465 1575 itt

1896 1617 2215 1672 novissimis
2260 1616 2596 1683 temporibus
2629 1630 2725 1683 pro
2760 1615 3161 1683 dispensatione
3206 1615 3464 1684 suscepit.

1896 1709 2128 1779 Propter
2157 1708 2301 1778 quod
2328 1709 2619 1761 videndum
2657 1706 2831 1775 primo
2867 1714 2949 1760 est
2998 1706 3127 1775 quid
3162 1707 3235 1760 sit
3274 1707 3461 1777 unige-

1896 1801 2040 1854 nitus
2077 1800 2246 1854 Filius
2279 1798 2394 1860 Dei,
2426 1798 2517 1867 qui
2553 1798 2736 1852 multis
2774 1796 2993 1865 quidem
3030 1806 3085 1851 et
3113 1797 3342 1851 diversis
3371 1813 3469 1851 no-
3524 1786 3537 1789 ’

212 1886 291 1939 huc
323 1888 453 1941 inter
504 1888 746 1944 Patrem
786 1900 845 1946 et
875 1892 1075 1946 Filium
1104 1909 1436 1965 cognoscere
1482 1895 1683 1948 dicitur
1739 1905 1793 1949 et
1828 1867 1869 1921 Β
1907 1893 2144 1948 minibus
2196 1908 2293 1962 pro
2327 1894 2491 1946 rebus
2543 1892 2624 1945 vel
2680 1892 3028 1961 opinionibus
3075 1890 3463 1958 appellantium

210 1981 450 2043 cognosci,
489 1995 597 2050 per
629 1982 912 2037 virtutem
942 1984 1205 2051 scientiae,
1232 2002 1337 2040 non
1368 2002 1463 2055 per
1506 1986 1791 2041 visibilita—

213 2070 267 2120 tis
290 2067 669 2137 fragilitatem.
723 2072 873 2140 Quia
910 2074 1079 2145 igitur
1124 2076 1191 2130 de
1245 2077 1560 2146 incorporea
1597 2086 1789 2131 natura

207 2170 250 2212 et
273 2160 551 2228 invisibili,
588 2179 700 2219 nec
728 2167 928 2223 videre
954 2168 1169 2237 proprie
1196 2169 1411 2232 dicitur,
1453 2185 1552 2224 nec
1579 2171 1749 2224 videri
1772 2188 1787 2237 ;

210 2250 386 2306 idcirco
433 2268 629 2323 neque
675 2255 855 2312 Pater
894 2274 925 2312 a
954 2259 1113 2326 Filio,
1159 2276 1334 2330 neque
1364 2260 1531 2316 Filius
1573 2277 1601 2315 a
1630 2262 1791 2318 Putre

204 2342 353 2394 videri
384 2343 437 2411 in
479 2344 813 2416 Evangelio
845 2349 1074 2416 dicitur,
1110 2350 1201 2405 sed
1233 2352 1507 2419 cognosci.

265 2431 314 2483 9.
337 2432 489 2497 Quod
525 2436 573 2489 si
606 2445 900 2504 proponat
949 2437 1105 2492 nobis
1137 2439 1356 2508 aliquis,
1390 2454 1560 2509 quare
1587 2440 1788 2494 dictum

203 2532 303 2577 est:
337 2542 355 2574 ι
388 2525 550 2579 Beati
588 2528 813 2582 mundo
844 2530 1031 2593 corde,
1061 2530 1315 2598 quoniam
1349 2532 1448 2600 ipsi
1511 2532 1676 2585 Deum
1709 2533 1791 2585 vi-

206 2614 383 2668 debunt
423 2618 513 2679 '9;
565 2636 587 2669 ι
664 2619 857 2673 multo
913 2621 1085 2688 magis
1122 2621 1283 2674 etiam
1314 2636 1376 2674 ex
1413 2622 1533 2687 hoc,
1585 2633 1643 2677 ut
1693 2639 1792 2693 ego

201 2705 432 2772 arbitror,
463 2709 721 2764 assertio
752 2720 948 2765 nostra
978 2713 1308 2767 tirmabitur:
1341 2730 1463 2767 nam
1490 2715 1619 2781 quid
1643 2716 1789 2769 aliud

201 2810 270 2851 est
290 2800 449 2854 corde
479 2801 670 2855 Deum
726 2803 949 2863 videre.
989 2805 1091 2858 nisi
1131 2806 1421 2859 secundum
1456 2806 1506 2861 id
1533 2808 1675 2876 quod
1701 2823 1791 2861 su-

197 2904 281 2959 pra
332 2895 715 2962 exposuimus
755 2904 948 2951 mente
994 2912 1115 2950 eum
1152 2897 1450 2966 intelligere
1506 2907 1666 2968 atque
1694 2914 1789 2953 co-

199 2985 489 3050 gnoscere?
535 2985 915 3053 Frequenter
958 2988 1100 3042 enim
1149 2989 1482 3043 sensibilium
1515 2990 1792 3045 membro-

198 3088 301 3126 rum
358 3078 601 3129 nomina
658 3079 731 3130 ad
766 3078 1011 3131 animant
1045 3078 1353 3133 referuntur
1376 3121 1390 3144 ,
1424 3082 1494 3135 ita
1529 3091 1588 3136 ut
1615 3083 1791 3137 oculis

198 3166 361 3219 cordis
390 3168 597 3223 videre
639 3170 894 3235 dicatur,
953 3172 1004 3225 id
1062 3180 1144 3225 est
1171 3173 1372 3227 virtute
1421 3173 1788 3244 intelligentia:

195 3254 386 3324 aliquid
418 3260 834 3315 intellectuale
858 3262 1130 3330 conjicere
1160 3264 1257 3332 (5).
1284 3264 1377 3318 Sic
1404 3274 1457 3319 et
1484 3267 1672 3320 audire
1703 3282 1793 3318 att-

200 3345 339 3399 ribus
372 3350 620 3413 dicitur,
658 3366 791 3406 cum
822 3367 1042 3407 sensum
1078 3354 1443 3424 intelligentiae
1477 3358 1793 3425 profundio-

194 3435 261 3490 ris
291 3440 556 3495 advertit.
594 3442 700 3497 Sic
724 3452 785 3497 et
818 3444 899 3496 uti
930 3458 1045 3497 eam
1070 3460 1226 3512 posse
1261 3446 1512 3502 dentibus
1542 3448 1791 3515 dicimus,

196 3539 304 3578 cum
339 3532 608 3597 mandit,
648 3541 709 3584 et
755 3546 957 3600 panem
993 3536 1225 3588 comedit
1272 3536 1394 3590 vita:
1425 3536 1513 3605 qui
1541 3539 1606 3591 de
1650 3538 1793 3592 ctelo

194 3613 483 3675 descendit.
543 3621 849 3675 Similiter
884 3630 941 3677 et
971 3624 1180 3677 eteteris
1205 3625 1278 3678 uti
1316 3626 1679 3682 membrorum
1713 3627 1795 3681 of.

191 3703 316 3763 ticiis
334 3710 570 3777 dicitur,
601 3728 741 3782 qua:
764 3727 835 3766 ex
860 3714 1125 3780 corporali
1151 3716 1509 3785 appellatione
1536 3718 1795 3772 translata

191 3800 483 3858 virtutibus
520 3805 755 3858 anima:
792 3814 1137 3874 coaptantur,
1173 3807 1313 3861 sicut
1342 3819 1397 3861 et
1430 3807 1683 3863 Salomon
1718 3811 1796 3865 di-

187 3894 291 3947 cit:
334 3915 353 3947 c
387 3896 648 3953 Sensum
686 3896 944 3952 divinum
981 3898 1219 3953 invenies
1246 3899 1310 3950 ³⁰.
1342 3918 1361 3951 t
1404 3898 1619 3955 Sciebat
1646 3917 1797 3955 nam-

189 3988 285 4054 que
308 3988 415 4043 duo
452 4003 685 4059 genera
744 4002 873 4041 esse
924 4001 1173 4042 sensuum
1209 3989 1260 4043 in
1293 3990 1469 4057 nobis,
1502 4008 1666 4046 unum
1697 4009 1794 4063 gc-

188 4094 281 4133 nus
306 4096 579 4137 sensuum
614 4080 869 4136 mortale
900 4079 999 4147 (6),
1038 4084 1411 4152 corruptibile,
1441 4085 1738 4140 humanum
1773 4105 1786 4152 ;

190 4168 323 4223 aliud
361 4189 549 4241 genus
592 4172 935 4227 immortale
957 4180 1011 4225 et
1046 4173 1432 4241 intellectuale,
1472 4177 1613 4244 quod
1646 4192 1793 4232 nunc

188 4262 420 4318 divinum
451 4264 817 4318 nominavit.
851 4263 967 4317 lloc
994 4278 1121 4333 ergo
1144 4280 1302 4320 sensu
1332 4267 1514 4323 divino
1539 4284 1641 4323 non
1666 4285 1795 4324 ocu-

190 4350 376 4422 lorum,
414 4357 520 4411 sed
589 4355 801 4411 cordis
844 4353 1074 4420 mundi,
1122 4372 1242 4425 quae
1274 4366 1358 4411 est
1400 4372 1591 4425 mens,
1648 4361 1794 4414 Deus

252 4539 295 4570 ’³
321 4538 524 4594 Matth.
556 4555 653 4602 ιι,
682 4536 785 4589 27.
866 4535 912 4567 ³⁸
942 4535 1130 4591 Matth.
1156 4553 1208 4604 v,
1233 4538 1288 4592 8.

1365 4539 1411 4570 ⁸ο
1440 4539 1601 4595 Prov.
1630 4556 1693 4604 ιι,
1720 4541 1774 4597 5.

1855 4540 1897 4571 "
1930 4540 2092 4594 Prov.
2120 4553 2240 4603 vui,
2268 4535 2338 4589 23
2362 4548 2513 4602 seqq.

1903 1993 2266 2053 nuncupatur.
2321 1984 2594 2052 Sapientia
2663 1998 2901 2051 namque
2953 1982 3191 2045 dicitur,
3226 1982 3366 2035 sicut
3410 1989 3468 2034 et

1901 2076 2156 2130 Salomon
2178 2076 2345 2129 dixit:
2374 2094 2391 2125 ι
2414 2075 2670 2128 Dominus
2692 2074 2898 2127 creavit
2915 2088 2999 2127 me
3023 2073 3230 2126 initium
3256 2073 3465 2126 viarum

1898 2182 2139 2229 suarum,
2190 2175 2244 2220 et
2268 2167 2319 2219 in
2351 2181 2512 2235 opera
2536 2181 2631 2220 sua
2672 2174 2960 2233 antequam
2989 2164 3189 2234 aliquid
3233 2164 3465 2225 iaceret,

1898 2269 2023 2315 ante
2042 2258 2235 2313 smcula
2261 2258 2499 2313 fundavit
2525 2273 2629 2315 me.
2649 2258 2705 2311 In
2734 2258 2906 2323 initio,
2928 2258 3238 2327 priusquam
3264 2263 3465 2308 terram

1898 2351 2140 2417 faceret,
2198 2350 2515 2419 priusquam
2554 2352 2882 2421 produceret
2935 2350 3113 2405 fontes
3163 2363 3463 2419 aquarum,

1902 2450 2195 2511 antequam
2236 2438 2586 2493 ﬁrmarentur
2615 2448 2824 2493 montes
2849 2479 2866 2506 ,
2904 2448 3030 2493 ante
3066 2452 3255 2492 omnes
3283 2444 3466 2490 autem

1899 2536 2069 2591 colles
2100 2541 2327 2603 generat
2352 2532 2500 2585 me“
2528 2532 2626 2601 (8).
2662 2550 2679 2583 ι
2718 2531 2934 2585 Dicitur
2972 2540 3149 2583 autem
3182 2539 3237 2583 et
3266 2528 3469 2598 primo-

1898 2628 2135 2698 genitus,
2162 2626 2302 2679 sicut
2326 2625 2463 2678 dixit
2485 2624 2807 2693 Apostolus:
2845 2642 2861 2674 t
2891 2622 2993 2689 Qui
3023 2632 3107 2677 est
3134 2620 3467 2690 primogeni-
3508 2640 3513 2646 ’

1901 2729 1987 2773 tus
2014 2719 2191 2771 omnis
2226 2724 2492 2770 creaturae
2521 2715 2586 2766 ".
2623 2733 2641 2764 ι
2700 2714 2810 2767 Nec
2841 2722 3023 2766 tamen
3070 2712 3210 2765 alius
3238 2721 3321 2764 est
3357 2709 3470 2779 pri—

1900 2808 2209 2877 mngenitus
2244 2821 2341 2875 per
2371 2817 2623 2858 naturam
2667 2818 2828 2871 quam
2868 2802 3156 2869 sapientia,
3199 2800 3290 2853 sed
3328 2813 3469 2854 unus

1898 2910 2060 2969 atque
2092 2899 2230 2953 idem
2262 2907 2367 2950 est.
2406 2896 2644 2965 Denique
2671 2904 2723 2947 et
2754 2894 3027 2963 apostolus
3053 2891 3252 2946 Paulus
3285 2891 3419 2945 dicit
3449 2908 3465 2944 :

1905 3010 1925 3045 ι
1954 2992 2204 3047 Christus
2235 2990 2327 3044 Dei
2358 2989 2531 3043 virtus
2582 2994 2635 3040 et
2668 2986 2761 3039 Dei
2814 2984 3077 3053 sapientia
3104 2982 3170 3036 ⁸³.
3212 3000 3231 3033 ι

1967 3084 2023 3139 2.
2054 3082 2222 3137 Nemo
2254 3091 2430 3135 tamen
2462 3088 2613 3148 putet
2644 3077 2847 3145 aliquid
2879 3091 2976 3130 nos
3003 3072 3464 3129 insubstantivum

1900 3159 2084 3228 dicere
2138 3186 2259 3226 cum
2295 3185 2418 3224 eum
2452 3168 2544 3222 Dei
2605 3167 2928 3236 sapientiam
2982 3164 3359 3224 nominamus;
3411 3158 3468 3213 id

1896 3274 2006 3329 est,
2046 3272 2103 3317 ut
2132 3261 2366 3330 exempli
2428 3274 2592 3314 causa
2641 3258 2929 3319 tinxerim,
2984 3253 3126 3323 quod
3182 3265 3303 3307 eam
3358 3265 3467 3304 non

1893 3354 2045 3409 velut
2088 3351 2287 3407 animal
2339 3350 2610 3419 quoddam
2666 3348 2908 3414 sapiens,
2942 3346 3036 3400 sed
3086 3358 3197 3397 rem
3230 3342 3467 3409 aliquam

1892 3462 2012 3517 quae
2051 3445 2324 3515 sapientes
2356 3442 2575 3505 etiiciat,
2623 3440 3009 3509 intelligamus,
3040 3438 3375 3506 praebentem
3408 3447 3470 3487 se

1895 3548 1949 3593 et
1979 3538 2253 3592 mentibus
2301 3536 2631 3588 inserentem
2687 3546 2875 3587 eorum
2946 3530 3036 3599 qtti
3085 3542 3315 3597 capaces
3357 3524 3471 3578 vir-

1897 3639 2070 3685 tutum
2106 3630 2225 3698 ejus
2273 3636 2438 3693 atqne
2491 3624 2864 3693 intelligentia:
2902 3622 3037 3674 ﬁunt
3073 3620 3170 3691 (9).
3218 3618 3273 3672 Si
3330 3631 3464 3688 ergo

1894 3723 2061 3778 semel
2094 3697 2242 3775 recte
2275 3727 2553 3786 receptum
2589 3725 2696 3780 est,
2734 3714 3074 3783 unigenitum
3103 3711 3301 3767 Filium
3348 3697 3520 3773 Dei,‘

1894 3813 2219 3885 sapientiam
2266 3809 2383 3878 ejus
2413 3822 2533 3862 esse
2562 3806 2997 3860 substantialiter
3049 3804 3465 3861 subsistentem,

1896 3908 2078 3963 nescio
2116 3906 2159 3960 si
2196 3904 2310 3974 jam
2344 3901 2483 3955 ultra
2532 3899 2756 3969 evagari
2809 3911 3000 3952 sensus
3049 3904 3237 3947 noster
3272 3893 3470 3947 debeat

1897 4001 1961 4054 ad
2012 3994 2424 4066 suspicandum,
2481 4007 2549 4047 ne
2605 3990 2743 4045 forte
2781 3991 2894 4058 ipsa
2930 3985 3254 4048 ὑπόστασις,
3285 3984 3338 4041 id
3391 3992 3474 4037 est

1898 4088 2206 4145 substantia
2241 4085 2358 4153 ejus
2388 4081 2499 4155 (l0)
2527 4095 2845 4150 corporeum
2869 4078 3074 4148 aliquid
3098 4075 3316 4141 habeat,
3348 4087 3469 4127 cum

1899 4195 2061 4235 omne
2088 4178 2234 4247 quod
2269 4188 2598 4243 corporeum
2629 4178 2733 4237 est,
2770 4168 2857 4223 vel
2906 4168 3120 4231 habitu,
3148 4164 3234 4219 vel
3270 4162 3473 4226 colore,

1902 4272 1982 4327 vel
2014 4268 2385 4340 magnitudine
2443 4266 2776 4334 designetur.
2813 4262 2880 4315 Et
2910 4260 3031 4329 quis
3078 4270 3319 4325 unquant
3353 4253 3472 4307 sani

1899 4376 2093 4418 sensus
2120 4360 2385 4421 habitum,
2417 4356 2501 4410 vel
2548 4355 2805 4417 colorem,
2847 4351 2934 4406 vel
2961 4360 3228 4404 mensura:
3261 4342 3473 4411 magni-

2623 4531 2666 4563 ”
2693 4529 2853 4593 Col.t,
2886 4528 2967 4586 l5.
3046 4527 3089 4558 ³³
3118 4523 3286 4579 lCor.
3318 4539 3357 4587 ι,
3381 4521 3473 4577 24.

246 4705 321 4773 (3)
352 4704 491 4771 Quae
524 4701 908 4760 naturaliter.
951 4699 1042 4756 Sic
1074 4716 1203 4757 mss.
1251 4701 1417 4768 Alias,
1454 4722 1471 4755 ι
1502 4706 1593 4774 qtti
1629 4715 1793 4762 natn—
1828 4714 1873 4768 ι)
1907 4722 1924 4756 t
1955 4713 2009 4756 et
2039 4696 2423 4774 intellectuale,
2456 4693 2731 4774 {quodin
2772 4685 3471 4774 mss._Odesideirlaturl.infra

186 4777 384 4830 raliter.
433 4797 453 4827 ι

249 4847 323 4917 (ιι)
357 4846 674 4899 Rationem
734 4840 927 4917 quippe
956 4840 1194 4917 da_b_i_mus
1221 4852 1611 4910 consequenter.
1649 4846 1795 4901 Ruti-

185 4910 280 4969 nns
306 4910 546 4970 'invect.
594 4917 621 4967 ‘l
693 4914 987 4981 adversus
1018 4910 1400 4981 Hieronymum
1443 4917 1687 4981 queritur
1726 4918 1794 4971 ab

188 4986 419 5040 inimicis
447 4988 577 5041 suis
619 4984 892 5037 falsatam
922 4979 1085 5051 fuisse
1117 4979 1362 5034 hoc‘loco
1393 4979 1795 5051 interpretatio-

188 5071 302 5109 nem
330 5073 495 5108 suam
522 5072 539 5107 :
580 5078 600 5106 ι
630 5055 754 5108 Pro
778 5066 869 5113 eo,
916 5050 1106 5116 inquit,
1135 5052 1274 5117 quod
1295 5067 1392 5105 nos
1426 5050 1745 5122 scripsimus
1772 5070 1786 5107 :

186 5129 442 5179 rationem
488 5127 728 5196 quippe!
756 5123 1036 5196 dabimus
1064 5130 1470 5196 consequenter;
1521 5124 1595 5177 illi
1653 5126 1791 5177 scri-

188 5209 453 5263 pserunt:
500 5189 766 5249 non‘tibi
807 5189 1248 5263 8_latim_itttpium_
1269 5190 1345 5241 vel
1382 5194 1671 5245 absurdum
1718 5194 1795 5247 vi-

188 5258 371 5319 deatur
403 5282 558 5327 esse,
587 5265 739 5333 quia
792 5261 932 5312 sicut
986 5258 1423 5333 Eiliusﬂlg’atrem
1487 5280 1591 5316 non
1635 5265 1790 5327 videt,

187 5334 255 5388 ita
274 5352 374 5403 nec
418 5328 695 5404 Spiriius
734 5340 950 5404 structus
978 5330 1107 5404 videt
1145 5328 1414 5404 Filium.»
1456 5333 1654 5404 Verum
1693 5347 1793 5386 nec

192 5406 240 5457 in
273 5399 433 5461 libris
459 5399 644 5458 antea
703 5401 895 5460 editis,
932 5414 1028 5452 nec
1064 5399 1113 5451 itt
1142 5415 1266 5453 tnss.
1307 5402 1469 5455 ullum
1500 5403 1662 5458 hodie
1694 5417 1790 5455 su—

192 5487 365 5540 perest
401 5473 712 5542 ejusmodi
752 5469 1171 5542 adulterationis
1204 5472 1504 5540 vestigium.

256 5547 330 5615 (5)
361 5539 461 5602 Sic
498 5558 653 5615 mss.
689 5540 855 5615 AAlias
881 5578 897 5604 ,
941 5558 958 5589 ι
990 5539 1038 5615 id
1063 5550 1144 5591 est
1174 5555 1292 5615 cunt
1338 5539 1534 5595 virtute
1586 5540 1787 5595 intelli-

194 5609 382 5682 gentia-
414 5614 652 5682 aliquid
686 5609 1071 5664 intellectualis
1096 5610 1379 5675 conjicere.
1414 5631 1431 5662 ι

257 5687 330 5756 (ὃ)
363 5687 432 5740 In
459 5684 631 5737 nobis
660 5695 835 5756 unum
859 5696 1015 5756 genus
1038 5695 1276 5732 sensuum
1300 5681 1531 5735 mortale.
1553 5682 1627 5735 lla
1655 5694 1784 5737 mss.

194 5751 336 5811 Alias
371 5760 544 5811 deest
609 5772 629 5802 ι
673 5753 736 5803 in
780 5751 977 5812 nobis,
1006 5767 1023 5799 ι
1079 5758 1132 5802 et
1184 5768 1203 5801 ε
1236 5766 1399 5818 genus
1442 5767 1721 5806 sensuum.
1762 5768 1779 5799 ι

194 5825 353 5883 l'aulo
392 5837 525 5895 post
564 5822 714 5878 libri
762 5820 890 5872 editi
942 5829 1060 5889 post
1092 5838 1109 5872 ι
1146 5821 1470 5889 immortale,
1507 5840 1524 5873 ι
1558 5821 1788 5885 addunt,

1904 4788 2034 4827 mss.
2066 4790 2084 4821 ι
2119 4757 2457 4824 abundanter
2490 4757 2756 4816 invenies.
2794 4779 2813 4812 ι
2852 4759 3030 4822 Alias,
3065 4775 3084 4809 ι
3106 4757 3475 4811 abundantius

1902 4842 2171 4897 invenies.
2227 4856 2246 4889 ι
2302 4834 2469 4889 Paulo
2524 4842 2875 4901 postmss.,
2925 4848 2954 4901 At,
2980 4841 3127 4881 nunc
3177 4828 3310 4896 quid
3368 4828 3471 4881 sibi

1900 4913 2055 4967 velit.
2094 4929 2111 4963 ι
2148 4908 2316 4966 Alias.
2347 4922 2364 4954 t
2400 4899 2551 4956 Tunt:
2582 4900 2674 4969 qui
2712 4900 2812 4953 sibi
2855 4899 3002 4953 velit.
3035 4915 3054 4948 ι

2100 4980 2191 5051 Sic
2228 4963 2361 5030 mss.
2396 4973 2569 5034 Alias,
2599 4963 2645 5020 ἰ
2693 4972 2839 5051 quod
2878 4970 2981 5023 aiia
3008 4963 3469 5051 _cst"in_Christo

1899 5034 2119 5105 deitatis
2143 5049 2263 5117 ejus
2304 5052 2495 5097 natura
2529 5055 2650 5110 quae
2702 5034 2915 5095 est....
2971 5045 3028 5093 et
3082 5034 3189 5089 alia
3230 5038 3469 5089 humana

1902 5136 2086 5190 quant,
2115 5138 2145 5190 4»
2177 5128 2282 5171 etC.

1972 5191 2048 5258 (8)
2075 5174 2210 5241 'Mss.
2236 5225 2251 5249 ,
2295 5201 2313 5234 ι
2349 5188 2570 5258 generat
2610 5195 2725 5258 _me._
2760 5200 2779 5233 ι
2816 5176 3014 5258 Alias,“
3039 5193 3067 5255 ι.
3087 5174 3274 5257 genuit
3307 5189 3408 5255 nte.
3442 5193 3460 5225 ι

1902 5244 2072 5312 Ρειύιό
2113 5244 2247 5327 post
2277 5244 2431 5327 mss,
2471 5268 2490 5300 ι
2529 5249 2621 5303 Dei
2658 5252 2846 5327 _t'irt_ns
2877 5254 2932 5301 et
2977 5244 3070 5300 Dei
3115 5245 3400 5314 sapientia.
3437 5264 3454 5295 ι

1895 5328 2065 5391 Alias,
2100 5320 2127 5377 ι’
2147 5326 2239 5379 Dei
2271 5324 2444 5376 virtus
2469 5329 2523 5372 et
2558 5320 2847 5391 sapientia.
2884 5336 2903 5369 θ

1966 5389 2169 5466 (ωδῆς
2200 5408 2327 5466 mss.
2358 5392 2528 5466 Alias,
2557 5408 2587 5466 μ
2622 5389 2849 5466 fuerint.
2882 5406 2901 5440 ι

1963 5454 2075 5536 (10)
2109 5464 2189 5518 Ne
2227 5464 2362 5536 forte
2403 5461 2523 5536 ipso
2548 5459 2874 5523 ὑπόστασις,
2930 5457 2985 5509 id
3032 5466 3105 5509 est
3154 5454 3448 5536 substun'iu

1894 5524 2033 5607 ejus,
2058 5524 2141 5589 ἰω
2175 5524 2303 5587 mss.
2336 5534 2388 5607 i_t_t
2418 5524 2614 5607 quibus
2640 5537 3190 5607 tattten_ante.voccm
3225 5524 3461 5607 0-243qu

1896 5594 1979 5670 ὄις
2006 5614 2278 5671 comparet
2309 5600 2417 5671 alia
2437 5594 2543 5652 'vox
2577 5599 2761 5653 Graeca
2806 5599 2884 5652 sic
2910 5596 3179 5671 delin_eata
3204 5636 3218 5660 ,
3248 5594 3458 5671 ΙΡΙΥΑ2

1899 5662 2018 5745 φίλι’
2049 5662 2175 5744 quid
2208 5672 2310 5745 sibi
2345 5670 2470 5745 velit
2507 5686 2573 5745 n_e
2624 5671 2935 5745 conjectura
2978 5666 3189 5745 quident
3220 5678 3367 5745 .asse
3392 5662 3456 5729 |ni

1901 5734 2119 5816 possunt
2151 5783 2187 5816 ,7
2211 5744 2310 5796 nisi
2366 5740 2502 5816 forte
2538 5734 2795 5816 lega_tttr:_
2823 5736 2955 5816 ᾔδεα.
3009 5735 3062 5816 _ln
3112 5734 3263 5813 libris
3300 5743 3459 5811 antea

1900 5803 2062 5872 inlitis
2093 5803 2307 5883 legitur,
2338 5828 2356 5862 ι
2382 5827 2448 5866 ne
2480 5803 2614 5863 forte
2650 5810 2761 5874 ipsa
2784 5808 2916 5863 idea:
2940 5804 3240 5861 substantia
3271 5803 3403 5870 ejus.
3438 5818 3456 5851 ι
