3992 6540
590 423 687 479 131

1816 412 2138 471 ORIGENIS

2264 415 2328 468 PI
2362 414 2594 467 ΑΡΧΩΝ
3720 416 3805 470 1ῧὲ

587 543 827 596 tudinem
856 539 964 612 54
1016 541 1068 594 in
1100 538 1365 608 sapientia
1418 534 1703 605 requisivit
1751 549 1846 603 per
1877 534 1979 589 hoc
2012 533 2153 602 quod
2184 538 2229 593 Α
2262 533 2479 591 dicitur,
2506 531 2719 601 species
2752 530 2963 585 scilicet
2985 528 3037 583 in
3070 543 3129 583 se
3156 538 3210 584 et
3237 529 3389 583 initia
3419 532 3583 585 totius
3606 530 3808 599 praifor-

583 635 847 703 sapientia
873 634 993 688 est?
1015 631 1295 698 Quomodo
1316 639 1493 685 autem
1518 639 1671 682 extra
1697 626 1857 692 hujus
1878 627 2152 696 sapientia:

583 728 987 798 generationem
1042 724 1210 777 fuisse
1238 719 1527 789 aliquando
1556 720 1726 773 Deum
1763 717 1979 771 Patrem
2014 717 2150 785 (Η),

584 824 666 878 vel
701 820 767 874 ad
813 826 1069 887 punctum
1095 815 1349 870 momenti
1380 813 1629 883 alicujus,
1665 812 1786 880 quis
1824 818 2001 879 potest
2030 824 2156 861 scn-

587 917 689 969 tire
709 912 790 967 vel
820 910 1067 975 credere,
1094 908 1185 977 qui
1209 916 1388 960 tamen
1416 907 1560 975 pium
1580 905 1780 973 aliquid
1814 903 1882 957 de
1906 902 2014 955 Deo
2040 898 2153 971 (l2)

590 1006 900 1073 intelligere
932 1001 1164 1065 noverit,
1201 997 1281 1051 vel
1314 997 1557 1050 sentire?
1586 997 1693 1049 Aut
1745 996 1887 1049 enim
1920 1010 2024 1045 non
2056 1007 2151 1059 po-

587 1099 754 1151 tuisse
800 1096 967 1149 Deum
1026 1093 1165 1146 dicet
1201 1102 1465 1158 generare
1496 1088 1817 1156 sapientiam
1866 1094 2152 1153 antequam

586 1196 897 1258 generaret,
934 1194 991 1237 nt
1026 1198 1143 1235 eam
1173 1196 1293 1250 quae
1339 1192 1463 1233 ante
1503 1195 1607 1233 non
1637 1189 1755 1233 erat
1782 1219 1797 1242 ,
1846 1187 2033 1246 postea
2063 1190 2155 1244 ge-

587 1282 767 1336 nuerit
794 1292 852 1334 ut
885 1286 1065 1341 esset;
1099 1286 1191 1330 aut
1226 1276 1466 1345 potuisse
1516 1274 1735 1341 quidem
1765 1282 1837 1333 et,
1871 1271 2017 1338 quod
2046 1268 2155 1323 diei

586 1372 653 1423 de
687 1371 795 1424 Deo
850 1368 1004 1423 nefas
1035 1377 1139 1431 est,
1170 1368 1407 1420 noluisse
1435 1377 1734 1434 generare:
1775 1364 1917 1431 quod
1944 1372 2155 1415 utrum-

585 1476 690 1528 que
729 1469 783 1512 et
822 1458 1119 1512 absurdum
1147 1471 1264 1511 esse
1289 1464 1342 1508 et
1375 1454 1593 1523 impium
1618 1452 1869 1507 omnibus
1898 1458 2074 1519 patet;
2102 1449 2153 1504 id

586 1561 668 1605 est
692 1559 749 1604 ut
773 1560 867 1603 aut
891 1564 956 1603 ex
1008 1564 1073 1603 eo
1097 1548 1239 1617 quod
1268 1562 1373 1602 non
1394 1544 1581 1615 potuit
1606 1544 1744 1597 Deus
1774 1542 2066 1611 proficeret
2097 1544 2154 1591 ut

587 1652 802 1711 posset,
835 1652 926 1695 aut
959 1657 1081 1695 cum
1118 1649 1298 1710 posset
1327 1679 1343 1703 ,
1397 1636 1768 1693 dissimularet
1818 1649 1883 1687 ac
1912 1631 2155 1685 differret

592 1750 852 1805 generare
903 1734 1248 1801 sapientiam.
1308 1731 1534 1799 Propter
1586 1728 1730 1797 quod
1788 1741 1886 1779 nos
1938 1737 2155 1791 semper

591 1827 757 1881 Deum
790 1823 1007 1877 Patrem
1043 1823 1291 1877 novimus
1333 1819 1593 1889 unigeniti
1632 1816 1752 1871 Filii
1796 1816 1875 1870 sui
1898 1856 1913 1879 ,
1942 1830 2008 1869 ex
2038 1815 2152 1883 ipso

586 1917 803 1987 quidem
838 1917 971 1982 uati,
996 1926 1048 1970 et
1074 1915 1216 1985 quod
1246 1924 1331 1968 est
1356 1914 1424 1967 ab
1450 1914 1563 1981 ipso
1592 1909 1876 1973 trahentis,
1904 1909 2023 1962 sine
2048 1906 2158 1959 ullo

586 2019 765 2064 tamen
800 2009 974 2071 initio,
1026 2022 1132 2061 non
1162 2006 1336 2059 solum
1363 2021 1429 2059 eo
1459 2001 1603 2073 quod
1635 2002 1910 2071 aliquibus
1946 2009 2157 2067 tempo-

590 2119 709 2155 rum
739 2101 932 2168 spatiis
982 2099 1243 2168 distingui
1292 2107 1512 2167 potest,
1570 2097 1664 2149 sed
1695 2109 1762 2148 ne
1815 2093 1907 2146 illo
1937 2094 2156 2162 quidem

585 2195 729 2263 quod
760 2193 871 2245 sola
898 2190 1013 2261 (l3)
1047 2190 1185 2259 apud
1209 2190 1555 2256 semetipsam
1587 2200 1740 2240 mens
1771 2185 1966 2238 intueri
1995 2183 2157 2249 solet,

586 2294 640 2338 et
691 2286 834 2336 nudo
860 2323 875 2348 ,
913 2292 966 2334 ut
998 2283 1068 2334 ita
1098 2281 1325 2335 dixerim
1347 2319 1361 2344 ,
1396 2278 1670 2332 intellectu
1701 2316 1716 2341 ,
1771 2286 1936 2343 atque
1977 2276 2161 2330 animo

585 2375 915 2443 conspicari.
953 2374 1117 2426 Extra
1154 2387 1314 2427 omne
1346 2385 1480 2437 ergo
1513 2371 1657 2438 quod
1686 2368 1770 2422 vel
1797 2368 1932 2432 dici,
1969 2366 2052 2419 vel
2082 2369 2161 2423 in-

588 2466 749 2535 telligi
780 2473 954 2534 potest
991 2466 1200 2518 initium
1230 2470 1540 2533 generatam
1567 2475 1689 2516 esse
1718 2459 2048 2514 credendum
2078 2466 2162 2512 est

588 2560 933 2627 sapientiam.
959 2558 1014 2611 In
1050 2557 1153 2611 hac
1182 2557 1293 2625 ipsa
1325 2571 1455 2624 ergo
1479 2554 1760 2623 sapientia:
1785 2552 2159 2614 subsistentia,

587 2649 711 2714 quia
737 2648 919 2702 omnis
945 2648 1118 2700 virtus
1145 2660 1207 2699 ac
1231 2642 1557 2697 deformatio
1585 2642 1778 2695 fulttt‘a’
1802 2641 1978 2695 inerat
2009 2655 2159 2695 crea-

588 2749 724 2793 turae
748 2781 762 2803 ,
800 2740 881 2792 vel
916 2753 1102 2792 eorum
1145 2751 1263 2805 qua:
1296 2734 1674 2804 principaliter
1716 2732 2024 2797 exsistunt,
2076 2730 2159 2783 vel

584 2846 772 2885 eorum
799 2845 917 2899 quae
940 2829 1191 2883 accidunt
1219 2834 1620 2893 consequenter
1645 2825 1844 2877 virtute
1868 2822 2161 2891 praescien—

589 2923 677 2976 tia:
711 2922 1056 2991 praeformata
1096 2926 1257 2988 atque
1299 2917 1585 2985 disposita,
1624 2932 1723 2983 pro
1754 2916 1837 2968 his
1883 2914 2014 2980 ipsis
2040 2926 2161 2981 qua:

583 3012 637 3066 in
696 3014 815 3084 ipsa
850 3010 1119 3081 sapientia
1170 3009 1319 3062 velut
1371 3007 1657 3074 descripta:
1689 3019 1753 3059 ac
1801 3006 2163 3072 praefigurata

587 3104 803 3159 fuerant
826 3105 1098 3158 creaturis
1120 3100 1254 3170 (14),
1281 3100 1515 3167 seipsatn
1540 3112 1634 3166 per
1659 3096 2003 3151 Salomouem
2030 3094 2161 3149 dicit

583 3204 823 3249 creatam
869 3209 989 3247 esse
1021 3192 1287 3261 sapientia
1318 3189 1531 3243 initium
1566 3188 1777 3240 viarum
1826 3186 1944 3251 Dei,
1981 3184 2158 3240 conti-

586 3296 723 3338 nens
748 3282 958 3337 scilicet
987 3281 1038 3334 iu
1081 3280 1375 3349 semetipsa
1430 3280 1698 3333 universae
1754 3285 2015 3332 creatura:
2075 3276 2160 3332 vel

590 3375 770 3440 initia,
826 3374 909 3427 vel
951 3373 1174 3437 formas,
1207 3371 1288 3425 vel
1325 3371 1553 3439 species.

694 3464 750 3517 5.
802 3461 957 3528 Quali
993 3469 1174 3513 autem
1233 3460 1393 3512 modo
1430 3455 1792 3512 intelleximus
1840 3454 2159 3524 sapientiam

590 3553 804 3607 initium
860 3554 1069 3606 viarum
1108 3551 1201 3605 Dei
1229 3565 1387 3615 esse,
1422 3558 1477 3605 et
1509 3550 1780 3619 quomodo
1831 3536 2162 3603 creataesse

663 3693 1031 3761 "Joan.t,i.

593 3814 762 3871 Paulo
790 3822 907 3883 post
944 3828 1097 3874 mss.,
1136 3832 1154 3863 ι
1202 3816 1255 3868 in
1287 3813 1553 3881 sapientia
1584 3812 1891 3882 requisivit.
1924 3831 1942 3865 ι
1977 3814 2149 3878 Alias,

596 3903 619 3937 ι
650 3886 703 3939 in
735 3885 998 3953 sapientia
1031 3884 1127 3953 Dei
1162 3885 1467 3953 requisivit.
1507 3902 1526 3935 ι

662 3956 774 4026 (Η)
809 3952 1082 4026 Quomodo
1115 3952 1288 4026 nutent
1318 3965 1471 4026 extra
1504 3953 1663 4026 hujus
1698 3952 1971 4021 sapienliw
1994 3969 2157 4026 gone-3

591 4021 849 4077 rationem
878 4025 1038 4092 fuisse
1075 4025 1359 4091 aliquando
1384 4022 1548 4092 Deum
1584 4022 1818 4086 Patrem,
1854 4031 1957 4074 etc.
1989 4021 2044 4075 Si
2069 4021 2155 4076 cui

594 4097 736 4149 {orte
768 4090 1012 4163 suspecta
1053 4093 1125 4147 sit
1164 4090 1267 4147 hoc
1298 4093 1416 4147 loco
1450 4090 1628 4146 Rufini
1661 4095 1815 4155 fides,
1846 4100 1899 4143 et
1930 4106 2158 4160 expres-

592 4168 738 4217 siora
772 4173 1109 4233 putetquam
1142 4163 1475 4233 utOrigenis
1522 4164 1649 4227 sint,
1698 4164 2155 4233 lnecqargumeuta

594 4230 790 4300 quibus
842 4230 1114 4286 mteruitas
1143 4233 1280 4287 Filio
1317 4230 1411 4285 Dei
1439 4233 1772 4295 vindicatur,
1806 4230 1849 4284 is
1877 4232 2018 4299 legat
2051 4230 2156 4282 alia

596 4302 1017 4373 ἰσοδυναμοῦντα
1060 4301 1310 4371 Origeuis
1353 4304 1511 4373 verba
1538 4318 1656 4369 qua:
1692 4304 1855 4355 refert
1879 4300 2161 4373 Marcellus

593 4372 915 4441 Ancyrauus
940 4374 1081 4441 apud
1123 4373 1415 4441 Eusebium
1442 4372 1534 4425 lib.
1567 4387 1582 4423 ι
1608 4373 1868 4441 adversus
1892 4372 2158 4441 eumdem

594 4433 928 4512 Marcellum,
960 4433 1080 4512 cap.
1113 4444 1170 4505 Δ,
1208 4457 1333 4509 pag.
1359 4440 1429 4493 22
1452 4457 1474 4512 εν
1503 4442 1576 4493 UO
1617 4440 1785 4512 γὰργὸ
1814 4440 1943 4502 Θεὸς
1972 4440 2161 4512 Πατὴρ

591 4510 730 4585 εἶναι
772 4513 999 4585 ἤρξατο,
1024 4509 1417 4585 ξκωλρόμςνοί,
1450 4511 1525 4585 ὡς
1550 4512 1599 4585 οι
1630 4511 1900 4585 γινόμενοι
1930 4509 2161 4585 πατέρες

591 4577 896 4653 ἄπλορωτὲοι,
944 4582 1048 4635 ὑπὸ
1095 4582 1188 4634 τοῦ
1229 4577 1306 4653 ’μὴ
1336 4581 1593 4653 δύνασθαί
1623 4577 1705 4633 πω
1736 4577 2157 4653 πατέρες-εἶναι.

585 4658 678 4725 Eb
697 4650 803 4725 γὰρ
821 4655 906 4725 ἀεὶ
928 4653 1127 4725 τέλειος
1149 4655 1178 4725 ῥ
1198 4650 1348 4717 Θεδς,
1369 4652 1463 4725 καὶ
1491 4652 1753 4725 capacem
1776 4650 1923 4725 αξιτῷ
1938 4650 2164 4725 ᾷρναμις

588 4722 681 4793 τοῦ
708 4717 925 4793 Πατέρα
945 4724 1105 4777 αὐτὸν
1130 4719 1289 4784 εἶναι,
1304 4724 1397 4774 κα)⁵
1412 4717 1585 4793 καλὸν
1609 4721 1767 4773 αὑτὸν
1789 4717 1924 4774 εἶναι
1947 4717 2164 4793 Πατέρα

587 4792 683 4847 τοῦ
717 4789 955 4845 τοιούτου
992 4793 1121 4845 Υἱοῦ
1143 4833 1156 4855 ,
1188 4794 1239 4845 τί
1286 4792 1641 4845 ἀναϐάλλεται
1662 4832 1675 4854 ,
1708 4793 1801 4843 καὶ
1837 4791 2027 4843 ἑαυτὸν
2070 4789 2161 4842 τοῦ

589 4862 756 4933 καλοῦ
782 4864 1059 4933 στῃρίσκει
1078 4904 1091 4926 ,
1128 4864 1220 4915 καὶ⁵
1254 4863 1328 4925 ὼς
1364 4864 1508 4915 ἔστιν
1534 4865 1736 4924 εἰπεῖν,
1776 4861 1833 4924 ἐξ
1858 4856 1918 4933 οὗ
1944 4860 2162 4933 δύναται

592 4932 781 5003 Πατὴρ
819 4929 957 4986 εἶναι
990 4933 1157 4995 Υἱοῦς
1205 4933 1276 4985 Τὸ
1308 4935 1439 4986 αὐτὸ
1481 4934 1727 5002 μέντοιγε
1784 4932 1877 4983 καὶ
1909 4931 2037 5001 περὶ
2068 4929 2160 5003 τοῦ

591 5002 763 5072 ἁγίοψ
797 5002 1106 5072 Πνεύματος
1156 5004 1391 5057 λεκτέον.
1439 5022 1456 5053 ι
1497 5004 1612 5057 Non
1643 5004 1782 5055 enim
1818 5003 1957 5072 Deus
1999 5002 2159 5067 C(Bpil

592 5088 713 5125 esse
744 5070 921 5138 Pater,
946 5070 1010 5126 eo
1038 5074 1179 5140 quod
1207 5115 1222 5139 ,
1268 5083 1326 5126 ut
1368 5075 1509 5126 inter
1538 5072 1788 5127 homines
1821 5071 1938 5125 fieri
1996 5072 2156 5131 solet,

592 5144 747 5196 Pater
770 5157 895 5211 esse
924 5144 1263 5211 nequiverat.
1291 5143 1424 5197 Nam
1456 5143 1501 5197 si
1531 5157 1744 5209 semper
1769 5143 2045 5210 perfectus
2068 5155 2159 5192 ex-

594 5213 730 5264 stitit
766 5210 928 5276 Deus,
961 5210 1309 5280 potestasque
1344 5214 1393 5267 ei
1427 5214 1530 5267 fuit
1562 5229 1663 5281 qua
1698 5212 1855 5266 fieret
1884 5211 2066 5281 Pater.
2093 5225 2157 5263 ac

594 5281 792 5333 bonum
818 5294 901 5336 est
928 5283 1075 5335 illum
1102 5279 1233 5336 esse,
1256 5284 1466 5337 Patrem
1496 5279 1617 5337 talis
1655 5282 1793 5342 Filii.
1825 5298 1922 5335 cur
1950 5279 2155 5343 diflert,

591 5361 642 5421 ct
668 5366 734 5403 ex
769 5368 876 5419 quo
910 5353 1030 5406 Filii
1065 5362 1241 5421 potest
1282 5368 1404 5407 esse
1455 5353 1614 5407 Pater
1642 5395 1657 5419 ,
1692 5354 1951 5420 'seipsnm
2002 5360 2154 5403 tanto

592 5420 733 5491 bono
760 5424 978 5491 privat?
1012 5424 1155 5475 Idem
1189 5424 1355 5477 etiam
1394 5424 1678 5476 dicemlum
1711 5426 1776 5477 de
1808 5433 1997 5476 sancto
2031 5421 2156 5486 Spi-

593 5490 721 5543 ritu.
758 5490 776 5542 ι
814 5494 945 5547 Vide
971 5494 1188 5561 insuper
1219 5494 1319 5546 alia
1353 5494 1603 5559 Origenis
1633 5494 1749 5548 loca
1788 5508 1909 5560 qua:
1944 5491 2156 5558 profert

589 5562 920 5616 Athanasius
943 5564 1034 5620 lib.
1068 5563 1142 5615 De
1170 5564 1394 5617 decretis
1432 5561 1665 5616 Nica’uw
1688 5580 1827 5631 syra,
1862 5580 1913 5632 p.
1949 5561 2074 5624 255,
2104 5570 2158 5613 et

590 5632 880 5756 qttazrsinfra
910 5636 1144 5703 reperies
1176 5634 1268 5687 litt.
1300 5650 1351 5688 tv
1376 5634 1451 5688 De
1480 5633 1778 5703 principiis,
1812 5636 1862 5686 in
1913 5633 2057 5685 notis
2088 5632 2153 5683 ad

592 5714 644 5749 n.
762 5742 771 5752 .

592 5714 644 5749 It.
679 5714 771 5752 28.

663 5772 773 5840 (1:)
816 5773 889 5827 De
920 5772 1048 5827 Dea.
1086 5774 1211 5829 Πλιιο
1236 5775 1431 5828 desunt
1478 5777 1529 5826 in
1584 5774 1714 5829 libb.
1764 5784 1921 5828 antea
1959 5770 2150 5834 editis,

586 5846 680 5893 sed
705 5855 915 5899 exstant
948 5847 997 5898 in
1018 5847 1267 5901 omnibus
1294 5862 1425 5901 mss.
1450 5844 1615 5900 Paulo
1637 5858 1758 5914 post
1784 5862 1940 5911 inss.,
1967 5863 1983 5893 ι
2011 5844 2153 5910 quod

2263 638 2420 676 mans
2450 632 2505 677 et
2541 622 2828 676 continens
2852 631 3155 687 creatum;
3189 622 3291 675 hoc
3315 622 3478 675 etiam
3506 624 3660 676 modo
3692 621 3809 677 Vero

2262 714 2387 766 bum
2425 712 2517 765 Dei
2549 727 2669 765 eam
2716 727 2841 767 esse
2874 710 3281 781 intelligendum
3315 721 3397 767 est
3435 724 3528 779 per
3556 713 3656 765 hoc
3681 714 3804 780 quod

2270 804 2382 871 ipsa
2430 804 2643 857 caeteris
2696 804 2985 868 omnibus,
3037 804 3087 858 id
3132 816 3215 859 est
3266 804 3531 858 universa:
3569 815 3810 858 creatura!

2258 897 2646 965 mysteriorum
2693 905 2747 950 ct
2781 912 3108 951 arcanorum
3145 898 3433 959 rationem,
3477 911 3595 963 quae
3639 896 3807 966 utique

2259 987 2403 1040 intra
2451 988 2539 1041 Dei
2570 987 2887 1057 sapientiam
2938 990 3307 1053 continentur,
3343 989 3546 1057 aperiat
3581 1003 3595 1042 :
3648 1001 3695 1044 et
3729 1006 3810 1059 per

2257 1079 2363 1135 hoc
2396 1078 2642 1134 Verbum
2686 1080 2904 1145 dicitur,
2952 1082 3078 1149 quia
3113 1084 3184 1137 sit
3215 1091 3469 1150 tanquam
3507 1096 3810 1135 arcanorum

2271 1170 2470 1224 mentis
2496 1171 2782 1237 interpres.
2812 1169 2966 1225 Unde
2998 1180 3052 1225 et
3079 1184 3226 1227 recte
3259 1174 3389 1225 mihi
3415 1172 3592 1226 dictus
3623 1172 3811 1226 videtur

2263 1271 2444 1309 sermo
2486 1256 2575 1309 ille
2616 1258 2706 1324 qui
2740 1258 2790 1310 in
2841 1259 3065 1313 Actibus
3111 1260 3261 1313 l’auli
3306 1262 3543 1330 scriptus
3585 1271 3664 1315 est
3693 1261 3813 1328 (l5),

2258 1351 2385 1417 quia
2443 1367 2462 1399 ι
2495 1348 2579 1402 hic
2611 1359 2691 1403 est
2730 1349 2966 1405 Verbum
3029 1351 3227 1405 animal
3266 1351 3487 1409 Vivens.
3526 1372 3545 1405 ι
3602 1353 3815 1408 Joannes

2262 1455 2392 1494 vero
2428 1440 2700 1495 excelsius
2722 1450 2778 1497 et
2808 1441 3124 1510 praeclarius
3156 1443 3207 1496 iu
3251 1444 3407 1498 initio
3433 1444 3703 1515 Evangelii
3742 1445 3814 1501 sui

2255 1531 2409 1597 dicit,
2448 1534 2668 1601 pr0pria
2700 1534 3018 1588 deﬁnitione
3052 1536 3221 1588 Deum
3254 1551 3377 1589 esse
3407 1536 3672 1591 definiens
3695 1537 3813 1592 Ver-

2258 1624 2406 1683 bmn,
2434 1623 2657 1678 dicens:
2701 1642 2719 1675 ι
2760 1624 2825 1679 Et
2862 1626 3004 1679 Deus
3036 1636 3156 1680 erat
3185 1625 3465 1692 Verbum,
3510 1628 3687 1682 ethoc
3713 1637 3816 1682 erat

2258 1712 2314 1765 in
2351 1713 2506 1766 initio
2551 1714 2691 1781 apud
2744 1714 2912 1768 Deum
2963 1716 3027 1769 ³⁵.
3066 1735 3086 1768 ι
3137 1715 3241 1782 Qui
3275 1726 3458 1770 autent
3508 1717 3715 1771 initium
3740 1720 3816 1773 dat

2261 1802 2436 1857 Verbo
2463 1803 2580 1870 Dei,
2615 1804 2695 1858 vel
2723 1805 3005 1874 sapientia!
3054 1807 3181 1869 Dei,
3222 1809 3434 1863 intuere
3467 1825 3536 1864 ne
3571 1810 3735 1879 magis
3766 1811 3809 1863 in

2266 1898 2441 1965 ipsum
2473 1897 2773 1964 ingenitum
2824 1898 3037 1953 Patrem
3090 1899 3422 1969 impietatem
3453 1916 3613 1955 suam
3640 1902 3813 1968 jactet.

2266 2005 2389 2043 cum
2421 2004 2546 2042 eum
2584 1998 2741 2058 neget
2775 2003 2993 2058 semper
3025 1989 3253 2045 Patrem
3290 1990 3459 2046 fuisse
3501 2002 3557 2046 et
3585 1993 3820 2059 genuisse

2266 2079 2528 2146 Verbum,
2567 2091 2621 2135 et
2652 2081 2911 2136 habuisse
2939 2083 3261 2151 sapientiam
3299 2084 3352 2137 in
3398 2084 3651 2139 onmibus
3678 2093 3816 2138 ante-

2265 2174 2501 2226 rioribus
2530 2213 2545 2237 ,
2588 2173 2669 2226 vel
2710 2175 3077 2241 temporibus,
3116 2175 3198 2228 vel
3226 2174 3441 2230 saeculis
3465 2216 3481 2241 ,
3519 2177 3604 2230 vel
3631 2177 3673 2231 si
3704 2179 3818 2246 quid

2263 2262 2398 2317 illud
2427 2272 2512 2317 est
2545 2264 2687 2333 quod
2712 2264 2978 2317 nominari
3013 2274 3222 2333 potestr

2333 2357 2387 2410 4.
2422 2354 2516 2410 llic
2539 2371 2668 2427 ergo
2692 2356 2861 2411 Filius
2883 2358 3046 2411 etiam
3074 2358 3314 2412 onmium
3341 2375 3460 2427 quae
3488 2368 3617 2413 sunt
3642 2359 3821 2415 veritas

2263 2456 2347 2502 est
2373 2455 2427 2504 et
2454 2449 2605 2511 vita;
2659 2457 2711 2502 et
2745 2458 2912 2503 recte.
2960 2448 3091 2502 Nam
3143 2452 3411 2518 quomodo
3448 2450 3817 2521 vivereuttlﬁ)

2263 2554 2385 2608 quae
2416 2539 2558 2593 facta
2592 2550 2738 2605 sunt,
2772 2542 2874 2594 nisi
2903 2556 2971 2595 ex
3001 2542 3147 2595 vita?
3184 2542 3278 2595 Vel
3302 2545 3578 2611 quomodo
3613 2545 3825 2598 veritate

2264 2642 2582 2687 ecustarcnt
2614 2648 2676 2687 ea
2709 2648 2829 2701 qua:
2853 2646 3001 2697 sunt,
3042 2636 3143 2688 nisi
3175 2651 3240 2688 ex
3271 2638 3501 2691 veritate
3550 2636 3825 2691 descende-

2269 2725 2551 2781 rent?Ve|
2587 2728 2861 2795 quomodo
2896 2728 3250 2783 rationabiles
3281 2740 3502 2800 possent
3538 2746 3662 2786 esse
3708 2732 3823 2786 sub«

2265 2818 2520 2885 stantize,
2573 2820 2677 2873 nisi
2728 2818 2965 2874 Verbum
3027 2824 3105 2875 vel
3153 2824 3289 2877 ratio
3344 2828 3710 2892 prmeederct?
3743 2825 3825 2880 Vel

2262 2911 2534 2979 quomodo
2562 2924 2815 2982 saperent
2835 2912 2969 2983 (l7),
3001 2916 3106 2969 nisi
3138 2926 3283 2972 eSset
3307 2918 3616 2985 sapientia?
3644 2918 3823 2972 Verum

2264 3004 2527 3072 quoniam
2565 3003 2804 3059 futurum
2834 3016 2953 3062 erat
2994 3020 3050 3062 ut
3084 3010 3246 3061 etiam
3280 3010 3774 3078 deciderentaliqui
3799 3022 3824 3061 a

2266 3092 2397 3157 vita,
2434 3102 2491 3147 et
2515 3105 2744 3150 mortem
2770 3098 2873 3151 sibi
2910 3098 3007 3167 ipsi
3038 3099 3443 3154 consciscerent
3490 3100 3630 3169 (l8).
3657 3115 3720 3152 ex
3769 3113 3826 3152 eo

2268 3180 2386 3248 ipso
2420 3184 2564 3252 quod
2620 3198 2651 3237 a
2705 3185 2819 3238 vita
2860 3186 3168 3241 deciderent
3208 3187 3358 3257 (non
3400 3188 3547 3242 enim
3583 3189 3727 3243 aliud
3753 3197 3828 3241 est

2269 3287 2416 3328 mors
2443 3289 2606 3342 quam
2653 3291 2683 3330 ιι
2714 3278 2822 3330 vita
2871 3278 3218 3349 discedere),
3254 3290 3308 3332 et
3337 3283 3525 3350 utique
3557 3297 3664 3335 non
3697 3288 3829 3335 esset

2269 3376 2632 3431 consequens,
2668 3377 2726 3421 ut
2754 3380 2816 3420 ea
2846 3384 2965 3437 qua:
2990 3370 3161 3423 semel
3187 3369 3252 3423 ad
3281 3370 3580 3424 vivendum
3619 3369 3827 3424 fuerant

2268 3468 2551 3526 procreata
2587 3476 2616 3514 a
2652 3460 2762 3517 Deo
2797 3464 3011 3531 penitus
3038 3465 3382 3533 deperirent,
3430 3463 3673 3531 oportuit
3713 3471 3827 3515 ante

2271 3562 2501 3607 mortem
2532 3569 2653 3609 esse
2679 3556 2838 3611 talem
2872 3556 3149 3623 virtutem,
3201 3572 3321 3626 qua:
3353 3556 3591 3610 futuram
3650 3555 3830 3610 dissol-

2263 3820 2557 3881 utrnmqne
2587 3820 2641 3865 et
2670 3812 2960 3866 absurdum
2990 3825 3179 3866 esse...
3209 3813 3258 3865 id
3285 3820 3365 3866 est
3393 3821 3450 3865 ut
3483 3822 3579 3866 aut
3603 3827 3669 3867 ex
3695 3826 3777 3868 eo.
3808 3831 3824 3863 ι

2262 3884 2433 3945 Alias,
2478 3903 2495 3933 ι
2531 3884 2654 3952 quia
2690 3891 2979 3951 utrumque
3028 3893 3084 3935 et
3112 3884 3405 3935 absurdum
3440 3899 3631 3937 esse...
3670 3885 3719 3936 id
3750 3894 3825 3938 est

2266 3962 2323 4005 ut
2350 3966 2436 4005 eo.
2480 3970 2500 4004 ι

2334 4022 2449 4144 |(1:5)
2503 4021 2595 4075 Sic
2649 4037 2780 4076 mss.
2828 4019 2981 4075 Alias
3010 4060 3026 4086 ,
3069 4040 3086 4072 ι
3125 4023 3245 4077 sine
3295 4022 3385 4078 illo
3414 4023 3638 4092 quidem
3698 4007 3828 4093 quod

2351 4108 2399 4144 tt.
2441 4111 2460 4144 θ

2351 4108 2399 4144 ιι.

2264 4107 2551 4231 subdita
2584 4162 2751 4216 codex
2787 4160 3135 4230 Remigianus
3166 4171 3215 4216 et
3254 4172 3400 4217 recte
3433 4165 3679 4219 omnino.
3708 4164 3825 4227 Alii,

2263 4251 2280 4282 ι
2312 4247 2411 4299 pro
2437 4234 2519 4284 his
2555 4232 2683 4299 ipsis
2718 4247 2839 4302 qua:
2867 4232 2920 4283 iu
2953 4234 3067 4299 ipsa
3094 4232 3361 4298 sapientia
3396 4236 3827 4302 vclutdescripta

2257 4312 2311 4355 et
2334 4304 2675 4370 praefigurata
2708 4300 2919 4354 fuerant
2947 4302 3233 4356 creaturis.
3272 4321 3290 4353 ι
3330 4304 3494 4358 Paulo
3524 4317 3644 4370 post
3672 4300 3821 4366 mss,

2266 4388 2282 4420 ι
2319 4371 2455 4424 dicit
2482 4381 2719 4424 creatam
2752 4386 2871 4450 esse
2908 4373 3232 4451 sapientia.»
3266 4372 3427 4429 Libb.
3460 4376 3615 4442 editi,
3652 4393 3670 4427 ι
3700 4376 3823 4429 dicit

2263 4452 2505 4493 creatam
2538 4456 2657 4494 esse
2691 4451 3033 4509 sapienltaitu,
3069 4460 3085 4491 ι

2337 4509 2451 4578 (15)
2485 4510 2587 4573 Qui
2617 4511 2669 4562 in
2697 4508 2911 4563 Artibus
2939 4508 3097 4562 Pauli
3129 4510 3352 4578 scriptus
3379 4523 3475 4577 est,
3507 4523 3613 4568 etc.
3646 4515 3723 4568 De
3748 4516 3826 4569 his

2197 4556 2236 4611 ο
2265 4556 3096 4653 attingunttirenum;
3110 4556 3321 4635 ista}:
3329 4556 3825 4653 i1}2}1,'é3'p."3,"éi

2265 4653 2451 4704 eodem
2486 4649 2645 4711 libro,
2674 4666 2791 4719 Cap.
2821 4651 2909 4713 25,
2936 4650 3255 4704 Philastrius
3278 4653 3473 4707 haeres.
3501 4649 3825 4709 87.'Diversi

2265 4732 2421 4775 erant
2458 4721 2509 4773 hi
2557 4722 2728 4775 Actus
2757 4723 2822 4774 ab
2860 4722 3088 4775 Actibus
3129 4720 3278 4775 Pauli
3315 4732 3369 4775 et
3401 4722 3630 4777 'l'heclze.
3660 4725 3826 4779 Porro

2265 4792 2410 4858 quod
2462 4791 2514 4843 iu
2569 4790 2831 4858 ejusmodi
2879 4792 3206 4860 apocryphis
3262 4794 3493 4848 Actibus
3529 4794 3827 4849 habebatur

2264 4862 2389 4928 quia
2433 4879 2450 4911 ι
2482 4863 2567 4914 hic
2606 4871 2689 4915 est
2722 4863 2943 4916 verbum
2986 4862 3189 4914 animal
3221 4864 3429 4926 vivens,
3462 4883 3483 4916 ι
3518 4864 3699 4918 nullus
3728 4868 3824 4918 du-

2266 4932 2379 4985 bito
2408 4932 2536 4995 quin
2570 4943 2825 4997 corrupte
2848 4934 3147 4987 derivatum
3176 4934 3247 4985 sit
3275 4947 3337 4985 ex
3366 4934 3451 4987 his
3480 4936 3546 4988 ad
3569 4933 3822 4988 Hebraeos

2264 5015 2338 5067 tv,
2369 5002 2435 5073 ﬁ?
2458 5000 2611 5073 :_§th
2644 5003 2751 5073 γὰρ
2797 5005 2825 5057 ὁ
2854 5004 3021 5072 Λόγος
3046 5000 3137 5053 τοῦ
3161 5001 3317 5055 Θεοῦ.

2336 5071 2446 5141 (16)
2481 5071 2636 5141 Mss.,
2674 5071 2973 5128 tviverent.
3013 5092 3031 5123 ι
3063 5075 3231 5136 Alias,
3272 5094 3288 5123 ι
3331 5075 3529 5128 vivent.
3568 5093 3588 5127 ι

2337 5140 2449 5210 (f7)
2478 5140 2752 5208 δίψει-ειη.
2790 5147 2865 5199 tta
2914 5144 3085 5198 codex
3124 5144 3488 5200 Cofbertiuus.
3546 5144 3650 5196 Alii
3704 5158 3821 5197 cum

2263 5225 2422 5265 antea
2481 5214 2666 5276 editis,
2702 5234 2719 5263 ι
2755 5218 2989 5283 sapiens.
3024 5233 3041 5263 ι
3088 5214 3289 5265 Ibidem
3344 5231 3498 5275 mss.,
3557 5234 3575 5265 ι
3633 5229 3822 5267 verum

2262 5284 2516 5349 quntiiatn
2554 5285 2793 5339 futurum
2843 5297 2981 5339 erat.
3028 5302 3046 5335 ι
3090 5285 3237 5338 Alias
3274 5302 3289 5333 ι
3332 5300 3519 5339 verum
3551 5286 3821 5354 quomodo

2261 5354 2499 5406 futurum
2534 5364 2670 5409 erat.
2713 5374 2731 5407 ι

2332 5424 2441 5494 (18)
2472 5425 2583 5477 Sibi
2618 5428 2719 5493 ipsi
2771 5426 3169 5481 consciscerent.
3195 5426 3284 5480 Sic
3309 5437 3455 5480 recte
3476 5439 3666 5479 Omnes
3696 5437 3823 5477 mss.

2260 5495 2411 5548 Alias
2451 5515 2467 5544 ι
2496 5496 2696 5550 Christi
2724 5500 3149 5552 consciscerent.
3179 5516 3197 5548 ι
3234 5497 3398 5551 Paulo
3436 5504 3555 5566 post
3581 5496 3698 5546 libri
3732 5511 3828 5545 an-

2264 5578 2348 5618 tea
2381 5566 2532 5629 editi,
2571 5586 2586 5617 ι
2626 5577 2679 5619 ct
2712 5579 2855 5623 esset
2890 5569 3220 5621 resurrectio
3258 5569 3311 5621 in
3350 5568 3575 5621 Domino
3603 5574 3655 5618 et
3703 5566 3824 5628 sal-

2262 5646 2449 5689 vatorc
2493 5647 2677 5693 nostro
2705 5679 2717 5703 ,
2743 5655 2864 5708 qua:
2914 5641 3264 5700 resurrectio,
3297 5653 3407 5692 etc.
3430 5681 3444 5702 ,
3482 5648 3590 5689 tum
3633 5636 3827 5687 deinde

2259 5710 2528 5773 quomodo
2575 5712 2814 5763 futurum
2847 5719 2984 5764 erat.
3026 5726 3045 5759 ι
3104 5710 3230 5763 bed.
3269 5727 3400 5764 mss.
3449 5720 3505 5761 ut
3541 5710 3591 5760 in
3642 5718 3827 5758 nostto

2262 5786 2428 5832 textu.
