3992 6598
264 449 355 502 155

1642 450 1843 505 LIBER
1884 449 2163 508 PRIMUS.

3416 470 3517 523 151

257 580 397 623 reret
432 580 687 631 mortem.
734 582 789 627 et
830 582 972 628 esset
1008 573 1336 627 resurrectio
1361 588 1481 642 qua:
1527 572 1580 628 in
1614 574 1839 628 Domino
1869 578 1916 635 Α
1945 577 2236 644 quamdam
2284 578 2350 633 de
2382 578 2472 633 Dei
2525 579 2783 649 sapientia
2842 581 2943 636 hoc
2995 586 3151 639 modo
3205 586 3462 657 scriptam
3495 609 3514 645 :

253 673 302 718 et
328 661 614 718 Salvatore
644 673 840 718 nostro
876 664 1109 720 formata
1143 676 1246 731 est,
1274 681 1394 735 qua:
1423 668 1749 721 resurrectio
1782 667 1833 721 in

253 758 361 823 ipsa
398 758 491 811 Dei
543 758 817 827 sapientia
873 769 928 812 et
962 758 1142 813 Verbo
1198 772 1265 812 ac
1322 757 1432 811 vita
1486 758 1829 812 consisteret.

249 847 381 901 Tum
415 848 622 902 deinde
648 849 908 917 quoniam
946 847 1185 902 futurum
1212 857 1332 902 erat
1361 857 1421 902 ut
1449 848 1617 918 aliqui
1646 864 1713 903 ex
1747 848 1832 903 his

247 939 553 1010 qui‘creati
612 950 757 1004 sunt,
791 956 890 1011 pro
938 957 1003 995 eo
1032 943 1177 1011 quod
1232 955 1341 995 non
1381 942 1741 1006 naturaliter,
1778 943 1830 997 id

246 1041 326 1087 est
351 1033 803 1087 substantialiter
831 1034 1032 1088 inesset
1057 1036 1135 1088 eis
1167 1033 1388 1099 bonum,
1425 1034 1521 1087 sed
1550 1034 1828 1098 accidens,

244 1138 347 1178 non
424 1124 683 1180 volentes
746 1125 1191 1181 inconvertibiles
1241 1136 1298 1181 et
1355 1127 1828 1182 incommutabiles

242 1230 460 1285 semper
482 1232 831 1286 permanere,
858 1233 923 1273 ac
948 1232 1163 1288 semper
1190 1218 1241 1272 in
1270 1219 1469 1274 eisdem
1496 1218 1650 1273 bonis
1675 1234 1828 1287 aequa

242 1322 303 1359 ac
334 1309 624 1362 moderata
653 1309 941 1365 libratione
971 1310 1192 1375 durare,
1236 1312 1328 1365 sed
1382 1312 1627 1366 conversi
1663 1322 1825 1379 atque

241 1400 434 1453 mutati
472 1402 541 1455 de
570 1412 715 1455 statu
750 1418 849 1456 suo
896 1402 1215 1457 deciderent
1246 1404 1381 1475 (19),
1417 1405 1501 1457 via
1535 1405 1711 1460 factus
1742 1416 1827 1460 est

242 1492 480 1547 Verbum
514 1493 612 1547 Dei
666 1504 721 1549 et
762 1496 1052 1564 sapientia.
1086 1496 1217 1563 Qua:
1244 1498 1329 1551 via
1364 1497 1568 1552 idcirco
1605 1498 1823 1562 dicitur,

238 1584 379 1650 quod
432 1584 505 1638 ad
537 1583 758 1638 Patrem
792 1586 953 1640 ducat
986 1602 1080 1641 eos
1111 1588 1200 1656 qui
1253 1603 1350 1657 per
1378 1603 1498 1643 eam
1542 1589 1821 1645 incedunt.

237 1676 596 1745 Quaecunque
631 1693 761 1748 ergo
810 1680 1049 1734 diximus
1084 1680 1151 1735 de
1190 1684 1459 1751 sapientia
1512 1682 1605 1737 Dei
1638 1723 1651 1747 ,
1711 1685 1825 1739 IIIPC

235 1771 639 1824 convenienter
684 1772 1016 1837 aptablintur
1048 1782 1102 1827 et
1129 1771 1511 1844 intelligentur
1535 1777 1697 1829 etiam
1726 1792 1823 1845 pro

232 1874 293 1914 eo
318 1863 470 1930 quod
508 1863 683 1916 Filius
715 1863 806 1916 Dei
838 1863 942 1915 vita
976 1872 1078 1927 cst,
1109 1874 1159 1917 et
1187 1880 1283 1933 pro
1309 1880 1374 1919 eo
1406 1865 1547 1935 quod
1587 1867 1819 1921 Verbum

1948 686 1968 719 ‹
2016 667 2196 738 Vapor
2226 680 2312 724 est
2336 671 2503 737 enim,
2542 672 2738 741 inquit,
2774 673 2988 729 virtutis
3017 676 3130 740 Dei,
3160 688 3213 732 et
3246 680 3519 753 dndppoat

1940 759 2127 829 gloria:
2147 762 2528 831 omnipotentis
2556 762 2847 832 purissima
2874 764 2939 821 ³⁷.
2972 784 2991 817 i
3020 765 3143 821 ldeo
3168 784 3297 839 ergo
3330 771 3382 825 in
3397 787 3518 828 eam

1940 848 2078 902 nihil
2105 852 2559 909 commaculatum
2591 854 2826 909 incidere
2849 866 3048 924 potest.
3075 857 3344 926 Splendor
3370 864 3514 917 enim

1937 949 2018 995 est
2044 940 2180 996 lucis
2211 951 2451 1008 mternac,
2486 954 2539 998 et
2571 947 2846 1013 speculum
2876 948 3284 1005 immaculatum
3320 968 3516 1024 opera-

1940 1033 2102 1087 tionis
2126 1034 2240 1098 Dei,
2269 1042 2323 1087 et
2350 1034 2526 1105 imago
2566 1037 2821 1091 bonitatis
2846 1037 2980 1106 ejus.
3015 1041 3351 1110 Sapientiam
3382 1061 3513 1100 vero

1936 1123 2197 1188 dicimus,
2266 1124 2410 1178 sicut
2473 1127 2724 1195 superius
2783 1128 3052 1193 (ﬁximus,
3102 1134 3512 1189 subsistentiam

1935 1214 2220 1269 habentem
2278 1230 2386 1269 non
2442 1217 2605 1282 alibi,
2659 1218 2757 1273 nisi
2812 1220 2864 1273 in
2910 1237 2975 1277 eo
3023 1223 3113 1291 qui
3164 1234 3247 1278 est
3295 1225 3512 1279 initium

1933 1306 2208 1372 omnium;
2235 1321 2299 1361 ex
2324 1322 2432 1375 quo
2456 1318 2509 1361 et
2536 1317 2662 1362 nata
2697 1319 2782 1363 est
2817 1326 3043 1382 qumque
3066 1316 3357 1382 sapientia,
3384 1319 3511 1384 quia

1934 1396 2049 1465 ipse
2075 1406 2154 1451 est
2182 1398 2272 1466 qui
2290 1408 2371 1451 est
2402 1398 2551 1453 solus
2572 1408 2762 1455 natura
2788 1401 2977 1470 Filius,
3002 1404 3205 1459 ideirco
3235 1414 3291 1459 et
3319 1407 3511 1476 unige-

1934 1488 2081 1542 nitus
2108 1488 2328 1542 dicitur.

2003 1580 2057 1633 6.
2097 1579 2387 1635 Videamus
2426 1594 2557 1636 sane
2598 1583 2725 1652 quid
2756 1584 2981 1656 intelligi
3014 1585 3212 1641 debeat
3241 1588 3404 1642 etiam
3440 1588 3510 1643 de

1935 1673 2037 1728 hoc
2080 1674 2227 1743 quod
2272 1673 2450 1743 imago
2490 1673 2778 1731 invisibilis
2817 1678 3049 1744 dicitur,
3095 1687 3154 1734 ut
3188 1688 3241 1733 et
3273 1694 3370 1749 per
3407 1681 3511 1735 hoc

1930 1765 2281 1820 advertamus
2307 1767 2583 1834 quomodo
2609 1768 2750 1823 Deus
2779 1778 2925 1823 recte
2956 1769 3118 1825 Pater
3150 1772 3352 1825 dicitur
3380 1770 3508 1825 Filii

1930 1859 2042 1924 sui;
2082 1869 2136 1915 et
2174 1864 2582 1918 consideremus
2625 1863 2802 1930 primo
2836 1876 2901 1916 ex
2943 1862 3026 1915 his
3069 1877 3189 1931 qua:
3220 1874 3511 1917 consuetu-

233 1962 334 2017 est,
360 1963 415 2007 et
449 1969 552 2022 pro
580 1969 648 2008 eo
677 1954 820 2023 quod
869 1956 1072 2008 veritas
1121 1966 1223 2019 est,
1252 1969 1304 2010 et
1337 1972 1433 2025 pro
1460 1974 1524 2012 eo
1555 1960 1697 2027 quod
1738 1975 1823 2014 re-
1856 1942 1897 1999 Β
1927 1950 2051 2007 dine
2104 1954 2383 2007 hominum
2437 1954 2705 2024 imagines
2763 1955 3027 2023 appellari
3085 1955 3281 2011 solent.
3325 1956 3508 2027 Imago

232 2046 506 2100 surrectio
538 2056 660 2101 est:
696 2046 823 2115 quia
853 2046 936 2099 hae
958 2060 1148 2100 omnes
1178 2048 1570 2117 appellationes
1601 2067 1667 2105 ex
1699 2066 1823 2122 ope-

232 2139 378 2191 ribus
412 2139 536 2207 ejns
573 2154 636 2192 ac
674 2138 970 2192 virtutibus
1000 2139 1297 2194 nominata:
1329 2153 1474 2205 sunt,
1506 2152 1559 2196 et
1588 2142 1640 2196 in
1677 2144 1820 2198 nulla

236 2231 431 2285 harum
465 2232 552 2285 vel
607 2233 708 2287 levi
748 2236 1005 2304 opinione
1043 2235 1268 2304 intelligi
1301 2236 1584 2305 corporale
1615 2236 1817 2304 aliquid

230 2334 427 2389 potest,
466 2324 616 2393 quod
645 2326 729 2379 vel
767 2326 1195 2396 magnitudinem
1233 2327 1523 2396 designare
1551 2328 1815 2391 videatur,

233 2414 311 2466 vel
347 2415 611 2469 bahitum
640 2459 655 2482 ,
692 2415 796 2486 55
843 2417 924 2471 vel
975 2419 1252 2472 colorem:
1308 2419 1566 2485 quoniam
1624 2419 1673 2473 hi
1704 2419 1815 2489 (20)

231 2505 316 2570 qui
352 2504 611 2557 videntur
636 2507 779 2574 apud
804 2521 901 2559 nos
926 2505 1209 2558 hominum
1237 2505 1356 2569 filii,
1388 2505 1469 2558 vel
1494 2516 1815 2559 creterorum

233 2596 576 2659 animalium,
619 2595 816 2649 semini
857 2611 1047 2649 eorum
1078 2613 1110 2650 a
1142 2598 1339 2665 quibus
1395 2597 1645 2651 seminati
1690 2605 1817 2650 sunt

218 2680 587 2755 respondent,
615 2684 699 2738 vel
724 2700 912 2739 earum
941 2700 1171 2754 quarum
1205 2686 1259 2739 in
1296 2696 1455 2741 utero
1500 2685 1814 2739 formantur

231 2793 291 2833 ac
339 2780 706 2845 nutriuntur,
758 2779 962 2833 habent
1014 2793 1079 2833 ex
1123 2779 1208 2833 his
1257 2780 1519 2848 quidquid
1575 2780 1701 2834 illud
1731 2786 1815 2833 est

230 2871 367 2938 quod
404 2871 459 2923 in
508 2872 692 2925 lucem
724 2872 866 2926 hanc
897 2882 1183 2925 assumunt
1213 2886 1274 2925 ac
1314 2870 1566 2926 deferunt
1596 2886 1813 2940 proces—

230 2959 361 3011 suri.
412 2958 700 3013 Infandum
751 2970 934 3015 autem
962 2970 1045 3017 est
1094 2971 1147 3015 et
1178 2960 1425 3015 illicitum
1450 3002 1464 3027 ,
1504 2961 1671 3015 Deum
1706 2961 1811 3015 Pa-

232 3060 363 3105 trem
393 3051 448 3105 in
475 3054 833 3120 generatione
868 3055 1128 3125 unigeniti
1158 3054 1280 3109 Filii
1311 3054 1391 3108 sui
1425 3064 1587 3122 atque
1608 3055 1660 3109 in
1687 3056 1813 3110 sub-

230 3144 474 3197 sistentia
500 3145 621 3210 ejus
644 3161 933 3214 exaequare
958 3146 1117 3201 alicui
1154 3148 1234 3199 vel
1264 3147 1544 3201 hominum
1570 3148 1655 3202 vel
1683 3149 1812 3205 alio-

231 3250 347 3289 rum
386 3238 716 3305 generanti;
754 3238 848 3292 sed
881 3252 1109 3292 necesse
1160 3246 1242 3292 est
1276 3237 1476 3305 aliquid
1522 3248 1807 3308 exceptum

1928 2042 2198 2097 interdum
2241 2044 2443 2099 dicitur
2478 2060 2542 2097 ea
2576 2060 2696 2113 quae
2735 2044 2789 2099 in
2828 2047 3053 2099 materia
3082 2046 3262 2115 aliqua
3286 2088 3302 2114 ,
3342 2049 3390 2102 id
3423 2056 3507 2102 est

1926 2134 2054 2204 ligni
2092 2135 2173 2188 vel
2213 2135 2436 2203 lapidis,
2475 2137 2692 2206 depingi
2734 2136 2816 2190 vel
2852 2139 3096 2208 exsculpi
3138 2140 3292 2194 solet.
3329 2140 3503 2193 luter-

1924 2228 2051 2280 dum
2081 2228 2258 2295 imago
2286 2227 2488 2282 dicitur
2516 2228 2633 2294 ejus
2663 2228 2755 2297 qui
2778 2230 2987 2298 genuit,
3017 2232 3061 2284 is
3084 2231 3177 2299 qui
3210 2243 3373 2285 natus
3396 2243 3501 2298 est,

1923 2333 2043 2371 cum
2067 2318 2121 2372 in
2152 2319 2299 2373 nullo
2323 2320 2735 2375 similitudinem
2765 2319 2878 2391 (25)
2913 2321 3239 2377 lineamenta
3272 2325 3390 2394 ejus
3408 2325 3502 2392 qui

1924 2411 2111 2480 genuit
2144 2412 2198 2465 in
2241 2426 2307 2467 eo
2336 2414 2425 2480 qui
2466 2421 2621 2467 natus
2646 2422 2724 2466 est
2748 2452 2763 2478 ,
2794 2414 3156 2467 mentiuntur.
3199 2414 3337 2469 Puto
3368 2430 3500 2485 ergo

1923 2517 2081 2571 posse
2105 2503 2271 2572 priori
2290 2503 2506 2572 quidem
2534 2504 2784 2573 exemplo
2804 2508 2976 2573 aptari
3010 2520 3131 2558 eum
3157 2511 3248 2575 qui
3280 2509 3346 2561 ad
3369 2509 3503 2561 ima-

1918 2593 2096 2663 ginem
2116 2594 2592 2648 ctsimilitmlinem
2623 2593 2716 2646 Dei
2738 2596 2916 2651 factus
2941 2605 3043 2660 est,
3068 2597 3342 2652 hominem
3363 2598 3498 2668 (‘24),

1919 2688 1983 2741 de
2012 2702 2119 2755 quo
2150 2686 2457 2756 diligentius
2488 2686 2706 2739 favente
2737 2686 2849 2741 Deo
2878 2704 3000 2743 cum
3027 2689 3205 2743 locum
3240 2691 3414 2760 ipsum
3440 2694 3491 2745 in

1917 2777 2117 2834 Genesi
2159 2793 2433 2847 exponere
2479 2780 2839 2849 cmperimus,
2874 2781 3196 2835 videbimus.
3234 2780 3497 2839 Secunda:

1916 2884 2046 2924 vero
2086 2871 2475 2938 comparationi
2522 2872 2701 2940 imago
2748 2870 2868 2924 Filii
2917 2870 3045 2937 Dei,
3087 2874 3154 2926 de
3201 2888 3308 2942 quo
3351 2892 3494 2931 nunc

1915 2975 2097 3015 sermo
2128 2969 2244 3024 est,
2283 2961 2589 3030 comparari
2630 2969 2809 3031 potest
2854 2962 3019 3015 etiam
3052 2966 3353 3018 secundum
3394 2967 3499 3021 hoc

1917 3057 2059 3126 quod
2115 3057 2404 3113 invisibilis
2462 3057 2555 3112 Dei
2614 3059 2789 3127 imago
2842 3058 3131 3114 invisibilis
3178 3071 3293 3126 est,
3349 3063 3493 3117 sicut

1913 3149 2211 3202 secundum
2263 3147 2546 3201 historiam
2589 3148 2824 3202 dicimus
2866 3149 3158 3219 imaginem
3194 3152 3324 3205 Adae
3370 3168 3496 3209 esse

1912 3238 2082 3291 filium
2108 3236 2223 3303 ejus
2248 3237 2399 3291 Seth.
2434 3237 2509 3291 Ita
2544 3238 2689 3291 enim
2729 3236 2989 3305 scriptum
3015 3246 3131 3292 est:
3165 3256 3182 3288 ι
3218 3238 3280 3291 Ει
3310 3242 3496 3308 genuit

227 3342 345 3384 esse
378 3328 608 3398 Deoque
637 3331 862 3400 dignum
889 3332 976 3387 cui
1008 3332 1160 3386 nulla
1213 3346 1439 3402 prorsus
1470 3332 1808 3402 comparatio
1836 3299 1878 3357 θ
1916 3331 2081 3384 Adam
2110 3329 2579 3394 Seth,secundum
2605 3329 2893 3397 imaginem
2916 3343 3093 3395 suam,
3116 3338 3169 3382 et
3196 3332 3489 3383 secundum

228 3437 330 3476 non
362 3422 419 3476 in
448 3425 614 3478 rebus
660 3424 862 3489 solum,
899 3426 994 3479 sed
1043 3438 1109 3478 ne
1140 3425 1192 3478 in
1223 3424 1550 3495 cogitatione
1590 3425 1806 3494 quidem

229 3513 312 3568 vel
340 3528 505 3568 sensu
537 3514 772 3569 inveniri
800 3524 998 3584 potest,
1036 3524 1093 3568 ut
1122 3516 1358 3569 humana
1392 3514 1652 3585 cogitatio
1685 3530 1807 3584 pos-

226 3607 293 3662 sit
344 3608 767 3676 apprehendere
815 3607 1087 3676 quomodo
1115 3606 1395 3675 ingenitus
1441 3606 1584 3660 Deus
1641 3606 1805 3660 Pater

225 3698 454 3753 edicitur
490 3699 759 3770 unigeniti
787 3697 910 3753 Filii
944 3697 1077 3764 (2i).
1109 3697 1204 3753 Est
1232 3713 1466 3767 namque
1493 3698 1567 3753 ita
1602 3711 1803 3753 aeterna

226 3807 288 3846 ac
332 3792 671 3860 sempiterna
703 3793 983 3860 generatio
1038 3792 1179 3845 sicut
1205 3791 1467 3860 splendor
1513 3801 1805 3861 generatur

227 3900 289 3937 ex
342 3885 464 3939 luce
520 3884 655 3953 (22).
703 3883 818 3938 Non
861 3884 1001 3937 enim
1037 3898 1133 3951 per
1183 3882 1532 3951 adoptionem
1567 3880 1804 3951 Spiritus

228 3974 394 4031 Filius
444 3978 504 4029 fit
539 3978 911 4043 extrinsecus,
947 3976 1039 4030 sed
1067 3986 1257 4029 natura
1290 3973 1459 4029 Filius
1493 3982 1596 4030 est.

292 4070 345 4124 5.
385 4071 677 4124 Videamus
719 4077 897 4122 tamen
936 4065 1206 4137 quomodo
1250 4066 1363 4121 haec
1399 4081 1521 4134 quae
1571 4065 1802 4121 dicimus

224 4164 381 4216 etiam
418 4163 618 4215 divina!
655 4160 948 4230 Scriptura:
978 4160 1304 4214 auctoritate
1342 4160 1678 4213 muniantur.
1712 4159 1803 4212 Ait

223 4253 494 4321 apostolus
528 4252 727 4307 Paulus
765 4252 1095 4321 unigenitum
1127 4248 1324 4304 Filium
1354 4249 1646 4319 imaginem
1682 4262 1802 4302 esse

226 4346 311 4400 Dei
350 4346 677 4412 invisibilis,
729 4357 782 4401 et
822 4330 1239 4417 primogenitum
1290 4359 1414 4399 eum
1462 4356 1583 4398 esse
1632 4342 1799 4397 totius

224 4450 481 4495 creatura:
503 4440 583 4491 “2
630 4441 696 4493 ad
725 4438 983 4493 llebrzcos
1026 4452 1151 4491 vero
1184 4436 1428 4491 scribens
1464 4434 1596 4487 dicit
1629 4434 1696 4488 de
1732 4448 1798 4487 eo

222 4536 340 4604 quia
378 4555 399 4586 ι
434 4535 506 4590 sit
546 4532 807 4602 splendor
840 4531 1046 4600 gloriae,
1091 4539 1143 4583 et
1178 4529 1344 4598 figura
1381 4540 1637 4596 expressa
1672 4526 1800 4581 sub-

1914 3422 2149 3491 speciem
2193 3436 2346 3475 suam
2392 3421 2458 3476 ³⁸.
2508 3441 2526 3473 ι
2566 3422 2695 3486 Quae
2741 3421 2921 3489 imago
2960 3421 3124 3474 etiam
3174 3430 3383 3474 natura:
3433 3437 3495 3475 ac

1915 3515 2235 3568 Subslantlaa
2261 3512 2439 3567 Patris
2459 3523 2511 3567 et
2536 3511 2655 3566 Filii
2682 3512 3233 3567 continetunitatem.
3261 3512 3315 3567 Si
3345 3515 3491 3566 enim

1914 3608 2095 3661 omnia
2129 3622 2251 3677 qua:
2278 3606 2407 3661 facit
2430 3606 2614 3669 Pater,
2645 3605 2760 3659 lucc
2783 3614 2836 3660 et
2865 3604 3033 3659 Filius
3062 3604 3190 3659 facit
3221 3606 3489 3689 similiter,

1915 3704 1966 3754 in
1997 3714 2060 3753 eo
2081 3699 2223 3769 quod
2250 3699 2437 3753 omnia
2465 3699 2535 3751 ita
2568 3697 2697 3750 facit
2728 3696 2898 3751 Filius
2927 3696 3070 3751 sicut
3100 3695 3283 3761 Pater,
3316 3698 3491 3767 imago

1911 3791 2092 3847 Patris
2124 3793 2174 3847 in
2214 3792 2349 3846 Filio
2378 3791 2748 3856 deformatur,
2789 3792 2879 3860 qui
2910 3791 3099 3861 utique
3127 3799 3287 3844 natus
3329 3804 3392 3843 ex
3427 3805 3490 3843 eo

1911 3894 1993 3940 est
2035 3884 2182 3938 velut
2219 3884 2464 3955 quiedam
2508 3882 2760 3937 voluntas
2799 3882 2915 3950 ejus
2952 3898 3018 3937 ex
3070 3891 3252 3937 mente
3295 3898 3488 3951 proce-

1915 3980 2048 4031 dens
2079 3975 2210 4047 (25).
2242 3976 2306 4031 Et
2324 3975 2444 4029 ideo
2467 3989 2567 4044 ego
2593 3976 2835 4029 arbitror
2853 3974 2994 4044 quod
3027 3973 3274 4030 sullicere
3295 3975 3488 4030 debeat

1911 4069 2163 4123 voluntas
2215 4067 2398 4121 Patris
2444 4067 2510 4120 ad
2558 4066 2963 4121 subsistendum
3018 4066 3125 4121 hoc
3180 4066 3323 4137 quod
3372 4067 3486 4121 vult

1910 4162 2093 4216 Pater.
2134 4158 2333 4214 Volens
2376 4162 2518 4213 enim
2562 4175 2669 4213 non
2718 4159 2823 4212 alia
2872 4159 2954 4211 via
2989 4160 3189 4218 utitur.
3232 4158 3331 4212 nisi
3367 4174 3488 4226 qua:

1908 4252 2136 4307 consilio
2164 4251 2455 4305 voluntatis
2472 4250 2768 4320 profertur.
2793 4251 2871 4304 lta
2896 4266 3025 4320 ergo
3054 4259 3110 4303 et
3149 4249 3268 4303 Filii
3306 4251 3487 4304 subsi-

1907 4344 2102 4398 stentia
2129 4350 2425 4411 generatur
2460 4341 2527 4394 ab
2558 4356 2643 4395 eo.
2676 4340 2827 4406 Quod
2853 4352 3074 4394 necesse
3096 4345 3180 4391 est
3217 4339 3267 4389 in
3296 4337 3486 4406 primis

1906 4434 2108 4503 suscipi
2140 4431 2209 4486 ab
2245 4433 2329 4487 his
2363 4433 2453 4501 qui
2486 4432 2620 4485 nihil
2658 4433 2995 4504 ingenitum,
3032 4430 3082 4483 id
3115 4438 3199 4483 est
3236 4430 3481 4481 innatum

1906 4536 2102 4597 praeter
2122 4523 2291 4579 solum
2320 4523 2486 4576 Deum
2510 4522 2727 4576 Patrem
2759 4523 2996 4576 fatentur
3016 4520 3151 4590 (26).
3173 4519 3481 4575 Observan-

219 4630 427 4682 stantize
466 4628 588 4697 ejus
615 4626 680 4676 “.
724 4646 742 4678 ι
789 4625 1097 4679 Invenimus
1135 4621 1491 4678 nihilominus
1529 4619 1696 4676 etiam
1742 4620 1796 4673 in
1832 4658 1875 4712 Β
1906 4618 2031 4671 dum
2068 4628 2299 4683 namque
2329 4622 2430 4677 est,
2460 4627 2525 4666 ne
2549 4614 2671 4682 quis
2699 4614 2939 4667 incurrat
2969 4612 3020 4664 in
3056 4611 3176 4664 illas
3213 4610 3482 4710 absurdus

218 4720 520 4789 Sapientia,
578 4733 699 4788 quae
747 4718 946 4772 dicitur
977 4714 1324 4780 Salomonis,
1381 4712 1797 4782 descriptionem

834 4829 878 4860 ³⁸
910 4827 1044 4883 lleb.
1069 4844 1109 4893 ι,
1134 4828 1188 4882 ’5.
1270 4825 1313 4857 ⁸⁷
1345 4825 1473 4894 Sap.
1500 4840 1600 4892 vn,
1625 4823 1719 4879 25.

281 4955 399 5024 (19)
434 4951 513 5007 De
548 4958 715 5024 atque
753 4963 848 5024 suo
908 4946 1254 5024 deciderent._
1281 4944 1379 5024 Sic
1410 4943 1612 5024 optime
1656 4955 1790 5001 mss.

218 5014 462 5079 ln‘antea
496 5022 659 5077 editis
697 5019 837 5083 male
866 5017 1136 5071 omittitur
1174 5033 1191 5067 ι
1224 5014 1561 5083 deciderent.
1599 5032 1619 5065 ι

284 5095 540 5167 (ἰὼ-δίς
566 5106 699 5167 ωδεΣ
726 5082 891 5147 Alias,
927 5104 945 5137 ι
978 5088 1238 5167 colorem.
1271 5082 1550 5167 Quomodo
1574 5083 1793 5167 quidem

221 5154 305 5219 hi:
338 5154 581 5219 {Paulo
614 5159 753 5214 infra
793 5174 945 5218 rnss.,
987 5174 1004 5207 ί
1040 5157 1243 5210 habent
1290 5172 1353 5209 ex
1398 5154 1484 5208 his
1529 5155 1791 5223 quidquid

224 5236 347 5289 illud
374 5245 463 5292 est
496 5232 703 5302 quod.)
734 5229 887 5302 alias
927 5243 946 5302 ς
995 5228 1196 5302 habent
1225 5243 1291 5281 ex
1317 5226 1401 5279 his
1447 5225 1785 5302 quidquam,

224 5306 343 5360 illud
366 5317 454 5359 est
474 5294 644 5373 quod.
692 5320 709 5351 ι
735 5298 903 5373 Paulo
932 5297 1072 5350 infra
1100 5312 1256 5373 ms_s.,
1287 5316 1304 5349 ι
1324 5294 1584 5373 atquein
1612 5294 1789 5373 subsi-

223 5378 414 5429 stentia
446 5364 588 5441 ejus.
624 5393 642 5424 ι
690 5372 877 5431 Alias,
916 5387 933 5418 ‹
967 5377 1129 5441 atque
1167 5368 1218 5420 in
1255 5364 1560 5421 substantia
1593 5365 1784 5441 ejus.)

290 5436 517 5527 (ansa:
561 5453 723 5527 recte
773 5454 904 5527 mss.
951 5438 1097 5518 Alias
1124 5445 1416 5527 corrupte,
1457 5452 1475 5485 ι
1520 5436 1792 5504 quomodo

228 5507 527 5585 unigenitns
560 5514 704 5585 Dens
735 5509 968 5564 ellicitur
995 5509 1262 5585 unigeniti
1286 5507 1448 5585 Filii_._
1482 5526 1500 5557 ι

292 5573 401 5657 (Ξῖ)
436 5584 580 5639 Sicut
604 5573 1148 5657 splemlorgenernltir
1166 5576 1519 5657 emnluce._ﬂoc
1538 5573 1673 5657 solis
1708 5590 1790 5629 so-

230 5647 455 5727 larisq'ue
488 5647 642 5710 radii
666 5650 1035 5727 exetuplona-d
1077 5647 1487 5727 signiﬁcandam
1526 5656 1787 5727 :cternant

232 5716 381 5782 Verbi
430 5716 865 5797 generationem,
898 5718 1418 5797 nihilmfiequen‘tius
1467 5731 1588 5795 esse
1640 5716 1787 5797 apud

233 5786 733 5865 Origenfaliosque
772 5791 983 5845 Patres.
1030 5788 1240 5842 Videsrs
1280 5786 1593 5857 Origenian.
1637 5788 1674 5841 l.
1725 5798 1787 5849 ιι,

235 5883 279 5936 q.
299 5870 349 5930 5,
374 5886 423 5920 n.
452 5869 541 5921 2L

285 5926 385 6012 (23)
415 5939 551 5994 Tres
579 5935 748 5993 codd.
779 5945 909 5987 mss.
935 5928 1298 5996 Corbeiensis,
1328 5926 1696 5996 Remigianus,
1734 5934 1789 5979 ct

282 4835 325 4867 ³⁸
352 4833 570 4888 Coloss.
603 4846 642 4887 ι.
670 4829 755 4886 15.

1908 4707 2121 4763 fabulas
2151 4720 2338 4762 eorum
2359 4746 2373 4771 ,
2412 4705 2505 4775 qui
2534 4704 2865 4774 prolationes
2897 4702 3161 4771 quasdam
3197 4700 3296 4757 sibi
3345 4699 3479 4768 ipsis

1796 4824 1841 4856 ⁸⁸
1870 4823 2007 4881 Gen.
2034 4837 2087 4887 v,
2112 4821 2169 4877 ’5.

1906 4948 2144 4997 monast.
2169 4938 2229 4993 S.
2257 4936 2507 4999 Michael,
2542 4934 2743 4990 habent
2775 4954 2798 4986 ‹
2838 4932 3272 4990 similitudinum.
3313 4949 3332 4982 ι

1974 5010 2092 5082 (ει)
2124 5007 2582 5082 δὶεῐῃεεηΑΙὶιιε,
2628 5024 2648 5056 ‹
2686 5008 2867 5082 homo.
2901 5022 2920 5055 ι
2955 5003 3119 5082 Paulo
3145 5001 3474 5082 iiifraurnss...

1907 5100 1927 5133 ι
1971 5068 2151 5153 i‘ma'gp
2195 5078 2318 5153 Filii
2368 5078 2436 5132 de
2486 5068 2612 5145 quo.
2666 5076 2905 5153 i_Alia_s,
2963 5092 2983 5124 ι
3026 5074 3214 5153 Δίιῃειεςο
3246 5070 3375 5153 riui
3409 5068 3478 5122 de

1899 5169 2025 5221 qua.
2049 5142 2287 5223 [Paulo
2310 5156 2432 5223 post
2466 5142 2665 5223 mss.,_g
2698 5146 2988 5223 imaginem
3012 5142 3472 5223 Ad?.f35$eﬁlil‘illllll

1897 5208 2014 5292 ejus
2043 5221 2230 5292 δρψ.)
2265 5208 2449 5292 Alias,
2470 5208 2911 5292 «similitudini—ent
2943 5214 3074 5267 Adae
3098 5208 3467 5292 liliu‘niSetlm

1963 5291 2077 5363 (25)
2097 5288 2268 5363 “Velut
2299 5290 2547 5363 quoidam
2575 5283 2966 5363 voluntasheju‘s
2988 5298 3053 5335 ea:
3080 5288 3250 5332 mente
3283 5294 3472 5363 proice-

1890 5347 2038 5417 deiis.
2060 5347 2171 5413 'Sic
2203 5347 2458 5412 Clemens
2486 5356 2786 5428 Alexandr.
2817 5347 3037 5428 Piedqg.
3065 5366 3155 5428 tu,
3177 5364 3298 5428 cap.
3333 5347 3465 5428 Iult.,

1890 5429 2096 5500 ἀγαθοῦ
2126 5429 2339 5500 Πατρὸς
2370 5426 2573 5496 ἀγαθὸν
2593 5424 2871 5500 Δβούλημςιι.
2912 5417 3295 5500 gulioniAP‘atris
3332 5417 3469 5468 bona

1891 5487 2160 5555 voluntas.
2196 5518 2213 5549 ι
2250 5487 2508 5553 Strom'ut.
2546 5487 2639 5551 lib.
2670 5511 2720 5558 v,
2754 5487 2877 5561 pag.
2910 5492 3009 5547 547
3048 5509 3060 5542 :
3092 5487 3303 5561 θέλημα
3336 5501 3472 5561 τισιν-

1886 5568 2303 5642 τοκρατορικόν.
2336 5556 2717 5642 Tertullianus
2742 5556 2987 5642 De‘uorat.
3011 5576 3148 5642 λείῳ..
3301 5574 3318 5606 ι
3351 5556 3470 5642 Ipse

1896 5627 2014 5696 eral
2046 5627 2295 5710 voluntas
2329 5648 2384 5690 et
2415 5648 2654 5706 potesms
2687 5635 2950 5710 Patris._i
2997 5630 3148 5710 Apuil
3184 5627 3465 5710 'ritltanas;

1897 5695 2039 5766 orat.
2069 5713 2102 5765 ὃ
2131 5719 2186 5763 et
2208 5709 2241 5761 4
2268 5695 2457 5763 contra
2484 5710 2719 5761 Arianos
2759 5722 2772 5757 :
2804 5702 2964 5774 βουλὴ
2991 5701 3082 5753 καὶ
3108 5695 3353 5767 βούλημα
3373 5695 3466 5746 τοῦ

1896 5781 2127 5843 Πατρός.

1968 5798 2218 5921 (ἒῗὶῖξριιξ
2264 5850 2396 5921 nihil
2438 5848 2724 5921 ingenitum
2772 5843 2827 5896 id
2857 5852 2958 5921 *εει
2991 5841 3466 5921 ’ἕηηαζιιηξὶρᾷεςιξς

1897 5901 2519 5977 solii—uilicumPutrem"
2551 5917 2804 5985 fatentur.
2851 5912 3002 5978 Quod
3048 5907 3207 5963 vertit
3236 5901 3463 5958 Ruﬁnus
