4064 6414
544 353 647 410 135
1768 348 2090 406 ORIGENIS
2124 354 2149 405 Ι

2175 352 2283 407 EPI
2321 351 2553 408 ΑΡΧΩΝ
3678 359 3780 415 156

542 475 868 545 depingunt,
911 480 971 545 ut
1001 472 1235 528 divinam
1279 477 1527 525 naturam
1565 471 1619 525 in
1655 482 1840 540 partes
1870 484 2072 541 ,vocent
2097 515 2111 541 ,
2144 482 2188 536 Α
2222 474 2564 541 resurrectio,
2591 480 2987 542 consequenter
3010 474 3306 546 intelligere
3335 477 3590 533 debemus
3613 481 3774 551 etiam

550 576 601 620 et
624 567 808 630 ,Deum
842 565 1052 618 Patrem
1091 570 1351 631 quantum
1387 562 1439 615 in
1474 577 1532 616 se
1562 572 1642 617 est
1668 563 1949 628 dividant,
1988 578 2110 619 cum
2218 565 2517 632 splendoris
2548 577 2714 632 opus;
2759 576 2854 630 per
2894 561 3231 630 splendorem
3270 580 3502 633 namque
3533 566 3662 635 quid
3707 566 3780 618 sit

547 658 651 707 hoc
709 656 775 707 de
822 653 1142 720 incorporea
1207 662 1400 704 natura
1455 652 1541 705 vel
1588 652 1779 708 leviter
1824 655 2110 723 suspicari,
2216 657 2305 710 lux
2344 658 2456 725 ipsa
2488 655 2803 723 intelligitur
2825 657 3146 709 etsentitur.
3180 655 3281 723 Qui
3314 656 3572 726 splendor
3606 655 3777 725 fragi-

544 765 648 803 tton
675 749 871 803 "solum
915 757 1172 802 extremae
1218 748 1513 818 impietatis
1562 749 1660 815 sit,
1712 765 1898 804 verum
1946 752 2110 812 etiam
2215 748 2355 802 libus
2395 762 2453 801 se
2495 755 2549 802 et
2585 747 2814 804 infirmis
2864 748 3167 804 mortalium
3202 746 3373 802 oculis
3417 746 3679 815 placidius
3716 760 3779 800 ac

542 838 749 894 ultimae
787 840 1141 908 insipientia,
1186 853 1291 894 nee
1314 842 1536 896 omnino
1582 842 1648 897 ad
1695 842 2107 913 intelligentiam
2214 837 2386 891 lenius
2417 835 2669 903 offerens,
2698 848 2750 893 et
2781 839 3036 907 paulatim
3068 838 3212 893 velut
3238 838 3474 892 edocens
3505 847 3562 891 et
3590 851 3781 890 assue-

541 944 878 999 consequens
938 939 996 983 ut
1067 933 1402 1001 incorporea:
1466 941 1676 988 natura;
1739 933 2109 988 substantialis
2215 929 2418 984 faciens
2457 929 2754 983 claritatem
2781 930 2999 984 luminis
3038 930 3180 998 pati,
3224 944 3345 984 cum
3383 930 3452 983 ab
3496 928 3576 983 eis
3606 928 3780 981 dimo-

540 1020 736 1075 divisio
780 1021 946 1088 possit
986 1022 1231 1094 intelligi.
1279 1024 1450 1095 Magis
1494 1039 1622 1095 ergo
1672 1026 1811 1079 sicut
1853 1026 2107 1079 voluntas
2213 1021 2350 1075 verit
2376 1036 2533 1075 omne
2562 1023 2704 1089 quod
2742 1023 2913 1076 visum
2947 1023 3168 1077 obducit
3209 1029 3261 1075 et
3294 1020 3552 1089 impedit,
3581 1034 3780 1074 secun-

541 1113 781 1181 procedit
813 1127 842 1167 e
870 1124 1052 1170 mente
1074 1156 1089 1181 ,
1124 1126 1179 1170 et
1211 1132 1382 1185 neque
1415 1126 1623 1186 partem
1650 1116 1886 1185 aliquam
1914 1119 2107 1172 mentis
2211 1111 2337 1165 dum
2378 1113 2520 1180 quod
2558 1114 2817 1167 Dominus
2846 1113 3015 1166 dixit:
3048 1130 3065 1163 ι
3104 1112 3247 1178 Ejice
3272 1110 3577 1165 trabemde
3614 1109 3774 1164 oculo

538 1213 722 1274 secat,
765 1220 936 1275 neque
986 1208 1054 1261 ab
1099 1222 1162 1261 ea
1216 1217 1500 1277 separatur
1538 1217 1631 1263 aut
1674 1209 1961 1276 dividitur,
2013 1208 2104 1262 tali
2214 1210 2302 1254 tuo
2336 1201 2410 1265 ‘3;
2451 1218 2468 1252 ι
2502 1217 2726 1271 capaces
2744 1217 2834 1256 cos
2852 1202 3091 1257 elﬁcitad
3117 1201 3513 1269 susclpicndam
3542 1200 3771 1270 gloriam

538 1299 768 1364 quadam
799 1299 977 1367 specie
1011 1299 1282 1367 putandus
1310 1300 1567 1354 estpater
1603 1298 1797 1353 Filium
1831 1300 2101 1368 genuisse,
2208 1289 2376 1358 lucis,
2408 1292 2571 1345 etiam
2609 1291 2661 1344 in
2710 1291 2813 1347 hoc
2854 1292 3000 1347 velut
3038 1292 3256 1361 quidam
3294 1292 3560 1345 mediator
3602 1290 3781 1346 homi-

538 1387 825 1456 itnaginem
855 1389 1060 1443 scilicet
1091 1404 1240 1443 suam
1262 1428 1275 1453 ,
1307 1399 1359 1442 ut
1394 1389 1538 1443 sicut
1567 1388 1679 1457 ipse
1708 1386 1993 1442 invisibilis
2023 1395 2106 1441 est
2211 1398 2335 1435 num
2366 1397 2427 1435 ac
2449 1381 2586 1436 lueis
2612 1382 2855 1439 etl‘ectus.

536 1492 634 1546 per
696 1488 984 1546 naturam,
1044 1480 1117 1533 ita
1172 1480 1457 1549 imaginem
1517 1492 1728 1547 quoque
1779 1478 2101 1533 invisibilem
2287 1476 2339 1529 8.
2395 1473 2590 1527 Verum
2647 1476 2900 1543 quoniam
2958 1472 3067 1545 (29)
3128 1489 3232 1527 non
3295 1473 3466 1530 solum
3514 1472 3777 1544 splendor

536 1572 805 1640 genuerit.
830 1571 1066 1626 Verbum
1096 1572 1237 1625 enim
1271 1580 1349 1625 est
1383 1571 1490 1641 56
1512 1570 1701 1636 Filius,
1733 1578 1785 1623 et
1821 1569 1942 1623 ideo
1971 1568 2103 1622 nihil
2208 1566 2391 1637 gloriae
2441 1582 2559 1621 esse
2617 1569 2816 1622 dicitur
2874 1566 2942 1620 ab
2993 1566 3282 1634 Apostolo,
3343 1567 3435 1620 sed
3498 1575 3551 1619 et
3603 1567 3774 1636 ﬁgura

535 1667 588 1719 in
607 1679 671 1718 eo
693 1665 949 1719 sensibile
973 1663 1376 1730 intelligendum
1395 1671 1497 1715 est.
1526 1660 1805 1730 Sapientia
1832 1668 1936 1723 est,
1962 1670 2015 1713 et
2047 1660 2100 1713 in
2206 1672 2459 1726 expressa
2491 1658 2811 1712 substantiae
2838 1659 2922 1713 vel
2952 1658 3319 1714 subsistentia:
3347 1656 3486 1724 ejus,
3510 1672 3614 1711 non
3640 1657 3773 1710 mihi

535 1758 797 1827 sapientia
833 1756 966 1809 nihil
994 1769 1314 1819 corporeum
1346 1752 1730 1820 suspicandum
1762 1760 1863 1805 est.
1895 1750 2099 1804 Lumen
2138 1825 2157 1827 Α
2207 1751 2422 1804 videtur
2460 1749 2620 1804 otiosi
2659 1763 2780 1804 esse
2820 1749 3133 1804 intellectus
3173 1750 3459 1802 advertere
3500 1748 3774 1814 quomodo

534 1825 617 1903 est
638 1863 845 1911 verum,
870 1846 1010 1916 quod
1037 1846 1309 1899 illuminat
1341 1857 1555 1896 omnem
1583 1840 1855 1894 hominem
1881 1840 2103 1894 venien-
2134 1825 2177 1880 Β
2208 1841 2310 1896 alia
2347 1852 2543 1910 praater
2575 1842 2743 1911 ipsam
2777 1843 2868 1897 Dei
2898 1841 3279 1902 substantiam,
3315 1854 3652 1908 qum-cunque
3682 1837 3771 1890 illa

536 1948 643 1992 tem
674 1938 727 1990 in
770 1938 912 1990 hunc
940 1936 1196 1989 mundum
1228 1933 1293 1997 ³⁹,
1327 1932 1423 1986 sed
1458 1930 1593 1985 nihil
1622 1930 1787 1984 habet
1814 1944 2099 1983 Commune
2205 1935 2508 1989 substantia
2539 1945 2592 1988 et
2617 1935 2970 1990 subsistentia
3000 1934 3220 1998 dicitur,
3255 1934 3420 2003 ﬁgura
3455 1930 3772 1986 substantia:

534 2028 599 2081 ad
631 2026 757 2081 solis
777 2025 934 2094 hujus
967 2024 1168 2078 lumen.
1198 2023 1374 2091 Imago
1400 2037 1530 2090 ergo
1555 2031 1639 2076 est
1676 2021 1968 2075 invisibilis
2002 2020 2094 2075 Dei
2204 2025 2321 2095 ejus
2351 2040 2470 2081 esse
2508 2027 2739 2103 dicatur.
2783 2025 2848 2079 Et
2884 2026 3005 2079 vide
3043 2040 3109 2078 ne
3146 2025 3284 2078 forte
3315 2022 3571 2092 quoniam
3600 2021 3771 2075 Filius

534 2118 712 2171 Patris
748 2115 994 2170 Salvator
1024 2124 1236 2179 uoster,
1272 2121 1532 2182 quantum
1566 2113 1632 2168 ad
1664 2113 1837 2182 ipsum
1876 2112 2095 2182 quidem
2206 2118 2327 2183 Dei,
2356 2118 2447 2187 qui
2481 2117 2719 2172 Verbum
2760 2116 2874 2185 ejus
2905 2127 2958 2170 et
2995 2116 3257 2185 sapientia
3297 2114 3510 2177 dicitur,
3539 2124 3591 2168 et
3621 2112 3771 2168 solus

533 2206 750 2261 Ρίιιτθιη
779 2202 1148 2273 νθτῖιθεθηὶ
1175 2210 1433 2270 (ιιιαιιιυηι
1468 2191 1646 2254 autem
1682 2200 1748 2253 ad
1776 2214 1875 2252 “05
1898 2196 2097 2267 (Ιιιίίὶυε
2204 2213 2358 2265 novit
2395 2210 2643 2275 Patrem,
2683 2218 2737 2263 et
2772 2209 2974 2263 revelat
3012 2209 3210 2277 quibus
3247 2208 3395 2273 vult,
3457 2207 3509 2260 id
3554 2213 3640 2259 est
3676 2204 3767 2273 qui

534 2295 736 2351 revelat
769 2294 980 2347 Patrem
1001 2332 1016 2357 ο
1057 2295 1231 2361 imago
1277 2302 1360 2346 εει
1390 2306 1487 2360 Per
1534 2305 1696 2359 (ιιιίιηι
1722 2290 2097 2360 εοεηοεείιιιυδ
2202 2318 2433 2373 capaces
2466 2302 2612 2356 verbi
2646 2302 2812 2369 ipsius
2830 2310 2882 2355 et
2910 2300 3188 2369 sapientiae
3212 2299 3436 2360 fuerint.
3467 2297 3767 2352 secundum

531 2388 744 2444 Patrem
768 2428 782 2449 ,
817 2403 974 2457 quem
1010 2401 1168 2440 nemo
1204 2386 1343 2439 alius
1374 2386 1521 2438 novit
1548 2383 1649 2438 nisi
1682 2382 1886 2448 Filius,
1920 2392 1974 2437 et
2007 2384 2094 2438 cui
2202 2396 2303 2450 hoc
2340 2396 2512 2464 ipsum
2545 2394 2687 2462 quod
2719 2392 2942 2462 intelligi
2968 2403 3131 2460 atque
3159 2391 3380 2461 agnosci
3408 2389 3540 2446 facit
3571 2390 3763 2449 Deum,

528 2480 937 2535 volueritFilius
956 2478 1213 2533 revelare.
1250 2476 1474 2531 Rcvelat
1496 2484 1673 2529 autem
1702 2490 1799 2544 per
1827 2477 1927 2531 hoc
1951 2478 2095 2546 quod
2203 2488 2426 2555 ﬁguram
2460 2486 2774 2540 substantia:
2812 2494 2975 2552 atque
3009 2483 3375 2538 subsistentia:
3408 2482 3523 2548 ejus
3552 2481 3769 2535 dicatur

530 2574 649 2642 ipse
676 2572 1010 2641 intelligitur.
1048 2570 1089 2622 A
1115 2586 1223 2640 quo
1252 2570 1364 2639 ipse
1398 2568 1541 2622 enim
1584 2566 1747 2621 fuerit
1786 2568 2094 2622 intellectus
2200 2579 2538 2648 exprimere;
2575 2577 2629 2631 id
2666 2585 2749 2632 est
2801 2592 2922 2632 cum
2977 2577 3324 2645 semetipsum
3364 2576 3598 2645 primum
3668 2575 3764 2627 de-

532 2673 934 2731 consequenter
976 2660 1301 2728 intelligitur
1341 2668 1405 2728 et.
1422 2657 1611 2723 Pater,
1653 2658 1946 2712 secundum
1993 2661 2094 2713 hoc

2206 2670 2403 2724 scribit
2435 2669 2698 2737 sapientia
2734 2681 2794 2721 ea
2839 2683 2958 2736 qua:
2989 2666 3232 2722 revelare
3267 2665 3379 2719 vult
3407 2665 3619 2719 caneris
3642 2704 3657 2729 ,
3700 2679 3766 2717 ex

531 2755 671 2825 quod
693 2755 802 2824 ipse
828 2753 995 2808 dixit:
1024 2770 1041 2805 t
1074 2751 1173 2818 Qui
1198 2767 1281 2805 me
1302 2752 1458 2818 vidit,
1485 2751 1619 2804 vidit
1640 2759 1693 2805 et
1718 2750 1930 2804 Patrem
1955 2750 2022 2806 ‘°.
2056 2769 2076 2802 ι

2200 2759 2395 2830 quibus
2415 2761 2480 2813 ab
2512 2759 2616 2813 illis
2643 2760 2953 2827 agnoscitur
2977 2768 3030 2811 et
3048 2757 3369 2825 intelligitur
3395 2755 3558 2818 Deus,
3577 2762 3633 2809 et
3663 2754 3766 2807 hoc

599 2848 653 2902 7.
695 2846 798 2902 Sed
837 2846 1091 2914 quoniam
1132 2858 1438 2898 sermonem
1487 2842 1637 2897 Pauli
1669 2843 1995 2898 iuseruimus
2029 2844 2094 2898 de
2202 2853 2414 2907 dicatur
2447 2850 2617 2920 ﬁgura
2654 2864 2910 2919 expressa
2951 2848 3264 2903 substantiae
3305 2847 3419 2901 Dei.
3470 2845 3542 2900 Ut
3577 2854 3766 2900 autent

526 2939 743 2995 Christo
771 2937 997 2993 dicentis
1035 2937 1087 2990 in
1114 2951 1176 2991 eo
1201 2935 1346 3004 (ιυοά
1390 2934 1465 2988 ait
1495 2935 1621 3005 quia
1663 2951 1681 2985 ι
1716 2935 1975 3003 Splendor
2011 2944 2094 2990 est
2200 2943 2409 3011 plenius
2436 2942 2613 2995 adhuc
2641 2940 2972 3010 intelligatur
3002 2938 3273 3007 quomodo
3306 2937 3557 2991 Salvator
3587 2936 3760 3004 ﬁgura

526 3031 707 3099 gloria:
736 3031 849 3095 Dei,
882 3038 937 3085 et
967 3029 1135 3099 ﬁgura
1167 3041 1419 3095 expressa
1448 3026 1760 3081 substantiae
1789 3028 1904 3094 ejus
1931 3027 1973 3058 “
2006 3045 2020 3082 :
2068 3046 2087 3080 ›

2198 3044 2282 3090 est
2319 3032 2635 3089 substantia:
2675 3031 2761 3085 vel
2806 3029 3171 3084 subsistentia:
3216 3029 3305 3082 Dei
3351 3027 3495 3099 (50),
3544 3037 3766 3080 utamur

527 3120 655 3187 quid
683 3133 751 3172 ex
781 3119 884 3172 hoc
919 3118 1260 3172 sentiendum
1292 3117 1363 3170 sit
1402 3115 1700 3168 videamus.
1742 3130 1760 3165 ι
1812 3116 1954 3170 Deus
2000 3115 2089 3170 lux
2125 3171 2161 3189 η
2198 3125 2363 3179 etiam
2396 3121 2677 3189 ’exetttplo,
2713 3121 2855 3189 quod
2893 3120 3142 3189 quamvis
3174 3134 3287 3173 rem
3327 3132 3429 3171 non
3475 3116 3633 3185 plene
3667 3131 3767 3170 nec

526 3216 611 3265 est
634 3209 702 3274 "',
748 3226 766 3259 ι
799 3209 1092 3263 secundum
1134 3204 1417 3259 .ioatmem.
1462 3204 1729 3274 Splendor
1762 3221 1890 3276 ergo
1932 3207 2093 3277 hujus
2122 3171 2163 3227 Ο
2198 3217 2414 3287 proprie
2434 3171 2698 3284 signiﬁcet
2719 3171 2783 3267 de
2800 3171 3345 3281 quajagimus,tamen
3361 3210 3427 3264 ad
3458 3211 3562 3263 hoc
3584 3209 3762 3263 solum

525 3299 662 3355 lucis
693 3309 779 3354 est
819 3298 1128 3367 unigenitus
1166 3297 1365 3361 Filius,
1398 3310 1465 3350 ex
1506 3297 1621 3365 ipso
1655 3296 2094 3366 inseparabiliter
2198 3307 2446 3360 videatur
2470 3312 2826 3371 assumptum,
2864 3300 3006 3369 quod
3036 3300 3355 3354 exinaniens
3387 3314 3445 3352 se
3469 3298 3643 3353 Filius
3673 3301 3763 3369 qui

525 3391 673 3446 velut
702 3388 1081 3461 splendor(28)
1113 3404 1178 3442 ex
1204 3389 1325 3442 luce
1350 3382 1669 3457 procedens.
1701 3398 1753 3444 el
1784 3376 2092 3447 illumihans
2197 3408 2311 3455 erat
2360 3399 2412 3451 in
2465 3396 2635 3449 forma
2681 3394 2805 3457 Dei,
2847 3406 2944 3462 per
2992 3393 3159 3461 ipsam
3209 3392 3291 3446 sui
3336 3390 3763 3445 exinanitionem

527 3484 833 3538 univerSaln
863 3481 1528 3537 creaturam-Secundum
1564 3483 1679 3536 Ιὶτεο
1712 3498 1947 3552 namque
1972 3500 2091 3553 quae
2196 3490 2374 3545 studet
2429 3487 2580 3542 nobis
2644 3484 2860 3539 deitatis
2915 3484 3303 3554 plenitudinem
3359 3484 3761 3537 demonstrare.

525 3575 775 3643 superius
799 3573 1153 3642 exposuimus
1173 3612 1187 3636 ,
1221 3573 1489 3641 quomodo
1519 3574 1600 3625 via
1624 3574 1723 3639 sit,
1754 3585 1809 3628 et
1833 3576 1993 3629 ducat
2020 3577 2089 3630 ad
2196 3577 2357 3632 Verbi
2386 3592 2547 3632 causa
2569 3615 2584 3641 ,
2630 3575 2673 3628 si
2715 3573 2855 3626 facta
2892 3584 3033 3628 esset
3064 3574 3241 3643 aliqua
3271 3580 3448 3627 statua
3487 3572 3612 3626 talis
3645 3586 3765 3641 quae

525 3663 831 3730 Patrem,et
854 3663 1120 3733 quomodo
1140 3662 1374 3718 Verbum
1400 3664 1471 3718 sit
1497 3678 1694 3718 arcana
1723 3650 2003 3733 sapientia:
2026 3682 2089 3722 ac
2196 3669 2565 3739 magnitudine
2593 3669 2673 3723 sui
2703 3668 3011 3721 universum
3043 3666 3230 3721 orbem
3260 3675 3417 3718 terra:
3439 3673 3672 3729 teneret,
3706 3673 3765 3718 et

524 3759 764 3813 scientiae
792 3756 1046 3828 mysteria
1073 3757 1439 3825 interpretans
1467 3772 1530 3811 ac
1556 3756 1834 3826 proferens
1858 3760 2091 3814 rationa-
2194 3752 2294 3835 pro
2354 3765 2436 3817 sui
2487 3761 2847 3817 immensitate
2888 3759 3218 3814 considerari
3262 3772 3290 3810 a
3343 3756 3489 3811 nullo
3539 3768 3761 3826 posset;

523 3849 618 3904 bili
645 3859 940 3917 creaturae,
969 3851 1237 3920 quomodo
1265 3851 1431 3905 etiam
1468 3850 1668 3904 veritas
1692 3858 1746 3904 et
1786 3851 1892 3904 vita
1922 3860 2005 3907 est
2034 3859 2090 3908 et
2197 3855 2352 3909 ﬁeret
2406 3863 2583 3907 autem
2638 3850 2743 3905 alia
2799 3858 2973 3905 statua
3028 3850 3396 3905 membrorum
3458 3850 3648 3904 habitu
3698 3864 3763 3903 ac

595 4005 639 4038 ³⁹
660 4004 816 4061 Joan.
847 4022 884 4068 ι,
908 4006 962 4061 9.
1039 4006 1083 4039 ‘°
1115 4006 1274 4062 Joan.
1301 4022 1409 4072 xtv,
1435 4006 1489 4062 9.
1564 4008 1833 4075 “1ch.1,
1856 4012 1909 4066 3.
1990 4012 2034 4045 δ’
2065 4013 2080 4068 Ι
2107 4012 2200 4068 Joa

1301 4022 1409 4072 xtv,
1435 4006 1489 4062 9.
1564 4008 1833 4075 “1ch.1,
1856 4012 1909 4066 3.
1990 4012 2034 4045 δ’
2065 4013 2080 4068 Ι
2107 4012 2264 4068 Joan.
2294 4026 2332 4074 ι,
2356 4008 2409 4063 5.
2489 4006 2535 4038 ⁸³
2560 4005 2693 4061 Luc.
2724 4020 2799 4070 vt,
2822 4003 2906 4057 42.

523 4147 676 4224 nihil
704 4148 1027 4224 ingenitum,
1081 4149 1140 4224 id
1166 4158 1250 4204 est
1293 4150 1559 4224 innatum,
1597 4169 1617 4203 ι
1647 4151 1698 4206 id
1726 4151 2084 4224 Hieronymus
2193 4165 2284 4210 tus
2316 4160 2573 4224 est,_nam
2601 4156 2656 4201 et
2680 4152 2782 4200 hoc
2811 4144 2998 4224 ultimo
3032 4159 3193 4224 sensu
3233 4143 3430 4197 Filium
3472 4143 3761 4224 infimam,

525 4214 803 4288 reddidit}
848 4220 981 4273 nihil
1012 4220 1275 4274 infectum
1308 4238 1325 4270 ι
1368 4221 1421 4273 in
1456 4214 1617 4288 epist.
1645 4224 1711 4274 ad
1741 4214 1959 4277 Avitutit
1994 4227 2082 4278 ubi
2193 4226 2246 4279 id
2297 4233 2383 4279 est
2410 4214 2729 4288 iincreatum
2786 4215 3130 4288 asserit_li_b.
3175 4230 3225 4288 vt
3282 4224 3466 4267 contra
3502 4214 3757 4288 Δ(Σειιηιιη,

522 4287 644 4359 a_it_:
675 4305 694 4338 ι
726 4287 968 4359 Tertium
996 4290 1261 4357 dignitate
1301 4297 1356 4343 et.
1382 4282 1589 4343 honore
1626 4300 1746 4359 post
1785 4292 2000 4347 Patrem
2033 4304 2088 4348 et
2194 4293 2414 4347 num.7.
2443 4287 2766 4355 Hincliquet
2793 4299 2964 4359 avcra
2991 4282 3239 4359 origenis
3262 4292 3441 4359 mente
3464 4285 3762 4359 aberrasse

520 4353 741 4421 Filium,
778 4358 974 4431 asserit
997 4352 1259 4431 Spiritum
1296 4368 1581 4425 sanctum,
1619 4352 1814 4431 dequo
1840 4378 1961 4415 cum
2002 4364 2083 4431 ig-
2197 4364 2580 4429 Hieronymum
2606 4352 2955 4431 cumvertit:
2992 4370 3009 4404 t
3038 4352 3188 4431 _l‘\'iltil
3229 4356 3447 4431 absque
3470 4353 3636 4431 Patre
3673 4355 3759 4431 itt-

521 4438 736 4499 norare
754 4442 811 4481 se
850 4428 993 4482 dicat
1018 4421 1197 4499 utrum
1228 4429 1405 4499 factus
1438 4431 1509 4483 sit
1528 4421 1594 4482 an
1624 4421 1878 4493 inl'e'ctus,
1904 4432 1954 4483 in
1989 4421 2154 4499 p'u--_
2195 4421 2561 4499 fectutn'csse.
2597 4444 2614 4476 ›
2647 4424 2836 4477 Melius
2859 4435 3005 4476 certe
3035 4421 3280 4499 Ruﬁnus,
3321 4441 3339 4473 ι
3376 4422 3511 4499 nillil
3545 4424 3761 4493 ingeni-

526 4496 847 4551 sterioribus
873 4499 999 4565 qttid
1030 4497 1098 4552 de
1128 4512 1193 4551 eo
1228 4498 1459 4553 sentiret
1485 4500 1925 4566 expressit,nihil
1959 4492 2087 4555 ahs-
2120 4493 2163 4545 D
2194 4512 2326 4558 tttm.
2361 4499 2411 4550 id
2439 4505 2522 4549 est
2544 4495 2791 4566 innatum
2826 4502 3020 4566 praeter
3048 4492 3219 4566 solum
3250 4492 3691 4566 Deum_Patretn.
3736 4511 3754 4544 ι

522 4579 628 4639 que
692 4566 799 4621 Deo
832 4561 993 4621 Patre
1026 4567 1280 4621 infectum
1310 4581 1431 4622 esse
1461 4561 1917 4623 con-ﬁrmansaAt
1942 4571 2081 4623 bona
2257 4567 2367 4639 (27)
2399 4561 2924 4639 Suspect_an}-liutini
2952 4562 3108 4615 ﬁdem
3137 4564 3240 4639 hoc
3262 4561 3595 4639 loco_fa_cere
3635 4578 3761 4639 pos-

523 4633 838 4707 _H_ieronymi
865 4639 1018 4690 venia
1046 4638 1299 4701 dixerim,
1333 4639 1510 4706 decipi
1542 4654 1600 4692 se
1634 4654 1823 4707 passus
1853 4650 1936 4691 est
1963 4654 2081 4690 am-
2187 4631 2297 4693 sint
2324 4631 2443 4707 quae
2470 4634 2663 4688 scribit
2694 4631 3052 4707 Hieronymus
3073 4633 3232 4707 epist.
3261 4634 3327 4707 ad
3366 4632 3589 4707 Avitum
3611 4631 3759 4707 ,rdo-

520 4703 697 4772 bigute
720 4700 873 4777 vocis
903 4707 1162 4777 ἀγένητον
1181 4700 1575 4775 signiﬁcatione
1596 4700 1715 4775 quae
1739 4723 1842 4760 non
1869 4722 2084 4775 semper
2188 4722 2312 4763 cere
2342 4700 2629 4775 Origencm
2654 4741 2669 4765 ,
2726 4720 2744 4752 ι
2796 4700 2991 4777 Filium
3017 4702 3123 4777 _qui
3160 4701 3229 4753 sit
3268 4704 3444 4770 imago
3466 4702 3758 4777 invisibilis

527 4790 546 4823 ι
578 4769 693 4825 rem
718 4769 967 4846 infectant
1009 4796 1026 4828 ι
1056 4769 1313 4846 exprimit
1348 4794 1361 4829 :
1399 4794 1427 4829 a
1450 4769 1692 4846 γεννάὼ,
1730 4795 1747 4828 t
1778 4778 1937 4845 gigtto
1980 4769 2086 4831 {ﬁt
2187 4778 2387 4839 Patris,
2442 4769 2839 4846 'comparaluttt
2882 4769 3072 4846 Patri,
3122 4784 3229 4824 non
3276 4769 3397 4846 esse
3428 4772 3753 4839 veritatem;

521 4845 807 4917 ysqudg,
834 4862 851 4895 t
886 4839 1145 4917 genitusf
1185 4864 1202 4895 ι
1233 4861 1260 4917 a
1289 4839 1527 4917 Tivopet
1552 4864 1572 4897 ι
1605 4839 1721 4900 sum
1750 4839 2020 4910 feisisto,
2059 4865 2077 4898 ι

2188 4848 2327 4916 apud
2358 4858 2456 4897 nos
2486 4839 2667 4917 autem
2693 4841 2785 4909 qui
2806 4839 2898 4917 Dei
2929 4840 3445 4917 omnipotentisnon
3464 4856 3754 4917 possumus

523 4916 584 4983 tit
616 4910 839 4982 γένητός
867 4910 1011 4977 ,Ίιου
1040 4926 1125 4969 est
1170 4933 1187 4965 t
1235 4910 1439 4970 habens
1483 4916 1551 4970 ab
1595 4916 1779 4983 aliquo
1823 4924 1882 4966 ιιι
1929 4919 2015 4968 sit.
2060 4934 2078 4965 ι
2188 4910 2441 4983 recipere
2472 4911 2785 4973 veritatem,
2819 4910 3191 4983 imaginariam
3220 4911 3503 4983 veritatem
3533 4913 3745 4977 videri;

522 4977 745 5050 Itaque,
782 4992 847 5053 ιιι
883 4985 1145 5037 observat
1177 4984 1403 5037 Huetius
1430 4977 1738 5053 Origeniah.
1767 4984 1799 5035 Ι.
1831 4998 1908 5047 ιι,
1940 4999 1993 5051 q.
2026 4984 2080 5051 2,
2189 4994 2249 5038 ut
2303 4977 2560 5053 maiestas
2604 4994 2667 5033 ac
2716 4977 3027 5053 magnitudo
3056 4977 3754 5053 nlaj_oris,_quddat_nmodo

522 5068 579 5104 η.
603 5047 698 5117 Ξῖ),
718 5052 762 5107 si
781 5052 1012 5120 "preprie
1040 5054 1185 5122 loqui
1208 5054 1450 5120 velimus,
1472 5047 1612 5108 Deus
1635 5053 1795 5107 Pater
1812 5063 1898 5106 est
1926 5047 2086 5122 ἀγένέ
2188 5047 2603 5122 circumscripta
2662 5050 2931 5122 sentiatur
2964 5049 3050 5122 in
3073 5047 3215 5122 Filio
3231 5066 3243 5113 ;
3275 5047 3468 5122 ADeum
3529 5051 3751 5122 Patrem

524 5136 699 5191 νητος,
728 5117 1088 5193 εῐάγένητος,
1112 5117 1237 5192 quia
1266 5117 1446 5193 neque
1475 5127 1543 5179 ab
1582 5122 1946 5193 ullodgenitus
1975 5117 2083 5187 est,
2186 5138 2307 5178 esse
2334 5117 3127 5193 lumenincomprehensibile;
3158 5119 3435 5193 Christum
3460 5120 3755 5193 collatione

522 5190 697 5258 neque
730 5194 797 5246 ab
824 5194 932 5246 utlo
964 5190 1217 5248 habet‘ut
1245 5190 1490 5248 exsistat.
1524 5193 1656 5247 ltem
1684 5190 1853 5245 Filius
1874 5202 2085 5261 estvev-
2188 5193 2366 5247 Patris
2407 5190 2746 5261 splendorem
2777 5202 2896 5243 esse
2924 5202 3272 5258 perparvum,
3312 5190 3404 5257 qui
3452 5192 3596 5261 apud
3654 5207 3751 5245 nos

522 5261 711 5334 vqrég,
737 5279 755 5311 ι
794 5263 1034 5331 genitus,
1080 5283 1108 5334 vi
1134 5280 1253 5317 nam
1280 5264 1566 5334 gigttitura
1596 5263 1776 5317 Patre.
1816 5262 1912 5316 Est
1952 5260 2081 5334 item
2186 5278 2288 5334 pro
2316 5260 2925 5334 itnbecillitatengstra
2970 5273 3210 5334 magnus
3258 5273 3379 5314 esse
3415 5260 3689 5334 videatur.
3727 5281 3747 5314 ι

522 5327 767 5399 γενητὸς,
799 5327 953 5385 ἰιςιηι
1003 5348 1032 5384 a
1087 5333 1246 5387 Patre
1281 5327 1374 5387 'sic
1428 5343 1681 5400 tanquam
1739 5348 1767 5385 a
1819 5331 2084 5400 principio
2186 5327 2293 5387 Sed
2324 5332 2449 5385 vide
2478 5340 2634 5385 notas
2659 5332 2726 5384 ad
2764 5327 3074 5396 Origenian.
3127 5327 3225 5382 lib.
3278 5345 3340 5395 it,
3389 5346 3445 5400 q.
3488 5332 3557 5397 2,
3604 5348 3660 5384 n.
3718 5333 3752 5385 8

526 5400 689 5472 habet
718 5411 775 5454 ut
799 5403 890 5455 sit.
923 5402 1159 5472 Spiritus
1181 5417 1308 5457 vero
1328 5410 1547 5456 sanctus
1572 5417 1675 5472 non
1701 5412 1782 5456 est
1804 5400 2082 5469 γεννητὸς,
2182 5412 2239 5457 et
2264 5401 2351 5472 16.

525 5470 618 5543 sed
651 5472 891 5543 γενητός,
928 5468 1225 5540 genitorem
1256 5474 1412 5543 enim
1436 5485 1539 5523 non
1572 5471 1754 5533 habet.
1793 5468 1887 5543 sed
1918 5468 2078 5524 habet
2255 5471 2365 5543 (28)
2399 5471 2474 5525 Ita
2501 5485 2633 5527 mss.
2660 5468 2829 5543 Alias,
2873 5488 2892 5521 t
2935 5477 2989 5524 et
3013 5468 3369 5543 utgspleudor.
3401 5489 3420 5523 ι

524 5552 557 5611 a
586 5538 745 5611 Patre
767 5538 822 5595 et
852 5538 989 5596 Filio
1015 5552 1070 5595 ut
1091 5543 1336 5597 exsistat.
1374 5540 1515 5608 Ergo
1547 5554 1671 5611 cum
1703 5544 1805 5595 hoc
1852 5542 1969 5611 loco
2008 5543 2084 5594 ait
2253 5538 2365 5611 (29)
2399 5543 2474 5611 ita
2496 5557 2626 5596 mss.
2656 5542 2827 5605 Alias,
2858 5558 2875 5589 ι
2916 5541 3163 5611 quando.
3193 5556 3212 5589 ι

524 5606 783 5683 0rigenes
811 5612 943 5683 nihil
968 5613 1171 5681 absque
1198 5612 1367 5683 Patre
1389 5606 1510 5683 esse
1534 5609 1820 5683 ἀγένητον,
1860 5610 2082 5683 Patrem

2252 5606 2365 5681 (50)
2396 5608 2487 5664 Sic
2513 5627 2642 5683 mss.
2668 5611 2835 5674 Alias,
2878 5629 2899 5659 ι
2935 5606 2991 5662 et
3019 5610 3371 5683 subsistentia
3398 5611 3535 5680 ejus.
3576 5632 3595 5665 ι
3628 5614 3749 5669 Mox

523 5678 694 5755 solum
724 5682 984 5755 ἀγένητον
1023 5678 1143 5737 esse
1183 5681 1323 5755 vult,
1356 5680 1481 5755 quia
1524 5678 1787 5755 solus'ab
1822 5680 1925 5755 alio
1975 5692 2080 5731 non
2182 5678 2381 5743 ms‘s.,'t
2418 5697 2521 5755 non
2548 5680 2703 5749 plene
2733 5696 2828 5735 nec
2860 5679 3103 5750 proprie,
3140 5696 3158 5730 ι
3197 5682 3355 5747 alias,
3395 5678 3561 5739 (non
3590 5688 3752 5754 plane

430 5744 433 5746 ’
525 5744 684 5804 habet
712 5744 889 5821 ut'sit,
918 5768 1021 5808 tton
1059 5765 1185 5807 vero
1211 5751 1335 5818 quia
1357 5744 1505 5805 solus
1526 5749 1760 5807 inlectus
1783 5760 1837 5807 et
1866 5749 2078 5805 increa-
2184 5765 2284 5806 nec
2313 5744 2560 5821 proprie:
2592 5771 2610 5803 ι
