3992 6542
185 451 269 508 137

1544 453 1745 511 LIBER
1777 452 2053 511 PRIMUS.

3292 464 3393 518 158

181 574 335 628 vultus
370 573 753 643 lineamentis,
798 578 976 645 specie
1019 594 1083 633 ac
1136 579 1361 633 materia
1402 593 1501 648 per
1544 578 1727 633 omnia
1758 580 1806 636 Α
1834 575 1911 629 ait
1961 577 2180 631 virtutis
2228 577 2321 631 Dei
2367 592 2624 648 vaporem
2664 593 2785 634 esse
2815 580 3159 649 sapientiam.
3191 573 3395 635 l‘ntelli»

178 665 349 720 similis
373 668 583 739 absque
618 672 1009 740 magnitudinis
1030 672 1429 736 immensitate,
1461 686 1556 739 pro
1582 687 1646 725 co
1676 680 1733 724 ut

177 758 252 825 qui
284 758 431 811 illam
467 759 790 813 immensam
823 760 1168 815 considerare
1205 768 1367 828 atque
1396 757 1592 811 intueri
1624 771 1730 810 non

176 863 394 917 possent,
427 851 572 905 hanc
605 852 872 916 videntes,
904 852 1049 905 illam
1083 866 1141 905 se
1172 851 1375 905 vidisse
1402 851 1731 905 conliteren-

178 941 407 1011 tur(3l),
447 958 551 1009 pro
577 956 643 996 eo
682 945 825 1012 quod
853 945 1030 997 omnia
1066 944 1432 996 membrorum
1469 953 1523 997 et
1555 941 1731 995 vultus

177 1031 520 1097 lineamenta,
564 1034 649 1087 vel
684 1036 855 1103 ipsam
892 1036 1126 1103 speciem
1159 1034 1551 1104 materiamque
1578 1035 1730 1088 simi-

177 1122 384 1175 litudine
435 1138 664 1191 prorsus
702 1127 996 1179 indiscreta
1041 1134 1319 1189 servaret;
1366 1126 1454 1178 tali
1491 1127 1719 1193 quadam

176 1214 520 1268 similitudine
546 1216 869 1269 exinaniens
904 1232 963 1270 se
990 1216 1159 1271 Filius
1201 1217 1294 1272 Dei
1331 1218 1396 1272 de
1422 1216 1729 1286 aequalitate

178 1303 369 1369 Patris,
412 1316 468 1359 et
505 1308 653 1359 viam
705 1309 862 1361 nobis
895 1307 1223 1378 cognitionis
1252 1307 1368 1375 ejus
1401 1309 1691 1362 ostendens
1712 1348 1726 1371 ,

179 1400 327 1467 ﬁgura
361 1412 626 1466 expressa
668 1400 986 1453 substantia:
1019 1401 1136 1466 ejus
1168 1398 1432 1465 ellicitttr;
1468 1411 1523 1453 nt
1549 1400 1640 1468 qui
1674 1400 1724 1451 in

180 1489 542 1558 magnitudine
572 1489 793 1541 deitatis
817 1504 928 1543 sua:
956 1492 1187 1558 positam
1212 1489 1435 1559 gloriam
1472 1489 1620 1543 mira:
1645 1489 1726 1541 lu-

177 1581 241 1633 cis
265 1594 369 1633 non
405 1590 722 1646 poteramus
774 1581 1040 1648 aSpieere,
1096 1597 1191 1649 per
1244 1582 1345 1635 ltoc
1393 1581 1534 1649 quod
1576 1580 1726 1633 nobis

176 1671 412 1740 splendor
445 1670 701 1738 edicitur,
735 1674 1005 1726 intuenda:
1047 1672 1182 1726 lucis
1217 1674 1411 1727 divime
1454 1674 1594 1725 viam
1630 1688 1727 1739 per

174 1761 461 1825 splendoris
496 1762 773 1829 capiamus
802 1773 1101 1831 aspectum.
1130 1762 1473 1829 Comparatio
1502 1778 1634 1816 sane
1657 1762 1725 1815 de

174 1860 346 1908 .tatnis
384 1856 500 1924 (52)
538 1856 689 1922 quasi
727 1857 778 1909 itt
815 1857 973 1909 rebus
1008 1856 1381 1910 materialibus
1414 1857 1619 1924 posita,
1653 1856 1720 1909 ad

1836 669 2007 735 genda
2046 678 2276 739 estergo
2310 672 2481 724 virtus
2530 670 2641 733 Dei,
2692 686 2797 741 qua
2836 672 3013 741 viget,
3072 688 3175 742 qua
3206 673 3389 725 omnia

1834 757 2066 811 visibilia
2097 769 2151 812 et
2176 758 2468 813 invisibilia
2501 760 2585 813 vel
2616 760 2851 815 instituit
2871 802 2887 826 ,
2912 760 2994 815 vel
3018 761 3278 823 continet,
3310 757 3394 813 vel

1833 849 2251 917 gubernat,qu:e
2278 850 2344 904 ad
2372 851 2547 903 omnia
2574 851 2845 906 sulliciens
2872 863 2973 915 est,
3008 868 3239 922 quorum
3268 866 3395 919 pro-

1831 939 2129 993 videntiam
2180 942 2338 1009 gerit,
2393 942 2610 1009 quibus,
2665 944 2806 999 velut
2871 944 2984 1008 uni,
3025 946 3096 997 ita
3138 946 3393 998 omnibus

1834 1035 2005 1087 adest.
2042 1032 2208 1100 llujus
2232 1046 2359 1101 ergo
2402 1033 2562 1086 totius
2596 1037 2812 1090 virtutis
2853 1046 3010 1089 tantae
3054 1048 3109 1090 et
3154 1048 3260 1090 tant
3287 1037 3391 1091 im-

1834 1145 2030 1182 mensae
2063 1145 2250 1199 vapor,
2290 1140 2362 1192 et,
2395 1139 2452 1181 ιιι
2486 1132 2558 1183 ita
2595 1131 2794 1195 dicam,
2838 1135 2993 1200 vigor
3028 1134 3138 1200 ipse
3178 1133 3229 1185 in
3265 1148 3393 1201 pro-

1833 1220 1948 1288 pria
1982 1220 2340 1275 subsistentia
2381 1219 2637 1287 ellectus,
2669 1224 2914 1291 quamvis
2946 1239 3010 1277 ex
3050 1224 3161 1292 ipsa
3192 1225 3391 1278 virtute

1829 1307 1976 1361 velut
2000 1308 2244 1363 voluntas
2280 1324 2343 1363 ex
2376 1319 2557 1362 mente
2582 1312 2854 1377 procedat,
2888 1322 3061 1365 tamen
3085 1322 3136 1366 et
3165 1313 3275 1380 ipsa
3300 1327 3391 1366 vo-

1830 1396 2008 1449 luntas
2040 1398 2131 1450 Dei
2158 1399 2508 1452 nihilominus
2540 1398 2631 1451 Dei
2665 1400 2838 1451 virtus
2870 1400 3095 1453 ellit'itnr
3127 1403 3260 1467 (56).
3297 1400 3390 1453 ΕΓ-

1833 1487 2008 1540 {icitur
2044 1490 2206 1557 igitur
2230 1490 2401 1542 virtus
2434 1489 2602 1543 altera
2656 1490 2707 1544 in
2741 1505 2834 1544 sua
2883 1493 3214 1560 proprietate
3259 1492 3390 1545 sub-

1830 1578 2046 1637 sistens,
2116 1588 2172 1628 ιιι
2232 1579 2307 1630 ait
2362 1592 2545 1629 sermo
2593 1574 2903 1647 St'ripturze,
2948 1595 3113 1647 vapor
3170 1582 3390 1648 quidam

1828 1668 2011 1732 prima:
2026 1679 2078 1718 et
2108 1668 2356 1736 ingeniun
2381 1668 2597 1721 virtutis
2626 1670 2736 1735 Dei,
2765 1672 2861 1724 boe
2880 1670 3097 1738 quidem
3122 1674 3261 1740 quod
3285 1681 3390 1735 est,

1831 1757 1953 1809 imle
1985 1758 2230 1823 trahens;
2257 1776 2359 1812 non
2387 1769 2470 1813 est
2493 1769 2673 1814 autem
2702 1763 2917 1829 quando
2941 1762 3050 1829 (57)
3073 1776 3178 1815 non
3207 1762 3390 1817 fuerit.

1832 1852 1887 1903 Si
1919 1852 2061 1905 enim
2093 1853 2212 1920 quis
2246 1853 2478 1907 voluerit
2501 1854 2684 1908 dicere
2719 1855 2875 1922 quasi
2907 1855 3053 1923 prius
3081 1871 3185 1909 non
3222 1867 3362 1909 exstt
3390 1894 3393 1895 ν

176 1948 291 1998 niliil
318 1947 464 2000 aliud
512 1949 797 2017 recipitur,
830 1964 993 2017 quam
1028 1950 1092 2002 ad
1126 1948 1225 2001 lioc
1254 1950 1400 2017 quod
1432 1948 1602 2003 Filius
1632 1949 1722 2002 Dei
1758 1924 1799 1978 Β
1834 1944 1977 2006 terit,
2030 1947 2121 1997 sed
2168 1955 2353 2012 postea
2404 1946 2471 1999 ad
2516 1946 2921 2000 subsistentiam
2976 1948 3203 2010 venerit,
3246 1948 3394 2001 dicat

174 2040 492 2092 brevissima:
526 2040 767 2094 insertus
789 2041 1005 2094 ltumani
1031 2042 1277 2108 corporis
1300 2040 1485 2095 forma:
1506 2056 1569 2094 ex
1593 2056 1723 2109 ope-

174 2148 277 2184 rum
308 2133 643 2202 virtutisque
670 2133 1029 2189 similitudine
1068 2134 1246 2189 Patris
1295 2134 1349 2189 in
1384 2149 1442 2189 se
1493 2136 1725 2189 immen-

170 2238 267 2275 sam
298 2224 409 2292 (55)
446 2239 511 2275 ac
558 2224 876 2277 invisibilem
926 2225 1348 2295 magnitudinem
1388 2228 1724 2297 designabat,

172 2331 256 2383 per
284 2316 386 2369 hoc
419 2317 566 2384 quod
602 2316 817 2370 dicebat
842 2319 907 2371 ad
930 2318 1224 2387 discipulos
1257 2321 1547 2387 suos,qnia
1581 2339 1597 2371 ι
1625 2321 1726 2387 Qui

172 2421 247 2460 nte
272 2407 435 2471 videt,
466 2407 615 2462 videt
645 2419 700 2464 ct
734 2408 950 2462 Patrem
971 2410 1051 2475 “;
1101 2428 1119 2461 ι
1159 2419 1213 2462 et
1242 2427 1257 2463 :
1294 2426 1313 2460 ι
1344 2409 1454 2477 Ego
1482 2424 1535 2464 et
1568 2410 1726 2465 Pater

172 2514 317 2552 unum
339 2500 617 2555 sumus".
649 2519 668 2552 ι
707 2500 913 2567 Quibus
938 2501 1100 2554 etiam
1134 2500 1263 2555 illud
1294 2500 1471 2555 simile
1518 2502 1725 2555 intelli-

172 2588 387 2656 gendum
414 2600 500 2643 est
532 2594 674 2658 quod
727 2591 827 2657 ait,
876 2590 1003 2660 quia
1040 2608 1058 2642 ι
1113 2590 1273 2645 Pater
1305 2590 1358 2645 in
1412 2605 1496 2645 me
1531 2602 1636 2657 est,
1674 2601 1730 2647 et

169 2695 256 2748 ego
282 2680 335 2734 in
370 2681 537 2736 Patre
554 2681 622 2735 “.
658 2700 675 2733 ι

231 2771 286 2827 9.
314 2771 611 2827 Videamus
639 2790 784 2828 nunc
827 2774 994 2828 etiam
1030 2774 1160 2827 illud
1198 2774 1433 2843 qualiter
1482 2776 1725 2829 sentien-

170 2862 282 2917 dum
306 2874 413 2927 est,
439 2867 583 2933 quod
616 2866 669 2918 in
705 2863 983 2933 Sapientia
1017 2863 1329 2920 Salomonis
1376 2866 1633 2935 scriptum
1654 2866 1728 2921 le-

169 2952 350 3019 gimus,
392 2954 486 3021 qui
528 2953 599 3005 ita
630 2954 707 3005 ait
737 2952 804 3005 de
856 2953 1148 3022 sapientia,
1194 2954 1317 3023 quia
1379 2971 1399 3006 ι
1444 2970 1611 3025 vapor
1642 2966 1728 3009 est

168 3044 369 3113 quidam
398 3045 512 3114 (3-5)
543 3045 755 3099 virtutis
789 3045 906 3107 Dei,
936 3056 991 3099 et
1014 3047 1309 3110 aporrhma
1337 3047 1729 3117 omnipotentis

166 3135 341 3202 gloriae
370 3135 694 3203 purissima,
727 3143 780 3189 et
810 3136 1063 3203 splendor
1093 3135 1227 3189 lucis
1250 3144 1488 3200 mternaz,
1522 3146 1573 3190 ct
1598 3153 1718 3205 spe-

167 3225 331 3279 tulutn
359 3225 770 3281 immaculatum
798 3225 1187 3294 iuoperationis
1212 3227 1331 3281 sive
1370 3228 1585 3281 virtutis
1610 3228 1722 3291 Dei,
1752 3256 1796 3316 α

166 3324 209 3368 et
237 3319 411 3390 imago
450 3318 711 3373 bonitatis
752 3316 949 3385 eius”.
982 3335 1001 3368 ι
1052 3316 1181 3384 Quae
1218 3332 1348 3389 ergo
1381 3318 1468 3372 ltic
1514 3320 1579 3373 de
1619 3320 1727 3373 Deo

172 3411 362 3477 deﬁnit,
394 3428 461 3467 ex
508 3410 750 3479 ;singulis
796 3409 1097 3478 quibusque
1138 3420 1284 3464 certa
1333 3411 1579 3478 quzedam
1621 3410 1725 3481 57

172 3503 335 3556 inesse
393 3503 675 3571 sapientiae
719 3500 813 3555 Dei
858 3501 1105 3571 designat
1154 3502 1445 3555 :virtutem
1496 3515 1728 3570 namque

172 3596 253 3649 Dei
284 3596 547 3657 nominat,
578 3604 631 3648 et
666 3592 892 3677 gloriam
920 3602 975 3647 et
1007 3592 1183 3647 lucem
1214 3602 1498 3656 aeternam,
1525 3601 1580 3646 et
1609 3591 1725 3647 ino-

172 3687 498 3756 perationem
544 3694 600 3739 et
650 3684 972 3738 bonitatem.
1016 3684 1107 3735 Ait
1162 3693 1343 3737 autem
1399 3682 1720 3751 sapientiam

173 3792 410 3844 vaporem
451 3791 575 3830 esse
638 3791 744 3831 non
800 3774 983 3843 gloria:
1038 3774 1488 3843 Omnipotcntis,
1547 3788 1722 3844 neque

174 3881 373 3923 rterna:
405 3868 564 3931 lucis,
595 3882 697 3922 nec
729 3865 1119 3936 inoperationis
1149 3866 1350 3931 Patris,
1387 3881 1488 3921 nec
1511 3866 1722 3921 bonita-

174 3964 237 4017 tis
262 3965 412 4033 ejus;
448 3977 628 4031 neque
660 3961 803 4016 enim
834 3962 1166 4015 conveniens
1192 3970 1309 4015 erat
1336 3960 1494 4014 alicui
1527 3961 1718 4015 borum

172 4059 356 4111 ascribi
407 4070 703 4125 vaporem;
752 4054 993 4109 sedcum
1040 4053 1191 4107 omni
1244 4053 1572 4123 proprietate
1607 4052 1718 4123 (55)

233 4221 441 4279 “Joan.
466 4239 579 4290 XIV,
602 4222 659 4277 9.
691 4223 737 4254 “
758 4221 913 4277 Joan.
934 4237 992 4286 ι,
1014 4221 1102 4276 50.
1178 4221 1224 4252 ⁵⁸
1251 4220 1379 4277 ibid.
1407 4222 1494 4278 58.

234 4372 336 4440 (3t)
384 4373 459 4425 Ita
515 4385 644 4423 mss.
699 4368 871 4430 Alias,
913 4385 930 4417 ι
967 4374 1219 4434 possunt,
1282 4368 1423 4423 lianc
1471 4368 1720 4427 videntes

169 4443 303 4495 illam
335 4443 535 4495 vidisse
562 4441 926 4492 considerent.
964 4457 981 4488 ι

229 4514 334 4566 152.)
366 4511 705 4564 Contnnratio
731 4523 853 4559 sane
874 4509 937 4558 de
968 4509 1181 4569 statuis,
1204 4516 1311 4561 etc.
1341 4505 1563 4560 Multum
1598 4510 1723 4565 Ilie-

168 4600 380 4635 rnnvmo
409 4580 689 4648 displicuit
718 4579 830 4630 hinc
868 4580 1199 4645 comparatio
1231 4593 1391 4644 quam
1421 4578 1561 4630 inter
1592 4583 1716 4633 Ori-
1748 4585 1791 4638 ι)

164 4654 303 4719 genis
351 4667 572 4705 errores
621 4650 869 4700 vitandos
916 4648 1123 4712 reponit
1150 4648 1376 4719 epistola
1403 4648 1468 4699 ad
1499 4650 1711 4703 Avitum

164 4716 241 4777 lllS
274 4724 485 4776 verbis:
525 4738 543 4769 ι
590 4719 824 4771 Duarum
859 4725 1161 4769 statuarum
1194 4716 1410 4781 majoris
1432 4727 1485 4769 et
1516 4734 1711 4785 parvu-

160 4798 216 4846 Le
250 4813 262 4846 :
297 4796 455 4845 unius
486 4805 609 4858 qua:
655 4786 1205 4858 tnundtttnitnpleut,
1247 4796 1301 4839 ct
1338 4790 1710 4858 magnitudine

156 4882 244 4915 sua
286 4856 695 4930 quodammodo
728 4856 1016 4930 invisibilis
1049 4857 1151 4930 sit,
1206 4864 1259 4908 ct
1314 4856 1536 4930 alternis
1581 4874 1701 4925 qua:

157 4938 253 4986 sub
286 4926 476 4985 oculos
505 4930 684 4991 cadat,
717 4928 865 4994 ponit
891 4926 1228 4993 exemplum;
1259 4927 1425 4993 priori
1462 4926 1701 4988 Patrem,

160 5002 434 5069 posteriori
464 5000 663 5053 Filium
694 5010 1037 5063 comparans.
1076 4995 1298 5069 {cruda
1332 4997 1509 5063 itaque
1539 5009 1593 5050 et
1628 5000 1714 5051 itt-

160 5063 357 5142 digesta
396 5072 449 5123 in
482 5069 932 5142 Grtecohnceesse
958 5063 1247 5142 est__l'uerit
1277 5066 1387 5142 haec
1431 5082 1715 5142 compara-

163 5134 250 5205 ιιιῖ,
280 5142 375 5196 sed
398 5152 589 5208 postea
618 5154 645 5190 a
675 5138 873 5189 ltutino
891 5134 1129 5208 emollita
1151 5176 1166 5200 ,
1196 5145 1255 5208 et
1278 5138 1343 5187 ad
1383 5140 1717 5190 commodio-

164 5230 269 5264 iem
301 5205 528 5265 sensum
555 5208 878 5276 quibusdam
912 5205 1110 5276 additis
1130 5245 1144 5267 ,
1170 5206 1488 5272 quibusdam
1532 5209 1715 5260 detra-

162 5284 255 5335 ctis
301 5275 586 5334 revocata.
629 5276 758 5332 Vide
818 5275 1120 5345 Origem’an.
1179 5276 1273 5329 lib.
1305 5291 1384 5341 tt,
1435 5288 1626 5345 quiest.
1657 5278 1715 5341 2,

162 5367 296 5404 ιιιιιη.
326 5356 377 5405 ὅ.

223 5422 332 5490 (55)
357 5422 453 5475 Sic
470 5432 659 5472 omnes
689 5432 822 5473 mss.
848 5415 1013 5481 Alias,
1048 5434 1066 5466 ι
1091 5430 1355 5490 apparens
1384 5416 1437 5468 in
1467 5417 1627 5469 terris
1660 5416 1711 5469 in

164 5486 375 5544 humani
426 5491 689 5558 corporis,
718 5491 888 5539 forma
930 5502 995 5538 ex
1035 5500 1262 5551 operum
1307 5486 1509 5539 virtute
1557 5497 1716 5555 atque

166 5557 641 5613 siinilitudine’Dt-i
671 5557 852 5610 Patris
884 5559 934 5609 iit
969 5558 1314 5617 immensam,
1348 5574 1365 5605 ι
1395 5566 1500 5608 etc.

230 5632 334 5699 (54)
372 5629 546 5699 Vapor
591 5640 663 5682 est
697 5628 939 5696 quidam.
974 5626 1119 5678 Alias
1144 5665 1160 5690 ,
1192 5642 1211 5675 ι
1250 5641 1414 5695 vapor
1462 5637 1546 5680 cst
1599 5630 1716 5695 qui-

170 5702 298 5753 dem.
337 5718 355 5750 ι

236 5769 340 5839 (3.3)
379 5769 469 5824 Sic
512 5786 643 5824 mss.
693 5768 864 5829 Alias,
919 5784 937 5815 ι
994 5764 1224 5833 aliquem
1275 5764 1715 5839 horumascribi

179 5835 427 5907 vaporem,
463 5843 555 5893 sed
591 5855 700 5891 tttttt
735 5852 858 5891 cum
905 5842 1251 5907 promte-tate.
1308 5854 1325 5885 ι
1375 5835 1540 5887 Paulo
1600 5848 1719 5904 post

182 5904 315 5975 ipsis,
343 5930 358 5960 ι
392 5928 492 5980 qna
525 5920 691 5979 viget,
717 5923 823 5977 qua
851 5908 1030 5958 omnia
1057 5904 1312 5969 visibilia,
1352 5924 1370 5956 ι
1401 5916 1506 5963 etc.
1539 5907 1592 5959 ln
1622 5924 1719 5960 an-

468 6004 748 6067 PAI’IOL.
796 6000 915 6059 Gtt.
966 5999 1075 6058 XI.

1832 2050 2050 2088 causam
2077 2050 2242 2100 quare
2276 2036 2367 2104 qui
2396 2052 2516 2089 eam
2545 2036 2841 2090 subsistere
2893 2037 3019 2091 fecit
3057 2036 3236 2101 Pater,
3265 2049 3395 2092 ante

1830 2128 1932 2181 lioc
1959 2142 2060 2179 nou
2090 2125 2299 2180 fecerit.
2332 2127 2483 2193 Quod
2527 2128 2569 2181 si
2602 2128 2818 2197 aliquod
2860 2128 3027 2181 semel
3054 2130 3265 2183 initium
3297 2131 3389 2183 de-

1829 2221 2008 2279 derit,
2042 2234 2148 2287 quo
2192 2219 2351 2271 initio
2378 2235 2541 2287 vapor
2578 2221 2679 2273 iste
2711 2237 2775 2275 ex
2810 2220 2898 2274 Dei
2933 2221 3137 2275 virtute
3174 2236 3387 2289 proces-

1828 2309 1981 2370 serit,
2042 2310 2235 2361 iterum
2296 2309 2752 2377 interrogabitnns
2798 2325 2966 2378 quare
3014 2326 3120 2364 non
3166 2320 3219 2364 et
3264 2324 3393 2367 ante

1830 2401 1957 2455 illud
1988 2401 2129 2469 quod
2160 2401 2294 2452 dixit
2320 2400 2565 2465 Initium;
2602 2410 2655 2454 et
2680 2402 2752 2453 ita
2783 2415 2995 2468 semper
3038 2402 3103 2455 de
3146 2404 3389 2458 anterio-

1832 2493 1981 2546 ribus
2014 2492 2383 2559 inquirentes,
2414 2500 2466 2544 et
2510 2491 2674 2545 verbo
2707 2492 3152 2561 interrogationis
3195 2509 3393 2550 ascen-

1829 2584 2041 2646 dentes,
2063 2582 2442 2651 perveniemus
2474 2582 2523 2634 in
2551 2582 2699 2635 illum
2731 2584 3064 2638 intellectum
3094 2624 3110 2649 ,
3156 2594 3215 2639 ut
3254 2600 3395 2654 quo-

1830 2674 1972 2727 niam
2002 2688 2216 2741 semper
2249 2681 2458 2741 poterat
2484 2672 2621 2726 Deus
2656 2683 2710 2725 et
2748 2673 2983 2738 volebat,
3008 2690 3281 2743 nunquam
3308 2675 3393 2730 vel

1829 2758 2093 2819 decuerit,
2123 2758 2201 2811 vel
2230 2774 2390 2812 causa
2425 2759 2600 2828 aliqua
2631 2760 2897 2813 exsistere
2922 2765 3174 2829 potuerit,
3204 2772 3393 2818 utnon

1830 2852 1931 2903 ltoc
1962 2851 2103 2918 quod
2131 2850 2328 2903 bonum
2355 2850 2586 2916 volebat,
2618 2867 2828 2920 semper
2854 2853 3103 2907 liabuerit
3134 2855 3271 2924 (58).
3295 2856 3379 2909 Ex

1828 2958 1934 3010 quo
1962 2942 2265 2995 ostenditur
2298 2956 2515 3009 semper
2545 2940 2710 2996 fuisse
2739 2958 2992 3011 vaporem
3024 2946 3187 2999 istttm
3216 2946 3394 3001 virtu-

1830 3032 1897 3085 tis
1930 3032 2019 3085 Dei
2052 3030 2256 3085 nnllutn
2287 3031 2571 3086 habentem
2606 3032 2822 3086 inititttn
2849 3034 2952 3087 nisi
2988 3036 3159 3104 ipsum
3199 3037 3390 3095 Deum.

1830 3123 2012 3191 Neque
2036 3122 2261 3177 decebat
2309 3124 2453 3176 aliud
2483 3140 2603 3179 esse
2630 3126 2866 3192 initium,
2907 3126 3009 3180 nisi
3037 3128 3215 3197 ipsum
3248 3130 3394 3183 unde

1830 3223 1885 3269 et
1932 3226 2014 3270 est
2064 3224 2118 3269 et
2167 3216 2447 3280 nascitur,
2502 3217 2692 3270 Deum.
2731 3218 3041 3273 Secundum
3073 3220 3392 3288 Apostolum

1830 3318 1956 3358 vero
1978 3304 2269 3365 dicentem,
2303 3304 2429 3373 quia
2454 3306 2705 3357 Christus
2737 3305 2830 3359 Dei
2865 3306 3034 3359 virtus
3056 3315 3144 3359 est
3161 3305 3207 3338 ’⁵⁸
3231 3345 3247 3372 ,
3277 3306 3393 3376 jam

1832 3410 1937 3449 non
1968 3393 2141 3447 solont
2168 3409 2336 3463 vapor
2368 3394 2585 3447 virtutis
2614 3392 2730 3459 Dei,
2774 3396 2865 3449 sed
2896 3396 3069 3449 virtus
3100 3411 3162 3451 ex
3186 3396 3392 3451 virtute

1793 3484 2059 3539 .dicenda
2091 3495 2196 3539 est.

1900 3624 1987 3678 10.
2021 3620 2307 3677 Videamus
2334 3623 2497 3676 etiam
2535 3624 2599 3678 de
2628 3639 2694 3679 eo
2722 3627 2866 3693 quod
2888 3625 3085 3679 dictum
3117 3636 3219 3694 est,
3251 3642 3391 3697 quo-

1828 3716 1971 3770 niam
1996 3715 2109 3784 ('59)
2143 3734 2161 3766 ι
2196 3718 2481 3785 aporrbma
2512 3727 2595 3771 est
2624 3718 2911 3786 purissima
2935 3720 3117 3787 gloria:
3136 3719 3396 3790 Omnipo—

1832 3812 2027 3874 teutis;
2075 3827 2093 3859 ι
2128 3818 2182 3861 et
2230 3809 2378 3876 prius
2429 3808 2641 3875 quidem
2673 3808 3081 3862 consideremus
3139 3811 3269 3879 quid
3306 3822 3394 3866 est.

1829 3900 1998 3971 gloria
2030 3900 2415 3969 omnipotentis
2452 3899 2567 3963 Dei,
2601 3899 2795 3953 deinde
2822 3900 2985 3955 etiam
3011 3901 3137 3968 quid
3168 3901 3240 3956 sit
3270 3903 3390 3966 eius

1829 3994 2116 4062 aporrhaaa
2170 3992 2493 4046 sentiemus.
2567 3991 3030 4057 Quemadmodum
3081 4002 3233 4061 pater
3282 4009 3391 4051 non

1827 4092 2003 4153 potest
2033 4098 2154 4138 esse
2180 4081 2302 4152 quis
2333 4081 2376 4136 si
2410 4082 2549 4137 (ilius
2576 4096 2680 4135 non
2717 4082 2789 4136 sit
2834 4081 2969 4153 (40),
3009 4097 3186 4153 neque
3219 4083 3391 4139 domi-

1570 4223 1614 4256 "
1638 4225 1763 4298 Sap.
1793 4246 1885 4292 vtt,
1911 4228 2004 4296 25,
2027 4226 2117 4281 ‘26.
2192 4226 2238 4258 “
2261 4226 2424 4282 lCor.
2449 4241 2488 4290 ι,
2511 4224 2603 4279 24.

1830 4382 1914 4428 tea
1952 4372 2110 4427 editis
2149 4370 2316 4436 deest,
2356 4387 2374 4419 ι
2411 4383 2513 4438 qua
2560 4367 2723 4436 viget.
2767 4386 2785 4419 ι
2834 4365 3001 4421 Paulo
3058 4364 3197 4420 infra
3227 4381 3387 4438 tnss.,

1837 4462 1856 4494 ι
1895 4444 2089 4511 quibus
2133 4440 2279 4494 velut
2325 4436 2441 4501 uni,
2486 4440 2558 4491 ita
2588 4438 2845 4511 omnibus
2904 4439 3077 4491 adest.
3140 4455 3161 4489 ι
3214 4436 3387 4502 Alias,

1836 4532 1855 4564 ι
1892 4508 2085 4580 quibus
2107 4511 2251 4563 velut
2278 4512 2424 4561 ttuita
2454 4508 2706 4580 omnibus
2735 4509 2906 4560 adest.
2941 4526 2960 4557 ι

1892 4573 2218 4653 (ΒϋῌΊτιυε
2251 4580 2487 4647 efﬁcitur.
2510 4578 2642 4653 _l’ost
2672 4580 2783 4653 haec
2806 4580 2966 4653 verba
2998 4576 3051 4628 in
3083 4582 3239 4653 antea
3271 4573 3388 4653 edi-

1823 4644 1909 4708 tis‘
1933 4644 2173 4710 additur,
2216 4667 2233 4698 ι
2275 4644 2446 4699 virtus
2474 4647 2635 4698 altera
2670 4664 2683 4698 :
2726 4647 2796 4698 ita
2820 4646 3020 4699 dictum
3047 4653 3129 4697 est
3153 4644 3295 4699 sicut
3330 4644 3385 4697 in

1818 4720 2111 4791 Evangelio
2143 4737 2156 4772 :
2190 4718 2324 4791 alius
2354 4728 2438 4791 est
2460 4717 2550 4791 qni
2584 4714 3167 4791 testimoniumdenme
3201 4715 3389 4791 reddet

1820 4782 2000 4845 l’aterv.
2031 4790 2095 4842 Et
2120 4791 2185 4841 de
2223 4789 2429 4855 Spirittt
2464 4782 2539 4837 ait
2567 4805 2578 4838 :
2612 4785 2825 4855 Mittam
2846 4784 2994 4855 vobis
3016 4783 3181 4855 alium
3214 4782 3386 4837 Para—

1818 4864 2036 4915 oletum.
2083 4878 2101 4910 ι
2130 4860 2235 4911 Sed
2269 4861 2380 4910 bare
2420 4856 2599 4907 omnia
2631 4871 2752 4909 cum
2798 4854 2975 4907 desint
3029 4854 3081 4906 in
3134 4855 3387 4908 omnibus

1821 4948 1977 4991 tnSs.,
2014 4929 2306 4983 resecanda
2335 4943 2457 4979 esse
2485 4940 2515 4977 e
2542 4936 2689 4978 textu
2720 4924 2993 4977 duximus.

1890 4998 1996 5071 (57)
2030 5002 2120 5053 Sic
2168 5014 2295 5052 mss.
2335 4997 2504 5059 Alias,
2554 5016 2571 5046 ι
2616 4996 2755 5050 intra
2807 5008 2926 5057 eos,
2980 5008 3087 5047 non
3126 5001 3212 5048 est
3256 5001 3389 5048 ante

1861 5073 2057 5123 nando.
2101 5088 2118 5120 ι

1821 5087 2131 5211 quagioSi’c
2162 5151 2289 5189 mss.
2317 5136 2484 5211 Alias,
2517 5152 2536 5185 ι
2567 5135 2790 5187 verbum
2820 5131 3266 5211 interrogationis
3292 5146 3386 5185 as-

1818 5204 2109 5264 cendentes
2141 5208 2486 5273 pervenimus
2624 5215 2682 5256 ut
2705 5204 2975 5273 quomodo
3033 5216 3250 5269 semper
3278 5218 3390 5326 Bo-

1818 5288 1957 5326 terat
1988 5289 2042 5326 et
2067 5278 2301 5326 volebat.
2335 5290 2607 5326 nunttuam
2637 5274 2717 5326 vel
2742 5272 2923 5326 decuit
3062 5282 3120 5325 ut
3143 5285 3250 5325 non
3321 5285 3389 5326 oc

1818 5288 1957 5333 terat
1988 5289 2042 5332 et
2067 5272 2301 5335 volebat,
2335 5290 2607 5344 mtnqnam
2637 5272 2923 5327 veldeeuit
3062 5282 3250 5325 utnon
3280 5272 3389 5326 hoc

1818 5351 1957 5419 quod
1984 5347 2229 5419 volebat,
2255 5360 2467 5414 semper
2493 5345 2759 5419 ltabucrih
2800 5361 2819 5394 ι

1890 5418 2001 5491 (59)
2036 5419 2200 5491 ᾼΙίίιε,
2234 5434 2265 5491 ι.
2287 5416 2575 5491 quomodo.
2617 5433 2634 5465 ι

1892 5483 1999 5561 (ιο)
2032 5483 2484 5561 Quemadmodum
2510 5484 2674 5561 Pater
2697 5490 2988 5561 nonpalest
3031 5500 3142 5561 esse
3158 5483 3295 5553 quis,
3336 5486 3386 5535 at

1822 5554 1997 5612 Filius
2024 5575 2132 5610 non
2168 5557 2256 5618 sit,
2291 5564 2398 5612 etc.
2428 5555 2523 5607 llic
2555 5554 2702 5607 locus
2731 5556 2814 5607 vel
2852 5558 3029 5621 potius
3062 5554 3198 5608 alter
3233 5562 3386 5608 certe

1823 5631 1921 5697 ipsi
1955 5627 2252 5682 consimilis
2292 5626 2582 5697 refertura
2616 5624 3085 5697 Metltodioqujns
3114 5634 3381 5697 excerpta

1822 5691 1983 5752 liabet
2020 5698 2241 5749 Pltotius
2286 5698 2409 5748 eod.
2445 5695 2550 5746 355'
2586 5717 2596 5749 :
2640 5698 2701 5747 Et
2746 5696 2846 5746 οὐκ
2896 5694 3011 5746 ἐστι
3056 5691 3387 5764 δημιουργὸς

1820 5770 1947 5821 ἄνευ
1993 5765 2506 5836 δημιουργημὰτων,
2541 5766 2572 5834 ἢ
2610 5767 2836 5835 ποιητὴς
2871 5764 2996 5836 ἄνευ
3043 5763 3384 5836 ποιημάτῳν,

1818 5838 1937 5889 οὐδὲ
1968 5832 2357 5906 mitto-apum
2384 5837 2509 5889 ἄνευ
2545 5832 2650 5887 ’ἐῶν
2689 5832 3092 5906 κρατουμένων·
3143 5832 3243 5906 τὸν.
3276 5832 3388 5906 γᾴρ

1820 5906 2144 5978 δημιουργὸν
2182 5902 2275 5959 ’διά
2298 5902 2353 5957 τὲ
2400 5902 2868 5977 δημιουργήματα,
2900 5902 3114 5972 ἀνάγκη
3164 5903 3258 5956 καὶ
3294 5902 3391 5957 τὸν

3030 6000 3081 6060 ὅ
