4064 6414
221 390 293 451 ιιι

1643 404 1844 459 LIBER
1886 402 2161 463 PRIMUS.

3417 405 3515 460 Nl

224 518 369 589 gloria:
393 524 757 603 purissima
801 542 937 585 esse
973 527 1233 600 sapientia
1259 541 1380 597 qua:
1407 536 1492 581 est
1522 527 1693 583 Filius
1719 529 1836 583 Dei.
1869 532 1917 589 Α
1944 527 1998 582 in
2028 528 2158 598 ipsis
2192 537 2339 585 sunt.
2376 526 2585 584 Horum
2628 535 2814 584 autem
2858 535 3192 599 potentatum
3237 524 3376 597 gerit
3418 539 3515 593 per

227 610 382 666 Audiat
413 616 516 684 qui
578 618 735 671 base
771 620 859 674 ita
907 619 1018 675 vult
1064 620 1346 689 suspicari,
1410 618 1549 688 quod
1606 620 1837 674 manife-

233 704 430 759 stissime
493 705 849 779 Scriptura
881 713 1191 780 pronuntiat
1219 710 1425 774 dicens,
1452 710 1576 778 quia
1612 709 1835 766 «Omnia

236 798 276 851 in
297 796 555 867 sapientia
596 800 819 856 fecisti
848 802 899 834 δ’
923 803 987 868 ;’»
1008 813 1061 856 ει
1091 817 1183 870 per
1213 801 1561 871 Evangelium
1587 801 1835 867 docetur,

241 892 336 959 quia
374 909 391 942 ι
428 892 636 945 omnia
692 910 812 962 per
850 895 1027 963 ipsum
1087 893 1226 946 facta
1284 904 1428 954 sunt,
1461 904 1515 947 et
1559 893 1678 948 sine
1722 894 1839 962 ipso

247 983 416 1037 factum
459 993 555 1038 est
589 986 749 1039 niliil
783 988 869 1052 “°;
912 1006 930 1038 ι
961 996 1015 1040 et
1051 987 1301 1052 intelligat
1329 1002 1391 1039 ex
1416 986 1536 1052 hoc,
1566 986 1689 1055 quia
1732 1002 1838 1040 non

251 1078 733 1145 potestantiquior
768 1094 905 1135 esse
940 1081 989 1133 in
1032 1080 1135 1133 Deo
1173 1079 1568 1147 Omnipotentis
1596 1079 1839 1147 appella-

249 1168 305 1221 tio
325 1183 479 1236 quam
512 1167 761 1233 Patris;
798 1187 908 1240 per
937 1170 1132 1225 Filium
1175 1172 1316 1225 enim
1360 1171 1706 1239 omnipotens
1750 1180 1836 1225 est

248 1259 389 1315 Pater.
433 1262 547 1316 Sed
592 1263 893 1331 quoniam
934 1263 1160 1333 gloriam
1204 1262 1476 1333 dixitMB)
1509 1278 1629 1317 esse
1659 1264 1840 1317 omni-

248 1355 466 1425 potentis,
493 1355 667 1425 cujus
700 1356 911 1422 gloria:
948 1356 1237 1423 aporrhwa
1282 1367 1363 1411 est
1399 1357 1688 1425 sapientia,
1734 1359 1838 1412 hoc

250 1448 436 1516 intelligi
472 1452 678 1512 datur,
707 1448 869 1515 quod
916 1449 1079 1502 etiam
1110 1449 1161 1501 in
1210 1449 1617 1524 omnipotentiae
1667 1450 1839 1519 gloria

248 1540 530 1594 societatem
583 1542 813 1594 habeat
860 1540 1156 1610 sapientia,
1194 1552 1292 1606 per
1348 1556 1508 1610 quam
1552 1542 1696 1597 Deus
1724 1559 1843 1595 om-

246 1633 462 1699 nipotens
514 1632 767 1686 dicitur.
865 1629 973 1684 Per
1032 1629 1343 1698 sapientiam
1395 1633 1537 1686 enim
1595 1648 1714 1704 qua:
1761 1644 1843 1689 est

246 1725 479 1788 Christus,
517 1734 685 1778 tenet
725 1723 888 1777 Deus
921 1721 1164 1775 omnium
1220 1729 1581 1790 potentatum,
1616 1740 1719 1779 non
1748 1739 1841 1779 so-

242 1814 325 1867 lum
352 1814 711 1869 doruinantis
800 1811 1160 1875 auctoritate,
1207 1828 1391 1867 verum
1434 1813 1597 1867 etiam
1651 1813 1845 1882 subje-

1896 670 1899 671 ,
1942 619 2176 674 Verbum
2200 636 2379 688 suum,
2412 620 2667 691 quoniam
2706 622 2759 677 in
2788 622 3007 676 nomine
3029 618 3155 675 Jesu
3186 633 3349 675 omne
3372 631 3514 687 genu

1941 710 2186 766 ﬂectetur
2214 721 2268 767 et
2308 713 2633 781 caelestium,
2674 722 2729 769 et
2772 713 3134 779 terrestrium,
3169 720 3225 768 et
3268 710 3516 765 inferno-

1940 818 2079 856 rum.
2136 803 2203 857 Et
2251 803 2295 858 si
2345 819 2503 859 omne
2533 818 2667 875 genu
2698 803 2935 859 ﬂectitur
2970 803 3121 866 Jesu,
3175 801 3295 856 sine
3350 800 3516 856 dubio

1942 892 2106 950 Jesus
2130 904 2213 949 est
2245 896 2329 949 cui
2369 896 2613 964 subjecta
2641 907 2769 952 sunt
2810 897 3015 960 omnia,
3056 905 3111 950 et
3153 895 3271 964 ipse
3301 902 3380 947 est
3420 893 3515 962 qui

1943 997 2278 1058 polentatnrn
2308 989 2419 1057 agit
2456 991 2507 1042 in
2538 991 2815 1055 omnibus,
2842 1001 2896 1044 et
2924 1006 3018 1062 per
3056 1004 3217 1059 quem
3265 988 3512 1055 Snbjccta

1941 1089 2068 1135 sunt
2093 1079 2242 1134 Patri
2278 1082 2459 1135 omnia
2504 1080 2637 1153 (50);
2671 1096 2766 1151 per
2806 1082 3124 1152 sapientiam
3177 1094 3433 1149 namque,
3460 1079 3513 1132 id

1941 1177 2026 1225 est
2057 1170 2223 1225 verbo
2256 1182 2309 1224 et
2340 1171 2566 1237 ratione,
2609 1187 2712 1224 non
2760 1172 2809 1224 vi
2842 1187 2906 1226 ac
2939 1170 3282 1235 necessitate,
3319 1179 3514 1226 cuncta

1943 1262 2185 1333 subjecta
2211 1272 2356 1318 sunt.
2386 1264 2450 1317 Et
2476 1263 2596 1318 ideo
2630 1263 2684 1317 in
2719 1280 2783 1318 eo
2817 1264 2932 1332 ipso
2977 1279 3083 1333 quo
3140 1263 3350 1317 obtinet
3382 1278 3517 1341 ⁸οηιο

1942 1355 2055 1420 nia,
2077 1356 2247 1427 gloria
2282 1371 2382 1409 sua
2413 1366 2533 1420 est;
2561 1364 2616 1410 et
2649 1357 2766 1411 haec
2795 1366 2881 1410 est
2909 1357 3307 1424 omnipotentiae
3337 1356 3515 1425 puris-

1941 1447 2074 1501 sima
2103 1459 2156 1503 et
2184 1448 2552 1517 limpidissima
2579 1449 2771 1519 gloria,
2806 1463 2930 1502 cum
2957 1448 3165 1501 ratione
3207 1456 3261 1502 et
3298 1448 3517 1518 Sapien-

1946 1539 2039 1603 tia,
2068 1555 2173 1594 non
2227 1540 2277 1593 vi
2327 1556 2391 1595 ac
2435 1542 2774 1604 necessitate,
2827 1553 3024 1594 cuneta
3073 1538 3315 1606 subjeCIa
3361 1550 3512 1595 sunt.

1949 1632 2249 1686 Purissima
2298 1648 2426 1687 vero
2479 1648 2543 1687 ac
2595 1633 2971 1701 limpidissima
3005 1633 3173 1701 gloria
3209 1634 3513 1701 sapientia),

1943 1730 2077 1777 satis
2110 1725 2499 1778 convenienter
2526 1726 2727 1779 dictmn
2753 1734 2838 1779 est
2864 1726 2928 1778 ad
2958 1725 3365 1780 distinctionem
3400 1725 3516 1795 ejus

1944 1817 2151 1887 gloriae,
2188 1831 2309 1885 qua:
2337 1831 2445 1870 non
2478 1831 2633 1885 pure,
2680 1831 2778 1871 nec
2820 1817 3035 1871 sincere
3082 1818 3254 1889 gloria
3293 1819 3513 1877 dicitur.

235 1917 409 1960 ciorum
436 1914 780 1977 spontaneo
813 1905 1109 1961 famulatu.
1134 1906 1197 1964 Ut
1220 1918 1398 1962 autem
1422 1922 1585 1962 unam
1612 1919 1664 1962 et
1692 1923 1841 1964 eam-
1873 1885 1917 1939 Β
1948 1885 2135 1967 Omnis
2170 1926 2298 1966 vero
2328 1920 2524 1964 natura
2574 1909 2685 1982 (51)
2735 1925 2852 1980 qua:
2912 1885 3286 1966 convertibilis
3331 1922 3415 1967 est
3462 1922 3517 1967 et

234 1996 327 2047 dem
352 1999 843 2066 onmipotentiam
879 1997 1066 2054 Patris
1103 2015 1165 2055 ac
1198 1999 1318 2053 Filii
1355 2014 1477 2055 esse
1509 2014 1834 2069 cognoscas,

230 2085 349 2139 sicut
402 2102 555 2141 unus
585 2098 776 2157 atqne
810 2088 962 2143 idem
994 2099 1079 2144 est
1106 2105 1225 2145 cum
1266 2090 1424 2146 Patre
1482 2090 1620 2144 Deus
1651 2102 1704 2146 et
1732 2092 1838 2146 Do-

225 2184 407 2248 minus,
457 2186 598 2238 amli
632 2186 751 2239 huc
796 2188 968 2241 modo
995 2186 1254 2241 Joannem
1304 2188 1355 2241 in
1406 2188 1724 2259 Apocalypsi
1757 2190 1840 2243 di-

219 2289 407 2331 centem
443 2295 460 2331 :
505 2298 527 2330 ι
576 2277 721 2331 Haec
759 2279 905 2334 dicit
942 2281 1205 2336 Dominus
1238 2280 1378 2336 Deus
1408 2281 1497 2349 qui
1532 2291 1636 2345 est,
1667 2283 1836 2350 etqni

212 2380 333 2433 erat,
363 2380 412 2422 et
449 2371 554 2439 qui
607 2380 906 2425 venturus
935 2379 1022 2426 est
1048 2373 1387 2442 omnipotens
1409 2373 1477 2426 δι.
1508 2391 1527 2424 ι
1563 2373 1667 2439 Qui
1692 2373 1835 2427 enim

210 2471 457 2517 venturus
486 2472 583 2516 est
618 2462 781 2531 (46),
828 2464 962 2531 quis
986 2476 1070 2518 est
1095 2465 1231 2519 alius
1265 2464 1371 2518 nisi
1419 2464 1715 2519 Christus?
1770 2465 1837 2520 Et

208 2554 335 2609 sicut
359 2572 533 2611 nemo
562 2558 758 2612 debet
787 2557 1000 2611 oﬂ'endi
1028 2572 1148 2611 cum
1185 2558 1323 2613 Deus
1360 2559 1432 2613 sit
1476 2556 1664 2620 Pater,
1690 2560 1835 2627 quod

206 2649 355 2701 etiam
392 2649 685 2704 Salvator
722 2659 817 2703 est
852 2649 1038 2715 Dens;
1082 2651 1154 2702 ita
1208 2658 1262 2704 et
1309 2665 1431 2705 cum
1486 2650 1836 2721 omnipotens

205 2744 394 2799 dicitur
419 2745 610 2800 Pater
640 2745 804 2816 (47),
832 2745 1008 2799 etiam
1039 2745 1214 2799 nullus
1245 2745 1407 2798 debet
1432 2744 1653 2809 oﬂ'endi,
1691 2746 1833 2814 quod

203 2837 351 2891 etiam
402 2837 599 2893 Filius
660 2836 768 2890 Dei
810 2837 1171 2902 omnipotens
1226 2837 1446 2892 dicitur.
1501 2836 1614 2891 Hoc
1676 2838 1834 2889 modo

205 2946 427 2999 namque
458 2946 681 2984 verum
722 2929 843 2981 erit
876 2928 1010 2980 illud
1038 2929 1179 2997 quod
1209 2929 1319 2998 ipse
1352 2929 1485 2983 dicit
1505 2930 1567 2983 ad
1596 2929 1830 2991 Patrem,

214 3027 329 3092 quia
364 3026 615 3079 ιΟιιηιίει
652 3039 793 3077 mea
836 3031 929 3073 tua
964 3031 1092 3076 sunt
1118 3032 1170 3076 et
1202 3033 1287 3075 tua
1314 3040 1457 3087 mea,
1482 3033 1537 3078 et
1564 3025 1835 3094 gloriﬁca-

209 3127 287 3171 tus
322 3133 445 3172 sum
472 3118 535 3171 in
578 3117 675 3172 eis
704 3114 787 3171 ⁸¹.
834 3135 857 3168 ι
888 3113 947 3168 Si
982 3129 1111 3168 vero
1136 3116 1315 3169 omnia
1341 3132 1460 3184 quae
1483 3114 1659 3170 Patris
1685 3128 1831 3182 sunt,

210 3208 399 3265 Christi
438 3219 604 3276 sunt,
650 3208 816 3262 inter
840 3207 1033 3260 omnia
1067 3222 1195 3260 vero
1227 3223 1345 3275 qua:
1377 3218 1524 3270 sunt,
1554 3208 1710 3261 Pater
1751 3222 1832 3263 est
1864 3246 1905 3300 Ο

214 3304 361 3355 etiam
412 3303 825 3372 omnipotens,
886 3300 1012 3353 sine
1071 3299 1235 3353 dubio
1288 3300 1452 3352 etiam
1521 3301 1838 3369 unigenitus

216 3386 375 3447 Filius
398 3395 569 3448 debet
599 3407 741 3447 esse
774 3391 1157 3460 omnipotens,
1185 3402 1239 3446 ut
1280 3392 1463 3446 omnia
1514 3407 1636 3460 qua:
1679 3391 1838 3445 habet

220 3484 395 3551 l‘zter,
435 3488 619 3541 etiam
651 3482 849 3538 Filius
901 3480 1125 3535 habeat.
1157 3502 1175 3533 ι
1214 3483 1279 3536 Et
1323 3483 1655 3552 gloriﬁcatus
1694 3497 1834 3543 sum,

224 3579 413 3648 inquit,
470 3581 527 3634 in
581 3576 793 3632 eis.ln
848 3576 1078 3629 nomine
1126 3580 1267 3628 enim
1314 3574 1440 3629 Jesu
1494 3590 1657 3629 omne
1701 3588 1837 3642 genu

227 3670 464 3726 ﬂectetur
492 3669 855 3728 cmlestium,
890 3666 1255 3731 terrestrium,
1284 3676 1340 3720 et
1390 3664 1750 3730 infernorum,
1779 3676 1834 3719 et

230 3766 401 3817 omnis
424 3763 613 3834 lingua
662 3758 1066 3821 conﬁtebitur,
1106 3757 1229 3823 quia
1276 3756 1536 3812 Dominus
1580 3757 1738 3812 Jesus
1786 3758 1839 3811 in

236 3854 401 3919 gloria
426 3865 506 3908 est
546 3852 649 3907 Dei
706 3850 903 3905 Patris
940 3848 1008 3901 ⁸³.
1063 3866 1082 3900 ι
1118 3847 1284 3919 Igitur
1333 3852 1619 3919 aporrboea
1652 3852 1840 3921 gloria;

238 3942 325 3997 Dei
360 3946 666 3999 secundum
709 3944 821 3997 hoc
868 3940 1018 4010 quod
1062 3941 1403 4009 omnipotens
1446 3953 1549 4004 est,
1603 3960 1737 4012 pura
1778 3961 1842 4001 ac

236 4034 455 4105 limpida
477 4038 596 4105 ipsa
629 4034 919 4105 sapientia
952 4042 1058 4094 est,
1102 4032 1397 4101 gloriticata
1432 4032 1540 4107 (48)
1586 4043 1841 4105 tanquam

238 4131 532 4195 aporrbma
558 4125 1025 4197 omnipotentiaz,
1049 4126 1133 4179 vel
1166 4125 1371 4195 gloriae.
1404 4124 1475 4179 Ut
1520 4138 1697 4182 autem
1731 4144 1842 4182 ma-

240 4220 506 4275 nifestius
531 4220 902 4288 intelligatur
935 4230 1059 4284 qua:
1087 4215 1157 4269 sit
1195 4216 1364 4284 gloria
1416 4218 1839 4286 omnipotentiae,

232 4311 404 4363 etiarn
430 4314 533 4366 hoc
557 4311 855 4366 addimus.
892 4306 1038 4361 Deus
1064 4303 1222 4359 Pater
1244 4306 1356 4378 (49)
1383 4310 1721 4378 omnipotens
1737 4318 1841 4375 est,

230 4413 301 4453 eo
325 4404 471 4470 quod
503 4412 867 4473 potentatum
905 4399 1152 4453 omnium
1204 4408 1371 4463 tenet,
1418 4400 1466 4452 id
1500 4409 1602 4465 est,
1634 4400 1755 4454 ραιΙί
1788 4411 1841 4453 ει

232 4499 424 4557 terras,
454 4497 586 4550 solis
618 4505 677 4550 et
702 4494 855 4547 luna:
886 4501 942 4547 et
973 4491 1277 4558 stellarum,
1326 4494 1675 4560 on’rniumque
1720 4508 1840 4561 qua:

298 4654 352 4686 ”
377 4655 519 4711 Psal.
547 4673 669 4724 cm,
693 4656 795 4711 24.
877 4653 926 4686 ⁸⁰
947 4649 1107 4705 Joan.
1130 4668 1169 4717 1,
1195 4654 1248 4707 5.

1343 4654 1383 4685 ⁸⁸
1416 4656 1577 4725 Apoc.
1603 4673 1638 4722 l,
1667 4657 1720 4713 8.

1815 4656 1861 4688 "
1884 4653 2041 4711 Joan.
2079 4647 2321 4713 “11,10.

1946 2001 2349 2057 commutabilis
2374 2039 2389 2065 ,
2430 2000 2647 2055 etiamsi
2681 2000 3013 2071 glorilicatur
3040 2004 3091 2056 in
3131 2003 3384 2073 operibus
3424 2003 3516 2072 ju-

1945 2095 2105 2149 stitire
2145 2096 2229 2149 vel
2252 2094 2550 2165 sapientiai,
2580 2110 2675 2165 per
2698 2095 2800 2150 hoc
2824 2096 2997 2166 ipsum
3033 2107 3211 2151 tamen
3248 2100 3389 2166 quod
3419 2115 3513 2153 ac-

1945 2187 2689 2257 cidentembabetjustitiam
2740 2190 2828 2245 vel
2872 2191 3221 2259 sapientiam,
3263 2202 3319 2245 et
3369 2194 3513 2259 quod

1946 2282 2049 2333 hoc
2095 2280 2236 2347 quod
2292 2278 2511 2345 accidit,
2565 2281 2734 2333 etiam
2779 2280 3034 2335 decidere
3077 2290 3294 2351 potest,
3342 2266 3511 2351 gloria

1944 2372 2060 2441 ejus
2088 2374 2298 2428 sincera
2331 2388 2395 2427 ac
2444 2372 2822 2443 limpidissima
2858 2391 2981 2430 esse
3039 2391 3143 2431 non
3178 2385 3375 2442 potest.
3412 2374 3515 2429 Sa-

1944 2469 2147 2538 pientia
2174 2483 2307 2522 vero
2351 2467 2447 2521 Dei
2486 2481 2606 2536 quae
2651 2477 2734 2521 est
2788 2467 3104 2538 unigenitus
3149 2467 3318 2522 Filius
3367 2468 3512 2537 ejus,

1943 2563 2197 2631 quoniam
2230 2564 2282 2615 in
2307 2561 2556 2616 omnibus
2608 2559 3044 2614 inconvertibilis
3081 2572 3164 2615 est
3214 2571 3267 2615 et
3300 2561 3511 2615 incom-

1944 2654 2237 2721 mutabilis,
2279 2663 2333 2709 et
2378 2652 2747 2709 substantiale
2784 2653 2836 2707 in
2881 2668 2947 2707 eo
2976 2668 3136 2707 onme
3189 2652 3388 2707 bonum
3429 2662 3515 2706 est

1942 2748 2086 2814 quod
2122 2746 2305 2813 utique
2352 2743 2553 2799 mutari
2600 2755 2765 2813 atque
2816 2744 3059 2798 converti
3113 2759 3387 2812 nunquam
3417 2759 3513 2813 po-

1940 2846 2069 2901 test,
2124 2837 2329 2891 ideirco
2381 2851 2518 2906 pura
2565 2836 2683 2906 ejus
2735 2850 2800 2890 ac
2842 2836 3053 2890 sincera
3104 2835 3274 2905 gloria
3307 2835 3513 2904 praedi-

1942 2940 2119 2985 catur.

2011 3022 2101 3075 Η.
2143 3020 2328 3076 Tertio
2377 3020 2575 3075 dicitur
2616 3020 2882 3092 sapientia
2941 3036 3061 3077 esse
3103 3021 3358 3090 splendor
3387 3021 3502 3094 (5‘2)

1940 3116 2078 3169 lueis
2102 3125 2348 3179 aeternae;
2378 3115 2536 3181 cujus
2571 3115 2648 3168 rei
2674 3116 2928 3168 virtutem
2960 3115 3072 3181 jam
3110 3117 3162 3168 in
3198 3116 3511 3183 praeceden-

1942 3209 2082 3263 tibus
2108 3207 2217 3278 59
2247 3209 2617 3275 exposuimus,
2656 3223 2776 3261 cum
2824 3208 2955 3262 solis
2989 3208 3431 3274 similitmlinem,
3456 3216 3515 3262 et

1943 3300 2213 3353 radiorum
2246 3298 2363 3367 ejus
2386 3299 2730 3367 Splendorem
2759 3297 3159 3351 introduximus
3202 3307 3258 3351 et
3300 3314 3398 3368 pro
3424 3299 3509 3351 vi-

1942 3389 2092 3443 ribus
2114 3390 2313 3444 nostris
2340 3390 2676 3443 ostendimus
2726 3391 2994 3457 quomodo
3032 3390 3132 3443 hoc
3165 3390 3389 3445 deberet
3424 3388 3508 3443 in-

1944 3483 2133 3552 telligi.
2182 3482 2459 3537 Audemus
2508 3490 2686 3536 tamen
2731 3483 2894 3537 etiam
2931 3483 3030 3538 hoc
3065 3500 3254 3539 mmm.
3298 3485 3513 3551 Sempi-

1944 3581 2155 3628 ternum
2197 3575 2281 3629 vel
2324 3588 2584 3629 aeternum
2617 3574 2832 3645 prOprie
2867 3573 3067 3626 dicitur
3125 3575 3269 3643 quod
3328 3590 3509 3645 neque

1942 3665 2151 3719 initium
2192 3676 2250 3720 ut
2284 3676 2427 3721 esset
2452 3667 2662 3731 habuit,
2691 3677 2866 3730 neque
2897 3678 3113 3716 cessare
3139 3681 3379 3734 unquam
3410 3681 3509 3731 po-

1944 3770 2051 3815 test
2074 3776 2193 3815 esse
2212 3762 2354 3830 quod
2378 3771 2479 3814 est.
2506 3759 2621 3813 lloe
2644 3772 2821 3814 autem
2849 3762 3163 3831 designatur
3187 3760 3324 3827 apud
3345 3758 3513 3813 Joan-

1944 3870 2065 3909 nem
2095 3870 2218 3909 cum
2252 3855 2381 3908 dicit
2414 3856 2673 3924 quoniam
2708 3872 2725 3905 ‹
2762 3855 2905 3909 Deus
2942 3854 3032 3908 lux
3065 3864 3149 3909 est
3175 3854 3242 3907 ³³.
3269 3872 3287 3904 ι
3320 3854 3511 3922 Splen-

1943 3948 2042 4001 dor
2071 3956 2250 4002 autem
2284 3945 2417 3999 lucis
2439 3945 2556 4013 ejus
2588 3945 2855 4014 sapientia
2902 3961 2997 3998 sua
3025 3955 3129 4006 cst,
3186 3960 3291 3997 non
3333 3944 3506 3998 solum

1942 4039 2241 4094 secundum
2296 4038 2437 4106 quod
2493 4037 2580 4091 lux
2632 4048 2733 4102 est,
2781 4036 2872 4091 sed
2918 4047 2973 4090 et
3023 4037 3315 4091 secundum
3368 4037 3513 4106 quod

1943 4132 2274 4202 sempiterna
2321 4130 2412 4184 lux
2449 4140 2551 4192 est,
2585 4130 2656 4185 ita
2710 4138 2766 4183 ut
2810 4140 3046 4183 aeternus
3092 4139 3145 4182 et
3191 4131 3513 4184 aeternitatis

1947 4222 2204 4291 splendor
2252 4221 2323 4275 sit
2354 4221 2618 4289 sapientia
2668 4235 2784 4273 sua.
2815 4219 2965 4286 Quod
2997 4220 3038 4272 si
3076 4219 3283 4287 integre
3314 4218 3511 4274 intelli-

1946 4320 2125 4378 gatur.
2160 4308 2444 4362 manifeSIe
2469 4307 2728 4371 declarat,
2762 4309 2886 4377 quia
2914 4308 3261 4362 subsistentia
3295 4308 3415 4362 Filii
3440 4311 3508 4361 ab

1945 4402 2065 4469 ipso
2095 4400 2260 4454 Patre
2282 4400 2582 4467 dcsccndit,
2608 4402 2702 4453 sed
2738 4417 2841 4452 non
2885 4400 3275 4468 temporaliter,
3332 4414 3510 4467 neque

1944 4494 2012 4547 ab
2037 4494 2142 4545 ullo
2172 4491 2275 4545 alio
2308 4492 2484 4556 initio,
2518 4492 2641 4553 nisi,
2677 4500 2735 4543 ut
2764 4490 3019 4555 diximus,
3056 4488 3122 4542 ab
3158 4489 3273 4557 ipso
3304 4488 3435 4543 Deo.

2399 4648 2444 4679 ω
2474 4648 2610 4701 ΡΜΙ.
2639 4664 2696 4710 ιι,
2726 4649 2811 4711 ιι),
2848 4648 2925 4703 ll.
3003 4645 3089 4697 ⁸⁸1
3115 4646 3265 4701 tom.
3293 4647 3411 4711 1.5-

299 4795 426 4869 (45)
450 4797 524 4851 lla
557 4815 695 4852 mss.
729 4796 912 4869 Alias,
954 4812 973 4844 ι
1018 4795 1301 4869 quomodo
1332 4794 1559 4869 gloriam
1606 4795 1763 4869 dixit.
1809 4815 1827 4847 ο
1861 4800 1912 4859 ῐ)
1937 4810 2028 4869 per
2062 4806 2211 4862 quem
2247 4787 2476 4869 subjerta
2514 4795 2641 4869 sunt
2690 4783 2843 4839 Patri
2888 4786 3083 4869 omnia.
3142 4785 3265 4840 llzec
3300 4786 3508 4867 .desunt

221 4863 418 4921 Paulo
442 4881 559 4938 post
598 4886 765 4932 mss.,
806 4885 827 4916 α
863 4866 919 4938 in
947 4863 1354 4938 omnipotentiae
1392 4866 1580 4934 gloria.
1612 4884 1630 4915 ι
1664 4868 1835 4938 Alias,

224 4956 245 4987 ο
303 4939 367 4991 in
413 4934 823 5009 omnipotentia
868 4936 1077 5004 gloriaz.
1123 4934 1314 5009 {Infra
1346 4952 1503 4998 mss.,
1544 4953 1562 4985 ι
1597 4937 1838 4990 omnium

221 5005 607 5074 parentatum.
653 5030 673 5063 ι
710 5010 899 5065 Alias.
937 5023 954 5055 ι
1000 5005 1512 5071 omnipoteutatum.
1550 5025 1569 5056 ι

293 5079 419 5151 (4-5)
456 5082 507 5135 In
543 5092 706 5133 antea
744 5077 919 5130 editis
958 5085 1101 5143 post,
1134 5092 1151 5123 ι
1186 5085 1446 5151 venturus
1484 5086 1587 5136 est,
1631 5093 1650 5125 ι
1691 5076 1844 5151 addi-

216 5146 339 5209 luf.
401 5146 421 5202 ἰ
490 5154 898 5221 ornnipotens,
960 5164 979 5196 ι
1027 5158 1148 5213 quae
1200 5161 1303 5199 vox
1359 5146 1413 5199 in
1460 5162 1589 5200 mss.
1643 5149 1843 5202 nostris

216 5222 403 5279 deest.

289 5292 415 5355 (47)
439 5293 657 5347 Dicitur
686 5289 894 5343 Pater.
928 5285 1023 5340 Sic
1070 5300 1200 5339 mss.
1246 5284 1395 5340 Alias
1446 5301 1593 5348 vero,
1628 5303 1646 5336 ι
1694 5288 1832 5338 lletls

212 5358 409 5416 Pater.
447 5384 466 5413 ι
508 5366 653 5417 lnl‘ra
681 5377 853 5418 mss.,
888 5375 907 5407 ι
953 5358 1096 5409 inter
1140 5357 1315 5410 omnia
1353 5372 1479 5411 vero
1510 5374 1634 5426 quae
1682 5366 1830 5417 sunt,

207 5426 391 5485 Pater
425 5447 517 5489 est
537 5435 708 5488 etiam
737 5468 835 5487 ....
874 5438 931 5479 ut
957 5427 1159 5479 ornnia.
1192 5444 1209 5475 ι
1241 5427 1412 5495 Alias,
1442 5445 1459 5476 ι
1495 5429 1633 5481 inter
1652 5428 1834 5479 omnia

202 5516 337 5567 qua:
369 5518 505 5559 Sltlll.
537 5507 747 5563 l’atris,
785 5510 876 5552 est
903 5498 1072 5551 etiam
1109 5534 1197 5549 ....
1233 5508 1285 5548 et
1310 5500 1512 5551 omnia.
1550 5518 1567 5548 ι

280 5572 406 5646 (48)
446 5579 543 5630 Sic
569 5592 711 5629 mss.
742 5572 934 5633 Alias,
968 5584 985 5616 ε
1021 5568 1132 5635 ipsa
1176 5574 1259 5626 est
1294 5569 1557 5637 sapientia
1596 5568 1688 5622 Dei
1723 5569 1836 5637 glo-

192 5639 449 5701 riﬁcm'a.
492 5666 513 5698 ι

266 5696 607 5785 (hillen:
659 5713 866 5772 Pater,
893 5716 1026 5785 ⁸ειε.
1074 5696 1217 5763 Vide
1274 5706 1585 5778 Origem'an.
1638 5708 1733 5763 lib.
1770 5723 1831 5773 tt,

183 5779 399 5852 ίΙῐιέΒδί.
446 5790 505 5852 1.
534 5803 696 5841 riunt.
740 5785 764 5836 ‘l
793 5790 857 5836 et.
887 5779 947 5832 2.

260 5855 390 5933 (ὅθ)
422 5847 506 5914 Et
528 5860 650 5931 ipse
675 5862 762 5910 est
791 5853 889 5922 qui
917 5859 1245 5920 parentatum
1276 5850 1379 5920 agit
1416 5851 1470 5904 in
1519 5847 1756 5904 omnibus
1788 5856 1832 5900 et

1949 4867 2001 4918 in
2031 4856 2187 4915 :u'rtea
2223 4861 2401 4922 editis,
2432 4858 2526 4911 sed
2586 4859 2636 4907 in
2690 4870 2817 4911 mss.
2857 4858 3105 4926 omnibus
3138 4856 3503 4926 reperiuntur.

2021 4931 2132 5005 (51)
2158 4931 2340 5005 Omnis
2373 4945 2488 4982 vero
2515 4936 2729 5005 ruitura,
2771 4936 2877 4979 etc.
2918 4925 3070 5005 llttnc
3107 4925 3281 4979 loemn
3319 4930 3407 5005 qui
3450 4930 3502 4983 in

1953 4996 2125 5057 aniea’
2144 5002 2304 5055 editis
2341 4996 2782 5064 corruptissimus
2807 5005 2910 5060 est,
2940 4996 3018 5049 sic
3053 5012 3243 5049 sanum
3277 5008 3332 5052 et
3363 4999 3503 5053 inte~

1950 5090 2103 5141 grum
2152 5072 2438 5141 restituunt
2485 5082 2612 5120 mss.
2662 5066 2832 5133 Alias,
2873 5085 2890 5117 ι
2935 5067 3110 5141 orariis
3152 5082 3277 5141 vero
3312 5078 3500 5122 natura

1950 5136 2069 5212 qua:
2092 5139 2460 5196 comertibilis
2487 5147 2570 5189 est
2595 5136 3073 5212 etcoimnntabilis
3117 5139 3280 5212 etiam
3317 5140 3507 5212 siglo.

1954 5207 2215 5277 riticatur,
2263 5211 2598 5277 gloriﬁcatur
2650 5209 2701 5259 in
2747 5209 3003 5277 operibus
3031 5208 3256 5274 justitia:
3296 5207 3379 5260 vel
3411 5226 3502 5262 ε..-

1950 5284 2162 5351 pientis:
2193 5296 2286 5346 per
2311 5280 2491 5334 Jesuni
2519 5278 2794 5351 Christum
2825 5280 2965 5346 quod
3016 5278 3349 5351 accidentem
3398 5280 3505 5351 bn-

1945 5348 2033 5407 bet
2053 5354 2321 5419 justitiam
2352 5351 2429 5401 Vt'l
2456 5349 2796 5415 sapientiam,
2825 5359 2877 5400 et
2906 5349 3072 5419 quod
3096 5348 3306 5401 accidet
3336 5348 3502 5402 etiam

1945 5417 2194 5478 decidere
2225 5429 2418 5491 potest.
2447 5420 2629 5474 Gloria
2669 5430 2846 5471 tamen
2885 5433 3001 5487 ejus
3032 5417 3245 5471 sincera
3278 5432 3341 5473 ac
3373 5419 3504 5473 lim-

1943 5496 2217 5561 pidissima
2272 5492 2518 5545 decidere
2554 5499 2782 5555 potest.»

2016 5565 2129 5633 (5:2)
2183 5563 2274 5615 Sic
2307 5576 2447 5633 loss.
2509 5560 2678 5633 Alias,
2720 5578 2738 5609 «ι
2793 5561 2930 5612 Deus
2994 5557 3255 5627 sapientia
3319 5566 3401 5611 est
3450 5569 3505 5611 et

1945 5629 2220 5701 splendor.
2257 5653 2273 5681 ο
2304 5629 2470 5685 Paulo
2501 5631 2639 5684 infra
2686 5645 2839 5693 mss.,
2868 5648 2906 5701 _«_
2947 5643 3119 5697 neque
3156 5640 3376 5701 cessare
3410 5642 3510 5679 llu-

1942 5698 2101 5772 qnam
2154 5712 2327 5766 potest
2381 5716 2501 5755 esse
2531 5701 2673 5769 quod
2708 5710 2814 5752 est.
2866 5699 2977 5751 lloc
3036 5709 3217 5750 autem
3256 5698 3507 5772 designat

1945 5766 2051 5827 t'ur.
2085 5793 2103 5825 ι
2141 5775 2305 5831 Alias.
2344 5788 2362 5821 ι
2404 5766 2578 5839 neque
2612 5784 2832 5824 cessare
2869 5783 3101 5837 unquam
3135 5777 3333 5835 potest.
3363 5766 3505 5834 Quid

1944 5856 2119 5900 autem
2152 5847 2246 5896 lmi-
2278 5844 2350 5897 sit
2378 5843 2708 5913 designatur.
2752 5857 2769 5889 ο
