3992 6530
537 476 630 532 1-ἓὸ

601 591 692 645 Η..
728 587 836 644 Sed
869 593 924 641 et
953 583 1232 656 speculum
1265 577 1678 634 immaculatum
1729 573 2026 645 ἐνεργείας,
2049 572 2100 624 id
2131 577 2170 630 Α

527 695 636 747 est,
692 678 1087 750 inoperatiouis
1145 675 1236 728 Dei
1297 687 1420 727 esse
1453 668 1719 739 sapientia
1765 667 2096 720 nominatur.

531 775 676 844 Ergo
712 771 1015 842 inoperatio
1047 767 1268 824 virtutis
1303 764 1396 818 Dei
1423 762 1538 832 (55)
1569 775 1688 830 quae
1711 762 1801 822 sit,
1830 756 1982 829 prius
2015 756 2102 808 in-

536 869 828 937 telligenda
860 872 964 930 est,
1003 877 1124 933 qua:
1166 869 1248 914 est
1307 859 1459 927 vigor
1491 855 1740 924 quidam,
1771 861 1830 906 ut
1855 852 1928 904 ita
1953 850 2106 904 dixe-

537 961 663 1024 rim,
719 973 816 1028 per
865 971 1024 1025 quem
1075 955 1394 1020 inoperatur
1453 945 1635 1008 Pater,
1671 943 1750 998 vel
1781 957 1902 996 cum
1931 948 2104 1002 creat,

535 1053 622 1106 vel
657 1067 780 1104 cum
840 1047 1114 1118 providet,
1148 1043 1231 1098 vel
1265 1057 1389 1097 cum
1439 1039 1672 1108 judicat,
1707 1038 1790 1092 vel
1821 1051 1940 1090 cum
1993 1033 2108 1087 sin-

541 1143 672 1216 gula
696 1157 926 1213 quaeque
958 1141 1010 1194 in
1045 1149 1291 1207 tempore
1315 1153 1412 1193 suo
1435 1134 1673 1204 disponit
1698 1141 1861 1202 atque
1893 1130 2109 1196 dispen-

541 1246 645 1291 sat.
675 1236 834 1289 Sicut
859 1247 989 1302 ergo
1021 1231 1072 1284 in
1106 1230 1328 1300 speculo
1362 1228 1616 1284 omnibus
1649 1224 1884 1279 motibus
1911 1221 2108 1290 quibus

540 1329 586 1380 is
614 1327 706 1395 qui
733 1324 1014 1394 speculum
1052 1324 1317 1385 intuetur,
1354 1329 1601 1374 movetur
1633 1316 1714 1370 vel
1755 1315 1884 1386 agit,
1917 1313 2107 1366 iisdem

543 1419 676 1487 ipsis
707 1418 873 1470 etiam
919 1432 980 1470 ea
1017 1418 1200 1488 imago
1233 1431 1355 1485 qua:
1390 1427 1487 1483 per
1530 1409 1806 1478 speculum
1836 1405 2113 1459 deforma-

543 1521 652 1571 tur,
689 1509 899 1563 actibus
941 1519 996 1564 et
1066 1509 1305 1564 motibus
1349 1513 1723 1561 commovetur
1757 1500 1840 1554 vel
1885 1500 2015 1568 agit,
2055 1496 2109 1548 in

541 1603 690 1658 milio
725 1617 948 1672 prorsus
979 1601 1296 1666 declinans;
1337 1600 1411 1653 ita
1457 1599 1622 1652 etiam
1661 1593 1926 1664 sapientia
1955 1591 2018 1644 de
2055 1604 2113 1643 se

541 1697 658 1751 vult
693 1693 946 1766 intelligi,
983 1711 1105 1750 cum
1157 1692 1435 1764 speculum
1493 1686 1899 1743 immaculatum
1933 1691 2113 1753 pater-

543 1803 626 1842 nae
663 1787 776 1858 (54)
807 1787 1029 1842 virtutis
1062 1783 1565 1854 inoperationisquc
1609 1782 1950 1841 nominatur;
1975 1777 2113 1829 sicut

541 1889 598 1936 et
627 1881 889 1935 Dominus
920 1877 1077 1932 Jesus
1112 1875 1368 1932 Christus
1410 1877 1502 1945 qui
1551 1885 1635 1928 est
1687 1869 1954 1942 sapientia
1993 1867 2112 1931 Dei,

543 1977 611 2028 de
653 1989 711 2029 se
751 1975 868 2043 ipso
920 1971 1258 2042 pronuntiat,
1306 1970 1515 2035 dicens,
1570 1967 1694 2037 quia

545 2068 675 2123 facit
707 2066 890 2131 Pater,
924 2066 1040 2119 hanc
1071 2065 1238 2118 etiam
1271 2063 1442 2117 Filius
1481 2061 1614 2116 facit
1643 2058 2010 2116 similiter“:
2049 2056 2115 2110 Et

544 2160 745 2215 iterum
783 2158 934 2222 dicit,
969 2157 1226 2227 quoniam
1274 2171 1293 2205 ι
1319 2169 1425 2208 non
1469 2161 1654 2222 potest
1691 2151 1862 2205 Filius
1887 2163 1916 2203 a
1949 2163 2006 2204 se
2035 2147 2117 2202 fa-

548 2265 675 2306 cere
724 2251 1044 2320 quidquam,
1081 2247 1186 2303 nisi
1236 2248 1378 2316 quod
1413 2245 1613 2300 viderit
1662 2243 1878 2298 Patrem
1910 2241 2114 2296 facien-

553 2343 787 2397 tem“.t
837 2341 1104 2408 Quoniam
1157 2356 1287 2411 ergo
1339 2340 1390 2393 in
1448 2337 1594 2392 nullo
1629 2351 1850 2406 prorsus
1897 2336 2115 2390 Filiusa

551 2435 712 2489 Patre
757 2436 958 2488 virtute
1009 2448 1238 2500 operum
1285 2433 1604 2485 immutatur
1653 2445 1718 2484 ac
1769 2427 1968 2492 differt,
2019 2441 2118 2481 nec

550 2526 698 2580 aliud
733 2534 818 2580 est
866 2539 998 2595 opus
1047 2524 1170 2578 Filii
1215 2537 1378 2590 quam
1412 2522 1612 2584 Patris,
1641 2523 1736 2576 sed
1790 2535 1929 2574 unus
1956 2529 2120 2588 atque

555 2619 720 2685 idem,
760 2626 820 2670 ut
875 2617 950 2670 ita
981 2617 1181 2679 dicam,
1213 2617 1380 2668 etiam
1415 2624 1595 2670 motus
1633 2616 1688 2668 in
1723 2613 1974 2668 omnibus
2013 2620 2118 2674 est,

557 2709 766 2764 ideirco
795 2710 1075 2778 speculum
1106 2723 1227 2762 eum
1277 2707 1684 2761 immaculatum
1714 2705 2034 2763 nominavit,
2062 2713 2116 2756 ut

554 2817 652 2871 per
681 2803 782 2857 hoe
829 2801 970 2855 nulla
1014 2801 1234 2856 omnino
1275 2800 1660 2856 dissimilitudo
1692 2798 1816 2852 Filii
1847 2797 2120 2866 intelliga—

555 2903 642 2946 tur
669 2895 734 2946 ad
757 2892 994 2946 Patrem.
1011 2893 1082 2946 Ea
1109 2907 1237 2948 sane
1253 2907 1373 2962 qua:
1396 2893 1688 2946 secundum
1713 2889 2122 2945 sin'tilitudincm

555 2987 640 3041 vel
681 2986 1041 3041 imitationem
1087 2984 1336 3054 discipuli
1376 2985 1441 3036 ad
1473 2983 1789 3050 magistrum
1831 2997 1858 3035 a
1898 2981 2125 3050 quibus-

559 3083 684 3134 dam
709 3081 850 3135 dicta
886 3089 1031 3142 sunt,
1063 3079 1276 3147 etquod
1311 3079 1362 3131 in
1399 3078 1628 3130 materia
1679 3075 1950 3145 corporali
2004 3089 2066 3128 ea
2093 3089 2121 3126 a

559 3172 698 3228 Filio
735 3173 888 3234 ﬁant,
930 3186 1049 3240 qua:
1097 3185 1124 3223 a
1155 3170 1318 3224 Patre
1348 3169 1400 3222 in
1438 3167 1758 3222 substantiis
1793 3167 2126 3235 spiritalibus

561 3265 715 3334 prius
763 3263 969 3316 fuerint
1017 3261 1318 3316 deformata
1347 3259 1483 3331 (55),
1527 3263 1816 3316 convenire
1858 3260 2127 3327 quomodo
2155 3293 2196 3349 α

561 3363 815 3424 possunt,
868 3369 988 3408 cum
1034 3354 1084 3405 in
1133 3352 1432 3418 Evangelio
1468 3351 1641 3406 Filius
1679 3353 1892 3407 dicatur
1920 3363 2025 3405 non
2058 3350 2128 3404 si-

566 3444 714 3498 milia
743 3443 946 3506 facere,
979 3443 1074 3497 sed
1107 3443 1294 3495 eadem
1321 3443 1610 3497 similiter?

638 3536 725 3591 15.
761 3536 1018 3604 Superest
1043 3533 1172 3604 quid
1204 3533 1274 3588 sit
1299 3535 1482 3605 imago
1521 3536 1777 3589 bonitatis
1808 3535 1924 3604 ejus
1949 3537 2130 3602 inqui—

563 3643 686 3684 rere
726 3647 739 3683 :
777 3629 827 3682 in
862 3643 969 3696 quo
1011 3627 1221 3692 eadem,
1270 3635 1328 3679 ut
1383 3627 1600 3693 opinor,
1627 3627 1852 3698 intelligi
1885 3630 2135 3683 convenit

563 3737 686 3792 quae
715 3721 966 3790 Superius
1005 3719 1073 3774 de
1105 3719 1340 3789 imagine
1365 3733 1428 3773 ea
1473 3735 1592 3788 quae
1623 3735 1718 3790 per
1739 3720 2012 3789 speculum
2047 3723 2135 3776 de-

565 3817 854 3877 formatur,
885 3811 1275 3880 expressimus.

1395 3923 1718 3993 Principalis
1778 3938 2010 3991 namque
2039 3921 2138 3977 bo-

569 3973 796 4048 uaﬁia‘}
823 3975 916 4048 ἐπὶ
945 3973 1038 4048 ἳοῦ
1069 3973 1322 4048 Σαὶτῆῐὶος
1394 3973 1835 4048 ῖ.;’.ζζζέῗζέζῖι.ξιζὶ

569 4015 669 4048 μ...
703 4015 796 4028 η...
823 4015 916 4026 ...η
957 4015 1037 4026 η-
1070 4015 1320 4041 ....-.,,.-.,
1435 4015 1445 4027 .
1521 4031 1534 4042 δ
1569 4017 1605 4042 ς,
1825 4016 1835 4026 ,

567 4044 751 4109 καλῶς
768 4043 834 4097 ἂν
861 4041 1322 4114 λεχθήσεσοαιδτι
1394 4026 1538 4114 mtas
1563 4030 1682 4069 siue
1713 4015 1896 4082 dubio,
1921 4032 1986 4070 cx
2036 4031 2139 4086 qua

569 4107 749 4202 e‘ixiov;
805 4107 1138 4202 ἀγαῐξξῖὴτοξ
1231 4111 1322 4202 eo?
1399 4107 1574 4163 Filius
1627 4119 1821 4174 natus;
1881 4111 1972 4178 qui
2047 4125 2143 4179 per

568 4183 1170 4322 ἓθέδέῐτίΐέαῗλλτὲξέ
1197 4182 1327 4304 αῖςέιῗ
1399 4207 1583 4322 ξ’ξτῖιὶὲπ
1940 4205 2143 4322 Pete

573 4297 961 4394 ἱιὶξξᾌγαοξξς
987 4297 1327 4393 ἀίῇλᾶδχῖίῖέ
1400 4297 1584 4368 procul
1611 4297 1771 4352 dubio
1798 4298 1965 4351 etiam
1993 4299 2146 4352 boni-

641 4423 688 4456 ⁸¹⁵
715 4421 871 4477 .loan.
895 4437 951 4488 v,
977 4421 1062 4482 19,
1140 4419 1186 4451 οδ
1218 4417 1345 4472 ibid.

1779 447 2099 508 ORIGENIS
2131 447 2290 499 ΠΕΡΙ
2323 441 2553 496 ΑΡΧΩΝ

2205 562 2390 620 ἁπλῶς
2437 558 2657 629 ἁγαθός.
2707 555 2814 629 Κριὶ
2833 628 2838 629 γ
2858 553 2958 629 tim;-

2207 653 2310 714 περ
2338 623 2498 714 simula
2531 632 2645 682 ἐστι
2685 627 2780 714 10:3
2821 623 2955 714 830'?

2271 695 2294 714 -ι
2461 701 2472 716 1

2204 723 2298 758 του
2347 706 2575 774 (impar-mu
2601 741 2638 774 ,‘
2657 699 2789 774 erat
2818 695 2957 774 κατᾲ

2207 776 2362 829 τοῦτο
2405 765 2556 834 Θεὸς,
2591 768 2704 823 ἀλλ’
2739 769 2798 820 οὐ
2831 765 2958 836 περὶ

2207 840 2267 900 οὗ
2295 846 2440 913 λέγει
2467 841 2627 913 αὐτὸς
2647 842 2674 892 ὁ
2695 837 2948 913 Χριστός·

2215 939 2231 969 ι
2262 907 2378 969 ’Ἱνσί
2423 909 2727 982 γινώσκωσί
2763 925 2840 982 _os_
2865 907 2957 958 τὸν

2213 987 2370 1058 μόνον
2432 979 2680 1058 ἆλῃοινὸν
2719 979 2872 1058 ᾹΘεόν
2893 993 2905 1004 ·
2936 997 2952 1026 ι

2208 1049 2380 1120 ὸῦτως
2416 1049 2577 1106 εἰκὼν
2606 1049 2956 1120 ἁγαοότητρς,

2211 1127 2324 1181 ἀλλ’
2354 1127 2452 1194 οὐχ
2498 1124 2573 1187 ὡς
2599 1123 2626 1173 ὁ
2650 1119 2846 1194 Πατὴρ
2892 1119 2956 1194 gf

2213 1167 2608 1270 παραλλὲικτῶς
2637 1167 2860 1260 amori;
2901 1186 2960 1239 LI

2213 1303 2294 1348 est
2323 1290 2442 1344 :Ita
2475 1290 2634 1343 etiam
2689 1298 2868 1338 censeo
2901 1283 2962 1334 de

2215 1378 2710 1447 Salvatorepulchre
2726 1375 2835 1428 dici
2849 1389 2960 1442 pos-

2213 1491 2286 1539 se,
2312 1489 2420 1527 esse
2440 1469 2650 1539 quidem
2683 1467 2832 1520 iitum
2867 1464 2961 1516 Dei

2216 1566 2462 1620 bonitatis
2509 1560 2815 1629 imaginem,
2858 1572 2962 1608 non

2216 1667 2389 1712 mitem
2436 1656 2714 1709 bonitatem
2760 1651 2968 1716 ipsam;

2219 1754 2442 1823 fortasse
2523 1748 2681 1802 etiam
2763 1741 2965 1796 Filium

2218 1850 2430 1909 bonum,
2462 1843 2550 1898 sed
2585 1857 2691 1896 non
2713 1836 2968 1906 simplici-

1755 1934 1961 2034 iOpera
1995 1977 2112 2031 qum
2143 1947 2184 2000 Β
2214 1957 2290 1999 ter
2307 1944 2518 1996 bonum.
2545 1939 2606 1990 Et
2629 1934 2964 2006 quemadmo-

2216 2039 2338 2090 dum
2396 2033 2489 2086 Dei
2549 2025 2828 2082 invisibilis
2886 2035 2960 2074 est

2216 2128 2434 2196 imago,
2539 2131 2583 2176 et
2692 2123 2967 2186 propterea

2217 2219 2378 2282 Deus,
2431 2231 2537 2268 non
2587 2223 2759 2264 tamen
2811 2207 2855 2260 is
2905 2203 2970 2258 de

2217 2330 2318 2384 quo
2380 2309 2622 2365 Christus
2677 2306 2786 2373 ipse
2841 2302 2966 2354 ait:

2225 2426 2243 2458 ι
2273 2404 2336 2460 Ut
2366 2410 2676 2472 cognoscant
2721 2407 2769 2449 te
2799 2393 2966 2448 solum

2221 2515 2398 2554 verum
2425 2499 2627 2558 Deum;
2659 2513 2674 2542 ι
2715 2494 2786 2543 ita
2815 2489 2963 2542 boni-

2223 2592 2342 2644 tatis
2382 2591 2589 2656 imago,
2638 2599 2740 2637 non
2791 2590 2966 2632 tamen

2223 2695 2276 2738 ut
2311 2682 2492 2745 Pater,
2517 2681 2629 2732 sine
2661 2677 2770 2730 ulla
2814 2674 2969 2742 (li/fe-

3679 419 3782 474 144

3032 550 3160 605 tatis
3217 547 3335 616 ejus
3392 539 3785 599 convenienter

3029 644 3213 714 imago
3239 641 3468 695 dicetur.
3485 635 3601 690 Non
3631 633 3782 686 enim

3030 738 3135 794 alia
3189 733 3367 804 aliqua
3417 725 3656 784 secunda
3691 726 3789 779 bo-

3029 832 3172 886 nitas
3246 825 3461 882 exsistit
3513 821 3568 876 in
3639 817 3786 874 Filio

3031 933 3225 998 praeter
3253 937 3371 977 eam
3427 932 3548 988 quae
3597 924 3684 972 est.
3726 915 3786 969 in

3033 1022 3194 1076 Patre
3219 1015 3355 1090 (57).
3389 1012 3545 1068 Unde
3597 1019 3653 1064 et
3697 1023 3772 1063 re

3037 1127 3124 1171 cte
3202 1115 3320 1180 ipse
3409 1106 3660 1162 Salvator
3727 1103 3790 1158 in

3035 1206 3328 1277 Evangelio
3365 1203 3498 1280 dicit
3523 1198 3788 1268 quoniam

3041 1321 3060 1353 ‹
3093 1314 3248 1354 nemo
3287 1299 3459 1352 bonus
3499 1293 3606 1346 nisi
3639 1303 3790 1344 unus

3037 1397 3180 1449 Deus
3227 1391 3388 1446 Pater
3407 1386 3562 1450 ""f‘;
3593 1403 3612 1436 ι
3675 1397 3788 1452 quo

3034 1486 3246 1541 scilicet
3295 1497 3396 1551 per
3437 1481 3540 1534 hoc
3581 1474 3794 1531 intelli-

3041 1589 3200 1652 gatur
3223 1576 3392 1652 Filius
3419 1588 3526 1628 non
3545 1585 3670 1627 esse
3703 1568 3796 1622 al-

3045 1649 3214 1725 terius
3245 1649 3540 1730 bonitatis;
3587 1661 3684 1716 sed
3719 1660 3795 1712 il-

3042 1769 3148 1821 lius
3181 1763 3350 1820 solius
3387 1774 3506 1830 quae
3551 1759 3603 1812 in
3625 1753 3796 1830 Patre

3039 1867 3154 1922 est;
3201 1854 3358 1932 cujus
3413 1862 3560 1905 recte
3610 1829 3796 1916 imago

3037 1953 3364 2024 appellatur,
3423 1949 3548 2018 quia
3609 1957 3796 2012 neque

3039 2049 3254 2103 aliunde
3296 2055 3404 2105 est,
3439 2041 3544 2096 nisi
3576 2055 3639 2094 ex
3673 2038 3794 2107 ipSa

3043 2137 3328 2212 principali
3385 2133 3666 2196 bonitate;
3724 2143 3799 2182 ne

3043 2239 3214 2294 altera
3251 2233 3469 2290 bonitas
3510 2243 3674 2298 quam
3727 2239 3798 2278 ea

3042 2347 3160 2404 qua:
3191 2331 3242 2385 in
3270 2328 3432 2381 Patre
3465 2333 3569 2391 est,
3601 2321 3798 2376 videa-

3043 2440 3131 2482 tur
3153 2428 3204 2480 in
3243 2423 3401 2480 Filio.
3457 2420 3643 2488 Neque
3694 2414 3802 2468 ali-

3039 2538 3145 2592 qua
3222 2513 3611 2574 dissimilitudo
3701 2514 3802 2561 aut

3039 2615 3299 2675 distantia
3383 2606 3643 2666 bonitatis
3737 2603 3800 2656 in

2225 2774 2392 2826 rentia
2417 2766 2628 2838 bonus]

2230 2863 2368 2918 Filio
2405 2869 2505 2914 est.
2537 2831 2762 2927 Propter
2815 2851 2958 2922 quod
3003 2863 3110 2904 non
3163 2844 3323 2899 debet
3353 2839 3505 2894 velut
3535 2831 3802 2902 blasphe-

2231 2957 2351 3010 mia:
2400 2951 2618 3022 aliquod
2669 2961 2840 3020 genus
2871 2941 3046 3013 putari
3077 2940 3129 2992 in
3164 2953 3228 2991 eo
3259 2933 3402 3003 quod
3433 2931 3633 2984 dictum
3667 2933 3753 2979 est
3779 2939 3798 2976 :

2234 3045 2446 3098 «Nemo
2495 3021 2670 3095 bonus
2711 3037 2825 3106 (58)
2861 3033 2962 3088 nisi
3017 3045 3158 3084 unus
3209 3027 3348 3080 Deus
3407 3021 3612 3084 Pater;
3657 3035 3679 3069 ι
3739 3025 3806 3069 ut

2231 3146 2516 3207 preptcrea
2559 3139 2799 3200 putetur,
2847 3127 2932 3187 vel
2979 3122 3252 3180 Christus,
3288 3115 3372 3171 vel
3399 3113 3635 3184 Spiritus
3664 3125 3804 3164 san-

2230 3241 2349 3284 ctus
2384 3225 2571 3294 negari
2625 3221 2770 3285 quod
2829 3220 3004 3272 bonus
3033 3215 3137 3278 sit;
3172 3211 3264 3266 sed
3295 3219 3351 3262 ut
3379 3205 3628 3275 superius
3653 3201 3809 3278 dixi-

2235 3335 2382 3383 mus,
2417 3314 2739 3386 principalis
2779 3309 2995 3366 bonitas
3048 3305 3098 3358 in
3139 3304 3246 3356 Deo
3276 3296 3552 3353 sentiendo
3579 3303 3663 3348 est.
3697 3291 3808 3346 Pa-

2236 3425 2316 3468 tre
2353 3427 2420 3466 ex
2451 3421 2560 3477 quo
2593 3405 2674 3458 vel
2709 3403 2878 3458 Filius
2928 3405 3110 3462 natus,
3140 3395 3228 3446 vel
3280 3389 3521 3460 Spiritus
3571 3394 3810 3440 sanctus

2233 3501 2560 3572 procedens,
2596 3497 2712 3552 sine
2737 3493 2900 3548 dubio
2929 3486 3190 3544 bonitatis
3221 3481 3337 3552 ejus
3367 3487 3616 3556 naturam
3649 3475 3706 3528 in
3736 3488 3805 3528 se

2234 3568 2400 3649 refert
2435 3589 2570 3660 (59),
2603 3601 2722 3658 qua:
2749 3595 2833 3640 est
2857 3585 2910 3636 in
2966 3595 3030 3635 eo
3067 3581 3218 3632 fonte
3265 3578 3330 3628 de
3375 3586 3484 3641 quo
3517 3568 3600 3622 vel
3639 3575 3810 3620 natus

2237 3696 2324 3742 est
2354 3685 2552 3750 Filius,
2583 3679 2669 3734 vel
2704 3675 2950 3749 procedit
2976 3673 3212 3742 Spiritus
3251 3675 3494 3732 sanctus.
3523 3660 3642 3715 Jam
3667 3673 3810 3712 vero

2243 3780 2288 3834 si
2316 3792 2424 3848 qua
2456 3775 2560 3829 alia
2595 3773 2734 3828 bona
2767 3771 2819 3824 in
2856 3765 3160 3835 Scripturis
3207 3761 3484 3820 dicuntur,
3517 3754 3602 3808 vel
3635 3765 3812 3822 ange-

2241 3870 2344 3934 lus,
2381 3867 2464 3923 vel
2495 3867 2678 3926 homo,
2709 3861 2792 3915 vel
2828 3873 3042 3921 servus,
3075 3853 3160 3908 vel
3212 3853 3529 3913 thesaurus,
3571 3845 3656 3900 vel
3710 3859 3815 3899 cor

2238 3963 2461 4024 bonum,
2504 3958 2586 4011 vel
2635 3957 2799 4010 arbor
2849 3954 3013 4016 bona,
3057 3949 3176 4002 haec
3213 3943 3394 3998 omnia
3439 3940 3548 4012 60
3583 3937 3812 3993 abusive

2237 4053 2511 4114 dicuntur,
2569 4047 3104 4104 accidentemﬁuou
3163 4032 3577 4091 substantialem
3633 4029 3688 4082 in
3746 4041 3814 4081 se

2241 4131 2581 4200 continentia
2611 4137 2930 4194 bonitatem.
2961 4130 3184 4185 Multum
3217 4136 3400 4181 autem
3437 4133 3544 4188 est,
3585 4131 3638 4178 et
3666 4120 3815 4174 alte-

2241 4238 2354 4291 rius
2387 4235 2470 4288 vel
2502 4232 2686 4304 operis
2741 4229 2826 4284 vel
2883 4223 3166 4296 temporis,
3228 4231 3567 4288 congregare
3613 4226 3814 4267 omnes

2245 4326 2367 4382 Filii
2419 4324 2512 4379 Dei
2539 4302 2952 4391 appellationes
2984 4333 2997 4370 :
3028 4314 3178 4370 verbi
3209 4325 3394 4378 causa,
3419 4306 3688 4380 quomodo
3719 4302 3814 4358 vel

1423 4414 1542 4446 57-"
1575 4413 1736 4468 Marc.
1765 4414 1943 4480 x,18;
1976 4413 2104 4470 Luc.
2129 4433 2281 4485 xvm,
2308 4419 2392 4474 i9.

647 4515 759 4591 (55)
797 4515 907 4591 Vox
951 4533 968 4566 ι
1025 4514 1120 4591 Dei
1181 4532 1200 4564 ι
1237 4511 1644 4591 ἀριξῃίιμιιιιιερ
1675 4509 1854 4570 editis.
1907 4511 2003 4564 sed
2056 4527 2128 4566 re.

2248 4517 2364 4591 loco
2399 4511 2690 4591 Origenem
2724 4509 2972 4591 queritur
3013 4505 3370 4574 Hieronymus
3392 4499 3446 4554 in
3471 4496 3698 4580 epistola
3732 4497 3806 4578 ad

573 4578 780 4656 per‘itu’r
805 4586 858 4640 iu
891 4585 1142 4656 omnibus
1177 4597 1308 4656 mss.
1343 4580 1508 4656 Paulo
1555 4578 1693 4656 infra
1735 4595 1926 4634 omnes
1967 4582 2126 4636 codd.

575 4649 730 4722 inss.,
771 4676 788 4708 ‹
815 4655 1072 4711 omnibus
1120 4654 1355 4709 motibus
1397 4650 1591 4722 quibus
1631 4649 1683 4722 is
1728 4650 1819 4722 qui
1851 4653 2128 4718 speculum

577 4721 840 4808 intuetur,
869 4737 1120 4779 movetur
1165 4733 1222 4778 et
1269 4723 1400 4808 agit',
1453 4721 1808 4808 iisdem‘i‘psis
1853 4721 2017 4773 etiam
2072 4735 2137 4774 ea

579 4799 875 4864 imago.....
907 4804 1275 4848 commovetur
1307 4790 1388 4846 vel
1433 4793 1562 4864 agit.
1588 4809 1606 4839 ι
1641 4790 1812 4864 Alias,
1847 4806 1864 4838 ‹
1885 4792 2138 4844 onmibus

581 4859 818 4944 rnotibus
857 4875 1019 4944 atque
1061 4865 1314 4918 omnibus
1358 4859 1570 4944 actibus
1609 4859 1876 4944 qttibusis
1901 4859 1990 4927 qui
2017 4876 2142 4929 spc-

579 4935 760 5014 culmn
805 4929 1067 5014 intuetur,
1103 4943 1349 4986 movetur
1406 4932 1490 4984 vel
1538 4930 1733 5014 agitur,
1783 4929 1866 4982 his
1910 4939 1965 4983 et
2011 4931 2140 5001 ipsis

581 5006 742 5088 etiam
771 5019 833 5056 ea
865 5005 1134 5072 imago....
1157 5009 1526 5056 commovetur
1551 4998 1632 5051 vel
1654 5001 1858 5088 ragitur.
1885 5016 1904 5050 ι

655 5073 766 5144 (54)
803 5073 894 5128 Sic
921 5069 1051 5144 mss.
1083 5072 1253 5144 Alias,
1295 5081 1566 5144 ueterum.
1591 5087 1612 5120 ι
1649 5069 1817 5122 Paulo
1845 5079 1964 5136 post
1988 5085 2138 5136 mss.,

586 5165 604 5196 ι
629 5141 794 5214 opera
824 5158 941 5214 qua:
983 5143 1114 5196 facit
1159 5141 1588 5214 Pater.gr_Alias,_
1622 5158 1639 5190 ‹
1665 5155 1825 5214 opera
1849 5155 1977 5214 quae
2018 5141 2143 5194 fecit

582 5209 762 5296 Paier.
789 5233 809 5266 ι
835 5209 1276 5296 [uidero-nissum
1305 5211 1406 5266 nisi
1448 5209 1590 5280 quod
1633 5210 1828 5264 viderit
1849 5209 2089 5265 Patrem.
2119 5229 2138 5263 ι

582 5285 757 5346 Alias,
792 5301 810 5334 ι
837 5285 938 5338 nisi
975 5283 1173 5337 viderit
1205 5282 1442 5334 Patrem.
1471 5299 1490 5333 ι

645 5353 888 5434 ,(ξίἓὶῌιει
917 5369 1055 5434 mss._
1079 5352 1249 5432 Alias,
1285 5370 1302 5402 ‹
1329 5361 1382 5405 et
1409 5367 1544 5434 sane
1573 5364 1690 5434 qua:
1722 5353 2016 5404 secundum
2071 5351 2148 5406 si-

587 5419 950 5478 militudinem
973 5423 1060 5478 vel
1084 5423 1382 5476 unitionem
1413 5419 1779 5489 discipuli.....
1820 5422 1971 5491 prius
2011 5421 2149 5476 fiunt

583 5495 908 5549 deformata.
929 5513 949 5546 ι

586 5639 598 5648 _
652 5564 772 5648 (56)
811 5567 973 5617 Οὕτω
1016 5563 1223 5648 tot-amr
1262 5560 1541 5648 ἡγεῦμαι,
1573 5559 2149 5648 etc.lEv'ltis.verbis,

585 5629 731 5692 inter
754 5629 927 5689 uncos
963 5635 1170 5701 positis,
1199 5629 1532 5702 quietiraece
1559 5631 1780 5684 exhibet
1801 5629 2149 5687 Justinianus

586 5707 652 5760 ad
686 5706 888 5760 calcem
920 5705 1162 5773 epistolae
1189 5706 1255 5757 ad
1299 5701 1531 5773 Menam,
1568 5709 1623 5755 et
1658 5702 1913 5773 quaeltoc
1942 5701 2059 5756 loco
2097 5705 2150 5756 in

589 5785 738 5830 textu
784 5770 973 5830 Graeco
1025 5775 1302 5828 exstitisse
1345 5771 1736 5834 existimamus,
1789 5770 1956 5840 liquet
1989 5788 2151 5841 quam

585 5845 742 5929 ﬂuxa:
773 5847 846 5926 sit
876 5845 997 5929 tidei
1033 5844 1256 5929 ltufmus
1313 5845 1404 5912 qui
1439 5859 1500 5897 ea
1515 5841 1777 5929 rotatiserlit
1803 5853 1857 5894 et
1891 5842 1995 5896 alia
2025 5843 2156 5898 sub—

589 5917 848 5974 stituerit.
887 5917 1045 5972 Certe
1106 5917 1169 5972 de
1221 5914 1466 5971 bonitate
1512 5911 1635 5969 Filii
1699 5911 2000 5969 detraxisse
2051 5915 2154 5969 hoc

2244 4568 2557 4638 Avituiufc
2595 4568 2762 4634 Deum
2811 4579 3023 4632 Patrem
3092 4568 3552 4640 omnipotentem,
3609 4568 3814 4636 inquit,

2239 4655 2468 4725 appellat
2499 4655 2698 4706 bonum
2727 4721 2739 4725 _
2760 4660 2812 4704 et
2873 4647 3124 4716 perfecta:
3152 4639 3438 4725 bonitatis;
3473 4639 3666 4720 Filium
3701 4653 3818 4725 non

2239 4709 2357 4780 esse
2394 4726 2622 4788 bonum,
2649 4721 2742 4775 sed
2771 4709 2956 4773 auram
2983 4717 3271 4788 quarundam
3301 4721 3354 4788 et
3381 4711 3670 4788 imaginem
3707 4709 3816 4761 bo-

2241 4799 2452 4859 nitatis,
2509 4801 2568 4846 ut
2609 4780 2737 4845 'uou
2783 4780 3019 4843 dicatur'
3045 4780 3812 4859 absoluteubouu's,sed-cum

2242 4847 2629 4924 additat'uento,
2659 4869 2843 4930 paStor
2867 4864 3058 4920 bonus,
3082 4865 3244 4930 rnetc.
3273 4851 3405 4907 Vide
3454 4847 3816 4919 ()rigeniano-

2243 4953 2358 4988 rum
2386 4935 2477 4987 lib.
2501 4947 2564 4995 lt,
2589 4924 2781 5000 quiest.
2817 4931 2872 4994 εξ,
2905 4943 3052 4980 ιιυιιι.

2316 5005 2426 5074 (57)
2465 4989 2562 5056 8ἰὸ
2599 4989 2955 5074 mss-Alias,
2989 4993 3248 5074 5e_xsistit
3293 4991 3345 5044 in
3383 4989 3577 5074 Filium
3611 4997 3820 5074 prmter

2243 5059 2361 5130 eam
2393 5059 2514 5142 qum
2539 5081 2622 5127 est
2656 5087 2686 5125 a
2733 5069 2914 5142 Patre.
2940 5059 3132 5142 iglnfra
3189 5077 3348 5142 mssa
3379 5077 3398 5112 α
3425 5075 3489 5113 lle
3515 5059 3823 5142 alteﬂi‘nbo'

2247 5145 2389 5198 nitas
2413 5127 2586 5211 .quam
2616 5155 2678 5196 ea
2707 5155 2826 5211 quae
2861 5139 3100 5211 in_Patre
3125 5143 3229 5199 est,
3263 5133 3512 5211 videatur
3544 5127 3814 5208 inFilio.)

2249 5199 2481 5278 Alias,‘¢
2513 5229 2578 5266 ne
2614 5199 2782 5264 altera
2815 5209 3029 5262 bonitas
3059 5219 3220 5275 quam
3267 5203 3321 5255 in
3354 5201 3537 5264 Patre,
3574 5212 3698 5253 esse
3731 5199 3820 5251 vi-

2247 5284 2439 5338 deatur
2470 5283 2522 5335 in
2553 5282 2711 5337 Filio.
2742 5299 2760 5331 ιι

2321 5354 2433 5423 (58)
2471 5351 2636 5405 Nemo
2683 5353 2872 5423 bonus,
2919 5357 3026 5402 etc.
3064 5345 3198 5400 Vide
3230 5353 3344 5398 nol.
3378 5342 3430 5396 in
3475 5338 3701 5393 Exhort.
3744 5338 3822 5390 ad

2265 5421 2512 5493 martyr”
2553 5439 2698 5476 ltlltll.
2737 5421 2790 5473 7.

2325 5479 2434 5566 (593
2466 5479 2712 5566 Sicmss.
2733 5491 2899 5566 Alias,
2925 5506 2943 5538 ε
2971 5487 3268 5566 retinente.
3290 5483 3488 5564 Ibidem
3523 5493 3653 5532 mss.
3690 5495 3710 5529 ι
3731 5479 3826 5532 vel

2253 5555 2524 5620 natus'est
2573 5561 2765 5626 Filius,
2809 5560 2889 5612 vel
2941 5555 3471 5626 proceditSpiritus
3517 5559 3760 5626 sanctus.
3797 5569 3818 5600 ι

2253 5635 2404 5688 Alias
2425 5676 2440 5702 ,
2472 5632 2590 5702 ivel
2617 5619 2773 5685 natus
2803 5640 2886 5683 est
2917 5619 3106 5688 Filius,
3135 5625 3218 5702 vel
3241 5619 3540 5702 procedens
3577 5619 3828 5687 Spiritus

2253 5691 2525 5760 sancuis.»
2559 5701 2722 5755 Paulo
2745 5709 2863 5770 post
2893 5713 3048 5757 "155.,
3081 5697 3203 5770 rvet
3241 5691 3539 5770 hoino,__v_e_l
3567 5705 3824 5744 servus.)

2255 5777 2311 5830 lu
2344 5785 2500 5828 antea
2551 5773 2710 5827 editis
2746 5761 2931 5836 'deest,
2970 5785 2987 5817 ι
3015 5766 3097 5819 vel
3126 5781 3333 5836 servus.
3359 5784 3376 5816 ι
3425 5761 3625 5836 ibidem
3662 5775 3832 5836 mss”

2262 5829 2676 5906 iaccidentem,
2731 5856 2837 5895 non
2892 5829 3367 5892 substantialcnt.»
3422 5830 3591 5898 Alias,
3619 5847 3642 5882 ι
3675 5829 3830 5886 acci-

2259 5915 2544 5983 dentalem,
2577 5927 2681 5968 non
2719 5907 3197 5968 subsistentialem.
3223 5924 3243 5956 ι
