4064 6414
224 385 302 442 us
609 365 624 374 ’
1665 394 1866 450 LIBER
1903 393 2180 451 ennius.

3433 391 3532 444 1:36

227 510 375 565 lumen
407 527 634 569 verum
678 527 820 585 est,
863 519 960 574 vel
995 520 1207 585 ostium,
1236 518 1320 571 vel
1361 517 1588 588 justitia,
1617 518 1703 573 vel
1733 535 1859 573 san-—
1891 522 1934 577 Α
1965 516 2187 572 Graecos
2239 524 2291 571 et
2346 514 2610 570 barbaros
2645 512 3012 583 phil050phari
3042 513 3319 578 videntur;
3350 523 3540 565 tamen-

234 603 491 670 ctilicatio,
529 607 642 660 vel
705 610 1072 679 redemptio.
1099 620 1148 664 et
1187 609 1288 663 alia
1324 609 1629 673 inmnnera,
1661 617 1713 662 et
1740 609 1860 678 qui-

237 697 319 750 bus
347 699 549 753 causis
601 704 1088 772 unumquodque
1115 704 1304 756 horttm
1336 703 1662 767 nominetur,
1695 718 1860 770 expo-

240 805 366 844 nere.
408 790 530 844 Sed
573 796 877 850 contenti
915 796 999 849 his
1037 795 1099 848 de
1145 795 1340 863 quibus
1393 794 1642 861 superius
1687 795 1853 846 disse-

246 883 458 949 ruimus,
494 896 968 955 consequenter
995 889 1152 940 etiam
1188 885 1392 952 reliqua
1420 886 1818 954 perquiramus.

890 997 1121 1053 CAPUT
1163 997 1250 1050 Ill.

793 1067 882 1122 De
916 1068 1116 1136 Spiritu
1141 1077 1339 1123 sancto.

307 1160 356 1216 i.
385 1160 782 1230 Consequens
857 1162 1026 1229 igitur
1081 1169 1161 1214 est
1221 1175 1381 1222 nunc,
1418 1168 1474 1214 ut
1526 1160 1592 1214 de
1651 1161 1854 1230 Spiritu

256 1262 423 1306 sancto
473 1267 662 1321 quam
735 1267 1047 1320 possumus
1100 1253 1336 1307 breviter
1385 1253 1743 1321 requiramus.
1790 1253 1855 1306 Et

257 1359 423 1397 omnes
453 1344 701 1412 quidem
739 1344 844 1412 qui
904 1349 1288 1413 quoquomodo
1312 1345 1706 1413 providentiam
1737 1359 1855 1398 esse

257 1435 501 1500 sentiunt,
543 1434 735 1488 Deum
768 1449 904 1489 esse
942 1436 1242 1503 ingenitum
1285 1436 1372 1502 qui
1403 1436 1655 1490 universa
1695 1450 1852 1489 crea-

259 1531 318 1580 vit
361 1537 526 1594 atque
587 1528 920 1596 disposuit,
984 1528 1335 1590 conﬁtentur,
1384 1543 1621 1596 eumque
1656 1544 1853 1597 paren-

257 1629 344 1672 tem
371 1618 482 1690 (60)
523 1619 944 1674 universitatis
977 1629 1291 1689 agnoscunt.
1331 1619 1462 1673 lluic
1506 1629 1682 1674 tamen
1731 1634 1851 1674 esse

254 1709 425 1763 Filium
473 1728 590 1763 non
634 1727 748 1764 nos
788 1710 902 1765 soli
948 1711 1381 1781 pronuntiamus,
1422 1711 1670 1780 quamvis
1719 1711 1853 1766 satis

255 1804 340 1856 hoc
374 1814 426 1855 et
457 1804 677 1856 mirum
718 1812 780 1857 et
831 1804 1176 1858 incredulnm
1206 1805 1453 1859 videatur
1485 1804 1556 1858 iis
1585 1807 1675 1874 qui
1709 1805 1848 1873 apud

311 1914 414 1980 (.60)
442 1913 553 1984 §ic
595 1930 775 1976 ωδε..
819 1916 972 1968 male
999 1915 1395 1978 Cencbrarilns,
1430 1934 1448 1966 ι
1476 1927 1802 1984 potentem.)

305 1988 407 2052 (till
439 1981 658 2036 Tamen
695 2003 728 2036 α
762 1986 1052 2055 npumtllis
1082 1986 1233 2037 etiam
1268 1981 1496 2055 ipsorum
1521 1987 1697 2038 habita
1730 1989 1844 2055 ejus

243 2057 430 2108 videtur
491 2055 718 2124 Opinio.
794 2053 958 2124 Plato
1013 2055 1232 2123 ejusque
1279 2053 1532 2123 discipuli
1605 2053 1842 2124 speciem

237 2125 518 2189 quamdam
556 2121 1294 2186 Trinitatisinformarunt,
1334 2121 1577 2193 duosque
1623 2121 1685 2180 ac
1733 2137 1842 2182 tres

236 2196 531 2249 distinxere
571 2194 863 2247 universe
901 2195 1059 2256 deos.
1089 2209 1118 2248 e
1158 2197 1354 2263 quibus
1385 2196 1593 2264 primus
1625 2205 1711 2249 est
1745 2213 1839 2264 pa-

236 2280 348 2318 rens
386 2276 794 2324 umerorum;
837 2264 1351 2334 secundusartil‘ex
1400 2275 1454 2317 et
1516 2266 1838 2334 principium

228 2336 460 2388 omnium
495 2348 750 2404 rerum;
791 2333 1004 2404 tertius
1022 2351 1054 2404 ra
1089 2333 1305 2387 Platone
1350 2335 1580 2388 obscure
1627 2333 1842 2404 signilio

227 2414 391 2467 catus,
420 2418 451 2454 a
486 2403 808 2471 plerisque
837 2403 1030 2455 mundi
1059 2419 1173 2456 esse
1205 2405 1378 2456 anima
1406 2405 1627 2458 dicitur.
1652 2403 1706 2459 In
1726 2407 1842 2472 epi-

224 2475 350 2526 stola
399 2473 674 2525 secunda
739 2473 813 2540 ad
873 2472 1190 2540 Dionysium
1233 2474 1309 2526 sic
1344 2474 1502 2528 habet
1534 2477 1840 2540 εΦραστέον

221 2545 275 2614 δή
311 2560 390 2596 σοι
425 2542 499 2594 δι’
525 2539 862 2618 αἰνιγμῶν,
901 2539 1065 2618 ἶν’-ἄν
1110 2559 1158 2593 τι
1201 2545 1232 2614 ἡ
1275 2543 1453 2606 δέλτος
1491 2544 1523 2613 ἦ
1568 2539 1760 2618 ἶτᾶντοῦ
1805 2548 1836 2618 ἢ

225 2611 314 2684 τῆς
340 2615 704 2686 sittant;
753 2611 936 2686 πάθῃ,
973 2611 1286 2686 ςδάνςκγνοῦς
1320 2615 1391 2683 μὴ
1414 2611 1544 2683 γνίῖλο
1576 2611 1700 2668 Ὧδε
1731 2611 1839 2686 γάῤ

218 2681 337 2752 Elei.
373 2684 521 2752 Περὶ
547 2684 654 2734 τὸν
685 2683 924 2734 πάντων
969 2681 1188 2750 βασιλέα
1219 2681 1534 2746 πάντίέστῖ,
1571 2688 1661 2738 καὶ
1700 2681 1838 2740 tisi-

219 2772 298 2805 νοῦ
323 2754 496 2804 ἕνεκα
525 2753 760 2811 πάντα,
807 2753 904 2804 καὶ
934 2754 1110 2804 ἐκεῖνο
1130 2753 1296 2807 αἴτιον
1325 2755 1576 2807 ἁπάντων
1602 2756 1708 2810 τῶν
1736 2775 1835 2810 κα-

217 2823 343 2875 λῶν·
379 2822 669 2898 ᾷεὺτερον
717 2823 783 2874 δὲ
820 2823 974 2898 ,περὶ
1007 2821 1073 2874 τὰ
1096 2822 1356 2898 ﬂantem,
1385 2827 1476 2877 ml.
1503 2825 1682 2895 τρίτον
1713 2830 1837 2898 περὶ

214 2895 278 2946 τὰ
307 2894 494 2964 τρίτα.
539 2891 573 2944 «⁷
603 2891 956 2965 Dicendunr
983 2891 1266 2965 estigitur
1299 2895 1389 2965 tibi
1416 2891 1558 2947 nunc
1587 2912 1680 2965 per
1707 2891 1836 2951 (Βηῖ-

220 2962 386 3026 gntaia
428 2966 750 3032 quaedam,
797 2970 856 3014 ut
911 2962 958 3014 si
994 2963 1122 3028 quid
1166 2963 1290 3016 huic
1324 2963 1530 3018 tabellie
1571 2962 1654 3019 vel
1689 2968 1824 3020 mari

219 3035 293 3086 vel
322 3047 468 3086 terra
508 3035 852 3104 contingat,
889 3032 1132 3104 qui_eam
1161 3032 1350 3100 legerit
1399 3035 1697 3104 intelligere
1730 3053 1832 3090 non

227 3105 408 3169 possit.
448 3104 553 3157 Est
587 3111 795 3154 autem
832 3103 933 3155 ita.
973 3101 1127 3155 Circa
1159 3105 1396 3156 omnium
1434 3101 1613 3171 regem
1640 3116 1829 3160 cuncta

225 3184 368 3238 sunt;
407 3175 599 3242 ipsius
649 3171 847 3239 gratia
893 3171 1113 3234 omnia;
1164 3173 1276 3240 ipse
1324 3173 1665 3241 pulchrorum
1711 3193 1830 3229 om-

1963 624 1989 661 a
2025 609 2298 663 nonnullis
2330 609 2491 662 etiam
2523 607 2762 675 ipsarum
2791 607 2976 660 habita
3007 607 3120 675 ejus
3165 607 3377 659 videtur
3404 605 3526 672 opi-

1964 697 2210 769 nio(6l),
2242 713 2365 754 cum
2414 700 2581 753 verbo
2639 699 2754 759 Dei,
2807 697 2889 750 vel
2938 698 3146 750 ratione
3189 706 3369 750 creata
3407 709 3526 749 esse

1960 791 2141 844 omnia
2189 791 2534 844 conﬁtentur.
2565 790 2672 844 Nos
2721 805 2850 844 vero
2905 790 3198 844 secundum
3231 788 3388 840 iidem
3422 788 3521 840 do-

1961 886 2150 937 ctrinae
2187 883 2323 952 ejus,
2362 899 2521 952 quam
2569 883 2826 938 divinitus
2877 883 3170 952 aspiratam
3219 898 3316 952 pro
3367 891 3524 933 certo

1963 976 2244 1039 habemus,
2281 976 2691 1031 eminentiorem
2753 975 3188 1044 divinioremqne
3249 975 3518 1026 rationem

1959 1067 2024 1120 de
2052 1066 2188 1122 Filio
2217 1066 2332 1131 Dei,
2368 1068 2568 1121 nullius
2591 1067 2818 1122 alterius
2850 1066 3230 1134 possibilitatis
3255 1080 3376 1118 esse
3405 1079 3523 1118 cre-

1957 1157 2134 1210 dimus
2174 1173 2468 1228 exponere,
2501 1169 2665 1226 atque
2714 1160 2765 1212 in
2831 1159 3106 1212 hominum
3155 1158 3517 1226 cognitionem

1959 1249 2229 1315 proferre,
2276 1249 2380 1303 nisi
2410 1249 2528 1318 ejus
2555 1250 2719 1304 solius
2755 1249 3050 1318 Scripturae
3099 1263 3220 1317 quae
3258 1263 3286 1300 a
3312 1247 3517 1316 Spiritu

1956 1353 2146 1396 sancto
2171 1343 2434 1411 inspirata
2471 1355 2572 1404 est,
2616 1343 2665 1395 id
2700 1351 2803 1406 est,
2833 1342 3158 1406 evangelicae
3189 1353 3350 1407 atque
3382 1357 3514 1409 apo-

1955 1432 2176 1497 stolicis,
2207 1446 2306 1490 nec
2350 1446 2455 1486 non
2510 1433 2646 1498 legis
2693 1445 2756 1484 ac
2796 1434 3202 1501 prophetarum,
3233 1434 3371 1486 sicut
3403 1433 3518 1500 ipse

1953 1527 2201 1581 Christus
2267 1525 2522 1580 asseruit.
2557 1523 2629 1577 De
2673 1524 3027 1578 subsistentia
3091 1539 3219 1577 vero
3275 1524 3516 1590 Spiritus

1953 1619 2126 1672 sancti
2177 1634 2243 1675 ne
2293 1621 2656 1687 suspicionem
2704 1620 2919 1689 quidem
2951 1617 3115 1670 ullam
3161 1616 3358 1670 habere
3392 1617 3512 1684 quis

1953 1711 2128 1778 potuit
2157 1710 2288 1782 (62),
2316 1720 2515 1780 printer
2537 1728 2628 1768 eos
2658 1712 2745 1782 qui
2778 1711 2829 1763 in
2858 1710 2975 1779 lege
3000 1719 3056 1763 et
3084 1708 3364 1778 prophetis
3390 1722 3515 1760 ver-

1953 1802 2054 1855 Sati
2086 1811 2231 1864 sunt,
2278 1805 2358 1857 vel
2395 1820 2486 1858 eos
2514 1807 2602 1872 qui
2645 1822 2702 1858 se
2738 1803 2958 1858 Christo
2990 1803 3213 1855 credere
3245 1799 3512 1853 confiten-

1953 1917 2093 1982 quod
2131 1925 2311 1969 autem
2347 1917 2622 1970 comlitmu
2677 1925 2781 1978 cst,
2810 1914 3022 1969 tertius.
3052 1932 3069 1964 ι
3105 1913 3230 1977 Qua:
3260 1913 3358 1982 tria
3389 1913 3511 1965 toti-

1951 1981 2068 2039 dem
2104 1986 2403 2053 appellabat
2436 1987 2766 2049 nominibus,
2798 1998 2998 2040 vocans
3035 2002 3052 2032 ‹
3076 1981 3504 2053 avnm,_ﬁlit_tm,

1953 2051 2268 2123 nepotem,»
2327 2056 2571 2119 πάππον,
2623 2057 2864 2123 ἔκγονον,
2917 2053 3198 2126 ἀπόγονον.
3261 2051 3504 2126 Tertium

1952 2125 2134 2193 itaque
2185 2127 2504 2182 numerabat
2564 2129 2726 2181 Deum
2779 2125 3035 2180 mundum
3069 2126 3262 2190 ipsum,
3297 2125 3397 2176 hoc
3424 2133 3506 2175 est

1948 2196 2186 2249 animam
2230 2197 2438 2260 mundi,
2468 2199 2584 2251 sive
2617 2197 2668 2250 id
2703 2198 2844 2266 quod
2870 2210 2934 2249 ex
2962 2195 3231 2266 pllium}?!
3264 2193 3505 2266 vastissi-

1953 2281 2040 2318 mo
2065 2267 2435 2320 universitatis
2457 2262 2931 2334 corporefunnm,
2962 2262 3360 2334 Platonicorum
3391 2264 3504 2328 opi-

1951 2336 2134 2395 nione.
2165 2338 2364 2389 animal
2399 2333 2648 2393 edicitur.
2701 2337 2769 2390 At
2799 2351 2944 2396 vero,
2977 2345 3032 2386 ut
3064 2335 3266 2402 optime
3304 2333 3497 2386 obser-

1947 2415 2037 2459 vat
2090 2406 2336 2460 Petavius
2379 2407 2468 2462 lib.
2503 2423 2517 2460 l
2563 2406 2636 2460 De
2663 2405 2940 2469 Trinitate,
3005 2419 3123 2471 cap.
3162 2405 3211 2465 1,
3264 2419 3410 2456 num.
3445 2405 3502 2468 4,

1948 2491 2051 2528 non
2110 2477 2344 2544 :equales
2387 2478 2529 2540 illos.
2557 2487 2629 2541 et,
2665 2489 2719 2530 ut
2751 2475 2920 2531 (ἐι-ξιξρί
2956 2475 3265 2540 loquuntur,
3303 2473 3492 2542 ὁμοτί-

1949 2562 2102 2614 μους,
2140 2557 2247 2599 tres
2280 2548 2408 2599 deos
2438 2562 2558 2600 esse
2584 2547 2734 2601 Plato
2763 2545 2948 2609 voluit,
2983 2546 3055 2598 nti
3085 2558 3345 2610 personas
3382 2554 3496 2614 tres

1945 2611 2102 2680 pares
2125 2625 2179 2668 et
2203 2615 2442 2684 (qullCS
2463 2632 2580 2671 esse
2614 2617 2664 2669 iu
2702 2631 2806 2668 uno
2844 2615 2950 2668 Deo
2976 2614 3242 2668 catholica
3270 2611 3495 2680 proﬁte-

1946 2695 2035 2737 tur
2069 2686 2228 2750 lides;
2256 2687 2346 2738 sed
2373 2703 2539 2740 unum
2570 2687 2713 2740 inter
2746 2687 2864 2739 illos
2913 2699 3198 2744 sununum,
3223 2699 3286 2735 ac
3313 2684 3499 2750 scipso

1943 2763 2275 2818 contentum,
2326 2771 2423 2810 nec
2479 2756 2585 2809 alio
2631 2764 2987 2825 spectantem,
3022 2763 3075 2807 et
3119 2755 3185 2805 ab
3232 2752 3402 2812 Omni,
3439 2765 3491 2804 ιιι

1944 2833 2156 2891 vocant,
2186 2825 2383 2893 σχέσει,
2417 2827 2518 2879 hoc
2549 2835 2652 2887 est,
2688 2842 2706 2874 ‹
2732 2825 3052 2893 habitudine
3094 2838 3155 2874 ac
3197 2834 3442 2893 respecut
3471 2843 3488 2871 ι

1945 2893 2193 2956 liberum.
2239 2892 2301 2947 ac
2338 2895 2594 2957 solutum,
2625 2909 2782 2964 quem
2803 2895 2865 2953 ¹τ’
2899 2892 3120 2961 ἀγαυὸν,
3151 2893 3251 2945 hoc
3303 2900 3385 2943 est
3415 2892 3494 2964 ip-

1940 2972 2170 3017 summet
2199 2966 2396 3018 bonum
2426 2962 2676 3028 vocabat,
2709 2965 3065 3032 eumdemque
3117 2981 3134 3013 ι
3158 2976 3376 3014 causam
3409 2962 3490 3013 vel

1940 3034 2264 3102 principium
2289 3037 2540 3088 essentia:
2567 3035 2765 3097 omnis,
2801 3043 2853 3087 et
2887 3048 3047 3099 supra
3081 3033 3130 3084 id
3162 3045 3321 3102 omne
3347 3032 3488 3102 quod

1939 3101 2022 3156 est
2046 3113 2304 3157 erectum.
2327 3123 2344 3154 ι
2384 3104 2515 3158 lluie
2548 3105 2842 3158 secundum
2877 3103 3172 3171 sabjiciunt
3206 3101 3288 3154 cui
3326 3101 3490 3153 totius

1943 3174 2310 3226 tmiversitatis
2363 3176 2668 3242 procuratio
2730 3174 3002 3234 convenit,
3031 3188 3136 3242 qua
3173 3171 3391 3241 quidem
3423 3185 3485 3224 ex

232 3231 368 3296 nium
404 3231 626 3312 causa;
650 3231 831 3294 vcirca
859 3231 1473 3312 secundumsecumla;
1503 3246 1659 3298 tertia
1694 3248 1837 3301 circa
1863 3231 1906 3288 ο
1939 3253 2096 3311 parte
2123 3244 2301 3310 seipso
2325 3231 2724 3312 quodammodo
2755 3244 2930 3296 minor
2967 3231 3071 3296 est'.
3110 3231 3237 3294 Nam
3275 3256 3376 3308 qua
3401 3255 3492 3312 su-

231 3314 463 3366 tertium.
493 3331 516 3365 ι
557 3311 669 3364 His
703 3310 905 3363 verbis
959 3320 1068 3381 tres
1101 3312 1412 3381 _divinita_tis
1454 3328 1718 3381 personas
1761 3319 1838 3371 si-

233 3384 472 3453 gnificari
510 3382 748 3453 putavit
778 3380 1056 3453 Eusebius
1100 3378 1189 3432 lib.
1217 3387 1293 3450 ιιι]
1328 3378 1837 3453 Prrepar.erangcl.:

237 3452 392 3504 tllmc
446 3452 757 3516 Platonis,
806 3451 1041 3518 inquit.
1112 3453 1275 3504 verba
1322 3452 1410 3518 qui
1464 3451 1834 3521 explicandam

236 3521 532 3590 philosophi
583 3532 849 3574 mentem
897 3532 1209 3590 suscepere,
1247 3523 1312 3574 ad
1358 3521 1588 3589 primum
1645 3523 1833 3588 Deum,

240 3589 650 3660 secundumque
687 3591 1038 3659 principium
1063 3589 1322 3654 referunt,
1355 3606 1454 3646 nec
1481 3608 1587 3646 non
1626 3596 1692 3647 ad
1727 3606 1831 3648 ter-

241 3661 391 3725 tium,
417 3677 587 3730 quam
628 3660 833 3714 mundi
873 3660 1426 3731 animamimumque
1485 3663 1706 3716 tertium
1734 3665 1832 3731 ipsi

242 3729 445 3797 quoque
474 3732 772 3798 appellare
803 3730 1010 3783 solent.
1038 3746 1056 3779 ι
1089 3729 1230 3781 Idem
1254 3729 1406 3783 Plato
1429 3731 1654 3800 cpistola
1680 3729 1830 3788 scita

245 3801 304 3869 ad
338 3800 611 3852 llermiam
668 3810 730 3852 et
792 3800 1054 3852 Erastum
1097 3807 1152 3852 et
1179 3801 1483 3866 Doriscum,
1517 3804 1652 3856 duos
1679 3807 1828 3869 deos,

245 3866 444 3939 Patrem
480 3881 536 3923 et
564 3869 813 3933 Filium,
850 3869 1114 3939 disertius
1153 3870 1443 3938 significat,
1476 3886 1597 3925 cum
1637 3866 1832 3939 episto-

247 3937 342 4008 latn
373 3956 520 3992 suam
572 3941 773 4008 legere
819 3939 944 3991 illos
973 3938 1146 4008 jubet,
1173 3941 1237 4008 ad
1273 3955 1407 4007 quos
1453 3955 1570 3994 eam
1616 3937 1826 4006 scribit,

243 4007 596 4083 ἑπομνῦντας,
635 4007 855 4078 οπουδῇ
886 4007 1098 4083 tradita
1133 4007 1205 4083 μὴ
1231 4008 1482 4083 Διξιμοῦο-ῳ,
1515 4012 1609 4062 καὶ
1634 4014 1698 4081 τῇ
1728 4013 1828 4083 τῆς

247 4079 468 4147 σπουδῆς
511 4080 729 4148 ἀδελψῇ
788 4077 1038 4148 παιδείᾳ,
1082 4078 1172 4148 καὶ
1196 4077 1289 4130 τὸν
1315 4077 1827 4137 τῶνπάντωνΌεδν

242 4149 336 4222 ἣτε
346 4149 472 4215 μόνα.
492 4149 605 4222 τίῶν
622 4167 682 4222 te
704 4147 884 4222 ὃνῖῳν
918 4147 1015 4222 καὶ
1032 4147 1147 4222 εῷν
1177 4148 1498 4222 μελλόντων,
1513 4153 1605 4206 τοῦ
1622 4171 1678 4205 τε
1701 4155 1826 4222 ἡγε-

247 4218 400 4289 μόνος
446 4221 540 4272 καὶ
561 4219 748 4273 αἰτίου
779 4217 1008 4288 Πατέρα
1032 4218 1229 4289 Κύριον
1247 4219 1602 4288 ἐπομνύντας.
1623 4217 1823 4276 «Etiam

240 4287 590 4355 jurejurando
634 4287 995 4355 interposito,
1032 4287 1133 4341 non
1180 4290 1301 4342 sine
1351 4287 1580 4359 eleganti
1615 4293 1819 4354 studio,

241 4366 402 4422 atque
429 4361 590 4425 hujus
631 4361 809 4413 studii
862 4373 1058 4412 sorore
1080 4359 1362 4427 disciplina
1401 4377 1415 4414 :
1461 4363 1712 4415 testando
1740 4380 1826 4417 re-

241 4440 365 4501 rum
383 4431 624 4501 omnium
655 4430 882 4501 ducem,
902 4443 1026 4501 qua:
1052 4439 1281 4501 sunttet
1299 4446 1418 4498 qua:
1443 4431 1635 4484 futura:
1657 4445 1821 4501 sunt;

237 4509 301 4568 a_c
335 4497 484 4552 ducis
512 4510 568 4554 et
617 4500 886 4568 principii
941 4500 1152 4551 Patrem
1195 4497 1500 4554 Dominum.
1526 4519 1544 4552 ι
1577 4497 1822 4559 Plotinus

1941 3310 2207 3380 perierem
2243 3328 2306 3366 ac
2339 3310 2605 3382 potiorem
2641 3315 2886 3381 respicit,
2929 3322 2983 3365 et
3007 3314 3122 3379 ejus
3159 3310 3494 3382 contempla-

1940 3384 2084 3435 tione
2115 3398 2177 3434 ac
2213 3381 2355 3435 velut
2396 3385 2590 3437 haustu
2626 3384 2889 3452 pascitur,
2955 3383 3110 3450 longe
3162 3381 3490 3452 feliciorest

1937 3465 2000 3504 ac
2030 3452 2289 3510 divinior.
2314 3454 2452 3523 Ergo
2482 3450 2751 3523 posterior
2785 3452 2873 3507 ille
2903 3453 3040 3507 deus
3065 3451 3288 3523 multum
3319 3450 3489 3518 priori

1936 3523 2096 3593 cedit,
2122 3537 2286 3593 a_quo
2320 3535 2372 3576 et
2393 3521 2611 3593 genitus
2643 3524 2877 3586 dicitur;
2904 3540 3007 3576 non
3038 3536 3100 3575 eo
3135 3521 3293 3593 modo
3317 3535 3424 3588 quo
3455 3537 3485 3572 a

1936 3589 2094 3644 Patre
2139 3591 2332 3645 Filium
2379 3589 2615 3661 genitum
2662 3609 2782 3647 esse
2847 3594 3159 3647 credimus:
3191 3592 3290 3644 hoc
3327 3600 3410 3643 est
3459 3607 3490 3640 (ξ

1933 3663 2262 3732 substantia,
2297 3674 2352 3714 ιιι
2389 3665 2458 3716 sit
2501 3663 2804 3732 ὁμοούςιος,
2856 3665 2948 3716 sed
2997 3663 3180 3714 itidem
3223 3661 3399 3729 plane,
3431 3673 3490 3712 ut

1931 3731 2352 3800 Arius,ejusque
2376 3731 2644 3800 discipuli,
2679 3734 2869 3786 Filium
2901 3749 2928 3784 a
2959 3732 3118 3784 Patre
3142 3734 3304 3784 verbo
3331 3740 3490 3786 tenus

1931 3802 2174 3871 genitum
2215 3803 2579 3866 allirmabant,
2633 3805 2806 3871 reipsa
2839 3819 2968 3856 vero
3023 3813 3264 3855 creatum
3307 3809 3361 3854 et
3404 3802 3484 3852 ιιι-

1931 3880 2099 3943 ςιυλιιι.
2134 3869 2350 3943 Tertius
2405 3890 2567 3943 porro
2627 3869 2759 3927 deus
2819 3871 3107 3926 manifeste
3146 3882 3363 3943 creatus
3393 3873 3486 3943 ,ab

1931 3939 2120 3994 iisdem
2149 3939 2463 4013 _Platonic'is
2492 3951 2711 4013 putatur
2731 3984 2745 4008 ,
2781 3956 2940 4012 quem
2985 3951 3039 3994 et
3067 3940 3275 4010 ποίημα
3313 3941 3486 3993 nomi-

1931 4019 2081 4065 nant.
2137 4011 2507 4076 Quamobrem
2567 4011 2874 4067 inferiorem
2935 4022 3225 4080 utrumque
3270 4013 3485 4080 deuma

1929 4094 2185 4145 supremo
2216 4091 2458 4136 creatum
2487 4099 2610 4138 esse
2659 4099 2724 4137 ex
2777 4082 3019 4136 Platonis
3053 4079 3336 4149 opinione,
3371 4079 3485 4132 Ma-

1927 4150 2146 4202 crobius
2173 4151 2266 4205 lib.
2302 4170 2340 4216 ι,
2371 4155 2423 4207 in
2452 4151 2632 4207 Somn.
2667 4153 2833 4220 Scip.,
2871 4167 2991 4220 cap.
3023 4152 3109 4214 M,
3142 4151 3372 4203 allirmat
3403 4151 3485 4204 his

1929 4220 2107 4272 verbis
2139 4239 2151 4275 :
2191 4240 2207 4272 ι
2237 4222 2402 4287 Deus,
2451 4225 2643 4291 inquit,
2687 4226 2779 4292 qui
2822 4223 2994 4291 prima
3027 4236 3190 4276 causa
3238 4229 3293 4276 et
3322 4229 3486 4292 estet

1928 4298 2170 4355 vocatur,
2220 4309 2358 4347 unus
2407 4295 2649 4348 onmium
2689 4291 2916 4362 quicque
2949 4304 3095 4353 sunt,
3131 4305 3359 4362 (piaeque
3403 4291 3488 4362 vi:

1926 4362 2140 4437 dentur,
2177 4363 2430 4437 princeps
2462 4373 2516 4437 et
2539 4365 2693 4433 origo
2723 4361 2838 4417 est.
2868 4362 2964 4416 Hic
3020 4361 3484 4437 superabundanti

1926 4429 2230 4494 majestatis
2280 4429 2608 4488 fecunditate
2629 4429 2703 4487 de
2737 4449 2796 4487 se
2826 4441 3062 4486 mentem
3088 4429 3328 4484 creavit.
3357 4429 3482 4484 llzec

1925 4513 2078 4553 mens
2111 4519 2229 4571 qnze
2263 4503 2387 4567 νοῦς
2420 4515 2665 4564 vocatur,
2688 4520 2791 4571 qua
2849 4502 3062 4555 Patrem
3093 4500 3333 4568 inspicit,
3363 4500 3481 4566 ple-

237 4563 383 4620 Enn.
414 4584 462 4629 v,
489 4570 581 4623 lib.
617 4563 660 4630 i.
701 4582 752 4622 c.
781 4563 904 4622 (iet
931 4568 982 4633 7,
1017 4569 1245 4637 primum
1271 4569 1338 4623 de
1372 4570 1542 4624 tribus
1575 4570 1662 4625 his
1693 4573 1820 4627 Pla-
1853 4569 1896 4624 D
1924 4584 2047 4623 nam
2083 4563 2492 4626 similitudinem
2525 4563 2718 4626 servat'
2753 4573 3025 4635 auctoris;
3062 4563 3298 4622 animam
3350 4563 3480 4624 vero

235 4638 435 4690 tunicis
467 4640 572 4692 diis
612 4650 811 4692 censet
851 4653 994 4709 esse
1050 4653 1320 4692 summum
1369 4655 1433 4694 ac
1488 4643 1814 4709 perfectum,

231 4722 396 4780 quem
454 4711 751 4780 κρείττονα
799 4708 931 4762 νοῦν
986 4717 1166 4769 vocat,
1218 4720 1535 4780 sitientem)
1569 4708 1821 4768 videlicet

236 4778 616 4840 upmiorein.»
679 4780 1006 4852 Secundum
1076 4779 1308 4852 appellat
1359 4779 1482 4834 νοῦν
1547 4781 1816 4852 δεύτερον,

234 4859 510 4919 ementem
564 4851 950 4919 posteriorem
971 4868 991 4901 ι
1021 4864 1050 4902 a
1074 4849 1284 4918 5priore
1331 4852 1564 4918 genitam
1591 4862 1645 4905 et
1677 4849 1818 4907 illius

229 4915 580 4983 imaginem.‘
607 4920 870 4974 Tertium
928 4915 1116 4988 porro,
1158 4915 1392 4972 animant
1439 4936 1558 4976 esse
1583 4937 1702 4988 quae
1751 4927 1818 4978 ab

224 4991 463 5059 secunda
492 5002 682 5045 mente
710 4987 988 5059 gignitur,
1023 4987 1244 5059 ejusque
1275 4999 1357 5044 est
1381 4989 1557 5059 λόγος.
1592 4987 1818 5048 Proclus

220 5053 322 5109 lib.
357 5074 389 5111 ll
421 5053 738 5114 Comment:
757 5053 834 5111 ἇά
863 5053 1465 5132 ΤὶηιιιζιὶηιξΝιιιιιεξιιίι⁷
1489 5061 1816 5132 Pythagorei

218 5135 550 5204 sententiam
572 5132 847 5204 breviter
877 5138 930 5204 et
961 5129 1314 5204 dilucidersic
1355 5129 1565 5204 refert':
1597 5132 1817 5204 Νουμή-

213 5211 334 5276 νιος
359 5201 475 5282 μὲν
521 5201 645 5282 γὰρ.
684 5201 850 5271 τρεῖς
887 5199 1219 5282 ἀνυμνῄξας.
1264 5199 1440 5282 θξοῦς,
1473 5199 1815 5282 ﬁa1é91.j1§‘l

214 5266 490 5342 fingi—7”"
526 5266 793 5342 ἀῖρῶτοζθῗ
826 5266 1056 5342 ποιητὴν
1087 5266 1143 5321 δὲ
1173 5269 1264 5321 τὸν
1289 5270 1538 5342 δεύτερον
1557 5289 1583 5342 ’γ
1607 5266 1814 5342 {mitius

211 5336 267 5412 ᾤ
291 5339 388 5412 ᾼτὸν
421 5336 604 5412 τρίτον
625 5359 638 5370 ·
665 5345 696 5394 ὁ
725 5339 844 5410 γὰρ
876 5336 1226 5412 κᾴο-μζοςλκαθ
1260 5341 1418 5394 αὐτὸν
1444 5336 1472 5393 ὀ
1496 5341 1676 5412 τρίτος
1700 5336 1815 5396 sse

212 5407 544 5482 035911-313
601 5414 631 5466 ὀ
684 5407 826 5464 κάτ⁴
868 5407 1032 5482 aee
1089 5407 1431 5482 δημιφυργδςν
1486 5407 1677 5475 διξτδςν
1726 5415 1813 5467 ὅτε

203 5481 449 5554 πρῷτος,
473 5485 570 5538 καὶ
585 5483 797 5554 ὁδεῦξεε
808 5497 901 5552 ρος
921 5479 1074 5554 θεόςς
1107 5479 1168 5532 τὸ
1193 5480 1248 5533 δὲ
1264 5479 1761 5554 δημιουργούμενον
1785 5489 1813 5538 ὁ

201 5552 407 5618 τρίτος.
453 5573 471 5606 ι
496 5549 822 5609 Numenius
848 5561 986 5605 -tres
1041 5550 1191 5621 deos,
1222 5549 1544 5621 praidicans,
1602 5549 1810 5620 patrem

199 5623 424 5696 quidem
477 5623 737 5696 appellat
790 5621 1067 5696 primum;
1101 5620 1362 5696 [actorem
1391 5634 1569 5696 autem
1613 5637 1810 5696 secun-

193 5695 362 5764 dum;
395 5689 748 5764 opus'vero,
792 5689 1044 5764 iertium.
1099 5689 1330 5764 Mundus
1367 5694 1510 5764 enim
1555 5708 1622 5746 ex
1669 5693 1809 5748 illius

189 5763 483 5830 opinione,
531 5766 751 5820 tertius
802 5770 892 5815 est
945 5763 1098 5832 deus.
1149 5763 1333 5830 Itaque
1379 5763 1579 5832 duplex
1627 5765 1696 5816 ab
1746 5779 1810 5817 eo

187 5839 564 5892 constituitur
619 5832 871 5898 artifex,
933 5830 1141 5898 primus
1203 5844 1256 5886 et
1304 5830 1576 5888 secundus
1640 5836 1806 5900 deus;

1923 4641 1989 4694 de
2024 4650 2082 4702 ξε
2113 4651 2280 4706 creat,
2317 4643 2616 4710 posteriora
2668 4643 2986 4710 respiciens.
3038 4639 3249 4710 Rursus
3295 4640 3478 4692 anima

1921 4723 2128 4778 partem
2163 4727 2266 4780 qua
2320 4709 2580 4776 intuetur,
2613 4709 2883 4775 induitur;
2919 4726 2980 4765 ac
3017 4709 3274 4780 paulatim
3303 4724 3481 4778 regre-

1922 4780 2106 4837 dicnte
2141 4779 2386 4850 respectu
2414 4785 2466 4837 in
2499 4782 2762 4836 fabricam
2807 4779 3124 4850 corporum,
3149 4779 3476 4846 incorporea

1920 4851 2036 4918 ipsa
2073 4855 2384 4919 degenerat.
2411 4872 2430 4904 ι
2485 4853 2628 4923 Ergo
2673 4854 2890 4906 trinitas
2926 4852 3326 4923 Platonicorum
3363 4861 3478 4903 toto

1920 4923 2059 4979 caelo
2092 4940 2121 4977 a
2154 4921 2587 4978 Christianorum
2643 4923 3032 4978 catholicorum
3080 4921 3349 4976 Trinitate
3397 4924 3476 4974 di-

1919 4997 2112 5050 stabat.

1990 5066 2102 5136 (6‘2)
2137 5063 2215 5118 De
2242 5065 2576 5136 subsistentia
2609 5081 2724 5136 uero
2752 5063 2980 5136 Spiritus
3008 5063 3176 5116 sancti
3205 5078 3266 5114 ne
3297 5061 3473 5136 surpi-

1919 5134 2119 5190 cio‘uem
2148 5136 2355 5204 quidem
2393 5135 2555 5188 ullam
2609 5135 2796 5188 habere
2847 5134 2964 5203 quis
3015 5136 3201 5202 potuit,
3230 5144 3344 5204 etc.
3371 5134 3472 5183 Μι-

1918 5222 2037 5257 ruin
2072 5201 2184 5258 han:
2211 5205 2494 5274 Origenem
2546 5201 2865 5275 protulisse.
2905 5201 3070 5258 Iidem
3112 5205 3254 5256 enim
3289 5201 3472 5275 Plato-

1918 5277 2022 5330 nici
2051 5276 2270 5344 quibus,
2306 5273 2362 5328 ut
2394 5286 2520 5330 nota
2547 5273 2878 5344 ‘przccedenti
2907 5275 3337 5335 observavimus,
3360 5273 3475 5344 _ali-

1917 5341 2081 5414 quani
2117 5343 2272 5398 Verbi
2307 5345 2397 5398 Dei
2437 5341 2662 5416 putabat
2691 5346 2857 5400 fuisse
2875 5346 3206 5416 opinionem,
3247 5341 3468 5416 tertium

1915 5411 2172 5486 quiddam
2231 5417 2282 5467 in
2320 5431 2416 5469 sua
2437 5411 2684 5471 irinitate
2716 5411 3006 5486 ponebant,
3039 5415 3183 5486 quod
3230 5411 3468 5464 animam

1916 5485 2165 5539 solebant
2218 5487 2513 5554 appellare.
2569 5484 2892 5553 Quid'vetat
2919 5486 2962 5538 si
3001 5500 3066 5538 ex
3092 5484 3350 5554 Origene,
3380 5496 3469 5535 se-

1915 5556 2078 5608 cundi
2136 5555 2217 5608 dei
2255 5553 2482 5608 nomine
2525 5572 2711 5609 verum
2751 5559 2844 5610 Dei
2908 5555 3140 5608 Verbum
3183 5553 3470 5605 intellexe~

1914 5635 2064 5689 runt,
2089 5625 2236 5693 ipsos
2263 5627 2466 5692 pariter
2501 5628 2642 5680 tertii
2671 5627 2775 5690 dei,
2796 5639 2985 5692 nempe
3007 5627 3202 5676 anima:
3226 5622 3478 5686 nomine,

1915 5695 2178 5764 Spiritum
2233 5708 2479 5750 sanctum
2518 5698 2870 5765 designasse?
2902 5695 2997 5750 Vel
3028 5707 3159 5764 ergo
3208 5693 3358 5760 prius
3386 5693 3482 5749 «ιιι

1914 5779 2038 5820 cere
2065 5782 2165 5820 non
2197 5765 2400 5832 debuit,
2433 5767 2515 5820 vel
2553 5768 2780 5821 alterum
2820 5768 3003 5820 debuit
3024 5769 3352 5818 concedere.
