3992 6536
522 380 622 437 147

1746 383 2069 440 ORIGENIS
2102 385 2260 438 ΠΕΡΙ
2296 383 2524 437 ΑΡΧΩΝ

3657 388 3763 447 148

509 512 598 554 tur
629 500 763 574 (6'5).
796 502 929 558 Nam
969 505 1036 560 de
1065 505 1172 560 Deo
1217 505 1435 575 quidem
1488 504 1647 559 Patre
1676 505 1926 574 quamvis
1958 504 2080 575 qui-
2109 510 2165 566 Α
2186 502 2365 559 libello
2388 504 2480 575 qui
2510 502 2751 559 Pastoris
2776 503 2975 559 dicitur
3003 504 3177 573 angeli
3208 505 3559 574 paenitentitc,
3594 520 3759 577 quem

510 596 631 645 item
676 596 919 666 proloqui
958 613 1115 653 nemo
1142 597 1339 661 valeat,
1376 605 1555 652 tamen
1590 596 1849 665 possibile
1876 608 1960 651 est
1988 596 2076 649 itt-

512 686 785 743 trllectttm
846 690 1083 760 aliquem
1134 690 1252 759 capi
1305 704 1371 744 ex
1439 690 1727 744 occasione
1781 688 2075 744 visibilium

511 787 886 832 creaturarum
926 789 981 834 et
1010 792 1075 834 ex
1112 780 1196 834 his
1226 795 1346 850 quae
1383 780 1619 836 humana
1662 795 1815 835 mens
1848 790 2079 835 natura-

510 865 635 923 liter
674 872 869 936 sentit;
917 871 1137 936 insuper
1188 872 1357 926 etiam
1413 874 1480 928 de
1534 872 1837 941 Scriptnris
1877 872 2080 927 sanctis

508 960 825 1016 conﬁrmari
857 963 1113 1031 possibile
1136 972 1235 1017 est.
1275 962 1451 1018 Sedet
1477 964 1542 1018 de
1570 964 1708 1019 Filio
1743 964 1858 1028 Dei,
1889 979 2080 1033 quant-

511 1054 595 1106 vis
619 1069 777 1107 nemo
804 1055 1015 1109 noverit
1053 1054 1247 1108 Filium
1284 1055 1387 1110 nisi
1420 1055 1601 1121 Pater,
1640 1065 1818 1110 tamen
1849 1072 1912 1110 ex
1944 1057 2079 1109 divi-

509 1145 593 1197 nis
623 1142 923 1213 Scripturis
955 1148 1117 1201 etiam
1148 1149 1212 1203 de
1238 1148 1355 1217 ipso
1382 1149 1616 1216 qualiter
1644 1149 1835 1203 sentiri
1862 1150 2076 1215 debeat,

508 1250 660 1289 mens
715 1236 950 1292 humana
1004 1237 1296 1304 formatur,
1350 1249 1404 1294 et
1454 1256 1559 1295 non
1609 1241 1785 1296 solum
1812 1258 1881 1297 ex
1906 1243 2076 1307 Novo,

512 1326 607 1377 sed
659 1326 820 1379 etiam
877 1342 943 1381 ex
1000 1327 1181 1382 Veteri
1236 1328 1607 1396 Testamento,
1638 1348 1736 1401 per
1781 1347 1843 1387 ea
1901 1348 2078 1403 quma

506 1417 718 1470 sanetis
764 1429 915 1486 gesta
966 1420 1031 1473 ad
1085 1421 1365 1477 Christum
1402 1421 1704 1492 ﬁguraliter
1737 1425 2077 1492 referuntur,

513 1524 581 1562 ex
616 1509 815 1576 quibus
839 1512 1051 1564 adverti
1076 1513 1159 1566 vel
1184 1513 1366 1566 divina
1390 1513 1740 1581 eiusnatura,
1774 1517 1857 1572 vel
1882 1518 2076 1573 huma-

510 1618 577 1655 na
611 1618 730 1671 qua:
758 1603 827 1657 ab
860 1620 926 1658 eo
953 1616 1230 1683 assumpta
1258 1620 1364 1674 est,
1395 1619 1600 1680 potest.

575 1692 629 1745 2.
668 1693 741 1748 De
771 1693 975 1763 Spiritu
1028 1712 1158 1752 vero
1192 1708 1388 1751 sancto
1437 1700 1581 1767 quod
1615 1700 1710 1765 sit,
1745 1701 1930 1757 multa:
1981 1719 2079 1759 nos

509 1783 813 1854 Scripturm
863 1787 1192 1852 docuertmt,
1222 1791 1362 1845 sicut
1400 1793 1564 1847 David
1602 1793 1655 1847 in
1686 1811 1716 1848 L
1742 1794 1951 1860 psalmo
2001 1798 2083 1851 di-

2188 594 2415 653 llermas
2463 595 2578 665 (68)
2620 598 2978 666 conscripsit,
3042 597 3115 651 ita
3179 595 3462 652 refertur:
3503 616 3521 649 ι
3562 596 3755 654 Primo

2185 689 2425 742 omnium
2482 690 2666 753 crede,
2716 690 2843 760 quia
2884 704 3025 744 unus
3084 698 3168 743 est
3221 689 3369 743 Deus
3430 690 3521 758 qui
3573 691 3760 744 omnia

2187 781 2391 834 creavit
2413 792 2572 849 atque
2594 783 2927 850 composuit;
2963 781 3076 850 qui,
3099 795 3220 834 cum
3247 780 3380 835 nihil
3416 790 3556 836 esset
3585 782 3759 850 prius,

2186 886 2307 926 esse
2346 872 2475 927 fecit
2506 873 2723 938 omnia;
2754 874 2844 942 qui
2868 883 2953 927 est
2981 873 3159 927 omnia
3192 874 3433 940 capiens,
3472 872 3588 942 ipse
3626 888 3762 925 vero

2187 975 2215 1012 a
2237 962 2448 1014 nemine
2474 962 2706 1030 capitur.
2736 981 2754 1015 ι
2775 962 2878 1016 Sed
2907 971 2961 1015 et
2992 962 3043 1016 in
3082 961 3263 1015 Euoch
3289 962 3426 1017 libro
3454 963 3539 1017 his
3560 962 3761 1016 similia

2189 1051 2592 1105 describuntur.
2630 1053 3015 1107 Verumtamen
3053 1069 3223 1123 usque
3267 1056 3332 1107 ad
3366 1070 3607 1122 praesens
3632 1054 3759 1106 nul-

2186 1138 2299 1193 lum
2347 1156 2652 1198 sermonem
2698 1144 2749 1196 in
2786 1143 3007 1213 scriptis
3053 1144 3257 1197 sanctis
3300 1143 3542 1197 invenire
3577 1142 3760 1210 potui-

2188 1248 2306 1287 mus
2338 1249 2436 1304 per
2474 1252 2635 1305 quem
2692 1237 2929 1305 Spiritus
2975 1246 3214 1304 sanctus_
3238 1236 3447 1289 factura
3500 1251 3619 1290 esse
3673 1233 3762 1289 vel

2194 1338 2449 1381 creatura
2486 1329 2782 1391 diceretur,
2817 1343 2881 1382 ne
2907 1344 2971 1381 eo
2989 1328 3207 1397 quidem
3244 1329 3403 1381 modo
3435 1344 3540 1396 quo
3576 1332 3640 1382 de
3666 1341 3759 1380 sa-

2187 1420 2391 1488 pientia
2432 1420 2637 1474 referre
2681 1418 3026 1474 Salomonem
3079 1436 3241 1488 supra
3286 1420 3621 1481 edocuimus,
3673 1419 3761 1473 vel

2188 1528 2309 1582 qua:
2334 1511 2403 1565 de
2445 1510 2564 1565 Vita
2599 1512 2734 1579 (69),
2764 1512 2844 1565 vel
2878 1510 3075 1573 Verbo,
3117 1511 3343 1580 aliisque
3376 1510 3762 1581 appellationi-

2186 1605 2287 1657 bus
2314 1603 2433 1657 Filii
2478 1604 2569 1656 Dei
2596 1602 2942 1673 intelligenda
2965 1618 3085 1656 esse
3108 1602 3482 1658 tractavimus.
3520 1601 3766 1671 Spiritus

2193 1696 2358 1765 igitur
2382 1695 2474 1749 Dei
2500 1695 2589 1764 qui
2622 1710 2783 1764 super
2815 1711 2985 1764 aquas
3026 1694 3304 1748 ferebatur
3342 1695 3413 1757 “,
3443 1694 3591 1749 sicut
3621 1694 3767 1747 scri-

2189 1798 2334 1854 ptum
2372 1794 2456 1838 est
2503 1785 2554 1837 in
2603 1784 2871 1853 principio
2925 1784 3151 1837 factura:
3196 1784 3415 1848 mutuli,
3454 1792 3582 1852 puto
3615 1783 3764 1849 quod

503 1882 584 1935 cit
611 1896 624 1932 :
653 1879 743 1932 «Et
766 1879 1028 1947 Spiritum
1055 1890 1302 1934 sanctum
1329 1892 1477 1936 tuum
1500 1886 1797 1941 neauferas
1822 1902 1852 1941 a
1874 1904 1958 1941 tne
1977 1890 2074 1943 ⁵³.»

2193 1893 2288 1929 non
2319 1878 2385 1930 sit
2412 1875 2549 1930 alius
2574 1891 2732 1945 quam
2756 1874 2996 1944 Spiritus
3024 1884 3269 1937 sanctus,
3298 1873 3593 1928 secundum
3612 1872 3763 1940 quod

505 1970 574 2027 Et
626 1971 678 2023 in
716 1970 939 2025 Daniele
983 1972 1227 2028 dicitur:
1262 1992 1280 2025 ι
1306 1973 1541 2042 Spiritus
1576 1988 1802 2033 sanctus
1857 1981 1947 2050 qui
1998 1991 2082 2036 est

505 2063 560 2115 in
596 2061 780 2115 te‘°.»
840 2061 895 2114 lu
952 2060 1105 2115 Novo
1165 2078 1295 2117 vero
1358 2064 1707 2121 Testamento
1748 2069 2079 2122 abundanti-

511 2155 613 2206 bus
641 2154 752 2224 (Gi)
791 2154 1115 2209 testimoniis
1141 2156 1455 2221 edocemur,
1490 2172 1612 2212 cum
1661 2158 1900 2229 Spiritus
1952 2176 2081 2215 san-

508 2257 630 2300 ctus
683 2260 849 2314 super
892 2245 1171 2300 Christum
1223 2249 1571 2304 descendisse
1623 2251 1967 2320 describitur,
2027 2265 2081 2308 et

507 2352 632 2389 cum
688 2338 802 2405 ipse
836 2335 1095 2393 Dominus
1121 2339 1411 2395 insulIlavit
1440 2342 1490 2397 in
1540 2345 1817 2411 apostolos
1848 2356 1967 2411 post
2000 2362 2082 2401 re-

507 2430 921 2497 surrectionem,
952 2430 1178 2487 (licens:
1211 2451 1229 2485 α
1258 2434 1504 2503 Accipite
1538 2436 1797 2506 Spiritum
1821 2438 1926 2509 61
1952 2454 2079 2492 san-

505 2530 655 2573 ctum
677 2521 740 2572 εί.
771 2537 789 2571 ι
834 2519 899 2573 Ει
928 2522 995 2576 ad
1025 2521 1253 2578 Mariam
1285 2525 1353 2579 ab
1380 2526 1573 2596 angelo
1605 2527 1807 2582 dicitur
1841 2547 1854 2581 :
1897 2552 1919 2577 α
1947 2530 2072 2597 Spi-

509 2610 647 2664 ritus
685 2624 909 2667 sanetus
952 2616 1301 2683 superveniet
1357 2617 1409 2673 in
1467 2626 1520 2672 te
1538 2619 1603 2673 δ’.
1631 2638 1650 2672 ι
1711 2618 1910 2674 Paulus
1953 2636 2081 2676 vero

505 2706 660 2771 dicit,
720 2708 889 2776 «quia
952 2724 1110 2764 nemo
1159 2720 1339 2779 potest
1395 2712 1581 2769 dicere
1640 2715 1927 2768 Dominunt
1991 2715 2082 2770 Je-

505 2814 626 2851 sum
659 2797 768 2870 (65)
800 2799 902 2855 nisi
940 2800 990 2854 in
1028 2800 1233 2871 Spiritu
1272 2814 1464 2857 sancto
1482 2805 1551 2857 ⁸³.
1584 2824 1602 2857 ι
1645 2806 1710 2858 Ει
1757 2808 1809 2860 in
1855 2808 2081 2862 Actibus

508 2891 878 2958 apostolorum
929 2907 1027 2960 per
1080 2893 1485 2962 impositionem
1520 2912 1776 2951 manuum
1817 2899 2080 2967 apostoli-

506 2998 695 3035 earum
729 2982 965 3051 Spiritus
1004 2996 1224 3040 sanctus
1255 2987 1484 3041 dabatur
1515 2989 1566 3043 in
1616 2991 1971 3059 baptismo“.
2003 2992 2078 3045 Ex

507 3075 709 3141 quibus
745 3076 998 3131 Omnibus
1024 3078 1317 3133 didicimus
1347 3079 1458 3152 (66)
1493 3092 1656 3136 tanta:
1699 3098 1820 3137 esse
1849 3085 2082 3139 auctori-

510 3164 637 3219 tatis
664 3175 719 3218 et
750 3166 1032 3235 dignitatis
1089 3170 1450 3223 substantiam
1504 3170 1745 3240 Spiritus
1779 3175 1978 3237 sancti,
2018 3186 2078 3228 ιιι

2182 1989 2279 2042 ego
2307 1972 2605 2038 intelligere.
2635 1987 2875 2037 possunt,
2907 1971 3121 2025 sicutet
3162 1988 3284 2025 cum
3321 1972 3440 2041 ipsa
3488 1971 3605 2023 loca
3659 1987 3765 2024 ex-

2184 2079 2507 2133 poneretuus
2544 2061 2679 2132 (70),
2716 2065 3088 2125 ostendimus,
3146 2079 3254 2116 nou
3316 2072 3497 2117 tamen
3558 2077 3767 2116 secun-

2182 2160 2308 2209 dant
2338 2156 2644 2220 historiam,
2674 2157 2765 2210 sed
2800 2157 3097 2210 secundum
3135 2156 3552 2227 intelligentiam
3597 2154 3770 2223 spiri-

2187 2248 2371 2302 talem.

2251 2340 2303 2393 4.
2343 2340 2569 2406 Quidam
2611 2354 2739 2395 sane
2758 2355 2821 2394 ex
2843 2340 3265 2409 prxecessoribus
3293 2340 3493 2393 nostris
3520 2340 3572 2393 in
3602 2337 3770 2392 Novo

2182 2433 2529 2487 Testamento
2558 2435 2940 2496 observarunt,
2991 2435 3133 2500 quod
3164 2434 3335 2487 sicubi
3368 2430 3603 2500 Spiritus
3655 2444 3759 2484 tto-

2183 2527 2420 2579 minatur
2470 2526 2586 2579 sine
2615 2525 2915 2591 adjectione
2945 2540 3147 2594 caque:
3191 2524 3429 2594 assignet
3461 2523 3637 2593 qualis
3688 2522 3763 2576 sit

2181 2619 2425 2688 Spiritus,
2452 2620 2518 2673 de
2557 2628 2743 2672 sancto
2774 2618 2976 2685 Spiritu
3017 2620 3177 2673 debet
3205 2617 3456 2687 intelligi,
3492 2627 3549 2669 ut
3573 2625 3703 2684 puta
3735 2633 3751 2668 :

2187 2728 2205 2757 α
2239 2710 2469 2763 Fructus
2504 2690 2682 2762 autem
2718 2708 2953 2778 Spiritus
2976 2720 3061 2763 est
3109 2709 3375 2772 citat-itas,
3430 2707 3682 2778 gaudium
3707 2707 3772 2757 et

2182 2817 2283 2869 pax
2318 2800 2383 2865 °“,
2425 2820 2442 2852 ι
2470 2810 2575 2854 etc.
2607 2800 2737 2854 ltem
2774 2811 2829 2854 et
2867 2801 2980 2854 ibi:
3018 2819 3035 2853 ι
3074 2800 3206 2855 Cum
3243 2801 3522 2870 emperitis
3540 2799 3767 2867 Spiritu.

2184 2906 2327 2943 nunc
2360 2905 2529 2944 carne
2553 2891 2875 2958 perlicimini
2900 2890 2966 2945 ⁸⁷.
3008 2910 3025 2943 ι
3071 2888 3179 2943 Nos
3209 2906 3337 2944 vero
3362 2892 3525 2945 etiam
3566 2890 3617 2941 iu
3661 2885 3768 2941 Ve-

2187 2984 2285 3037 teri
2319 2983 2670 3037 Testamento
2701 2994 2956 3052 putamus
2979 2984 3379 3037 distinctionem
3400 2982 3556 3034 istam
3587 2996 3748 3049 posse

2184 3077 2413 3141 servari,
2449 3077 2591 3130 sicut
2628 3092 2749 3130 cum
2777 3078 2947 3130 dicit:
2985 3094 3003 3127 ι
3032 3076 3129 3143 Qui
3161 3078 3248 3130 dat
3285 3077 3534 3145 spiritum
3563 3072 3770 3141 populo

2184 3168 2275 3237 qui
2313 3178 2396 3221 est
2429 3184 2596 3235 super
2630 3177 2869 3231 terram,
2909 3178 2963 3221 et
2991 3169 3243 3237 spiritum
3280 3168 3365 3221 bis
3414 3167 3505 3235 qui
3542 3166 3769 3219 calcant

509 3258 766 3311 salutaris
794 3258 1094 3327 baptismtts
1130 3276 1232 3313 non
1267 3262 1427 3315 aliter
1456 3263 1557 3317 nisi
1598 3265 2078 3319 excellentissime
2112 3244 2153 3300 (ἶ
2188 3276 2307 3315 eam
2343 3261 2407 3313 ⁸⁸.
2434 3279 2450 3311 ι
2479 3261 2610 3314 Sine
2632 3261 2798 3314 dubio
2833 3261 2977 3314 enim
3004 3260 3182 3315 omnis
3211 3261 3298 3329 qui
3328 3258 3500 3313 caleat
3533 3267 3769 3321 terram,

507 3352 751 3403 onutinrn
805 3349 1090 3405 Trinitatis
1144 3354 1496 3417 auctoritate,
1533 3356 1583 3409 id
1632 3367 1736 3419 est,
1794 3358 1993 3421 Patris,
2025 3368 2081 3412 et

508 3441 655 3507 Filii,
689 3453 741 3497 et
777 3443 1013 3512 Spiritus
1070 3447 1245 3499 sancti
1279 3448 1759 3516 cognominationc
1808 3453 2084 3519 complea-

510 3545 617 3601 tur,
649 3546 703 3590 et
733 3536 975 3607 ingenito
1022 3539 1130 3594 Deo
1158 3540 1329 3607 Patri,
1359 3550 1411 3595 et
1454 3542 1737 3612 unigenito
1789 3543 1908 3610 ejus
1942 3545 2083 3599 Filio

512 3643 708 3681 nomen
742 3644 958 3698 quoque
983 3630 1219 3699 Spiritus
1254 3632 1430 3688 sancti
1458 3634 1760 3702 copuletur.
1789 3634 1921 3701 Quis
1952 3651 2081 3705 ergo

508 3737 615 3776 non
644 3724 990 3793 Obstupescat
1024 3736 1225 3793 quanta
1257 3720 1512 3794 majesias
1558 3728 1630 3780 sit
1667 3728 1904 3797 Spiritus
1955 3745 2085 3786 sau-

509 3816 604 3877 cti,
639 3831 760 3869 cum
794 3830 914 3869 eum
947 3818 1036 3885 qni
1077 3817 1275 3872 dixerit
1328 3821 1554 3875 verbum
1602 3819 1655 3874 in
1682 3820 1876 3874 Filium
1906 3823 2080 3876 homi-

508 3908 616 3969 nis,
640 3908 843 3961 'audiat
874 3926 1099 3978 sperare
1126 3911 1337 3967 veniam
1371 3928 1555 3982 posse,
1584 3928 1707 3967 eum
1738 3931 1869 3969 vero
1902 3916 1995 3985 qui
2029 3917 2080 3969 in

510 3998 777 4065 Spiritum
803 4009 1050 4053 sanctum
1085 4000 1571 4071 blasphemaverit,
1602 4005 1816 4058 veniam
1844 4021 1947 4060 non
1982 4006 2081 4058 Ita-

507 4089 638 4144 bere
668 4106 843 4160 neque
877 4092 926 4144 in
960 4095 1213 4161 praesenti
1241 4094 1462 4159 Saeculo,
1496 4111 1671 4166 neque
1696 4098 1747 4151 in
1781 4096 1989 4151 futuro?

585 4183 642 4238 5.
689 4183 845 4250 Quod
892 4193 1075 4240 autem
1128 4202 1157 4238 a
1191 4186 1301 4242 Deo
1337 4186 1591 4242 universa
1618 4199 1797 4244 creata
1827 4190 1953 4252 sint,
1986 4204 2085 4244 nec

505 4276 582 4333 sit
609 4278 715 4333 ulla
748 4289 1000 4332 creatura
1033 4295 1153 4349 qua:
1178 4296 1281 4334 non
1322 4282 1389 4335 ab
1417 4298 1483 4337 eo
1513 4283 1614 4337 hoc
1644 4284 1818 4353 ipsum
1854 4292 1910 4337 ut
1933 4296 2086 4341 esset

507 4372 806 4441 acceperit,
842 4386 908 4425 ex
939 4373 1127 4427 multis
1154 4374 1454 4445 Scriptura:
1499 4377 1900 4432 assertionibus
1937 4394 2083 4432 com-

508 4468 803 4531 probatur,
838 4467 1138 4537 repudiatis
1169 4478 1331 4539 atque
1359 4471 1597 4541 depulsis
1628 4473 1710 4527 his
1747 4489 1867 4543 quae
1894 4490 1921 4527 a
1960 4475 2081 4543 qui-

2186 3353 2343 3406 id-est
2381 3361 2598 3405 terrena
2631 3363 2686 3406 et
2719 3354 3026 3421 corporalia
3050 3396 3065 3419 ,
3110 3355 3381 3423 particeps
3408 3362 3491 3407 est
3517 3350 3769 3420 Spiritus

2184 3447 2356 3501 sancti
2387 3463 2415 3499 a
2454 3448 2559 3499 Deo
2583 3463 2707 3500 eum
2746 3449 3046 3513 accipiens.

2188 3540 2379 3609 Ἔλεγε
2402 3540 2457 3593 δὲ
2490 3542 2518 3593 ὁ
2552 3538 2799 3611 Ἐϐραῖος
2829 3539 2941 3611 (71)

2183 3634 2251 3688 τὰ
2284 3637 2341 3687 ἐν
2378 3634 2456 3704 τῷ
2502 3634 2698 3705 Ἡσαΐᾳ
2735 3633 2828 3685 δύο
2857 3651 2944 3686 σε-

2187 3730 2363 3802 ραφὶμ
2382 3728 2725 3800 ἐξα-πτέρυγα
2756 3745 2947 3799 κεκρα-

2185 3824 2318 3894 γότα
2357 3824 2541 3895 ἕτερον
2575 3822 2709 3894 πρὸς
2736 3820 2943 3893 ἕτερον,

2187 3916 2277 3973 καὶ
2330 3914 2586 3983 λέγοντα·
2644 3934 2662 3964 ‹
2720 3913 2939 3982 Ἤγιος,

2186 4010 2359 4077 ἅγιος,
2397 4010 2550 4078 ἅγιος
2599 4008 2807 4080 Κύριος
2850 4008 2944 4060 Σα-

2187 4100 2353 4165 ϐαὼθ,
2369 4102 2487 4155 »τὸν
2505 4098 2781 4169 Μονογενῆ
2801 4096 2939 4153 εἶναι

2184 4198 2279 4250 τοῦ
2317 4196 2453 4249 Θεοῦ
2490 4195 2586 4248 καὶ
2624 4194 2685 4248 τὸ
2715 4194 2942 4265 Πνεῦμα

2183 4290 2247 4342 τὸ
2292 4289 2465 4357 ἅγιον·
2504 4290 2670 4360 ἡμεῖς
2718 4287 2942 4357 οἰόμεθα

2186 4383 2267 4435 ὅτι
2313 4382 2406 4434 καὶ
2448 4383 2504 4433 ἐν
2544 4384 2611 4453 τῇ
2661 4380 2771 4452 ᾠδῇ
2813 4383 2943 4451 Ἀμ-

2188 4472 2421 4544 6ακούμ·
2461 4492 2478 4524 ι
2521 4475 2610 4527 Ἐν
2670 4474 2817 4545 μέσῳ
2853 4473 2945 4527 δύο

504 4558 738 4612 busdam
775 4558 911 4612 falso
959 4560 1337 4629 perhibentur,
1362 4563 1443 4617 vel
1471 4564 1536 4619 de
1577 4567 1803 4619 materia
1845 4567 1953 4621 Deo
1988 4583 2080 4621 co-

2193 4564 2340 4631 ζώων
2383 4566 2710 4639 γνιιισοήςῃ,
2759 4587 2777 4619 ι
2818 4566 2946 4638 περ).

507 4660 736 4712 aeterna,
763 4651 847 4703 vel
881 4651 947 4704 de
981 4652 1234 4721 ingenitis
1266 4654 1573 4719 animabus,
1597 4657 1796 4726 quibus
1825 4674 1930 4711 non
1973 4668 2080 4712 tant

507 4742 837 4797 subsistendi
870 4756 1140 4809 naturam,
1191 4762 1352 4819 quam
1400 4751 1764 4819 mqualitatem
1797 4764 1963 4822 atque
1994 4769 2083 4806 or-

508 4830 693 4887 dinem
736 4837 849 4905 (67)
904 4856 933 4892 a
984 4839 1094 4892 Deo
1150 4840 1373 4897 insitum
1420 4843 1627 4898 volunt.
1673 4842 1805 4896 Nam
1842 4854 1898 4897 et
1935 4844 1987 4897 in
2021 4860 2088 4898 eo

583 4950 629 5025 ξ’
656 4948 879 5025 Ρξξιζι,
900 4952 985 5006 l3.
1064 4953 1267 5025 ‘fﬁDau.
1293 4936 1444 5016 tv,.6.
1522 4957 1563 4989 ⁶¹
1588 4957 1743 5010 Joan.
1771 4974 1865 5023 xx,
1885 4957 1973 5012 εξ.
2053 4958 2074 4988 ⁸

2193 4977 2262 5014 te.
2288 4978 2325 5025 ι,
2348 4962 2437 5016 55.

511 5035 550 5083 t,
579 5022 631 5073 ‘2.

582 5110 695 5183 (65)
723 5109 798 5183 lla
833 5128 962 5167 mss.
998 5114 1169 5182 Alias,
1207 5135 1225 5164 ι
1253 5118 1596 5183 proliteutur.
1625 5139 1644 5173 ι

581 5182 694 5248 (64)
738 5182 817 5236 Ita
853 5199 985 5238 mss.
1014 5186 1187 5248 Alias,
1228 5182 1658 5246 «abundantius.
1684 5209 1703 5243 ι

584 5254 693 5321 (b5)
737 5252 828 5308 S‘c
864 5271 990 5308 mss.
1024 5257 1194 5320 Alias,
1225 5274 1243 5306 ι
1279 5256 1538 5315 Dominus
1559 5259 1740 5317 Jesus.
1775 5280 1794 5313 ι

581 5323 827 5399 (66)__Sic
848 5341 987 5399 mss.
1012 5325 1179 5385 Alias.
1206 5344 1224 5399 ς
1251 5328 1497 5399 tlit:i_mus.
1537 5350 1556 5382 ι
1588 5331 1752 5385 Ρειιιιο
1775 5340 1893 5399 post
1926 5348 2079 5398 mss,

510 5414 527 5441 ι
572 5394 1048 5468 e_xer-l_lei_itissitit:e
1078 5397 1318 5468 omnium
1345 5396 1642 5455 Trinitatis.
1681 5422 1697 5451 ι
1731 5394 1900 5468 Alias,
1930 5421 1948 5454 ι
1986 5394 2082 5459 ex;

504 5464 1369 5524 cialleutissinueomnitrinitatis.
1416 5490 1435 5522 ι

581 5534 694 5603 (67)
733 5534 831 5615 .Sic
883 5552 1016 5615 mss.
1067 5538 1237 5601 Alias,
1291 5557 1309 5589 ι
1343 5541 1540 5615 quibus
1589 5552 1694 5595 tam
1746 5544 2075 5599 subsistendi

507 5619 670 5677 attain
699 5609 821 5677 vitae
855 5609 1174 5674 qualitatem
1208 5621 1370 5677 atque
1405 5613 1675 5666 ordinem.
1709 5634 1728 5665 ι

532 5747 541 5753 ⁸
583 5674 695 5745 (68)
737 5676 829 5753 Sic
860 5693 992 5753 mss.
1020 5680 1170 5732 Alias
1204 5674 1485 5753 mendose,
1523 5710 1539 5734 ι
1567 5684 1858 5753 pastoralis
1886 5684 2085 5740 dicitur

508 5747 790 5819 peringeli
822 5750 1092 5815 positione
1127 5766 1287 5819 quem
1330 5747 1580 5808 Hermes.
1617 5774 1635 5805 ο

579 5815 702 5911 (5°)—
736 5817 824 5875 Sic
864 5837 992 5877 tttss.
1029 5815 1200 5887 Alias,
1231 5842 1248 5872 ι
1286 5838 1391 5912 quo
1425 5823 1487 5878 de
1514 5825 1642 5881 vita.
1685 5844 1702 5878 ι

713 5020 757 5051 ⁸⁸
785 5019 963 5078 Galatl.
992 5037 1042 5080 v.
1070 5023 1160 5076 22.
1238 5025 1282 5055 ⁸⁷
1308 5026 1431 5081 Gal.
1454 5043 1532 5092 nr,
1558 5029 1611 5081 5.
1690 5028 1734 5060 ⁸⁸
1761 5019 1867 5085 lsa.
1895 5043 2029 5096 xui,
2057 5029 2111 5081 5.

2191 4660 2428 4730 Χριστοῦ
2465 4662 2556 4715 καὶ
2584 4661 2737 4730 ἁγίου
2778 4659 2948 4713 Πνεῦ-

2197 4774 2383 4826 ματος.

3016 3539 3425 3595 Dicehatautem
3442 3547 3491 3592 et
3509 3536 3776 3592 llebrmus

3002 3634 3299 3702 'magistcr,
3340 3631 3483 3698 quod
3527 3630 3633 3682 duo
3670 3628 3767 3683 illa

3016 3727 3287 3796 seraphim
3338 3740 3458 3793 qute
3510 3724 3563 3776 in
3621 3722 3768 3776 Isaia

3017 3822 3166 3876 senis
3226 3820 3327 3873 alis
3379 3816 3777 3872 describuntur

3014 3913 3307 3967 clamantia
3341 3910 3668 3971 adiuvicem,
3716 3917 3777 3963 ct

3015 4005 3247 4059 dicentia
3283 4022 3331 4059 ε(
3357 4003 3610 4065 Sanctus,
3636 4018 3737 4055 san
3755 4030 3776 4041 -

3015 4110 3171 4162 ctus,
3239 4108 3461 4151 sanctus
3510 4096 3779 4149 Dominus

3020 4193 3159 4246 Deus
3229 4190 3469 4245 Sabaoth
3519 4189 3593 4255 ⁶⁹;
3642 4207 3663 4239 ι
3703 4187 3775 4241 de

3017 4286 3294 4356 unigeltito
3363 4283 3501 4338 Filio
3558 4281 3653 4337 Dei
3715 4293 3779 4336 et.

3017 4378 3220 4448 Spiritu
3255 4387 3447 4433 sancto
3470 4384 3655 4430 essent
3683 4374 3776 4428 itt-

3019 4472 3326 4543 telligenda.
3366 4470 3474 4524 Nos
3511 4485 3641 4525 vero
3670 4485 3779 4537 pn-

3017 4574 3192 4619 taums
3237 4565 3398 4619 etiam
3447 4563 3578 4617 illud
3622 4562 3776 4630 quod

3020 4661 3071 4713 iu
3102 4658 3546 4714 cauticoAhacuc
3566 4656 3781 4710 dictum

3018 4764 3099 4807 est
3132 4771 3145 4806 :
3185 4770 3202 4801 ι
3231 4752 3285 4805 In
3318 4752 3494 4803 medio
3526 4749 3602 4804 vel
3634 4750 3780 4802 duo-

2200 4865 2318 4903 rum
2374 4850 2717 4915 animalium,
2781 4848 2861 4903 vel
2910 4848 3139 4902 duarum
3196 4845 3431 4898 vitarum
3466 4857 3779 4913 cognosce-

2190 5033 2233 5065 ”
2263 5033 2365 5086 lsa.
2389 5049 2462 5099 vt,
2488 5035 2542 5086 3.

2516 4963 2561 4993 "
2590 4962 2759 5017 lCor.
2788 4978 2883 5027 xu,
2904 4962 2959 5016 5.

3034 4960 3079 4992 ⁸⁸
3103 4960 3225 5013 Act.
3250 4972 3368 5024 vm,
3395 4956 3480 5011 ‘38.
3559 4956 3605 4987 ⁸⁸
3631 4954 3775 5011 Gen.

2263 5122 2376 5190 (76)
2420 5122 2493 5175 lta
2532 5138 2663 5175 mss.
2696 5121 2842 5175 Alias
2866 5162 2881 5183 ,
2925 5139 2944 5169 α
2992 5131 3339 5186 exponerem.
3366 5105 3403 5168 ἰ
3445 5114 3610 5169 Paulo
3647 5130 3778 5186 post

2195 5209 2348 5259 mss.,
2375 5216 2391 5244 ι
2426 5195 2643 5261 quidam
2684 5208 2811 5245 sane
2845 5208 2909 5246 ex
2952 5190 3367 5257 pt'tecessoribus
3414 5190 3624 5261 uestris

2189 5259 2568 5317 observarunt.
2585 5285 2601 5313 ι
2628 5264 2796 5327 Alias,
2815 5263 3031 5331 quidam
3050 5275 3180 5331 sane
3194 5274 3258 5331 ex
3280 5259 3779 5326 praedecessorum»:

2192 5334 2489 5389 nostris...

2550 5330 2864 5388 observant.
2904 5351 2922 5383 ι
2957 5330 3123 5383 Paulo
3167 5330 3305 5383 infra
3357 5344 3509 5387 mss.,
3545 5347 3562 5379 ι
3600 5331 3779 5395 parti-

2197 5420 2325 5471 ceps
2344 5414 2422 5457 est
2462 5404 2700 5471 Spiritus
2717 5404 2886 5457 sancti
2916 5419 2945 5455 a
2972 5401 3079 5455 Deo
3104 5416 3225 5455 eum
3266 5398 3592 5469 accipiens.»
3614 5400 3774 5454 Alias

2189 5474 2363 5534 deest,
2398 5492 2416 5524 ε
2450 5473 2684 5541 Spiritus
2711 5474 2903 5527 sancti.
2941 5492 2958 5523 ι

2262 5544 2376 5614 (71)
2422 5538 2632 5613 Ἔλεγε
2649 5544 2717 5597 δὲ
2739 5547 2771 5597 ό
2787 5542 3069 5611 Ἑϐραῖος,
3098 5550 3205 5596 etc.
3225 5539 3411 5614 Graece
3434 5539 3546 5594 bmc
3561 5538 3779 5614 profert

2186 5610 2535 5670 Jusliuiauus
2562 5610 2624 5667 ad
2659 5610 3135 5680 calcem’cpis‘tclae
3166 5614 3232 5665 ad
3276 5610 3484 5664 Menam
3520 5612 3767 5677 patriar-

2187 5687 2344 5739 cltam
2410 5685 3091 5751 Constantinopolitauum.
3153 5682 3488 5749 Hieronymo

3574 5690 3763 5733 autem

2189 5754 2529 5811 stomachum
2568 5756 2638 5808 ita
2681 5750 2851 5809 movit
2890 5755 3003 5809 hth
3049 5754 3299 5823 Origenis
3347 5750 3729 5823 interpretatio
3755 5790 3774 5810 .

2192 5836 2253 5897 ut
2284 5825 2501 5896 impiam
2530 5825 2676 5881 illam
2706 5835 2760 5882 et
2795 5821 3171 5881 detestandam
3218 5822 3452 5896 appellet
3483 5822 3575 5877 lib.
3610 5828 3671 5878 ιιι
3713 5821 3777 5877 in
