3992 6532
226 394 319 450 H9

1603 360 1804 441 mnsit
1838 385 2115 441 PRIMUS.

3361 373 3380 424 l
3390 368 3464 425 ‘50

216 514 291 565 ris
310 510 361 544 ⁷⁸
394 511 534 580 (72),
570 529 587 561 ι
621 510 685 563 de
714 507 934 564 Christo
956 508 1099 562 etde
1133 506 1339 576 Spiritu
1369 514 1557 560 sancto
1586 506 1781 560 sentiri
1815 511 1863 566 Α
1890 519 2020 559 sane
2050 503 2189 574 quod
2218 501 2471 565 dicimus,
2506 497 2588 553 vel
2619 516 2636 549 ι
2670 512 2904 565 semper,
2945 513 2962 545 ι
2994 494 3074 548 vel
3110 511 3127 544 ι
3158 500 3296 559 erat,
3328 511 3347 543 ι
3378 491 3471 544 vel

212 604 432 658 debere.
472 602 666 657 Omnis
688 602 830 655 enim
854 599 1079 655 scientia
1111 598 1178 653 de
1202 598 1361 653 Patre
1395 596 1669 651 revelante
1696 595 1786 649 Fi-

212 695 283 748 lio
314 695 365 748 in
404 692 616 759 Spiritu
643 701 834 746 sancto
866 689 1234 762 cognoscitur,
1258 698 1316 741 ut
1343 687 1504 741 ambo
1534 688 1648 741 haec
1670 700 1789 751 qua:

209 788 517 841 secundum
574 784 889 855 prophetam
928 782 1014 838 vel
1054 780 1376 845 animantia,
1412 779 1496 833 vel
1538 778 1661 831 vitae
1702 778 1787 831 di-

211 890 437 939 cuntur,
470 893 639 932 causa
673 877 919 931 Scientia:
954 875 1046 929 Dei
1083 874 1261 930 Patris
1295 873 1586 926 exsistant.
1636 871 1787 926 Sicut

212 971 355 1024 enim
408 970 477 1023 de
527 968 666 1023 Filio
699 970 919 1032 dicitur,
963 968 1088 1036 quia
1123 984 1141 1017 ι
1174 980 1333 1019 nemo
1363 966 1516 1019 novit
1568 963 1783 1018 Patrem

213 1065 315 1118 nisi
348 1062 553 1124 Filius,
580 1072 634 1117 et
661 1062 747 1117 cui
778 1057 1011 1115 voluerit
1039 1060 1207 1114 Filius
1238 1058 1583 1122 revelare";
1619 1075 1638 1108 ι
1674 1057 1787 1109 haec

212 1155 403 1209 eadem
436 1154 603 1207 etiam
633 1152 698 1206 de
721 1152 927 1218 Spiritu
952 1162 1143 1204 sancto
1175 1149 1307 1202 dicit
1329 1145 1639 1216 Apostolus,
1664 1158 1785 1197 cum

216 1245 334 1298 ait:
376 1263 396 1296 ι
442 1244 613 1298 Nobis
656 1252 835 1296 autem
882 1240 1141 1293 revelavit
1178 1238 1319 1292 Deus
1368 1251 1464 1306 per
1515 1234 1781 1303 Spiritum

216 1354 369 1390 suum
404 1336 557 1405 (7'3);
594 1335 834 1403 Spiritus
882 1331 1027 1387 enim
1060 1332 1241 1385 omnia
1291 1337 1566 1384 scrutatur
1618 1326 1783 1380 etiam

216 1428 316 1479 alta
348 1427 443 1481 Dei
466 1428 569 1478 “.i
597 1426 703 1480 Sed
729 1433 784 1479 et
806 1439 997 1478 rursus
1019 1424 1072 1476 in
1093 1420 1384 1491 Evangelio
1411 1420 1475 1474 de
1502 1418 1702 1473 divinis
1724 1432 1787 1471 ac

216 1518 665 1586 prolumlioribus
712 1514 976 1570 doctrinis
1027 1526 1469 1567 commemorans
1535 1508 1787 1563 Salvator

219 1625 347 1680 quas
376 1609 623 1663 nomium
655 1622 851 1676 capere
904 1613 1159 1675 poterant
1193 1601 1444 1671 discipuli
1471 1603 1574 1663 sui,
1610 1600 1681 1653 ita
1711 1598 1789 1653 ait

216 1703 279 1754 ad
310 1700 595 1769 apostolos
632 1715 647 1751 :
687 1717 705 1749 ι
743 1698 935 1751 Adhuc
957 1695 1125 1749 multa
1158 1693 1331 1747 habeo
1377 1707 1498 1760 quae
1529 1691 1681 1744 vobis
1711 1690 1790 1742 di-

217 1806 348 1852 eam,
383 1792 481 1845 sed
519 1806 626 1843 non
651 1788 981 1857 potestisilla
1008 1786 1164 1840 modo
1194 1798 1420 1854 capere;
1454 1798 1575 1837 cum
1602 1790 1782 1834 autem

1895 595 1938 649 si
1971 594 2109 663 quod
2137 592 2281 646 aliud
2333 590 2439 645 tale
2482 587 2793 658 temporalis
2819 582 3230 656 signiﬁcationis
3261 596 3458 635 nomen

1894 683 2246 738 adsciscimus
2272 679 2408 753 (76),
2439 677 2758 749 simpliciter
2786 686 2977 731 etcum
2997 675 3153 729 venia
3186 671 3457 742 accipien—

1893 775 2018 828 dum
2054 783 2164 838 est;
2198 774 2450 843 quoniam
2478 771 2750 826 nominum
2771 768 2987 839 quidem
3033 767 3224 821 horum
3258 765 3461 834 signiti—

1894 866 2133 919 cationes
2160 863 2481 932 temporales
2514 870 2660 926 sunt,
2686 875 2747 915 ea
2779 871 2958 913 autem
2981 858 3046 912 de
3069 858 3260 927 quibus
3290 857 3465 928 loqui-

1893 974 2034 1019 mur,
2063 964 2289 1011 tractatu
2316 955 2527 1023 quidem
2572 953 2841 1007 sermonis
2888 951 3256 1020 temporaliter
3288 951 3460 1003 nomi-

1895 1057 2115 1110 nantur,
2171 1056 2365 1100 natura
2416 1054 2595 1099 autem
2648 1044 2730 1098 sui
2785 1057 3001 1097 omnem
3053 1042 3462 1113 intelligentiam

1902 1154 2096 1193 sensus
2127 1137 2439 1207 temporalis
2472 1136 2760 1189 excedunt.

1963 1230 2014 1285 5.
2047 1229 2268 1284 Rectum
2293 1236 2471 1282 tamen
2492 1227 2702 1281 videtur
2732 1226 3006 1291 inquirere
3028 1224 3153 1293 quid
3176 1238 3349 1277 causa:
3368 1222 3458 1282 sit.

1894 1323 2032 1391 quod
2080 1322 2167 1390 qui
2213 1330 2563 1390 regeneratnr
2597 1330 2695 1388 per
2725 1318 2889 1371 Deum
2926 1318 2978 1370 in
3031 1317 3281 1381 salutem,
3322 1330 3458 1384 opus

1894 1414 2058 1468 habet
2087 1422 2140 1467 et
2172 1412 2331 1467 Patre
2367 1420 2420 1465 et
2470 1410 2610 1465 Filio
2631 1419 2684 1465 et
2713 1410 2916 1478 Spiritu
2944 1418 3159 1473 sancto,
3196 1424 3301 1462 non
3334 1422 3457 1477 per-

1893 1514 2149 1574 cepturus
2174 1503 2402 1557 salutem
2432 1501 2532 1556 nisi
2564 1503 2632 1555 sit
2668 1502 2873 1570 integra
2902 1499 3145 1554 Trinitas
3170 1515 3185 1553 :
3213 1512 3311 1552 nec
3338 1512 3459 1565 pos-

1893 1597 2048 1653 sibile
2086 1597 2157 1651 sit
2186 1596 2509 1665 participem
2542 1593 2657 1647 ﬁeri
2697 1593 2875 1648 Patris
2905 1592 2987 1648 vel
3026 1592 3147 1647 Filii
3186 1592 3304 1647 sine
3333 1589 3459 1660 Spi-

1895 1691 1999 1743 ritu
2029 1699 2223 1743 sancto
2252 1687 2389 1759 (77).
2419 1687 2493 1741 De
2537 1687 2735 1755 quibus
2766 1686 3119 1740 discutientes
3160 1684 3275 1739 sine
3301 1684 3460 1738 dubio

1897 1781 2262 1835 necessarium
2297 1781 2401 1833 erit
2435 1788 2493 1834 ut
2524 1779 2894 1849 operationem
2949 1777 3237 1847 specialem
3285 1776 3453 1848 Spirio

217 1884 425 1936 venerit
460 1882 781 1937 coxisolator
814 1879 1053 1949 Spiritus
1074 1886 1318 1942 sanctus,
1337 1876 1427 1930 ille
1458 1890 1555 1929 vos
1577 1873 1791 1927 docebit
1820 1877 1862 1930 Β
1895 1883 1978 1925 tus
2009 1872 2203 1936 sancti,
2223 1880 2278 1925 et
2311 1870 2597 1939 specialem
2626 1870 2801 1925 Patris
2823 1886 2887 1926 ac
2914 1870 3035 1925 Filii
3064 1869 3457 1925 describamus.

218 1976 417 2040 omnia,
444 1974 889 2028 etcotnmunebit
917 1971 1097 2024 omnia
1125 1985 1245 2039 qua:
1271 1968 1380 2022 dixi
1424 1966 1774 2021 Μυκη-⁷³.»

216 2070 277 2123 Et
317 2069 392 2124 ita
435 2068 777 2123 sentiendum
818 2065 1077 2136 estquod
1110 2066 1248 2119 sicut
1295 2062 1467 2117 Filius
1504 2061 1594 2132 qui
1634 2060 1784 2115 solus

216 2161 497 2228 cognoscit
535 2159 779 2224 Patrem,
829 2159 1033 2211 revelat
1082 2159 1165 2211 cui
1213 2156 1359 2217 vult;
1410 2155 1487 2208 ita
1538 2154 1783 2223 Spiritus

218 2264 439 2306 sanctus
466 2252 560 2321 qui
592 2252 744 2305 solus
770 2259 1045 2305 scrutatur
1085 2250 1249 2303 etiam
1284 2247 1390 2301 alta
1427 2245 1542 2309 Dei,
1579 2244 1785 2298 revelat

218 2346 383 2399 Deum
416 2343 529 2414 (74)
556 2343 641 2395 cui
691 2344 826 2397 vult.
867 2360 883 2392 ‹
921 2341 1156 2410 Spiritus
1194 2341 1339 2393 enim
1381 2337 1471 2392 tibi
1516 2336 1628 2390 vult
1670 2336 1783 2404 spi-

222 2437 380 2489 rat".
421 2454 437 2486 ι
474 2434 663 2504 Neque
694 2435 841 2489 enim
872 2433 1167 2503 putandum
1199 2432 1306 2502 6?,
1329 2438 1410 2483 est
1435 2428 1575 2497 quod
1615 2428 1781 2481 etiam

222 2527 456 2593 Spiritus
486 2526 626 2580 Filio
652 2527 928 2580 revelante
944 2524 1238 2594 cognoscit.
1262 2523 1316 2577 Si
1342 2521 1484 2577 enim
1513 2520 1787 2575 revelante

222 2619 351 2674 Filio
378 2618 671 2687 cognoscit
716 2618 929 2672 Patrem
976 2617 1213 2687 Spiritus
1260 2625 1523 2677 sanctus,
1554 2628 1684 2681 ergo
1720 2627 1785 2667 ex

222 2711 527 2780 ignorantia
557 2711 623 2762 ad
659 2710 944 2764 scientiam
986 2710 1165 2773 venit;
1217 2706 1359 2776 quod
1392 2706 1578 2775 utique
1604 2715 1657 2759 et
1682 2705 1783 2758 im-

222 2803 360 2870 pium
386 2802 594 2871 pariter
621 2809 675 2855 et
702 2801 926 2853 stultmn
951 2808 1056 2861 est,
1080 2798 1338 2867 Spiritum
1357 2806 1602 2851 sanctum
1626 2794 1789 2850 conli-

224 2895 405 2959 teri,et
423 2893 788 2963 ignorantiam
804 2892 851 2946 ei
872 2893 1167 2947 ascribere.
1190 2889 1307 2945 Non
1331 2890 1474 2944 enim
1496 2904 1615 2943 cum
1642 2888 1787 2942 aliud

224 2983 423 3052 aliquid
452 2992 601 3037 esset
639 2992 933 3057 antequam
977 2981 1215 3050 Spiritus
1247 2989 1487 3044 sanctus,
1531 2995 1629 3050 per
1662 2994 1789 3049 pro-

224 3074 415 3128 fectum
443 3076 595 3128 venit
640 3075 691 3127 in
747 3075 850 3127 hoc
889 3081 945 3126 ut
980 3082 1124 3126 esset
1154 3071 1392 3139 Spiritus
1426 3082 1683 3135 sanctus;
1729 3078 1789 3124 ιιι

225 3164 340 3231 quis
368 3165 573 3217 audeat
605 3164 807 3229 dicere,
836 3164 962 3233 quia
999 3172 1124 3217 tunc
1153 3164 1369 3232 quidem
1398 3178 1524 3216 cum
1547 3163 1783 3216 nondum

226 3266 360 3308 esset
405 3254 647 3322 Spiritus
671 3254 783 3326 (75)
813 3266 1058 3317 sanctus,
1089 3254 1377 3324 ignorabat
1414 3253 1655 3318 Patrem,
1691 3270 1787 3322 po-

225 3356 330 3399 stea
359 3361 492 3400 vero
528 3362 692 3415 quam
737 3348 940 3415 recepit
966 3347 1270 3407 scientiam,
1308 3344 1545 3413 Spiritus
1568 3354 1788 3401 sanctus

225 3436 445 3492 t-ﬂectus
470 3448 590 3499 est;
624 3440 767 3506 quod
801 3438 845 3491 si
880 3448 1041 3498 esset.
1066 3454 1337 3506 nunquam
1367 3439 1555 3507 utique
1588 3439 1639 3493 in
1669 3441 1793 3492 uui-

228 3538 331 3582 tate
373 3528 685 3593 Trinitatis,
727 3531 778 3583 id
807 3538 890 3583 est
926 3530 1015 3582 Dei
1059 3529 1239 3584 Patris
1272 3530 1703 3585 inconvertibilis
1737 3540 1790 3585 et

228 3608 343 3675 Filii
378 3623 517 3691 ejus,
563 3622 731 3675 etiam
776 3621 892 3689 ipse
929 3619 1167 3690 Spiritus
1214 3633 1437 3677 sanctus
1468 3623 1784 3689 haberetur,

227 3714 321 3768 nisi
354 3717 481 3783 quia
519 3724 576 3769 et
602 3715 718 3784 ipse
740 3728 957 3782 semper
984 3722 1102 3768 erat
1138 3714 1371 3784 Spiritus
1396 3726 1640 3772 sanctus.
1675 3717 1789 3773 lloc

289 3852 335 3885 τ’
373 3850 575 3907 llabac.
622 3862 706 3914 Ill,
732 3847 787 3902 5.
816 3850 859 3881 ’ί
891 3848 1023 3906 Luc.
1053 3866 1110 3919 ιι,
1137 3852 1228 3907 9.2.
1303 3855 1349 3887 ⁷³
1384 3855 1549 3913 lCor.
1578 3875 1639 3927 ιι,
1672 3860 1753 3915 10.

224 3993 429 4055 Isaiam,
463 4002 521 4047 et
548 3992 710 4060 epist.
754 3992 844 4058 41,
885 3992 1019 4048 alias
1050 3995 1141 4060 65,
1190 3998 1255 4050 ad
1291 3996 1697 4054 Pammachium
1736 4014 1794 4057 et

224 4071 516 4140 Oceanum.
549 4064 657 4117 Sed
691 4065 815 4117 vide
846 4080 954 4140 quo
984 4075 1150 4140 pacto
1170 4079 1465 4124 excusetur
1504 4068 1789 4140 Origeuia-

225 4152 403 4189 norum
424 4134 519 4186 lib.
554 4151 618 4194 tt,
647 4143 839 4201 qua-st.
873 4135 927 4195 3,
955 4153 1100 4189 num.
1128 4138 1216 4191 26.

294 4206 400 4275 (72;
444 4203 514 4256 In
540 4206 711 4257 medio
739 4203 818 4257 vel
853 4207 1077 4275 duorum
1107 4208 1420 4262 animalium
1447 4210 1531 4263 vel
1563 4212 1789 4267 duarum

222 4274 450 4349 vitiarunt
470 4277 824 4349 coquosceris.
846 4274 1137 4349 Yerterunt
1166 4277 1311 4331 LXX
1337 4284 1660 4349 interpretes
1685 4301 1699 4335 :
1732 4286 1791 4339 ἐν

226 4346 367 4416 μέσῳ
396 4345 490 4397 δύο
515 4344 668 4408 ζώων
701 4344 1010 4416 γνωσθήσῃ.
1055 4364 1073 4397 α
1109 4348 1162 4401 lu
1190 4350 1366 4402 taedio
1402 4344 1630 4404 duorum
1667 4354 1791 4406 ani-

226 4419 439 4491 tualiuut
472 4418 845 4491 Cognosceris.
886 4435 902 4466 ι
928 4416 984 4468 Si
1004 4431 1138 4491 vero
1165 4434 1260 4491 pro
1289 4417 1443 4491 ζώων
1466 4421 1610 4491 legas
1638 4422 1793 4486 ζωῶν

1884 1963 2022 2036 [(78)
2054 1964 2173 2015 Ὅτι
2198 1964 2226 2016 ὁ
2262 1962 2361 2033 μὲν
2384 1961 2515 2024 θεὸς
2554 1960 2649 2015 καὶ
2721 1966 2971 2019 Arbitror
3013 1978 3141 2031 ergo
3193 1957 3459 2027 operatio-

1884 2055 2069 2125 Πατὴρ
2104 2053 2341 2123 συνέχων
2362 2052 2429 2105 τὰ
2478 2052 2652 2108 πάντα

1886 2148 2076 2216 φθάνει
2141 2148 2220 2208 εἰς
2275 2145 2505 2198 ἕκαστον
2538 2144 2646 2199 τῶν

1884 2238 2049 2293 ὄντων
2087 2238 2401 2309 μεταδιδοὺς
2425 2238 2642 2307 ἑκάστῳ

1884 2333 1993 2386 ἀπὸ
2037 2332 2132 2385 τοῦ
2178 2332 2305 2385 ίδίου
2356 2332 2417 2384 τὸ
2466 2327 2640 2385 εἶναι*

1884 2425 1960 2479 ὢν
2014 2426 2121 2496 γάρ
2178 2428 2358 2478 ἐστιν·
2408 2425 2644 2478 ἐλάττων

1884 2518 1941 2571 δὲ
1997 2519 2132 2591 πρὸς
2184 2518 2273 2573 τὸν
2333 2518 2552 2591 Πατέρα
2617 2518 2645 2571 ὁ

1888 2610 2018 2674 Υἱὸς
2047 2610 2264 2681 φθάνων
2294 2612 2387 2664 ἐπὶ
2411 2612 2548 2683 μονα
2575 2610 2645 2665 τὰ

1885 2703 2094 2773 λογικά·
2126 2705 2377 2777 δεύτερος
2402 2708 2508 2777 γάρ
2530 2707 2647 2759 ἐστι

1886 2795 1978 2849 τοῦ
2006 2796 2248 2868 Πατρός·
2282 2797 2363 2851 ἔτι
2394 2798 2450 2850 δὲ
2484 2793 2648 2868 ἦττον

1885 2890 1947 2942 τὸ
1996 2890 2218 2961 Πνεῦμα.
2250 2892 2311 2943 τὸ
2352 2892 2504 2960 ἅγιον
2554 2889 2647 2942 ἐπὶ

1892 2983 2086 3052 μόνους
2141 2985 2265 3047 τοὺς
2311 2984 2500 3051 ἁγίους
2549 2982 2649 3036 διῖ-

1889 3073 2219 3147 κνούμενονο
2291 3076 2430 3129 ὥστε
2508 3074 2647 3129 κατὰ

1889 3168 2046 3223 τοῦτο
2106 3169 2305 3241 μείζων
2344 3172 2375 3241 ή
2423 3169 2649 3241 δύναμις

1886 3262 1982 3315 τοῦ
2056 3264 2268 3335 Harpe;
2325 3262 2474 3334 παρὰ
2555 3262 2647 3315 τὸν

1888 3355 2015 3408 Υίδν
2060 3357 2153 3409 καὶ
2216 3357 2276 3409 τὸ
2320 3355 2546 3426 Πνεῦμα
2588 3354 2651 3408 τὸ

1887 3443 2060 3513 ἅγιον·
2115 3445 2315 3499 πλείων
2361 3445 2415 3498 δὲ
2468 3448 2499 3517 ἡ
2547 3445 2642 3498 τοῦ

1890 3537 2018 3591 Υίοῦ
2058 3540 2207 3609 παρὰ
2240 3540 2298 3592 τὸ
2326 3539 2553 3610 Πνεῦμα
2586 3539 2647 3591 τὸ

1887 3630 2072 3699 ἅγιονθ
2122 3632 2213 3684 καὶ
2254 3632 2416 3685 πάλιν
2460 3630 2647 3699 διαφὲ-

1889 3741 2058 3794 pouse
2109 3725 2306 3796 μᾶλλον
2353 3725 2447 3778 τοῦ
2491 3724 2645 3793 ἁγίου

1830 3862 1948 3895 ’3'”
1971 3863 2127 3921 Joan.
2153 3866 2500 3934 xv1,12,l5;
2534 3880 2644 3931 xw,
2667 3862 2755 3918 26.

1888 4009 2105 4077 quidem
2144 4010 2435 4065 sermonis.
2476 4029 2495 4061 ι

2720 2065 2841 2105 nem
2880 2049 3097 2113 quidem
3132 2061 3253 2100 esse
3290 2044 3459 2097 Patris

2721 2144 2779 2189 et
2826 2135 2947 2188 Filii
3004 2144 3110 2187 tam
3164 2134 3216 2188 in
3266 2130 3475 2188 sanctis

2718 2237 2878 2291 quam
2905 2222 2956 2274 in
2985 2220 3385 2290 peccatoribus,
3411 2219 3461 2270 in

2720 2317 3034 2372 hominibus
3108 2313 3466 2368 rationalibus

2716 2420 2769 2465 et
2799 2411 2853 2465 in
2893 2408 3056 2462 mutis
3095 2404 3418 2460 animalibus
3448 2419 3463 2467 ;

2716 2503 2808 2572 sed
2853 2511 2907 2556 et
2950 2502 3002 2555 iu
3057 2500 3142 2554 his
3182 2512 3302 2567 qua:
3350 2497 3469 2550 sine

2719 2596 2897 2650 anima
2942 2602 3089 2659 sunt,
3123 2602 3178 2646 et
3208 2592 3261 2646 in
3282 2590 3463 2645 omni—

2718 2691 2820 2745 bus
2860 2688 3080 2743 omnino
3126 2700 3243 2755 (λικε
3296 2694 3464 2749 sunt;

2719 2784 3088 2854 operationem
3124 2794 3252 2834 vero
3296 2777 3469 2847 Spiri-

2721 2888 2806 2933 tus
2876 2876 3050 2933 saucti
3121 2886 3462 2942 nequaquam

2719 2985 2940 3041 prorsus
2957 2966 3194 3022 incidere
3218 2964 3304 3019 vel
3331 2963 3465 3017 inea

2720 3079 2839 3134 qum
2862 3062 2978 3116 sine
3009 3059 3189 3113 anima
3218 3066 3363 3118 sunt,
3383 3054 3465 3108 vel

2720 3160 2772 3214 in
2797 3172 2858 3212 ea
2887 3170 3005 3225 quae
3033 3150 3326 3206 animantia
3352 3148 3470 3219 qui-

2720 3253 2861 3316 dem,
2888 3249 2983 3305 sed
3018 3255 3162 3302 muta
3201 3244 3467 3309 sunt;sed

2720 3360 2787 3400 ne
2823 3347 2875 3399 in
2909 3344 3016 3396 illis
3053 3340 3269 3409 quidem
3321 3337 3470 3390 inve-

2718 3439 2820 3492 niri
2857 3435 2965 3510 (79)
2996 3435 3090 3504 qui
3121 3428 3471 3510 rationabiles

2719 3504 3117 3600 quidem-sunt,
3146 3525 3241 3580 sed
3271 3524 3322 3577 in
3356 3504 3469 3574 tua;

2721 3627 2835 3681 lilia
2868 3625 3053 3695 positi,
3093 3636 3195 3676 nec
3242 3616 3466 3674 omnino

2721 3722 2785 3775 ad
2823 3719 3045 3775 meliora
3093 3712 3362 3771 conversi.
3411 3711 3471 3763 lu

2831 3862 2877 3893 "
2908 3860 3061 3916 Joan.
3092 3873 3175 3925 tn,
3202 3856 3256 3912 8.

1959 4079 2071 4147 (77)
2114 4079 2237 4133 Non
2260 4090 2597 4147 percepturus
2629 4078 2849 4133 salutem
2880 4076 2981 4130 nisi
3017 4076 3325 4147 sitintegrn
3350 4071 3469 4147 Tri-_

1890 4143 2063 4218 nitas:
2105 4167 2197 4202 nec
2246 4143 2495 4218 possibile
2541 4153 2609 4205 sit
2653 4149 2961 4218 participem
2994 4146 3110 4214 ﬁeri
3156 4143 3339 4218 Putris
3388 4144 3499 4197 vel'

1892 4217 2018 4271 Filii
2049 4222 2158 4272 sine
2192 4214 2393 4288 Spiritu
2414 4231 2612 4275 sancto.
2644 4220 2768 4274 lliec
2802 4217 3180 4273 desiderantur
3211 4214 3264 4268 in
3307 4221 3469 4269 antea

1889 4290 2071 4349 editis,
2098 4291 2189 4342 sed
2223 4300 2438 4343 exstant
2469 4292 2521 4345 in
2549 4291 2801 4345 omnibus
2828 4303 2965 4342 mss.

1959 4359 2070 4429 (78)
2109 4361 2227 4413 Ὅτι
2247 4364 2279 4414 ό
2297 4360 2414 4429 μὲν
2438 4362 2581 4428 Θεὸς
2601 4360 2697 4414 καὶ
2723 4356 2942 4426 Πατήρ.
2977 4367 3082 4412 etc.
3110 4354 3468 4429 Grmcabmc,

1891 4424 2337 4494 uncis'conclusa,
2360 4424 2581 4487 exhibet
2596 4424 2930 4486 Justinianus
2949 4431 3241 4496 imperator
3258 4426 3323 4479 ad
3349 4424 3466 4479 cal-

224 4503 253 4537 τι
280 4486 411 4551 ζωήν
448 4484 910 4567 νεῖιειιάιξξηβεῑρ
942 4502 960 4535 ε
1003 4486 1055 4539 ill
1087 4484 1262 4567 medio
1296 4484 1786 4567 tlttarunfvitartiiii
1822 4509 1867 4567 ι)
1896 4516 2011 4553 cem
2050 4500 2292 4567 epistolae
2321 4484 2386 4555 ad
2424 4484 2632 4557 Menam
2655 4484 2762 4564 {ea
2796 4511 2977 4554 autem
3006 4484 3190 4563 utpote
3220 4511 3340 4563 quae
3370 4512 3465 4549 ca-

224 4557 591 4623 cognOsceris.
640 4574 658 4606 ι
705 4554 966 4609 lieliraica
1005 4560 1170 4612 verba
1211 4571 1411 4612 sonant
1447 4577 1461 4613 :
1503 4581 1521 4612 ‹
1563 4562 1616 4615 ἰιι
1650 4563 1789 4617 iule-

224 4629 345 4680 riori
397 4640 668 4700 annorum
726 4624 1139 4700 vivilicaillud.
1198 4647 1217 4680 ι
1263 4628 1433 4684 Paulo
1480 4643 1600 4700 post
1634 4649 1789 4700 mss,

230 4716 249 4748 ι
285 4698 464 4751 omnis
494 4698 640 4747 enim
674 4695 898 4749 scientia
944 4698 1009 4749 de
1053 4696 1233 4751 Patre.
1292 4719 1311 4751 ι
1358 4695 1526 4762 Alias,
1564 4721 1581 4753 ε
1618 4695 1796 4759 omnis

222 4771 360 4821 enim
416 4766 689 4835 Sapientia
727 4767 794 4817 de
856 4766 1033 4839 Patre.
1076 4786 1093 4817 ι
1123 4769 1289 4823 Paulo
1320 4782 1438 4839 post
1473 4772 1594 4824 libri
1637 4774 1790 4837 editi,

225 4857 243 4888 ι
273 4840 504 4890 utatnlm
532 4852 654 4904 quae
672 4838 963 4889 secundum
999 4838 1098 4891 hoc
1129 4839 1208 4891 vel
1241 4838 1529 4894 animantia
1558 4844 1639 4896 vel
1675 4844 1794 4896 vitae

219 4912 496 4965 dicuntur.
526 4922 691 4961 causa
728 4907 1007 4974 sapientia:
1038 4906 1128 4962 Dei
1157 4908 1335 4964 Patris
1373 4912 1659 4966 exsistant.
1698 4931 1715 4964 ι

286 4979 400 5049 (75)
444 4980 537 5031 Sic
589 4992 722 5049 mss.
778 4976 1129 5049 Libriediti,
1165 4999 1184 5030 ‹
1222 4993 1490 5035 sanetum.
1534 5002 1552 5033 ι
1588 4983 1789 5036 Ibidem

222 5049 341 5103 libri
377 5050 511 5101 editi
554 5065 566 5099 :

219 5132 783 5190 conuuemoraus....._
808 5118 978 5190 ait_ad
1020 5120 1405 5189 discipulos...
1438 5122 1528 5175 sed
1557 5118 1661 5176 non
1698 5140 1789 5190 pn-

222 5196 373 5243 testis
404 5200 632 5255 portare
665 5188 846 5240 modo.
887 5187 1018 5241 Cum
1052 5187 1231 5243 autem
1273 5192 1490 5245 venerit
1533 5187 1789 5247 Paracle—

220 5271 323 5324 tns,
370 5262 422 5312 id
469 5267 555 5313 est
600 5257 914 5311 considator
944 5258 1178 5322 Spiritus
1225 5271 1448 5316 sanctus
1628 5274 1681 5317 et
1716 5266 1787 5317 ita

220 5332 503 5384 scicndum
543 5339 647 5383 est.
677 5328 821 5381 »δρα
853 5344 1039 5382 omnes
1063 5332 1223 5384 codd.
1260 5347 1390 5386 mss.
1430 5341 1488 5386 ut
1516 5334 1569 5388 in
1601 5344 1788 5389 nostro

222 5410 386 5453 testu.

225 5538 237 5546 ἡ
288 5469 398 5540 (74)
434 5468 635 5546 Deum.
673 5466 835 5521 Deest
872 5466 923 5521 in
970 5477 1128 5524 antea
1167 5470 1350 5535 editis,
1382 5470 1476 5526 sed
1514 5474 1790 5544 reperitur

226 5541 274 5591 in
306 5541 555 5593 omnibus
579 5554 709 5593 mss.

290 5609 397 5680 (75)
415 5608 668 5679 Spiritus.
693 5606 1043 5663 Desideratur
1060 5610 1109 5665 in
1124 5622 1278 5667 antea
1295 5612 1475 5679 editis,
1497 5615 1590 5669 sed
1606 5629 1710 5668 non
1735 5616 1784 5668 in

230 5694 343 5731 mss.

296 5750 401 5817 (76)
440 5750 518 5806 lta
559 5766 695 5806 mss.
735 5749 888 5808 Libb.
908 5754 1064 5818 editi,
1111 5774 1129 5806 ι
1175 5752 1514 5810 adducimus.
1555 5771 1574 5807 ι
1622 5753 1787 5808 Paulo

239 5830 341 5883 post
368 5838 515 5890 9155.,
538 5832 815 5893 ttractatu
844 5826 1055 5893 quidem
1079 5824 1811 5896 scrtnonisaEditi,ttractu.

609 5066 626 5098 ι
672 5048 743 5099 De
791 5047 990 5119 divinis
1040 5050 1480 5116 profundioribus
1511 5053 1823 5119 discipulis

1907 4570 2113 4624 tholicre
2141 4571 2206 4624 de
2229 4570 2493 4626 Trinitate
2523 4572 2647 4625 fidei
2688 4570 2969 4624 adversari
3002 4568 3343 4629 videbantur,
3383 4580 3468 4619 re-

1905 4642 2107 4694 secavit
2150 4641 2421 4707 interpres
2474 4642 2724 4704 Ruﬁnus,
2775 4649 2868 4694 aut
2914 4639 3102 4693 saltem
3141 4636 3464 4707 quibusdam

1903 4711 2102 4765 additis
2133 4722 2188 4764 et
2220 4712 2543 4779 quibusdam
2580 4710 2833 4779 detractis
2873 4708 3156 4773 emullivit,
3187 4707 3257 4763 eti
3278 4706 3345 4759 ad
3370 4721 3463 4760 ca-

1907 4780 2163 4835 tholicum
2196 4778 2411 4836 sensum
2453 4782 2746 4835 revocavit.
2788 4778 2862 4834 Ne
2900 4780 3022 4847 quis
3056 4791 3186 4832 vero
3214 4786 3465 4845 suspecta

1904 4849 2095 4903 habent
2128 4850 2313 4905 Graeca
2348 4852 2448 4904 ista
2478 4867 2598 4919 qiue
2641 4850 2842 4920 profert
2882 4849 3245 4920 Justinianus,
3276 4862 3458 4920 opera:

1901 4921 2133 4987 pretium
2168 4931 2254 4975 est
2287 4922 2478 4975 audire
2497 4917 2898 4990 illierouytuum
2926 4920 3015 4988 qui
3044 4917 3369 4990 epistola“
3396 4919 3464 4990 ad

1901 4989 2116 5044 Avitum
2147 4992 2195 5045 id
2227 4993 2387 5045 etiam
2413 4992 2621 5046 critnini
2649 4988 2806 5045 vertit
2826 4990 3042 5060 Origeni
3073 4988 3213 5060 quod
3237 4988 3464 5060 dixerit:

1906 5060 2144 5131 «Filium
2171 5077 2387 5131 quoque
2419 5062 2682 5117 minorem
2717 5062 2899 5127 Patre,
2929 5058 2993 5115 eo
3019 5059 3164 5129 quod
3190 5058 3466 5131 secundus

1900 5130 1966 5183 ab
2001 5131 2091 5185 illo
2124 5128 2217 5194 sit,
2250 5128 2588 5201 et‘Spiritum
2623 5143 2869 5187 sanctum
2900 5128 3212 5186 inferiorem
3241 5128 3379 5201 Filio
3408 5130 3460 5181 in

1901 5205 2103 5272 sanctis
2132 5197 2436 5272 quibusque
2460 5204 2681 5269 versari;
2700 5212 2859 5272 atque
2877 5203 2980 5257 hoc
2997 5201 3186 5272 ordine
3205 5197 3463 5272 majorem

1901 5268 2076 5326 Patris
2096 5268 2463 5327 fortitudinem
2483 5287 2602 5326 esse
2624 5268 2787 5341 quani
2806 5272 2928 5326 Filii
2944 5282 2993 5326 et
3015 5270 3249 5340 Spiritus
3266 5269 3467 5333 sancti,

1898 5351 1950 5394 et
1986 5357 2198 5398 rursum
2230 5344 2489 5412 majorem
2535 5342 2656 5398 Filii
2706 5342 3076 5398 fortitudinem
3130 5355 3251 5394 esse
3294 5354 3463 5412 quam

1899 5408 2337 5490 Spiritus-sancti
2358 5430 2374 5481 ;
2399 5422 2454 5467 et
2486 5423 2885 5490 consequenter
2923 5412 3096 5490 ipsius
3127 5411 3301 5465 sancti
3333 5408 3460 5490 Spi-

1898 5484 2037 5536 ritus
2060 5483 2319 5552 majorem
2361 5480 2481 5539 esse
2505 5480 2761 5539 virtutem
2786 5485 2998 5537 caeteris
3025 5497 3146 5549 qua:
3178 5490 3367 5552 sancta
3392 5480 3473 5534 di-

1893 5550 2295 5677 ggnéiltggil'ide
2320 5552 2759 5625 Origeuiauorum
2788 5554 2883 5609 lib.
2912 5570 2972 5617 ll,
3002 5560 3192 5622 quaest.
3224 5550 3282 5616 2,
3308 5566 3491 5613 num.

1996 5634 2049 5676 Bt
2071 5634 2159 5679 ‘28.

1936 5693 2078 5775 .(79)
2120 5695 2209 5751 Sic
2257 5710 2387 5753 mss.
2429 5694 2600 5761 Alias,
2640 5713 2659 5747 ι
2700 5694 2781 5751 vel
2832 5696 2884 5751 in
2922 5693 3027 5749 illis
3064 5692 3279 5765 quidem
3316 5690 3500 5753 iuver-

1897 5780 2021 5831 turi.
2063 5785 2080 5816 ι
