4064 6414
501 282 608 353 ‘tst

1722 295 2054 372 ,omcENts
2090 299 2247 351 Περι
2286 298 2513 352 ΑΡΧΩΝ

3635 294 3735 349 152

510 418 825 490 Πνεύματος
850 421 883 493 ἡ
914 420 1137 491 δύναμις
1166 438 1259 474 πα·
1332 420 1437 473 illis
1487 419 1616 473 solis
1647 418 1901 474 'arbitror
1951 434 2071 474 esse

2198 428 2253 473 εει
2301 428 2353 475 ει
2402 427 2547 486 patet
2594 418 2864 488 quomodo
2907 431 2973 471 ex
3003 414 3421 485 participatione
3446 411 3609 467 Verbi
3649 414 3731 467 vel

520 513 588 585 ρὰ
618 512 685 566 τὰ
710 513 844 567 ἄλλά
876 513 1022 583 am.
1044 513 1098 569 id
1123 528 1194 565 est
1240 528 1255 568 :
1329 528 1463 581 opus
1493 510 1728 579 Spiritus
1763 513 1941 567 sancti
1977 513 2068 582 qui

510 609 755 661 Arbitror
814 607 977 661 Deum
1050 610 1256 678 quidem
1321 604 1432 673 jam
1476 620 1534 659 se
1581 605 1646 659 ad
1692 605 1911 660 meliora
1943 621 2073 660 con-

511 698 753 763 Palrem,
778 716 895 752 cum
935 700 1109 752 omnia
1131 716 1258 773 con-
1330 708 1635 767 vertunt,et
1658 714 1755 770 per
1774 700 1889 753 vias
1917 699 2073 753 Chri-

513 792 701 855 tineat,
749 792 818 843 ad
857 792 1258 860 unumquodque
1331 794 1396 847 sti
1429 791 1553 848 Jesn
1586 794 1860 859 incedunt,
1890 793 1939 847 id
1968 803 2070 859 est,

512 884 710 936 cntium
769 883 1074 950 pervenire,
1145 899 1257 937 esse
1328 886 1420 955 qui
1447 896 1571 940 sunt
1600 887 1652 939 in
1674 886 2070 952 honisactibns,

511 976 786 1044 unicuique
809 976 1181 1043 impertientem
1197 977 1259 1030 de
1331 989 1384 1031 et
1412 977 1463 1031 in
1499 978 1608 1032 Deo
1634 986 1969 1046 permanent.

511 1082 606 1119 suo
641 1080 659 1118 :
692 1069 796 1135 ipse
816 1068 955 1120 enim
996 1080 1072 1120 est
1108 1070 1198 1136 qui
1222 1079 1318 1123 est.
1353 1068 1531 1122 Minor
1562 1086 1675 1123 vero
1711 1068 1874 1123 Patre
1899 1068 2074 1121 Filius

513 1156 581 1209 at!
613 1156 723 1209 sola
754 1157 1093 1211 rationabilia
1124 1158 1396 1227 pervenit;
1439 1172 1514 1213 est
1567 1160 1706 1213 enim
1737 1158 1997 1212 secundus
2044 1175 2075 1208 a

515 1244 699 1300 Patre.
731 1247 914 1300 Adhuc
940 1248 1098 1301 etiam
1120 1250 1293 1302 minor
1308 1248 1538 1314 Spiritus
1570 1258 1801 1315 sanctus,
1831 1250 1899 1301 ad
1939 1247 2077 1301 solos

512 1347 723 1390 sanctos
751 1338 1019 1407 pertingit.
1055 1337 1139 1391 Ita
1165 1355 1228 1392 ex
1258 1340 1355 1392 Itoc
1383 1339 1555 1408 major
1578 1349 1655 1392 est
1699 1347 1930 1407 potestas
1965 1335 2078 1390 Pa-

516 1428 611 1481 tris
644 1446 802 1497 quam
830 1428 957 1483 Filii
988 1440 1037 1483 et
1072 1429 1302 1498 Spiritus
1332 1432 1523 1487 sancti.
1558 1431 1796 1500 Amplior
1836 1432 1959 1483 item
1986 1446 2080 1498 po-

518 1529 677 1572 testas
706 1519 838 1574 Filii
858 1539 1009 1591 quam
1029 1521 1260 1590 Spiritus
1286 1526 1453 1576 sancti
1476 1541 1492 1587 ;
1517 1539 1577 1577 ac
1603 1533 2081 1591 rursumprazstan-

517 1612 622 1663 tior
653 1621 725 1663 est
752 1613 920 1664 sancti
952 1611 1188 1681 Spiritus
1230 1614 1392 1668 virtus
1420 1631 1575 1685 quam
1613 1615 1841 1668 aliorum
1871 1621 2081 1668 sancto-

518 1717 635 1753 rum
664 1702 909 1773 entium.]

2179 515 2407 569 rationis
2427 512 2674 568 homines
2699 519 2976 580 peccatum
3005 507 3203 561 habere
3229 507 3513 568 dicuntur;
3547 504 3734 557 videli—

2175 618 2261 660 cet
2292 623 2357 661 ex
2395 623 2501 675 quo
2530 605 2833 659 intellectus
2864 614 3023 671 atque
3054 602 3293 657 scientia:
3335 613 3566 667 capaces
3609 596 3737 651 effe-

2178 701 2269 759 cti,
2327 716 2446 754 cum
2490 699 2601 767 jam
2654 697 2735 750 eis
2779 698 2902 751 boni
2934 695 3042 767 (85)
3076 695 3158 749 vel
3195 694 3319 747 ntali
3353 692 3734 746 discretionem

2181 792 2318 844 ratio
2357 791 2682 844 intrinsecus
2721 790 2921 843 inserta
2952 788 3315 858 suggesserit;
3349 796 3404 838 et
3439 800 3560 839 cum
3599 784 3740 835 scire

2174 884 2283 951 jam
2316 884 2580 953 coeperint
2609 883 2734 953 quid
2763 883 2832 937 sit
2865 881 3085 942 malum,
3117 881 3161 933 si
3204 879 3309 949 63
3340 875 3547 929 faciunt
3585 874 3738 937 illttd,

2181 989 2399 1046 ρειαί-ιιιο
2427 976 2730 1031 elliciuntur
2754 975 2969 1029 obnoxii
3012 992 3023 1025 :
3058 981 3113 1026 et
3154 972 3257 1025 hoc
3294 967 3545 1036 estquod
3584 965 3737 1029 dicit,

2182 1070 2305 1137 quia
2341 1068 2740 1122 excusationem
2768 1082 2871 1120 non
2907 1066 3109 1119 habent
3128 1063 3376 1117 homines
3401 1075 3496 1129 pro
3520 1066 3739 1126 peccato

2183 1176 2301 1222 suo,
2335 1174 2399 1213 ex
2447 1175 2553 1223 quo
2586 1159 2664 1213 eis
2705 1158 2918 1211 divinus
2963 1170 3140 1210 sermo
3171 1154 3251 1207 vel
3285 1153 3423 1206 ratio
3457 1148 3742 1206 ostendere

2182 1249 2407 1317 carperit
2438 1248 2490 1301 in
2524 1250 2685 1302 corde
2720 1246 3097 1300 discretionem
3129 1244 3250 1296 boni
3286 1254 3337 1295 et
3369 1240 3519 1303 mali,
3545 1249 3603 1291 ut
3645 1255 3741 1307 per

2184 1335 2322 1388 hanc
2352 1332 2462 1405 (84)
2494 1335 2723 1389 debeant
2773 1333 3018 1403 refugere
3046 1342 3098 1386 ct
3128 1347 3317 1385 cavere
3348 1329 3491 1397 quod
3542 1328 3742 1381 malum

2186 1435 2299 1490 est;
2347 1427 2470 1493 quia
2507 1444 2525 1475 ι
2554 1426 2745 1479 scienti
2794 1426 2989 1479 bonum
3028 1432 3081 1477 et
3115 1438 3218 1476 non
3264 1420 3509 1485 facienti,
3553 1434 3746 1489 pecca-

2186 1526 2296 1570 tum
2336 1527 2419 1572 est
2457 1517 2617 1571 illi".
2644 1537 2663 1570 ι
2698 1518 2824 1571 item
2846 1516 2987 1585 quod
3009 1529 3196 1569 omnes
3227 1513 3476 1567 homines
3502 1527 3607 1565 non
3624 1518 3747 1564 sunt

2184 1617 2335 1663 extra
2390 1610 2825 1663 communionem
2883 1608 2999 1673 Dei,
3048 1607 3151 1662 hoc
3194 1606 3351 1660 modo
3400 1603 3746 1673 Evangelium

2186 1700 2363 1766 docet,
2388 1701 2597 1754 dicente
2652 1700 2975 1754 Salvatore:
3008 1717 3026 1748 ι
3053 1698 3300 1766 Regnum
3349 1697 3441 1750 Dei
3497 1711 3617 1749 eum
3654 1699 3751 1747 ob-

592 1793 647 1846 6.
686 1794 819 1859 Quia
847 1805 1027 1850 autem
1057 1796 1300 1865 operatio
1324 1796 1503 1851 Patris
1533 1807 1586 1851 et
1625 1798 1743 1852 Filii
1784 1806 1839 1853 et
1873 1799 1925 1852 itt
1955 1813 2083 1853 san-
2116 1786 2157 1841 Β
2186 1793 2491 1847 servatione
2536 1806 2639 1846 non
2698 1793 2879 1856 venit;
2920 1805 3091 1859 neque
3127 1790 3327 1855 dicent,
3358 1803 3484 1842 ecce
3514 1787 3623 1851 hic,
3658 1794 3751 1839 aut

520 1882 624 1937 etis
655 1892 709 1936 et
740 1885 790 1936 in
820 1886 1195 1952 peccatoribus
1226 1887 1316 1951 sit,
1343 1886 1722 1942 manifestatur
1751 1904 1819 1943 ex
1851 1904 1916 1943 eo
1940 1890 2081 1957 quod

522 1989 714 2055 nntvnes
735 1976 825 2042 qui
856 1976 1213 2032 rationabiles
1243 1989 1394 2045 sunt,
1427 1979 1619 2047 Verhi,
1644 1980 1697 2034 id
1740 1990 1825 2034 cst
1859 1980 2084 2036 rationis

520 2066 813 2134 participes
842 2066 1119 2138 suut.(80),
1142 2080 1198 2123 et
1220 2085 1316 2139 per
1331 2071 1433 2125 hoc
1452 2071 1591 2125 velut
1610 2072 1856 2142 quaedam
1876 2073 2084 2127 semina

524 2157 687 2212 insita
738 2157 843 2212 sibi
881 2170 1073 2229 gerunt
1120 2162 1397 2226 sapientiae
1447 2172 1503 2217 et
1543 2161 1787 2230 justitim,
1818 2165 1959 2232 quod
2002 2173 2087 2218 est

520 2251 794 2307 Christus.
834 2252 913 2307 Ex
954 2268 1019 2309 eo
1060 2265 1239 2310 autem
1279 2258 1368 2325 qui
1408 2271 1535 2311 vere
1562 2266 1666 2321 est,
1697 2259 1789 2327 qui
1822 2258 1955 2312 dixit
1991 2273 2087 2327 per

519 2342 798 2413 Moysem:
831 2362 850 2395 ι
884 2343 997 2414 Ego
1031 2361 1149 2401 sum
1187 2348 1277 2415 qui
1311 2363 1427 2402 sum
1460 2348 1525 2412 ⁷⁸,
1566 2368 1584 2401 ι
1611 2349 1791 2403 omnia
1833 2364 2089 2419 quaecun-

522 2450 629 2503 que
667 2445 795 2490 sunt
833 2437 1167 2507 participant
1199 2456 1213 2492 :
1248 2453 1367 2508 quae
1399 2440 1747 2509 participatio
1784 2442 1877 2494 Dei
1912 2442 2089 2496 Patris

522 2525 771 2585 pervenit
810 2526 862 2581 in
894 2541 1087 2582 omnes
1117 2537 1225 2579 tam
1256 2526 1433 2594 justos
1460 2543 1623 2597 quam
1664 2539 2001 2597 peccatores,
2035 2539 2090 2583 et

525 2616 887 2671 rationabiles
929 2603 1093 2686 atque
1125 2618 1545 2685 irrationabiles,
1595 2628 1649 2672 et
1685 2621 1736 2673 in
1768 2622 1947 2674 omnia
1976 2637 2092 2675 om-

536 2708 670 2762 nino
719 2723 839 2777 qua:
891 2718 1038 2764 sunt.
1071 2709 1318 2763 Ostendit
1351 2724 1484 2763 sane
1517 2721 1572 2764 et
1606 2710 1896 2779 Apostolus
1945 2713 2091 2781 quod

529 2814 721 2853 omnes
754 2799 993 2853 habeant
1023 2800 1369 2869 participium
1410 2799 1615 2855 Christi
1640 2843 1652 2865 ,
1694 2804 1919 2857 dicens:
1960 2822 1979 2855 ι
2016 2803 2093 2858 Ne

527 2892 732 2946 dixeris
763 2892 816 2945 in
842 2891 1006 2947 corde
1032 2900 1125 2945 tuo
1158 2910 1170 2945 :
1201 2892 1333 2959 Quis
1363 2894 1622 2949 ascendet
1651 2896 1700 2949 in
1728 2896 1921 2951 cmltnu
1957 2897 2095 2969 (ειη

528 2982 581 3039 id
618 2991 703 3036 est
730 2983 1007 3037 Christum
1062 2984 1366 3048 deducere;
1404 2995 1496 3039 aut
1542 2987 1665 3055 quis
1712 2990 2003 3044 descendet
2043 2992 2093 3046 in

530 3078 786 3144 abyssum
812 3073 835 3125 Ἰ
874 3074 925 3126 id
956 3084 1039 3128 est
1078 3074 1351 3128 Christum
1377 3093 1404 3129 a
1434 3079 1664 3131 mortuis
1691 3094 1964 3136 revocare.
1992 3084 2097 3138 Sed

2190 1882 2296 1947 ibi;
2329 1883 2422 1938 sed
2454 1897 2677 1950 regnum
2725 1881 2818 1936 Dei
2851 1883 2991 1935 intra
3027 1896 3119 1935 vos
3158 1879 3324 1934 est”.
3352 1898 3370 1930 ι
3406 1876 3510 1932 Sed
3536 1884 3591 1930 ει
3623 1874 3748 1928 illud

2188 1974 2478 2028 videndum
2507 1984 2587 2028 est
2617 1988 2684 2028 ne
2713 1973 2847 2026 forte
2891 1974 3029 2027 idem
3060 1972 3324 2041 significet
3366 1969 3511 2039 quod
3557 1968 3610 2022 in
3652 1967 3755 2022 Ge-

2189 2067 2304 2121 nesi
2343 2067 2601 2135 scriptum
2649 2074 2754 2129 cst,
2785 2079 2907 2118 cum
2943 2064 3015 2117 ait
3052 2082 3064 2118 :
3105 2081 3122 2113 ‹
3158 2061 3221 2114 Ει
3269 2060 3560 2116 insulllavit
3587 2059 3639 2112 in
3674 2058 3756 2112 ia-

2191 2159 2328 2212 ciem
2364 2158 2480 2227 ejus
2503 2157 2638 2225 inspi
2652 2156 2915 2210 rationem
2943 2156 3088 2216 vine,
3115 2164 3168 2207 et
3193 2155 3367 2209 faetus
3395 2161 3477 2207 est
3514 2151 3675 2205 homo
3701 2151 3754 2204 in

2192 2250 2423 2301 animam
2465 2247 2729 2302 vivam“.
2761 2265 2778 2296 ι
2824 2246 2976 2312 Quod
3028 2245 3071 2298 si
3124 2243 3447 2313 generaliter
3483 2242 3535 2295 in
3568 2256 3755 2295 omnes

2192 2341 2436 2396 homines
2462 2342 2643 2395 datum
2669 2355 2787 2394 esse
2819 2338 3361 2408 intelligitur,omnes
3382 2334 3634 2389 homines
3656 2334 3756 2387 ha-

2195 2433 2319 2487 bent
2350 2433 2691 2501 participium
2725 2432 2812 2484 Dei
2848 2431 2983 2499 (85).

2266 2527 2317 2581 7.
2351 2524 2406 2578 Si
2442 2540 2569 2579 vero
2606 2526 2706 2578 hoc
2731 2524 2797 2579 de
2837 2524 3041 2591 Spiritu
3078 2522 3167 2575 Dei
3213 2520 3413 2574 dictum
3451 2517 3762 2584 intelligen-

2196 2617 2319 2671 dum
2376 2628 2478 2682 est,
2538 2619 2791 2686 quoniam
2838 2627 2891 2669 ει
2943 2616 3111 2669 Adam
3160 2617 3512 2684 prophetasse
3544 2611 3657 2681 (86)
3696 2612 3761 2666 de

2197 2710 2464 2765 nonnullis
2498 2710 2785 2775 invenitur,
2831 2726 2959 2781 ergo
2982 2708 3091 2777 jam
3138 2724 3241 2761 non
3274 2705 3618 2775 generaliter,
3666 2702 3761 2757 sed

2198 2803 2400 2856 sanctis
2451 2801 2759 2871 quibusque
2816 2804 2999 2856 datum
3050 2799 3219 2867 accipi
3276 2806 3470 2867 potest.
3523 2794 3763 2861 Denique

2198 2896 2359 2949 etiam
2390 2894 2576 2947 diluvii
2610 2904 2851 2965 tempore
2881 2910 3002 2949 cum
3051 2893 3226 2945 omnis
3272 2906 3399 2945 caro
3432 2888 3764 2956 corrupisset

2201 2986 2341 3039 viam
2374 2986 2491 3048 Dei.
2530 2996 2782 3055 tauquam
2811 2988 2878 3040 de
2912 2985 3144 3055 indignis
3173 2982 3282 3053 (87)
3306 2991 3361 3035 ct
3387 2978 3767 3051 peccatoribus

2202 3080 2462 3145 scriptum
2498 3089 2580 3132 est
2614 3078 2813 3133 dixisse
2846 3078 3008 3131 Deum
3040 3094 3054 3130 :
3093 3076 3237 3128 «Non
3267 3072 3605 3143 permanebit
3636 3068 3763 3140 Spi-

530 3166 659 3233 quid
694 3166 824 3220 dicit
859 3165 1177 3232 Scriptura?
1208 3165 1380 3234 Prope
1413 3176 1495 3222 est
1527 3169 1750 3223 verbum
1779 3170 1829 3223 in
1863 3188 1957 3227 ore
1986 3184 2099 3240 tuo,
2126 3147 2168 3205 δ
2205 3169 2339 3223 ritus
2366 3186 2515 3224 meus
2545 3172 2594 3223 in
2626 3171 2936 3224 hominibus
2973 3172 3089 3223 istis
3135 3170 3186 3222 in
3216 3179 3501 3227 aeternum,
3549 3173 3769 3233 propter

531 3264 589 3311 et
614 3257 668 3311 in
700 3258 861 3311 corde
889 3256 1064 3312 tuo".
1093 3242 1113 3306 ί
1141 3256 1217 3310 Ex
1253 3272 1359 3324 quo
1396 3257 1448 3309 in
1476 3259 1640 3312 corde
1664 3260 1904 3313 omnium
1934 3264 2101 3332 signi-

538 3349 670 3403 licat
702 3362 823 3402 eSse
855 3346 1129 3401 Christum
1164 3348 1457 3403 secundum
1489 3348 1539 3402 id
1575 3352 1717 3419 quod
1748 3350 1983 3407 Verbum
2016 3359 2099 3411 vel

537 3440 681 3493 ratio
700 3448 804 3501 est,
829 3439 981 3507 cujus
1002 3440 1417 3510 participatione
1444 3440 1799 3495 rationabiles
1830 3454 1972 3497 sunt.
1995 3445 2101 3501 Sed

536 3538 591 3583 et
644 3531 771 3586 illud
815 3532 957 3600 quod
991 3532 1044 3585 in
1084 3530 1376 3600 Evangelio
1406 3530 1606 3585 dictum
1646 3543 1727 3586 cst
1762 3551 1775 3586 :
1811 3553 1827 3585 ι
1855 3534 1969 3590 Nisi
2014 3552 2104 3592 ve-

538 3624 739 3677 nissem
776 3632 830 3677 et
856 3623 1070 3677 locutus
1101 3621 1321 3676 fuissem
1350 3622 1450 3685 eis,
1485 3635 1766 3691 peccatum
1801 3642 1909 3680 non
1944 3630 2108 3684 habe-

539 3726 683 3780 rent,
731 3731 876 3769 nunc
930 3725 1108 3768 autem
1153 3714 1559 3769 excusationem
1613 3731 1718 3769 non
1760 3716 1960 3774 habent
2010 3737 2107 3789 pro

540 3817 764 3877 peccato
794 3808 952 3861 suo"
983 3807 1129 3878 (82);
1160 3826 1177 3859 ι
1215 3806 1303 3861 his
1340 3806 1431 3877 qui
1474 3807 1739 3861 rationem
1768 3822 1988 3876 norunt,
2020 3830 2109 3868 us-

540 3914 646 3968 que
693 3900 759 3955 ad
806 3900 949 3970 quod
984 3909 1190 3967 tempus
1230 3907 1507 3965 peccatum
1554 3898 1713 3953 homo
1748 3915 1852 3954 non
1888 3902 2109 3971 habeat,

543 4001 599 4048 et
622 4008 689 4048 ex
723 4008 829 4063 qua
874 4002 1036 4048 aetate
1078 3993 1350 4047 obnoxius
1382 4001 1603 4060 peccato
1644 3993 1734 4055 sit,
1766 3995 2107 4051 manifestum

612 4160 661 4192 "
692 4157 862 4212 Exod.
886 4171 965 4220 nt,
992 4156 1079 4210 14.
1151 4157 1197 4190 τ’
1226 4156 1383 4209 Rom.
1408 4174 1461 4219 x,
1498 4157 1550 4221 6,
1574 4159 1629 4225 7,
1655 4160 1707 4212 8.

541 4247 606 4297 ll,
627 4231 681 4284 7.
754 4230 799 4261 "
825 4227 959 4283 Gen.
985 4242 1059 4292 Vl,
1105 4227 1157 4281 5.
1191 4227 1236 4258 ⁸³
1268 4227 1466 4285 Psalm.
1488 4244 1600 4291 CIII,
1624 4231 1707 4295 A9,
1730 4230 1817 4284 50.

1783 4160 1827 4191 ⁷⁸
1847 4158 2002 4217 Joan.
2027 4179 2115 4229 xv,
2136 4163 2225 4217 22.

2203 3261 2342 3330 quod
2378 3276 2508 3314 caro
2565 3264 2773 3316 sunt”.
2804 3284 2821 3316 ι
2876 3262 2935 3316 In
2975 3277 3082 3331 quo
3128 3259 3411 3315 maniﬂmte
3459 3257 3769 3310 ostenditur

2202 3354 2341 3421 quod
2381 3354 2447 3407 ab
2497 3355 2733 3422 indignis
2761 3358 3065 3425 quibusque
3100 3354 3343 3406 aufertur
3380 3349 3618 3419 Spiritus
3652 3347 3766 3401 Dei.

2207 3445 2263 3499 lu
2292 3446 2517 3501 Psalmis
2542 3447 2650 3517 (88)
2672 3463 2882 3517 quoque
2904 3448 3159 3501 scribitur
3193 3464 3205 3499 :
3236 3464 3253 3496 ι
3279 3444 3504 3497 Auferes
3522 3442 3768 3510 spiritum

2208 3550 2414 3604 eorum,
2447 3547 2501 3591 et
2535 3538 2808 3603 deﬁcient,
2835 3548 2887 3593 ει
2916 3539 2968 3592 in
2998 3548 3197 3592 terram
3225 3551 3375 3590 suam
3410 3542 3769 3587 revertentur.

2204 3631 2433 3685 Emittcs
2457 3630 2717 3699 Spiritum
2744 3642 2915 3694 tuum,
2945 3642 2997 3685 et
3023 3632 3371 3692 creabantur,
3402 3636 3455 3681 et
3482 3625 3775 3680 renovabis

2208 3723 2398 3777 faciem
2424 3724 2667 3789 terrm”;
2707 3743 2726 3775 ›
2768 3726 2908 3795 quod
2948 3724 3226 3778 manifeste
3248 3726 3313 3776 de
3342 3721 3546 3790 Spiritu
3584 3728 3774 3773 sancto

2209 3815 2543 3885 designatur,
2577 3816 2669 3886 qui
2702 3817 2900 3871 ablatis
2950 3828 3114 3885 atque
3154 3813 3435 3870 exstinctis
3475 3811 3775 3882 peccatori-

2207 3908 2306 3961 bus
2344 3917 2397 3962 et
2427 3909 2679 3978 indignis,
2714 3910 2829 3977 ipse
2855 3910 2956 3964 sibi
2991 3924 3191 3963 novum
3224 3906 3481 3977 pupulum
3513 3916 3692 3970 creet,
3723 3916 3778 3960 et

2210 4008 2433 4053 renovet
2470 3999 2663 4054 faciem
2717 4010 2894 4069 terras,
2944 4016 3069 4055 cum
3122 4016 3216 4069 per
3267 4000 3497 4070 gratiam
3540 3998 3777 4067 Spiritus

2299 4164 2550 4221 "Iacob.
2607 4165 2793 4231 tv,!7.
2868 4166 2913 4198 ⁸ο
2950 4166 3079 4220 Luc.
3109 4165 3351 4230 “11,20,
3396 4164 3459 4220 2|
3565 4165 3610 4197 ⁸¹
3641 4164 3779 4221 Gen.

619 4389 859 4465 (80)Si_c
896 4391 1280 4465 omnes_cot_ld.
1314 4408 1445 4446 mss.
1488 4392 1675 4465 ΔᾼΙίιιε,
1733 4410 1751 4444 ι
1809 4394 1931 4461 quia
1990 4412 2094 4464 qua

2210 4396 2315 4451 5⁵53
2341 4409 2356 4448 :
2386 4395 2541 4465 Παρὰ
2586 4394 2853 4465 Ἑϐραίοις
2880 4394 2935 4447 δὲ
2967 4395 3015 4446 οἱ
3060 4390 3597 4465 προφῆτᾳιιᾲᾷυνάμει
3642 4390 3781 4465 Θερῦ

544 4464 792 4532 operatio
818 4461 991 4533 Patris
1017 4470 1069 4513 et
1101 4461 1215 4513 Filii
1354 4462 1738 4533 manifestatur
1769 4478 1832 4517 ex
1867 4480 1932 4517 eo
1965 4461 2105 4533 quod

546 4530 900 4587 rationabiles
933 4546 1121 4584 omnes
1161 4533 1250 4599 qui
1288 4541 1442 4596 sunt,
1471 4530 1629 4586 Verbi
1666 4533 1785 4599 Dei,
1822 4534 1873 4588 id
1904 4530 1993 4589 est
2017 4553 2107 4588 ra-

546 4603 713 4657 tionis
735 4602 1023 4671 participes
1058 4611 1199 4654 snnt.
1243 4620 1260 4652 ι

621 4674 732 4741 (81)
773 4672 863 4726 Sic
893 4689 1021 4726 mss.
1051 4674 1221 4735 Alias,
1260 4690 1279 4723 ι
1321 4673 1442 4742 quis
1483 4674 1840 4728 ascendit
1875 4684 1964 4727 aut
1989 4678 2110 4744 quis

549 4744 850 4797 descendit.
883 4761 901 4794 ι

648 4812 736 4878 8‘2)
776 4812 851 4865 Ita
883 4827 1014 4867 mss.
1043 4811 1213 4873 Alias,
1250 4832 1266 4863 ι
1307 4814 1371 4865 de
1405 4827 1629 4883 peccato
1653 4830 1771 4867 suo.
1816 4834 1834 4864 ι

550 4953 564 4966 ⁸
623 4882 737 4964 (85)
776 4882 867 4935 Sic
894 4896 1084 4935 onmes
1119 4898 1250 4935 mss.
1286 4882 1465 4949 Alias,
1509 4904 1527 4935 ι
1569 4885 1863 4955 capacibus
1908 4883 2117 4941 effectis

546 4969 658 5023 1am
692 4969 842 5023 eis.)

627 5021 745 5095 (84)
779 5021 869 5075 Sic
900 5036 1029 5075 mss.
1067 5021 1234 5085 Alias,
1264 5022 1391 5088 (qui
1427 5023 1829 5095 excusationem
1866 5039 1970 5077 non
2020 5027 2118 5078 ha-

554 5093 686 5153 bent
719 5094 797 5165 de
817 5100 1037 5165 peccato
1070 5106 1189 5165 suo,
1214 5107 1413 5165 ex_quo
1444 5094 1613 5165 eis....
1640 5093 1926 5165 ostendere
1955 5098 2120 5165 coepit

556 5167 720 5221 corde
751 5163 1132 5216 discretionem
1179 5161 1303 5215 boni
1334 5170 1386 5215 ct
1419 5164 1564 5223 mali,
1600 5173 1654 5216 et
1680 5164 1963 5231 perilianc.
1991 5183 2009 5216 ι

554 5270 557 5277 .
630 5234 741 5306 (85)
769 5233 862 5306 Sic
891 5247 1021 5306 mss.
1048 5232 1219 5294 Alias,
1238 5250 1270 5306 Δι
1291 5239 1343 5285 ει
1370 5232 1655 5306 insnlllavit
1682 5230 1735 5285 in
1775 5230 1973 5306 faciem
1999 5233 2118 5302 ejus

557 5300 1186 5375 Spi'racultnn_vit:e,_et
1233 5300 1407 5375 factus
1452 5314 1531 5356 est
1574 5304 1732 5375 homo
1774 5304 1825 5354 in
1882 5300 2115 5357 animant

558 5371 852 5430 viventem.
887 5372 1041 5437 Quod
1075 5373 1117 5427 si
1155 5371 1479 5442 generaliter
1508 5384 1592 5427 est
1640 5374 1691 5426 in
1732 5388 1920 5427 onmes
1953 5376 2125 5428 homi-

559 5463 655 5501 nes
684 5447 900 5497 habent.
925 5461 943 5493 ι

632 5517 743 5585 (86)
785 5513 1049 5578 Quoniam
1072 5522 1118 5565 et
1139 5512 1306 5585 Adam
1329 5511 1683 5585 prophetas“.
1714 5514 1804 5568 Sic
1827 5528 1955 5567 mss.
1976 5513 2123 5567 Alias

560 5581 732 5648 vero,"
760 5603 777 5634 ι
803 5585 1071 5652 quomodo
1114 5593 1166 5636 et
1201 5582 1370 5634 Adam
1403 5581 1771 5652 prOphetasse.
1801 5603 1818 5634 ο
1857 5585 2119 5637 Adamutu

562 5650 1135 5725 prophetassehtradit
1187 5652 1339 5725 idem
1398 5650 1924 5725 Origenesghomilia
1971 5654 2006 5710 2
2064 5655 2117 5708 iu

562 5721 861 5789 Canticum.
894 5723 1140 5781 Clemens
1174 5721 1572 5781 Alexandrinus
1607 5739 1621 5777 t
1670 5722 1946 5791 Stromat.,
1992 5740 2111 5799 pag.

2215 4468 2307 4519 καὶ
2339 4460 2609 4536 ἐπιπῖιοίᾳ·
2662 4460 2767 4536 sipo
2814 4465 2924 4536 μὲνΔ
2951 4465 3040 4517 τοῦ
3061 4460 3238 4536 vapos
3263 4462 3443 4536 _‘A6:’tp.
3473 4460 3563 4536 ἐπί
3595 4480 3653 4536 τε
3684 4462 3784 4531 τῆς

2213 4537 2488 4606 γυναικὸς,
2523 4533 2611 4588 sit!
2635 4533 2824 4605 τῖ’τῆς
2863 4533 3015 4597 ζώων
3049 4534 3338 4604 ὀνομασίας
3388 4533 3779 4606 προθεσπίσας.

2220 4604 2237 4658 ἀ
2268 4611 2422 4677 Apud
2457 4608 2707 4660 llcbrtcos
2747 4622 2923 4658 autem
2962 4606 3050 4677 Dei
3093 4611 3391 4677 Virtutcrel
3423 4604 3782 4677 inspiratione

2216 4673 2489 4746 propheta:
2518 4677 2798 4735 exstitere,
2832 4685 2954 4727 ante
2990 4674 3156 4741 legem
3192 4676 3409 4742 quidem
3435 4673 3687 4746 ΔΛιιειιιιᾷιιε
3716 4675 3781 4726 de

2216 4742 2467 4811 inuliere,
2518 4756 2573 4799 et
2622 4746 2674 4799 in
2723 4746 3081 4798 animantium
3112 4743 3556 4796 denotninatioue
3600 4742 3779 4796 futura

2215 4818 2548 4887 significans.
2579 4834 2597 4867 ι
2624 4816 2895 4887 Adamum
2937 4829 3148 4882 quoque
3198 4815 3336 4887 haud
3388 4812 3621 4887 obscure
3656 4827 3782 4887 pro-

2216 4880 2428 4956 plietaut
2478 4886 2714 4956 appellat
2745 4880 2990 4939 Justinus
3040 4880 3247 4956 utar-lyr
3280 4880 3553 4956 Apologia,
3601 4880 3778 4956 [ιζ

2215 4953 2342 5011 item
2400 4953 2879 5024 psemlo-Clemens
2946 4956 3039 5007 lib.
3082 4969 3097 5006 1
3150 4953 3449 5022 Ilecognit.,
3486 4968 3635 5024 num.
3686 4953 3780 5014 Η,

2216 5023 2437 5080 Petrum
2470 5028 2675 5079 inducit
2702 5024 3060 5077 allirtnantem
3091 5042 3109 5072 ι
3134 5024 3273 5090 quod
3300 5033 3503 5075 certum
3535 5023 3604 5074 sit
3637 5023 3784 5075 Ada-

2215 5112 2361 5149 mum
2409 5097 2726 5164 prophetam
2792 5095 2976 5148 fuisse.
3008 5114 3025 5145 ι
3087 5092 3181 5164 lli_s
3227 5092 3365 5164 adde
3401 5091 3781 5164 Epiphaniam

2214 5174 2344 5238 tum.
2378 5159 2564 5234 l,pag.
2598 5167 2651 5227 6,
2684 5166 2963 5238 προφήτης
2990 5159 3291 5238 γὰρ-ἤκμει
3320 5159 3538 5238 Suidatu
3571 5164 3623 5215 in
3654 5176 3789 5238 voce

2228 5235 2417 5306 ’Abap,
2443 5233 2542 5288 'ubi
2574 5233 2766 5303 praeter
2795 5233 3036 5306 omnium
3068 5233 3475 5306 disciplinarum
3512 5233 3787 5286 inventio-

2186 5306 2189 5307 ⁷
2218 5321 2338 5358 nem
2362 5304 2691 5373 ‘propltctias
2719 5306 2881 5358 etiam
2916 5304 2988 5356 illi
3019 5304 3227 5357 tribuit.

2293 5376 2404 5447 (87)
2434 5371 2523 5429 Sic
2555 5389 2741 5447 omnes
2778 5390 2908 5447 mss.
2943 5375 3113 5441 Alias,
3153 5390 3170 5423 ι
3192 5374 3333 5426 viam
3369 5386 3545 5438 suam,
3576 5373 3642 5427 de
3681 5371 3791 5426 illis

2221 5445 2473 5513 tanquam
2505 5448 2568 5499 de
2606 5445 2855 5515 indignis.
2884 5464 2901 5497 ι

2291 5510 2401 5587 (88)
2442 5517 2533 5570 Sic
2565 5531 2693 5569 mss.
2722 5510 2930 5569 ontues.
2963 5514 3132 5578 Alias,
3175 5531 3193 5564 ι
3219 5514 3271 5566 ἰιι
3303 5513 3531 5582 psalmo.
3559 5530 3579 5565 ι
3620 5510 3792 5587 Paulo

2214 5584 2335 5658 poSt
2369 5584 2518 5653 mss.,
2540 5604 2558 5637 ‹
2582 5595 2634 5639 ει
2669 5588 2718 5639 iu
2752 5599 2952 5640 terram
2982 5600 3131 5636 suam
3171 5594 3578 5639 revertentur.»
3612 5584 3795 5651 Alias,

2222 5680 2239 5711 ι
2267 5662 2317 5716 in
2346 5658 2617 5729 pulverem
2646 5673 2797 5711 suum
2835 5665 3200 5711 revertentur.
3234 5674 3254 5704 ι
