3992 6530
153 384 240 448 155
1139 379 1162 410 τ

1470 377 1670 434 LIBER
1706 377 1982 437 PRIMUS.

3223 374 3246 422 1
3257 374 3324 423 ω

150 504 436 572 deponentes
460 504 689 550 veterem
717 493 987 548 hominem
1029 507 1151 547 cum
1185 491 1394 546 actibus
1430 492 1563 560 suis,
1598 493 1650 546 in
1682 500 1728 554 Α
1758 493 1884 546 mini
1913 491 2040 548 Jesu
2071 491 2273 547 Christi
2305 488 2632 560 praecipuum
2660 484 2929 556 quoddam
2957 480 3320 536 ministerium

150 591 350 648 novitate
385 587 505 641 vita:
555 585 820 654 cmperint
867 583 1171 638 ambulare.
1221 583 1286 638 Et
1340 585 1461 639 ideo
1492 586 1556 639 de
1595 599 1661 639 eo

150 688 468 752 competenter
505 678 723 741 dicitur,
757 675 884 744 quia
921 691 1026 729 non
1081 675 1132 728 in
1182 674 1453 742 omnibus,
1488 690 1663 745 neque

150 775 190 830 in
217 774 286 828 his
319 771 400 838 qui
435 784 563 823 caro
589 777 733 833 sunt,
766 767 862 821 sed
911 767 964 820 in
996 766 1078 820 his
1109 781 1338 835 quorum
1383 774 1526 820 terra
1572 782 1656 820 re-

150 871 304 917 novata
343 860 516 922 fuerit,
553 859 786 929 Spiritus
823 867 1050 912 sanctus
1087 857 1373 912 habitabit.
1424 857 1663 926 Denique

151 956 316 1010 idcirco
363 969 456 1023 per
510 953 909 1021 impositiouem
975 968 1232 1006 manuum
1295 953 1662 1020 apostolorum

150 1056 241 1116 post
269 1047 582 1114 baptismum
615 1045 789 1115 gratia
825 1054 880 1100 et
911 1044 1173 1098 revelatio
1217 1045 1389 1098 sancti
1430 1046 1664 1113 Spiritus

151 1137 434 1192 tradebatur.
469 1137 575 1191 Sed
604 1147 657 1192 et
679 1137 934 1191 Salvator
957 1147 1141 1192 noster
1169 1148 1288 1204 post
1312 1139 1664 1193 resurrectio-

148 1247 262 1291 nem,
283 1245 394 1285 cum
425 1239 610 1284 vetera
637 1229 746 1299 jam
782 1229 1134 1293 transissent,
1163 1237 1216 1282 et
1251 1227 1392 1282 facta
1437 1229 1666 1283 fuissent

147 1322 289 1375 munia
319 1335 466 1385 nova,
500 1336 675 1375 novus
719 1321 834 1389 ipse
879 1321 1038 1375 homo
1076 1331 1130 1375 et
1178 1321 1565 1392 primogenitus
1595 1336 1662 1375 ex

151 1413 330 1468 mortuis
361 1413 637 1467 renovatis
655 1412 768 1482 (89)
793 1426 1009 1481 quoque
1037 1425 1132 1481 per
1155 1411 1313 1465 fidem
1341 1425 1450 1464 suae
1481 1425 1663 1465 resur-

149 1505 359 1559 reetionis
407 1504 671 1573 apostolis
723 1505 800 1557 ait
834 1518 849 1558 :
882 1504 1170 1574 «Accipite
1222 1503 1484 1574 Spiritum
1540 1519 1666 1558 san-

148 1597 327 1651 ctum“.
352 1616 369 1647 ι
414 1596 526 1651 Hoc
575 1606 662 1651 est
695 1597 951 1651 nimirum
1002 1598 1142 1664 quod
1174 1606 1228 1650 et
1257 1597 1370 1665 ipse
1416 1595 1667 1650 Salvator

151 1685 359 1741 Dominus
401 1687 453 1740 iu
509 1687 810 1758 Evangelio
857 1687 1260 1756 designabat“,
1309 1701 1431 1742 cum
1477 1686 1662 1739 vinum

149 1795 300 1834 eorum
326 1779 373 1832 in
400 1789 552 1833 utres
592 1780 737 1833 mitti
775 1793 936 1848 posse
967 1787 1183 1832 veteres
1211 1779 1533 1848 denegabat,
1567 1777 1665 1834 sed

145 1871 320 1938 iubebat
361 1879 504 1925 utres
552 1871 674 1926 fieri
725 1887 892 1926 novos
919 1871 1054 1942 (90),
1109 1871 1162 1925 id
1210 1881 1294 1925 est
1329 1871 1577 1925 homines
1612 1871 1665 1925 in
1698 1858 1744 1918 Β

149 1965 335 2017 novitate
354 1963 475 2018 vita:
498 1963 810 2028 ambulare,
833 1973 892 2018 ut
911 1965 1093 2017 vinum
1125 1979 1340 2028 novum,
1363 1963 1416 2016 id
1441 1972 1521 2018 est
1545 1963 1667 2033 Spi-

149 2057 250 2108 ritus
271 2057 424 2109 sancti
469 2057 667 2124 gratiae
691 2058 1029 2124 susciperent
1056 2058 1373 2113 novitatem.
1401 2057 1510 2112 lloc
1535 2071 1665 2124 ergo

148 2157 265 2215 pacto
287 2149 518 2216 operatio
553 2151 774 2203 virtutis
807 2150 896 2203 Dei
924 2149 1104 2203 Patris
1133 2159 1186 2202 et
1224 2149 1339 2204 Filii
1375 2150 1666 2203 indiscrete

147 2253 272 2304 super
291 2255 492 2292 omnem
528 2243 880 2309 protenditur
904 2243 1018 2314 (9|)
1044 2250 1356 2297 creaturam
1384 2261 1398 2296 :
1429 2242 1666 2313 Spiritus

147 2331 278 2384 sancti
305 2346 419 2386 vero
462 2334 944 2404 participationem
977 2351 1005 2389 a
1036 2337 1242 2391 sanctis
1293 2339 1667 2390 tantummodo

148 2423 292 2475 haberi
334 2423 663 2481 invenimus.
717 2426 944 2497 Propter
988 2433 1128 2497 quod
1185 2429 1383 2483 dicitur
1409 2445 1424 2482 :
1455 2447 1472 2478 ι
1499 2426 1668 2482 Nemo

149 2524 280 2584 potest
305 2518 475 2572 dicere
507 2513 830 2574 Dominum'
854 2520 1041 2576 Jesum
1075 2520 1180 2576 nisi
1218 2521 1268 2575 in
1310 2521 1510 2589 Spiritu
1538 2536 1666 2577 san-

149 2609 298 2662 ιειοθε.»
327 2607 386 2661 Ει
413 2611 502 2663 vix
536 2611 839 2680 aliquando
864 2612 964 2682 ipsi
993 2614 1218 2681 apostoli
1246 2613 1358 2685 (92)
1396 2615 1540 2689 digni
1571 2615 1667 2668 ha-

151 2701 298 2756 bentur
324 2705 503 2759 audire
529 2724 542 2758 :
582 2724 608 2757 ι
631 2707 931 2776 Accipietis
954 2711 1211 2764 virtutem
1238 2711 1668 2779 supervenientis

150 2793 332 2860 Spiritus
365 2798 532 2850 sancti
577 2798 636 2851 in
691 2813 787 2850 vos
802 2798 909 2850 ⁸⁷.»
945 2799 1173 2870 Propter
1202 2802 1343 2870 quod
1388 2813 1443 2855 et
1474 2817 1668 2856 conse-

150 2900 280 2952 quens
308 2896 443 2955 puto,
473 2890 610 2956 quia
646 2891 740 2958 qui
788 2895 1095 2959 peccaverit
1138 2893 1354 2962 quidem
1388 2894 1440 2948 in
1472 2893 1666 2947 Filium

153 2981 334 3035 hominis
363 2985 511 3036 venia
539 2985 747 3054 dignus
773 2995 888 3049 est;
923 3001 1021 3054 pro
1048 3002 1112 3041 eo
1143 2988 1287 3055 quod
1317 2987 1362 3042 is
1388 2988 1475 3057 qui
1503 2986 1666 3042 Verbi

153 3073 218 3126 Dei
241 3075 305 3128 vel
332 3077 550 3130 rationis
579 3065 990 3148 est‘particeps,
1017 3080 1060 3132 si
1093 3079 1306 3133 desinat
1331 3080 1667 3134 rationabili-

153 3174 213 3220 ter
234 3170 408 3236 vivere,
453 3171 680 3225 videtur
734 3172 786 3224 in
838 3172 1194 3238 ignorantiam
1248 3172 1330 3225 vel
1382 3173 1666 3226 stultitiam

152 3258 382 3326 decidisse,
425 3273 480 3317 et
527 3275 759 3332 propter
806 3263 907 3318 hoc
961 3267 1171 3319 veniam
1220 3268 1544 3335 promereri;
1577 3264 1667 3335 qui
1697 3229 1740 3290 Ο

151 3365 284 3408 autem
309 3357 490 3425 dignus
515 3359 643 3427 jam
676 3357 896 3412 habitus
923 3368 1006 3412 est
1037 3358 1210 3412 sancti
1241 3357 1475 3428 Spiritus
1501 3360 1671 3427 parti-

151 3445 381 3515 cipatione,
421 3459 474 3503 et
512 3460 671 3506 retro
714 3451 878 3505 fuerit
913 3467 1230 3514 conversus,
1277 3453 1363 3506 hic
1413 3454 1586 3521 reipsa
1617 3463 1672 3508 et

151 3553 272 3606 opere
300 3540 709 3613 blasphemasse
753 3543 953 3598 dicitur
993 3545 1045 3597 in
1086 3543 1346 3611 Spiritum
1397 3555 1666 3599 sanctum.

151 3624 206 3679 Ne
228 3633 326 3699 quis
345 3650 469 3690 sane
493 3637 788 3691 existimet
816 3651 912 3690 nos
937 3651 1001 3689 ex
1033 3652 1098 3689 eo
1119 3638 1260 3704 quod
1287 3637 1522 3690 diximus
1545 3637 1669 3704 Spi-

151 3720 273 3774 ritum
310 3735 542 3780 sanctum
606 3727 736 3781 solis
783 3727 990 3781 sanctis
1021 3727 1287 3795 przestari,
1331 3726 1510 3780 Patris
1543 3743 1672 3781 vero

151 3818 192 3862 et
225 3812 326 3867 Filii
368 3817 637 3872 beneficia
692 3817 773 3872 vel
824 3820 1224 3887 inoperationes
1275 3821 1558 3888 pervenire
1605 3822 1671 3875 ad

153 3903 284 3957 bonos
319 3918 367 3962 et
408 3911 609 3977 malos,
641 3911 816 3980 justos
866 3920 922 3965 et
963 3911 1214 3978 injustas,
1249 3912 1551 3980 prartulisse
1579 3928 1672 3981 per

155 3991 230 4048 hoc
252 3996 376 4052 Patri
403 4013 454 4054 et
486 4002 640 4056 Filio
675 4002 936 4072 Spiritum
985 4014 1258 4064 sanctum,
1298 4005 1382 4058 vel
1416 4003 1670 4072 majorem

152 4089 242 4151 elus
285 4107 369 4160 per
407 4096 509 4150 hoc
575 4110 825 4150 asserere
881 4095 1200 4164 dignitatem
1238 4114 1252 4150 :
1293 4099 1434 4165 quod
1490 4098 1674 4165 utique

156 4179 274 4233 valde
299 4184 686 4257 inconsequens
714 4197 819 4241 est.
855 4187 1256 4257 Proprietatem
1287 4204 1518 4258 namque
1545 4205 1674 4258 gra-

155 4269 223 4325 lite
247 4271 344 4340 ejus
379 4279 673 4347 operisque
707 4280 1110 4349 descripsimus.
1140 4281 1307 4334 Porro
1338 4291 1517 4334 autem
1542 4281 1672 4334 nihil

159 4360 198 4414 in
235 4364 466 4424 Trinitate
505 4371 692 4440 majus
751 4373 997 4426 minusve
1050 4372 1344 4428 dicendum
1393 4381 1501 4433 est,
1545 4388 1670 4427 cum

159 4453 278 4510 unius
309 4460 604 4516 divinitatis
639 4462 761 4517 fons
807 4466 972 4518 verbo
1013 4480 1077 4520 ac
1126 4466 1340 4520 ratione
1367 4480 1463 4519 sua
1495 4473 1675 4518 teneat

159 4546 373 4613 universa,
396 4552 598 4620 spiritu
631 4568 764 4607 vero
802 4553 914 4607 oris
942 4555 1024 4608 sui
1057 4570 1178 4623 qua:
1201 4555 1360 4622 digna
1391 4564 1515 4609 sunt
1543 4571 1668 4610 sau-
1702 4576 1746 4632 ι)

156 4634 812 4707 ctifteatione,sanctificet,
862 4645 1003 4698 sicut
1049 4647 1102 4699 in
1153 4646 1360 4715 psalmo
1403 4646 1665 4714 scriptum

157 4728 472 4786 estuVerbo
519 4735 738 4787 Domini
793 4735 919 4788 οωΙί
960 4736 1156 4789 firmati
1209 4746 1352 4799 sunt,
1382 4746 1437 4791 et
1477 4737 1668 4805 spiritu

157 4818 240 4871 oris
257 4820 353 4885 eius
375 4828 549 4881 omnis
582 4829 753 4881 virtus
777 4844 962 4882 eorum
979 4829 1079 4883 ⁸⁸.)
1114 4829 1208 4883 Est
1238 4831 1400 4883 etiam
1424 4831 1667 4898 qumdatu

160 4907 406 4978 inoperatio
456 4919 553 4972 Dei
595 4918 775 4973 Patris
823 4921 1094 4989 praecipua
1139 4930 1339 4990 prwter
1387 4921 1531 4976 illam
1563 4938 1669 4992 qua

159 5003 356 5059 carnibus
385 5017 439 5060 ut
465 5019 655 5062 essent
684 5009 1008 5064 naturaliter
1041 5012 1318 5078 praestitit.
1357 5011 1451 5066 Est
1479 5021 1534 5066 et
1559 5013 1665 5067 Do-

210 5117 394 5188 F‘Joan.
417 5139 508 5183 xx,
535 5123 627 5177 9.2.
704 5122 750 5156 ⁸⁵
788 5124 972 5178 Matth.
999 5139 1072 5188 ιχ,
1100 5127 1190 5188 16.
1242 5126 1328 5181 17.

162 5184 200 5250 ι,
220 5187 262 5252 5,
281 5190 324 5247 6.
393 5195 433 5224 ⁹⁰
462 5194 597 5249 ibid.
633 5195 720 5252 11.
752 5196 796 5228 ⁹¹
825 5197 955 5252 ibid.
980 5197 1036 5254 6.

163 5336 301 5456 ιι(89)
338 5340 633 5465 Reliiouatis.
658 5342 751 5398 Sic
796 5356 984 5398 omnes
1022 5359 1151 5399 mss.
1183 5345 1350 5411 Alias,
1397 5363 1416 5396 α
1441 5359 1669 5399 renova-

179 5421 246 5462 :r.
268 5429 285 5461 t
323 5428 398 5464 tua
421 5431 471 5465 ιε.

179 5421 246 5462 :tr.
268 5429 285 5461 ι
323 5421 471 5468 male.

215 5481 302 5549 (90)
338 5482 406 5537 lta
438 5488 579 5539 hunc
607 5483 783 5537 locum
811 5483 1105 5538 restituunt
1129 5501 1321 5540 omnes
1350 5485 1507 5540 codd.
1541 5502 1668 5539 mss.

165 5542 373 5606 lu'autea
424 5557 582 5610 editis
637 5555 877 5623 legitur:
917 5555 1088 5608 «Cum
1145 5574 1338 5610 novum
1393 5557 1577 5608 vinum
1620 5559 1671 5610 itt

165 5625 275 5698 utres
301 5640 456 5679 novos
481 5626 617 5678 mitti
643 5639 805 5693 posse
834 5635 887 5678 ct
917 5626 969 5678 iu
1000 5637 1209 5682 veteres
1235 5630 1556 5698 denegabth
1580 5629 1672 5682 Sed

166 5687 338 5744 videbat
369 5706 511 5748 utres
542 5687 658 5749 fieri
700 5710 892 5749 ttovos.
917 5713 934 5745 ι

215 5760 307 5898 pii)
341 5764 411 5816 Ita
442 5781 568 5820 mss.
599 5767 770 5828 Alias,
815 5765 1208 5833 rpertenditur.
1237 5787 1254 5816 ι

232 5829 306 5898 9‘2)
343 5835 427 5890 Sic
460 5853 582 5895 mss.
621 5839 795 5898 Alias,
837 5853 855 5888 ς
884 5837 1120 5898 angeli,»
1165 5857 1254 5894 tua

232 5829 306 5901 9‘2)
343 5835 427 5890 Sic
460 5853 582 5895 mss.
621 5839 795 5904 Alias,
837 5829 1120 5907 {attgeliu
1165 5839 1320 5895 male.

1405 5127 1450 5159 ⁸⁸
1477 5126 1495 5181 l
1519 5126 1640 5182 Cor.
1669 5143 1767 5193 xu,

1770 585 1823 638 in
1850 597 1942 636 eos
1969 584 2167 652 quibus
2203 581 2520 636 naturaliter
2551 589 2609 632 ut
2645 574 3004 631 rationabiles
3033 575 3165 637 sint,
3188 587 3322 624 con-

1768 675 1889 737 fert,
1923 690 2017 743 per
2047 675 2185 743 quod
2231 674 2297 726 ad
2346 673 2460 726 ltazc
2489 687 2609 741 quae
2655 678 2780 726 sunt
2818 674 3106 739 przestatur
3152 665 3232 718 eis
3269 670 3327 717 ut

1767 768 1904 822 bene
1930 767 2058 820 sint.
2087 766 2180 820 Est
2212 775 2266 819 et
2294 763 2398 818 alia
2428 778 2644 833 quoque
2673 763 2836 818 etiam
2874 759 3109 828 Spiritus
3148 755 3325 810 sancti

1769 859 1940 928 gratia
1967 872 2085 926 qua:
2113 856 2288 924 dignis
2315 863 2625 924 praestatur,
2653 853 2956 906 ministrata
2985 849 3200 918 quidem
3231 860 3327 914 per

1768 950 2064 1014 Christum,
2091 948 2367 1018 inoperata
2396 957 2577 1000 autem
2605 963 2634 1000 a
2661 946 2818 999 Patre
2844 943 3136 998 secundum
3165 939 3328 994 meri-

1772 1054 1883 1097 tum
1913 1057 2100 1096 eorum
2127 1043 2218 1113 qui
2253 1054 2478 1110 capaces
2505 1039 2623 1108 ejus
2649 1037 2977 1091 efﬁciuntur.
3009 1033 3159 1101 Quod
3209 1047 3327 1085 ma-

1769 1135 2118 1190 nifestissime
2164 1134 2368 1188 indicat
2409 1131 2684 1201 apostolus
2726 1130 2945 1196 Paulus,
2979 1141 3140 1181 uuam
3173 1139 3326 1178 eam-

1771 1228 1998 1297 demque
2047 1229 2299 1282 virtutem
2351 1223 2638 1279 Trinitatis
2669 1235 2951 1292 exponens
3003 1219 3055 1273 in
3097 1233 3162 1272 eo
3201 1218 3326 1270 dum

1770 1319 1901 1372 dicit
1928 1338 1943 1372 :
1975 1341 1992 1371 I
2016 1318 2314 1374 Divisiones
2367 1325 2495 1370 sunt
2548 1315 2815 1368 donorum
2849 1311 2985 1383 (95),
3024 1308 3135 1380 64
3186 1307 3327 1361 idem

1771 1423 1948 1468 autem
1985 1411 2252 1482 Spiritus;
2301 1419 2355 1464 et
2386 1409 2679 1464 divisiones
2712 1413 2839 1461 sunt
2879 1403 3328 1462 ministeriorum,

1771 1506 1910 1561 idem
1960 1516 2138 1558 autem
2188 1503 2480 1567 Dominus;
2513 1507 2568 1553 et
2617 1498 2913 1553 divisiones
2959 1492 3329 1563 operationum

1771 1606 1918 1662 sunt,
1948 1597 2086 1652 idem
2113 1605 2288 1650 autem
2315 1596 2458 1648 Deus
2480 1592 2571 1662 qui
2595 1598 2853 1658 operatur
2872 1585 3052 1641 omnia
3079 1584 3129 1637 in
3155 1581 3336 1636 omni-

1770 1689 1892 1744 bus.
1922 1689 2227 1758 Unicuique
2258 1695 2438 1740 autem
2485 1687 2644 1740 datur
2681 1679 3049 1738 manil'estatio
3098 1677 3334 1746 Spiritus

1772 1781 2064 1837 secundum
2096 1781 2148 1835 id
2177 1781 2320 1850 quod
2358 1777 2656 1849 expedit”.
2681 1795 2700 1829 ι
2745 1774 2824 1828 Ex
2855 1788 2962 1841 quo
2993 1768 3330 1825 manifestis-

1773 1876 1906 1931 sime
1940 1875 2256 1944 designatur
2285 1873 2428 1943 quod
2456 1871 2603 1927 nulla
2637 1878 2721 1925 est
2746 1869 2798 1923 in
2826 1866 3098 1922 Triuitate
3128 1863 3337 1916 discre-

1775 1970 1871 2034 tio,
1897 1968 1992 2024 sed
2020 1969 2122 2024 hoc
2155 1967 2298 2036 quod
2345 1966 2548 2022 donum
2590 1963 2827 2034 Spiritus
2853 1960 3075 2024 dicitur,
3107 1953 3339 2010 manife-

1773 2070 1948 2118 Statur
1974 2074 2069 2130 per
2095 2060 2315 2124 Filium,
2334 2066 2388 2113 et
2414 2057 2732 2126 inoperatur
2761 2069 2859 2123 per
2896 2052 3062 2106 Deum
3099 2049 3334 2102 Patrem.

1779 2172 1798 2205 ι
1830 2152 2020 2208 Omnia
2047 2161 2225 2206 autem
2255 2156 2510 2220 Operatur
2539 2163 2677 2201 unus
2707 2154 2870 2212 atque
2903 2145 3044 2199 idern
3077 2139 3334 2211 Spiritus,

1775 2245 2016 2301 dividens
2045 2243 2334 2312 unicuique
2363 2239 2474 2308 (94)
2504 2248 2666 2310 prout
2695 2237 2811 2290 vult
2834 2237 2902 2288 θ’.
2930 2255 2947 2287 ι

1843 2338 1895 2394 8.
1929 2337 2022 2392 llis
2049 2336 2209 2406 igitur
2242 2337 2310 2391 de
2343 2333 2552 2388 unitate
2582 2332 2783 2395 Patris,
2816 2339 2870 2384 et
2896 2327 3042 2390 Filii,
3076 2335 3133 2380 et
3161 2322 3336 2394 Spiri-

1780 2442 1863 2485 tus
1888 2430 2059 2486 sancti
2084 2427 2418 2499 protestatis,
2449 2426 2733 2480 redeamus
2757 2437 2897 2476 nunc
2937 2420 3004 2474 ad
3041 2433 3162 2474 cum
3195 2417 3341 2470 ordi-

1776 2538 1896 2577 nem
1931 2537 2086 2592 quem
2124 2521 2392 2576 disserere
2425 2531 2792 2587 coeperamus.
2819 2515 2962 2568 Deus
2983 2512 3144 2566 Pater
3163 2508 3340 2564 omni-

1777 2612 1874 2665 bus
1915 2618 2130 2678 prtestat
2167 2619 2224 2663 ut
2267 2610 2409 2673 sint;
2444 2605 2790 2676 participatio
2824 2619 2954 2659 vero
2988 2601 3215 2665 Christi,
3251 2614 3339 2654 se—

1776 2705 2006 2758 cundum
2036 2703 2084 2756 id
2113 2703 2254 2772 quod
2281 2701 2518 2757 Verbum
2553 2702 2634 2756 vel
2669 2699 2810 2753 ratio
2841 2695 3094 2762 est,facit
3125 2710 3185 2746 ca
3217 2708 3338 2748 esse

1777 2794 2142 2850 rationabilia.
2177 2793 2256 2848 Ex
2286 2809 2394 2864 quo
2441 2807 2783 2862 consequens
2823 2803 2908 2845 est
2953 2803 3016 2842 ea
3055 2787 3140 2841 vel
3184 2783 3342 2839 laude

1778 2889 1936 2957 digna
1966 2902 2108 2950 esse,
2139 2887 2224 2941 vel
2269 2885 2447 2956 culpa,
2492 2885 2618 2954 quia
2650 2882 2867 2936 virtutis
2887 2888 2942 2934 et
2972 2878 3191 2932 malitiae
3216 2885 3343 2929 sunt

1777 2981 2016 3048 capacia.
2073 2977 2302 3047 Propter
2361 2977 2463 3031 hoc
2518 2983 2916 3044 consequenter
2971 2972 3124 3025 adest
3175 2969 3340 3024 etiam

1776 3071 1949 3142 gratia
1994 3070 2231 3141 Spiritus
2272 3069 2469 3135 sancti,
2519 3078 2577 3121 ut
2629 3082 2693 3122 ea
2739 3080 2862 3136 quae
2902 3061 3343 3118 substantialiter

1776 3173 1964 3217 sancta
1993 3177 2098 3217 non
2140 3172 2284 3228 sunt,
2333 3160 2751 3231 participatione
2778 3157 2964 3227 ipsius
3002 3163 3190 3209 sancta
3227 3151 3341 3208 eiii-

1773 3256 2002 3309 ciautur.
2033 3255 2164 3309 Cum
2193 3269 2323 3325 ergo
2355 3253 2529 3324 primo
2577 3261 2636 3304 ttt
2683 3251 2813 3315 sint,
2846 3249 3085 3304 habeant
3119 3263 3186 3302 ex
3233 3245 3344 3300 Deo

1770 3347 1964 3412 Patre;
2021 3347 2257 3401 secundo
2309 3357 2366 3400 ut
2428 3343 2774 3399 rationabilia
2830 3343 2959 3405 sint,
2996 3341 3232 3394 habeant
3273 3353 3343 3393 ex

1771 3437 1980 3504 Verbo;
2011 3439 2167 3492 tertio
2214 3447 2274 3491 ut
2311 3437 2416 3490 sint
2460 3445 2673 3498 sancta,
2725 3433 2961 3488 habeant
3015 3449 3082 3486 ex
3135 3431 3342 3500 Spiritu

1771 3539 1983 3591 sancto,
2014 3545 2227 3583 rursum
2255 3527 2457 3582 Christi
2489 3531 2785 3582 secundum
2824 3525 2926 3579 hoc
2959 3525 3100 3594 quod
3125 3521 3340 3591 justitia

1777 3625 1869 3678 Dei
1895 3633 1996 3687 est,
2038 3622 2253 3691 capacia
2291 3621 2600 3676 efﬁciuntur
2625 3636 2688 3675 ea
2721 3634 2840 3688 qua:
2862 3620 2974 3687 jam
3003 3616 3341 3672 sanctificata

1773 3727 1896 3770 ante
1928 3716 2129 3770 fuerint
2152 3730 2246 3785 per
2285 3714 2544 3784 Spiritum
2574 3723 2858 3778 sanctum;
2894 3722 2947 3768 et
2981 3712 3070 3781 qui
3114 3711 3166 3763 in
3199 3711 3345 3763 hunc

1772 3809 1993 3878 gradum
2039 3809 2306 3878 proficere
2358 3808 2658 3863 meruerint
2704 3821 2801 3877 per
2856 3805 3341 3860 sanctificatiouem

1775 3900 2008 3969 Spiritus
2044 3899 2244 3965 sancti,
2290 3910 2695 3969 consequentur
2743 3897 3096 3953 nihilominus
3142 3895 3342 3949 donum

1774 3995 2054 4064 sapientiae
2111 3994 2412 4048 secundum
2463 3995 2720 4046 virtutem
2783 4001 2840 4045 et
2912 3989 3342 4060 inoperationem

1777 4086 2015 4156 Spiritus
2047 4088 2164 4142 Dei.
2199 4086 2267 4140 Et
2293 4087 2395 4141 hoc
2431 4096 2560 4154 puto
2599 4085 2825 4140 Paulum
2877 4084 3079 4148 dicere,
3110 4095 3236 4135 cum
3268 4078 3346 4132 ait

1773 4179 2094 4249 quibusdam
2123 4179 2242 4232 dari
2275 4192 2583 4233 sermonem
2626 4177 2929 4246 sapientiae,
2963 4174 3082 4228 aliis
3135 4185 3342 4228 sermo-

1776 4287 1895 4326 nem
1939 4271 2179 4325 scieutiaa
2214 4270 2514 4325 secundum
2550 4271 2800 4324 eumdent
2851 4267 3133 4338 Spiritum.
3165 4265 3232 4320 Et
3253 4264 3347 4318 de—

1775 4365 1997 4432 signans
2032 4378 2476 4432 unamquamque
2503 4361 2889 4416 discretionem
2937 4359 3225 4425 donorum,
3255 4373 3344 4412 re-

1777 4455 1880 4511 fert
1915 4457 2095 4510 omnia
2127 4456 2194 4510 ad
2224 4455 2601 4509 universitatis
2637 4453 2868 4519 fontem,
2913 4461 2966 4506 et
2999 4451 3170 4505 dicit:
3205 4468 3225 4501 ε
3255 4448 3346 4505 Di-

1775 4549 2010 4604 visiones
2046 4558 2173 4603 sunt
2219 4549 2678 4617 inoperationum,
2724 4547 2819 4600 sed
2879 4560 3018 4599 unus
3065 4545 3206 4597 Deus
3252 4544 3343 4611 qui

1772 4654 2030 4710 cperatur
2055 4643 2236 4697 omnia
2262 4642 2313 4695 in
2341 4642 2714 4696 orunibus’h
2754 4639 2908 4694 Unde
2953 4648 3007 4692 et
3047 4637 3347 4706 inoperatio

1774 4733 1948 4790 Patris
1985 4750 2104 4805 quae
2133 4749 2254 4788 esse
2279 4734 2392 4803 (95)
2421 4744 2646 4802 praestat
2697 4732 2976 4792 omnibus,
3032 4729 3235 4785 clarior
3282 4742 3346 4782 ac

1773 4826 2205 4897 tnagttilicettlior
2233 4825 2528 4889 invenitur,
2549 4839 2670 4879 cum
2697 4823 3074 4892 unusquisque
3104 4836 3199 4892 per
3223 4835 3349 4890 par-

1775 4920 2140 4990 ticipationem
2192 4919 2396 4974 Christi
2449 4918 2750 4972 secundum
2797 4915 2846 4968 id
2895 4917 3036 4986 quod
3081 4914 3345 4984 sapientia

1772 5023 1876 5079 est,
1907 5022 1962 5068 et
1985 5012 2280 5068 secundum
2317 5012 2370 5065 id
2403 5012 2550 5080 quod
2585 5010 2812 5065 scientia
2849 5020 2932 5064 est
2961 5018 3015 5063 et
3041 5007 3351 5062 sanctifica-

1791 5128 1846 5184 5.
1916 5128 1961 5162 ⁸⁷
1989 5129 2109 5184 Act.
2138 5143 2178 5197 ι,
2203 5128 2258 5185 8.
2335 5128 2378 5160 ⁸⁸
2400 5126 2596 5182 Psalm.
2664 5144 2833 5191 χχχιι,
2857 5127 2906 5182 6.
2985 5127 3028 5160 ⁸³
3055 5127 3076 5180 ι
3100 5125 3224 5181 Cor.
3250 5141 3347 5191 xu,

1847 5344 1955 5417 (95)
1977 5344 2358 5417 νΡοειγνορθιιι,
2403 5361 2421 5394 t
2448 5344 2732 5417 donorum,
2757 5362 2776 5394 ι
2803 5341 2933 5397 libb.
2963 5341 3092 5396 editi
3113 5341 3345 5417 addunt.

1780 5414 1904 5468 «vel
1939 5414 2372 5479 donationum,»
2428 5415 2570 5482 quod
2619 5416 2670 5467 iu
2723 5429 2854 5468 mss.
2901 5428 3008 5465 nou
3057 5414 3346 5480 reperitur.

1776 5485 1944 5540 Paulo
1978 5485 2115 5538 infra
2140 5485 2276 5538 libb.
2310 5485 2438 5537 editi
2471 5502 2484 5538 :
2526 5503 2544 5536 ‹
2567 5485 2672 5538 Sed
2703 5485 2803 5538 hoc
2831 5483 2971 5553 quod
3005 5483 3203 5537 donum
3227 5483 3352 5551 Spi-

1779 5557 1916 5609 ritus
1959 5555 2052 5608 Dei
2101 5555 2463 5611 ministratur.
2493 5574 2513 5607 ι
2568 5556 2637 5608 At
2675 5568 2832 5617 ntss.,
2883 5554 3018 5607 «sed
3066 5556 3169 5609 hoc
3200 5554 3346 5624 quod

1781 5626 1980 5680 donum
2017 5625 2253 5694 Spiritus
2284 5625 2506 5690 dicitur,
2545 5624 2945 5678 manifestatur.
2969 5643 2988 5675 ›

2001 5695 2077 5774 ita
2113 5711 2240 5750 mss.
2265 5695 2442 5774 Alias,
2471 5715 2488 5746 ι
2511 5695 2765 5774 singulis.
2787 5713 2806 5745 ι

1779 5838 1789 5848 .
1848 5766 1958 5837 (95)
2000 5767 2055 5821 In
2107 5775 2261 5823 antea
2309 5767 2476 5822 editis
2518 5769 2690 5832 deest,
2732 5783 2751 5819 ι
2777 5780 2956 5833 esse,»
2993 5766 3136 5836 quod
3171 5773 3347 5826 exstat

1778 5855 1828 5892 Ill
1867 5853 1998 5894 IIISS.
