4064 6414
638 367 742 422 153

1859 361 2180 420 ORIGENIS
2213 361 2372 416 nam
2409 337 2643 416 APXnN

638 485 712 536 tio
737 490 834 545 est.
879 483 1091 552 proﬁcit
1138 493 1188 538 et
1237 483 1291 537 in
1351 481 1573 537 altiores
1617 481 1958 551 profectuum
2002 481 2202 552 gradus
2229 485 2277 542 Α
2302 479 2658 535 similitudine
2686 475 2916 546 alicujus
2941 473 3168 544 exempli
3195 473 3275 528 uti
3306 489 3410 529 non
3435 474 3656 528 videtur
3672 471 3870 528 absur-

636 574 811 642 vcuit;
847 587 900 628 et
930 593 1023 644 per
1055 578 1154 630 hoc
1189 575 1330 644 quod
1362 574 1774 643 participatione
1806 575 1979 630 sancti
2025 573 2197 643 Spiri—

638 676 727 720 tus
761 665 939 721 factus
969 677 1049 721 est
1090 668 1211 735 quis
1241 668 1429 736 purior
1462 676 1623 736 atque
1657 667 1944 730 sincerior,
1976 663 2200 719 eﬁ‘ectus

637 759 831 828 dignus
866 759 1054 828 recipit
1085 761 1364 829 sapientia:
1389 774 1452 812 ac
1481 760 1720 815 scientiae
1753 759 2007 828 gratiam,
2033 766 2089 812 ut
2113 759 2201 812 de-

635 850 809 918 pulsis
856 850 1107 902 omnibus
1170 849 1590 918 expurgatisque
1658 849 1974 919 pollutionis
2035 859 2199 917 atque

635 941 954 1010 ignorantiae
995 941 1238 1008 maculis,
1279 951 1482 996 tantum
1520 941 1820 1011 profectum
1870 940 2198 994 sinceritatis

633 1046 700 1083 ac
732 1029 987 1098 puritatis
1040 1031 1156 1101 (96)
1202 1031 1455 1100 accipiat,
1509 1041 1566 1084 ut
1611 1031 1712 1085 boc
1746 1031 1886 1100 quod
1928 1029 2134 1094 accepit
2167 1044 2195 1080 a

633 1123 744 1178 Deo
793 1132 852 1179 ιιι
899 1135 1063 1189 esset,
1107 1125 1213 1178 tale
1263 1125 1331 1178 sit
1379 1123 1540 1193 quale
1595 1124 1702 1176 Deo
1736 1123 1952 1192 dignum
2001 1130 2103 1182 est,
2133 1134 2198 1173 eo

631 1211 724 1278 qui
760 1221 818 1265 ut
848 1223 990 1266 esset
1025 1229 1158 1282 pure
1192 1214 1377 1282 utique
1408 1213 1658 1281 praestitit
1690 1211 1801 1282 (97)
1832 1227 1895 1265 ac
1927 1210 2194 1278 perfecte;

631 1312 692 1354 ιιι
723 1311 828 1355 tam
864 1304 1086 1371 dignum
1113 1306 1182 1358 sit
1210 1306 1260 1358 itl
1293 1307 1432 1373 quod
1466 1314 1566 1364 est.
1602 1320 1761 1374 quam
1796 1314 1881 1358 est
1909 1302 1996 1355 ille
2021 1302 2108 1370 qui
2145 1300 2196 1354 id

629 1408 754 1447 esse
779 1393 923 1447 fecit.
947 1394 1019 1446 Ita
1047 1411 1278 1464 namque
1300 1405 1347 1450 et
1377 1398 1629 1450 virtutem
1659 1411 1873 1465 semper
1896 1411 2015 1449 esse
2035 1405 2198 1463 atque

629 1484 684 1536 in
725 1493 984 1538 :rternum
1019 1503 1236 1541 manere
1263 1489 1522 1558 percipiet
1552 1505 1578 1538 a
1611 1491 1716 1542 ilco
1750 1489 1795 1540 is
1821 1486 1910 1555 qui
1948 1487 2068 1540 talis
2090 1494 2194 1546 est.

629 1575 841 1642 qualem
875 1593 996 1630 eum
1030 1593 1148 1631 esse
1182 1579 1352 1632 voluit
1397 1580 1484 1633 ille
1526 1581 1614 1647 qui
1657 1579 1803 1631 fecit.
1842 1578 1995 1642 Quod
2027 1587 2082 1630 nt
2108 1591 2197 1630 ac-

629 1665 798 1728 cidat,
821 1678 875 1720 et
899 1679 954 1721 ut
982 1669 1352 1724 indesinenter
1374 1681 1534 1738 atque
1562 1670 1996 1739 inseparabiliter
2019 1671 2196 1723 adsint

629 1759 678 1810 ei
707 1761 797 1828 qui
828 1770 908 1811 est
936 1775 998 1813 ea
1029 1776 1148 1829 qua:
1173 1763 1238 1815 ab
1265 1764 1380 1831 ipso
1444 1761 1582 1815 facta
1630 1771 1776 1826 sunt,
1826 1763 2106 1830 sapientiae
2142 1763 2193 1816 id

628 1864 765 1918 opus
790 1861 871 1904 est
897 1851 1164 1907 instruere
1195 1865 1353 1922 atque
1381 1854 1599 1908 erudire
1620 1869 1702 1920 ea,
1729 1863 1784 1908 et
1810 1855 1874 1906 ad
1907 1853 2195 1922 perfectio-
2229 1843 2269 1898 Β

629 1957 752 1996 nem
803 1943 1100 2011 perducere
1145 1960 1208 1999 ex
1270 1945 1506 2016 Spiritus
1558 1946 1730 1999 sancti
1783 1947 2194 2001 conﬁrmatione

629 2043 791 2102 atque
826 2037 1146 2092 indesinenti
1195 2038 1622 2092 sanctiﬁcatione
1666 2055 1759 2108 per
1808 2055 1970 2108 quam
2018 2040 2192 2094 solum

628 2126 796 2180 Deum
823 2144 1018 2196 capere
1044 2141 1286 2198 possunt.
1317 2131 1388 2184 Ita
1423 2148 1552 2202 ergo
1581 2134 1900 2187 indesinenti
1936 2148 2060 2203 erga
2089 2148 2192 2187 nos

625 2232 792 2285 opere
817 2218 928 2287 (98)
979 2219 1174 2284 Patris,
1227 2231 1280 2275 et
1328 2223 1470 2285 Filii,
1519 2233 1572 2276 et
1621 2224 1858 2292 Spiritus
1888 2225 2060 2278 sancti
2098 2239 2194 2293 per

625 2310 872 2378 singulos
921 2327 1162 2381 quosque
1209 2312 1549 2382 profectnum
1599 2315 1796 2384 gratius
1858 2317 2188 2381 instaurate,

625 2403 714 2454 vix
751 2402 792 2456 si
833 2404 969 2458 forte
999 2405 1288 2475 aliquando
1318 2408 1512 2461 intueri
1540 2425 1826 2477 possumus
1852 2419 2098 2464 sanctam
2127 2424 2190 2464 ac

625 2492 839 2548 beatam
872 2498 1036 2549 vitam
1065 2514 1077 2550 :
1107 2499 1159 2550 in
1196 2515 1298 2566 qua
1342 2515 1463 2553 cum
1510 2511 1631 2569 post
1679 2517 1879 2568 agones
1909 2502 2103 2557 multos
2137 2504 2188 2557 in

621 2599 743 2637 eam
774 2587 1040 2653 perveniri
1089 2590 1346 2654 potuerit,
1392 2591 1462 2643 ita
1497 2593 1792 2661 perdurare
1834 2595 2090 2649 debemus
2133 2607 2192 2650 ut

625 2673 766 2727 nulla
796 2691 1027 2746 tmquam
1055 2678 1165 2748 (99)
1197 2695 1293 2734 nos
1347 2682 1475 2736 boni
1525 2683 1666 2738 illius
1701 2685 1921 2739 satietas
1969 2687 2188 2756 capiat;

623 2767 719 2819 sed
747 2779 950 2836 quanto
981 2772 1156 2838 magis
1205 2773 1269 2825 tle
1319 2772 1405 2824 illa
1458 2774 1795 2830 beatitudine
1838 2777 2186 2846 percipimus,

624 2871 778 2916 tanto
803 2865 973 2933 magis
1007 2865 1058 2918 in
1091 2866 1246 2920 nobis
1275 2867 1355 2920 vel
1389 2868 1644 2923 dilatetur
1682 2872 1799 2938 ejus
1831 2873 2186 2939 desiderium,

621 2955 708 3007 vel
753 2967 1039 3025 augeatur,
1087 2958 1214 3010 dum
1270 2974 1482 3028 semper
1526 2963 1806 3018 ardentius
1848 2977 1902 3019 et
1941 2970 2191 3036 capacius

623 3046 968 3119 Patrem“),
1025 3059 1078 3102 et
1133 3050 1348 3115 Filium,
1406 3067 1468 3105 ac
1510 3053 1766 3122 Spiritum
1811 3067 2057 3113 sanctum
2105 3061 2188 3115 vel

617 3141 893 3207 capimus,
925 3139 1007 3193 vel
1042 3151 1309 3195 tenemus.
1347 3142 1403 3196 Si
1435 3157 1614 3198 autem
1643 3145 1929 3214 aliquando
1959 3151 2189 3207 satietas

621 3233 766 3301 capit
795 3233 1029 3299 aliquem
1059 3249 1121 3286 ex
1149 3234 1230 3287 bis
1253 3237 1345 3303 qui
1377 3236 1427 3288 in
1453 3253 1664 3291 summo
1691 3239 2038 3312 perfectoque
2063 3260 2189 3298 con-

623 3323 862 3376 stiterint
889 3324 1082 3390 gradu,
1111 3341 1215 3379 non
1257 3327 1496 3382 arbitror
1529 3331 1671 3398 quod
1705 3332 1771 3384 ad
1803 3333 2038 3389 subitum
2068 3338 2188 3406 quis

619 3426 939 3480 evacuetur,
971 3432 1034 3471 ac
1069 3418 1322 3472 decidat:
1349 3421 1440 3473 sed
1493 3423 1752 3490 paulatim
1797 3435 1851 3477 et
1887 3441 1981 3493 per
2011 3439 2190 3495 partes

624 3507 860 3560 deﬂuere
882 3523 1003 3560 eum
1037 3523 1255 3562 necesse
1281 3521 1400 3564 est:
1433 3512 1506 3564 ita
1560 3522 1618 3565 ut
1665 3513 1778 3567 ﬁeri
1818 3517 1986 3584 possit
2023 3516 2190 3570 inter-

623 3598 770 3660 dum,
805 3609 862 3650 ut
913 3599 956 3652 si
1001 3599 1180 3654 brevis
1218 3601 1414 3669 aliqu?s
1459 3602 1640 3673 lapsus
1683 3606 1961 3672 acciderit,
1995 3617 2048 3660 et
2083 3607 2191 3662 cito

622 3690 906 3759 resipiscat
933 3701 1094 3759 atque
1120 3692 1170 3746 in
1195 3709 1252 3747 se
1283 3705 1610 3763 revertatur,
1639 3714 1744 3752 non
1773 3698 1988 3767 penitus
2014 3714 2191 3763 ruere,

623 3783 717 3836 sed
757 3799 1010 3837 revocare
1045 3787 1232 3855 pedem
1280 3796 1331 3840 et
1383 3791 1562 3843 redire
1596 3791 1662 3843 ad
1712 3799 1909 3844 statum
1937 3807 2115 3855 suum,
2140 3801 2196 3845 et

623 3889 839 3928 rursum
871 3883 1111 3932 statuere
1157 3879 1330 3949 possit
1375 3879 1427 3934 id
1468 3882 1610 3951 quod
1659 3897 1756 3951 per
1807 3879 2190 3949 negligentiam

624 3965 802 4021 fuerat
825 3967 1056 4037 lapsmn.

1227 4085 1455 4141 CAPUT
1495 4085 1582 4143 1V.

1009 4175 1086 4230 De
1122 4177 1468 4230 diminutione
1507 4177 1584 4230 vel
1628 4177 1801 4244 lapsu.

696 4265 746 4319 1.
771 4265 840 4322 Ut
866 4275 1043 4322 autent
1094 4269 1247 4323 istam
1291 4271 1703 4323 diminutionem
1738 4267 1820 4321 vel
1855 4267 2061 4337 lapsum
2097 4283 2192 4324 eo-

623 4371 742 4412 rum
775 4360 949 4428 quise
981 4361 1337 4431 Itcgligettlius
1364 4362 1577 4430 egerint
1611 4363 1981 4430 ostendamus,
2019 4361 2184 4417 etiam

694 4473 739 4506 θ’
763 4473 799 4527 ll
824 4453 948 4530 Cor.
977 4492 1059 4543 ιιι,
1091 4475 1174 4531 l8.

2306 575 2452 627 dum.
2480 573 2644 642 Igitur
2670 571 2712 624 si
2746 571 2818 625 sit
2845 570 3043 640 aliquis
3080 568 3172 639 qui
3213 568 3405 639 peritia
3435 566 3514 621 vel
3543 575 3684 632 arte,
3712 565 3867 620 verbi

2306 667 2476 735 gratia
2502 663 2810 735 geometria:
2836 663 2917 718 vel
2960 663 3261 728 medicintr,
3292 661 3550 731 paulatim
3576 660 3738 716 fuerit
3768 659 3871 712 itu-

2305 758 2465 813 butus
2491 771 2768 828 usquequo
2793 757 3007 810 venerit
3024 756 3089 808 ad
3109 755 3435 825 perfectum,
3457 753 3628 808 multo
3651 750 3863 807 scilicet

2306 858 2543 916 tempore
2574 848 2999 902 institutionibus
3021 855 3185 917 atque
3208 845 3484 900 exercitiis
3512 842 3866 910 semetipsum

2307 940 2602 996 informaus
2631 948 2687 994 ut
2717 939 2782 994 ad
2813 939 3081 1008 integrum
3107 938 3440 1008 supradictae
3465 937 3600 990 artis
3625 947 3871 989 assume-

2307 1042 2385 1086 ret
2419 1031 2754 1101 disciplinam
2785 1049 2797 1084 :
2825 1030 2950 1084 huic
2999 1044 3276 1098 nunquam
3321 1027 3566 1098 profecto
3615 1023 3869 1079 accidere

2304 1125 2518 1195 poterit,
2540 1135 2734 1180 utcum
2759 1127 2962 1193 peritus
2989 1123 3293 1187 dormierit,
3313 1121 3533 1192 evigilet
3558 1118 3868 1188 imperitus.

2305 1218 2418 1272 Non
2449 1219 2591 1272 enim
2617 1233 2676 1271 ea
2702 1232 2821 1287 qua!
2856 1232 2950 1286 per
2975 1216 3251 1270 liesionem
3298 1214 3535 1283 aliquam
3562 1211 3643 1265 vel
3672 1209 3870 1263 debili-

2306 1319 2469 1364 tatem
2501 1308 2772 1371 accidunt,
2808 1306 2860 1359 in
2905 1305 3138 1361 medium
3188 1303 3459 1356 adducere
3497 1309 3591 1353 aut
3629 1310 3871 1352 comme-

2303 1417 2516 1456 morare
2567 1416 2706 1454 nunc
2750 1398 3036 1461 convenit;
3091 1410 3267 1464 neque
3315 1394 3463 1448 enim
3520 1386 3870 1446 similitudini

2303 1494 2592 1564 proposita:
2633 1491 2986 1562 exemploque
3017 1489 3364 1544 conveniunt.
3401 1486 3711 1540 Secundum
3738 1494 3872 1549 ergo

2304 1586 2354 1640 iii
2389 1586 2528 1654 quod
2575 1585 2973 1654 proposuimus,
3023 1591 3330 1651 geometres
3359 1579 3448 1634 ille
3487 1577 3570 1632 vel
3599 1575 3866 1638 medicus,

2303 1678 2474 1732 donec
2512 1688 2731 1732 exercet
2781 1691 2838 1731 se
2878 1676 2931 1730 iu
2981 1674 3426 1728 meditationibus
3470 1671 3606 1725 artis
3658 1683 3772 1722 sua:
3814 1675 3870 1721 et

2304 1769 2717 1823 rationabilibus
2763 1767 3050 1830 institutis,
3096 1773 3376 1835 permanet
3422 1764 3561 1834 apml
3589 1761 3699 1833 65
3743 1774 3868 1813 eum

2298 1862 2461 1914 etiam
2509 1859 2735 1914 scientia
2781 1858 3101 1928 disciplinae.
3151 1857 3210 1911 Si
3263 1871 3391 1910 vero
3440 1853 3747 1909 dissimulet
3799 1853 3868 1904 ab

2299 1955 2595 2019 exercitiis,
2623 1963 2676 2007 et
2700 1953 2934 2023 negligat
2962 1954 3028 2006 ab
3073 1949 3359 2008 industria.
3389 1948 3646 2018 paulatim
3689 1945 3875 2017 primo

2299 2064 2395 2118 per
2423 2046 2800 2117 negligentiam
2828 2061 2993 2114 pauca
3024 2044 3302 2106 excidunt,
3333 2052 3447 2094 tum
3475 2040 3670 2094 deinde
3701 2039 3871 2092 etiam

2299 2140 2477 2210 plura,
2522 2151 2575 2192 et
2607 2139 2678 2191 ita
2712 2153 2808 2208 per
2836 2136 3058 2191 multtnn
3104 2134 3412 2207 tetnpus('2)
3441 2133 3642 2186 abeunt
3684 2130 3874 2184 omnia

2306 2235 2360 2288 in
2387 2231 2737 2297 oblivionem,
2776 2240 2934 2296 atque
2964 2230 3216 2283 universa
3251 2244 3312 2284 ex
3344 2227 3601 2282 memoria
3652 2225 3872 2295 penitus

2297 2326 2598 2380 abolentur.
2644 2324 2830 2378 Potest
2875 2338 3006 2376 sane
3047 2322 3184 2386 ﬁeri,
3233 2329 3292 2374 ut
3339 2336 3460 2374 cum
3504 2318 3760 2373 decidere
3799 2317 3876 2368 ab

2297 2418 2452 2472 initio
2489 2417 2710 2487 creperit
2735 2415 2811 2488 (3)
2855 2424 2908 2468 et
2955 2429 3116 2483 parva
3169 2413 3346 2467 adhuc
3384 2410 3661 2479 corrumpi
3693 2408 3874 2478 negli-

2296 2510 2494 2580 gentia,
2531 2511 2577 2564 si
2607 2509 2960 2563 resnscitetur
2994 2517 3048 2560 et
3087 2507 3252 2561 citius
3296 2506 3347 2558 in
3386 2504 3740 2572 semetipsum
3781 2516 3870 2554 re-

2298 2614 2563 2668 vertatur,
2600 2610 2819 2672 reparet
2849 2601 2925 2671 (4)
2955 2616 3018 2654 ea
3065 2616 3186 2670 qua:
3234 2599 3411 2652 adhuc
3450 2612 3626 2666 nuper
3665 2595 3876 2648 amissa

2295 2704 2440 2757 sunt,
2469 2707 2521 2749 et
2553 2694 2754 2748 recolat
2779 2709 2839 2745 ea
2875 2709 2999 2762 quae
3032 2695 3099 2745 ab
3143 2707 3208 2746 eo
3245 2691 3461 2745 fuerant
3497 2688 3641 2743 tenui
3687 2687 3878 2739 adhuc

2296 2791 2589 2844 abolitione
2634 2788 2864 2843 sublata.
2895 2783 3318 2839 Transferamus
3351 2795 3492 2835 nunc
3527 2780 3644 2833 haec
3676 2779 3744 2830 ad
3774 2792 3878 2831 eos

2297 2884 2385 2952 qui
2415 2897 2472 2936 se
2505 2883 2593 2935 Dei
2629 2881 2871 2936 scientiae
2903 2895 2967 2932 ac
2997 2879 3278 2946 sapientia:
3321 2874 3670 2936 dediderunt,
3715 2869 3877 2938 cujus

2296 2976 2529 3030 eruditio
2578 2983 2740 3044 atque
2789 2972 3059 3026 industria
3112 2965 3634 3036 incomparabilibus
3679 2977 3878 3017 omnes

2297 3066 2535 3135 reliquas
2569 3066 2645 3135 (5)
2691 3063 3008 3132 disciplinas
3049 3061 3415 3130 supereminet
3453 3058 3653 3123 modis,
3697 3067 3753 3111 et
3787 3071 3882 3112 se-

2296 3161 2526 3214 cundum
2563 3155 2851 3226 propositae
2874 3153 3252 3208 similitudinis
3283 3151 3510 3206 formam
3540 3150 3623 3204 vel
3652 3164 3774 3218 qua:
3800 3149 3882 3204 sit

2295 3250 2588 3319 assumptio
2609 3249 2867 3314 scientiae,
2888 3247 2970 3299 vel
2996 3262 3115 3316 qua:
3138 3246 3209 3300 sit
3231 3245 3348 3312 ejus
3373 3241 3597 3296 abolitio
3622 3253 3882 3295 contem-

2295 3345 2536 3414 plemur;
2571 3342 2804 3397 tnaxime
2833 3355 2956 3394 cum
3001 3340 3286 3393 audiamus
3314 3338 3383 3391 ab
3426 3333 3688 3405 Apostolo
3724 3335 3882 3402 quod

2295 3441 2361 3491 de
2395 3435 2648 3505 pet-feeds
2691 3433 2888 3488 dicitur
2910 3431 3012 3502 (ﬁ),
3040 3431 3183 3500 quod
3227 3429 3364 3484 facie
3407 3429 3474 3482 ad
3523 3427 3719 3480 facient
3749 3426 3885 3495 gloo

2297 3530 2429 3584 Ιίειιιι
2465 3527 2671 3582 Domini
2700 3541 2767 3582 ex
2789 3525 3171 3596 mysteriorum
3208 3521 3635 3577 revelatiouibus
3670 3535 3886 3588 specu-

2297 3623 2617 3679 labuntur”.

2362 3719 2417 3772 2.
2459 3718 2655 3771 Verum
2701 3729 2800 3768 nos
2848 3712 3091 3767 volentes
3137 3709 3314 3764 divina
3359 3707 3412 3761 in
3463 3721 3563 3761 nos
3596 3704 3887 3760 beneﬁcia

2295 3811 2689 3869 demonstrare,
2719 3821 2838 3874 qua:
2873 3803 3030 3857 nobis
3078 3816 3172 3870 per
3215 3800 3427 3854 Patrem
3475 3805 3530 3852 et
3564 3796 3766 3851 Filium
3822 3807 3889 3850 et

2297 3901 2560 3972 Spiritum
2594 3907 2841 3953 sanctum
2893 3897 3224 3964 praebentur,
3263 3907 3383 3960 qua:
3409 3889 3655 3944 Trinitas
3703 3888 3894 3944 totius

2297 4005 2377 4048 est
2405 3991 2709 4047 sanctitatis
2740 3989 2880 4054 fons,
2913 4000 3142 4041 excessu
3189 3986 3418 4052 quodam
3453 3983 3536 4036 usi
3573 3983 3689 4037 haec
3732 3983 3892 4037 dixi-

2299 4093 2416 4139 tn‘us
2450 4084 2552 4155 (7),
2579 4091 2632 4137 et
2657 4095 2958 4138 sermonem
2987 4080 3052 4132 de
3080 4079 3258 4132 anima
3286 4076 3375 4145 qui
3411 4074 3705 4140 inciderat,
3745 4081 3897 4127 stri-

2297 4179 2424 4232 ctim
2479 4178 2602 4229 licet
2645 4173 3062 4244 contingentium
3119 4170 3450 4240 putavimus,
3482 4167 3725 4222 vicinum
3787 4176 3891 4220 ut-

2294 4278 2416 4336 pote
2443 4266 2517 4338 (8)
2548 4267 2720 4320 locum
2768 4266 2833 4319 de
2879 4274 3071 4318 natura
3138 4259 3447 4315 rationabili
3509 4259 3891 4313 disserentes.

2294 4359 2661 4430 Opportuuius
2690 4368 2868 4411 tamen
2900 4356 2952 4409 in
2991 4355 3109 4409 loco
3152 4352 3374 4424 proprio
3403 4354 3468 4407 de
3513 4350 3663 4404 oumi
3697 4350 3888 4405 ratio-

2216 4621 2260 4677 ι)
2288 4627 2392 4683 que
2415 4610 2769 4667 beatitudinis
2796 4611 3042 4683 gradum
3068 4608 3400 4683 pervenerit,
3437 4604 3564 4661 inde
3590 4605 3893 4683 paulatim

2289 4675 2503 4738 decidat
2540 4698 2602 4736 ae
2645 4675 2880 4743 ruatfid
2919 4675 3133 4749 quidem
3183 4679 3429 4748 sequitur
3460 4691 3526 4730 ex
3555 4675 3677 4744 ejus
3717 4679 3896 4735 circa

2287 4754 2498 4810 arbitrii
2539 4755 2843 4806 libertatem
2871 4761 2924 4805 et
2957 4753 3009 4804 itt
3051 4749 3197 4803 omni
3244 4757 3387 4802 statu
3421 4761 3899 4812 perseverantem

2288 4827 2422 4880 bene
2441 4823 2521 4876 vel
2551 4824 2690 4876 male
2718 4821 2910 4890 agendi
2945 4820 3256 4890 facultatem
3287 4817 3526 4887 placitis,
3549 4817 3901 4890 sedcatlio-

2285 4895 2403 4948 licze
2455 4892 2577 4946 ﬁdei
2628 4886 2908 4961 l'CptI—gllal.
2962 4889 3096 4946 Vide
3147 4886 3597 4960 Origenianorum
3653 4886 3757 4944 lib.
3819 4906 3900 4956 ll,

2286 4973 2475 5015 auarst.
2516 4963 2602 5015 Il.
2637 4977 2694 5014 ιι.
2722 4963 2773 5015 1.

2327 4973 2475 5017 utr-st.
2516 4973 2602 5025 tl,
2637 4977 2694 5014 ιι.
2722 4973 2773 5018 ‘l.

2286 4980 2695 5104 quieil're'niiu'ii
2717 4980 2872 5086 [deest
2887 5032 2940 5086 in
2960 5029 3279 5091 libb.editis.
3295 5026 3389 5083 sed
3411 5025 3644 5080 habetur
3661 5027 3716 5084 in
3735 5045 3907 5089 mss.

693 4610 804 4680 (96)
846 4613 919 4666 Ita
957 4629 1085 4669 mss.
1124 4611 1292 4674 Alias,
1333 4611 1652 4680 «pietatis.»

693 4684 804 4756 ('37)
847 4686 937 4756 Sic
992 4699 1119 4756 tnss.
1167 4683 1340 4745 Alias,
1381 4683 1791 4756 «praestiterit.»
1839 4684 2005 4740 Paulo
2057 4697 2180 4756 post

622 4754 758 4812 libb.
791 4755 916 4808 editi
953 4772 965 4806 :
1001 4775 1017 4804 ι
1044 4754 1116 4806 Ita
1150 4755 1455 4827 namqneei
1488 4755 1740 4827 virtutem
1774 4770 1987 4823 semper
2015 4754 2180 4827 atque

623 4830 676 4882 in
711 4833 970 4877 aeternum
1009 4839 1225 4894 manere
1256 4824 1553 4894 perciperet
1598 4839 1626 4894 a
1673 4825 1778 4877 Deo
1819 4828 1907 4894 qui
1949 4828 2067 4881 laus
2093 4824 2181 4884 ‘est

621 4896 834 4965 qualem
864 4908 990 4965 esse,
1014 4893 1182 4945 voluit
1233 4895 1320 4946 ille.
1367 4895 1458 4965 qui
1508 4893 1652 4946 fecit.
1693 4894 1843 4958 Ouud
1881 4905 1937 4949 ut
1963 4899 2178 4953 accidat

621 4963 783 5035 atque
825 4964 1383 5035 itnlesinenteriatque
1412 4963 1863 5035 inseparabiliter
1901 4968 2081 5021 adsint
2123 4979 2179 5022 et

620 5031 711 5102 qui
739 5042 818 5107 est
850 5043 902 5087 et
925 5049 987 5085 ea
1021 5048 1138 5100 qua:
1168 5034 1236 5084 ab
1264 5034 1377 5107 ipso
1406 5031 1549 5085 laeta
1573 5043 1720 5107 sunt.
1746 5051 1936 5102 sapere
1964 5038 2015 5091 id
2042 5054 2176 5107 opus

618 5116 704 5160 est
751 5105 1111 5184 instrnere....
1165 5105 1464 5171 perducere
1502 5117 1567 5157 ex
1613 5103 1865 5174 Spiritus,
1891 5125 1909 5158 ο
1953 5103 2090 5174 θιαέ
2123 5118 2182 5162 at
2294 5157 2301 5167 ,
2485 5103 2576 5184 Sic
2607 5118 2735 5156 mss.
2765 5104 2933 5184 _Alias,
2974 5121 2993 5154 ι
3032 5103 3218 5184 coepit.
3261 5119 3283 5151 ι

623 5192 754 5228 mss.
802 5172 945 5244 utin
987 5181 1168 5226 nostro
1200 5184 1378 5244 texui.
1655 5172 1668 5174 ⁷
2069 5172 2074 5174 ”
2489 5172 2727 5244 ῌρρανει.
2764 5173 2837 5226 ita
2875 5187 3004 5226 mss.
3037 5173 3206 5244 Alias,
3243 5187 3262 5221 ι
3303 5177 3538 5244 repetat.
3578 5188 3598 5222 ι

691 5243 805 5312 (τιὸ)
848 5243 940 5322 Sic
967 5259 1097 5297 mss.
1127 5243 1310 5322 Alias,_
1337 5261 1364 5322 ἰ
1389 5259 1574 5312 opera.
1597 5262 1615 5296 ι
1653 5243 1852 5322 Ibidem
1886 5246 2018 5322 libb.
2054 5247 2186 5302 editi
2621 5259 2748 5322 mss.
2779 5245 2963 5322 _Alias,
3006 5259 3025 5294 ι
3080 5239 3571 5322 dederttttt,_cttjtts
3623 5242 3913 5301 conditio

621 5311 766 5394 post,
790 5311 818 5361 ⁷.
848 5313 1166 5394 instaurate,
1187 5331 1206 5363 ι
1245 5311 1471 5380 addunt,
1526 5332 1547 5367 ι
1569 5317 1752 5380 corde,
1778 5334 1799 5369 ι
1837 5320 1978 5387 quod
2029 5323 2188 5372 abest
2296 5311 2456 5394 atque
2486 5315 2748 5394 industria
2779 5312 3294 5394 incomparabilibns
3327 5311 3647 5394 reliquas,_g
3682 5320 3815 5394 etc.

624 5383 976 5464 abltlll‘lll-illlls
1009 5400 1140 5464 mss:
1164 5452 1195 5464 η
1410 5454 1438 5464 γ’
1852 5380 1870 5387 ’
2296 5455 2333 5464 __
2485 5385 2575 5438 Sic
2608 5399 2738 5437 mss.
2771 5380 2994 5448 Alias,‘¢
3031 5383 3176 5462 quod
3206 5381 3271 5434 de
3297 5380 3844 5464 perlectisdicitur.
3883 5409 3909 5441 ι

693 5452 809 5595 (99)
847 5454 918 5530 Ita
952 5468 1081 5509 mss.
1114 5452 1284 5516 Alias,
1321 5470 1339 5504 ι
1363 5454 1610 5524 utique.»
2296 5449 2494 5511 Ibidem
2545 5470 2697 5519 tnss.,
2749 5473 2767 5507 ι
2815 5470 2879 5507 ex
2921 5449 3309 5522 mysteriorum
3351 5449 3829 5510 revelationibus.
3885 5481 3910 5510 ι

727 5527 773 5590 ι)
815 5522 980 5586 Alias,
1030 5541 1048 5572 ι
1071 5525 1364 5578 dilatentur
1393 5526 1508 5594 ejus
1536 5527 1803 5583 desideria
1835 5528 1918 5582 vel
1947 5543 2188 5595 augean-
2294 5529 2466 5591 Alias,
2494 5526 2588 5578 «ab
2639 5526 2985 5580 interioribus
3024 5520 3505 5595 revelatiouilms.»
3535 5520 3711 5575 Paulo
3753 5541 3910 5591 p05.

727 5520 980 5599 t)_'Alias,
1030 5525 1364 5599 «dilatentur
1393 5520 1508 5599 ejus
1536 5527 1803 5583 desideria
1835 5528 1918 5582 vel
1947 5543 2188 5599 augean-
2294 5529 2466 5591 Alias,
2494 5526 2588 5578 «ab
2639 5520 2991 5599 interioribus
3024 5520 3505 5599 levelaitioriilitt_s.n
3535 5520 3711 5575 Paulo
3753 5541 3917 5591 post

624 5588 715 5646 tur
749 5588 873 5646 dum
903 5607 1116 5667 semper
1147 5588 1691 5667 artleutius'Patrem,
1714 5619 1736 5650 ι
1764 5600 1862 5652 sed
1887 5588 2108 5654 mss.'ut
2132 5600 2188 5654 in
2297 5588 2461 5660 mss.,’
2495 5613 2514 5647 ι
2550 5611 2670 5667 qua:
2721 5597 2876 5667 nobis
2906 5609 3005 5662 per
3038 5594 3254 5667 Patrem
3288 5602 3342 5645 et
3373 5588 3592 5644 Filium.
3637 5609 3658 5643 ι
3698 5588 3920 5667 Aiias,

627 5677 812 5745 nosne
857 5660 1031 5745 textu.
1082 5664 1248 5720 Paulo
1283 5675 1417 5745 post
1443 5685 1613 5745 iussi,
1667 5660 1933 5745 tsatietas
1963 5670 2177 5745 capit.)
2295 5686 2314 5720 ι
2351 5660 2653 5745 qu:e_t_iobis
2681 5660 2994 5745 ad‘Patr‘em
3025 5674 3081 5744 et
3114 5660 3391 5745 Filium.)
3423 5730 3434 5742 .
3896 5660 3944 5674 ”

624 5733 792 5817 ἐξῆρε,
829 5752 847 5785 ι
869 5733 1091 5792 satietas
1105 5730 1344 5817 ceperit.
1369 5755 1388 5788 ι
1406 5730 1797 5817 _Quod'autem
1833 5741 1936 5796 hoc
1955 5730 2080 5817 loco
2106 5741 2184 5793 ait
2469 5737 2560 5817 Sic
2587 5751 2715 5792 mss.
2750 5735 2924 5817 ﬁlias,
2951 5753 2970 5786 ι
3005 5732 3306 5817 etiatuboc
3332 5730 3584 5787 dicimus.
3622 5746 3648 5786 ο

625 5804 885 5878 ονῑεειιεε
911 5819 1070 5875 Posse
1101 5804 1216 5869 ﬁeri
1251 5818 1309 5868 ut
1331 5810 1421 5882 qui
1444 5804 1520 5869 ad
1557 5825 1826 5868 summum
1850 5810 2182 5883 perlecttnn-
2359 5804 2437 5883 (8)
2475 5807 2566 5864 Sic
2593 5823 2724 5866 mss.
2755 5805 2927 5878 Alias,
2961 5821 2982 5860 ι
3017 5813 3074 5860 ιιι
3102 5813 3251 5873 puta.
3285 5820 3306 5854 ι
