3992 6536
170 390 267 445 15⁸1

1523 390 1723 445 LlBER
1764 392 2046 449 Ριιιῑιιυδ.

3286 389 3393 445 158

164 506 319 561 mbili
348 514 534 559 natura
569 522 689 575 quae
716 507 769 561 in
807 508 908 561 tria
944 522 1140 577 genera
1172 508 1489 577 speciesque
1514 508 1711 563 distin-
1742 514 1790 571 Α
1818 508 2011 564 clinet:
2051 518 2271 579 propter
2291 508 2433 578 quod
2469 515 2618 562 recte
2641 505 2803 560 etiam
2829 502 3001 573 poenis
3029 512 3082 556 et
3108 501 3393 571 suppliciis

165 601 357 667 gnitur,
395 598 501 648 lim
535 601 692 654 nobis
732 616 830 667 per
872 598 1051 655 Jesum
1085 600 1361 654 Christum
1391 610 1447 656 et
1475 609 1721 656 sanctum

166 691 415 761 Spiritum
449 694 806 758 concedente,
841 694 1265 763 disputabimus.

722 846 947 902 CAPUT
990 848 1029 899 v
1066 850 1163 919 (9).

538 937 619 991 De
661 940 1062 993 rationabilibus
1110 942 1332 995 naturis.

220 1051 269 1105 Ι.
321 1049 456 1106 Post
531 1068 651 1106 eam
702 1054 1141 1110 dissertationem
1175 1062 1346 1126 'quam
1398 1058 1465 1111 de
1523 1058 1721 1123 Patre,

156 1154 207 1198 et
253 1141 440 1207 Filio,
499 1154 555 1198 et
629 1145 835 1213 Spiritu
913 1159 1104 1202 sancto
1139 1189 1155 1214 ,
1216 1162 1476 1218 quantum
1550 1154 1724 1207 Valui-

160 1253 299 1300 nius,
361 1237 605 1293 breviter
638 1241 985 1310 digessimus,
1037 1258 1379 1313 consequens
1436 1255 1519 1299 est
1558 1249 1721 1300 etiam

156 1332 213 1383 de
246 1333 459 1385 naturis
499 1334 918 1389 rationabilibus
948 1375 964 1398 ,
1011 1352 1074 1389 ac
1104 1337 1171 1391 de
1215 1338 1499 1403 speciebus
1534 1354 1722 1393 earnm

156 1430 203 1474 et
240 1421 563 1487 ortiinibus,
621 1424 706 1477 vel
758 1426 953 1481 olliciis
1019 1436 1127 1480 tam
1198 1441 1508 1482 sanctarum
1562 1446 1722 1498 quam

155 1512 303 1564 etiam
359 1514 726 1581 malignorum
778 1519 1077 1584 virtutum,
1132 1520 1227 1573 sed
1277 1530 1332 1573 et
1384 1522 1450 1575 de
1501 1521 1586 1575 his
1631 1522 1722 1591 qui

156 1605 280 1656 inter
326 1603 435 1659 has
484 1608 657 1661 bonas
707 1618 761 1662 et
810 1609 979 1664 malas
1033 1612 1191 1665 medii
1236 1612 1454 1679 quidam
1496 1623 1620 1665 sunt
1667 1624 1723 1667 et

156 1696 313 1750 adhuc
332 1697 455 1769 (l0)
479 1699 533 1751 in
566 1716 736 1770 agone
760 1704 988 1771 atquein
1020 1706 1320 1758 certamine
1348 1707 1533 1774 positi,
1556 1722 1722 1775 pauca

154 1788 430 1844 disserere.
480 1789 888 1860 Quamplurima
942 1812 1173 1864 namque
1211 1796 1261 1849 iit
1308 1799 1508 1851 sanctis-
1563 1796 1725 1850 Scri-

157 1882 312 1948 pluris
362 1882 678 1936 invenimus
723 1884 972 1938 ordinum
1005 1892 1365 1954 quorumdam
1407 1899 1568 1956 atque
1600 1889 1714 1941 oﬂi-

154 1974 341 2025 ciorum
376 1984 490 2027 tam
528 1987 841 2031 sanctorunt
889 1994 1051 2047 quam
1101 1983 1263 2035 etiam
1312 1984 1714 2035 contrariorum

154 2072 353 2119 nomina
388 2108 407 2131 ,
448 2084 573 2137 qua!
606 2071 717 2143 (ll)
751 2075 902 2140 prius
946 2086 1332 2143 preponeutes,
1364 2086 1478 2129 ιιιιιι
1528 2077 1721 2134 deinde

150 2152 263 2219 quid
316 2155 433 2207 sibi
486 2158 615 2210 velit
683 2160 875 2213 horum
935 2162 1295 2232 signiﬁcatio,
1359 2181 1455 2234 pro
1512 2167 1717 2224 viribus

150 2246 335 2300 nostris
368 2249 649 2304 discutere
679 2253 1129 2321 pertentabimus.
1180 2257 1318 2309 Sunt
1349 2258 1566 2326 quidam
1596 2278 1721 2313 san-

147 2339 211 2391 cli
254 2340 442 2408 angeli
496 2342 612 2405 Dei,
653 2358 793 2411 quos
836 2343 1035 2398 Paulus
1068 2346 1447 2405 ministeriales
1494 2350 1722 2418 spiritus

149 2429 365 2497 appellat
397 2432 469 2486 ad
513 2434 878 2489 ministerium
907 2437 1227 2501 destinatos,
1257 2448 1477 2509 propter
1506 2459 1601 2496 eos
1631 2444 1719 2511 qui

150 2526 515 2581 hereditatem
568 2532 787 2598 capiunt
833 2532 885 2585 in
938 2533 1165 2587 salutem
1216 2534 1286 2588 ”.
1342 2538 1497 2605 Apud
1545 2538 1719 2606 ipsum

148 2634 349 2686 quoque
403 2631 661 2675 sanctum
706 2622 932 2678 Paulum
987 2627 1311 2692 invenimus,
1362 2630 1547 2682 nescio
1578 2631 1721 2684 unde

151 2723 469 2775 sementem,
525 2714 1000 2781 cognominautem
1034 2726 1213 2769 tamen
1246 2720 1507 2787 quasdam
1542 2720 1718 2782 sedes,

150 2815 195 2857 et
232 2804 663 2868 dominationes,
714 2818 769 2861 et
807 2807 1168 2877 principatus,
1201 2819 1255 2863 et
1300 2820 1617 2877 potestates,
1668 2819 1723 2865 et

149 2906 252 2963 post
282 2898 766 2951 enumerationem
802 2900 1019 2963 horum,
1046 2900 1191 2965 velut
1236 2900 1340 2953 alia
1372 2904 1548 2956 adhuc
1576 2919 1722 2969 quie-

152 2995 255 3042 dam
286 2991 647 3045 rationabdia
680 2992 861 3047 ollicia
889 3004 1052 3063 atque
1079 2994 1300 3049 ordines
1334 3010 1454 3049 esse
1484 2998 1723 3052 sentiens

150 3094 328 3148 praeter
375 3097 477 3137 eos
509 3099 650 3152 quos
692 3101 853 3155 supra
896 3087 1129 3153 dixerat,
1164 3089 1239 3140 ait
1275 3089 1341 3141 de
1387 3088 1671 3146 Salvatore
1706 3114 1717 3147 :

155 3190 171 3221 ι
203 3172 292 3239 Qui
342 3183 433 3227 est
487 3189 655 3243 Super
699 3192 916 3230 omnem
952 3178 1338 3247 principatum,
1386 3192 1439 3234 et
1484 3191 1723 3249 potesta-
1750 3211 1794 3272 ρ

154 3278 265 3327 tetu,
286 3276 343 3319 et
379 3268 664 3331 virtutem,
688 3280 743 3323 et
770 3271 1228 3335 dominationem,
1256 3283 1310 3327 et
1333 3290 1493 3329 omne
1525 3294 1721 3332 nomen

149 3359 272 3425 quod
294 3363 624 3413 nominatur
648 3376 753 3413 non
783 3363 955 3416 solum
984 3364 1035 3416 in
1064 3365 1166 3417 hoc
1192 3365 1410 3432 sazculo,
1444 3368 1537 3421 sed
1562 3370 1723 3423 etiam

153 3449 196 3501 in
220 3449 405 3502 futuro
430 3450 500 3501 “.
544 3470 564 3503 ι
609 3451 684 3504 Ex
721 3467 827 3519 quo
857 3453 1107 3507 videlicet
1140 3457 1381 3509 ostendit
1425 3472 1547 3512 esse
1576 3475 1723 3527 quze-

151 3540 256 3593 dam
273 3554 480 3610 praeter
495 3542 607 3596 inec
624 3560 745 3613 qua:
762 3546 1230 3610 commemoravit,
1249 3562 1367 3614 qua:
1382 3549 1726 3604 nominentur

150 3635 353 3702 quidem
393 3637 445 3689 in
486 3638 590 3691 hoc
627 3638 853 3700 smculo,
887 3655 993 3692 non
1032 3648 1208 3693 tamen
1257 3642 1324 3694 ab
1356 3643 1469 3710 ipso
1499 3659 1723 3698 eumne-

154 3735 253 3778 rata
286 3743 436 3781 nunc
473 3729 702 3791 fuerint,
748 3728 887 3783 forte
928 3745 1030 3785 nec
1063 3731 1133 3783 ab
1183 3731 1293 3785 aiio
1337 3733 1521 3802 aliquo
1564 3734 1725 3787 intel-

152 3820 319 3874 lecta:
354 3836 482 3874 esse
512 3836 644 3875 vero
691 3822 798 3874 alia
835 3839 956 3889 qua:
993 3825 1045 3877 in
1102 3824 1205 3879 hoc
1255 3826 1454 3879 δίρρυίο
1503 3827 1722 3895 quidem

154 3927 245 3966 nou
289 3914 675 3971 nominentur.
708 3915 761 3969 in
796 3916 980 3969 futuro
1008 3916 1121 3987 (12)
1156 3928 1334 3973 tamen
1370 3921 1725 3976 nominabun-

153 4013 247 4059 tur.

211 4096 264 4150 2.
306 4096 463 4152 Nunc
517 4097 714 4152 deinde
760 4098 1040 4151 sciendum
1069 4105 1175 4163 est,
1217 4100 1341 4167 quia
1375 4114 1537 4154 omne
1581 4101 1721 4169 quod

155 4191 463 4243 rationabile
517 4201 640 4254 est,
692 4200 747 4243 et
804 4190 1033 4245 rationis
1091 4192 1353 4245 terminos
1409 4202 1724 4260 statutaque

155 4282 411 4345 declinat,
466 4284 587 4337 sine
656 4282 822 4336 dubio
889 4298 983 4350 per
1036 4284 1535 4351 przemricationetn
1592 4284 1720 4338 recti

153 4375 375 4444 iustique
403 4376 647 4429 ellicitur
683 4376 736 4428 in
772 4386 1017 4444 peccato.
1053 4374 1147 4427 list
1195 4391 1328 4445 ergo
1361 4377 1539 4429 omnis
1570 4393 1723 4429 crea-

158 4476 260 4519 tura
302 4468 646 4520 rationabilis
684 4469 859 4521 laudis
891 4477 946 4521 et
991 4468 1163 4537 Culpa!
1193 4484 1401 4537 capax;
1453 4468 1646 4532 laudis,
1675 4468 1720 4521 si

1825 605 2239 672 subjacet.Quod
2256 604 2417 657 etiam
2433 602 2496 654 de
2510 601 2629 670 ipso
2641 598 2914 652 diaboloet
2934 598 3017 649 his
3032 598 3121 664 qui
3141 610 3257 649 cum
3278 596 3403 661 ipso

1826 708 1948 752 Sttttl
1973 711 2018 749 et
2040 698 2293 752 dicuntur
2309 697 2425 765 ejus
2451 694 2646 762 angeli,
2673 690 3008 745 sentiendum
3029 700 3110 743 est
3129 689 3259 757 (l5).
3288 688 3394 742 Ex-

1824 790 2087 858 poueudzn
2122 798 2297 840 tamen
2333 796 2458 840 sunt
2485 785 2647 839 etiam
2672 778 3059 851 appellationes
3089 795 3299 841 eorum,
3337 785 3401 831 ut.

1825 880 2059 933 St‘ialtttts
2078 895 2195 945 qua?
2226 880 2333 931 sint
2354 878 2451 931 ista
2476 878 2541 931 de
2558 875 2754 945 quibus
2781 888 2962 926 sermo
2988 873 3140 926 uobis
3175 886 3393 926 moven—

1825 972 1925 1026 dus
1958 981 2059 1023 est.
2096 970 2295 1023 Diaboli
2327 970 2488 1038 igitur
2513 984 2729 1028 nomen.
2752 977 2803 1021 et
2832 968 3064 1029 Satanas,
3089 974 3142 1018 et
3170 963 3393 1030 maligni

1827 1062 1879 1116 in
1905 1063 2087 1115 multis
2119 1061 2409 1127 Scriptura:
2433 1060 2564 1112 locis
2598 1058 2929 1125 designatur,
2962 1056 3053 1125 qui
3076 1056 3399 1109 etinimicus

1835 1155 1927 1209 Dei
1962 1167 2082 1207 esse
2115 1151 2457 1204 describitur.
2494 1147 2713 1201 Necnon
2743 1156 2791 1199 et
2832 1148 3047 1213 quidam
3073 1146 3246 1214 angeli
3284 1145 3401 1197 dia-

1828 1248 1934 1301 boli
1989 1249 2355 1305 nominantur,
2390 1243 2482 1296 sed
2531 1253 2586 1295 et
2618 1246 2868 1309 princeps
2904 1242 3014 1308 (14)
3059 1238 3241 1293 mumli
3298 1238 3398 1290 liu-

1821 1336 1939 1406 jus,
1993 1336 2082 1403 qui
2131 1345 2310 1386 tttrum
2363 1333 2476 1401 ipse
2529 1334 2602 1387 sit
2649 1334 2897 1386 diabolus
2944 1348 3011 1383 an
3065 1332 3203 1382 alius
3248 1330 3395 1397 quis,

1828 1427 2064 1480 nondum
2094 1424 2375 1477 manifeste
2400 1423 2730 1477 declaratum
2758 1434 2860 1477 est.
2880 1422 3157 1488 Principes
3181 1432 3398 1487 quoque

1828 1518 1989 1585 hujus
2015 1518 2196 1570 mundi
2234 1519 2454 1587 quidam
2486 1517 2740 1569 dicuntur
2769 1515 3085 1583 Sapientiam
3109 1512 3395 1579 quamdam

1827 1612 2091 1666 habentes
2121 1625 2240 1678 qua:
2284 1610 2626 1670 destruetur;
2660 1608 2751 1661 sed
2790 1618 2969 1659 utrum
3006 1606 3105 1674 ipsi
3144 1606 3252 1657 siut
3306 1604 3395 1657 isti

1828 1706 2136 1773 principes,
2186 1704 2277 1772 qtti
2332 1712 2386 1756 et
2436 1702 2512 1755 illi
2568 1712 2692 1754 sunt
2752 1701 3084 1767 principatus
3131 1698 3397 1751 adversus

1830 1815 1965 1866 quos
1997 1798 2150 1850 nobis
2188 1806 2272 1849 est
2317 1796 2649 1857 colluctatio,
2697 1808 2764 1846 au
2797 1793 2886 1844 alii
2937 1792 3068 1854 sint,
3101 1807 3205 1844 non
3239 1789 3399 1843 facile

1832 1891 1961 1944 mihi
2000 1889 2067 1942 ab
2117 1890 2295 1958 aliquo
2330 1889 2785 1957 pronuntiatulum
2813 1887 3041 1940 videtur.
3076 1884 3205 1937 Post
3245 1882 3395 1950 prin-

1821 1986 2032 2051 cipatus
2064 1993 2268 2049 autem,
2303 1982 2465 2035 etiam
2502 1991 2797 2049 potestates
2830 1982 3076 2048 quantum
3116 1977 3398 2029 nominum

1822 2088 1910 2131 tur
1966 2078 2226 2131 adversus
2274 2092 2411 2146 quas
2458 2074 2774 2131 colluctatio
2821 2072 2975 2126 nobis
3013 2081 3118 2136 est,
3164 2079 3218 2123 et
3259 2084 3397 2136 agon

1826 2167 2056 2237 geritur,
2108 2169 2202 2221 sed
2254 2177 2307 2220 et
2340 2167 2602 2221 adversus
2651 2167 2925 2236 principes
2979 2162 3163 2215 mundi
3215 2158 3400 2225 hujus,

1823 2269 1877 2312 et
1899 2269 2137 2313 rectores
2161 2258 2501 2311 tenebrarum
2536 2256 2723 2309 harum
2752 2272 2766 2321 ;
2791 2255 3031 2323 quietiam
3054 2252 3215 2306 etiam
3241 2249 3401 2318 spiri-

1824 2352 1952 2405 talia
1973 2350 2187 2403 malitia:
2207 2351 2257 2403 iii
2282 2352 2587 2404 cmlestbus
2608 2350 2675 2402 ah
2702 2349 2814 2415 ipso
2838 2345 3003 2399 Paulo
3026 2344 3395 2398 nominantur.

1822 2444 1963 2511 Quid
2016 2454 2196 2497 autem
2248 2443 2537 2497 dicendum
2594 2450 2675 2494 est
2738 2441 2903 2493 etiam
2956 2438 3022 2490 de
3069 2430 3400 2504 spiritalibus

1823 2537 2077 2607 malignis
2109 2535 2220 2608 (l5)
2251 2544 2304 2589 et
2332 2534 2665 2588 daemonibus
2696 2530 2986 2583 immundis
3028 2526 3117 2596 qui
3147 2525 3199 2577 in
3232 2522 3403 2575 Evan-

1826 2630 1985 2701 geliis
2034 2627 2419 2684 nominantur?
2472 2623 2607 2678 Tum
2658 2622 2769 2693 66
2816 2620 3010 2674 deinde
3052 2615 3397 2685 appellantur

1824 2724 1989 2777 etiam
2042 2722 2290 2790 quiedatu
2341 2718 2504 2771 simili
2556 2716 2773 2768 nomine
2821 2711 3087 2773 cmlestia,
3137 2708 3229 2761 sed
3277 2719 3399 2774 qua:

1826 2816 2081 2869 dicuntur
2122 2828 2259 2882 genu
2289 2808 2525 2870 ﬂectere,
2567 2807 2648 2859 vel
2691 2822 2811 2858 esse
2839 2804 3046 2857 ﬂexura
3098 2802 3148 2853 in
3181 2798 3400 2851 nomine

1827 2903 1975 2967 Jesu,
2018 2905 2109 2957 sed
2139 2913 2193 2957 et
2233 2901 2511 2956 terrestria
2548 2912 2603 2954 et
2635 2898 2845 2952 inferna
2877 2910 2996 2964 quae
3028 2908 3124 2960 per
3153 2892 3396 2945 ordinem

1826 2996 2027 3051 Paulus
2061 2996 2105 3028 ⁸⁸
2152 3003 2438 3047 enumerat
2474 2991 2608 3060 (ιϐ).
2662 2991 2718 3043 In
2765 3004 2831 3042 eo
2882 3002 3011 3040 sane
3057 2985 3174 3037 loco
3208 2986 3399 3053 inquo

1828 3090 1894 3143 de
1945 3086 2301 3141 rationalibus
2356 3085 2566 3138 naturis
2619 3082 2961 3141 disserimus,
3017 3078 3247 3130 reticere
3293 3090 3400 3127 non

1827 3182 2104 3243 convent,
2139 3194 2239 3232 nec
2271 3179 2337 3231 de
2382 3177 2537 3230 nobis
2581 3175 2795 3241 quidem
2831 3171 3142 3226 hominibus
3165 3170 3256 3238 qui
3291 3171 3401 3219 titi-

1832 3288 1939 3341 que
1965 3271 2283 3324 rationabile
2316 3268 2513 3322 animal
2545 3282 2667 3321 esse
2700 3265 2965 3329 dicimur;
3022 3262 3116 3316 sed
3162 3276 3228 3315 ne
3273 3259 3403 3314 illud

1832 3365 2050 3435 quidem
2099 3362 2270 3417 otiose
2315 3359 2749 3430 praetereumlutn
2796 3367 2902 3417 est,
2934 3354 3079 3423 quod
3128 3355 3293 3406 etiam
3332 3353 3400 3403 de

1832 3458 1989 3513 nobis
2014 3455 2145 3523 ipsis
2193 3454 2504 3508 hominibus
2554 3449 2751 3504 diversi
2783 3449 3006 3516 quidam
3054 3446 3275 3500 ordines
3305 3460 3404 3497 no-

1832 3551 2129 3611 minantur,
2175 3562 2296 3601 cutn
2348 3546 2597 3599 dicitur:
2656 3561 2676 3593 ‹
2732 3540 2865 3594 Pars
2909 3539 3118 3594 Domini
3172 3536 3403 3605 populus

1832 3643 1947 3713 ejus
1974 3640 2161 3705 Iacob,
2188 3639 2457 3692 funiculus
2486 3634 2818 3690 liaareditatis
2847 3632 2963 3696 eius
2992 3629 3185 3687 Israel.
3216 3648 3235 3682 ι
3268 3628 3402 3681 Pars

1831 3746 2011 3788 autem
2062 3731 2374 3799 angelorum
2410 3729 2663 3781 dicuntur
2692 3735 2905 3778 caetera:
2950 3723 3218 3783 nationes,
3266 3735 3403 3790 quo-

1831 3828 1977 3881 niani
2012 3826 2228 3893 quidem
2267 3841 2285 3875 ι
2344 3838 2468 3877 cum
2502 3822 2766 3873 divideret
2819 3816 3075 3873 Excelsus
3115 3827 3303 3882 gentes
3348 3824 3404 3868 et

1830 3921 2171 3989 diSpergeret
2203 3916 2341 3971 lilios
2387 3916 2587 3978 Adam,
2640 3914 2831 3967 statuit
2870 3906 3002 3965 lines
3035 3910 3272 3977 gentium
3319 3923 3404 3962 se-

1830 4017 2063 4066 cundum
2125 4025 2409 4063 numerum
2458 4008 2772 4076 angi-lorum
2825 4005 2917 4059 Dei
2940 4004 3049 4057 ⁸⁸.)
3084 4003 3147 4056 Et
3195 4001 3404 4055 idcirco

1830 4118 1951 4157 cum
2001 4102 2214 4155 caeteris
2263 4100 2621 4154 rationalibus
2674 4097 2787 4167 (t7)
2833 4096 3043 4150 naturis
3086 4095 3250 4149 etiam
3296 4092 3401 4147 hu-

1816 4210 2005 4247 mana:
2036 4193 2228 4247 aniuue
2266 4193 2406 4246 ratio
2437 4192 2761 4259 pervideuda
2805 4199 2907 4244 est.

1899 4288 1956 4342 5.
2000 4286 2164 4356 Igitur
2198 4295 2275 4338 tot
2300 4296 2353 4339 et
2386 4286 2553 4338 tantis
2584 4284 2836 4337 ordinum
2868 4280 3277 4348 olliciorutnque
3304 4294 3406 4333 no-

1830 4382 2068 4435 minibus
2100 4380 2523 4449 coguouiinatis,
2570 4376 2764 4445 quibus
2800 4385 3008 4428 certum
3052 4384 3136 4429 est
3179 4377 3405 4428 subesse

1832 4474 2206 4535 substantias,
2260 4472 2642 4538 requirendum
2687 4480 2771 4522 est
2828 4479 3006 4521 utrttni
3052 4466 3305 4521 conditor
3347 4472 3404 4519 et

153 4565 433 4615 secmnium
482 4563 755 4616 rationem
789 4578 949 4629 quam
999 4562 1049 4615 in
1083 4579 1141 4616 se
1172 4564 1356 4627 habet,
1388 4563 1455 4615 ad
1498 4562 1718 4616 meliora
1756 4571 1798 4625 D
1828 4576 2042 4619 creator
2072 4564 2312 4615 uinnium
2351 4562 2511 4625 Dens,
2544 4562 2807 4629 quosdam
2850 4559 3069 4628 quidem
3115 4573 3179 4610 ex
3214 4556 3297 4609 his
3324 4554 3400 4608 ita

154 4654 419 4724 proﬁciat;
451 4657 649 4726 culpae,
685 4656 730 4710 si
764 4657 1029 4711 rationem
1067 4656 1207 4711 reeti
1246 4662 1594 4726 terroremque
1626 4658 1724 4710 de-

216 4799 609 4866 "lieb.t,14.
686 4800 733 4832 οι
806 4798 1182 4869 Ephes.t,2|.
1258 4801 1303 4832 οι
1330 4798 1527 4868 Philip.
1557 4804 1731 4867 ".10.

216 4938 284 5008 l9)
314 4938 487 4992 Caute
535 4938 829 4992 admodum
883 4938 1170 5007 legendum
1218 4937 1430 4991 esthoc
1466 4938 1711 5006 quintum

157 5020 318 5072 caput.
365 5025 468 5062 nec
500 5027 608 5062 non
642 5024 876 5076 Sequens
922 5017 1157 5069 sextum,
1190 5008 1391 5076 quippe
1440 5011 1526 5061 ubi
1578 5011 1713 5064 nihil

158 5078 255 5133 lere
285 5093 358 5132 est
385 5083 533 5143 quod
567 5096 595 5132 .1
623 5080 905 5132 Culltttlit'a:
938 5079 1056 5131 litlei
1090 5095 1276 5131 narnta
1330 5095 1438 5132 non
1470 5082 1713 5143 recedat;

161 5167 244 5199 nec
276 5151 645 5203 excusationis
682 5150 858 5202 locum
901 5150 1065 5203 ullttnt
1099 5152 1321 5201 traheret
1353 5150 1634 5217 Origenes,
1669 5154 1712 5204 si

160 5220 255 5269 hec
300 5237 399 5273 non
445 5238 464 5269 ι
496 5236 620 5273 cum
658 5235 852 5287 magno
886 5233 1026 5273 metu
1073 5231 1128 5273 et
1170 5219 1406 5279 cautela,
1443 5240 1462 5271 ι
1504 5230 1559 5270 ut
1592 5238 1714 5275 mox

159 5290 374 5343 dicturus
403 5302 509 5347 est.
533 5292 839 5343 discutiens
872 5291 1041 5359 magis
1068 5302 1119 5343 et
1142 5300 1488 5359 pertractans
1511 5307 1528 5340 ι
1554 5306 1714 5359 quant

160 5375 241 5423 pro
266 5373 408 5413 certo
445 5378 508 5414 ac
542 5363 774 5414 deliuito
809 5379 827 5412 ο
860 5362 1159 5415 statuisset.

222 5430 317 5499 (to)
357 5434 533 5491 Alias,
577 5451 594 5481 ι
637 5441 695 5481 ιιι
723 5432 828 5482 hic.
870 5449 890 5482 ι

222 5502 320 5570 (tt)
354 5500 411 5554 ln
444 5504 610 5555 editis
646 5501 803 5554 libris
852 5501 1020 5567 deest,
1050 5519 1068 5551 ι
1117 5515 1259 5567 quae,
1307 5518 1326 5552 ι
1371 5508 1425 5555 et
1458 5510 1716 5571 prccterea

160 5566 518 5623 Gein-hrardus
546 5573 777 5629 edidit,‘
820 5587 915 5639 pro
948 5566 1190 5625 virilibus
1223 5566 1501 5625 nostriin

163 5717 182 5763 ι
222 5640 320 5720 (is)
358 5642 421 5695 In
475 5644 685 5710 futuro.
733 5642 895 5695 Deest
942 5643 994 5695 in
1027 5642 1156 5696 libb.
1193 5642 1376 5706 editis,
1418 5642 1511 5697 sed
1550 5642 1715 5697 liabe-

185 5728 235 5760 'lf
267 5728 311 5761 ιιι
343 5730 464 5763 lll‘S.

185 5728 235 5760 ἸΙ
267 5728 311 5761 ιιι
343 5730 464 5766 lll‘S.

226 5782 327 5849 (l5)
358 5785 443 5836 Sic
476 5797 611 5837 mss.
644 5781 824 5846 Alias,
858 5799 876 5833 ι
915 5783 1189 5839 sciendum
1229 5791 1329 5837 est.
1373 5801 1392 5834 ι

226 5852 325 5923 (ιι)
364 5852 635 5925 Princeps.
667 5851 763 5910 Sic
819 5864 962 5910 recte
1007 5869 1174 5921 mss.;
1218 5854 1357 5909 male
1400 5867 1527 5911 vero
1572 5852 1703 5914 libb.

1833 4656 2041 4717 fecerit,
2071 4665 2286 4709 sanctos
2316 4669 2381 4708 ac
2410 4652 2618 4717 beatos,
2655 4662 2712 4707 ut
2745 4652 2879 4706 nihil
2920 4650 3130 4721 possint
3156 4648 3403 4719 recipere

1808 4803 1853 4835 "
1881 4802 2037 4856 Deut.
2062 4815 2236 4865 xxx",
2260 4799 2315 4865 8,
2340 4798 2394 4855 9.

1822 4939 1979 5000 editi,
2013 4958 2031 4991 ‹
2071 4938 2367 5005 principes.
2422 4954 2442 4987 ι
2479 4934 2600 4988 Mox
2632 4948 2792 4998 mss.,
2831 4949 2853 5005 ι
2885 4930 3155 5005 principes
3187 4944 3400 5005 quoque

1824 5011 1978 5074 hujus
2000 5002 2181 5063 mundi
2208 5002 2449 5076 quidam.
2468 5025 2485 5056 ι
2513 5005 2741 5076 litantea
2770 5020 2800 5057 e
2824 5002 2932 5055 litis
2956 5018 3053 5071 pro
3076 5002 3346 5076 «quidam
3379 5026 3394 5076 ε

1828 5072 2027 5147 legitur
2063 5099 2081 5130 ι
2122 5072 2360 5147 quidem.
2424 5096 2441 5128 ι
2501 5075 2813 5147 ltil't':rliltl).
2851 5085 3009 5125 antea
3059 5072 3210 5147 editi,
3248 5088 3266 5120 ‹
3308 5072 3403 5125 sed

1828 5143 2009 5202 utrum
2040 5143 2286 5203 isti-sunt
2308 5148 2580 5218 principes
2615 5145 2686 5198 illi
2719 5146 2809 5214 qui
2842 5154 2966 5198 sunt
2994 5143 3399 5211 principatus...

1826 5236 1893 5275 an
1930 5221 2017 5272 atii
2058 5231 2201 5272 sunt.
2238 5238 2257 5270 ι

1897 5290 2008 5361 (15)
2047 5291 2137 5361 Sic
2174 5304 2325 5350 mss.;
2363 5286 2493 5341 libb.
2514 5285 2670 5351 editi,
2707 5302 2725 5335 ι
2761 5283 3041 5361 spiritibus
3066 5283 3399 5361 malignis”

1826 5364 1841 5433 ’ί
1897 5354 2009 5433 (lli)
2051 5360 2177 5415 l’ost
2218 5381 2234 5409 ι
2272 5357 2938 5433 eituttterait,_[continua
2969 5354 3113 5433 serie
3149 5371 3249 5408 ιιι-(ι
3295 5355 3400 5433 ulla

1829 5426 2145 5497 interposita
2201 5431 2401 5498 virgula
2454 5429 2506 5481 iit
2559 5428 2709 5480 libris
2764 5427 2925 5479 editis
2972 5426 3224 5498 legitur:
3274 5443 3292 5475 ι
3348 5426 3402 5478 lit

1827 5501 1945 5555 loco
1972 5494 2102 5554 sane
2130 5503 2181 5553 iu
2213 5494 2319 5571 quo
2347 5502 2412 5552 de
2440 5499 2780 5552 naturalibus
2806 5496 3014 5571 naturis
3047 5494 3397 5571 disseremus,

1827 5574 2057 5626 reticere
2099 5588 2202 5625 nou
2232 5565 2507 5633 convenit,
2542 5586 2663 5622 cum
2696 5570 2763 5621 de
2794 5566 2946 5619 nobis
2968 5566 3186 5634 quidem
3226 5565 3397 5618 liomi.

1825 5645 1984 5695 nibus
2013 5643 2105 5710 qui
2142 5642 2329 5705 utique
2377 5640 2695 5694 rationabile
2735 5638 2934 5710 animal
2974 5650 3097 5691 esse
3138 5636 3396 5710 dicimur,

1824 5706 2295 5781 pertractabimus.
2346 5711 2451 5765 Sed
2505 5726 2569 5763 ne
2619 5709 2751 5763 illud
2805 5708 3046 5777 quidem,
3096 5724 3115 5758 ι
3163 5716 3269 5761 etc.
3324 5706 3400 5762 At

1826 5799 1956 5837 mss.
1992 5792 2048 5835 ut
2077 5784 2128 5836 in
2162 5793 2348 5837 nostro
2381 5792 2553 5837 textu.

1887 5852 1997 5924 (l7)
2030 5851 2108 5909 lta
2142 5869 2269 5912 mss.
2304 5853 2471 5923 Alias,
2510 5871 2529 5907 ι
2565 5848 3045 5909 irrationabilibus.
3084 5865 3105 5903 ι
