  <div class='ocr_page' id='page_1' title='image "/cluster/home/n/w/nwhite01/storage/ocr_20150623/11/hvd.32044024345175/085.png"; bbox 0 0 4064 6414; ppageno 0'>
   <div class='ocr_carea' id='block_1_1' title="bbox 584 5036 668 5070">
    <p class='ocr_par' dir='ltr' id='par_1_1' title="bbox 584 5036 668 5070">
     <span class='ocr_line' id='line_1_1' title="bbox 584 5036 668 5070; baseline 0 0"><span class='ocrx_word' id='word_1_1' title='bbox 584 5036 594 5044; x_wconf 85' lang='grc'>⁶</span> <span class='ocrx_word' id='word_1_2' title='bbox 635 5043 668 5070; x_wconf 76' lang='grc' dir='ltr'>-ι</span> 
     </span>
    </p>
   </div>
   <div class='ocr_carea' id='block_1_2' title="bbox 648 351 748 408">
    <p class='ocr_par' dir='ltr' id='par_1_2' title="bbox 648 351 748 408">
     <span class='ocr_line' id='line_1_2' title="bbox 648 351 748 408; baseline 0.02 -2"><span class='ocrx_word' id='word_1_3' title='bbox 648 351 748 408; x_wconf 66' lang='grc'><strong>130</strong></span> 
     </span>
    </p>
   </div>
   <div class='ocr_carea' id='block_1_3' title="bbox 1900 345 2207 404">
    <p class='ocr_par' dir='ltr' id='par_1_3' title="bbox 1900 346 2207 403">
     <span class='ocr_line' id='line_1_3' title="bbox 1900 346 2207 403; baseline 0.003 -1"><span class='ocrx_word' id='word_1_4' title='bbox 1900 346 2207 403; x_wconf 72' lang='grc' dir='ltr'>οιιιϐΕΝιε</span> 
     </span>
    </p>
   </div>
   <div class='ocr_carea' id='block_1_4' title="bbox 2314 345 3866 404">
    <p class='ocr_par' dir='ltr' id='par_1_4' title="bbox 2314 345 3866 404">
     <span class='ocr_line' id='line_1_4' title="bbox 2314 345 3866 404; baseline 0.001 -2"><span class='ocrx_word' id='word_1_5' title='bbox 2314 349 2416 403; x_wconf 87' lang='lat' dir='ltr'><strong>EPI</strong></span> <span class='ocrx_word' id='word_1_6' title='bbox 2455 349 2686 404; x_wconf 78' lang='grc' dir='ltr'><strong>ΑΡΧΩΝ</strong></span> <span class='ocrx_word' id='word_1_7' title='bbox 3778 345 3866 403; x_wconf 73' lang='grc'><strong>160</strong></span> 
     </span>
    </p>
   </div>
   <div class='ocr_carea' id='block_1_5' title="bbox 640 467 3870 542">
    <p class='ocr_par' dir='ltr' id='par_1_5' title="bbox 640 467 3870 542">
     <span class='ocr_line' id='line_1_5' title="bbox 640 467 3870 542; baseline -0.001 -15"><span class='ocrx_word' id='word_1_8' title='bbox 640 470 862 527; x_wconf 79' lang='lat' dir='ltr'><strong>omnino</strong></span> <span class='ocrx_word' id='word_1_9' title='bbox 907 473 1236 528; x_wconf 84' lang='lat' dir='ltr'><strong>contrarium</strong></span> <span class='ocrx_word' id='word_1_10' title='bbox 1280 469 1426 542; x_wconf 84' lang='lat' dir='ltr'><strong>(l8);</strong></span> <span class='ocrx_word' id='word_1_11' title='bbox 1481 479 1536 526; x_wconf 90' lang='lat' dir='ltr'><strong>et</strong></span> <span class='ocrx_word' id='word_1_12' title='bbox 1576 471 1835 538; x_wconf 87' lang='lat' dir='ltr'><strong>quosdam</strong></span> <span class='ocrx_word' id='word_1_13' title='bbox 1891 472 1962 524; x_wconf 90' lang='lat' dir='ltr'><strong>ita</strong></span> <span class='ocrx_word' id='word_1_14' title='bbox 2015 471 2204 527; x_wconf 92' lang='lat' dir='ltr'><strong>fecerit</strong></span> <span class='ocrx_word' id='word_1_15' title='bbox 2233 477 2279 532; x_wconf 83' lang='grc' dir='ltr'><strong>Α</strong></span> <span class='ocrx_word' id='word_1_16' title='bbox 2307 488 2371 526; x_wconf 78' lang='lat' dir='ltr'><strong>ex</strong></span> <span class='ocrx_word' id='word_1_17' title='bbox 2401 473 2760 541; x_wconf 84' lang='lat' dir='ltr'><strong>perversitate</strong></span> <span class='ocrx_word' id='word_1_18' title='bbox 2811 471 3096 540; x_wconf 75' lang='lat' dir='ltr'><strong>propositi,</strong></span> <span class='ocrx_word' id='word_1_19' title='bbox 3144 470 3240 526; x_wconf 88' lang='lat' dir='ltr'><strong>sed</strong></span> <span class='ocrx_word' id='word_1_20' title='bbox 3295 484 3361 526; x_wconf 81' lang='lat' dir='ltr'><strong>ex</strong></span> <span class='ocrx_word' id='word_1_21' title='bbox 3408 467 3736 526; x_wconf 78' lang='lat' dir='ltr'><strong>conditionis</strong></span> <span class='ocrx_word' id='word_1_22' title='bbox 3781 484 3870 523; x_wconf 84' lang='lat' dir='ltr'><strong>ne-</strong></span> 
     </span>
    </p>
   </div>
   <div class='ocr_carea' id='block_1_6' title="bbox 643 561 2210 634">
    <p class='ocr_par' dir='ltr' id='par_1_6' title="bbox 643 561 2210 634">
     <span class='ocr_line' id='line_1_6' title="bbox 643 561 2210 634; baseline 0.001 -18"><span class='ocrx_word' id='word_1_23' title='bbox 643 575 703 618; x_wconf 92' lang='lat' dir='ltr'><strong>ut</strong></span> <span class='ocrx_word' id='word_1_24' title='bbox 742 566 950 634; x_wconf 91' lang='lat' dir='ltr'><strong>possint</strong></span> <span class='ocrx_word' id='word_1_25' title='bbox 994 575 1101 618; x_wconf 91' lang='lat' dir='ltr'><strong>tam</strong></span> <span class='ocrx_word' id='word_1_26' title='bbox 1149 563 1363 616; x_wconf 88' lang='lat' dir='ltr'><strong>virtutis</strong></span> <span class='ocrx_word' id='word_1_27' title='bbox 1407 577 1567 628; x_wconf 87' lang='lat' dir='ltr'><strong>quam</strong></span> <span class='ocrx_word' id='word_1_28' title='bbox 1616 561 1837 616; x_wconf 69' lang='lat' dir='ltr'><strong>malitiae</strong></span> <span class='ocrx_word' id='word_1_29' title='bbox 1877 562 2014 617; x_wconf 79' lang='lat' dir='ltr'><strong>eliici</strong></span> <span class='ocrx_word' id='word_1_30' title='bbox 2047 578 2210 632; x_wconf 85' lang='lat' dir='ltr'><strong>capa-</strong></span> 
     </span>
    </p>
   </div>
   <div class='ocr_carea' id='block_1_7' title="bbox 642 655 2207 726">
    <p class='ocr_par' dir='ltr' id='par_1_7' title="bbox 642 655 2207 726">
     <span class='ocr_line' id='line_1_7' title="bbox 642 655 2207 726; baseline 0 -16"><span class='ocrx_word' id='word_1_31' title='bbox 642 671 734 711; x_wconf 90' lang='lat' dir='ltr'><strong>ces</strong></span> <span class='ocrx_word' id='word_1_32' title='bbox 764 657 908 726; x_wconf 88' lang='lat' dir='ltr'><strong>(i9);</strong></span> <span class='ocrx_word' id='word_1_33' title='bbox 938 667 1029 710; x_wconf 90' lang='lat' dir='ltr'><strong>aut</strong></span> <span class='ocrx_word' id='word_1_34' title='bbox 1059 657 1099 710; x_wconf 87' lang='lat' dir='ltr'><strong>si</strong></span> <span class='ocrx_word' id='word_1_35' title='bbox 1141 657 1432 723; x_wconf 90' lang='lat' dir='ltr'><strong>putandum</strong></span> <span class='ocrx_word' id='word_1_36' title='bbox 1479 664 1565 708; x_wconf 92' lang='lat' dir='ltr'><strong>est</strong></span> <span class='ocrx_word' id='word_1_37' title='bbox 1606 655 1747 722; x_wconf 93' lang='lat' dir='ltr'><strong>quod</strong></span> <span class='ocrx_word' id='word_1_38' title='bbox 1779 656 1918 710; x_wconf 87' lang='lat' dir='ltr'><strong>alios</strong></span> <span class='ocrx_word' id='word_1_39' title='bbox 1955 657 2028 710; x_wconf 89' lang='lat' dir='ltr'><strong>ita</strong></span> <span class='ocrx_word' id='word_1_40' title='bbox 2063 656 2207 712; x_wconf 80' lang='lat' dir='ltr'><strong>fece-</strong></span> 
     </span>
    </p>
   </div>
   <div class='ocr_carea' id='block_1_8' title="bbox 642 746 2209 813">
    <p class='ocr_par' dir='ltr' id='par_1_8' title="bbox 642 746 2209 813">
     <span class='ocr_line' id='line_1_8' title="bbox 642 746 2209 813; baseline 0.004 -15"><span class='ocrx_word' id='word_1_41' title='bbox 642 747 733 807; x_wconf 86' lang='lat' dir='ltr'><strong>rit,</strong></span> <span class='ocrx_word' id='word_1_42' title='bbox 771 757 831 799; x_wconf 85' lang='lat' dir='ltr'><strong>nt</strong></span> <span class='ocrx_word' id='word_1_43' title='bbox 864 747 1082 800; x_wconf 75' lang='lat' dir='ltr'><strong>omnino</strong></span> <span class='ocrx_word' id='word_1_44' title='bbox 1112 746 1397 813; x_wconf 81' lang='lat' dir='ltr'><strong>incapaces</strong></span> <span class='ocrx_word' id='word_1_45' title='bbox 1427 746 1534 799; x_wconf 91' lang='lat' dir='ltr'><strong>sint</strong></span> <span class='ocrx_word' id='word_1_46' title='bbox 1563 747 1629 799; x_wconf 92' lang='lat' dir='ltr'><strong>ad</strong></span> <span class='ocrx_word' id='word_1_47' title='bbox 1680 749 1957 811; x_wconf 85' lang='lat' dir='ltr'><strong>virtutem,</strong></span> <span class='ocrx_word' id='word_1_48' title='bbox 1988 759 2046 803; x_wconf 89' lang='lat' dir='ltr'><strong>et</strong></span> <span class='ocrx_word' id='word_1_49' title='bbox 2074 749 2209 804; x_wconf 85' lang='lat' dir='ltr'><strong>alios</strong></span> 
     </span>
    </p>
   </div>
   <div class='ocr_carea' id='block_1_9' title="bbox 644 838 2208 910">
    <p class='ocr_par' dir='ltr' id='par_1_9' title="bbox 644 838 2208 910">
     <span class='ocr_line' id='line_1_9' title="bbox 644 838 2208 910; baseline 0.005 -20"><span class='ocrx_word' id='word_1_50' title='bbox 644 838 906 892; x_wconf 84' lang='lat' dir='ltr'><strong>malitiam</strong></span> <span class='ocrx_word' id='word_1_51' title='bbox 953 838 1167 905; x_wconf 93' lang='lat' dir='ltr'><strong>quidem</strong></span> <span class='ocrx_word' id='word_1_52' title='bbox 1212 854 1554 907; x_wconf 85' lang='lat' dir='ltr'><strong>nequaquam</strong></span> <span class='ocrx_word' id='word_1_53' title='bbox 1605 857 1765 909; x_wconf 83' lang='lat' dir='ltr'><strong>posse</strong></span> <span class='ocrx_word' id='word_1_54' title='bbox 1803 843 2068 910; x_wconf 77' lang='lat' dir='ltr'><strong>recipere,</strong></span> <span class='ocrx_word' id='word_1_55' title='bbox 2116 858 2208 898; x_wconf 89' lang='lat' dir='ltr'><strong>so-</strong></span> 
     </span>
    </p>
   </div>
   <div class='ocr_carea' id='block_1_10' title="bbox 643 927 2204 1000">
    <p class='ocr_par' dir='ltr' id='par_1_10' title="bbox 643 927 2204 1000">
     <span class='ocr_line' id='line_1_10' title="bbox 643 927 2204 1000; baseline 0.004 -18"><span class='ocrx_word' id='word_1_56' title='bbox 643 927 916 982; x_wconf 91' lang='lat' dir='ltr'><strong>lummodo</strong></span> <span class='ocrx_word' id='word_1_57' title='bbox 956 938 1132 1000; x_wconf 86' lang='lat' dir='ltr'><strong>autem</strong></span> <span class='ocrx_word' id='word_1_58' title='bbox 1185 945 1343 998; x_wconf 88' lang='lat' dir='ltr'><strong>posse</strong></span> <span class='ocrx_word' id='word_1_59' title='bbox 1394 931 1444 984; x_wconf 92' lang='lat' dir='ltr'><strong>in</strong></span> <span class='ocrx_word' id='word_1_60' title='bbox 1471 932 1804 988; x_wconf 76' lang='lat' dir='ltr'><strong>beatitudine</strong></span> <span class='ocrx_word' id='word_1_61' title='bbox 1846 949 2204 1000; x_wconf 83' lang='lat' dir='ltr'><strong>permanere;</strong></span> 
     </span>
    </p>
   </div>
   <div class='ocr_carea' id='block_1_11' title="bbox 641 1021 2212 1096">
    <p class='ocr_par' dir='ltr' id='par_1_11' title="bbox 641 1021 2212 1096">
     <span class='ocr_line' id='line_1_11' title="bbox 641 1021 2212 1096; baseline 0.004 -22"><span class='ocrx_word' id='word_1_62' title='bbox 641 1021 776 1076; x_wconf 89' lang='lat' dir='ltr'><strong>alios</strong></span> <span class='ocrx_word' id='word_1_63' title='bbox 811 1037 939 1075; x_wconf 90' lang='lat' dir='ltr'><strong>vero</strong></span> <span class='ocrx_word' id='word_1_64' title='bbox 987 1023 1122 1076; x_wconf 81' lang='lat' dir='ltr'><strong>tales</strong></span> <span class='ocrx_word' id='word_1_65' title='bbox 1161 1025 1254 1092; x_wconf 93' lang='lat' dir='ltr'><strong>qui</strong></span> <span class='ocrx_word' id='word_1_66' title='bbox 1306 1026 1512 1092; x_wconf 85' lang='lat' dir='ltr'><strong>possint</strong></span> <span class='ocrx_word' id='word_1_67' title='bbox 1557 1035 1788 1096; x_wconf 91' lang='lat' dir='ltr'><strong>utraque</strong></span> <span class='ocrx_word' id='word_1_68' title='bbox 1830 1027 2092 1096; x_wconf 85' lang='lat' dir='ltr'><strong>recipere.</strong></span> <span class='ocrx_word' id='word_1_69' title='bbox 2144 1026 2212 1081; x_wconf 91' lang='lat' dir='ltr'><strong>Ut</strong></span> 
     </span>
    </p>
   </div>
   <div class='ocr_carea' id='block_1_12' title="bbox 640 1115 2208 1187">
    <p class='ocr_par' dir='ltr' id='par_1_12' title="bbox 640 1115 2208 1187">
     <span class='ocr_line' id='line_1_12' title="bbox 640 1115 2208 1187; baseline 0.003 -22"><span class='ocrx_word' id='word_1_70' title='bbox 640 1123 820 1166; x_wconf 90' lang='lat' dir='ltr'><strong>autem</strong></span> <span class='ocrx_word' id='word_1_71' title='bbox 869 1115 1032 1168; x_wconf 92' lang='lat' dir='ltr'><strong>etiam</strong></span> <span class='ocrx_word' id='word_1_72' title='bbox 1079 1132 1146 1170; x_wconf 74' lang='lat' dir='ltr'><strong>ex</strong></span> <span class='ocrx_word' id='word_1_73' title='bbox 1197 1118 1326 1185; x_wconf 86' lang='lat' dir='ltr'><strong>ipsis</strong></span> <span class='ocrx_word' id='word_1_74' title='bbox 1370 1117 1678 1172; x_wconf 87' lang='lat' dir='ltr'><strong>nominibus</strong></span> <span class='ocrx_word' id='word_1_75' title='bbox 1716 1119 1890 1187; x_wconf 90' lang='lat' dir='ltr'><strong>prima</strong></span> <span class='ocrx_word' id='word_1_76' title='bbox 1925 1118 2079 1172; x_wconf 88' lang='lat' dir='ltr'><strong>nobis</strong></span> <span class='ocrx_word' id='word_1_77' title='bbox 2125 1118 2208 1170; x_wconf 89' lang='lat' dir='ltr'><strong>in-</strong></span> 
     </span>
    </p>
   </div>
   <div class='ocr_carea' id='block_1_13' title="bbox 639 1205 2206 1279">
    <p class='ocr_par' dir='ltr' id='par_1_13' title="bbox 639 1205 2206 1279">
     <span class='ocr_line' id='line_1_13' title="bbox 639 1205 2206 1279; baseline 0.004 -22"><span class='ocrx_word' id='word_1_78' title='bbox 639 1205 866 1272; x_wconf 92' lang='lat' dir='ltr'><strong>quisitio</strong></span> <span class='ocrx_word' id='word_1_79' title='bbox 913 1217 1216 1274; x_wconf 85' lang='lat' dir='ltr'><strong>moveatur,</strong></span> <span class='ocrx_word' id='word_1_80' title='bbox 1253 1209 1669 1264; x_wconf 87' lang='lat' dir='ltr'><strong>consideremus</strong></span> <span class='ocrx_word' id='word_1_81' title='bbox 1721 1210 1766 1264; x_wconf 90' lang='lat' dir='ltr'><strong>si</strong></span> <span class='ocrx_word' id='word_1_82' title='bbox 1816 1211 1986 1266; x_wconf 91' lang='lat' dir='ltr'><strong>sancti</strong></span> <span class='ocrx_word' id='word_1_83' title='bbox 2030 1211 2206 1279; x_wconf 74' lang='lat' dir='ltr'><strong>angeli</strong></span> 
     </span>
    </p>
   </div>
   <div class='ocr_carea' id='block_1_14' title="bbox 639 1302 2208 1370">
    <p class='ocr_par' dir='ltr' id='par_1_14' title="bbox 639 1302 2208 1370">
     <span class='ocr_line' id='line_1_14' title="bbox 639 1302 2208 1370; baseline 0.004 -20"><span class='ocrx_word' id='word_1_84' title='bbox 639 1315 705 1352; x_wconf 78' lang='lat' dir='ltr'><strong>ex</strong></span> <span class='ocrx_word' id='word_1_85' title='bbox 733 1313 842 1367; x_wconf 90' lang='lat' dir='ltr'><strong>quo</strong></span> <span class='ocrx_word' id='word_1_86' title='bbox 873 1309 1021 1362; x_wconf 90' lang='lat' dir='ltr'><strong>sunt,</strong></span> <span class='ocrx_word' id='word_1_87' title='bbox 1049 1316 1260 1370; x_wconf 87' lang='lat' dir='ltr'><strong>semper</strong></span> <span class='ocrx_word' id='word_1_88' title='bbox 1293 1302 1463 1355; x_wconf 87' lang='lat' dir='ltr'><strong>saneti</strong></span> <span class='ocrx_word' id='word_1_89' title='bbox 1497 1303 1735 1367; x_wconf 90' lang='lat' dir='ltr'><strong>fuerunt,</strong></span> <span class='ocrx_word' id='word_1_90' title='bbox 1768 1311 1822 1357; x_wconf 90' lang='lat' dir='ltr'><strong>et</strong></span> <span class='ocrx_word' id='word_1_91' title='bbox 1858 1304 2033 1358; x_wconf 89' lang='lat' dir='ltr'><strong>sancti</strong></span> <span class='ocrx_word' id='word_1_92' title='bbox 2059 1314 2208 1368; x_wconf 90' lang='lat' dir='ltr'><strong>sunt,</strong></span> 
     </span>
    </p>
   </div>
   <div class='ocr_carea' id='block_1_15' title="bbox 639 1391 2211 1464">
    <p class='ocr_par' dir='ltr' id='par_1_15' title="bbox 639 1391 2211 1464">
     <span class='ocr_line' id='line_1_15' title="bbox 639 1391 2211 1464; baseline 0.006 -24"><span class='ocrx_word' id='word_1_93' title='bbox 639 1391 931 1458; x_wconf 88' lang='lat' dir='ltr'><strong>sanctique</strong></span> <span class='ocrx_word' id='word_1_94' title='bbox 960 1401 1139 1458; x_wconf 88' lang='lat' dir='ltr'><strong>erunt,</strong></span> <span class='ocrx_word' id='word_1_95' title='bbox 1169 1402 1221 1446; x_wconf 91' lang='lat' dir='ltr'><strong>et</strong></span> <span class='ocrx_word' id='word_1_96' title='bbox 1248 1408 1420 1461; x_wconf 88' lang='lat' dir='ltr'><strong>neque</strong></span> <span class='ocrx_word' id='word_1_97' title='bbox 1453 1403 1775 1461; x_wconf 85' lang='lat' dir='ltr'><strong>receperunt</strong></span> <span class='ocrx_word' id='word_1_98' title='bbox 1808 1411 2066 1464; x_wconf 90' lang='lat' dir='ltr'><strong>unquam,</strong></span> <span class='ocrx_word' id='word_1_99' title='bbox 2117 1412 2211 1450; x_wconf 87' lang='lat' dir='ltr'><strong>ne-</strong></span> 
     </span>
    </p>
   </div>
   <div class='ocr_carea' id='block_1_16' title="bbox 639 1482 2210 1555">
    <p class='ocr_par' dir='ltr' id='par_1_16' title="bbox 639 1482 2210 1555">
     <span class='ocr_line' id='line_1_16' title="bbox 639 1482 2210 1555; baseline 0.006 -22"><span class='ocrx_word' id='word_1_100' title='bbox 639 1495 744 1548; x_wconf 91' lang='lat' dir='ltr'><strong>que</strong></span> <span class='ocrx_word' id='word_1_101' title='bbox 775 1482 1014 1550; x_wconf 85' lang='lat' dir='ltr'><strong>recipere</strong></span> <span class='ocrx_word' id='word_1_102' title='bbox 1049 1487 1344 1552; x_wconf 87' lang='lat' dir='ltr'><strong>potuerunt</strong></span> <span class='ocrx_word' id='word_1_103' title='bbox 1373 1488 1582 1555; x_wconf 83' lang='lat' dir='ltr'><strong>peccati</strong></span> <span class='ocrx_word' id='word_1_104' title='bbox 1629 1485 1828 1540; x_wconf 91' lang='lat' dir='ltr'><strong>locum.</strong></span> <span class='ocrx_word' id='word_1_105' title='bbox 1857 1486 1991 1540; x_wconf 86' lang='lat' dir='ltr'><strong>Tum</strong></span> <span class='ocrx_word' id='word_1_106' title='bbox 2017 1486 2210 1542; x_wconf 91' lang='lat' dir='ltr'><strong>deinde</strong></span> 
     </span>
    </p>
   </div>
   <div class='ocr_carea' id='block_1_17' title="bbox 639 1572 2209 1648">
    <p class='ocr_par' dir='ltr' id='par_1_17' title="bbox 639 1572 2209 1648">
     <span class='ocr_line' id='line_1_17' title="bbox 639 1572 2209 1648; baseline 0.006 -24"><span class='ocrx_word' id='word_1_107' title='bbox 639 1572 803 1625; x_wconf 89' lang='lat' dir='ltr'><strong>etiam</strong></span> <span class='ocrx_word' id='word_1_108' title='bbox 838 1573 889 1626; x_wconf 87' lang='lat' dir='ltr'><strong>hi</strong></span> <span class='ocrx_word' id='word_1_109' title='bbox 925 1575 1013 1642; x_wconf 91' lang='lat' dir='ltr'><strong>qui</strong></span> <span class='ocrx_word' id='word_1_110' title='bbox 1045 1576 1216 1629; x_wconf 89' lang='lat' dir='ltr'><strong>sancti</strong></span> <span class='ocrx_word' id='word_1_111' title='bbox 1251 1577 1586 1646; x_wconf 87' lang='lat' dir='ltr'><strong>principatus</strong></span> <span class='ocrx_word' id='word_1_112' title='bbox 1626 1577 1988 1648; x_wconf 89' lang='lat' dir='ltr'><strong>appellantur,</strong></span> <span class='ocrx_word' id='word_1_113' title='bbox 2031 1581 2209 1632; x_wconf 78' lang='lat' dir='ltr'><strong>consi-</strong></span> 
     </span>
    </p>
   </div>
   <div class='ocr_carea' id='block_1_18' title="bbox 641 1662 2206 1739">
    <p class='ocr_par' dir='ltr' id='par_1_18' title="bbox 641 1662 2206 1739">
     <span class='ocr_line' id='line_1_18' title="bbox 641 1662 2206 1739; baseline 0.004 -25"><span class='ocrx_word' id='word_1_114' title='bbox 641 1662 896 1718; x_wconf 89' lang='lat' dir='ltr'><strong>deremus</strong></span> <span class='ocrx_word' id='word_1_115' title='bbox 925 1665 968 1718; x_wconf 90' lang='lat' dir='ltr'><strong>si</strong></span> <span class='ocrx_word' id='word_1_116' title='bbox 997 1666 1178 1720; x_wconf 89' lang='lat' dir='ltr'><strong>statim</strong></span> <span class='ocrx_word' id='word_1_117' title='bbox 1225 1677 1281 1720; x_wconf 91' lang='lat' dir='ltr'><strong>ut</strong></span> <span class='ocrx_word' id='word_1_118' title='bbox 1322 1669 1489 1722; x_wconf 90' lang='lat' dir='ltr'><strong>creati</strong></span> <span class='ocrx_word' id='word_1_119' title='bbox 1523 1685 1550 1721; x_wconf 90' lang='lat' dir='ltr'><strong>a</strong></span> <span class='ocrx_word' id='word_1_120' title='bbox 1592 1669 1702 1724; x_wconf 89' lang='lat' dir='ltr'><strong>Deo</strong></span> <span class='ocrx_word' id='word_1_121' title='bbox 1746 1681 1896 1732; x_wconf 91' lang='lat' dir='ltr'><strong>sunt,</strong></span> <span class='ocrx_word' id='word_1_122' title='bbox 1932 1670 2206 1739; x_wconf 88' lang='lat' dir='ltr'><strong>principa-</strong></span> 
     </span>
    </p>
   </div>
   <div class='ocr_carea' id='block_1_19' title="bbox 640 1757 2207 1826">
    <p class='ocr_par' dir='ltr' id='par_1_19' title="bbox 640 1757 2207 1826">
     <span class='ocr_line' id='line_1_19' title="bbox 640 1757 2207 1826; baseline 0.006 -24"><span class='ocrx_word' id='word_1_123' title='bbox 640 1759 754 1804; x_wconf 86' lang='lat' dir='ltr'><strong>tum</strong></span> <span class='ocrx_word' id='word_1_124' title='bbox 787 1766 1043 1808; x_wconf 77' lang='lat' dir='ltr'><strong>exercere</strong></span> <span class='ocrx_word' id='word_1_125' title='bbox 1085 1766 1369 1822; x_wconf 70' lang='lat' dir='ltr'><strong>cmperunt</strong></span> <span class='ocrx_word' id='word_1_126' title='bbox 1418 1757 1468 1810; x_wconf 93' lang='lat' dir='ltr'><strong>in</strong></span> <span class='ocrx_word' id='word_1_127' title='bbox 1509 1757 1720 1825; x_wconf 89' lang='lat' dir='ltr'><strong>aliquos</strong></span> <span class='ocrx_word' id='word_1_128' title='bbox 1764 1758 1855 1826; x_wconf 92' lang='lat' dir='ltr'><strong>qui</strong></span> <span class='ocrx_word' id='word_1_129' title='bbox 1907 1762 1985 1813; x_wconf 90' lang='lat' dir='ltr'><strong>eis</strong></span> <span class='ocrx_word' id='word_1_130' title='bbox 2027 1770 2207 1813; x_wconf 88' lang='lat' dir='ltr'><strong>essent</strong></span> 
     </span>
    </p>
   </div>
   <div class='ocr_carea' id='block_1_20' title="bbox 639 1842 2209 1915">
    <p class='ocr_par' dir='ltr' id='par_1_20' title="bbox 639 1842 2209 1915">
     <span class='ocr_line' id='line_1_20' title="bbox 639 1842 2209 1915; baseline 0.006 -19"><span class='ocrx_word' id='word_1_131' title='bbox 639 1842 885 1912; x_wconf 86' lang='lat' dir='ltr'><strong>subjecti,</strong></span> <span class='ocrx_word' id='word_1_132' title='bbox 918 1855 972 1900; x_wconf 90' lang='lat' dir='ltr'><strong>et</strong></span> <span class='ocrx_word' id='word_1_133' title='bbox 1005 1845 1124 1901; x_wconf 91' lang='lat' dir='ltr'><strong>illos</strong></span> <span class='ocrx_word' id='word_1_134' title='bbox 1173 1848 1305 1902; x_wconf 85' lang='lat' dir='ltr'><strong>tales</strong></span> <span class='ocrx_word' id='word_1_135' title='bbox 1335 1859 1568 1915; x_wconf 87' lang='lat' dir='ltr'><strong>creatos,</strong></span> <span class='ocrx_word' id='word_1_136' title='bbox 1604 1860 1659 1903; x_wconf 90' lang='lat' dir='ltr'><strong>et</strong></span> <span class='ocrx_word' id='word_1_137' title='bbox 1687 1851 1752 1904; x_wconf 90' lang='lat' dir='ltr'><strong>ad</strong></span> <span class='ocrx_word' id='word_1_138' title='bbox 1796 1853 1898 1905; x_wconf 88' lang='lat' dir='ltr'><strong>hoc</strong></span> <span class='ocrx_word' id='word_1_139' title='bbox 1946 1855 2120 1907; x_wconf 86' lang='lat' dir='ltr'><strong>factos</strong></span> <span class='ocrx_word' id='word_1_140' title='bbox 2153 1861 2209 1906; x_wconf 90' lang='lat' dir='ltr'><strong>ut</strong></span> 
     </span>
    </p>
   </div>
   <div class='ocr_carea' id='block_1_21' title="bbox 640 1939 2207 2012">
    <p class='ocr_par' dir='ltr' id='par_1_21' title="bbox 640 1939 2207 2012">
     <span class='ocr_line' id='line_1_21' title="bbox 640 1939 2207 2012; baseline 0.007 -23"><span class='ocrx_word' id='word_1_141' title='bbox 640 1946 822 1990; x_wconf 88' lang='lat' dir='ltr'><strong>essent</strong></span> <span class='ocrx_word' id='word_1_142' title='bbox 853 1939 1050 1991; x_wconf 81' lang='lat' dir='ltr'><strong>subditi</strong></span> <span class='ocrx_word' id='word_1_143' title='bbox 1098 1948 1152 1994; x_wconf 91' lang='lat' dir='ltr'><strong>et</strong></span> <span class='ocrx_word' id='word_1_144' title='bbox 1191 1941 1419 2010; x_wconf 86' lang='lat' dir='ltr'><strong>subjecti</strong></span> <span class='ocrx_word' id='word_1_145' title='bbox 1451 1942 1585 2012; x_wconf 88' lang='grc'>(20).</span> <span class='ocrx_word' id='word_1_146' title='bbox 1635 1944 1900 1999; x_wconf 86' lang='lat' dir='ltr'><strong>Similiter</strong></span> <span class='ocrx_word' id='word_1_147' title='bbox 1930 1956 2110 2001; x_wconf 88' lang='lat' dir='ltr'><strong>autem</strong></span> <span class='ocrx_word' id='word_1_148' title='bbox 2153 1956 2207 2000; x_wconf 90' lang='lat' dir='ltr'><strong>et</strong></span> 
     </span>
    </p>
   </div>
   <div class='ocr_carea' id='block_1_22' title="bbox 638 2028 2208 2100">
    <p class='ocr_par' dir='ltr' id='par_1_22' title="bbox 638 2028 2208 2100">
     <span class='ocr_line' id='line_1_22' title="bbox 638 2028 2208 2100; baseline 0.008 -22"><span class='ocrx_word' id='word_1_149' title='bbox 638 2042 758 2095; x_wconf 83' lang='lat' dir='ltr'><strong>quae</strong></span> <span class='ocrx_word' id='word_1_150' title='bbox 783 2028 1122 2098; x_wconf 83' lang='lat' dir='ltr'><strong>appellantur</strong></span> <span class='ocrx_word' id='word_1_151' title='bbox 1149 2041 1467 2100; x_wconf 84' lang='lat' dir='ltr'><strong>potestates,</strong></span> <span class='ocrx_word' id='word_1_152' title='bbox 1500 2045 1680 2088; x_wconf 90' lang='lat' dir='ltr'><strong>utrum</strong></span> <span class='ocrx_word' id='word_1_153' title='bbox 1715 2036 1849 2090; x_wconf 87' lang='lat' dir='ltr'><strong>tales</strong></span> <span class='ocrx_word' id='word_1_154' title='bbox 1910 2047 1961 2091; x_wconf 89' lang='lat' dir='ltr'><strong>et</strong></span> <span class='ocrx_word' id='word_1_155' title='bbox 2007 2037 2059 2090; x_wconf 91' lang='lat' dir='ltr'><strong>in</strong></span> <span class='ocrx_word' id='word_1_156' title='bbox 2107 2039 2208 2092; x_wconf 92' lang='lat' dir='ltr'><strong>hoc</strong></span> 
     </span>
    </p>
   </div>
   <div class='ocr_carea' id='block_1_23' title="bbox 638 2119 2204 2196">
    <p class='ocr_par' dir='ltr' id='par_1_23' title="bbox 638 2119 2204 2196">
     <span class='ocr_line' id='line_1_23' title="bbox 638 2119 2204 2196; baseline 0.006 -25"><span class='ocrx_word' id='word_1_157' title='bbox 638 2119 815 2188; x_wconf 90' lang='lat' dir='ltr'><strong>ipsum</strong></span> <span class='ocrx_word' id='word_1_158' title='bbox 863 2131 1060 2175; x_wconf 66' lang='lat' dir='ltr'><strong>creatae</strong></span> <span class='ocrx_word' id='word_1_159' title='bbox 1087 2133 1232 2184; x_wconf 86' lang='lat' dir='ltr'><strong>sunt,</strong></span> <span class='ocrx_word' id='word_1_160' title='bbox 1267 2133 1324 2174; x_wconf 90' lang='lat' dir='ltr'><strong>ut</strong></span> <span class='ocrx_word' id='word_1_161' title='bbox 1355 2135 1677 2180; x_wconf 82' lang='lat' dir='ltr'><strong>exercerent</strong></span> <span class='ocrx_word' id='word_1_162' title='bbox 1719 2134 2042 2196; x_wconf 86' lang='lat' dir='ltr'><strong>potestatem</strong></span> <span class='ocrx_word' id='word_1_163' title='bbox 2071 2142 2085 2189; x_wconf 86' lang='lat'><strong>;</strong></span> <span class='ocrx_word' id='word_1_164' title='bbox 2137 2143 2204 2181; x_wconf 90' lang='lat' dir='ltr'><strong>an</strong></span> 
     </span>
    </p>
   </div>
   <div class='ocr_carea' id='block_1_24' title="bbox 635 2209 2195 2287">
    <p class='ocr_par' dir='ltr' id='par_1_24' title="bbox 635 2209 2195 2287">
     <span class='ocr_line' id='line_1_24' title="bbox 635 2209 2195 2287; baseline 0.007 -26"><span class='ocrx_word' id='word_1_165' title='bbox 635 2209 886 2262; x_wconf 89' lang='lat' dir='ltr'><strong>meritum</strong></span> <span class='ocrx_word' id='word_1_166' title='bbox 918 2211 1129 2280; x_wconf 87' lang='lat' dir='ltr'><strong>aliquod</strong></span> <span class='ocrx_word' id='word_1_167' title='bbox 1159 2213 1298 2266; x_wconf 85' lang='lat' dir='ltr'><strong>istud</strong></span> <span class='ocrx_word' id='word_1_168' title='bbox 1322 2223 1408 2268; x_wconf 90' lang='lat' dir='ltr'><strong>est</strong></span> <span class='ocrx_word' id='word_1_169' title='bbox 1431 2225 1484 2269; x_wconf 92' lang='lat' dir='ltr'><strong>et</strong></span> <span class='ocrx_word' id='word_1_170' title='bbox 1509 2216 1785 2284; x_wconf 75' lang='lat' dir='ltr'><strong>prmntium</strong></span> <span class='ocrx_word' id='word_1_171' title='bbox 1819 2218 2059 2278; x_wconf 88' lang='lat' dir='ltr'><strong>virtutis,</strong></span> <span class='ocrx_word' id='word_1_172' title='bbox 2098 2234 2195 2287; x_wconf 77' lang='lat' dir='ltr'><strong>per</strong></span> 
     </span>
    </p>
   </div>
   <div class='ocr_carea' id='block_1_25' title="bbox 637 2304 2203 2380">
    <p class='ocr_par' dir='ltr' id='par_1_25' title="bbox 637 2304 2203 2380">
     <span class='ocr_line' id='line_1_25' title="bbox 637 2304 2203 2380; baseline 0.008 -25"><span class='ocrx_word' id='word_1_173' title='bbox 637 2304 780 2368; x_wconf 92' lang='lat' dir='ltr'><strong>quod</strong></span> <span class='ocrx_word' id='word_1_174' title='bbox 805 2305 871 2357; x_wconf 89' lang='lat' dir='ltr'><strong>ad</strong></span> <span class='ocrx_word' id='word_1_175' title='bbox 904 2314 1229 2373; x_wconf 87' lang='lat' dir='ltr'><strong>potestatem</strong></span> <span class='ocrx_word' id='word_1_176' title='bbox 1266 2308 1421 2361; x_wconf 91' lang='lat' dir='ltr'><strong>istam</strong></span> <span class='ocrx_word' id='word_1_177' title='bbox 1463 2309 1898 2380; x_wconf 84' lang='lat' dir='ltr'><strong>dignitatemque</strong></span> <span class='ocrx_word' id='word_1_178' title='bbox 1921 2324 2203 2367; x_wconf 90' lang='lat' dir='ltr'><strong>venerunt.</strong></span> 
     </span>
    </p>
   </div>
   <div class='ocr_carea' id='block_1_26' title="bbox 633 2385 2204 2466">
    <p class='ocr_par' dir='ltr' id='par_1_26' title="bbox 633 2385 2204 2466">
     <span class='ocr_line' id='line_1_26' title="bbox 633 2385 2204 2466; baseline 0.006 -19"><span class='ocrx_word' id='word_1_179' title='bbox 633 2393 852 2447; x_wconf 76' lang='lat' dir='ltr'><strong>Necnon</strong></span> <span class='ocrx_word' id='word_1_180' title='bbox 895 2405 950 2449; x_wconf 89' lang='lat' dir='ltr'><strong>et</strong></span> <span class='ocrx_word' id='word_1_181' title='bbox 993 2396 1046 2449; x_wconf 93' lang='lat' dir='ltr'><strong>hi</strong></span> <span class='ocrx_word' id='word_1_182' title='bbox 1096 2398 1186 2465; x_wconf 92' lang='lat' dir='ltr'><strong>qui</strong></span> <span class='ocrx_word' id='word_1_183' title='bbox 1251 2398 1433 2452; x_wconf 88' lang='lat' dir='ltr'><strong>throni</strong></span> <span class='ocrx_word' id='word_1_184' title='bbox 1473 2385 1746 2464; x_wconf 80' lang='lat' dir='ltr'><strong>dicuntur,</strong></span> <span class='ocrx_word' id='word_1_185' title='bbox 1782 2402 1865 2456; x_wconf 86' lang='lat' dir='ltr'><strong>vel</strong></span> <span class='ocrx_word' id='word_1_186' title='bbox 1922 2403 2100 2466; x_wconf 88' lang='lat' dir='ltr'><strong>sedes,</strong></span> <span class='ocrx_word' id='word_1_187' title='bbox 2137 2419 2204 2456; x_wconf 89' lang='lat' dir='ltr'><strong>an</strong></span> 
     </span>
    </p>
   </div>
   <div class='ocr_carea' id='block_1_27' title="bbox 636 2485 2206 2563">
    <p class='ocr_par' dir='ltr' id='par_1_27' title="bbox 636 2485 2206 2563">
     <span class='ocr_line' id='line_1_27' title="bbox 636 2485 2206 2563; baseline 0.008 -26"><span class='ocrx_word' id='word_1_188' title='bbox 636 2485 797 2540; x_wconf 86' lang='lat' dir='ltr'><strong>istam</strong></span> <span class='ocrx_word' id='word_1_189' title='bbox 872 2488 1223 2543; x_wconf 86' lang='lat' dir='ltr'><strong>beatitudinis</strong></span> <span class='ocrx_word' id='word_1_190' title='bbox 1277 2491 1460 2544; x_wconf 80' lang='lat' dir='ltr'><strong>sedent</strong></span> <span class='ocrx_word' id='word_1_191' title='bbox 1531 2494 1989 2563; x_wconf 89' lang='lat' dir='ltr'><strong>stabilitatemqne</strong></span> <span class='ocrx_word' id='word_1_192' title='bbox 2047 2496 2206 2549; x_wconf 89' lang='lat' dir='ltr'><strong>simul</strong></span> 
     </span>
    </p>
   </div>
   <div class='ocr_carea' id='block_1_28' title="bbox 645 2578 2205 2651">
    <p class='ocr_par' dir='ltr' id='par_1_28' title="bbox 645 2578 2205 2651">
     <span class='ocr_line' id='line_1_28' title="bbox 645 2578 2205 2651; baseline 0.005 -19"><span class='ocrx_word' id='word_1_193' title='bbox 645 2593 770 2632; x_wconf 89' lang='lat' dir='ltr'><strong>cum</strong></span> <span class='ocrx_word' id='word_1_194' title='bbox 823 2578 1142 2634; x_wconf 65' lang='lat' dir='ltr'><strong>substantia:</strong></span> <span class='ocrx_word' id='word_1_195' title='bbox 1189 2596 1300 2635; x_wconf 82' lang='lat' dir='ltr'><strong>suae</strong></span> <span class='ocrx_word' id='word_1_196' title='bbox 1346 2583 1646 2651; x_wconf 90' lang='lat' dir='ltr'><strong>prolatione</strong></span> <span class='ocrx_word' id='word_1_197' title='bbox 1687 2587 2002 2650; x_wconf 87' lang='lat' dir='ltr'><strong>meruerint,</strong></span> <span class='ocrx_word' id='word_1_198' title='bbox 2038 2596 2096 2640; x_wconf 87' lang='lat' dir='ltr'><strong>ut</strong></span> <span class='ocrx_word' id='word_1_199' title='bbox 2141 2603 2205 2640; x_wconf 82' lang='lat' dir='ltr'><strong>ex</strong></span> 
     </span>
    </p>
   </div>
   <div class='ocr_carea' id='block_1_29' title="bbox 633 2669 2208 2747">
    <p class='ocr_par' dir='ltr' id='par_1_29' title="bbox 633 2669 2208 2747">
     <span class='ocr_line' id='line_1_29' title="bbox 633 2669 2208 2747; baseline 0.008 -27"><span class='ocrx_word' id='word_1_200' title='bbox 633 2669 910 2725; x_wconf 77' lang='lat' dir='ltr'><strong>voluntate</strong></span> <span class='ocrx_word' id='word_1_201' title='bbox 957 2673 1068 2727; x_wconf 90' lang='lat' dir='ltr'><strong>sola</strong></span> <span class='ocrx_word' id='word_1_202' title='bbox 1105 2673 1208 2727; x_wconf 93' lang='lat' dir='ltr'><strong>hoc</strong></span> <span class='ocrx_word' id='word_1_203' title='bbox 1260 2675 1569 2740; x_wconf 79' lang='lat' dir='ltr'><strong>possideant</strong></span> <span class='ocrx_word' id='word_1_204' title='bbox 1604 2676 1914 2742; x_wconf 83' lang='lat' dir='ltr'><strong>Creatoris;</strong></span> <span class='ocrx_word' id='word_1_205' title='bbox 1961 2678 2043 2732; x_wconf 90' lang='lat' dir='ltr'><strong>vel</strong></span> <span class='ocrx_word' id='word_1_206' title='bbox 2088 2693 2208 2747; x_wconf 71' lang='lat' dir='ltr'><strong>qua:</strong></span> 
     </span>
    </p>
   </div>
   <div class='ocr_carea' id='block_1_30' title="bbox 635 2764 2199 2837">
    <p class='ocr_par' dir='ltr' id='par_1_30' title="bbox 635 2764 2199 2837">
     <span class='ocr_line' id='line_1_30' title="bbox 635 2764 2199 2837; baseline 0.008 -23"><span class='ocrx_word' id='word_1_207' title='bbox 635 2764 978 2831; x_wconf 86' lang='lat' dir='ltr'><strong>appellantur</strong></span> <span class='ocrx_word' id='word_1_208' title='bbox 1022 2767 1443 2830; x_wconf 83' lang='lat' dir='ltr'><strong>dominationes,</strong></span> <span class='ocrx_word' id='word_1_209' title='bbox 1501 2770 1602 2823; x_wconf 92' lang='lat' dir='ltr'><strong>hoc</strong></span> <span class='ocrx_word' id='word_1_210' title='bbox 1653 2771 1792 2837; x_wconf 90' lang='lat' dir='ltr'><strong>quod</strong></span> <span class='ocrx_word' id='word_1_211' title='bbox 1829 2773 2199 2836; x_wconf 89' lang='lat' dir='ltr'><strong>dominantur,</strong></span> 
     </span>
    </p>
   </div>
   <div class='ocr_carea' id='block_1_31' title="bbox 635 2853 2200 2924">
    <p class='ocr_par' dir='ltr' id='par_1_31' title="bbox 635 2853 2200 2924">
     <span class='ocr_line' id='line_1_31' title="bbox 635 2853 2200 2924; baseline 0.01 -24"><span class='ocrx_word' id='word_1_212' title='bbox 635 2864 740 2903; x_wconf 91' lang='lat' dir='ltr'><strong>non</strong></span> <span class='ocrx_word' id='word_1_213' title='bbox 765 2867 858 2918; x_wconf 90' lang='lat' dir='ltr'><strong>per</strong></span> <span class='ocrx_word' id='word_1_214' title='bbox 879 2853 1155 2920; x_wconf 80' lang='lat' dir='ltr'><strong>profectus</strong></span> <span class='ocrx_word' id='word_1_215' title='bbox 1177 2857 1255 2908; x_wconf 93' lang='lat' dir='ltr'><strong>sui</strong></span> <span class='ocrx_word' id='word_1_216' title='bbox 1281 2858 1532 2909; x_wconf 83' lang='lat' dir='ltr'><strong>meritum</strong></span> <span class='ocrx_word' id='word_1_217' title='bbox 1581 2860 1662 2912; x_wconf 87' lang='lat' dir='ltr'><strong>eis</strong></span> <span class='ocrx_word' id='word_1_218' title='bbox 1707 2858 1872 2914; x_wconf 88' lang='lat' dir='ltr'><strong>fuerit</strong></span> <span class='ocrx_word' id='word_1_219' title='bbox 1925 2863 2200 2924; x_wconf 91' lang='lat' dir='ltr'><strong>additum,</strong></span> 
     </span>
    </p>
   </div>
   <div class='ocr_carea' id='block_1_32' title="bbox 647 2943 2207 3021">
    <p class='ocr_par' dir='ltr' id='par_1_32' title="bbox 647 2943 2207 3021">
     <span class='ocr_line' id='line_1_32' title="bbox 647 2943 2207 3021; baseline 0.008 -25"><span class='ocrx_word' id='word_1_220' title='bbox 647 2943 740 2997; x_wconf 91' lang='lat' dir='ltr'><strong>sed</strong></span> <span class='ocrx_word' id='word_1_221' title='bbox 776 2947 1103 3002; x_wconf 87' lang='lat' dir='ltr'><strong>conditionis</strong></span> <span class='ocrx_word' id='word_1_222' title='bbox 1141 2952 1498 3021; x_wconf 65' lang='lat' dir='ltr'><strong>praerogativa</strong></span> <span class='ocrx_word' id='word_1_223' title='bbox 1538 2951 1793 3006; x_wconf 88' lang='lat' dir='ltr'><strong>donatum</strong></span> <span class='ocrx_word' id='word_1_224' title='bbox 1815 2953 1885 3006; x_wconf 87' lang='lat' dir='ltr'><strong>sit</strong></span> <span class='ocrx_word' id='word_1_225' title='bbox 1912 2964 1966 3007; x_wconf 90' lang='lat' dir='ltr'><strong>et</strong></span> <span class='ocrx_word' id='word_1_226' title='bbox 1991 2955 2112 3010; x_wconf 84' lang='lat' dir='ltr'><strong>ideo</strong></span> <span class='ocrx_word' id='word_1_227' title='bbox 2137 2957 2207 3009; x_wconf 81' lang='lat' dir='ltr'><strong>sit</strong></span> 
     </span>
    </p>
   </div>
   <div class='ocr_carea' id='block_1_33' title="bbox 639 3036 2204 3118">
    <p class='ocr_par' dir='ltr' id='par_1_33' title="bbox 639 3036 2204 3118">
     <span class='ocr_line' id='line_1_33' title="bbox 639 3036 2204 3118; baseline 0.008 -28"><span class='ocrx_word' id='word_1_228' title='bbox 639 3036 710 3091; x_wconf 89' lang='lat' dir='ltr'><strong>ab</strong></span> <span class='ocrx_word' id='word_1_229' title='bbox 735 3038 813 3092; x_wconf 88' lang='lat' dir='ltr'><strong>eis</strong></span> <span class='ocrx_word' id='word_1_230' title='bbox 841 3039 1199 3109; x_wconf 88' lang='lat' dir='ltr'><strong>inseparabile</strong></span> <span class='ocrx_word' id='word_1_231' title='bbox 1235 3045 1636 3112; x_wconf 86' lang='lat' dir='ltr'><strong>quodammodo</strong></span> <span class='ocrx_word' id='word_1_232' title='bbox 1685 3059 1748 3100; x_wconf 86' lang='lat' dir='ltr'><strong>ac</strong></span> <span class='ocrx_word' id='word_1_233' title='bbox 1779 3046 2023 3102; x_wconf 87' lang='lat' dir='ltr'><strong>naturale</strong></span> <span class='ocrx_word' id='word_1_234' title='bbox 2073 3048 2204 3118; x_wconf 80' lang='grc'>(21).</span> 
     </span>
    </p>
   </div>
   <div class='ocr_carea' id='block_1_34' title="bbox 2311 561 3866 629">
    <p class='ocr_par' dir='ltr' id='par_1_34' title="bbox 2311 561 3866 629">
     <span class='ocr_line' id='line_1_34' title="bbox 2311 561 3866 629; baseline -0.003 -12"><span class='ocrx_word' id='word_1_235' title='bbox 2311 565 2563 619; x_wconf 88' lang='lat' dir='ltr'><strong>cessitate</strong></span> <span class='ocrx_word' id='word_1_236' title='bbox 2598 565 2850 617; x_wconf 89' lang='lat' dir='ltr'><strong>dicuntur</strong></span> <span class='ocrx_word' id='word_1_237' title='bbox 2894 562 3243 618; x_wconf 88' lang='lat' dir='ltr'><strong>descendere.</strong></span> <span class='ocrx_word' id='word_1_238' title='bbox 3276 561 3497 627; x_wconf 68' lang='lat' dir='ltr'><strong>~Eadem</strong></span> <span class='ocrx_word' id='word_1_239' title='bbox 3545 574 3763 629; x_wconf 88' lang='lat' dir='ltr'><strong>quoque</strong></span> <span class='ocrx_word' id='word_1_240' title='bbox 3805 561 3866 612; x_wconf 83' lang='lat' dir='ltr'><strong>de</strong></span> 
     </span>
    </p>
   </div>
   <div class='ocr_carea' id='block_1_35' title="bbox 2310 653 3868 726">
    <p class='ocr_par' dir='ltr' id='par_1_35' title="bbox 2310 653 3868 726">
     <span class='ocr_line' id='line_1_35' title="bbox 2310 653 3868 726; baseline -0.004 -16"><span class='ocrx_word' id='word_1_241' title='bbox 2310 658 2647 726; x_wconf 87' lang='lat' dir='ltr'><strong>spiritalibus</strong></span> <span class='ocrx_word' id='word_1_242' title='bbox 2697 656 2967 725; x_wconf 64' lang='lat' dir='ltr'><strong>nequitia},</strong></span> <span class='ocrx_word' id='word_1_243' title='bbox 3025 664 3081 709; x_wconf 86' lang='lat' dir='ltr'><strong>et.</strong></span> <span class='ocrx_word' id='word_1_244' title='bbox 3129 656 3197 710; x_wconf 91' lang='lat' dir='ltr'><strong>de</strong></span> <span class='ocrx_word' id='word_1_245' title='bbox 3244 654 3575 724; x_wconf 87' lang='lat' dir='ltr'><strong>spiritalibus</strong></span> <span class='ocrx_word' id='word_1_246' title='bbox 3609 653 3724 721; x_wconf 64' lang='grc'>(24)</span> <span class='ocrx_word' id='word_1_247' title='bbox 3769 669 3868 704; x_wconf 81' lang='lat' dir='ltr'><strong>ma-</strong></span> 
     </span>
    </p>
   </div>
   <div class='ocr_carea' id='block_1_36' title="bbox 2311 745 3868 820">
    <p class='ocr_par' dir='ltr' id='par_1_36' title="bbox 2311 745 3868 820">
     <span class='ocr_line' id='line_1_36' title="bbox 2311 745 3868 820; baseline -0.003 -16"><span class='ocrx_word' id='word_1_248' title='bbox 2311 751 2490 820; x_wconf 83' lang='lat' dir='ltr'><strong>lignis,</strong></span> <span class='ocrx_word' id='word_1_249' title='bbox 2514 761 2568 804; x_wconf 88' lang='lat' dir='ltr'><strong>et</strong></span> <span class='ocrx_word' id='word_1_250' title='bbox 2590 749 2921 803; x_wconf 66' lang='lat' dir='ltr'><strong>daamonibus</strong></span> <span class='ocrx_word' id='word_1_251' title='bbox 2956 749 3248 802; x_wconf 90' lang='lat' dir='ltr'><strong>immundis</strong></span> <span class='ocrx_word' id='word_1_252' title='bbox 3279 746 3680 816; x_wconf 66' lang='lat' dir='ltr'><strong>consequentia:</strong></span> <span class='ocrx_word' id='word_1_253' title='bbox 3713 745 3868 813; x_wconf 81' lang='lat' dir='ltr'><strong>ipsius</strong></span> 
     </span>
    </p>
   </div>
   <div class='ocr_carea' id='block_1_37' title="bbox 2314 837 3860 911">
    <p class='ocr_par' dir='ltr' id='par_1_37' title="bbox 2314 837 3860 911">
     <span class='ocr_line' id='line_1_37' title="bbox 2314 837 3860 911; baseline -0.005 -13"><span class='ocrx_word' id='word_1_254' title='bbox 2314 845 2449 898; x_wconf 89' lang='lat' dir='ltr'><strong>ratio</strong></span> <span class='ocrx_word' id='word_1_255' title='bbox 2480 853 2636 911; x_wconf 78' lang='lat' dir='ltr'><strong>coget</strong></span> <span class='ocrx_word' id='word_1_256' title='bbox 2670 842 2915 911; x_wconf 80' lang='lat' dir='ltr'><strong>intelligi.</strong></span> <span class='ocrx_word' id='word_1_257' title='bbox 2947 842 3100 906; x_wconf 78' lang='lat' dir='ltr'><strong>Quod</strong></span> <span class='ocrx_word' id='word_1_258' title='bbox 3145 841 3190 894; x_wconf 90' lang='lat' dir='ltr'><strong>si</strong></span> <span class='ocrx_word' id='word_1_259' title='bbox 3236 842 3350 895; x_wconf 74' lang='lat' dir='ltr'><strong>hrec</strong></span> <span class='ocrx_word' id='word_1_260' title='bbox 3381 840 3455 892; x_wconf 90' lang='lat' dir='ltr'><strong>ita</strong></span> <span class='ocrx_word' id='word_1_261' title='bbox 3499 839 3567 892; x_wconf 91' lang='lat' dir='ltr'><strong>de</strong></span> <span class='ocrx_word' id='word_1_262' title='bbox 3616 837 3860 905; x_wconf 84' lang='lat' dir='ltr'><strong>malignis</strong></span> 
     </span>
    </p>
   </div>
   <div class='ocr_carea' id='block_1_38' title="bbox 2311 928 3869 1004">
    <p class='ocr_par' dir='ltr' id='par_1_38' title="bbox 2311 928 3869 1004">
     <span class='ocr_line' id='line_1_38' title="bbox 2311 928 3869 1004; baseline -0.004 -16"><span class='ocrx_word' id='word_1_263' title='bbox 2311 936 2706 1004; x_wconf 87' lang='lat' dir='ltr'><strong>contrariisque</strong></span> <span class='ocrx_word' id='word_1_264' title='bbox 2776 933 3064 988; x_wconf 80' lang='lat' dir='ltr'><strong>virtutibus</strong></span> <span class='ocrx_word' id='word_1_265' title='bbox 3127 931 3352 1002; x_wconf 81' lang='lat' dir='ltr'><strong>intelligi</strong></span> <span class='ocrx_word' id='word_1_266' title='bbox 3413 931 3623 984; x_wconf 86' lang='lat' dir='ltr'><strong>videtur</strong></span> <span class='ocrx_word' id='word_1_267' title='bbox 3688 928 3869 983; x_wconf 83' lang='lat' dir='ltr'><strong>absur-</strong></span> 
     </span>
    </p>
   </div>
   <div class='ocr_carea' id='block_1_39' title="bbox 2313 1017 3868 1092">
    <p class='ocr_par' dir='ltr' id='par_1_39' title="bbox 2313 1017 3868 1092">
     <span class='ocr_line' id='line_1_39' title="bbox 2313 1017 3868 1092; baseline -0.004 -11"><span class='ocrx_word' id='word_1_268' title='bbox 2313 1029 2460 1092; x_wconf 88' lang='lat' dir='ltr'><strong>dttm,</strong></span> <span class='ocrx_word' id='word_1_269' title='bbox 2497 1017 2639 1082; x_wconf 77' lang='lat' dir='ltr'><strong>sicut</strong></span> <span class='ocrx_word' id='word_1_270' title='bbox 2688 1036 2837 1082; x_wconf 87' lang='lat' dir='ltr'><strong>certe</strong></span> <span class='ocrx_word' id='word_1_271' title='bbox 2882 1026 3174 1080; x_wconf 88' lang='lat' dir='ltr'><strong>absurdum</strong></span> <span class='ocrx_word' id='word_1_272' title='bbox 3225 1034 3326 1084; x_wconf 88' lang='lat' dir='ltr'><strong>est,</strong></span> <span class='ocrx_word' id='word_1_273' title='bbox 3355 1032 3412 1077; x_wconf 91' lang='lat' dir='ltr'><strong>ut</strong></span> <span class='ocrx_word' id='word_1_274' title='bbox 3442 1037 3606 1077; x_wconf 81' lang='lat' dir='ltr'><strong>causa</strong></span> <span class='ocrx_word' id='word_1_275' title='bbox 3658 1022 3868 1076; x_wconf 88' lang='lat' dir='ltr'><strong>maliti:e</strong></span> 
     </span>
    </p>
   </div>
   <div class='ocr_carea' id='block_1_40' title="bbox 2314 1114 3867 1190">
    <p class='ocr_par' dir='ltr' id='par_1_40' title="bbox 2314 1114 3867 1190">
     <span class='ocr_line' id='line_1_40' title="bbox 2314 1114 3867 1190; baseline -0.003 -18"><span class='ocrx_word' id='word_1_276' title='bbox 2314 1121 2549 1190; x_wconf 88' lang='lat' dir='ltr'><strong>ipsarum</strong></span> <span class='ocrx_word' id='word_1_277' title='bbox 2584 1129 2788 1175; x_wconf 88' lang='lat' dir='ltr'><strong>remota</strong></span> <span class='ocrx_word' id='word_1_278' title='bbox 2821 1120 2888 1173; x_wconf 90' lang='lat' dir='ltr'><strong>ab</strong></span> <span class='ocrx_word' id='word_1_279' title='bbox 2914 1117 3128 1171; x_wconf 90' lang='lat' dir='ltr'><strong>arbitrii</strong></span> <span class='ocrx_word' id='word_1_280' title='bbox 3167 1117 3248 1171; x_wconf 92' lang='lat' dir='ltr'><strong>sui</strong></span> <span class='ocrx_word' id='word_1_281' title='bbox 3287 1117 3584 1185; x_wconf 85' lang='lat' dir='ltr'><strong>proposito,</strong></span> <span class='ocrx_word' id='word_1_282' title='bbox 3612 1114 3867 1170; x_wconf 91' lang='lat' dir='ltr'><strong>conditori</strong></span> 
     </span>
    </p>
   </div>
   <div class='ocr_carea' id='block_1_41' title="bbox 2312 1208 3869 1278">
    <p class='ocr_par' dir='ltr' id='par_1_41' title="bbox 2312 1208 3869 1278">
     <span class='ocr_line' id='line_1_41' title="bbox 2312 1208 3869 1278; baseline -0.004 -13"><span class='ocrx_word' id='word_1_283' title='bbox 2312 1227 2498 1267; x_wconf 90' lang='lat' dir='ltr'><strong>earum</strong></span> <span class='ocrx_word' id='word_1_284' title='bbox 2534 1213 2846 1268; x_wconf 87' lang='lat' dir='ltr'><strong>necessario</strong></span> <span class='ocrx_word' id='word_1_285' title='bbox 2895 1211 3224 1274; x_wconf 89' lang='lat' dir='ltr'><strong>ascribatur,</strong></span> <span class='ocrx_word' id='word_1_286' title='bbox 3257 1208 3528 1278; x_wconf 87' lang='lat' dir='ltr'><strong>quomodo</strong></span> <span class='ocrx_word' id='word_1_287' title='bbox 3561 1223 3668 1262; x_wconf 89' lang='lat' dir='ltr'><strong>non</strong></span> <span class='ocrx_word' id='word_1_288' title='bbox 3716 1208 3869 1262; x_wconf 89' lang='lat' dir='ltr'><strong>etiam</strong></span> 
     </span>
    </p>
   </div>
   <div class='ocr_carea' id='block_1_42' title="bbox 2311 1300 3870 1374">
    <p class='ocr_par' dir='ltr' id='par_1_42' title="bbox 2311 1300 3870 1374">
     <span class='ocr_line' id='line_1_42' title="bbox 2311 1300 3870 1374; baseline -0.004 -13"><span class='ocrx_word' id='word_1_289' title='bbox 2311 1306 2380 1361; x_wconf 90' lang='lat' dir='ltr'><strong>de</strong></span> <span class='ocrx_word' id='word_1_290' title='bbox 2443 1306 2594 1360; x_wconf 89' lang='lat' dir='ltr'><strong>bonis</strong></span> <span class='ocrx_word' id='word_1_291' title='bbox 2652 1307 2965 1374; x_wconf 85' lang='lat' dir='ltr'><strong>sanctisque</strong></span> <span class='ocrx_word' id='word_1_292' title='bbox 3017 1300 3307 1357; x_wconf 85' lang='lat' dir='ltr'><strong>virtutibus</strong></span> <span class='ocrx_word' id='word_1_293' title='bbox 3365 1304 3614 1373; x_wconf 79' lang='lat' dir='ltr'><strong>cogimur</strong></span> <span class='ocrx_word' id='word_1_294' title='bbox 3682 1302 3870 1355; x_wconf 85' lang='lat' dir='ltr'><strong>similia</strong></span> 
     </span>
    </p>
   </div>
   <div class='ocr_carea' id='block_1_43' title="bbox 2311 1393 3874 1465">
    <p class='ocr_par' dir='ltr' id='par_1_43' title="bbox 2311 1393 3874 1465">
     <span class='ocr_line' id='line_1_43' title="bbox 2311 1393 3874 1465; baseline -0.004 -12"><span class='ocrx_word' id='word_1_295' title='bbox 2311 1400 2580 1465; x_wconf 85' lang='lat' dir='ltr'><strong>confiteri,</strong></span> <span class='ocrx_word' id='word_1_296' title='bbox 2615 1399 2666 1452; x_wconf 88' lang='lat' dir='ltr'><strong>id</strong></span> <span class='ocrx_word' id='word_1_297' title='bbox 2705 1409 2808 1460; x_wconf 90' lang='lat' dir='ltr'><strong>est,</strong></span> <span class='ocrx_word' id='word_1_298' title='bbox 2844 1399 2966 1465; x_wconf 89' lang='lat' dir='ltr'><strong>quia</strong></span> <span class='ocrx_word' id='word_1_299' title='bbox 3004 1412 3108 1450; x_wconf 91' lang='lat' dir='ltr'><strong>non</strong></span> <span class='ocrx_word' id='word_1_300' title='bbox 3155 1395 3516 1450; x_wconf 88' lang='lat' dir='ltr'><strong>substantiale</strong></span> <span class='ocrx_word' id='word_1_301' title='bbox 3554 1394 3626 1449; x_wconf 87' lang='lat' dir='ltr'><strong>sit</strong></span> <span class='ocrx_word' id='word_1_302' title='bbox 3658 1394 3711 1446; x_wconf 86' lang='lat' dir='ltr'><strong>in</strong></span> <span class='ocrx_word' id='word_1_303' title='bbox 3751 1393 3874 1462; x_wconf 88' lang='lat' dir='ltr'><strong>ipsis</strong></span> 
     </span>
    </p>
   </div>
   <div class='ocr_carea' id='block_1_44' title="bbox 2311 1486 3872 1558">
    <p class='ocr_par' dir='ltr' id='par_1_44' title="bbox 2311 1486 3872 1558">
     <span class='ocr_line' id='line_1_44' title="bbox 2311 1486 3872 1558; baseline -0.003 -15"><span class='ocrx_word' id='word_1_304' title='bbox 2311 1488 2534 1552; x_wconf 86' lang='lat' dir='ltr'><strong>bonum,</strong></span> <span class='ocrx_word' id='word_1_305' title='bbox 2565 1491 2708 1558; x_wconf 89' lang='lat' dir='ltr'><strong>quod</strong></span> <span class='ocrx_word' id='word_1_306' title='bbox 2743 1489 2928 1557; x_wconf 81' lang='lat' dir='ltr'><strong>utique</strong></span> <span class='ocrx_word' id='word_1_307' title='bbox 2972 1488 3022 1540; x_wconf 89' lang='lat' dir='ltr'><strong>in</strong></span> <span class='ocrx_word' id='word_1_308' title='bbox 3067 1488 3182 1541; x_wconf 89' lang='lat' dir='ltr'><strong>solo</strong></span> <span class='ocrx_word' id='word_1_309' title='bbox 3210 1487 3426 1540; x_wconf 87' lang='lat' dir='ltr'><strong>Christo</strong></span> <span class='ocrx_word' id='word_1_310' title='bbox 3467 1496 3520 1540; x_wconf 85' lang='lat' dir='ltr'><strong>et</strong></span> <span class='ocrx_word' id='word_1_311' title='bbox 3569 1487 3621 1540; x_wconf 91' lang='lat' dir='ltr'><strong>in</strong></span> <span class='ocrx_word' id='word_1_312' title='bbox 3674 1486 3872 1554; x_wconf 82' lang='lat' dir='ltr'><strong>Spiritu</strong></span> 
     </span>
    </p>
   </div>
   <div class='ocr_carea' id='block_1_45' title="bbox 2311 1579 3875 1644">
    <p class='ocr_par' dir='ltr' id='par_1_45' title="bbox 2311 1579 3875 1644">
     <span class='ocr_line' id='line_1_45' title="bbox 2311 1579 3875 1644; baseline -0.003 -8"><span class='ocrx_word' id='word_1_313' title='bbox 2311 1592 2501 1636; x_wconf 79' lang='lat' dir='ltr'><strong>sancto</strong></span> <span class='ocrx_word' id='word_1_314' title='bbox 2531 1583 2813 1635; x_wconf 90' lang='lat' dir='ltr'><strong>evidenter</strong></span> <span class='ocrx_word' id='word_1_315' title='bbox 2846 1596 2970 1635; x_wconf 86' lang='lat' dir='ltr'><strong>esse</strong></span> <span class='ocrx_word' id='word_1_316' title='bbox 3021 1580 3378 1644; x_wconf 78' lang='lat' dir='ltr'><strong>ostendimus,</strong></span> <span class='ocrx_word' id='word_1_317' title='bbox 3413 1581 3531 1634; x_wconf 90' lang='lat' dir='ltr'><strong>sine</strong></span> <span class='ocrx_word' id='word_1_318' title='bbox 3581 1580 3746 1633; x_wconf 87' lang='lat' dir='ltr'><strong>dubio</strong></span> <span class='ocrx_word' id='word_1_319' title='bbox 3772 1579 3875 1632; x_wconf 92' lang='lat' dir='ltr'><strong>uti-</strong></span> 
     </span>
    </p>
   </div>
   <div class='ocr_carea' id='block_1_46' title="bbox 2311 1669 3873 1746">
    <p class='ocr_par' dir='ltr' id='par_1_46' title="bbox 2311 1669 3873 1746">
     <span class='ocr_line' id='line_1_46' title="bbox 2311 1669 3873 1746; baseline -0.006 -16"><span class='ocrx_word' id='word_1_320' title='bbox 2311 1693 2416 1746; x_wconf 89' lang='lat' dir='ltr'><strong>que</strong></span> <span class='ocrx_word' id='word_1_321' title='bbox 2456 1687 2509 1730; x_wconf 91' lang='lat' dir='ltr'><strong>et</strong></span> <span class='ocrx_word' id='word_1_322' title='bbox 2562 1677 2613 1730; x_wconf 93' lang='lat' dir='ltr'><strong>in</strong></span> <span class='ocrx_word' id='word_1_323' title='bbox 2663 1676 2838 1729; x_wconf 89' lang='lat' dir='ltr'><strong>Patre.</strong></span> <span class='ocrx_word' id='word_1_324' title='bbox 2879 1674 2992 1728; x_wconf 71' lang='lat' dir='ltr'><strong>Non</strong></span> <span class='ocrx_word' id='word_1_325' title='bbox 3042 1673 3186 1726; x_wconf 90' lang='lat' dir='ltr'><strong>enim</strong></span> <span class='ocrx_word' id='word_1_326' title='bbox 3225 1669 3513 1724; x_wconf 87' lang='lat' dir='ltr'><strong>Trinitatis</strong></span> <span class='ocrx_word' id='word_1_327' title='bbox 3555 1681 3745 1724; x_wconf 89' lang='lat' dir='ltr'><strong>natura</strong></span> <span class='ocrx_word' id='word_1_328' title='bbox 3783 1671 3873 1724; x_wconf 83' lang='lat' dir='ltr'><strong>ha-</strong></span> 
     </span>
    </p>
   </div>
   <div class='ocr_carea' id='block_1_47' title="bbox 2313 1763 3873 1839">
    <p class='ocr_par' dir='ltr' id='par_1_47' title="bbox 2313 1763 3873 1839">
     <span class='ocr_line' id='line_1_47' title="bbox 2313 1763 3873 1839; baseline -0.004 -16"><span class='ocrx_word' id='word_1_329' title='bbox 2313 1769 2440 1823; x_wconf 90' lang='lat' dir='ltr'><strong>bere</strong></span> <span class='ocrx_word' id='word_1_330' title='bbox 2472 1770 2674 1838; x_wconf 89' lang='lat' dir='ltr'><strong>aliquid</strong></span> <span class='ocrx_word' id='word_1_331' title='bbox 2725 1769 3133 1839; x_wconf 83' lang='lat' dir='ltr'><strong>cenipositionis</strong></span> <span class='ocrx_word' id='word_1_332' title='bbox 3182 1780 3400 1821; x_wconf 89' lang='lat' dir='ltr'><strong>ostensa</strong></span> <span class='ocrx_word' id='word_1_333' title='bbox 3438 1775 3540 1826; x_wconf 92' lang='lat' dir='ltr'><strong>est,</strong></span> <span class='ocrx_word' id='word_1_334' title='bbox 3579 1774 3637 1817; x_wconf 92' lang='lat' dir='ltr'><strong>ut</strong></span> <span class='ocrx_word' id='word_1_335' title='bbox 3669 1765 3782 1818; x_wconf 58' lang='lat' dir='ltr'><strong>haec</strong></span> <span class='ocrx_word' id='word_1_336' title='bbox 3827 1763 3873 1817; x_wconf 89' lang='lat' dir='ltr'><strong>ei</strong></span> 
     </span>
    </p>
   </div>
   <div class='ocr_carea' id='block_1_48' title="bbox 2313 1861 3877 1932">
    <p class='ocr_par' dir='ltr' id='par_1_48' title="bbox 2313 1861 3877 1932">
     <span class='ocr_line' id='line_1_48' title="bbox 2313 1861 3877 1932; baseline -0.005 -14"><span class='ocrx_word' id='word_1_337' title='bbox 2313 1873 2714 1932; x_wconf 78' lang='lat' dir='ltr'><strong>consequenter</strong></span> <span class='ocrx_word' id='word_1_338' title='bbox 2742 1864 3026 1917; x_wconf 88' lang='lat' dir='ltr'><strong>videantur</strong></span> <span class='ocrx_word' id='word_1_339' title='bbox 3064 1865 3330 1916; x_wconf 89' lang='lat' dir='ltr'><strong>accidere.</strong></span> <span class='ocrx_word' id='word_1_340' title='bbox 3368 1861 3520 1915; x_wconf 83' lang='lat' dir='ltr'><strong>Unde</strong></span> <span class='ocrx_word' id='word_1_341' title='bbox 3550 1868 3797 1929; x_wconf 90' lang='lat' dir='ltr'><strong>superest</strong></span> <span class='ocrx_word' id='word_1_342' title='bbox 3824 1868 3877 1910; x_wconf 93' lang='lat' dir='ltr'><strong>ut</strong></span> 
     </span>
    </p>
   </div>
   <div class='ocr_carea' id='block_1_49' title="bbox 2316 1956 3874 2024">
    <p class='ocr_par' dir='ltr' id='par_1_49' title="bbox 2316 1956 3874 2024">
     <span class='ocr_line' id='line_1_49' title="bbox 2316 1956 3874 2024; baseline -0.004 -15"><span class='ocrx_word' id='word_1_343' title='bbox 2316 1957 2368 2009; x_wconf 93' lang='lat' dir='ltr'><strong>in</strong></span> <span class='ocrx_word' id='word_1_344' title='bbox 2418 1957 2563 2009; x_wconf 92' lang='lat' dir='ltr'><strong>omni</strong></span> <span class='ocrx_word' id='word_1_345' title='bbox 2601 1965 2852 2009; x_wconf 87' lang='lat' dir='ltr'><strong>creatura</strong></span> <span class='ocrx_word' id='word_1_346' title='bbox 2889 1957 2968 2008; x_wconf 90' lang='lat' dir='ltr'><strong>sui</strong></span> <span class='ocrx_word' id='word_1_347' title='bbox 3001 1956 3180 2024; x_wconf 88' lang='lat' dir='ltr'><strong>operis</strong></span> <span class='ocrx_word' id='word_1_348' title='bbox 3230 1971 3558 2023; x_wconf 88' lang='lat' dir='ltr'><strong>suorumque</strong></span> <span class='ocrx_word' id='word_1_349' title='bbox 3637 1960 3874 2005; x_wconf 90' lang='lat' dir='ltr'><strong>motuum</strong></span> 
     </span>
    </p>
   </div>
   <div class='ocr_carea' id='block_1_50' title="bbox 2316 2046 3880 2118">
    <p class='ocr_par' dir='ltr' id='par_1_50' title="bbox 2316 2046 3880 2118">
     <span class='ocr_line' id='line_1_50' title="bbox 2316 2046 3880 2118; baseline -0.003 -15"><span class='ocrx_word' id='word_1_350' title='bbox 2316 2049 2477 2103; x_wconf 86' lang='lat' dir='ltr'><strong>fuerit</strong></span> <span class='ocrx_word' id='word_1_351' title='bbox 2505 2050 2644 2118; x_wconf 87' lang='lat' dir='ltr'><strong>quod</strong></span> <span class='ocrx_word' id='word_1_352' title='bbox 2675 2049 2899 2102; x_wconf 88' lang='lat' dir='ltr'><strong>virtutes</strong></span> <span class='ocrx_word' id='word_1_353' title='bbox 2925 2049 3043 2102; x_wconf 81' lang='lat' dir='ltr'><strong>istae</strong></span> <span class='ocrx_word' id='word_1_354' title='bbox 3073 2063 3194 2116; x_wconf 65' lang='lat' dir='ltr'><strong>quae</strong></span> <span class='ocrx_word' id='word_1_355' title='bbox 3223 2047 3302 2100; x_wconf 89' lang='lat' dir='ltr'><strong>vel</strong></span> <span class='ocrx_word' id='word_1_356' title='bbox 3329 2046 3693 2116; x_wconf 79' lang='lat' dir='ltr'><strong>principatum</strong></span> <span class='ocrx_word' id='word_1_357' title='bbox 3725 2057 3880 2112; x_wconf 80' lang='lat' dir='ltr'><strong>agerc</strong></span> 
     </span>
    </p>
   </div>
   <div class='ocr_carea' id='block_1_51' title="bbox 2315 2137 3879 2210">
    <p class='ocr_par' dir='ltr' id='par_1_51' title="bbox 2315 2137 3879 2210">
     <span class='ocr_line' id='line_1_51' title="bbox 2315 2137 3879 2210; baseline -0.004 -15"><span class='ocrx_word' id='word_1_358' title='bbox 2315 2141 2368 2195; x_wconf 90' lang='lat' dir='ltr'><strong>in</strong></span> <span class='ocrx_word' id='word_1_359' title='bbox 2397 2143 2538 2206; x_wconf 89' lang='lat' dir='ltr'><strong>aliis,</strong></span> <span class='ocrx_word' id='word_1_360' title='bbox 2569 2142 2650 2195; x_wconf 87' lang='lat' dir='ltr'><strong>vel</strong></span> <span class='ocrx_word' id='word_1_361' title='bbox 2688 2151 3006 2210; x_wconf 88' lang='lat' dir='ltr'><strong>potestatem</strong></span> <span class='ocrx_word' id='word_1_362' title='bbox 3041 2155 3318 2206; x_wconf 79' lang='lat' dir='ltr'><strong>exercere,</strong></span> <span class='ocrx_word' id='word_1_363' title='bbox 3348 2140 3428 2192; x_wconf 87' lang='lat' dir='ltr'><strong>vel</strong></span> <span class='ocrx_word' id='word_1_364' title='bbox 3457 2137 3879 2190; x_wconf 85' lang='lat' dir='ltr'><strong>dominationem</strong></span> 
     </span>
    </p>
   </div>
   <div class='ocr_carea' id='block_1_52' title="bbox 2315 2233 3882 2302">
    <p class='ocr_par' dir='ltr' id='par_1_52' title="bbox 2315 2233 3882 2302">
     <span class='ocr_line' id='line_1_52' title="bbox 2315 2233 3882 2302; baseline -0.004 -14"><span class='ocrx_word' id='word_1_365' title='bbox 2315 2237 2589 2298; x_wconf 87' lang='lat' dir='ltr'><strong>videntur,</strong></span> <span class='ocrx_word' id='word_1_366' title='bbox 2619 2251 2680 2289; x_wconf 79' lang='lat' dir='ltr'><strong>ex</strong></span> <span class='ocrx_word' id='word_1_367' title='bbox 2717 2235 2928 2299; x_wconf 91' lang='lat' dir='ltr'><strong>merito,</strong></span> <span class='ocrx_word' id='word_1_368' title='bbox 2965 2244 3020 2289; x_wconf 92' lang='lat' dir='ltr'><strong>et</strong></span> <span class='ocrx_word' id='word_1_369' title='bbox 3054 2250 3159 2287; x_wconf 90' lang='lat' dir='ltr'><strong>non</strong></span> <span class='ocrx_word' id='word_1_370' title='bbox 3203 2249 3298 2302; x_wconf 87' lang='lat' dir='ltr'><strong>per</strong></span> <span class='ocrx_word' id='word_1_371' title='bbox 3330 2233 3658 2287; x_wconf 87' lang='lat' dir='ltr'><strong>conditionis</strong></span> <span class='ocrx_word' id='word_1_372' title='bbox 3687 2245 3882 2300; x_wconf 81' lang='lat' dir='ltr'><strong>prer-</strong></span> 
     </span>
    </p>
   </div>
   <div class='ocr_carea' id='block_1_53' title="bbox 2315 2325 3884 2398">
    <p class='ocr_par' dir='ltr' id='par_1_53' title="bbox 2315 2325 3884 2398">
     <span class='ocr_line' id='line_1_53' title="bbox 2315 2325 3884 2398; baseline -0.003 -16"><span class='ocrx_word' id='word_1_373' title='bbox 2315 2329 2548 2398; x_wconf 85' lang='lat' dir='ltr'><strong>gativam</strong></span> <span class='ocrx_word' id='word_1_374' title='bbox 2600 2328 2834 2398; x_wconf 75' lang='lat' dir='ltr'><strong>przelatte</strong></span> <span class='ocrx_word' id='word_1_375' title='bbox 2879 2328 2986 2382; x_wconf 89' lang='lat' dir='ltr'><strong>sint</strong></span> <span class='ocrx_word' id='word_1_376' title='bbox 3042 2335 3096 2380; x_wconf 90' lang='lat' dir='ltr'><strong>et</strong></span> <span class='ocrx_word' id='word_1_377' title='bbox 3143 2326 3496 2396; x_wconf 77' lang='lat' dir='ltr'><strong>superpositm</strong></span> <span class='ocrx_word' id='word_1_378' title='bbox 3554 2325 3638 2378; x_wconf 91' lang='lat' dir='ltr'><strong>his</strong></span> <span class='ocrx_word' id='word_1_379' title='bbox 3693 2325 3884 2393; x_wconf 83' lang='lat' dir='ltr'><strong>quitms</strong></span> 
     </span>
    </p>
   </div>
   <div class='ocr_carea' id='block_1_54' title="bbox 2315 2417 3885 2493">
    <p class='ocr_par' dir='ltr' id='par_1_54' title="bbox 2315 2417 3885 2493">
     <span class='ocr_line' id='line_1_54' title="bbox 2315 2417 3885 2493; baseline -0.005 -17"><span class='ocrx_word' id='word_1_380' title='bbox 2315 2437 2580 2493; x_wconf 75' lang='lat' dir='ltr'><strong>przeesse,</strong></span> <span class='ocrx_word' id='word_1_381' title='bbox 2635 2423 2718 2475; x_wconf 86' lang='lat' dir='ltr'><strong>vel</strong></span> <span class='ocrx_word' id='word_1_382' title='bbox 2774 2420 2828 2474; x_wconf 93' lang='lat' dir='ltr'><strong>in</strong></span> <span class='ocrx_word' id='word_1_383' title='bbox 2880 2435 3016 2488; x_wconf 90' lang='lat' dir='ltr'><strong>quos</strong></span> <span class='ocrx_word' id='word_1_384' title='bbox 3081 2429 3400 2488; x_wconf 86' lang='lat' dir='ltr'><strong>potestatein</strong></span> <span class='ocrx_word' id='word_1_385' title='bbox 3475 2431 3736 2470; x_wconf 78' lang='lat' dir='ltr'><strong>exercere</strong></span> <span class='ocrx_word' id='word_1_386' title='bbox 3807 2417 3885 2469; x_wconf 86' lang='lat' dir='ltr'><strong>di-</strong></span> 
     </span>
    </p>
   </div>
   <div class='ocr_carea' id='block_1_55' title="bbox 2315 2524 2532 2569">
    <p class='ocr_par' dir='ltr' id='par_1_55' title="bbox 2315 2524 2532 2569">
     <span class='ocr_line' id='line_1_55' title="bbox 2315 2524 2532 2569; baseline -0.014 0"><span class='ocrx_word' id='word_1_387' title='bbox 2315 2524 2532 2569; x_wconf 74' lang='lat' dir='ltr'><strong>Cllnllll‘.</strong></span> 
     </span>
    </p>
   </div>
   <div class='ocr_carea' id='block_1_56' title="bbox 2384 2598 3886 2656">
    <p class='ocr_par' dir='ltr' id='par_1_56' title="bbox 2384 2598 3886 2656">
     <span class='ocr_line' id='line_1_56' title="bbox 2384 2598 3886 2656; baseline -0.005 0"><span class='ocrx_word' id='word_1_388' title='bbox 2384 2602 2438 2656; x_wconf 73' lang='grc'><strong>4.</strong></span> <span class='ocrx_word' id='word_1_389' title='bbox 2500 2602 2606 2655; x_wconf 81' lang='lat' dir='ltr'><strong>Sed</strong></span> <span class='ocrx_word' id='word_1_390' title='bbox 2654 2616 2720 2654; x_wconf 91' lang='lat' dir='ltr'><strong>ne</strong></span> <span class='ocrx_word' id='word_1_391' title='bbox 2764 2601 2829 2656; x_wconf 91' lang='lat' dir='ltr'><strong>de</strong></span> <span class='ocrx_word' id='word_1_392' title='bbox 2877 2600 3043 2655; x_wconf 89' lang='lat' dir='ltr'><strong>tantis</strong></span> <span class='ocrx_word' id='word_1_393' title='bbox 3096 2616 3159 2653; x_wconf 89' lang='lat' dir='ltr'><strong>ac</strong></span> <span class='ocrx_word' id='word_1_394' title='bbox 3207 2610 3314 2653; x_wconf 91' lang='lat' dir='ltr'><strong>tam</strong></span> <span class='ocrx_word' id='word_1_395' title='bbox 3369 2598 3682 2653; x_wconf 88' lang='lat' dir='ltr'><strong>diflicilibus</strong></span> <span class='ocrx_word' id='word_1_396' title='bbox 3727 2599 3886 2650; x_wconf 89' lang='lat' dir='ltr'><strong>rebus</strong></span> 
     </span>
    </p>
   </div>
   <div class='ocr_carea' id='block_1_57' title="bbox 2229 2691 3882 2763">
    <p class='ocr_par' dir='ltr' id='par_1_57' title="bbox 2229 2691 3882 2763">
     <span class='ocr_line' id='line_1_57' title="bbox 2229 2691 3882 2763; baseline -0.004 -15"><span class='ocrx_word' id='word_1_397' title='bbox 2229 2754 2234 2758; x_wconf 28' lang='grc' dir='ltr'><strong>η</strong></span> <span class='ocrx_word' id='word_1_398' title='bbox 2315 2693 2716 2763; x_wconf 62' lang='lat' dir='ltr'><strong>consequentia:</strong></span> <span class='ocrx_word' id='word_1_399' title='bbox 2787 2691 2956 2747; x_wconf 87' lang='lat' dir='ltr'><strong>solius</strong></span> <span class='ocrx_word' id='word_1_400' title='bbox 3028 2691 3236 2746; x_wconf 88' lang='lat' dir='ltr'><strong>ratione</strong></span> <span class='ocrx_word' id='word_1_401' title='bbox 3315 2692 3528 2745; x_wconf 86' lang='lat' dir='ltr'><strong>invitati</strong></span> <span class='ocrx_word' id='word_1_402' title='bbox 3599 2691 3882 2745; x_wconf 89' lang='lat' dir='ltr'><strong>videamur</strong></span> 
     </span>
    </p>
   </div>
   <div class='ocr_carea' id='block_1_58' title="bbox 2315 2781 3884 2853">
    <p class='ocr_par' dir='ltr' id='par_1_58' title="bbox 2315 2781 3884 2853">
     <span class='ocr_line' id='line_1_58' title="bbox 2315 2781 3884 2853; baseline -0.004 -15"><span class='ocrx_word' id='word_1_403' title='bbox 2315 2799 2592 2847; x_wconf 89' lang='lat' dir='ltr'><strong>asserere,</strong></span> <span class='ocrx_word' id='word_1_404' title='bbox 2679 2793 2841 2853; x_wconf 89' lang='lat' dir='ltr'><strong>atque</strong></span> <span class='ocrx_word' id='word_1_405' title='bbox 2919 2797 2986 2836; x_wconf 85' lang='lat' dir='ltr'><strong>ex</strong></span> <span class='ocrx_word' id='word_1_406' title='bbox 3082 2784 3412 2852; x_wconf 74' lang='lat' dir='ltr'><strong>coniecturis</strong></span> <span class='ocrx_word' id='word_1_407' title='bbox 3512 2781 3884 2837; x_wconf 83' lang='lat' dir='ltr'><strong>tantummodo</strong></span> 
     </span>
    </p>
   </div>
   <div class='ocr_carea' id='block_1_59' title="bbox 2318 2873 3884 2945">
    <p class='ocr_par' dir='ltr' id='par_1_59' title="bbox 2318 2873 3884 2945">
     <span class='ocr_line' id='line_1_59' title="bbox 2318 2873 3884 2945; baseline -0.003 -14"><span class='ocrx_word' id='word_1_408' title='bbox 2318 2879 2368 2932; x_wconf 85' lang='lat' dir='ltr'><strong>iit</strong></span> <span class='ocrx_word' id='word_1_409' title='bbox 2443 2893 2722 2932; x_wconf 82' lang='lat' dir='ltr'><strong>assensum</strong></span> <span class='ocrx_word' id='word_1_410' title='bbox 2811 2891 3005 2945; x_wconf 79' lang='lat' dir='ltr'><strong>cogere</strong></span> <span class='ocrx_word' id='word_1_411' title='bbox 3084 2876 3390 2938; x_wconf 87' lang='lat' dir='ltr'><strong>auditores,</strong></span> <span class='ocrx_word' id='word_1_412' title='bbox 3471 2875 3754 2928; x_wconf 90' lang='lat' dir='ltr'><strong>videamus</strong></span> <span class='ocrx_word' id='word_1_413' title='bbox 3842 2873 3884 2926; x_wconf 90' lang='lat' dir='ltr'><strong>si</strong></span> 
     </span>
    </p>
   </div>
   <div class='ocr_carea' id='block_1_60' title="bbox 2315 2970 3885 3040">
    <p class='ocr_par' dir='ltr' id='par_1_60' title="bbox 2315 2970 3885 3040">
     <span class='ocr_line' id='line_1_60' title="bbox 2315 2970 3885 3040; baseline 0 -19"><span class='ocrx_word' id='word_1_414' title='bbox 2315 2971 2444 3040; x_wconf 88' lang='lat' dir='ltr'><strong>quid</strong></span> <span class='ocrx_word' id='word_1_415' title='bbox 2505 2972 2666 3025; x_wconf 90' lang='lat' dir='ltr'><strong>etiam</strong></span> <span class='ocrx_word' id='word_1_416' title='bbox 2729 2973 2795 3025; x_wconf 90' lang='lat' dir='ltr'><strong>de</strong></span> <span class='ocrx_word' id='word_1_417' title='bbox 2853 2970 3153 3039; x_wconf 84' lang='lat' dir='ltr'><strong>Scripturis</strong></span> <span class='ocrx_word' id='word_1_418' title='bbox 3209 2970 3412 3025; x_wconf 90' lang='lat' dir='ltr'><strong>sanctis</strong></span> <span class='ocrx_word' id='word_1_419' title='bbox 3461 2983 3751 3038; x_wconf 85' lang='lat' dir='ltr'><strong>possumus</strong></span> <span class='ocrx_word' id='word_1_420' title='bbox 3796 2982 3885 3021; x_wconf 84' lang='lat' dir='ltr'><strong>as—</strong></span> 
     </span>
    </p>
   </div>
   <div class='ocr_carea' id='block_1_61' title="bbox 2318 3060 3886 3129">
    <p class='ocr_par' dir='ltr' id='par_1_61' title="bbox 2318 3060 3886 3129">
     <span class='ocr_line' id='line_1_61' title="bbox 2318 3060 3886 3129; baseline -0.003 -13"><span class='ocrx_word' id='word_1_421' title='bbox 2318 3064 2574 3117; x_wconf 89' lang='lat' dir='ltr'><strong>sertiouis</strong></span> <span class='ocrx_word' id='word_1_422' title='bbox 2667 3077 2978 3122; x_wconf 78' lang='lat' dir='ltr'><strong>assumere,</strong></span> <span class='ocrx_word' id='word_1_423' title='bbox 3059 3077 3287 3129; x_wconf 88' lang='lat' dir='ltr'><strong>quarum</strong></span> <span class='ocrx_word' id='word_1_424' title='bbox 3370 3069 3697 3114; x_wconf 80' lang='lat' dir='ltr'><strong>auctoritate</strong></span> <span class='ocrx_word' id='word_1_425' title='bbox 3776 3060 3886 3113; x_wconf 66' lang='lat' dir='ltr'><strong>haec</strong></span> 
     </span>
    </p>
   </div>
   <div class='ocr_carea' id='block_1_62' title="bbox 636 3129 2207 3233">
    <p class='ocr_par' dir='ltr' id='par_1_62' title="bbox 636 3129 2205 3208">
     <span class='ocr_line' id='line_1_62' title="bbox 636 3129 2205 3208; baseline 0.008 -26"><span class='ocrx_word' id='word_1_426' title='bbox 636 3129 788 3194; x_wconf 78' lang='lat' dir='ltr'><strong>Quod</strong></span> <span class='ocrx_word' id='word_1_427' title='bbox 829 3133 1014 3201; x_wconf 91' lang='lat' dir='ltr'><strong>utique</strong></span> <span class='ocrx_word' id='word_1_428' title='bbox 1047 3133 1095 3186; x_wconf 86' lang='lat' dir='ltr'><strong>si</strong></span> <span class='ocrx_word' id='word_1_429' title='bbox 1140 3135 1213 3186; x_wconf 91' lang='lat' dir='ltr'><strong>ita</strong></span> <span class='ocrx_word' id='word_1_430' title='bbox 1260 3137 1607 3204; x_wconf 86' lang='lat' dir='ltr'><strong>recipiamus,</strong></span> <span class='ocrx_word' id='word_1_431' title='bbox 1654 3149 1711 3190; x_wconf 92' lang='lat' dir='ltr'><strong>ut</strong></span> <span class='ocrx_word' id='word_1_432' title='bbox 1747 3148 2002 3208; x_wconf 90' lang='lat' dir='ltr'><strong>putentur</strong></span> <span class='ocrx_word' id='word_1_433' title='bbox 2033 3143 2205 3194; x_wconf 87' lang='lat' dir='ltr'><strong>sancti</strong></span> 
     </span>
    </p>
   </div>
   <div class='ocr_carea' id='block_1_63' title="bbox 2314 3129 3890 3233">
    <p class='ocr_par' dir='ltr' id='par_1_63' title="bbox 2319 3152 3890 3222">
     <span class='ocr_line' id='line_1_63' title="bbox 2319 3152 3890 3222; baseline -0.003 -13"><span class='ocrx_word' id='word_1_434' title='bbox 2319 3155 2628 3209; x_wconf 86' lang='lat' dir='ltr'><strong>credibilius</strong></span> <span class='ocrx_word' id='word_1_435' title='bbox 2693 3164 3025 3208; x_wconf 89' lang='lat' dir='ltr'><strong>astruantur.</strong></span> <span class='ocrx_word' id='word_1_436' title='bbox 3099 3155 3164 3207; x_wconf 85' lang='lat' dir='ltr'><strong>Et</strong></span> <span class='ocrx_word' id='word_1_437' title='bbox 3233 3154 3465 3222; x_wconf 91' lang='lat' dir='ltr'><strong>primum</strong></span> <span class='ocrx_word' id='word_1_438' title='bbox 3533 3153 3754 3221; x_wconf 87' lang='lat' dir='ltr'><strong>quidem</strong></span> <span class='ocrx_word' id='word_1_439' title='bbox 3823 3152 3890 3205; x_wconf 75' lang='lat' dir='ltr'><strong>de</strong></span> 
     </span>
    </p>
   </div>
   <div class='ocr_carea' id='block_1_64' title="bbox 637 3222 2206 3301">
    <p class='ocr_par' dir='ltr' id='par_1_64' title="bbox 637 3222 2206 3301">
     <span class='ocr_line' id='line_1_64' title="bbox 637 3222 2206 3301; baseline 0.01 -29"><span class='ocrx_word' id='word_1_440' title='bbox 637 3222 836 3290; x_wconf 81' lang='lat' dir='ltr'><strong>angeli,</strong></span> <span class='ocrx_word' id='word_1_441' title='bbox 873 3233 927 3278; x_wconf 91' lang='lat' dir='ltr'><strong>et</strong></span> <span class='ocrx_word' id='word_1_442' title='bbox 957 3234 1156 3280; x_wconf 77' lang='lat' dir='ltr'><strong>sanctte</strong></span> <span class='ocrx_word' id='word_1_443' title='bbox 1191 3235 1508 3294; x_wconf 88' lang='lat' dir='ltr'><strong>potestates,</strong></span> <span class='ocrx_word' id='word_1_444' title='bbox 1541 3239 1596 3285; x_wconf 85' lang='lat' dir='ltr'><strong>et</strong></span> <span class='ocrx_word' id='word_1_445' title='bbox 1638 3231 1810 3285; x_wconf 61' lang='lat' dir='ltr'><strong>beatae</strong></span> <span class='ocrx_word' id='word_1_446' title='bbox 1853 3232 2033 3295; x_wconf 89' lang='lat' dir='ltr'><strong>sedes,</strong></span> <span class='ocrx_word' id='word_1_447' title='bbox 2087 3235 2206 3301; x_wconf 80' lang='lat' dir='ltr'><strong>glo-</strong></span> 
     </span>
    </p>
   </div>
   <div class='ocr_carea' id='block_1_65' title="bbox 637 3310 2205 3389">
    <p class='ocr_par' dir='ltr' id='par_1_65' title="bbox 637 3310 2205 3389">
     <span class='ocr_line' id='line_1_65' title="bbox 637 3310 2205 3389; baseline 0.011 -26"><span class='ocrx_word' id='word_1_448' title='bbox 637 3310 900 3382; x_wconf 79' lang='lat' dir='ltr'><strong>riosa2que</strong></span> <span class='ocrx_word' id='word_1_449' title='bbox 933 3315 1180 3382; x_wconf 87' lang='lat' dir='ltr'><strong>virtutes,</strong></span> <span class='ocrx_word' id='word_1_450' title='bbox 1217 3327 1272 3372; x_wconf 91' lang='lat' dir='ltr'><strong>et</strong></span> <span class='ocrx_word' id='word_1_451' title='bbox 1298 3321 1601 3389; x_wconf 73' lang='lat' dir='ltr'><strong>magnifica:</strong></span> <span class='ocrx_word' id='word_1_452' title='bbox 1634 3322 2036 3378; x_wconf 87' lang='lat' dir='ltr'><strong>dominationes</strong></span> <span class='ocrx_word' id='word_1_453' title='bbox 2080 3329 2205 3380; x_wconf 86' lang='lat' dir='ltr'><strong>sub-</strong></span> 
     </span>
    </p>
   </div>
   <div class='ocr_carea' id='block_1_66' title="bbox 634 3401 2206 3483">
    <p class='ocr_par' dir='ltr' id='par_1_66' title="bbox 634 3401 2206 3483">
     <span class='ocr_line' id='line_1_66' title="bbox 634 3401 2206 3483; baseline 0.011 -30"><span class='ocrx_word' id='word_1_454' title='bbox 634 3401 971 3458; x_wconf 87' lang='lat' dir='ltr'><strong>stantialiter</strong></span> <span class='ocrx_word' id='word_1_455' title='bbox 1000 3415 1292 3472; x_wconf 84' lang='lat' dir='ltr'><strong>potestates</strong></span> <span class='ocrx_word' id='word_1_456' title='bbox 1319 3408 1454 3464; x_wconf 87' lang='lat' dir='ltr'><strong>istas</strong></span> <span class='ocrx_word' id='word_1_457' title='bbox 1487 3426 1548 3462; x_wconf 90' lang='lat' dir='ltr'><strong>ac</strong></span> <span class='ocrx_word' id='word_1_458' title='bbox 1581 3411 1870 3478; x_wconf 80' lang='lat' dir='ltr'><strong>dignitates</strong></span> <span class='ocrx_word' id='word_1_459' title='bbox 1896 3413 2206 3483; x_wconf 79' lang='lat' dir='ltr'><strong>gloriasque</strong></span> 
     </span>
    </p>
   </div>
   <div class='ocr_carea' id='block_1_67' title="bbox 635 3491 2204 3565">
    <p class='ocr_par' dir='ltr' id='par_1_67' title="bbox 635 3491 2204 3565">
     <span class='ocr_line' id='line_1_67' title="bbox 635 3491 2204 3565; baseline 0.009 -21"><span class='ocrx_word' id='word_1_460' title='bbox 635 3491 939 3559; x_wconf 87' lang='lat' dir='ltr'><strong>possidere,</strong></span> <span class='ocrx_word' id='word_1_461' title='bbox 986 3509 1327 3565; x_wconf 88' lang='lat' dir='ltr'><strong>consequens</strong></span> <span class='ocrx_word' id='word_1_462' title='bbox 1364 3501 1481 3554; x_wconf 90' lang='lat' dir='ltr'><strong>sine</strong></span> <span class='ocrx_word' id='word_1_463' title='bbox 1533 3500 1696 3556; x_wconf 89' lang='lat' dir='ltr'><strong>dubio</strong></span> <span class='ocrx_word' id='word_1_464' title='bbox 1729 3502 1999 3557; x_wconf 82' lang='lat' dir='ltr'><strong>videbitur</strong></span> <span class='ocrx_word' id='word_1_465' title='bbox 2043 3508 2204 3559; x_wconf 90' lang='lat' dir='ltr'><strong>etiam</strong></span> 
     </span>
    </p>
   </div>
   <div class='ocr_carea' id='block_1_68' title="bbox 636 3584 2205 3651">
    <p class='ocr_par' dir='ltr' id='par_1_68' title="bbox 636 3584 2205 3651">
     <span class='ocr_line' id='line_1_68' title="bbox 636 3584 2205 3651; baseline 0.011 -17"><span class='ocrx_word' id='word_1_466' title='bbox 636 3597 699 3634; x_wconf 88' lang='lat' dir='ltr'><strong>ea</strong></span> <span class='ocrx_word' id='word_1_467' title='bbox 748 3597 866 3650; x_wconf 74' lang='lat' dir='ltr'><strong>qua:</strong></span> <span class='ocrx_word' id='word_1_468' title='bbox 925 3584 977 3637; x_wconf 91' lang='lat' dir='ltr'><strong>in</strong></span> <span class='ocrx_word' id='word_1_469' title='bbox 1036 3590 1331 3643; x_wconf 87' lang='lat' dir='ltr'><strong>contrariis</strong></span> <span class='ocrx_word' id='word_1_470' title='bbox 1385 3590 1576 3646; x_wconf 75' lang='lat' dir='ltr'><strong>ofﬁciis</strong></span> <span class='ocrx_word' id='word_1_471' title='bbox 1633 3593 1904 3648; x_wconf 88' lang='lat' dir='ltr'><strong>nominata</strong></span> <span class='ocrx_word' id='word_1_472' title='bbox 1955 3608 2079 3650; x_wconf 91' lang='lat' dir='ltr'><strong>sunt</strong></span> <span class='ocrx_word' id='word_1_473' title='bbox 2139 3599 2205 3651; x_wconf 92' lang='lat' dir='ltr'><strong>ad</strong></span> 
     </span>
    </p>
   </div>
   <div class='ocr_carea' id='block_1_69' title="bbox 637 3673 2207 3758">
    <p class='ocr_par' dir='ltr' id='par_1_69' title="bbox 637 3673 2207 3758">
     <span class='ocr_line' id='line_1_69' title="bbox 637 3673 2207 3758; baseline 0.012 -32"><span class='ocrx_word' id='word_1_474' title='bbox 637 3673 780 3727; x_wconf 89' lang='lat' dir='ltr'><strong>hunc</strong></span> <span class='ocrx_word' id='word_1_475' title='bbox 827 3676 1043 3730; x_wconf 92' lang='lat' dir='ltr'><strong>modum</strong></span> <span class='ocrx_word' id='word_1_476' title='bbox 1095 3680 1317 3751; x_wconf 78' lang='lat' dir='ltr'><strong>intelligi</strong></span> <span class='ocrx_word' id='word_1_477' title='bbox 1368 3683 1600 3741; x_wconf 83' lang='lat' dir='ltr'><strong>debere:</strong></span> <span class='ocrx_word' id='word_1_478' title='bbox 1657 3686 1727 3738; x_wconf 89' lang='lat' dir='ltr'><strong>ita</strong></span> <span class='ocrx_word' id='word_1_479' title='bbox 1781 3697 1838 3740; x_wconf 91' lang='lat' dir='ltr'><strong>ut</strong></span> <span class='ocrx_word' id='word_1_480' title='bbox 1872 3690 2207 3758; x_wconf 87' lang='lat' dir='ltr'><strong>principatus</strong></span> 
     </span>
    </p>
   </div>
   <div class='ocr_carea' id='block_1_70' title="bbox 636 3766 2206 3852">
    <p class='ocr_par' dir='ltr' id='par_1_70' title="bbox 636 3766 2206 3852">
     <span class='ocr_line' id='line_1_70' title="bbox 636 3766 2206 3852; baseline 0.014 -35"><span class='ocrx_word' id='word_1_481' title='bbox 636 3766 712 3818; x_wconf 89' lang='lat' dir='ltr'><strong>illi</strong></span> <span class='ocrx_word' id='word_1_482' title='bbox 748 3769 1008 3824; x_wconf 87' lang='lat' dir='ltr'><strong>adversus</strong></span> <span class='ocrx_word' id='word_1_483' title='bbox 1034 3786 1169 3840; x_wconf 91' lang='lat' dir='ltr'><strong>quos</strong></span> <span class='ocrx_word' id='word_1_484' title='bbox 1205 3776 1364 3829; x_wconf 89' lang='lat' dir='ltr'><strong>nobis</strong></span> <span class='ocrx_word' id='word_1_485' title='bbox 1399 3786 1482 3830; x_wconf 88' lang='lat' dir='ltr'><strong>est</strong></span> <span class='ocrx_word' id='word_1_486' title='bbox 1512 3778 1849 3845; x_wconf 87' lang='lat' dir='ltr'><strong>colluctatio,</strong></span> <span class='ocrx_word' id='word_1_487' title='bbox 1880 3781 2006 3835; x_wconf 89' lang='lat' dir='ltr'><strong>illud</strong></span> <span class='ocrx_word' id='word_1_488' title='bbox 2034 3785 2206 3852; x_wconf 88' lang='lat' dir='ltr'><strong>ipsum</strong></span> 
     </span>
    </p>
   </div>
   <div class='ocr_carea' id='block_1_71' title="bbox 636 3857 2204 3940">
    <p class='ocr_par' dir='ltr' id='par_1_71' title="bbox 636 3857 2204 3940">
     <span class='ocr_line' id='line_1_71' title="bbox 636 3857 2204 3940; baseline 0.014 -32"><span class='ocrx_word' id='word_1_489' title='bbox 636 3857 924 3913; x_wconf 88' lang='lat' dir='ltr'><strong>obluctans</strong></span> <span class='ocrx_word' id='word_1_490' title='bbox 958 3876 1021 3916; x_wconf 90' lang='lat' dir='ltr'><strong>ac</strong></span> <span class='ocrx_word' id='word_1_491' title='bbox 1057 3864 1320 3918; x_wconf 87' lang='lat' dir='ltr'><strong>resistens</strong></span> <span class='ocrx_word' id='word_1_492' title='bbox 1360 3869 1504 3922; x_wconf 92' lang='lat' dir='ltr'><strong>omni</strong></span> <span class='ocrx_word' id='word_1_493' title='bbox 1543 3869 1679 3923; x_wconf 93' lang='lat' dir='ltr'><strong>bono</strong></span> <span class='ocrx_word' id='word_1_494' title='bbox 1714 3874 2048 3940; x_wconf 90' lang='lat' dir='ltr'><strong>propositum</strong></span> <span class='ocrx_word' id='word_1_495' title='bbox 2100 3892 2204 3930; x_wconf 92' lang='lat' dir='ltr'><strong>non</strong></span> 
     </span>
    </p>
   </div>
   <div class='ocr_carea' id='block_1_72' title="bbox 635 3951 2208 4036">
    <p class='ocr_par' dir='ltr' id='par_1_72' title="bbox 635 3951 2208 4036">
     <span class='ocr_line' id='line_1_72' title="bbox 635 3951 2208 4036; baseline 0.015 -37"><span class='ocrx_word' id='word_1_496' title='bbox 635 3951 978 4016; x_wconf 87' lang='lat' dir='ltr'><strong>postmodum</strong></span> <span class='ocrx_word' id='word_1_497' title='bbox 1031 3956 1306 4025; x_wconf 89' lang='lat' dir='ltr'><strong>recepisse</strong></span> <span class='ocrx_word' id='word_1_498' title='bbox 1353 3961 1690 4017; x_wconf 80' lang='lat' dir='ltr'><strong>declinantes</strong></span> <span class='ocrx_word' id='word_1_499' title='bbox 1735 3979 1765 4016; x_wconf 89' lang='lat' dir='ltr'><strong>a</strong></span> <span class='ocrx_word' id='word_1_500' title='bbox 1815 3967 1957 4020; x_wconf 92' lang='lat' dir='ltr'><strong>bono</strong></span> <span class='ocrx_word' id='word_1_501' title='bbox 1992 3983 2089 4036; x_wconf 89' lang='lat' dir='ltr'><strong>per</strong></span> <span class='ocrx_word' id='word_1_502' title='bbox 2118 3986 2208 4022; x_wconf 72' lang='lat' dir='ltr'><strong>ar-</strong></span> 
     </span>
    </p>
   </div>
   <div class='ocr_carea' id='block_1_73' title="bbox 637 4041 2205 4132">
    <p class='ocr_par' dir='ltr' id='par_1_73' title="bbox 637 4041 2205 4132">
     <span class='ocr_line' id='line_1_73' title="bbox 637 4041 2205 4132; baseline 0.016 -40"><span class='ocrx_word' id='word_1_503' title='bbox 637 4041 783 4096; x_wconf 87' lang='lat' dir='ltr'><strong>bitrii</strong></span> <span class='ocrx_word' id='word_1_504' title='bbox 818 4044 1118 4104; x_wconf 87' lang='lat' dir='ltr'><strong>libertatem</strong></span> <span class='ocrx_word' id='word_1_505' title='bbox 1149 4063 1408 4119; x_wconf 89' lang='lat' dir='ltr'><strong>putentur</strong></span> <span class='ocrx_word' id='word_1_506' title='bbox 1433 4055 1568 4125; x_wconf 84' lang='grc'>(22),</span> <span class='ocrx_word' id='word_1_507' title='bbox 1601 4060 1694 4114; x_wconf 89' lang='lat' dir='ltr'><strong>sed</strong></span> <span class='ocrx_word' id='word_1_508' title='bbox 1731 4075 1852 4114; x_wconf 88' lang='lat' dir='ltr'><strong>eum</strong></span> <span class='ocrx_word' id='word_1_509' title='bbox 1890 4063 2020 4132; x_wconf 83' lang='lat' dir='ltr'><strong>ipsis</strong></span> <span class='ocrx_word' id='word_1_510' title='bbox 2050 4067 2205 4118; x_wconf 85' lang='lat' dir='ltr'><strong>simul</strong></span> 
     </span>
    </p>
   </div>
   <div class='ocr_carea' id='block_1_74' title="bbox 636 4135 2209 4222">
    <p class='ocr_par' dir='ltr' id='par_1_74' title="bbox 636 4135 2209 4222">
     <span class='ocr_line' id='line_1_74' title="bbox 636 4135 2209 4222; baseline 0.014 -36"><span class='ocrx_word' id='word_1_511' title='bbox 636 4135 1065 4192; x_wconf 86' lang='lat' dir='ltr'><strong>substantialiter</strong></span> <span class='ocrx_word' id='word_1_512' title='bbox 1105 4144 1416 4211; x_wconf 73' lang='lat' dir='ltr'><strong>exstitisse;</strong></span> <span class='ocrx_word' id='word_1_513' title='bbox 1471 4149 1723 4204; x_wconf 91' lang='lat' dir='ltr'><strong>similiter</strong></span> <span class='ocrx_word' id='word_1_514' title='bbox 1753 4153 1920 4206; x_wconf 84' lang='lat' dir='ltr'><strong>etiam</strong></span> <span class='ocrx_word' id='word_1_515' title='bbox 1971 4167 2209 4222; x_wconf 77' lang='lat' dir='ltr'><strong>potesm-</strong></span> 
     </span>
    </p>
   </div>
   <div class='ocr_carea' id='block_1_75' title="bbox 640 4229 2207 4310">
    <p class='ocr_par' dir='ltr' id='par_1_75' title="bbox 640 4229 2207 4310">
     <span class='ocr_line' id='line_1_75' title="bbox 640 4229 2207 4310; baseline 0.016 -35"><span class='ocrx_word' id='word_1_516' title='bbox 640 4231 740 4286; x_wconf 87' lang='lat' dir='ltr'><strong>tes,</strong></span> <span class='ocrx_word' id='word_1_517' title='bbox 776 4236 830 4280; x_wconf 89' lang='lat' dir='ltr'><strong>et</strong></span> <span class='ocrx_word' id='word_1_518' title='bbox 858 4229 1098 4296; x_wconf 90' lang='lat' dir='ltr'><strong>virtutes,</strong></span> <span class='ocrx_word' id='word_1_519' title='bbox 1133 4251 1230 4289; x_wconf 91' lang='lat' dir='ltr'><strong>nec</strong></span> <span class='ocrx_word' id='word_1_520' title='bbox 1261 4250 1382 4292; x_wconf 87' lang='lat' dir='ltr'><strong>esse</strong></span> <span class='ocrx_word' id='word_1_521' title='bbox 1414 4239 1464 4292; x_wconf 91' lang='lat' dir='ltr'><strong>in</strong></span> <span class='ocrx_word' id='word_1_522' title='bbox 1497 4241 1577 4294; x_wconf 89' lang='lat' dir='ltr'><strong>eis</strong></span> <span class='ocrx_word' id='word_1_523' title='bbox 1600 4242 1871 4310; x_wconf 87' lang='lat' dir='ltr'><strong>juniorem</strong></span> <span class='ocrx_word' id='word_1_524' title='bbox 1906 4246 2207 4301; x_wconf 86' lang='lat' dir='ltr'><strong>substantia</strong></span> 
     </span>
    </p>
   </div>
   <div class='ocr_carea' id='block_1_76' title="bbox 635 4323 2206 4407">
    <p class='ocr_par' dir='ltr' id='par_1_76' title="bbox 635 4323 2206 4407">
     <span class='ocr_line' id='line_1_76' title="bbox 635 4323 2206 4407; baseline 0.016 -40"><span class='ocrx_word' id='word_1_525' title='bbox 635 4331 729 4369; x_wconf 82' lang='lat' dir='ltr'><strong>sua</strong></span> <span class='ocrx_word' id='word_1_526' title='bbox 748 4323 1210 4396; x_wconf 85' lang='lat' dir='ltr'><strong>posterioremque</strong></span> <span class='ocrx_word' id='word_1_527' title='bbox 1231 4331 1514 4386; x_wconf 81' lang='lat' dir='ltr'><strong>malitiam.</strong></span> <span class='ocrx_word' id='word_1_528' title='bbox 1539 4333 1611 4388; x_wconf 90' lang='lat' dir='ltr'><strong>Illi</strong></span> <span class='ocrx_word' id='word_1_529' title='bbox 1631 4350 1847 4404; x_wconf 88' lang='lat' dir='ltr'><strong>quoque</strong></span> <span class='ocrx_word' id='word_1_530' title='bbox 1864 4353 2002 4407; x_wconf 85' lang='lat' dir='ltr'><strong>quos</strong></span> <span class='ocrx_word' id='word_1_531' title='bbox 2027 4341 2206 4392; x_wconf 84' lang='lat' dir='ltr'><strong>unnuli</strong></span> 
     </span>
    </p>
   </div>
   <div class='ocr_carea' id='block_1_77' title="bbox 641 4412 2207 4504">
    <p class='ocr_par' dir='ltr' id='par_1_77' title="bbox 641 4412 2207 4504">
     <span class='ocr_line' id='line_1_77' title="bbox 641 4412 2207 4504; baseline 0.022 -45"><span class='ocrx_word' id='word_1_532' title='bbox 641 4412 984 4471; x_wconf 88' lang='lat' dir='ltr'><strong>tenebrarum</strong></span> <span class='ocrx_word' id='word_1_533' title='bbox 1040 4433 1281 4479; x_wconf 90' lang='lat' dir='ltr'><strong>rectores</strong></span> <span class='ocrx_word' id='word_1_534' title='bbox 1330 4435 1384 4479; x_wconf 88' lang='lat' dir='ltr'><strong>et</strong></span> <span class='ocrx_word' id='word_1_535' title='bbox 1432 4429 1706 4498; x_wconf 83' lang='lat' dir='ltr'><strong>principes</strong></span> <span class='ocrx_word' id='word_1_536' title='bbox 1755 4433 2068 4504; x_wconf 88' lang='lat' dir='ltr'><strong>appellavit,</strong></span> <span class='ocrx_word' id='word_1_537' title='bbox 2107 4437 2207 4490; x_wconf 85' lang='lat' dir='ltr'><strong>hoc</strong></span> 
     </span>
    </p>
   </div>
   <div class='ocr_carea' id='block_1_78' title="bbox 635 4507 2202 4601">
    <p class='ocr_par' dir='ltr' id='par_1_78' title="bbox 635 4507 2202 4601">
     <span class='ocr_line' id='line_1_78' title="bbox 635 4507 2202 4601; baseline 0.019 -46"><span class='ocrx_word' id='word_1_538' title='bbox 635 4507 778 4571; x_wconf 87' lang='lat' dir='ltr'><strong>quod</strong></span> <span class='ocrx_word' id='word_1_539' title='bbox 825 4510 1200 4583; x_wconf 89' lang='lat' dir='ltr'><strong>principantur</strong></span> <span class='ocrx_word' id='word_1_540' title='bbox 1243 4527 1295 4573; x_wconf 89' lang='lat' dir='ltr'><strong>et</strong></span> <span class='ocrx_word' id='word_1_541' title='bbox 1344 4521 1589 4577; x_wconf 90' lang='lat' dir='ltr'><strong>obtinent</strong></span> <span class='ocrx_word' id='word_1_542' title='bbox 1639 4527 1892 4582; x_wconf 87' lang='lat' dir='ltr'><strong>tenebras</strong></span> <span class='ocrx_word' id='word_1_543' title='bbox 1925 4527 2058 4601; x_wconf 80' lang='grc'>(25),</span> <span class='ocrx_word' id='word_1_544' title='bbox 2097 4546 2202 4584; x_wconf 77' lang='lat' dir='ltr'><strong>non</strong></span> 
     </span>
    </p>
   </div>
   <div class='ocr_carea' id='block_1_79' title="bbox 708 4620 1426 4688">
    <p class='ocr_par' dir='ltr' id='par_1_79' title="bbox 708 4620 1426 4688">
     <span class='ocr_line' id='line_1_79' title="bbox 708 4620 1426 4688; baseline 0.019 -14"><span class='ocrx_word' id='word_1_545' title='bbox 708 4620 753 4652; x_wconf 82' lang='grc'><strong>⁰⁷</strong></span> <span class='ocrx_word' id='word_1_546' title='bbox 778 4621 974 4682; x_wconf 87' lang='lat' dir='ltr'><strong>Ezech.</strong></span> <span class='ocrx_word' id='word_1_547' title='bbox 1000 4643 1128 4684; x_wconf 73' lang='grc' dir='ltr'>ιιιιί</span> <span class='ocrx_word' id='word_1_548' title='bbox 1158 4640 1211 4685; x_wconf 92' lang='lat' dir='ltr'><strong>et</strong></span> <span class='ocrx_word' id='word_1_549' title='bbox 1242 4648 1426 4688; x_wconf 82' lang='lat' dir='ltr'><strong>xxvtu.</strong></span> 
     </span>
    </p>
   </div>
   <div class='ocr_carea' id='block_1_80' title="bbox 707 4762 2281 4840">
    <p class='ocr_par' dir='ltr' id='par_1_80' title="bbox 707 4762 2281 4840">
     <span class='ocr_line' id='line_1_80' title="bbox 707 4762 2281 4840; baseline 0.01 -26"><span class='ocrx_word' id='word_1_550' title='bbox 707 4762 816 4840; x_wconf 69' lang='lat'><strong>(18)</strong></span> <span class='ocrx_word' id='word_1_551' title='bbox 849 4763 1234 4840; x_wconf 65' lang='lat' dir='ltr'><strong>Requirendum</strong></span> <span class='ocrx_word' id='word_1_552' title='bbox 1281 4781 1354 4823; x_wconf 86' lang='lat' dir='ltr'><strong>est</strong></span> <span class='ocrx_word' id='word_1_553' title='bbox 1404 4781 1578 4825; x_wconf 83' lang='lat' dir='ltr'><strong>utrum</strong></span> <span class='ocrx_word' id='word_1_554' title='bbox 1625 4776 1864 4827; x_wconf 79' lang='lat' dir='ltr'><strong>conditor</strong></span> <span class='ocrx_word' id='word_1_555' title='bbox 1907 4785 1954 4828; x_wconf 78' lang='lat' dir='ltr'><strong>ct</strong></span> <span class='ocrx_word' id='word_1_556' title='bbox 2002 4789 2206 4831; x_wconf 82' lang='lat' dir='ltr'><strong>creator</strong></span> <span class='ocrx_word' id='word_1_557' title='bbox 2239 4787 2281 4840; x_wconf 88' lang='grc' dir='ltr'>ι)</span> 
     </span>
    </p>
   </div>
   <div class='ocr_carea' id='block_1_81' title="bbox 639 4835 2200 4915">
    <p class='ocr_par' dir='ltr' id='par_1_81' title="bbox 639 4835 2200 4915">
     <span class='ocr_line' id='line_1_81' title="bbox 639 4835 2200 4915; baseline 0.012 -32"><span class='ocrx_word' id='word_1_558' title='bbox 639 4836 871 4885; x_wconf 84' lang='lat' dir='ltr'><strong>onmium</strong></span> <span class='ocrx_word' id='word_1_559' title='bbox 918 4835 1079 4915; x_wconf 71' lang='lat' dir='ltr'><strong>Deus,</strong></span> <span class='ocrx_word' id='word_1_560' title='bbox 1125 4840 1381 4915; x_wconf 65' lang='lat' dir='ltr'><strong>quosdam</strong></span> <span class='ocrx_word' id='word_1_561' title='bbox 1407 4844 1615 4915; x_wconf 72' lang='lat' dir='ltr'><strong>quidem</strong></span> <span class='ocrx_word' id='word_1_562' title='bbox 1663 4861 1727 4898; x_wconf 78' lang='lat' dir='ltr'><strong>ex</strong></span> <span class='ocrx_word' id='word_1_563' title='bbox 1773 4845 1855 4898; x_wconf 80' lang='lat' dir='ltr'><strong>Itis</strong></span> <span class='ocrx_word' id='word_1_564' title='bbox 1902 4846 1978 4899; x_wconf 88' lang='lat' dir='ltr'><strong>ita</strong></span> <span class='ocrx_word' id='word_1_565' title='bbox 2024 4850 2200 4915; x_wconf 80' lang='lat' dir='ltr'><strong>fecerit</strong></span> 
     </span>
    </p>
   </div>
   <div class='ocr_carea' id='block_1_82' title="bbox 635 4905 2203 4984">
    <p class='ocr_par' dir='ltr' id='par_1_82' title="bbox 635 4905 2203 4984">
     <span class='ocr_line' id='line_1_82' title="bbox 635 4905 2203 4984; baseline 0.009 -28"><span class='ocrx_word' id='word_1_566' title='bbox 635 4913 945 4984; x_wconf 41' lang='lat' dir='ltr'><strong>sanctorum</strong></span> <span class='ocrx_word' id='word_1_567' title='bbox 991 4905 1189 4984; x_wconf 42' lang='lat' dir='ltr'><strong>beatos</strong></span> <span class='ocrx_word' id='word_1_568' title='bbox 1214 4919 1270 4984; x_wconf 75' lang='lat' dir='ltr'><strong>ut</strong></span> <span class='ocrx_word' id='word_1_569' title='bbox 1306 4905 1438 4984; x_wconf 64' lang='lat' dir='ltr'><strong>njhil</strong></span> <span class='ocrx_word' id='word_1_570' title='bbox 1485 4917 1686 4980; x_wconf 79' lang='lat' dir='ltr'><strong>possint</strong></span> <span class='ocrx_word' id='word_1_571' title='bbox 1726 4917 1953 4984; x_wconf 83' lang='lat' dir='ltr'><strong>recipere</strong></span> <span class='ocrx_word' id='word_1_572' title='bbox 1992 4905 2203 4970; x_wconf 75' lang='lat' dir='ltr'><strong>oinuiuo</strong></span> 
     </span>
    </p>
   </div>
   <div class='ocr_carea' id='block_1_83' title="bbox 637 4977 2201 5055">
    <p class='ocr_par' dir='ltr' id='par_1_83' title="bbox 637 4977 2201 5055">
     <span class='ocr_line' id='line_1_83' title="bbox 637 4977 2201 5055; baseline 0.011 -32"><span class='ocrx_word' id='word_1_573' title='bbox 637 4977 1282 5055; x_wconf 29' lang='lat' dir='ltr'><strong>Eontrariu‘i‘nkelcl-“Vide</strong></span> <span class='ocrx_word' id='word_1_574' title='bbox 1311 4977 1750 5055; x_wconf 76' lang='lat' dir='ltr'><strong>Qrigetiinuorum</strong></span> <span class='ocrx_word' id='word_1_575' title='bbox 1801 4977 1893 5040; x_wconf 50' lang='lat' dir='ltr'><strong>li&#39;h.</strong></span> <span class='ocrx_word' id='word_1_576' title='bbox 1928 5002 1986 5051; x_wconf 90' lang='lat' dir='ltr'><strong>tt,</strong></span> <span class='ocrx_word' id='word_1_577' title='bbox 2010 4999 2201 5055; x_wconf 66' lang='lat' dir='ltr'><strong>quiest.</strong></span> 
     </span>
    </p>
   </div>
   <div class='ocr_carea' id='block_1_84' title="bbox 644 5043 2203 5124">
    <p class='ocr_par' dir='ltr' id='par_1_84' title="bbox 644 5043 2203 5124">
     <span class='ocr_line' id='line_1_84' title="bbox 644 5043 2203 5124; baseline 0.011 -31"><span class='ocrx_word' id='word_1_578' title='bbox 644 5043 691 5124; x_wconf 43' lang='grc' dir='ltr'>τι</span> <span class='ocrx_word' id='word_1_579' title='bbox 719 5059 870 5123; x_wconf 66' lang='lat' dir='ltr'><strong>itum.</strong></span> <span class='ocrx_word' id='word_1_580' title='bbox 903 5043 1058 5124; x_wconf 45' lang='lat' dir='ltr'><strong>ipe</strong></span> <span class='ocrx_word' id='word_1_581' title='bbox 1089 5043 1515 5124; x_wconf 29' lang='lat' dir='ltr'><strong>libet&#39;o‘at&#39;biturio,</strong></span> <span class='ocrx_word' id='word_1_582' title='bbox 1548 5066 1601 5107; x_wconf 90' lang='lat' dir='ltr'><strong>et</strong></span> <span class='ocrx_word' id='word_1_583' title='bbox 1631 5066 1822 5124; x_wconf 66' lang='lat' dir='ltr'><strong>quaest.</strong></span> <span class='ocrx_word' id='word_1_584' title='bbox 1853 5057 1908 5118; x_wconf 85' lang='lat'><strong>5,</strong></span> <span class='ocrx_word' id='word_1_585' title='bbox 1941 5043 2088 5109; x_wconf 77' lang='lat' dir='ltr'><strong>nunt.</strong></span> <span class='ocrx_word' id='word_1_586' title='bbox 2117 5059 2203 5122; x_wconf 82' lang='lat' dir='ltr'><strong>ll,</strong></span> 
     </span>
    </p>
   </div>
   <div class='ocr_carea' id='block_1_85' title="bbox 640 5113 2207 5194">
    <p class='ocr_par' dir='ltr' id='par_1_85' title="bbox 640 5113 2207 5194">
     <span class='ocr_line' id='line_1_85' title="bbox 640 5113 2207 5194; baseline 0.011 -31"><span class='ocrx_word' id='word_1_587' title='bbox 640 5113 731 5194; x_wconf 76' lang='lat' dir='ltr'><strong>ubi</strong></span> <span class='ocrx_word' id='word_1_588' title='bbox 762 5116 1102 5194; x_wconf 40' lang='lat' dir='ltr'><strong>.exlpenditur</strong></span> <span class='ocrx_word' id='word_1_589' title='bbox 1148 5119 1277 5186; x_wconf 90' lang='lat' dir='ltr'><strong>quid</strong></span> <span class='ocrx_word' id='word_1_590' title='bbox 1326 5121 1392 5173; x_wconf 89' lang='lat' dir='ltr'><strong>de</strong></span> <span class='ocrx_word' id='word_1_591' title='bbox 1429 5113 1740 5194; x_wconf 73' lang='lat' dir='ltr'><strong>angelorum</strong></span> <span class='ocrx_word' id='word_1_592' title='bbox 1789 5113 2043 5183; x_wconf 80' lang='lat' dir='ltr'><strong>libertate</strong></span> <span class='ocrx_word' id='word_1_593' title='bbox 2091 5113 2207 5182; x_wconf 52' lang='lat' dir='ltr'><strong>sta;</strong></span> 
     </span>
    </p>
   </div>
   <div class='ocr_carea' id='block_1_86' title="bbox 638 5184 1113 5251">
    <p class='ocr_par' dir='ltr' id='par_1_86' title="bbox 638 5184 1113 5251">
     <span class='ocr_line' id='line_1_86' title="bbox 638 5184 1113 5251; baseline 0.006 -16"><span class='ocrx_word' id='word_1_594' title='bbox 638 5184 801 5251; x_wconf 83' lang='lat' dir='ltr'><strong>tuerit</strong></span> <span class='ocrx_word' id='word_1_595' title='bbox 834 5184 1113 5251; x_wconf 84' lang='lat' dir='ltr'><strong>Origenes.</strong></span> 
     </span>
    </p>
   </div>
   <div class='ocr_carea' id='block_1_87' title="bbox 713 5249 1843 5331">
    <p class='ocr_par' dir='ltr' id='par_1_87' title="bbox 713 5249 1843 5331">
     <span class='ocr_line' id='line_1_87' title="bbox 713 5249 1843 5331; baseline 0.018 -29"><span class='ocrx_word' id='word_1_596' title='bbox 856 5249 1104 5331; x_wconf 64' lang='lat' dir='ltr'><strong>Sieinss.</strong></span> <span class='ocrx_word' id='word_1_597' title='bbox 1134 5257 1302 5331; x_wconf 79' lang='lat' dir='ltr'><strong>Alias,</strong></span> <span class='ocrx_word' id='word_1_598' title='bbox 1335 5278 1355 5308; x_wconf 89' lang='grc'><em>‹</em></span> <span class='ocrx_word' id='word_1_599' title='bbox 1388 5275 1509 5315; x_wconf 86' lang='lat' dir='ltr'><strong>esse</strong></span> <span class='ocrx_word' id='word_1_600' title='bbox 1538 5279 1782 5331; x_wconf 86' lang='lat' dir='ltr'><strong>capaces.</strong></span> <span class='ocrx_word' id='word_1_601' title='bbox 1824 5287 1843 5320; x_wconf 77' lang='grc' dir='ltr'><strong>ι</strong></span> 
     </span>
    </p>
   </div>
   <div class='ocr_carea' id='block_1_88' title="bbox 715 5321 2206 5408">
    <p class='ocr_par' dir='ltr' id='par_1_88' title="bbox 715 5321 2206 5408">
     <span class='ocr_line' id='line_1_88' title="bbox 715 5321 2206 5408; baseline 0.014 -38"><span class='ocrx_word' id='word_1_602' title='bbox 715 5321 824 5408; x_wconf 62' lang='grc'>(29)</span> <span class='ocrx_word' id='word_1_603' title='bbox 849 5321 1074 5408; x_wconf 27' lang='grc' dir='ltr'><strong>,ξι-ξιιοβ</strong></span> <span class='ocrx_word' id='word_1_604' title='bbox 1110 5329 1240 5408; x_wconf 62' lang='lat' dir='ltr'><strong>tales</strong></span> <span class='ocrx_word' id='word_1_605' title='bbox 1275 5343 1495 5408; x_wconf 60' lang='lat' dir='ltr'><strong>creatos,</strong></span> <span class='ocrx_word' id='word_1_606' title='bbox 1534 5321 1678 5387; x_wconf 50' lang='lat' dir='ltr'><strong>et&#39;ad</strong></span> <span class='ocrx_word' id='word_1_607' title='bbox 1719 5340 1813 5390; x_wconf 82' lang='lat' dir='ltr'><strong>hoc</strong></span> <span class='ocrx_word' id='word_1_608' title='bbox 1840 5343 2010 5408; x_wconf 65' lang='lat' dir='ltr'><strong>[actos</strong></span> <span class='ocrx_word' id='word_1_609' title='bbox 2042 5347 2095 5389; x_wconf 84' lang='lat' dir='ltr'><strong>ut</strong></span> <span class='ocrx_word' id='word_1_610' title='bbox 2121 5354 2206 5392; x_wconf 82' lang='lat' dir='ltr'><strong>es-</strong></span> 
     </span>
    </p>
   </div>
   <div class='ocr_carea' id='block_1_89' title="bbox 641 5392 2204 5472">
    <p class='ocr_par' dir='ltr' id='par_1_89' title="bbox 641 5392 2204 5472">
     <span class='ocr_line' id='line_1_89' title="bbox 641 5392 2204 5472; baseline 0.012 -28"><span class='ocrx_word' id='word_1_611' title='bbox 641 5392 1060 5472; x_wconf 49' lang='lat' dir='ltr'><strong>setirsubdtirei</strong></span> <span class='ocrx_word' id='word_1_612' title='bbox 1097 5399 1333 5472; x_wconf 83' lang='lat' dir='ltr'><strong>subjecti.</strong></span> <span class='ocrx_word' id='word_1_613' title='bbox 1387 5392 1510 5455; x_wconf 70' lang='lat' dir='ltr'><strong>llaec</strong></span> <span class='ocrx_word' id='word_1_614' title='bbox 1545 5408 1736 5459; x_wconf 89' lang='lat' dir='ltr'><strong>desunt</strong></span> <span class='ocrx_word' id='word_1_615' title='bbox 1782 5392 1852 5460; x_wconf 81' lang='grc' dir='ltr'><strong>ιη’</strong></span> <span class='ocrx_word' id='word_1_616' title='bbox 1881 5409 2012 5461; x_wconf 69' lang='grc' dir='ltr'>ιίιιιι.</span> <span class='ocrx_word' id='word_1_617' title='bbox 2045 5421 2204 5462; x_wconf 83' lang='lat' dir='ltr'><strong>antea</strong></span> 
     </span>
    </p>
   </div>
   <div class='ocr_carea' id='block_1_90' title="bbox 643 5463 1773 5530">
    <p class='ocr_par' dir='ltr' id='par_1_90' title="bbox 643 5463 1773 5530">
     <span class='ocr_line' id='line_1_90' title="bbox 643 5463 1773 5530; baseline 0.012 -15"><span class='ocrx_word' id='word_1_618' title='bbox 643 5463 823 5521; x_wconf 87' lang='lat' dir='ltr'><strong>editis,</strong></span> <span class='ocrx_word' id='word_1_619' title='bbox 851 5464 945 5516; x_wconf 85' lang='lat' dir='ltr'><strong>sed</strong></span> <span class='ocrx_word' id='word_1_620' title='bbox 974 5463 1243 5521; x_wconf 84' lang='lat' dir='ltr'><strong>habentur</strong></span> <span class='ocrx_word' id='word_1_621' title='bbox 1272 5471 1325 5522; x_wconf 92' lang='lat' dir='ltr'><strong>in</strong></span> <span class='ocrx_word' id='word_1_622' title='bbox 1356 5473 1604 5526; x_wconf 90' lang='lat' dir='ltr'><strong>onmibus</strong></span> <span class='ocrx_word' id='word_1_623' title='bbox 1641 5491 1773 5530; x_wconf 90' lang='lat' dir='ltr'><strong>mss.</strong></span> 
     </span>
    </p>
   </div>
   <div class='ocr_carea' id='block_1_91' title="bbox 713 5530 2210 5605">
    <p class='ocr_par' dir='ltr' id='par_1_91' title="bbox 713 5530 2210 5605">
     <span class='ocr_line' id='line_1_91' title="bbox 713 5530 2210 5605; baseline 0.013 -22"><span class='ocrx_word' id='word_1_624' title='bbox 713 5530 824 5605; x_wconf 68' lang='lat' dir='ltr'><strong>(2i)</strong></span> <span class='ocrx_word' id='word_1_625' title='bbox 858 5532 949 5586; x_wconf 84' lang='lat' dir='ltr'><strong>Sic</strong></span> <span class='ocrx_word' id='word_1_626' title='bbox 979 5550 1109 5605; x_wconf 80' lang='lat' dir='ltr'><strong>mss.</strong></span> <span class='ocrx_word' id='word_1_627' title='bbox 1155 5538 1323 5602; x_wconf 84' lang='lat' dir='ltr'><strong>Alias,</strong></span> <span class='ocrx_word' id='word_1_628' title='bbox 1364 5558 1382 5591; x_wconf 81' lang='grc' dir='ltr'><strong>ι</strong></span> <span class='ocrx_word' id='word_1_629' title='bbox 1424 5556 1488 5594; x_wconf 88' lang='lat' dir='ltr'><strong>an</strong></span> <span class='ocrx_word' id='word_1_630' title='bbox 1526 5559 1593 5596; x_wconf 75' lang='lat' dir='ltr'><strong>ex</strong></span> <span class='ocrx_word' id='word_1_631' title='bbox 1632 5547 1911 5601; x_wconf 82' lang='lat' dir='ltr'><strong>voluntate</strong></span> <span class='ocrx_word' id='word_1_632' title='bbox 1954 5547 2065 5602; x_wconf 91' lang='lat' dir='ltr'><strong>sola</strong></span> <span class='ocrx_word' id='word_1_633' title='bbox 2099 5551 2210 5605; x_wconf 73' lang='lat' dir='ltr'><strong>lucc</strong></span> 
     </span>
    </p>
   </div>
   <div class='ocr_carea' id='block_1_92' title="bbox 643 5603 2212 5686">
    <p class='ocr_par' dir='ltr' id='par_1_92' title="bbox 643 5603 2212 5686">
     <span class='ocr_line' id='line_1_92' title="bbox 643 5603 2212 5686; baseline 0.015 -36"><span class='ocrx_word' id='word_1_634' title='bbox 643 5603 955 5686; x_wconf 71' lang='lat' dir='ltr'><strong>possideant</strong></span> <span class='ocrx_word' id='word_1_635' title='bbox 987 5603 1283 5686; x_wconf 21' lang='lat' dir='ltr'><strong>Ct‘eatori‘s.</strong></span> <span class='ocrx_word' id='word_1_636' title='bbox 1309 5611 1428 5686; x_wconf 21' lang='lat' dir='ltr'><strong>‘Vef</strong></span> <span class='ocrx_word' id='word_1_637' title='bbox 1449 5627 1566 5679; x_wconf 77' lang='lat' dir='ltr'><strong>qua:</strong></span> <span class='ocrx_word' id='word_1_638' title='bbox 1592 5619 1934 5686; x_wconf 87' lang='lat' dir='ltr'><strong>appellantur</strong></span> <span class='ocrx_word' id='word_1_639' title='bbox 1964 5603 2212 5673; x_wconf 86' lang='lat' dir='ltr'><strong>domina-</strong></span> 
     </span>
    </p>
   </div>
   <div class='ocr_carea' id='block_1_93' title="bbox 646 5675 2208 5758">
    <p class='ocr_par' dir='ltr' id='par_1_93' title="bbox 646 5675 2208 5758">
     <span class='ocr_line' id='line_1_93' title="bbox 646 5675 2208 5758; baseline 0.012 -33"><span class='ocrx_word' id='word_1_640' title='bbox 646 5675 840 5752; x_wconf 73' lang='lat' dir='ltr'><strong>tiones,</strong></span> <span class='ocrx_word' id='word_1_641' title='bbox 878 5675 958 5726; x_wconf 66' lang='lat' dir='ltr'><strong>hee</strong></span> <span class='ocrx_word' id='word_1_642' title='bbox 989 5677 1048 5755; x_wconf 41' lang='lat' dir='ltr'><strong>.si</strong></span> <span class='ocrx_word' id='word_1_643' title='bbox 1081 5681 1240 5758; x_wconf 38' lang='lat' dir='ltr'><strong>ﬁtptod</strong></span> <span class='ocrx_word' id='word_1_644' title='bbox 1289 5675 1638 5758; x_wconf 37' lang='lat' dir='ltr'><strong>domin-autut:</strong></span> <span class='ocrx_word' id='word_1_645' title='bbox 1661 5675 1779 5741; x_wconf 81' lang='grc' dir='ltr'>ἰιυιι</span> <span class='ocrx_word' id='word_1_646' title='bbox 1813 5705 1906 5758; x_wconf 87' lang='lat' dir='ltr'><strong>per</strong></span> <span class='ocrx_word' id='word_1_647' title='bbox 1961 5689 2084 5742; x_wconf 86' lang='lat' dir='ltr'><strong>facti</strong></span> <span class='ocrx_word' id='word_1_648' title='bbox 2127 5692 2208 5743; x_wconf 92' lang='lat' dir='ltr'><strong>sui</strong></span> 
     </span>
    </p>
   </div>
   <div class='ocr_carea' id='block_1_94' title="bbox 648 5743 2211 5818">
    <p class='ocr_par' dir='ltr' id='par_1_94' title="bbox 648 5743 2211 5818">
     <span class='ocr_line' id='line_1_94' title="bbox 648 5743 2211 5818; baseline 0.015 -26"><span class='ocrx_word' id='word_1_649' title='bbox 648 5743 1033 5818; x_wconf 12' lang='lat' dir='ltr'><strong>meritutnieis</strong></span> <span class='ocrx_word' id='word_1_650' title='bbox 1080 5743 1241 5801; x_wconf 76' lang='lat' dir='ltr'><strong>fuerit</strong></span> <span class='ocrx_word' id='word_1_651' title='bbox 1293 5754 1391 5804; x_wconf 84' lang='lat' dir='ltr'><strong>add</strong></span> <span class='ocrx_word' id='word_1_652' title='bbox 1421 5765 1564 5818; x_wconf 88' lang='lat' dir='ltr'><strong>tutu,</strong></span> <span class='ocrx_word' id='word_1_653' title='bbox 1611 5760 1705 5810; x_wconf 77' lang='lat' dir='ltr'><strong>sed</strong></span> <span class='ocrx_word' id='word_1_654' title='bbox 1753 5743 1826 5816; x_wconf 65' lang='grc' dir='ltr'><strong>(ιε’</strong></span> <span class='ocrx_word' id='word_1_655' title='bbox 1885 5761 2211 5816; x_wconf 83' lang='lat' dir='ltr'><strong>conditionis</strong></span> 
     </span>
    </p>
   </div>
   <div class='ocr_carea' id='block_1_95' title="bbox 647 5817 1214 5885">
    <p class='ocr_par' dir='ltr' id='par_1_95' title="bbox 647 5817 1214 5885">
     <span class='ocr_line' id='line_1_95' title="bbox 647 5817 1214 5885; baseline 0.018 -22"><span class='ocrx_word' id='word_1_656' title='bbox 647 5817 1023 5885; x_wconf 57' lang='lat' dir='ltr'><strong>pra‘rogativa,</strong></span> <span class='ocrx_word' id='word_1_657' title='bbox 1061 5837 1077 5869; x_wconf 81' lang='grc' dir='ltr'><strong>ι</strong></span> <span class='ocrx_word' id='word_1_658' title='bbox 1113 5828 1214 5873; x_wconf 62' lang='lat' dir='ltr'><strong>etv.</strong></span> 
     </span>
    </p>
   </div>
   <div class='ocr_carea' id='block_1_96' title="bbox 2317 3244 3886 3316">
    <p class='ocr_par' dir='ltr' id='par_1_96' title="bbox 2317 3244 3886 3316">
     <span class='ocr_line' id='line_1_96' title="bbox 2317 3244 3886 3316; baseline -0.003 -16"><span class='ocrx_word' id='word_1_659' title='bbox 2317 3249 2472 3300; x_wconf 89' lang='lat' dir='ltr'><strong>malis</strong></span> <span class='ocrx_word' id='word_1_660' title='bbox 2534 3247 2826 3300; x_wconf 89' lang='lat' dir='ltr'><strong>virtutibus</strong></span> <span class='ocrx_word' id='word_1_661' title='bbox 2885 3248 3012 3316; x_wconf 91' lang='lat' dir='ltr'><strong>quid</strong></span> <span class='ocrx_word' id='word_1_662' title='bbox 3082 3255 3268 3302; x_wconf 91' lang='lat' dir='ltr'><strong>sancta</strong></span> <span class='ocrx_word' id='word_1_663' title='bbox 3347 3245 3631 3315; x_wconf 77' lang='lat' dir='ltr'><strong>Scriptura</strong></span> <span class='ocrx_word' id='word_1_664' title='bbox 3704 3244 3886 3298; x_wconf 88' lang='lat' dir='ltr'><strong>conti-</strong></span> 
     </span>
    </p>
   </div>
   <div class='ocr_carea' id='block_1_97' title="bbox 2315 3336 3883 3408">
    <p class='ocr_par' dir='ltr' id='par_1_97' title="bbox 2315 3336 3883 3408">
     <span class='ocr_line' id='line_1_97' title="bbox 2315 3336 3883 3408; baseline -0.003 -16"><span class='ocrx_word' id='word_1_665' title='bbox 2315 3349 2473 3402; x_wconf 86' lang='lat' dir='ltr'><strong>neat,</strong></span> <span class='ocrx_word' id='word_1_666' title='bbox 2515 3340 2894 3408; x_wconf 85' lang='lat' dir='ltr'><strong>proferemus;</strong></span> <span class='ocrx_word' id='word_1_667' title='bbox 2939 3349 3049 3393; x_wconf 86' lang='lat' dir='ltr'><strong>tum</strong></span> <span class='ocrx_word' id='word_1_668' title='bbox 3095 3339 3287 3393; x_wconf 90' lang='lat' dir='ltr'><strong>deinde</strong></span> <span class='ocrx_word' id='word_1_669' title='bbox 3339 3339 3502 3393; x_wconf 89' lang='lat' dir='ltr'><strong>etiam</strong></span> <span class='ocrx_word' id='word_1_670' title='bbox 3545 3338 3611 3390; x_wconf 92' lang='lat' dir='ltr'><strong>de</strong></span> <span class='ocrx_word' id='word_1_671' title='bbox 3669 3336 3883 3389; x_wconf 75' lang='lat' dir='ltr'><strong>cmteris</strong></span> 
     </span>
    </p>
   </div>
   <div class='ocr_carea' id='block_1_98' title="bbox 2311 3427 3874 3497">
    <p class='ocr_par' dir='ltr' id='par_1_98' title="bbox 2311 3427 3874 3497">
     <span class='ocr_line' id='line_1_98' title="bbox 2311 3427 3874 3497; baseline -0.001 -19"><span class='ocrx_word' id='word_1_672' title='bbox 2311 3427 2419 3497; x_wconf 79' lang='grc'>67</span> <span class='ocrx_word' id='word_1_673' title='bbox 2461 3427 2903 3496; x_wconf 81' lang='lat' dir='ltr'><strong>investigabitnus</strong></span> <span class='ocrx_word' id='word_1_674' title='bbox 2926 3468 2940 3492; x_wconf 95' lang='lat'><strong>,</strong></span> <span class='ocrx_word' id='word_1_675' title='bbox 2972 3428 3265 3482; x_wconf 89' lang='lat' dir='ltr'><strong>secundum</strong></span> <span class='ocrx_word' id='word_1_676' title='bbox 3298 3429 3440 3496; x_wconf 86' lang='lat' dir='ltr'><strong>quod</strong></span> <span class='ocrx_word' id='word_1_677' title='bbox 3478 3427 3740 3480; x_wconf 89' lang='lat' dir='ltr'><strong>Dominus</strong></span> <span class='ocrx_word' id='word_1_678' title='bbox 3775 3440 3874 3478; x_wconf 87' lang='lat' dir='ltr'><strong>nos</strong></span> 
     </span>
    </p>
   </div>
   <div class='ocr_carea' id='block_1_99' title="bbox 2315 3517 3891 3589">
    <p class='ocr_par' dir='ltr' id='par_1_99' title="bbox 2315 3517 3891 3589">
     <span class='ocr_line' id='line_1_99' title="bbox 2315 3517 3891 3589; baseline -0.001 -19"><span class='ocrx_word' id='word_1_679' title='bbox 2315 3517 2478 3572; x_wconf 80' lang='lat' dir='ltr'><strong>fuerit</strong></span> <span class='ocrx_word' id='word_1_680' title='bbox 2513 3519 2821 3573; x_wconf 78' lang='lat' dir='ltr'><strong>illuminare</strong></span> <span class='ocrx_word' id='word_1_681' title='bbox 2854 3521 3138 3589; x_wconf 89' lang='lat' dir='ltr'><strong>dignatus,</strong></span> <span class='ocrx_word' id='word_1_682' title='bbox 3190 3531 3249 3573; x_wconf 87' lang='lat' dir='ltr'><strong>ut</strong></span> <span class='ocrx_word' id='word_1_683' title='bbox 3302 3521 3355 3572; x_wconf 91' lang='lat' dir='ltr'><strong>iu</strong></span> <span class='ocrx_word' id='word_1_684' title='bbox 3400 3520 3565 3573; x_wconf 87' lang='lat' dir='ltr'><strong>rebus</strong></span> <span class='ocrx_word' id='word_1_685' title='bbox 3601 3528 3712 3570; x_wconf 87' lang='lat' dir='ltr'><strong>tam</strong></span> <span class='ocrx_word' id='word_1_686' title='bbox 3748 3517 3891 3570; x_wconf 58' lang='lat' dir='ltr'><strong>diffic</strong></span> 
     </span>
    </p>
   </div>
   <div class='ocr_carea' id='block_1_100' title="bbox 2315 3610 3886 3682">
    <p class='ocr_par' dir='ltr' id='par_1_100' title="bbox 2315 3610 3886 3682">
     <span class='ocr_line' id='line_1_100' title="bbox 2315 3610 3886 3682; baseline -0.001 -19"><span class='ocrx_word' id='word_1_687' title='bbox 2315 3612 2507 3665; x_wconf 90' lang='lat' dir='ltr'><strong>cilibus</strong></span> <span class='ocrx_word' id='word_1_688' title='bbox 2533 3612 2660 3680; x_wconf 92' lang='lat' dir='ltr'><strong>quid</strong></span> <span class='ocrx_word' id='word_1_689' title='bbox 2694 3613 2867 3682; x_wconf 86' lang='lat' dir='ltr'><strong>magis</strong></span> <span class='ocrx_word' id='word_1_690' title='bbox 2901 3615 3120 3667; x_wconf 84' lang='lat' dir='ltr'><strong>veritati</strong></span> <span class='ocrx_word' id='word_1_691' title='bbox 3156 3615 3224 3668; x_wconf 89' lang='lat' dir='ltr'><strong>sit</strong></span> <span class='ocrx_word' id='word_1_692' title='bbox 3254 3613 3559 3681; x_wconf 73' lang='lat' dir='ltr'><strong>proximum</strong></span> <span class='ocrx_word' id='word_1_693' title='bbox 3587 3651 3601 3675; x_wconf 98' lang='lat'><strong>,</strong></span> <span class='ocrx_word' id='word_1_694' title='bbox 3631 3610 3719 3663; x_wconf 89' lang='lat' dir='ltr'><strong>vel</strong></span> <span class='ocrx_word' id='word_1_695' title='bbox 3758 3610 3886 3680; x_wconf 91' lang='lat' dir='ltr'><strong>quid</strong></span> 
     </span>
    </p>
   </div>
   <div class='ocr_carea' id='block_1_101' title="bbox 2315 3703 3892 3776">
    <p class='ocr_par' dir='ltr' id='par_1_101' title="bbox 2315 3703 3892 3776">
     <span class='ocr_line' id='line_1_101' title="bbox 2315 3703 3892 3776; baseline -0.001 -19"><span class='ocrx_word' id='word_1_696' title='bbox 2315 3706 2610 3758; x_wconf 86' lang='lat' dir='ltr'><strong>secundum</strong></span> <span class='ocrx_word' id='word_1_697' title='bbox 2656 3706 2873 3773; x_wconf 90' lang='lat' dir='ltr'><strong>pietatis</strong></span> <span class='ocrx_word' id='word_1_698' title='bbox 2921 3709 3158 3776; x_wconf 80' lang='lat' dir='ltr'><strong>regulam</strong></span> <span class='ocrx_word' id='word_1_699' title='bbox 3191 3707 3521 3775; x_wconf 89' lang='lat' dir='ltr'><strong>opinandum</strong></span> <span class='ocrx_word' id='word_1_700' title='bbox 3557 3703 3666 3770; x_wconf 89' lang='lat' dir='ltr'><strong>sit,</strong></span> <span class='ocrx_word' id='word_1_701' title='bbox 3696 3717 3892 3757; x_wconf 87' lang='lat' dir='ltr'><strong>consc-</strong></span> 
     </span>
    </p>
   </div>
   <div class='ocr_carea' id='block_1_102' title="bbox 2314 3795 3890 3868">
    <p class='ocr_par' dir='ltr' id='par_1_102' title="bbox 2314 3795 3890 3868">
     <span class='ocr_line' id='line_1_102' title="bbox 2314 3795 3890 3868; baseline 0 -20"><span class='ocrx_word' id='word_1_702' title='bbox 2314 3813 2561 3864; x_wconf 88' lang='lat' dir='ltr'><strong>quantur.</strong></span> <span class='ocrx_word' id='word_1_703' title='bbox 2605 3795 2914 3852; x_wconf 85' lang='lat' dir='ltr'><strong>Invenimus</strong></span> <span class='ocrx_word' id='word_1_704' title='bbox 2951 3814 3185 3868; x_wconf 86' lang='lat' dir='ltr'><strong>namque</strong></span> <span class='ocrx_word' id='word_1_705' title='bbox 3215 3799 3267 3851; x_wconf 90' lang='lat' dir='ltr'><strong>in</strong></span> <span class='ocrx_word' id='word_1_706' title='bbox 3307 3795 3590 3851; x_wconf 85' lang='lat' dir='ltr'><strong>Ezechiele</strong></span> <span class='ocrx_word' id='word_1_707' title='bbox 3617 3795 3890 3865; x_wconf 85' lang='lat' dir='ltr'><strong>propheta</strong></span> 
     </span>
    </p>
   </div>
   <div class='ocr_carea' id='block_1_103' title="bbox 2315 3885 3893 3958">
    <p class='ocr_par' dir='ltr' id='par_1_103' title="bbox 2315 3885 3893 3958">
     <span class='ocr_line' id='line_1_103' title="bbox 2315 3885 3893 3958; baseline -0.001 -16"><span class='ocrx_word' id='word_1_708' title='bbox 2315 3889 2449 3942; x_wconf 87' lang='lat' dir='ltr'><strong>duas</strong></span> <span class='ocrx_word' id='word_1_709' title='bbox 2480 3889 2743 3956; x_wconf 84' lang='lat' dir='ltr'><strong>quasdam</strong></span> <span class='ocrx_word' id='word_1_710' title='bbox 2782 3888 3097 3958; x_wconf 88' lang='lat' dir='ltr'><strong>prophetias</strong></span> <span class='ocrx_word' id='word_1_711' title='bbox 3143 3890 3378 3958; x_wconf 88' lang='lat' dir='ltr'><strong>scriptas</strong></span> <span class='ocrx_word' id='word_1_712' title='bbox 3408 3902 3530 3941; x_wconf 89' lang='lat' dir='ltr'><strong>esse</strong></span> <span class='ocrx_word' id='word_1_713' title='bbox 3575 3887 3646 3941; x_wconf 90' lang='lat' dir='ltr'><strong>ad</strong></span> <span class='ocrx_word' id='word_1_714' title='bbox 3680 3885 3893 3956; x_wconf 89' lang='lat' dir='ltr'><strong>princi-</strong></span> 
     </span>
    </p>
   </div>
   <div class='ocr_carea' id='block_1_104' title="bbox 2315 3979 3895 4050">
    <p class='ocr_par' dir='ltr' id='par_1_104' title="bbox 2315 3979 3895 4050">
     <span class='ocr_line' id='line_1_104' title="bbox 2315 3979 3895 4050; baseline -0.001 -17"><span class='ocrx_word' id='word_1_715' title='bbox 2315 3996 2435 4049; x_wconf 90' lang='lat' dir='ltr'><strong>pem</strong></span> <span class='ocrx_word' id='word_1_716' title='bbox 2462 3980 2590 4050; x_wconf 82' lang='lat' dir='ltr'><strong>Tyri</strong></span> <span class='ocrx_word' id='word_1_717' title='bbox 2611 3981 2679 4046; x_wconf 79' lang='grc'><strong>⁹⁷,</strong></span> <span class='ocrx_word' id='word_1_718' title='bbox 2700 3995 2931 4049; x_wconf 88' lang='lat' dir='ltr'><strong>quarum</strong></span> <span class='ocrx_word' id='word_1_719' title='bbox 2965 3984 3136 4049; x_wconf 90' lang='lat' dir='ltr'><strong>prima</strong></span> <span class='ocrx_word' id='word_1_720' title='bbox 3164 3980 3399 4035; x_wconf 85' lang='lat' dir='ltr'><strong>fortasse</strong></span> <span class='ocrx_word' id='word_1_721' title='bbox 3418 3981 3692 4034; x_wconf 86' lang='lat' dir='ltr'><strong>videbitur</strong></span> <span class='ocrx_word' id='word_1_722' title='bbox 3723 3979 3895 4034; x_wconf 81' lang='lat' dir='ltr'><strong>alicui</strong></span> 
     </span>
    </p>
   </div>
   <div class='ocr_carea' id='block_1_105' title="bbox 2315 4071 3895 4140">
    <p class='ocr_par' dir='ltr' id='par_1_105' title="bbox 2315 4071 3895 4140">
     <span class='ocr_line' id='line_1_105' title="bbox 2315 4071 3895 4140; baseline 0 -18"><span class='ocrx_word' id='word_1_723' title='bbox 2315 4080 2608 4140; x_wconf 89' lang='lat' dir='ltr'><strong>antequam</strong></span> <span class='ocrx_word' id='word_1_724' title='bbox 2643 4073 2834 4126; x_wconf 84' lang='lat' dir='ltr'><strong>audiat</strong></span> <span class='ocrx_word' id='word_1_725' title='bbox 2863 4081 2918 4126; x_wconf 86' lang='lat' dir='ltr'><strong>et</strong></span> <span class='ocrx_word' id='word_1_726' title='bbox 2946 4074 3237 4127; x_wconf 87' lang='lat' dir='ltr'><strong>secundam</strong></span> <span class='ocrx_word' id='word_1_727' title='bbox 3261 4113 3276 4138; x_wconf 91' lang='lat'><strong>,</strong></span> <span class='ocrx_word' id='word_1_728' title='bbox 3311 4072 3417 4127; x_wconf 90' lang='lat' dir='ltr'><strong>dici</strong></span> <span class='ocrx_word' id='word_1_729' title='bbox 3444 4073 3510 4126; x_wconf 88' lang='lat' dir='ltr'><strong>de</strong></span> <span class='ocrx_word' id='word_1_730' title='bbox 3532 4072 3759 4126; x_wconf 86' lang='lat' dir='ltr'><strong>homine</strong></span> <span class='ocrx_word' id='word_1_731' title='bbox 3786 4071 3895 4124; x_wconf 89' lang='lat' dir='ltr'><strong>ali-</strong></span> 
     </span>
    </p>
   </div>
   <div class='ocr_carea' id='block_1_106' title="bbox 2315 4162 3898 4234">
    <p class='ocr_par' dir='ltr' id='par_1_106' title="bbox 2315 4162 3898 4234">
     <span class='ocr_line' id='line_1_106' title="bbox 2315 4162 3898 4234; baseline 0.001 -22"><span class='ocrx_word' id='word_1_732' title='bbox 2315 4176 2421 4230; x_wconf 90' lang='lat' dir='ltr'><strong>quo</strong></span> <span class='ocrx_word' id='word_1_733' title='bbox 2462 4165 2553 4232; x_wconf 92' lang='lat' dir='ltr'><strong>qui</strong></span> <span class='ocrx_word' id='word_1_734' title='bbox 2587 4165 2839 4234; x_wconf 88' lang='lat' dir='ltr'><strong>princeps</strong></span> <span class='ocrx_word' id='word_1_735' title='bbox 2879 4164 3043 4217; x_wconf 83' lang='lat' dir='ltr'><strong>fuerit</strong></span> <span class='ocrx_word' id='word_1_736' title='bbox 3067 4163 3379 4234; x_wconf 91' lang='lat' dir='ltr'><strong>Tyriorum.</strong></span> <span class='ocrx_word' id='word_1_737' title='bbox 3423 4163 3488 4217; x_wconf 88' lang='lat' dir='ltr'><strong>Et</strong></span> <span class='ocrx_word' id='word_1_738' title='bbox 3525 4164 3645 4217; x_wconf 91' lang='lat' dir='ltr'><strong>ideo</strong></span> <span class='ocrx_word' id='word_1_739' title='bbox 3675 4179 3776 4218; x_wconf 91' lang='lat' dir='ltr'><strong>nos</strong></span> <span class='ocrx_word' id='word_1_740' title='bbox 3811 4162 3898 4215; x_wconf 85' lang='lat' dir='ltr'><strong>in-</strong></span> 
     </span>
    </p>
   </div>
   <div class='ocr_carea' id='block_1_107' title="bbox 2318 4255 3896 4326">
    <p class='ocr_par' dir='ltr' id='par_1_107' title="bbox 2318 4255 3896 4326">
     <span class='ocr_line' id='line_1_107' title="bbox 2318 4255 3896 4326; baseline -0.001 -21"><span class='ocrx_word' id='word_1_741' title='bbox 2318 4255 2474 4307; x_wconf 89' lang='lat' dir='ltr'><strong>terim</strong></span> <span class='ocrx_word' id='word_1_742' title='bbox 2519 4256 2648 4309; x_wconf 72' lang='lat' dir='ltr'><strong>nihil</strong></span> <span class='ocrx_word' id='word_1_743' title='bbox 2685 4257 2751 4310; x_wconf 88' lang='lat' dir='ltr'><strong>de</strong></span> <span class='ocrx_word' id='word_1_744' title='bbox 2781 4257 2952 4326; x_wconf 88' lang='lat' dir='ltr'><strong>prima</strong></span> <span class='ocrx_word' id='word_1_745' title='bbox 2989 4257 3080 4317; x_wconf 79' lang='lat' dir='ltr'><strong>illa</strong></span> <span class='ocrx_word' id='word_1_746' title='bbox 3126 4271 3437 4323; x_wconf 90' lang='lat' dir='ltr'><strong>sumemus;</strong></span> <span class='ocrx_word' id='word_1_747' title='bbox 3483 4256 3727 4309; x_wconf 86' lang='lat' dir='ltr'><strong>secunda</strong></span> <span class='ocrx_word' id='word_1_748' title='bbox 3765 4268 3896 4307; x_wconf 88' lang='lat' dir='ltr'><strong>vero</strong></span> 
     </span>
    </p>
   </div>
   <div class='ocr_carea' id='block_1_108' title="bbox 2315 4347 3897 4416">
    <p class='ocr_par' dir='ltr' id='par_1_108' title="bbox 2315 4347 3897 4416">
     <span class='ocr_line' id='line_1_108' title="bbox 2315 4347 3897 4416; baseline -0.001 -18"><span class='ocrx_word' id='word_1_749' title='bbox 2315 4350 2573 4416; x_wconf 88' lang='lat' dir='ltr'><strong>quoniam</strong></span> <span class='ocrx_word' id='word_1_750' title='bbox 2611 4349 3018 4403; x_wconf 87' lang='lat' dir='ltr'><strong>evidentissime</strong></span> <span class='ocrx_word' id='word_1_751' title='bbox 3051 4349 3172 4403; x_wconf 87' lang='lat' dir='ltr'><strong>talis</strong></span> <span class='ocrx_word' id='word_1_752' title='bbox 3222 4358 3336 4416; x_wconf 89' lang='lat' dir='ltr'><strong>est,</strong></span> <span class='ocrx_word' id='word_1_753' title='bbox 3373 4357 3432 4402; x_wconf 88' lang='lat' dir='ltr'><strong>ut</strong></span> <span class='ocrx_word' id='word_1_754' title='bbox 3483 4347 3616 4401; x_wconf 89' lang='lat' dir='ltr'><strong>nihil</strong></span> <span class='ocrx_word' id='word_1_755' title='bbox 3661 4361 3897 4416; x_wconf 88' lang='lat' dir='ltr'><strong>prorsus</strong></span> 
     </span>
    </p>
   </div>
   <div class='ocr_carea' id='block_1_109' title="bbox 2316 4439 3896 4509">
    <p class='ocr_par' dir='ltr' id='par_1_109' title="bbox 2316 4439 3896 4509">
     <span class='ocr_line' id='line_1_109' title="bbox 2316 4439 3896 4509; baseline 0.001 -21"><span class='ocrx_word' id='word_1_756' title='bbox 2316 4440 2381 4488; x_wconf 91' lang='lat' dir='ltr'><strong>de</strong></span> <span class='ocrx_word' id='word_1_757' title='bbox 2408 4439 2644 4503; x_wconf 90' lang='lat' dir='ltr'><strong>homine,</strong></span> <span class='ocrx_word' id='word_1_758' title='bbox 2679 4441 2771 4492; x_wconf 92' lang='lat' dir='ltr'><strong>sed</strong></span> <span class='ocrx_word' id='word_1_759' title='bbox 2807 4442 2874 4493; x_wconf 91' lang='lat' dir='ltr'><strong>de</strong></span> <span class='ocrx_word' id='word_1_760' title='bbox 2905 4441 3106 4493; x_wconf 89' lang='lat' dir='ltr'><strong>virtute</strong></span> <span class='ocrx_word' id='word_1_761' title='bbox 3140 4439 3319 4509; x_wconf 89' lang='lat' dir='ltr'><strong>aliqua</strong></span> <span class='ocrx_word' id='word_1_762' title='bbox 3351 4439 3623 4508; x_wconf 85' lang='lat' dir='ltr'><strong>superiori</strong></span> <span class='ocrx_word' id='word_1_763' title='bbox 3662 4439 3896 4506; x_wconf 79' lang='lat' dir='ltr'><strong>intelligi</strong></span> 
     </span>
    </p>
   </div>
   <div class='ocr_carea' id='block_1_110' title="bbox 2316 4530 3894 4602">
    <p class='ocr_par' dir='ltr' id='par_1_110' title="bbox 2316 4530 3894 4602">
     <span class='ocr_line' id='line_1_110' title="bbox 2316 4530 3894 4602; baseline 0.002 -20"><span class='ocrx_word' id='word_1_764' title='bbox 2316 4530 2509 4584; x_wconf 87' lang='lat' dir='ltr'><strong>debeat</strong></span> <span class='ocrx_word' id='word_1_765' title='bbox 2536 4531 2648 4600; x_wconf 73' lang='grc'>(25)</span> <span class='ocrx_word' id='word_1_766' title='bbox 2673 4547 2792 4601; x_wconf 72' lang='lat' dir='ltr'><strong>qute</strong></span> <span class='ocrx_word' id='word_1_767' title='bbox 2814 4533 3029 4602; x_wconf 86' lang='lat' dir='ltr'><strong>delapsa</strong></span> <span class='ocrx_word' id='word_1_768' title='bbox 3070 4533 3234 4588; x_wconf 78' lang='lat' dir='ltr'><strong>fuerit</strong></span> <span class='ocrx_word' id='word_1_769' title='bbox 3279 4549 3306 4585; x_wconf 90' lang='lat' dir='ltr'><strong>a</strong></span> <span class='ocrx_word' id='word_1_770' title='bbox 3335 4532 3711 4602; x_wconf 89' lang='lat' dir='ltr'><strong>superioribus</strong></span> <span class='ocrx_word' id='word_1_771' title='bbox 3741 4541 3799 4586; x_wconf 90' lang='lat' dir='ltr'><strong>et</strong></span> <span class='ocrx_word' id='word_1_772' title='bbox 3839 4533 3894 4586; x_wconf 80' lang='lat' dir='ltr'><strong>in</strong></span> 
     </span>
    </p>
   </div>
   <div class='ocr_carea' id='block_1_111' title="bbox 2380 4777 3896 4848">
    <p class='ocr_par' dir='ltr' id='par_1_111' title="bbox 2380 4777 3896 4848">
     <span class='ocr_line' id='line_1_111' title="bbox 2380 4777 3896 4848; baseline 0.007 -18"><span class='ocrx_word' id='word_1_773' title='bbox 2380 4777 2490 4848; x_wconf 83' lang='grc'>(22)</span> <span class='ocrx_word' id='word_1_774' title='bbox 2527 4777 2806 4831; x_wconf 81' lang='lat' dir='ltr'><strong>Putentur.</strong></span> <span class='ocrx_word' id='word_1_775' title='bbox 2837 4780 2994 4833; x_wconf 83' lang='lat' dir='ltr'><strong>Deest</strong></span> <span class='ocrx_word' id='word_1_776' title='bbox 3040 4780 3092 4832; x_wconf 90' lang='lat' dir='ltr'><strong>iu</strong></span> <span class='ocrx_word' id='word_1_777' title='bbox 3129 4787 3288 4833; x_wconf 85' lang='lat' dir='ltr'><strong>antea</strong></span> <span class='ocrx_word' id='word_1_778' title='bbox 3317 4779 3502 4846; x_wconf 83' lang='lat' dir='ltr'><strong>editis,</strong></span> <span class='ocrx_word' id='word_1_779' title='bbox 3539 4780 3631 4834; x_wconf 89' lang='lat' dir='ltr'><strong>sed</strong></span> <span class='ocrx_word' id='word_1_780' title='bbox 3665 4779 3720 4834; x_wconf 84' lang='lat' dir='ltr'><strong>iit</strong></span> <span class='ocrx_word' id='word_1_781' title='bbox 3758 4798 3896 4841; x_wconf 84' lang='lat' dir='ltr'><strong>mss.</strong></span> 
     </span>
    </p>
   </div>
   <div class='ocr_carea' id='block_1_112' title="bbox 2312 4853 2602 4916">
    <p class='ocr_par' dir='ltr' id='par_1_112' title="bbox 2312 4853 2602 4916">
     <span class='ocr_line' id='line_1_112' title="bbox 2312 4853 2602 4916; baseline 0 -14"><span class='ocrx_word' id='word_1_782' title='bbox 2312 4853 2602 4916; x_wconf 86' lang='lat' dir='ltr'><strong>reperitur.</strong></span> 
     </span>
    </p>
   </div>
   <div class='ocr_carea' id='block_1_113' title="bbox 2404 4917 3898 4986">
    <p class='ocr_par' dir='ltr' id='par_1_113' title="bbox 2404 4917 3898 4986">
     <span class='ocr_line' id='line_1_113' title="bbox 2404 4917 3898 4986; baseline 0.005 -16"><span class='ocrx_word' id='word_1_783' title='bbox 2404 4917 2491 4986; x_wconf 76' lang='grc'>23)</span> <span class='ocrx_word' id='word_1_784' title='bbox 2535 4917 2625 4973; x_wconf 90' lang='lat' dir='ltr'><strong>Sic</strong></span> <span class='ocrx_word' id='word_1_785' title='bbox 2671 4927 2817 4973; x_wconf 89' lang='lat' dir='ltr'><strong>recte</strong></span> <span class='ocrx_word' id='word_1_786' title='bbox 2851 4922 3069 4974; x_wconf 90' lang='lat' dir='ltr'><strong>omnino</strong></span> <span class='ocrx_word' id='word_1_787' title='bbox 3119 4919 3276 4975; x_wconf 89' lang='lat' dir='ltr'><strong>codd.</strong></span> <span class='ocrx_word' id='word_1_788' title='bbox 3321 4934 3476 4984; x_wconf 88' lang='lat' dir='ltr'><strong>mss.,</strong></span> <span class='ocrx_word' id='word_1_789' title='bbox 3531 4920 3662 4973; x_wconf 87' lang='lat' dir='ltr'><strong>editi</strong></span> <span class='ocrx_word' id='word_1_790' title='bbox 3712 4937 3845 4976; x_wconf 84' lang='lat' dir='ltr'><strong>vero</strong></span> <span class='ocrx_word' id='word_1_791' title='bbox 3882 4943 3898 4977; x_wconf 93' lang='lat'><strong>:</strong></span> 
     </span>
    </p>
   </div>
   <div class='ocr_carea' id='block_1_114' title="bbox 2319 4989 3900 5059">
    <p class='ocr_par' dir='ltr' id='par_1_114' title="bbox 2319 4989 3900 5059">
     <span class='ocr_line' id='line_1_114' title="bbox 2319 4989 3900 5059; baseline 0.004 -20"><span class='ocrx_word' id='word_1_792' title='bbox 2319 5006 2338 5039; x_wconf 75' lang='grc' dir='ltr'><strong>ι</strong></span> <span class='ocrx_word' id='word_1_793' title='bbox 2389 4989 2643 5041; x_wconf 84' lang='lat' dir='ltr'><strong>Minorem</strong></span> <span class='ocrx_word' id='word_1_794' title='bbox 2693 4991 2996 5043; x_wconf 88' lang='lat' dir='ltr'><strong>substantia</strong></span> <span class='ocrx_word' id='word_1_795' title='bbox 3046 5007 3141 5044; x_wconf 92' lang='lat' dir='ltr'><strong>sua</strong></span> <span class='ocrx_word' id='word_1_796' title='bbox 3185 4992 3448 5044; x_wconf 87' lang='lat' dir='ltr'><strong>malitiam</strong></span> <span class='ocrx_word' id='word_1_797' title='bbox 3506 4994 3900 5059; x_wconf 87' lang='lat' dir='ltr'><strong>posteriorem.</strong></span> 
     </span>
    </p>
   </div>
   <div class='ocr_carea' id='block_1_115' title="bbox 2315 5059 3904 5132">
    <p class='ocr_par' dir='ltr' id='par_1_115' title="bbox 2315 5059 3904 5132">
     <span class='ocr_line' id='line_1_115' title="bbox 2315 5059 3904 5132; baseline 0.003 -21"><span class='ocrx_word' id='word_1_798' title='bbox 2315 5059 2439 5111; x_wconf 89' lang='lat' dir='ltr'><strong>Illos</strong></span> <span class='ocrx_word' id='word_1_799' title='bbox 2468 5073 2682 5132; x_wconf 88' lang='lat' dir='ltr'><strong>quoque</strong></span> <span class='ocrx_word' id='word_1_800' title='bbox 2713 5059 2894 5112; x_wconf 87' lang='lat' dir='ltr'><strong>mundi</strong></span> <span class='ocrx_word' id='word_1_801' title='bbox 2932 5063 3274 5114; x_wconf 87' lang='lat' dir='ltr'><strong>tenebrarum</strong></span> <span class='ocrx_word' id='word_1_802' title='bbox 3313 5072 3554 5118; x_wconf 89' lang='lat' dir='ltr'><strong>rectores</strong></span> <span class='ocrx_word' id='word_1_803' title='bbox 3598 5073 3655 5116; x_wconf 90' lang='lat' dir='ltr'><strong>et</strong></span> <span class='ocrx_word' id='word_1_804' title='bbox 3687 5065 3904 5132; x_wconf 79' lang='lat' dir='ltr'><strong>print-:-</strong></span> 
     </span>
    </p>
   </div>
   <div class='ocr_carea' id='block_1_116' title="bbox 2317 5131 3906 5202">
    <p class='ocr_par' dir='ltr' id='par_1_116' title="bbox 2317 5131 3906 5202">
     <span class='ocr_line' id='line_1_116' title="bbox 2317 5131 3906 5202; baseline 0.004 -21"><span class='ocrx_word' id='word_1_805' title='bbox 2317 5144 2409 5197; x_wconf 90' lang='lat' dir='ltr'><strong>pes</strong></span> <span class='ocrx_word' id='word_1_806' title='bbox 2444 5131 2751 5202; x_wconf 84' lang='lat' dir='ltr'><strong>appellavit,</strong></span> <span class='ocrx_word' id='word_1_807' title='bbox 2786 5145 2850 5184; x_wconf 88' lang='lat' dir='ltr'><strong>eo</strong></span> <span class='ocrx_word' id='word_1_808' title='bbox 2881 5133 3023 5200; x_wconf 91' lang='lat' dir='ltr'><strong>quod</strong></span> <span class='ocrx_word' id='word_1_809' title='bbox 3054 5133 3388 5201; x_wconf 87' lang='lat' dir='ltr'><strong>principatus</strong></span> <span class='ocrx_word' id='word_1_810' title='bbox 3416 5142 3467 5186; x_wconf 90' lang='lat' dir='ltr'><strong>et</strong></span> <span class='ocrx_word' id='word_1_811' title='bbox 3513 5135 3602 5202; x_wconf 91' lang='lat' dir='ltr'><strong>qui</strong></span> <span class='ocrx_word' id='word_1_812' title='bbox 3636 5131 3906 5189; x_wconf 84' lang='lat' dir='ltr'><strong>obtinent</strong></span> 
     </span>
    </p>
   </div>
   <div class='ocr_carea' id='block_1_117' title="bbox 2317 5201 2789 5264">
    <p class='ocr_par' dir='ltr' id='par_1_117' title="bbox 2317 5201 2789 5264">
     <span class='ocr_line' id='line_1_117' title="bbox 2317 5201 2789 5264; baseline 0.002 -12"><span class='ocrx_word' id='word_1_813' title='bbox 2317 5201 2587 5264; x_wconf 76' lang='lat' dir='ltr'><strong>tenebras,</strong></span> <span class='ocrx_word' id='word_1_814' title='bbox 2629 5219 2646 5252; x_wconf 78' lang='grc' dir='ltr'><strong>ι</strong></span> <span class='ocrx_word' id='word_1_815' title='bbox 2685 5212 2789 5255; x_wconf 84' lang='lat' dir='ltr'><strong>etc.</strong></span> 
     </span>
    </p>
   </div>
   <div class='ocr_carea' id='block_1_118' title="bbox 2387 5269 3912 5344">
    <p class='ocr_par' dir='ltr' id='par_1_118' title="bbox 2387 5269 3912 5344">
     <span class='ocr_line' id='line_1_118' title="bbox 2387 5269 3912 5344; baseline 0.005 -23"><span class='ocrx_word' id='word_1_816' title='bbox 2387 5269 2499 5342; x_wconf 73' lang='grc'>(24)</span> <span class='ocrx_word' id='word_1_817' title='bbox 2533 5269 2604 5322; x_wconf 89' lang='lat' dir='ltr'><strong>lla</strong></span> <span class='ocrx_word' id='word_1_818' title='bbox 2641 5287 2781 5344; x_wconf 23' lang='lat' dir='ltr'><strong>mss.‘</strong></span> <span class='ocrx_word' id='word_1_819' title='bbox 2820 5271 2992 5344; x_wconf 79' lang='lat' dir='ltr'><strong>Alias,</strong></span> <span class='ocrx_word' id='word_1_820' title='bbox 3044 5292 3062 5323; x_wconf 79' lang='grc' dir='ltr'><strong>ι</strong></span> <span class='ocrx_word' id='word_1_821' title='bbox 3115 5273 3411 5342; x_wconf 86' lang='lat' dir='ltr'><strong>spiritibus.</strong></span> <span class='ocrx_word' id='word_1_822' title='bbox 3471 5292 3488 5325; x_wconf 80' lang='grc' dir='ltr'><strong>ι</strong></span> <span class='ocrx_word' id='word_1_823' title='bbox 3532 5271 3718 5344; x_wconf 22' lang='grc' dir='ltr'>γΡςιιιιο</span> <span class='ocrx_word' id='word_1_824' title='bbox 3774 5286 3912 5344; x_wconf 73' lang='lat' dir='ltr'><strong>post</strong></span> 
     </span>
    </p>
   </div>
   <div class='ocr_carea' id='block_1_119' title="bbox 2318 5341 3891 5411">
    <p class='ocr_par' dir='ltr' id='par_1_119' title="bbox 2318 5341 3891 5411">
     <span class='ocr_line' id='line_1_119' title="bbox 2318 5341 3891 5411; baseline 0.003 -17"><span class='ocrx_word' id='word_1_825' title='bbox 2318 5358 2472 5402; x_wconf 84' lang='lat' dir='ltr'><strong>tnss.,</strong></span> <span class='ocrx_word' id='word_1_826' title='bbox 2516 5357 2534 5389; x_wconf 82' lang='grc' dir='ltr'><strong>ι</strong></span> <span class='ocrx_word' id='word_1_827' title='bbox 2573 5343 2712 5408; x_wconf 90' lang='lat' dir='ltr'><strong>quod</strong></span> <span class='ocrx_word' id='word_1_828' title='bbox 2740 5341 2782 5394; x_wconf 89' lang='lat' dir='ltr'><strong>si</strong></span> <span class='ocrx_word' id='word_1_829' title='bbox 2817 5343 2929 5396; x_wconf 80' lang='lat' dir='ltr'><strong>luec</strong></span> <span class='ocrx_word' id='word_1_830' title='bbox 2958 5344 3027 5395; x_wconf 86' lang='lat' dir='ltr'><strong>ita</strong></span> <span class='ocrx_word' id='word_1_831' title='bbox 3061 5341 3432 5411; x_wconf 73' lang='lat' dir='ltr'><strong>deinaliguis.</strong></span> <span class='ocrx_word' id='word_1_832' title='bbox 3470 5361 3488 5394; x_wconf 74' lang='grc' dir='ltr'><strong>ι</strong></span> <span class='ocrx_word' id='word_1_833' title='bbox 3529 5343 3689 5399; x_wconf 91' lang='lat' dir='ltr'><strong>Libb.</strong></span> <span class='ocrx_word' id='word_1_834' title='bbox 3723 5341 3891 5407; x_wconf 81' lang='lat' dir='ltr'><strong>editi,</strong></span> 
     </span>
    </p>
   </div>
   <div class='ocr_carea' id='block_1_120' title="bbox 2322 5411 3032 5479">
    <p class='ocr_par' dir='ltr' id='par_1_120' title="bbox 2322 5411 3032 5479">
     <span class='ocr_line' id='line_1_120' title="bbox 2322 5411 3032 5479; baseline 0.003 -17"><span class='ocrx_word' id='word_1_835' title='bbox 2322 5431 2338 5462; x_wconf 80' lang='grc' dir='ltr'><strong>ι</strong></span> <span class='ocrx_word' id='word_1_836' title='bbox 2378 5411 2583 5479; x_wconf 85' lang='lat' dir='ltr'><strong>quodsi</strong></span> <span class='ocrx_word' id='word_1_837' title='bbox 2618 5412 2665 5463; x_wconf 81' lang='lat' dir='ltr'><strong>it!</strong></span> <span class='ocrx_word' id='word_1_838' title='bbox 2701 5413 2767 5464; x_wconf 82' lang='lat' dir='ltr'><strong>de</strong></span> <span class='ocrx_word' id='word_1_839' title='bbox 2800 5413 2974 5466; x_wconf 82' lang='lat' dir='ltr'><strong>malis.</strong></span> <span class='ocrx_word' id='word_1_840' title='bbox 3015 5434 3032 5464; x_wconf 75' lang='grc' dir='ltr'><strong>ι</strong></span> 
     </span>
    </p>
   </div>
   <div class='ocr_carea' id='block_1_121' title="bbox 2394 5480 3913 5549">
    <p class='ocr_par' dir='ltr' id='par_1_121' title="bbox 2394 5480 3913 5549">
     <span class='ocr_line' id='line_1_121' title="bbox 2394 5480 3913 5549; baseline 0.005 -17"><span class='ocrx_word' id='word_1_841' title='bbox 2394 5481 2507 5547; x_wconf 79' lang='grc'>(25)</span> <span class='ocrx_word' id='word_1_842' title='bbox 2549 5480 2616 5533; x_wconf 82' lang='lat' dir='ltr'><strong>Ut</strong></span> <span class='ocrx_word' id='word_1_843' title='bbox 2664 5481 2793 5534; x_wconf 80' lang='lat' dir='ltr'><strong>nihil</strong></span> <span class='ocrx_word' id='word_1_844' title='bbox 2844 5499 3058 5549; x_wconf 81' lang='lat' dir='ltr'><strong>prorsus</strong></span> <span class='ocrx_word' id='word_1_845' title='bbox 3087 5486 3150 5534; x_wconf 85' lang='lat' dir='ltr'><strong>de</strong></span> <span class='ocrx_word' id='word_1_846' title='bbox 3190 5483 3417 5545; x_wconf 85' lang='lat' dir='ltr'><strong>homine,</strong></span> <span class='ocrx_word' id='word_1_847' title='bbox 3463 5486 3556 5538; x_wconf 79' lang='lat' dir='ltr'><strong>sed</strong></span> <span class='ocrx_word' id='word_1_848' title='bbox 3589 5487 3654 5540; x_wconf 86' lang='lat' dir='ltr'><strong>de</strong></span> <span class='ocrx_word' id='word_1_849' title='bbox 3701 5489 3913 5540; x_wconf 70' lang='lat' dir='ltr'><strong>virtute</strong></span> 
     </span>
    </p>
   </div>
   <div class='ocr_carea' id='block_1_122' title="bbox 2323 5551 3914 5624">
    <p class='ocr_par' dir='ltr' id='par_1_122' title="bbox 2323 5551 3914 5624">
     <span class='ocr_line' id='line_1_122' title="bbox 2323 5551 3914 5624; baseline 0.006 -25"><span class='ocrx_word' id='word_1_850' title='bbox 2323 5551 2777 5624; x_wconf 27' lang='lat' dir='ltr'><strong>aliquahiutelligi</strong></span> <span class='ocrx_word' id='word_1_851' title='bbox 2828 5553 3068 5624; x_wconf 18' lang='lat' dir='ltr'><strong>debeat,</strong></span> <span class='ocrx_word' id='word_1_852' title='bbox 3099 5553 3232 5607; x_wconf 70' lang='lat' dir='ltr'><strong>Vide</strong></span> <span class='ocrx_word' id='word_1_853' title='bbox 3296 5557 3544 5609; x_wconf 86' lang='lat' dir='ltr'><strong>eumdem</strong></span> <span class='ocrx_word' id='word_1_854' title='bbox 3592 5556 3914 5624; x_wconf 73' lang='lat' dir='ltr'><strong>Origenem</strong></span> 
     </span>
    </p>
   </div>
   <div class='ocr_carea' id='block_1_123' title="bbox 2322 5621 3918 5694">
    <p class='ocr_par' dir='ltr' id='par_1_123' title="bbox 2322 5621 3918 5694">
     <span class='ocr_line' id='line_1_123' title="bbox 2322 5621 3918 5694; baseline 0.003 -20"><span class='ocrx_word' id='word_1_855' title='bbox 2322 5621 2458 5694; x_wconf 75' lang='lat' dir='ltr'><strong>infra</strong></span> <span class='ocrx_word' id='word_1_856' title='bbox 2511 5621 2604 5694; x_wconf 68' lang='lat' dir='ltr'><strong>fili.</strong></span> <span class='ocrx_word' id='word_1_857' title='bbox 2647 5637 2708 5675; x_wconf 87' lang='lat' dir='ltr'><strong>nt</strong></span> <span class='ocrx_word' id='word_1_858' title='bbox 2752 5623 2890 5690; x_wconf 79' lang='grc' dir='ltr'><strong>Περὶ</strong></span> <span class='ocrx_word' id='word_1_859' title='bbox 2922 5623 3141 5693; x_wconf 76' lang='grc' dir='ltr'><strong>ἀρχῶν,</strong></span> <span class='ocrx_word' id='word_1_860' title='bbox 3191 5641 3312 5694; x_wconf 72' lang='lat' dir='ltr'><strong>cap.</strong></span> <span class='ocrx_word' id='word_1_861' title='bbox 3347 5626 3417 5688; x_wconf 86' lang='grc'>2,</span> <span class='ocrx_word' id='word_1_862' title='bbox 3459 5637 3512 5679; x_wconf 90' lang='lat' dir='ltr'><strong>et</strong></span> <span class='ocrx_word' id='word_1_863' title='bbox 3555 5621 3743 5680; x_wconf 79' lang='lat' dir='ltr'><strong>honiil.</strong></span> <span class='ocrx_word' id='word_1_864' title='bbox 3780 5631 3812 5681; x_wconf 78' lang='lat'><strong>9</strong></span> <span class='ocrx_word' id='word_1_865' title='bbox 3845 5638 3918 5679; x_wconf 71' lang='lat' dir='ltr'><strong>t-t</strong></span> 
     </span>
    </p>
   </div>
   <div class='ocr_carea' id='block_1_124' title="bbox 2326 5691 3916 5767">
    <p class='ocr_par' dir='ltr' id='par_1_124' title="bbox 2326 5691 3916 5767">
     <span class='ocr_line' id='line_1_124' title="bbox 2326 5691 3916 5767; baseline 0.005 -27"><span class='ocrx_word' id='word_1_866' title='bbox 2326 5692 2390 5767; x_wconf 60' lang='lat' dir='ltr'><strong>ft)</strong></span> <span class='ocrx_word' id='word_1_867' title='bbox 2445 5692 2514 5767; x_wconf 85' lang='lat' dir='ltr'><strong>in_</strong></span> <span class='ocrx_word' id='word_1_868' title='bbox 2548 5691 2848 5767; x_wconf 64' lang='lat' dir='ltr'><strong>l‘lurneros,</strong></span> <span class='ocrx_word' id='word_1_869' title='bbox 2902 5691 3300 5767; x_wconf 45' lang='lat' dir='ltr'><strong>ubfsimiliter</strong></span> <span class='ocrx_word' id='word_1_870' title='bbox 3337 5699 3495 5748; x_wconf 87' lang='lat' dir='ltr'><strong>docet</strong></span> <span class='ocrx_word' id='word_1_871' title='bbox 3545 5699 3916 5767; x_wconf 75' lang='lat' dir='ltr'><strong>prophetiam</strong></span> 
     </span>
    </p>
   </div>
   <div class='ocr_carea' id='block_1_125' title="bbox 2322 5762 3918 5838">
    <p class='ocr_par' dir='ltr' id='par_1_125' title="bbox 2322 5762 3918 5838">
     <span class='ocr_line' id='line_1_125' title="bbox 2322 5762 3918 5838; baseline 0.001 -24"><span class='ocrx_word' id='word_1_872' title='bbox 2322 5762 2621 5817; x_wconf 78' lang='lat' dir='ltr'><strong>Ezechielis</strong></span> <span class='ocrx_word' id='word_1_873' title='bbox 2663 5779 2781 5829; x_wconf 86' lang='lat' dir='ltr'><strong>cap.</strong></span> <span class='ocrx_word' id='word_1_874' title='bbox 2817 5762 3139 5838; x_wconf 22' lang='lat' dir='ltr'><strong>xxvttt’non</strong></span> <span class='ocrx_word' id='word_1_875' title='bbox 3192 5768 3255 5816; x_wconf 91' lang='lat' dir='ltr'><strong>de</strong></span> <span class='ocrx_word' id='word_1_876' title='bbox 3284 5766 3509 5838; x_wconf 86' lang='lat' dir='ltr'><strong>homine</strong></span> <span class='ocrx_word' id='word_1_877' title='bbox 3545 5762 3686 5828; x_wconf 54' lang='grc' dir='ltr'>Τιτίὼ</span> <span class='ocrx_word' id='word_1_878' title='bbox 3737 5767 3918 5838; x_wconf 73' lang='lat' dir='ltr'><strong>Tyri,</strong></span> 
     </span>
    </p>
   </div>
   <div class='ocr_carea' id='block_1_126' title="bbox 2324 5835 3929 5904">
    <p class='ocr_par' dir='ltr' id='par_1_126' title="bbox 2324 5835 3929 5904">
     <span class='ocr_line' id='line_1_126' title="bbox 2324 5835 3929 5904; baseline 0.002 -17"><span class='ocrx_word' id='word_1_879' title='bbox 2324 5835 2414 5887; x_wconf 56' lang='lat' dir='ltr'><strong>Sed</strong></span> <span class='ocrx_word' id='word_1_880' title='bbox 2447 5851 2563 5886; x_wconf 70' lang='lat' dir='ltr'><strong>esse</strong></span> <span class='ocrx_word' id='word_1_881' title='bbox 2601 5835 3004 5902; x_wconf 78' lang='lat' dir='ltr'><strong>intelligendam</strong></span> <span class='ocrx_word' id='word_1_882' title='bbox 3043 5837 3106 5888; x_wconf 84' lang='lat' dir='ltr'><strong>de</strong></span> <span class='ocrx_word' id='word_1_883' title='bbox 3141 5837 3332 5903; x_wconf 77' lang='lat' dir='ltr'><strong>angelo</strong></span> <span class='ocrx_word' id='word_1_884' title='bbox 3360 5853 3518 5904; x_wconf 82' lang='lat' dir='ltr'><strong>quem</strong></span> <span class='ocrx_word' id='word_1_885' title='bbox 3562 5839 3702 5893; x_wconf 76' lang='lat' dir='ltr'><strong>Dens</strong></span> <span class='ocrx_word' id='word_1_886' title='bbox 3751 5835 3929 5892; x_wconf 59' lang='lat' dir='ltr'><strong>cuit;-</strong></span> 
     </span>
    </p>
   </div>
  </div>
