3988 6418
475 326 485 411 g
565 326 681 383 aea

1841 330 2162 388 ORIGENIS
2198 334 2355 390 ΠΕΡΙ
2396 337 2624 391 ΑΡΧΩΝ

3705 335 3806 391 103

571 447 840 501 videnlur
869 462 989 503 esse
1019 448 1340 503 commissae.
1401 448 1570 515 Quam
1605 464 1738 506 sane
1780 449 1982 525 Tyrum
2003 494 2018 518 ,
2066 454 2146 509 vel
2175 461 2223 517 Α
2251 457 2405 512 docet
2436 473 2533 513 nos
2561 458 2625 512 de
2655 455 2869 513 diabolo
2896 458 3115 512 dicens:
3149 475 3166 507 ι
3197 456 3333 511 Ecce
3363 456 3520 510 video
3544 451 3805 509 Satanam

577 554 715 607 quas
747 535 1035 611 Tyriorum
1083 542 1296 597 animas
1341 544 1545 597 sentire
1583 546 1909 613 debeamus,
1958 558 2139 601 utrum

578 627 718 684 hanc
748 645 869 698 qua:
905 634 956 685 in
1008 631 1293 688 Phoenices
1337 638 1628 704 provincia:
1682 640 1995 707 regionibus
2037 639 2140 693 sita

564 730 688 782 est,
729 721 841 792 68
888 738 955 775 an
1024 724 1186 777 aliam
1233 727 1468 795 aliquant
1519 728 1673 797 cujus
1719 730 1830 783 haec
1879 746 2039 800 quam
2087 732 2138 788 in

569 809 737 864 terris
784 813 1065 877 novimus,
1108 814 1279 868 forma
1327 826 1443 879 est;
1494 828 1550 871 et
1599 820 1810 873 animas
1845 819 2138 891 Tyriorum

572 912 752 956 utrnnt
784 906 976 959 horum
1002 949 1016 968 ,
1062 925 1129 960 an
1164 924 1352 963 eorum
1395 912 1487 979 qni
1522 912 1808 967 domestici
1842 924 1968 968 sunt
2003 916 2141 969 illius

566 994 697 1064 Tyri
747 1013 863 1063 qua:
897 1000 1220 1067 Spit-italiter
1253 1000 1591 1069 intelligitur,
1628 1005 1679 1056 in
1719 1005 1820 1058 hoc
1867 1006 1986 1060 loco
2030 1023 2137 1059 nott

565 1087 789 1141 videtur
818 1093 1203 1159 requirendum
1229 1111 1243 1158 ;
1272 1111 1339 1150 ne
1378 1097 1516 1151 forte
1550 1098 1697 1151 velut
1730 1098 1781 1151 in
1817 1099 2044 1151 transitu
2072 1100 2140 1153 de

574 1180 739 1235 tantis
768 1193 819 1234 et
846 1193 950 1235 tant
983 1184 1321 1240 absconditis
1349 1190 1508 1242 rebus
1531 1190 1815 1243 videamur
1840 1190 2135 1259 inquirere,

568 1274 714 1340 quod
748 1273 932 1339 tttique
963 1276 1241 1344 proprium
1277 1278 1361 1331 vel
1386 1294 1521 1346 Opus
1546 1280 1733 1348 exigit,
1758 1280 1839 1333 vel
1869 1281 2135 1337 laborem.

639 1363 694 1417 5.
755 1362 989 1419 Rursum
1038 1378 1217 1421 tamen
1269 1371 1429 1423 etiam
1482 1371 1547 1424 de
1598 1372 1701 1425 alia
1758 1375 1959 1427 virtute
2010 1389 2139 1427 con-

569 1456 741 1509 traria
765 1458 877 1527 (40)
903 1458 971 1512 ab
991 1460 1124 1513 Isaia
1156 1464 1413 1530 propheta
1444 1463 1568 1515 talia
1597 1466 1841 1531 quaedam
1861 1467 2134 1525 docemur.

561 1548 822 1603 Aiteuitn
859 1564 873 1600 :
916 1569 933 1600 ι
969 1550 1246 1616 Quomodo
1276 1554 1598 1624 Cecidit(tI)
1631 1556 1695 1608 de
1726 1556 1866 1609 cmlo
1898 1555 2135 1621 Lucifer,

570 1640 661 1706 qni
712 1656 869 1694 mane
900 1642 1228 1697 oriebatur?
1267 1644 1593 1699 Coufracttts
1626 1656 1710 1701 est
1742 1657 1793 1701 et
1826 1647 2044 1702 collisus
2082 1648 2135 1701 in

572 1740 777 1782 terram
812 1732 902 1800 qui
938 1733 1259 1787 immittehat
1299 1736 1364 1788 ad
1410 1752 1600 1789 omnes
1640 1747 1845 1805 gentes.
1888 1735 1966 1790 Ttt
2005 1754 2134 1792 vero

571 1822 759 1876 dixiSti
799 1824 849 1876 in
885 1840 1043 1877 sensu
1088 1825 1199 1895 (4‘2)
1246 1836 1335 1879 tuo
1383 1844 1396 1880 :
1448 1828 1752 1882 Ascendam
1790 1831 1841 1882 in
1896 1830 2134 1895 ccelum,

566 1929 736 1982 super
766 1915 955 1969 stellas
980 1919 1101 1970 οωΙὶ
1136 1933 1326 1985 ponam
1354 1934 1529 1972 nteutu
1558 1922 1833 1984 thronum,
1860 1923 2059 1975 sedebo
2084 1924 2133 1977 itt

572 2021 753 2061 monte
792 2010 1007 2064 excelso
1057 2027 1218 2081 super
1247 2023 1456 2067 montes
1485 2016 1731 2069 excelsos
1779 2017 1869 2084 qui
1913 2027 2036 2071 sunt
2069 2020 2135 2072 ad

574 2102 891 2169 Aquilonem
926 2102 1069 2172 (45),
1110 2106 1396 2157 ascendam
1441 2121 1604 2175 super
1645 2108 1834 2169 nubes,
1861 2123 1952 2163 ero
1986 2111 2136 2163 simi-

570 2192 640 2247 lis
671 2194 970 2248 Altissittto.
1014 2196 1163 2250 Nunc
1189 2206 1365 2250 autem
1400 2198 1451 2250 in
1479 2199 1747 2251 infernum
1777 2200 2133 2270 demergeris,

574 2293 629 2337 et
664 2284 715 2336 in
768 2285 1115 2341 fundamenta
1147 2300 1323 2342 terrae.
1366 2288 1466 2355 Qui
1504 2299 1554 2343 te
1588 2291 1819 2344 viderint
1847 2331 1862 2356 ,
1896 2292 2134 2345 admira—

570 2376 769 2428 buntur
795 2392 957 2445 super
1000 2388 1075 2443 te,
1114 2390 1169 2432 et
1198 2381 1419 2436 dicent:
1462 2380 1559 2436 Hic
1589 2392 1672 2435 est
1697 2384 1858 2436 homo
1888 2384 1979 2452 qui
2008 2400 2134 2437 exa-

563 2470 828 2523 cerbabat
885 2480 1052 2523 totam
1109 2482 1351 2537 terram,
1392 2474 1483 2541 qui
1534 2476 1782 2528 movebat
1815 2490 1991 2543 reges,
2040 2477 2131 2544 qui

572 2560 699 2612 fecit
733 2562 1044 2615 universum
1097 2565 1284 2617 orbem
1330 2566 1647 2629 desertum,
1698 2566 1789 2634 qui
1823 2569 1984 2620 urbes
2033 2567 2130 2621 de-

568 2656 808 2715 struxit,
844 2669 943 2707 nec
988 2668 1082 2708 eos
1129 2657 1221 2723 qui
1276 2658 1328 2708 in
1385 2657 1615 2711 vinculis
1663 2668 1829 2721 sunt,
1888 2661 2131 2713 resolvit.

562 2742 768 2798 Omnes
797 2761 950 2815 reges
979 2747 1221 2814 gentium
1254 2750 1589 2803 dormierunt
1613 2751 1665 2803 in
1702 2752 1927 2817 honore,
1966 2767 2133 2807 unus-

568 2841 801 2907 quisque
852 2841 903 2892 in
942 2839 1102 2892 domo
1132 2854 1227 2891 sua
1262 2857 1277 2893 :
1331 2850 1384 2893 tu
1413 2856 1537 2893 vero
1565 2842 1866 2911 projicieris
1900 2844 1950 2895 in
1984 2860 2133 2897 mon-

570 2930 713 2982 tibus
740 2932 878 2983 sicut
902 2940 1148 2983 mortuus
1170 2932 1531 2985 exsecrabilis
1549 2949 1669 2986 cmn
1698 2933 1882 2988 multis
1907 2936 2131 2988 mortuis

566 3022 659 3089 qui
692 3023 972 3075 transfossi
1009 3034 1136 3076 sunt
1177 3024 1402 3090 gladiis,
1432 3033 1484 3077 et
1523 3025 1920 3079 descenderunt
1947 3026 1998 3079 in
2046 3027 2131 3080 in-

566 3114 803 3165 fernum.
849 3115 1000 3165 Sicut
1026 3115 1408 3167 vestimentum
1437 3115 1697 3182 sanguine
1726 3127 2039 3169 concretum
2068 3126 2125 3170 et

565 3204 825 3257 infectum
853 3219 957 3257 non
990 3207 1094 3257 erit
1122 3206 1402 3265 tnuudum,
1434 3205 1504 3257 ita
1537 3219 1633 3259 nec
1673 3215 1724 3258 tu
1755 3207 1974 3272 quidem
2014 3210 2124 3264 eris

564 3296 799 3349 mundus
832 3310 928 3363 pro
973 3309 1037 3347 eo
1083 3295 1224 3362 quod
1278 3306 1478 3347 terram
1513 3312 1686 3349 meant
1720 3298 2036 3366 perdidisti,
2070 3310 2126 3354 et

563 3389 821 3456 populum
854 3402 1033 3440 meum
1056 3388 1298 3441 occidisti
1321 3427 1334 3449 ,
1361 3404 1464 3440 non
1500 3390 1740 3443 manebis
1779 3391 1831 3443 in
1863 3400 2124 3445 mternum

563 3492 799 3547 tempus,
847 3494 1030 3533 semen
1079 3480 1395 3548 pessimum.
1452 3477 1699 3548 Pracpara
1738 3480 1874 3534 ﬁlios
1910 3491 2030 3538 tuos
2057 3485 2123 3537 ad

568 3571 1004 3627 interfectionem
1039 3585 1135 3639 pro
1162 3571 1404 3639 peccatis
1431 3574 1599 3640 patris
1625 3573 1722 3635 tui,
1752 3588 1817 3626 ne
1845 3587 2127 3642 resurgant

562 3674 618 3717 et
646 3674 847 3717 terram
877 3663 1190 3716 luereditate
1219 3663 1553 3730 po:sideaut,
1576 3673 1628 3716 et
1657 3664 1898 3733 repleant
1924 3676 2121 3717 terram

562 3758 716 3812 bellis
738 3797 753 3821 ,
789 3766 845 3810 et
876 3758 1153 3825 insurgam
1180 3755 1231 3807 in
1260 3769 1373 3819 eos,
1414 3756 1545 3809 dicit
1576 3756 1834 3810 Dominus
1860 3756 2120 3820 Sabaoth,

561 3863 615 3903 et
644 3849 892 3916 deperire
926 3849 1117 3901 faciam
1153 3864 1347 3903 nomen
1386 3853 1649 3917 ipsorum,
1682 3860 1730 3902 et
1764 3851 2039 3919 reliquias,
2065 3861 2121 3905 et

561 3956 743 3993 semen
771 3956 956 3994 eorum
973 3940 1067 4000 θ’.»
1093 3940 1531 3994 Manifestissime
1559 3956 1655 4009 per
1682 3942 1794 3995 hate
1815 3943 2121 3995 ostenditur

559 4033 825 4088 cecidisse
860 4034 925 4086 de
969 4034 1123 4087 caelis
1159 4036 1343 4103 utique
1381 4034 1473 4102 qui
1526 4033 1677 4101 prius
1722 4045 1839 4087 erat
1881 4034 2117 4098 Lucifer,

558 4135 614 4177 et
642 4128 731 4194 qui
765 4142 921 4181 mane
967 4128 1263 4180 oriebatur.
1309 4126 1363 4179 Si
1397 4127 1565 4189 enim,
1613 4136 1667 4179 ut
1704 4136 1890 4194 putant
1931 4128 2119 4194 aquui,

566 4227 755 4270 natura
790 4218 899 4289 (Η)
935 4220 1279 4272 tenebrarum
1307 4227 1458 4280 erat,
1487 4218 1756 4287 quomodo
1796 4228 1921 4271 ante
1955 4219 2121 4273 fuisse

560 4309 782 4365 Lucifer
812 4311 1047 4365 dicitur?
1103 4309 1192 4365 Vel
1225 4312 1492 4395 quoruon
1524 4321 1734 4378 poterat
1782 4312 1913 4365 oriri
1963 4328 2122 4366 mane

555 4404 644 4472 qui
684 4403 817 4458 nihil
844 4405 897 4458 in
930 4419 990 4459 se
1038 4404 1264 4458 habebat
1301 4418 1367 4457 cx
1415 4404 1578 4458 luce?
1632 4403 1737 4458 Sed
1785 4413 1840 4458 et
1871 4404 2121 4459 Salvator

622 4584 667 4615 ⁹⁹
701 4582 801 4637 Isa.
833 4583 1031 4645 xtv,12
1056 4598 1207 4652 seqq.
1285 4587 1301 4614 ί
1332 4583 1466 4638 Luc.
1493 4599 1547 4651 x,
1583 4582 1665 4639 18.

623 4724 738 4851 (40)
779 4725 956 4780 Etiam
990 4728 1053 4781 de
1077 4730 1185 4780 alia
1213 4728 1408 4782 virtute
1443 4730 1734 4783 contraria.
1777 4729 1927 4785 Isaia:
1956 4733 2113 4787 verba

550 4811 664 4857 XIV,
746 4797 781 4849 Ξ
831 4811 1022 4864 seqq.,
1085 4815 1207 4851 mox
1263 4801 1506 4863 laudata,
1555 4804 1621 4855 de
1684 4801 1901 4854 diabolo
1949 4804 2113 4857 etiam

549 4868 754 4940 §t_tft'i|ti_t_
782 4866 920 4940 iuira
954 4866 1047 4918 lib.
1083 4882 1133 4940 tv
1165 4869 1302 4935 Περὶ
1336 4868 1557 4940 ᾴρχῶν.
1585 4886 1706 4940 cap.
1728 4872 1795 4936 Ξ,
1832 4885 1928 4924 nec
1953 4874 2114 4926 aliter

549 4935 789 5009 '_I_‘ertt_tll.
823 4934 914 4987 lib.
960 4949 991 5009 _v
1034 4934 1281 4989 adversus
1326 4934 1587 5009 Marcion.
1610 4979 1626 5004 ,
1654 4934 1789 5009 'cap.
1827 4941 1886 4994 II
1921 4951 1975 4995 et
2007 4943 2111 5007 I7;

550 5006 745 5059 Euseb.
781 5007 830 5077 in
861 5004 1052 5077 psalm.
1087 5022 1287 5069 unt;
1326 5008 1581 5064 Ambros.
1621 5012 1671 5063 iit
1697 5004 2104 5077 psalttt.cxvtttj

546 5074 878 5150 étlt'dtttlsitls
908 5075 1237 5150 pluribusin
1286 5077 1450 5150 locis,
1477 5080 1654 5150 AGreg.
1684 5074 1821 5147 Mag.
1869 5074 2103 5150 saepius:

548 5146 875 5218 The-adoret.
932 5145 1076 5218 hic,
1114 5145 1352 5218 Isidorus
1399 5148 1573 5204 Pelus.
1607 5145 1703 5203 iib.
1744 5145 1963 5218 (epist;
2000 5150 2104 5214 15;

546 5217 811 5269 Berttard.
845 5230 1011 5268 serto.
1045 5215 1080 5268 5
1115 5217 1165 5268 in
1198 5216 1393 5270 vision.
1428 5219 1547 5271 Isai.
1605 5221 1712 5274 Sed
1761 5215 1867 5274 noit
1910 5224 2107 5274 desunt

543 5285 651 5359 alii
685 5284 871 5339 Patres
898 5295 953 5359 et
995 5284 1289 5359 Scriptura:
1320 5302 1492 5341 sacra:
1520 5290 1847 5357 interpretes
1870 5291 1959 5359 qui
1989 5292 2105 5344 haec

542 5354 872 5429 adlttteram
906 5355 1252 5429 intelligenda
1299 5367 1487 5429 putent
1522 5360 1587 5412 de
1630 5354 1751 5426 rege
1785 5354 2098 5429 Babylonis,

542 5426 634 5477 alii
663 5426 730 5478 de
765 5424 1328 5487 Nabuchodonosore,
1380 5427 1470 5479 alii
1504 5431 1571 5482 de
1621 5424 1962 5495 Baltltasat'e,
2006 5431 2096 5483 alii

544 5500 611 5570 de
645 5495 1052 5570 Seutta‘cherib,
1099 5497 1466 5570 unusquisque
1522 5499 1677 5565 juxta
1723 5516 1875 5553 suam
1925 5502 2098 5570 hypo~

543 5566 755 5617 thesim.
794 5563 905 5633 Ego
930 5578 1060 5620 Vero
1081 5566 1147 5618 de
1178 5566 1504 5638 Balthasare
1521 5563 1724 5637 accipio
1744 5611 1759 5636 ,
1790 5570 1879 5638 qui
1907 5563 2098 5625 eadem

536 5644 697 5710 nocte
727 5649 831 5702 qua
860 5647 1025 5710 capta,
1054 5648 1144 5710 est
1166 5638 1452 5710 dolonrbs
1476 5636 1718 5709 Babylon
1746 5658 1776 5695 a
1806 5636 1975 5710 Cyro,
2010 5641 2097 5696 in-

539 5702 799 5775 tertectus
821 5702 942 5760 est.’
972 5705 1102 5760 Vide
1130 5706 1403 5761 Danielem
1432 5722 1554 5775 cap.
1589 5702 1642 5761 v.

602 5772 718 5845 (41)
757 5775 834 5829 Ita
867 5790 1000 5833 mss.
1029 5775 1179 5830 Alias
1199 5816 1215 5844 ,
1250 5795 1270 5828 ι
1294 5772 1635 5849 descendit.)

1740 4586 1761 4617 ³
1794 4583 1982 4641 Matth.
2008 4602 2155 4653 xxw,
2177 4587 2268 4641 ‘27.

779 4725 956 4780 Etiam
990 4728 1053 4781 de
1077 4730 1185 4780 alia
1213 4728 1408 4782 virtute
1443 4730 1734 4783 contraria.
1777 4729 1927 4785 Isaia:
1956 4733 2121 4787 verba
2152 4740 2197 4795 D

2248 550 2508 605 cecidisse
2556 550 2623 604 de
2671 550 2806 604 coelo
2851 551 2990 604 sicut
3024 549 3257 618 l'ulgur‘.
3288 568 3307 601 ι
3352 547 3465 602 Lux
3514 548 3658 602 enim
3688 556 3808 600 erat

2248 641 2558 709 aliquando.
2600 641 2705 694 Sed
2736 650 2790 694 et
2828 642 3085 694 Dominus
3128 652 3311 694 noster
3335 642 3424 711 qtti
3466 641 3676 695 veritas
3701 647 3805 706 est,

2247 731 2468 800 gloriosi
2506 733 2769 785 adventus
2820 731 2902 784 sui
2946 730 3056 802 (45)
3102 732 3399 799 potentiam
3452 716 3807 783 nihilominus

2247 822 2443 892 fulguri
2497 822 2835 889 comparavit
2881 823 3108 874 dicens:
3148 838 3166 871 t
3194 820 3345 874 Sicut
3390 821 3532 873 enim
3568 819 3749 889 fulgur
3778 835 3807 874 a

2247 929 2457 967 summo
2491 913 2627 967 (ωΙο
2657 913 2821 981 fulget
2854 912 3110 979 usquead
3141 928 3407 965 stunmum
3439 912 3574 982 ejus,
3604 911 3677 964 ita
3708 912 3812 964 erit

2245 1006 2505 1059 adventus
2554 1004 2673 1058 Filii
2731 1004 3013 1057 hominis”.
3047 1023 3065 1055 ›
3147 1003 3215 1058 Ει
3266 1005 3616 1057 nihilominus
3670 1004 3812 1056 hunc

2245 1094 2441 1164 fulguri
2466 1104 2773 1166 comparat,
2819 1106 2874 1148 et
2914 1095 3043 1148 dicit
3080 1111 3201 1149 eum
3240 1095 3501 1148 cec.tlisse
3530 1094 3595 1147 de
3631 1093 3808 1159 cado;

2245 1198 2302 1243 ttt
2334 1191 2642 1245 ostenderet
2676 1206 2769 1260 per
2795 1189 2898 1243 hoc
2932 1186 3096 1241 fuisse
3124 1196 3176 1241 et
3209 1188 3380 1257 ipsum
3427 1187 3725 1255 aliquando
3756 1189 3809 1239 itt

2243 1280 2404 1346 cmlo,
2428 1291 2479 1334 et
2531 1281 2782 1333 habuisse
2815 1278 2989 1333 lacum
3041 1278 3181 1331 inter
3229 1288 3465 1339 sanctos,
3504 1288 3558 1330 et
3591 1278 3811 1345 partici-

2244 1388 2401 1441 passe
2432 1374 2498 1426 de
2530 1374 2629 1426 hac
2660 1372 2796 1435 luce,
2817 1373 2882 1424 de
2912 1386 3014 1440 qua
3042 1385 3228 1424 omnes
3257 1372 3425 1423 sancti
3455 1371 3807 1439 participant,

2244 1480 2308 1518 ex
2336 1480 2443 1533 qua
2469 1464 2644 1533 angeli
2684 1463 2819 1517 lueis
2851 1462 3185 1525 efficiuntur,
3218 1471 3273 1515 et
3309 1460 3540 1530 apostoli
3572 1461 3659 1512 lux
3693 1458 3806 1531 (to)

2244 1557 2428 1610 mundi
2463 1556 2718 1609 dicuntur
2768 1570 2796 1608 a
2849 1554 3097 1608 Domino.
3170 1554 3283 1607 Iloc
3319 1569 3447 1619 ergo
3480 1556 3640 1606 modo
3691 1563 3810 1606 erat

2243 1648 2405 1702 etiam
2441 1647 2543 1701 iste
2572 1646 2664 1700 lux
2700 1647 2990 1714 aliquando
3018 1656 3306 1714 antequam
3352 1647 3809 1714 praevaricaretur

2243 1748 2296 1792 et
2327 1738 2547 1793 caderet
2587 1738 2638 1791 in
2673 1738 2815 1793 hunc
2844 1737 3057 1800 locum,
3089 1747 3142 1790 et
3178 1736 3349 1803 gloria
3379 1737 3494 1806 ejus
3525 1746 3809 1790 converte-

2170 1817 2210 1871 Β
2243 1846 2394 1885 re‘ur
2426 1831 2476 1883 in
2506 1831 2804 1899 pulverem,
2829 1830 2968 1898 quod
2991 1838 3071 1883 est
3099 1830 3317 1899 proprie
3344 1829 3652 1897 impiorum,
3673 1829 3810 1883 sicut

2243 1934 2299 1976 et
2332 1923 2591 1991 prapheta
2618 1922 2768 1983 dicit,
2804 1936 2867 1973 ex
2895 1937 3002 1989 quo
3040 1930 3095 1974 et
3129 1923 3379 1989 princeps
3406 1919 3566 1987 hujus
3596 1921 3805 1982 mundi,

2245 2016 2296 2069 id
2330 2024 2415 2067 est
2460 2023 2686 2067 terrena:
2718 2012 3090 2079 habitationis,
3121 2012 3417 2080 appellatus
3438 2022 3558 2076 est;
3593 2012 3812 2080 princi-

2243 2115 2428 2175 patunt
2492 2121 2723 2174 namque
2768 2106 2877 2175 egit
2931 2106 2980 2156 itt
3026 2120 3117 2158 eos
3148 2104 3237 2171 qui
3272 2104 3388 2172 ejus
3434 2104 3658 2157 malitiae
3711 2106 3808 2159 ob-

2242 2196 2415 2249 secuti
2445 2204 2592 2256 sunt,
2624 2197 2876 2262 quoniam
2909 2194 3016 2265 (47)
3059 2196 3275 2264 quidem
3313 2212 3333 2246 ε
3360 2204 3499 2249 totus
3532 2195 3619 2248 hic
3654 2212 3809 2248 mun-

2242 2289 2342 2343 dus
2400 2287 2677 2359 (mundum
2732 2298 2912 2341 autem
2954 2305 3094 2341 ntmc
3165 2298 3436 2342 terrenum
3499 2288 3662 2342 istum
3713 2304 3811 2359 ap-

2241 2379 2382 2450 pello
2419 2365 2633 2449 locum)
2673 2378 2724 2430 in
2762 2378 2995 2446 maligno
3040 2376 3247 2446 positus
3280 2390 3361 2431 est
3381 2377 3421 2444 ³,
3455 2397 3473 2430 ι
3518 2388 3573 2433 et
3620 2381 3673 2433 in
3708 2380 3809 2434 hoc

2242 2480 2510 2541 apestata.
2552 2468 2705 2535 Quod
2747 2480 2923 2522 autem
2966 2481 3207 2536 aposmta
3244 2472 3316 2523 sit
3348 2471 3471 2535 iste,
3503 2472 3555 2524 id
3600 2482 3685 2524 est
3718 2487 3805 2525 re-

2241 2563 2386 2631 fuga,
2415 2562 2577 2615 etiam
2608 2559 2863 2613 Dominus
2887 2561 2936 2613 in
2956 2560 3055 2615 Joh
3077 2562 3149 2613 ita
3179 2561 3307 2615 dicit
3340 2575 3356 2615 :
3382 2580 3399 2613 ι
3422 2563 3670 2616 Adduces
3692 2560 3805 2635 (t8)

2240 2664 2421 2707 autem
2475 2653 2766 2707 draconem
2821 2651 2872 2705 in
2931 2654 3089 2707 hamo
3152 2656 3531 2724 apostatam‘,
3566 2674 3585 2707 ι
3634 2656 3686 2707 id
3724 2665 3808 2708 est

2240 2747 2507 2815 refugam.
2549 2746 2769 2800 Corium
2802 2756 2884 2800 est
2937 2759 3117 2800 autem
3161 2748 3284 2815 quia
3319 2751 3484 2802 draco
3536 2748 3654 2817 ipse
3684 2749 3803 2801 dia-

2240 2837 2398 2892 bolus
2442 2838 2779 2906 intelligitur.
2836 2838 2893 2890 Si
2941 2838 3395 2905 ergo'contrarize
3426 2841 3656 2892 virtutes
3704 2854 3804 2891 no-

2238 2931 2517 2983 minantur
2541 2938 2594 2982 et
2629 2929 2990 2982 immaculata:
3023 2928 3190 2983 fuisse
3215 2928 3504 2995 aliquando
3521 2929 3803 2991 dicuntur,

2240 3019 2647 3074 immaculatum
2680 3030 2859 3074 autem
2891 3034 3010 3073 esse
3036 3029 3230 3088 praeter
3261 3018 3476 3072 Patrem
3504 3028 3558 3072 et
3602 3018 3801 3073 Filium

2247 3123 2303 3166 et
2335 3112 2595 3180 Spiritum
2628 3122 2870 3165 sanctum
2909 3112 3040 3164 nulli
3064 3110 3492 3165 substantialiter
3517 3111 3683 3175 inest,
3709 3113 3801 3166 sed

2234 3205 2498 3257 sanctitas
2531 3205 2581 3256 in
2613 3204 2759 3256 omni
2802 3211 3052 3256 creatura
3084 3202 3334 3255 accidens
3374 3217 3462 3256 res
3494 3211 3613 3263 est,
3660 3204 3802 3270 quod

2231 3310 2410 3352 autem
2438 3297 2665 3361 accidit,
2698 3304 2751 3348 et
2780 3295 3030 3349 decidere
3068 3304 3274 3364 potest,
3327 3306 3381 3348 et
3418 3295 3535 3347 ista:
3567 3297 3803 3349 virtutes

2232 3390 2522 3443 contrariae
2556 3386 2918 3442 immaculata:
2958 3386 3245 3456 aliquando
3274 3385 3527 3449 fuerttnt,
3576 3396 3630 3441 et
3661 3392 3805 3440 inter

2233 3479 2353 3533 illas
2386 3480 2568 3547 utique
2615 3479 2833 3533 fuerunt
2873 3493 2993 3546 qua:
3041 3477 3219 3531 adhuc
3268 3477 3633 3531 immaculata:
3682 3495 3802 3547 per-

2233 3580 2489 3633 manent,
2534 3585 2630 3638 per
2662 3572 2766 3623 hoc
2790 3567 3097 3622 ostenditur
3131 3580 3304 3634 neque
3339 3566 3799 3633 substantialiter,

2231 3663 2316 3715 vel
2371 3662 2690 3715 naturaliter
2742 3676 2865 3716 esse
2918 3660 3153 3727 aliquem
3202 3657 3312 3730 (49)
3361 3658 3796 3725 immaculatum,

2232 3769 2405 3822 neque
2454 3753 2888 3808 substantialiter
2919 3765 3038 3805 esse
3070 3750 3333 3819 polltttuttt
3374 3767 3387 3803 :

2300 3847 2365 3900 Et
2390 3864 2481 3917 per
2505 3849 2607 3902 hoc
2634 3858 2974 3914 consequens
3166 3857 3381 3897 menon.
3420 3857 3671 3897 INTERPB.

2228 3951 2309 3996 est
2354 3941 2405 3994 itt
2444 3943 2599 3995 nobis
2635 3954 2774 4004 esse,
2815 3947 2974 4006 atque
3118 3935 3319 4001 Quibus
3374 3938 3503 3988 mati
3555 3938 3801 4001 disputa-

2230 4035 2282 4087 in
2309 4035 2506 4087 nostris
2528 4035 2781 4095 motibus,
2810 4040 2864 4084 ut
2889 4029 2970 4083 vel
3045 4029 3270 4081 tionibus
3315 4027 3427 4095 (50)
3469 4030 3798 4083 arbitramur

2229 4128 2373 4182 beati
2396 4128 2475 4181 vel
2496 4128 2666 4180 sancti
2686 4124 2973 4189 simus,vcl
3042 4137 3139 4173 sua
3188 4131 3369 4185 sponte
3406 4122 3545 4175 alios
3587 4139 3700 4176 esse
3742 4125 3797 4177 iu

2227 4232 2325 4287 per
2343 4208 2599 4271 dcsidfam
2626 4224 2675 4269 et
2702 4216 2973 4285 negligeu-
3044 4228 3256 4264 numero
3283 4223 3587 4265 sanctorum
3617 4225 3666 4267 et
3696 4216 3798 4267 mi-

2230 4307 2971 4362 tiamabeatitudineinma-
3043 4308 3256 4360 nisterio
3327 4308 3460 4371 Dei;
3526 4309 3662 4363 alios
3732 4310 3794 4363 ob

2227 4399 2464 4454 Iitiamet
2486 4398 2833 4469 perditionem
2853 4414 2970 4450 ver-
3044 4400 3249 4467 culpam
3277 4401 3544 4469 propriam
3576 4402 3642 4454 de
3671 4418 3795 4455 sau-

2343 4584 2363 4614 ³
2394 4580 2588 4636 lJoan.
2613 4596 2664 4648 v,
2694 4580 2773 4635 I9.
2851 4580 2872 4612 ⁸
2899 4580 2999 4636 Job
3025 4599 3114 4643 XL.
3137 4581 3227 4637 9.0.

2321 4729 2409 4801 42)
2450 4729 2525 4801 Ita
2556 4742 2688 4801 mss.
2709 4727 2865 4801 Alias
2885 4768 2899 4790 ,
2938 4745 2957 4777 ι
2982 4728 3161 4782 corde.
3192 4746 3211 4779 ι

2321 4729 2409 4801 42)
2450 4729 2525 4782 Ita
2558 4742 2688 4781 mss.
2717 4729 2865 4780 Alias
2885 4768 2899 4790 ,
2938 4745 2957 4777 ι
2982 4729 3161 4782 corde.
3192 4746 3211 4779 ι

2296 4729 2409 4873 (45)
2440 4800 2603 4873 Libb.
2634 4799 2839 4873 editi._¢
2867 4813 3030 4867 super
3053 4812 3240 4873 omnes
3271 4796 3515 4851 excelsos
3542 4799 3635 4867 qui
3662 4810 3789 4854 sont

2223 4871 2278 4926 in
2307 4868 2609 4938 Aquilone;
2645 4885 2665 4918 ι
2689 4937 2692 4938 ν
2715 4868 2810 4938 sed
2840 4884 2967 4921 tnss.
2996 4877 3053 4920 ut
3088 4870 3140 4921 in
3173 4878 3355 4921 nostro
3379 4877 3551 4921 textu.

2293 4937 2403 5012 (44)
2444 4939 2599 5012 Libb.
2631 4937 2803 5001 editi,
2854 4956 2871 4988 ε
2897 4949 2954 4989 ut
3002 4945 3229 5006 putant,
3266 4938 3445 5007 aliqua
3504 4947 3727 4995 natura.
3761 4959 3780 4990 ι

2217 5010 2451 5065 AttuSs.
2486 5019 2541 5060 ut
2574 5010 2625 5060 in
2657 5019 2846 5061 nostro
2874 5016 3043 5061 textu.

2288 5078 2401 5220 (45)
2441 5079 2558 5132 Sui.
2598 5078 2756 5131 Deest
2782 5078 2831 5131 itt
2861 5088 3019 5131 antea
3047 5079 3225 5140 editis,
3246 5080 3341 5133 sed
3364 5088 3542 5132 exstat
3565 5078 3618 5131 in
3646 5093 3782 5134 mss.

2288 5151 2375 5220 (46
2438 5148 2574 5202 Lux.
2609 5150 2769 5202 Deest
2796 5149 2851 5202 itt
2883 5157 3044 5203 autea
3083 5151 3281 5215 editis,
3313 5150 3407 5203 sed
3458 5152 3689 5203 habetur
3726 5153 3781 5203 itt

2285 5148 2397 5221 (⁷46)
2438 5148 2574 5202 Lux.
2609 5150 2769 5202 Deest
2796 5149 2851 5202 itt
2883 5157 3044 5203 autea
3083 5151 3281 5215 editis,
3313 5150 3407 5203 sed
3458 5152 3689 5203 habetur
3726 5153 3781 5203 itt

2212 5236 2341 5275 mss.

2308 5290 2394 5359 47)
2436 5288 2590 5356 Mss,
2624 5306 2644 5340 ι
2670 5289 2949 5359 quoniam.
2977 5307 2996 5341 ι
3032 5290 3205 5353 Alias,
3254 5290 3588 5356 «quomodo.
3615 5309 3637 5342 ι

2308 5292 2371 5345 47
2436 5292 2590 5356 Mss,
2624 5306 2644 5340 ι
2670 5292 2949 5359 quoniam.
2977 5307 2996 5341 ι
3032 5292 3205 5353 Alias,
3254 5292 3588 5356 «quomodo.
3615 5309 3637 5342 ι

2281 5292 2394 5433 (48)
2434 5361 2585 5425 Mss.,
2637 5363 2976 5433 taddttces.t
3034 5361 3203 5423 Alias,
3253 5361 3564 5415 «educes.»
3612 5361 3784 5415 Paulo

2206 5443 2331 5499 post
2361 5446 2517 5493 utss.,
2555 5448 2574 5479 ι
2600 5433 2889 5483 contraria!
2912 5432 3141 5482 virtutes
3167 5434 3536 5483 nominantur.
3564 5451 3582 5482 ι
3622 5433 3780 5487 Libb.

2207 5501 2337 5555 editi
2360 5541 2373 5558 .
2410 5518 2429 5551 ι
2451 5505 2742 5553 contrariae
2776 5503 3007 5553 virtutes
3042 5502 3247 5568 refuga.-
3280 5502 3653 5553 nominantur.
3685 5520 3705 5554 ι

2302 5570 2392 5637 49)
2433 5570 2596 5632 Mss.,
2639 5570 2973 5638 «aliquemu
3036 5567 3195 5622 Libb.
3249 5571 3415 5631 editi,
3455 5572 3776 5638 «aliquid.»

2302 5573 2392 5637 49)
2433 5573 2596 5632 blss.,
2639 5573 2973 5638 taliquen..t
3036 5573 3195 5622 Libb.
3249 5573 3415 5631 editi,
3455 5573 3776 5638 «aliquid.»

2278 5573 2405 5712 (50)Δ
2434 5640 2635 5712 Quibus
2662 5642 2789 5712 gnati
2829 5639 3279 5712 disputationibus
3300 5677 3325 5712 ,_
3348 5650 3457 5712 etc.
3501 5639 3659 5695 Hunc
3697 5643 3776 5696 Ioc

2206 5708 2328 5762 cum
2365 5710 2445 5764 sic
2474 5711 2632 5763 vertit
2662 5710 3018 5779 Hieronymus
3050 5708 3273 5779 epistola
3301 5710 3369 5762 94
3418 5713 3486 5763 ad
3516 5714 3776 5779 Avitum;

2207 5782 2346 5835 unde
2376 5782 2543 5849 liquet
2564 5796 2725 5850 quam
2748 5778 2924 5835 dubia:
2954 5780 3024 5833 sit
3055 5779 3177 5833 fidei
3215 5778 3485 5849 interpres
3516 5780 3774 5838 Rutilius.
