3992 6536
153 426 250 483 1ῧ5

148 555 328 611 gamus
352 541 421 594 ~in
464 548 677 593 tantum
713 548 773 593 ut
807 538 889 593 ni-

150 638 285 689 n.ins
305 633 602 703 prolectus,
632 642 689 687 ut
712 633 782 687 ita
805 632 888 686 di-
963 639 1165 683 tantam
1198 628 1560 699 negligentiam
1588 644 1706 680 ror-

153 723 671 788 xerim,maliti:e,si
693 722 814 793 quis
837 722 888 776 in
965 727 1164 790 ruisse,
1206 734 1260 778 ut
1300 725 1456 777 etiam
1494 723 1547 777 in
1586 740 1711 777 con-

150 831 345 875 tantum
362 819 783 884 suineglexerit,
802 833 894 872 us-
966 818 1157 873 traria:
1221 818 1559 887 fortitudines
1594 833 1708 872 tier-

149 930 245 981 que
265 914 330 966 ad
358 929 484 967 eunt
508 920 706 967 statum
736 913 897 964 deve-
966 923 1214 968 terentur.

154 1006 289 1067 niat,
340 1013 398 1057 ut
435 1018 499 1057 ea
540 1018 661 1073 qua:
697 1004 896 1056 dicitur

148 1098 412 1152 contraria
428 1097 603 1150 virtus
615 1095 893 1151 eﬂiciatur.

673 1188 785 1259 69
822 1186 1050 1258 CAPUT
1092 1187 1177 1241 vr.

504 1279 580 1333 De
626 1281 732 1349 [ine
773 1279 849 1333 vel
901 1279 1365 1332 consummatione.

207 1372 259 1427 Ι.
292 1370 455 1427 Finis
504 1372 587 1426 vel
647 1372 1062 1434 consvunuatio,
1108 1384 1284 1423 rerum
1340 1367 1709 1438 perfectarum

146 1473 763 1532 consumtuatarumque
813 1478 933 1516 esse
993 1463 1207 1515 videtur
1263 1461 1523 1514 indicium
1575 1462 1709 1529 (51).

150 1556 266 1623 Quae
292 1571 381 1610 res
412 1556 582 1609 etiam
622 1571 720 1609 nos
750 1556 798 1607 in
824 1554 927 1607 hoc
957 1553 1076 1608 loco
1100 1562 1425 1618 commonet,
1455 1551 1595 1621 quod
1645 1554 1713 1606 ad

151 1652 252 1704 hac
286 1659 404 1702 tam
444 1649 618 1701 ardua
650 1658 701 1699 et
729 1646 965 1700 diﬁicilia
1006 1647 1371 1713 intelligenda,
1402 1646 1444 1699 si
1476 1645 1595 1713 quis
1624 1645 1714 1699 ille

146 1752 221 1793 ιιρι
241 1741 330 1808 qui
374 1739 591 1808 legendi
628 1739 822 1793 horum
860 1747 914 1792 et
940 1739 1066 1791 talia
1108 1739 1471 1807 cognoscendi
1503 1738 1714 1792 deside-

148 1834 271 1884 rium
310 1833 554 1898 ceperit,
590 1832 888 1900 perfectum
926 1841 977 1884 ct
1001 1832 1270 1885 eruditum
1305 1846 1524 1884 sensum
1556 1828 1714 1884 debet

150 1928 403 1980 adhibere
435 1941 448 1976 :
479 1940 549 1979 ne
583 1926 724 1978 forte
751 1925 795 1979 si
834 1936 927 1977 aut
963 1925 1165 1977 nullum
1204 1940 1356 1978 usum
1392 1924 1442 1977 in
1470 1923 1715 1993 hujusce-

152 2019 274 2070 modi
298 2018 711 2086 quaestionibus
757 2016 941 2070 habuit
975 2016 1108 2085 (52),
1154 2032 1293 2069 vana
1325 2017 1569 2084 quaedam
1606 2016 1719 2069 hate

149 2109 211 2161 illi
244 2120 294 2163 et
322 2107 607 2175 superﬂua
641 2108 963 2165 videantur;
1009 2118 1101 2161 aut
1144 2108 1188 2162 si
1236 2108 1348 2176 jam
1397 2106 1717 2175 praeiudica-

149 2217 247 2254 tum
288 2211 344 2255 et
389 2209 730 2269 praeventum
774 2202 827 2253 in
859 2200 979 2253 aliis
1006 2200 1117 2269 (53)
1148 2201 1386 2253 animum
1418 2200 1577 2270 gerit,
1612 2200 1719 2253 lue-

148 2294 299 2346 retica
335 2293 458 2346 hac
492 2301 548 2346 et
576 2300 764 2345 contra
802 2290 959 2345 ﬁdem
1000 2289 1425 2344 ecclesiasticam
1457 2289 1570 2357 (54)
1622 2305 1720 2359 pu-

145 2393 234 2447 tet,
268 2399 377 2437 non
418 2393 531 2436 tam
568 2382 780 2435 ratione
828 2381 1157 2436 convincens
1199 2394 1362 2450 quam
1414 2379 1583 2432 animi
1634 2380 1717 2433 sui

149 2474 457 2543 pnrjudicio
482 2474 771 2528 deﬁniens.
788 2472 916 2539 Quae
942 2474 1157 2541 quidem
1181 2489 1209 2525 a
1229 2474 1380 2527 nobis
1404 2474 1567 2527 etiam
1594 2488 1717 2525 cum

152 2583 332 2636 magno
396 2576 545 2621 metu
594 2575 649 2621 et
695 2566 900 2621 cautela
964 2567 1245 2629 dicuntur,
1299 2566 1719 2619 discutieutibus

146 2659 306 2727 magis
336 2667 396 2711 et
425 2658 892 2726 pertractantibus
922 2672 1084 2725 quam
1108 2672 1207 2726 pro
1224 2665 1373 2711 certo
1408 2672 1470 2710 ac
1496 2657 1716 2710 deﬁnito

149 2748 527 2802 statuentihus.
559 2745 858 2799 Iudicaturo
889 2759 1121 2813 namque
1153 2760 1181 2797 a
1214 2745 1365 2797 nobis
1394 2744 1445 2796 in
1472 2745 1717 2812 superio-

152 2843 283 2895 ribus
310 2850 405 2895 est
444 2854 569 2908 qua:
627 2839 735 2891 sint
782 2837 897 2905 (55)
929 2839 995 2890 de
1046 2837 1240 2904 quibus
1288 2834 1572 2889 manifesto
1616 2834 1717 2889 do~

151 2944 314 3003 ginate
366 2930 779 2985 terminandum
832 2929 923 2987 sit.
956 2928 1101 2997 quod
1141 2938 1191 2982 et
1236 2942 1331 2994 pro
1360 2927 1565 2981 viribus
1619 2941 1718 2981 nos

149 3008 328 3079 iecisse
364 3034 523 3093 puto,
580 3039 703 3075 cum
751 3022 819 3075 de
874 3020 1142 3074 Trinitate
1181 3018 1292 3089 (56)
1345 3018 1713 3087 loqueremur.

154 3116 288 3172 Nune
320 3128 515 3170 autem
568 3112 884 3181 disputandi
920 3111 1100 3181 specie
1154 3111 1329 3179 magis
1377 3126 1537 3178 quam
1580 3110 1719 3163 deﬁ-

153 3210 350 3274 niendi,
404 3215 568 3276 prout
629 3220 934 3275 possumus,
984 3217 1323 3257 exercemur.
1387 3200 1537 3254 Finis
1587 3214 1719 3268 ergo

152 3301 319 3353 mundi
355 3308 414 3354 et
464 3298 867 3352 consummatio
900 3296 1140 3359 dabitur,
1181 3310 1304 3349 cum
1347 3293 1715 3360 unusquisque

151 3406 233 3459 pro
266 3390 467 3444 merito
521 3397 869 3458 peccatorum
932 3387 1095 3439 etiam
1142 3384 1315 3451 ρωιιὶε
1357 3382 1711 3451 subjicietur;

151 3482 273 3549 quod
326 3494 549 3551 tempus
599 3480 745 3534 Deus
800 3478 949 3531 solus
1005 3478 1272 3546 agnoscit,
1303 3478 1518 3545 quando
1548 3491 1717 3531 unus-

149 3576 374 3643 quisque
431 3572 580 3641 quod
654 3579 893 3623 meretur
945 3569 1231 3637 expendet.
1287 3567 1342 3620 In
1393 3581 1555 3620 unum
1602 3566 1714 3637 (57)

153 3684 273 3722 sane
300 3669 466 3721 ﬁnem
502 3675 754 3734 putamus
777 3662 889 3733 (58)
915 3663 1057 3730 quod
1083 3661 1296 3715 bonitas
1329 3660 1417 3713 Dei
1450 3675 1544 3729 per
1568 3659 1718 3714 Chri-

154 3770 279 3811 stum
305 3774 467 3812 Sltllttt
500 3756 815 3810 universam
860 3762 1079 3807 revocet
1113 3760 1442 3814 creaturam,
1476 3750 1715 3806 subactis

154 3863 201 3905 et
227 3852 458 3905 subditis
491 3850 657 3905 etiam
713 3847 978 3902 inimicis.
1031 3845 1122 3900 Sic
1157 3846 1300 3900 enim
1343 3846 1472 3899 dicit
1525 3854 1713 3899 sancta

160 3947 432 4015 Scriptura
471 3962 485 3996 :
527 3963 544 3994 ι
579 3943 726 3997 Dixit
778 3941 1041 3995 Dominus
1076 3940 1305 3993 Domino
1351 3954 1490 4002 meo,
1516 3937 1658 3993 Sede
1684 3953 1714 3992 a

160 4042 352 4094 dextris
403 4038 565 4101 meis,
600 4036 773 4090 donec
813 4049 1006 4103 ponam
1044 4033 1296 4087 inimicos
1331 4042 1451 4085 tuos
1502 4030 1715 4085 scabel-

158 4131 262 4184 lqu
286 4133 479 4201 pedum
516 4141 733 4182 tuorum
754 4128 796 4177 ⁵.
835 4146 853 4178 ι
889 4126 1046 4192 Quod
1076 4124 1120 4178 si
1150 4126 1328 4177 minus
1356 4122 1510 4175 nobis
1548 4123 1718 4174 tuaui-

160 4223 342 4276 festum
376 4234 457 4276 est
492 4223 623 4291 quid
675 4220 727 4273 in
757 4219 859 4273 hoc
910 4218 1112 4270 iudicet
1142 4217 1487 4285 propheticus
1514 4230 1714 4274 sermo,

162 4316 315 4372 Paulo
344 4316 594 4386 apostolo
616 4316 888 4368 discamus
912 4312 1023 4381 (59)
1053 4310 1537 4376 apertiusdiceute,
1570 4307 1712 4375 quod

167 4429 186 4459 ι
222 4422 423 4478 oportet
456 4407 787 4477 (Christum)
819 4418 1065 4474 regnare,
1096 4406 1270 4457 donec
1322 4411 1488 4470 ponat
1525 4415 1713 4453 Omnes

223 4543 245 4574 '
264 4544 396 4599 Psal.
422 4560 513 4609 cx,
548 4542 595 4597 Ι.
678 4543 698 4573 ⁶
724 4541 742 4595 l
766 4540 891 4595 Cor.
918 4554 1005 4605 xv,
1031 4537 1121 4592 25.
1196 4539 1215 4569 ⁷
1241 4536 1371 4591 ibid.
1395 4536 1486 4591 26.

223 4684 324 4757 (5|)
349 4686 523 4746 Alias,
562 4702 583 4736 ι
617 4682 831 4736 videtur
863 4696 984 4736 esse
1008 4679 1297 4748 judicium.
1341 4697 1360 4730 ι
1390 4677 1496 4733 Sed
1523 4691 1712 4732 omnes
1744 4681 1788 4736 D

163 4770 279 4810 mss.
307 4771 353 4807 ut
389 4758 441 4810 iu
472 4764 665 4809 nostro
703 4761 871 4807 textu.

226 4827 323 4897 (Si)
355 4827 477 4880 Lib.
507 4825 671 4897 editi,
697 4840 716 4873 ι
754 4820 1023 4897 habuerit.
1066 4833 1084 4867 ι
1121 4818 1270 4897 Mss,
1322 4837 1339 4867 ι
1368 4818 1636 4897 habuit.)

167 4965 179 4976 .
354 4896 423 4951 In
466 4896 614 4949 aliis.
648 4894 808 4948 Deest
854 4894 906 4947 in
943 4900 1102 4946 antea
1138 4891 1319 4953 editis,
1349 4891 1445 4943 sed
1482 4889 1715 4943 habetur

167 4982 214 5019 llt
250 4986 366 5020 mss.

230 5038 328 5105 (δι)
351 5038 444 5090 Sic
469 5051 632 5099 mss;
659 5041 715 5087 at
738 5033 869 5086 libb.
910 5032 1061 5097 editi,
1096 5049 1115 5081 ι
1150 5028 1495 5105 catholicam.
1535 5048 1554 5081 ι

172 5176 183 5188 _
232 5101 329 5178 (55}
356 5107 495 5173 Quae
522 5109 649 5159 sint.
688 5107 843 5157 Deest
872 5105 925 5157 in
956 5113 1114 5156 antea
1136 5102 1317 5163 editis,
1352 5101 1445 5155 sed
1482 5101 1717 5154 habetur

171 5192 216 5231 In
248 5194 363 5232 Illas.

233 5249 325 5317 (56)
347 5248 425 5303 De
456 5246 741 5302 Trinitate.
773 5241 865 5298 Sic
891 5257 1021 5297 mss.
1043 5240 1214 5306 Alias,
1243 5260 1261 5294 ι
1287 5241 1707 5306 determinate,»

172 5324 308 5373 male.

234 5390 326 5457 (37)
350 5389 525 5444 Caute
559 5386 699 5457 lege.

358 5459 421 5513 lu
454 5448 641 5510 ιιηιιιιιν
660 5472 788 5529 sane
811 5455 968 5524 ﬁnem
990 5461 1253 5520 putamus.
1277 5461 1381 5529 etc.
1402 5449 1541 5529 ‘Vide
1568 5448 1713 5503 Hoe-

175 5521 284 5582 tiu‘ru
310 5521 398 5585 lib.
441 5544 478 5582 tt
506 5521 972 5595 Ungenianorum,
1000 5532 1192 5593 qutest.
1226 5521 1530 5587 undecima,
1558 5538 1704 5574 nunt.

172 5598 223 5663 9,
248 5611 291 5651 et
312 5609 499 5667 quaest.
533 5598 592 5660 5,
622 5613 770 5649 num.
796 5596 883 5649 50.

237 5662 339 5739 (Sal
356 5670 444 5723 Sic
473 5682 630 5739 mss.
688 5667 860 5739 Alias,
894 5683 913 5716 ι
960 5663 1307 5739 ahApostolo
1350 5662 1646 5739 discamus.
1684 5679 1701 5710 ι

176 5734 446 5811 Ριιιιόροει
469 5738 605 5792 libb.
636 5736 792 5811 editi,
828 5756 847 5788 ι
879 5740 1021 5811 quod
1046 5750 1175 5811 sane
1204 5735 1301 5787 ista
1332 5735 1549 5811 quidem
1574 5735 1715 5800 Apo-

177 5804 459 5866 stoli...'nos
490 5809 717 5865 edocuit
753 5804 1015 5877 quodsit.
1050 5825 1068 5860 ι
1096 5808 1165 5859 At
1192 5820 1321 5861 mss.
1356 5814 1414 5857 ut
1440 5804 1491 5858 in
1524 5814 1713 5857 nostro

178 5886 319 5936 textu.

1540 418 1742 476 LIBER
1774 416 2053 475 PlitMUS.

962 538 1212 593 ctimonia
1273 545 1570 591 carmentes
1590 573 1605 597 ,
1661 535 1715 587 in
1745 539 1791 596 Α
1820 534 2070 588 inimicos
2102 531 2203 587 sub
2237 531 2463 602 pedibus
2492 528 2602 584 suis
2632 528 2673 582 ⁸.
2710 545 2729 578 ι
2761 527 2917 594 Quod
2948 526 2993 581 si
3024 540 3090 581 ne
3124 526 3222 581 ista
3251 515 3384 597 qui:

3274 415 3377 471 166

1819 627 1940 679 dem
1990 624 2227 692 Apostoli
2262 632 2367 677 tam
2415 631 2596 691 aperta
2633 619 2899 673 sententia
2934 619 3068 673 Satis
3115 636 3211 674 nos
3251 623 3380 673 edo.

1816 716 1946 777 cuit,
1972 716 2100 784 quid
2132 714 2201 767 sit
2230 713 2479 767 inimicos
2507 711 2630 780 poni
2659 711 2757 763 suh
2778 710 3022 777 pedibus.
3046 709 3168 761 andi
3202 708 3378 762 adhuc

1816 824 1939 863 eum
1986 808 2037 861 in
2085 805 2539 874 consequentibus
2586 819 2601 855 :
2636 818 2657 853 ι
2697 802 2921 869 Oportet
2949 801 3091 855 enim
3119 802 3165 855 ei
3194 802 3375 853 omnia

1817 914 1936 955 esse
1966 899 2207 965 subjecta
2238 899 2279 949 ⁷.
2321 915 2340 949 ι
2376 898 2504 962 Quae
2533 910 2661 963 ergo
2688 904 2767 947 est
2796 893 3060 957 subiectio
3089 908 3189 961 qua
3221 893 3380 946 Chri-

1821 1001 1905 1045 sto
1933 991 2132 1043 debeut
2179 1004 2297 1043 esse
2338 989 2515 1040 omnia
2560 985 2840 1051 subjecta?
2871 985 2976 1052 Ego
3009 985 3241 1037 arbitror
3264 982 3378 1055 (ϐυ)

1818 1083 1941 1151 quia
1976 1083 2086 1136 lucc
2112 1083 2222 1149 ipsa
2256 1098 2355 1148 qua
2386 1095 2478 1133 nos
2507 1094 2723 1149 quoque
2756 1090 3008 1145 optamus
3033 1079 3079 1131 ei
3104 1092 3223 1131 csse
3249 1078 3380 1130 sub-

1818 1174 1964 1244 iecti.
1998 1189 2106 1240 qua
2140 1172 2362 1237 subjecti
2396 1170 2442 1223 ei
2473 1180 2595 1223 sunt
2628 1178 2681 1221 et
2707 1170 2929 1237 apostoli
2955 1178 3007 1220 et
3037 1181 3224 1220 omnes
3253 1182 3381 1218 san-

1817 1259 2028 1324 cti,qui
2062 1260 2230 1311 soculi
2281 1268 2406 1311 sunt
2465 1257 2767 1311 Christum.
2821 1254 3187 1322 Suhjectiouis
3234 1256 3379 1309 euiut

1818 1364 2011 1402 nomen
2038 1365 2139 1417 qua
2169 1349 2384 1403 Christo
2412 1347 2746 1415 Snbjicimnr,
2776 1348 2999 1399 salutem
3022 1364 3140 1415 qua:
3169 1364 3194 1398 a
3224 1347 3382 1400 Chri-

1817 1448 1903 1493 sto
1937 1448 2039 1508 est,
2072 1441 2271 1494 indicat
2299 1439 2706 1505 suhjectorum;
2757 1438 2897 1491 sicut
2944 1446 2996 1491 et
3042 1436 3208 1488 David
3238 1438 3382 1490 dice-

1818 1530 1910 1583 bat
1946 1544 1961 1583 :
1996 1549 2013 1581 ι
2073 1530 2257 1583 Nonne
2311 1531 2418 1583 Deo
2450 1529 2696 1596 subjecta
2736 1529 2845 1581 erit
2899 1527 3082 1579 anima
3124 1526 3283 1579 mea?
3313 1526 3382 1579 ab

1820 1622 1936 1692 ipso
1971 1624 2111 1675 enim
2150 1622 2390 1677 Salutare
2423 1638 2597 1675 meum
2635 1622 2678 1674 ⁸.
2716 1640 2736 1674 ι

1887 1715 1941 1769 2.
1980 1712 2162 1766 Talem
2220 1714 2384 1783 igitur
2415 1714 2572 1765 linem
2604 1712 2869 1777 videntes,
2896 1726 3018 1765 cum
3050 1725 3238 1764 omnes
3278 1708 3384 1764 ini-

1821 1804 1944 1859 mici
2001 1803 2228 1870 subjecti
2269 1813 2431 1855 erunt
2491 1803 2733 1864 Christo,
2777 1811 2830 1855 et
2888 1817 3007 1852 cum
3058 1799 3384 1852 novissimus

1746 1889 1788 1943 Β
1819 1896 2069 1950 inimicus
2101 1894 2419 1949 destruetur
2450 1909 2615 1957 mors,
2652 1905 2702 1947 et
2734 1909 2856 1947 cum
2892 1894 3136 1945 tradetur
3161 1907 3189 1942 a
3224 1890 3383 1945 Chri-

1818 1998 1902 2043 sto
1928 1988 2011 2041 cui
2047 1988 2227 2040 omnia
2255 1986 2498 2053 subjecta
2532 1999 2681 2051 sunt,
2715 1999 2934 2053 regnum
2980 1984 3089 2036 Deo
3118 1982 3281 2043 Patri.
3315 1984 3384 2036 ab

1817 2078 2307 2148 isto,iuquam,tali
2342 2079 2446 2130 line
2483 2092 2666 2129 rerum
2728 2076 3161 2143 contemplemur
3206 2074 3382 2127 initia.

1820 2173 2046 2241 Semper
2072 2171 2215 2225 enim
2270 2169 2381 2240 (61)
2418 2167 2613 2222 similis
2645 2176 2728 2219 est
2780 2168 2900 2220 linis
2950 2167 3122 2219 initiis
3148 2165 3296 2236 (b2);
3329 2173 3386 2218 et

1818 2260 1937 2315 ideo
1966 2260 2106 2312 sicut
2137 2273 2273 2311 unus
2303 2258 2542 2309 ontttittut
2571 2256 2719 2318 linis,
2746 2255 2815 2307 ita
2847 2271 3007 2306 unum
3040 2256 3277 2307 omnium
3311 2256 3387 2306 in-

1817 2352 1983 2416 telligi
2013 2349 2171 2404 debet
2196 2348 2452 2410 initium;
2486 2355 2539 2398 et
2578 2348 2719 2398 sicut
2745 2344 3042 2396 multorum
3076 2358 3211 2395 unus
3242 2341 3385 2408 linis,

1817 2444 1892 2497 ita
1942 2444 2009 2495 ab
2056 2455 2165 2495 uno
2189 2440 2376 2511 .iuitio
2425 2436 2607 2492 multm
2631 2436 2947 2489 dill‘ereutia:
2980 2450 3043 2488 ac
3073 2444 3383 2496 varietates,

1817 2550 1935 2605 quae
1995 2548 2211 2588 rursum
2268 2547 2364 2601 per
2408 2530 2702 2584 bonitatem
2758 2528 2848 2581 Dei
2906 2536 2961 2581 et
2997 2525 3383 2594 subjectionem

1816 2628 2043 2695 Christi,
2089 2636 2251 2694 atque
2303 2624 2563 2677 unitatem
2615 2620 2847 2691 Spiritus
2894 2620 3064 2675 sancti
3119 2620 3171 2673 in
3223 2633 3387 2671 unum

1817 2720 1982 2775 ﬁnem
2020 2719 2112 2787 qui
2145 2719 2215 2771 sit
2245 2716 2398 2771 initio
2430 2715 2624 2767 similis
2653 2722 2977 2766 revocantur
3007 2729 3020 2765 :
3051 2726 3237 2765 oumcs
3278 2710 3385 2763 sci-

1816 2814 1945 2868 licet
1973 2816 2023 2867 Ill
2052 2813 2141 2881 qui
2176 2811 2229 2865 in
2261 2810 2478 2864 nomine
2505 2806 2631 2862 Jesu
2660 2822 2797 2877 genu
2826 2806 3126 2867 ﬂectentes,
3163 2820 3257 2871 per
3281 2805 3383 2857 hoc

1816 2905 1992 2975 ipsum
2049 2902 2401 2970 subjectionis
2434 2916 2544 2954 suae
2586 2899 2817 2966 insignia
2867 2896 3254 2960 declararunt;
3289 2895 3382 2963 qui

1817 3007 1943 3077 sunt
1975 2996 2301 3058 cmlestium,
2335 2994 2672 3047 terrestrium
2695 3002 2749 3044 et
2778 2990 3107 3043 inleruorum
3135 3004 3150 3051 ;
3187 2988 3236 3040 in
3260 2987 3381 3056 qui-

1817 3088 1919 3143 bus
1949 3090 2122 3142 tribus
2145 3086 2637 3157 signiﬁcationibus
2670 3084 2844 3138 omnis
2873 3081 3195 3135 universitas
3238 3078 3381 3132 indi-

1827 3192 2003 3246 catur,
2047 3180 2100 3234 hi
2164 3178 2409 3232 videlicet
2458 3178 2549 3247 qui
2586 3176 2650 3229 ab
2682 3176 2772 3228 illo
2811 3188 2914 3226 uno
2965 3173 3119 3225 initio
3150 3186 3244 3239 pro
3270 3169 3383 3222 suis

1824 3272 2197 3341 unusquisque
2228 3271 2462 3323 motibus
2487 3277 2539 3322 et
2570 3267 2923 3320 varietatibus
2952 3260 3063 3331 (65)
3096 3262 3385 3327 perdiver-

1822 3379 1910 3419 sos
1941 3364 2159 3417 ordines
2188 3376 2283 3431 pro
2315 3363 2511 3414 merito
2556 3357 2853 3427 dispensati
2901 3366 3061 3419 sunt;
3095 3370 3200 3407 non
3236 3353 3381 3406 euint

1823 3455 1878 3509 in
1915 3455 2000 3508 his
2024 3453 2242 3506 bonitas
2296 3448 2736 3505 substentialiter
2772 3447 2967 3508 inerat,
3003 3444 3144 3497 sicut
3185 3443 3237 3495 in
3275 3441 3384 3495 Deo

1821 3558 1874 3602 et
1904 3546 2121 3601 Christo
2154 3544 2295 3614 ejus,
2320 3553 2376 3597 et
2411 3544 2463 3596 in
2496 3542 2701 3611 Spiritu
2740 3550 2953 3594 sancto.
2982 3538 3036 3591 lu
3089 3536 3187 3590 hac
3234 3536 3385 3588 enim

1822 3638 1937 3692 sola
1983 3635 2271 3698 Triuitate,
2304 3650 2423 3705 quae
2472 3643 2556 3688 est
2602 3641 2794 3685 auctor
2849 3630 3115 3692 omnium,
3170 3625 3386 3680 bonitas

1820 3727 2252 3783 substantialiter
2278 3727 2456 3790 inest;
2485 3724 2665 3778 caeteri
2697 3737 2824 3777 vero
2869 3719 3206 3775 accidentem
3260 3732 3382 3769 eam

1820 3834 1887 3873 ac
1910 3818 2250 3872 decidentem
2286 3817 2489 3871 habent
2520 3815 2658 3885 (64),
2682 3822 2736 3867 et
2768 3823 2894 3867 tunc
2916 3826 3042 3865 sunt
3068 3811 3120 3863 in
3146 3808 3385 3863 beatitu-

1820 3910 1964 3974 dine,
1997 3924 2119 3963 cum
2149 3909 2213 3962 de
2238 3910 2529 3962 sanctitate
2564 3921 2627 3960 ac
2657 3903 2920 3974 sapientia
2951 3912 3004 3957 et
3034 3902 3099 3954 de
3146 3901 3261 3968 ipsa
3298 3901 3382 3953 di-

1819 4004 2048 4056 vinitate
2077 4002 2426 4071 participant.
2464 4002 2520 4053 Si
2553 4015 2680 4053 vero
2707 3999 2775 4051 ab
2808 3995 3114 4063 hujusmodi
3158 3994 3382 4064 partiri-

1816 4095 2031 4162 patioue
2083 4095 2359 4163 negligant
2404 4103 2568 4161 atque
2628 4089 2970 4146 dissimulent
3010 4127 3025 4152 ,
3083 4098 3208 4140 tunc
3252 4084 3385 4139 vitio

1817 4187 2014 4260 [(65)
2048 4188 2137 4253 Ἐξ
2197 4187 2331 4260 ἰδίας
2392 4186 2568 4260 αἰτίας

1816 4257 1923 4341 eos.
2057 4259 2427 4341 προσεχόντῳν
2452 4258 2571 4309 ἑαυ-

1816 4332 1929 4391 τοῖς
1984 4328 2274 4395 ἀγρύπνους
2332 4328 2570 4395 γίνονται

1819 4399 2002 4468 τάχιον
2054 4399 2088 4469 ἦ
2140 4399 2354 4470 βράδιον
2402 4414 2570 4469 μετα-

2640 4208 2868 4277 propria:
2891 4204 3108 4259 desidiae
3136 4201 3276 4255 alius
3303 4204 3385 4254 ci-

2646 4303 2775 4364 tius,
2809 4300 2950 4352 alius
2992 4295 3223 4360 tardius,
3267 4294 3386 4363 plus

2643 4396 2803 4462 alius,
2840 4394 2978 4448 alius
3029 4390 3229 4455 minus,
3271 4388 3388 4457 ipse

1561 4535 1583 4568 ⁸
1608 4536 1750 4591 l‘sal.
1780 4552 1888 4600 LXI,
1917 4537 1965 4591 Ι.

1892 4675 2002 4748 (60)
2025 4676 2193 4730 Caute
2221 4675 2354 4748 lege.

1893 4747 2004 4819 (lii)
2027 4748 2195 4819 (laute
2228 4747 2364 4819 lege.

1892 4802 2002 4887 (‘bii
2037 4816 2248 4871 Sentrer
2269 4802 2403 4867 enim
2430 4812 2713 4887 similisest
2738 4810 2858 4880 ﬁnis
2884 4806 3211 4887 ἱιιίιίἱεηεξιιξ.Δ
3231 4802 3383 4887 illine
3410 4851 3414 4855 .

1822 4875 1998 4943 locum
2034 4888 2255 4953 respicit
2289 4896 2342 4938 et
2387 4886 2560 4951 carpit
2611 4875 2971 4953 Hieronymus
3001 4878 3159 4946 epist.
3198 4875 3268 4930 94
3314 4875 3383 4953 ad

1820 4961 2056 5017 Avitum,
2093 4952 2214 5010 cum
2251 4956 2539 5023 Origenem
2582 4954 2785 5007 sentire
2819 4952 2945 5023 ξιιμ(
2975 4962 3188 5023 rursum
3232 4952 3382 5023 nasci

1820 5046 1882 5083 ev
1932 5015 2053 5082 ﬁne»
2086 5015 2428 5096 principium.
2458 5035 2510 5077 et
2553 5039 2617 5077 ex
2656 5022 2921 5096 principio
2955 5021 3157 5075 linem:
3202 5024 3266 5096 et.
3306 5015 3383 5093 ita

1823 5109 2016 5153 cuncta
2054 5086 2275 5159 variari,
2313 5107 2369 5148 ut
2404 5107 2457 5148 et
2486 5097 2575 5162 qui
2621 5086 2765 5146 nunc
2806 5086 2967 5145 homo
2994 5101 3097 5152 est,
3126 5086 3295 5155 possit
3326 5086 3381 5137 in

1823 5170 1928 5221 alio
1963 5170 2160 5221 mundo
2196 5172 2399 5220 daemon
2428 5167 2576 5230 ﬁeri;
2609 5174 2663 5217 et
2701 5163 2790 5231 qui
2824 5165 3031 5214 dzeutou
3064 5168 3167 5233 est,
3194 5166 3247 5209 et
3281 5168 3381 5233 nec:

1823 5239 2115 5309 glgeutith
2137 5238 2329 5305 egerit,
2364 5252 2428 5309 ιιι
2449 5222 2975 5309 crassiora-corpora
3003 5227 3294 5306 relegetur,
3325 5222 3379 5309 id

1823 5294 1931 5373 3st:
1964 5318 2021 5359 nt
2060 5294 2221 5361 honro
2253 5294 2361 5359 lia't.
2396 5304 2594 5372 Sicque
2638 5294 2927 5368 permiscet
2954 5294 3157 5373 omnia,
3201 5305 3261 5373 ιιι
3312 5294 3378 5373 de

1823 5363 2012 5447 ang'elo
2066 5378 2234 5445 possit
2261 5363 2521 5430 diabolus.
2548 5363 2696 5439 ﬁeri,
2730 5383 2785 5427 et
2819 5385 3007 5425 rursus
3036 5364 3283 5422 diabolus
3323 5363 3375 5416 in

1818 5451 2410 5518 angelutttrevertatur.
2428 5464 2463 5518 Δι
2613 5512 2663 5518 Ἀ
2942 5510 2954 5518 _
2976 5508 3011 5518 η
3328 5498 3339 5511 ,

1888 5508 2000 5587 ῖϋὸ)
2061 5516 2131 5570 Et
2199 5516 2556 5570 varietatibus.
2609 5512 2703 5570 Sic
2734 5525 2865 5567 mss.
2928 5508 3118 5574 Alias,
3155 5523 3176 5559 ι
3228 5508 3378 5558 varie

1817 5590 1945 5643 acti.
1985 5607 2005 5640 ι

1890 5658 2003 5728 (ﬁt)
2035 5658 2216 5728 Caute,
2240 5656 2375 5726 lege.

1892 5714 2003 5801 (65)
2048 5728 2147 5792 Ἐξ
2176 5714 2327 5794 tota}
2350 5727 2564 5793 αἰτίας,
2589 5735 2694 5801 etc.
2713 5724 2904 5801 Graeca
2935 5720 3092 5801 uncis
3121 5714 3378 5801 conclusa

1820 5792 2038 5853 exstant
2079 5806 2144 5851 ad
2174 5792 2375 5853 calcent
2413 5792 2661 5867 epistolae
2703 5792 3379 5867 Justiniani:imperatoris

1824 5872 1892 5925 ad
1921 5869 2129 5925 Menam
2160 5862 2525 5941 patriarcham
2553 5862 3236 5932 Constantinopolitanttut.
