3988 6418
570 483 822 543 πτώσεις.
842 479 933 534 καὶ
947 479 1036 532 ἐπὶ
1059 479 1256 539 πλεῖον,
1280 478 1312 546 ἧ

571 555 658 607 ἐπ’
690 551 763 615 ὼς
789 552 1022 604 ἔλαττον·
1069 549 1174 601 ἀπὸ
1198 547 1320 599 ταύ-

573 642 671 694 της
727 623 822 691 τῆς
897 620 1074 681 αἰτίας
1140 617 1314 694 κρίσει

574 686 695 760 Οέίᾳ
781 686 1312 760 συμπαραγμετρὸύσῃ

572 751 682 825 vuig.
725 751 948 815 ἑκάστου
974 751 1234 828 βελτίοσιν

573 833 778 904 χείροσι
793 902 799 904 _
813 827 1069 904 κινήμασι
1123 828 1231 904 καὶῌ
1247 827 1318 904 -τὸ

576 894 690 956 '21-.“
717 901 888 964 ἀξίαν,
922 894 951 949 ὅ
977 899 1072 968 μέν
1105 915 1186 960 τις
1211 897 1318 960 ἕξει.

575 978 630 1025 ἐν
654 976 716 1041 τῇ
758 969 986 1040 ἐσομένη
1018 969 1317 1052 διακοσιίή-

574 1061 653 1094 σει
678 1038 826 1104 {diu}
852 1038 1141 1108 ἅγγὲλικὴν
1168 1040 1199 1108 ἢ
1229 1038 1318 1090 δύ-

571 1131 730 1180 ναμιν
757 1110 983 1180 ἁρχικὴν
1015 1109 1047 1179 ἢ
1075 1108 1319 1175 ἐξουσίαν

571 1182 666 1251 τὴν
699 1182 788 1233 ἐπί
814 1198 992 1242 τινων,
1052 1180 1084 1249 ἢ
1117 1180 1317 1251 Ora/nov

572 1249 660 1303 τδν
693 1253 781 1303 ἐπὶ
811 1249 1255 1320 βασιλευομένων,
1283 1250 1315 1320 ἢ

572 1323 796 1390 κυρείαν
819 1322 913 1390 τὴν
931 1320 1071 1372 κατὰ
1100 1320 1315 1372 δούλωνο

570 1394 620 1446 oi
646 1391 702 1445 δὲ
728 1393 864 1444 πάνυ
890 1409 942 1441 τι
969 1391 1315 1450 ἐκπεσόντες,

572 1478 667 1532 την
716 1462 807 1513 ἐπὶ
853 1463 962 1522 τοῖς
1016 1461 1320 1532 εἰρημένοις

573 1530 874 1600 οἰκονομίαν
913 1549 970 1582 τε
1000 1571 1013 1590 ,
1056 1530 1147 1581 καὶ
1199 1531 1322 1600 βοή-

575 1604 721 1654 Οειαν
754 1599 951 1666 ἕξουσι.
1003 1601 1108 1651 Καὶ
1152 1599 1322 1660 οὕτως

575 1674 713 1726 κατὰ
737 1673 833 1739 μὲν
858 1671 916 1723 τὸ
948 1671 1192 1722 πλεῖστον
1220 1668 1324 1720 ἀπὸ

575 1743 679 1794 τῶν
727 1741 832 1795 ὑπὸ
886 1739 981 1802 τὰς
1029 1741 1198 1811 ἀρχὰς
1233 1740 1323 1790 καὶ

576 1812 815 1876 ἐξουσίας
841 1812 932 1864 καὶ
958 1809 1080 1872 τοὺς
1106 1809 1323 1880 Θρόνους

576 1885 666 1935 καὶ
692 1882 786 1943 τὰς
820 1879 1159 1952 κυριότηταςς
1187 1879 1324 1952 τάχα

575 1952 629 2004 δὲ
662 1953 768 2004 ἔστ’
801 1950 900 2004 ὄτέ
936 1952 1028 2003 καὶ
1070 1951 1185 2002 ἀντ’
1227 1950 1324 2000 αὑ-

575 2024 680 2092 τῶν
729 2026 1048 2092 συστήσεται
1105 2020 1164 2072 τὸ
1215 2019 1322 2092 τῶγ

575 2087 891 2159 ἀνθρώπων’
928 2091 1082 2158 γένος
1133 2092 1189 2142 ἐν
1247 2087 1324 2159 τῷ

575 2162 695 2216 καθ’
728 2163 822 2217 ἕνα
866 2162 1073 2231 κόσμῳ.

820 2319 872 2372 [tl
913 2330 995 2374 est
1030 2338 1042 2373 ζ

584 2463 663 2515 lia:
703 2462 910 2527 propria
953 2477 1128 2513 eorum
1169 2477 1322 2528 cnipa

579 2534 665 2601 qui
695 2535 905 2584 minime
928 2532 1026 2582 sibi
1051 2531 1320 2598 vigilantes

581 2604 869 2661 attendunt,
889 2601 1020 2668 ﬁunt
1056 2602 1206 2653 citius
1231 2609 1322 2652 aut

581 2674 744 2726 serius
768 2673 1110 2737 detupsiones,
1153 2686 1324 2738 ea'que

584 2742 658 2794 rel
692 2739 915 2810 majores
939 2741 1016 2794 vel
1057 2741 1322 2804 minores;

581 2827 790 2880 eamque
829 2812 889 2863 ob
916 2827 1127 2863 causam
1153 2811 1324 2863 divino

583 2882 778 2945 judicio
850 2881 992 2934 bonis
1041 2880 1118 2933 vel
1175 2880 1323 2933 malis

585 2950 987 3020 uniuscujusque
1005 2951 1228 3003 motibus
1251 2951 1328 3002 di-

582 3039 735 3087 gnam
766 3029 1210 3074 commensurante
1243 3035 1323 3072 re-

582 3091 932 3150 tributionem,
987 3091 1070 3142 hic
1121 3090 1323 3158 quidem

585 3167 636 3211 in
669 3161 849 3227 futura
893 3161 1072 3212 mutuli
1101 3160 1326 3225 disposi-

583 3233 721 3282 tione
749 3230 949 3282 habebit
975 3229 1205 3279 ordinem
1233 3244 1328 3277 an-

584 3299 824 3366 gelicum,
909 3309 1000 3351 aut
1086 3298 1326 3350 virtutem

585 3370 928 3438 principatus,
978 3377 1062 3420 attt
1105 3376 1326 3438 potestu-

588 3454 686 3490 tem
719 3437 771 3490 in
806 3439 1028 3506 aliquos,
1059 3445 1149 3487 aut
1188 3437 1330 3486 thro-

589 3525 707 3562 num
727 3524 883 3570 supra
901 3523 1054 3573 regno
1072 3506 1327 3566 subditos,

589 3588 677 3631 aut
703 3578 1109 3630 dominationem
1147 3575 1200 3626 in
1222 3590 1332 3626 scr-

587 3664 692 3702 vos.
725 3647 825 3710 Qui
857 3663 1089 3699 t'eronon
1117 3644 1334 3695 multum

590 3716 1155 3776 exciderintJtabebunt
1178 3730 1332 3780 quam

589 3787 818 3838 diximus
884 3785 1221 3838 oeconomiam
1286 3793 1332 3834 et

590 3856 968 3926 adjumentum.
1026 3856 1190 3926 Atque
1259 3854 1333 3926 ita

594 3922 665 3976 ια’
699 3925 981 3993 plurimum
1025 3941 1087 3976 ea:
1133 3925 1197 3974 iis
1247 3922 1334 3989 qui

591 4006 708 4047 sunt
741 3996 833 4047 sub
869 3993 1239 4056 principatibus
1285 4001 1332 4043 et

593 4065 925 4127 potestatibus
965 4074 1011 4116 et
1049 4062 1249 4114 thronis
1287 4071 1336 4114 et

591 4125 1050 4198 dominationibus,
1109 4132 1242 4200 forte
1286 4148 1342 4184 ε·
1411 4125 1732 4196 cipationem
1767 4126 2154 4184 imitationem-

1175 4250 1217 4282 ¹⁰
1237 4247 1392 4303 Joan.
1415 4263 1546 4314 xvn,
1567 4245 1659 4310 20,
1683 4243 1771 4302 ει.

663 4251 685 4283 ⁸
715 4249 816 4306 lsa.
841 4267 988 4316 uvt,
1006 4251 1095 4305 92.

1826 357 2150 416 ORIGENIS
2188 359 2345 412 ΠΕΡΙ
2385 359 2607 411 ΑΡΧΩΝ

3708 357 3799 410 tos

1388 477 1487 530 sibi
1516 490 1676 530 causa
1717 467 1810 529 sui
1835 476 2017 544 lapsus
2043 475 2124 529 vel
2152 479 2200 536 Α
2228 474 2353 525 tiam
2379 473 2843 544 aliquandacorum
2859 472 2973 525 loco
3045 489 3150 541 que
3218 473 3562 544 profecerant
3650 470 3793 542 (69),

1388 584 1544 622 casus
1596 567 1842 624 edicitur.
1887 569 1952 622 Et
1993 584 2126 638 quo-

1389 665 1554 727 ttiatn,
1611 672 1669 716 ιιι
1721 662 1956 716 diximus
1988 662 2122 734 (66),

1387 771 1544 810 casus
1571 756 1668 810 iste
1689 754 1772 810 vel
1797 754 1999 824 lapsus,
2021 772 2126 824 quo

1389 851 1452 904 de
1486 859 1627 904 statu
1659 864 1755 904 suo
1785 850 2014 917 quisque
2037 849 2128 901 de-

1389 944 1572 1007 clinat,
1596 942 2046 1011 quamplurimum
2075 941 2126 994 in

1390 1051 1449 1091 se
1521 1036 1682 1090 habet
1756 1035 2125 1089 diversitatem

1391 1140 1484 1193 pro
1514 1128 1707 1178 mentis
1755 1140 1817 1178 ac
1866 1125 2128 1192 propositi

1393 1215 1648 1278 molibus,
1682 1219 1822 1284 quod
1872 1217 2012 1269 alius
2049 1217 2129 1268 Ic-

1393 1313 1527 1376 vius,
1560 1311 1695 1364 alius
1719 1311 1932 1379 gravius
1954 1312 2020 1363 ad
2053 1311 2132 1364 in-

1394 1408 1588 1460 feriora
1633 1407 1890 1470 declinat,
1930 1405 1982 1459 in
2031 1405 2156 1460 hoc‘

1388 1506 1497 1570 jam
1525 1500 2008 1569 justun‘.judicium
2039 1501 2130 1553 Dei

1395 1597 1744 1663 providentia:
1772 1639 1786 1660 ,
1823 1608 1877 1649 ιιι
1925 1596 2136 1650 unicui-

1394 1706 1499 1757 que
1523 1693 1810 1745 secundum
1843 1691 2135 1746 diversita-

1397 1795 1501 1840 tem
1535 1797 1776 1840 motuum
1810 1804 1908 1856 pro
1941 1789 2134 1843 merito

1394 1879 1476 1931 sui
1503 1881 1755 1934 decessus
1793 1890 1847 1933 ct
1896 1896 2134 1934 commo-

1398 1971 1557 2025 tionis
1588 1972 1693 2040 70
1720 1982 1989 2026 occurrat.
2056 1974 2135 2027 Ex

1395 2063 1478 2118 bis
1503 2078 1633 2118 sane
1660 2065 1748 2133 qui
1780 2068 1832 2118 in
1862 2065 1950 2119 illo
1986 2068 2137 2120 initio

1395 2165 1827 2223 permanserunt,
1870 2159 2011 2226 quod
2056 2160 2138 2210 fu-

1395 2259 1518 2304 turo
1556 2251 1646 2304 lini
1674 2251 1855 2305 simile
1894 2267 2015 2306 esse
2045 2253 2137 2308 de-

1394 2346 1732 2414 Scripsimus,
1791 2345 2011 2414 quidam
2069 2361 2135 2401 ex

1397 2441 1530 2508 ipsis
1551 2441 1624 2510 ﬁn
1657 2441 1996 2496 ordinatione
2027 2443 2135 2511 (67)

1397 2551 1457 2588 ac
1502 2535 1907 2604 diSpensatione
1953 2536 2134 2589 mundi

1395 2628 1639 2682 ordinem
1682 2628 1986 2696 angelicum
2019 2644 2138 2681 sor-

1399 2725 1629 2785 tiuntur,
1694 2723 1783 2775 alii
1841 2723 2137 2788 virtutmn,

1397 2815 1487 2868 alii
1552 2814 1987 2884 principantem,
2045 2814 2140 2869 alii

1398 2918 1742 2977 potestatum,
1777 2911 1918 2977 quod
1964 2908 2014 2960 in
2044 2923 2140 2963 eos

1398 3001 1650 3053 videlicet
1671 3008 1958 3054 exerceant
1989 2988 2140 3068 p018-

1399 3100 1588 3144 statem
1625 3091 1715 3160 qui
1749 3094 1946 3148 habere
1980 3111 2142 3164 super

1398 3196 1559 3254 caput
1619 3187 1860 3254 indigent
1905 3197 2143 3256 potesta-
2172 3199 2216 3256 (ἶ

1401 3287 1508 3330 tem
1541 3298 1554 3334 :
1591 3279 1682 3332 alii
1719 3281 2028 3335 tltronorum
2061 3299 2143 3337 or-

1399 3373 1430 3425 d
1459 3390 1602 3440 nem,
1653 3376 1702 3427 id
1733 3386 1835 3441 est,
1863 3377 2139 3446 judicandi

1404 3467 1485 3522 vel
1516 3472 1734 3539 regendi
1767 3486 1862 3524 eos
1905 3473 1998 3540 qui
2039 3473 2144 3528 hoc

1407 3565 1668 3632 indigent.
1720 3566 1982 3622 habentes
2032 3568 2146 3623 olli-

1407 3659 1580 3724 cimn;
1605 3661 1694 3713 alii
1722 3662 2144 3718 dominationem

1409 3755 1542 3828 (68)
1591 3757 1708 3811 sine
1769 3757 1934 3813 dubio
1986 3775 2146 3830 super

1408 3862 1630 3911 servos;
1670 3863 1791 3914 qtne
1841 3851 2020 3904 omnia
2069 3851 2147 3906 eis

1406 3959 1504 4011 pro
1529 3943 1723 3996 merito
1747 3953 1799 3997 et
1821 3945 2146 4012 profectibus

1409 4037 1522 4091 suis
1551 4037 1746 4103 quibus
1781 4036 1832 4088 in
1863 4036 1954 4090 Dei
1979 4041 2148 4106 parti-

1850 4246 1890 4276 “
1915 4242 2073 4300 Joan.
2099 4262 2222 4312 xvii,
2245 4250 2336 4316 22,
2359 4251 2447 4305 2'5.

2231 545 2570 596 constituetur
2604 559 2760 604 genus
2787 543 2974 594 Imma-

2387 564 2974 636 ἓῗ¹ῗὶ¹έῖ3ῗῖ¹ῗῗῗ..¹ἐῖἒέ¹ἔ⁰ξ
3047 582 3199 636 πτιυο
3221 567 3472 636 ἱιιειοίιυθ
3492 564 3696 633 ἱυδῖοῖο
3727 565 3799 617 (¹ί·

2233 630 2353 666 num
2381 614 2434 666 in
2462 611 2678 682 singulis
2703 611 2926 664 mundis.
2955 610 2976 683 ]

3052 658 3174 711 vina
3196 657 3794 726 contulitprovidentia.

2231 751 2296 806 lli
2323 767 2449 806 vero
2482 751 2573 820 qui
2615 750 2680 804 de
2719 758 2861 804 statu
2901 748 3094 818 prima:
3143 749 3493 804 beatitudinis
3525 749 3656 802 meti
3688 749 3800 813 qui-

2234 846 2351 898 dem
2399 854 2526 899 sunt
2583 842 2712 911 (70),
2769 857 2874 896 non
2922 852 3095 894 tamen
3150 841 3796 908 irremediabilitertnoti,

2235 937 2338 990 illis
2368 952 2504 1004 quos
2539 951 2700 1006 supra
2732 934 3139 1001 descripsimus,
3165 933 3370 987 sanctis
3397 933 3685 1001 beatisque
3706 950 3798 984 or-

2235 1027 2448 1080 dinibus
2499 1025 2841 1095 dispensandi
2888 1023 3114 1089 subjecti
3146 1035 3270 1078 sunt
3309 1039 3372 1076 ac
3402 1023 3630 1094 regendi
3666 1025 3799 1093 (7i);

2236 1131 2461 1180 quorum
2488 1116 2754 1185 adjutorio
2785 1115 2892 1179 usi,
2920 1125 2972 1168 ct
3008 1115 3438 1191 institutionibus
3466 1134 3528 1170 ac
3563 1115 3804 1185 discipli-

2238 1209 2321 1262 nis
2353 1207 2682 1262 salutaribus
2713 1205 3016 1270 reformati,
3043 1205 3220 1260 redire
3249 1221 3312 1262 ac
3347 1206 3559 1260 restitui
3591 1209 3656 1259 ad
3691 1219 3802 1262 sta-

2243 1307 2353 1350 tum
2381 1315 2491 1352 sua:
2516 1296 2870 1352 beatitudinis
2911 1296 3136 1365 possint.
3176 1297 3255 1350 Ex
3301 1299 3496 1366 quibus
3525 1299 3801 1365 existimo,

2240 1399 2402 1458 prout
2431 1405 2532 1458 ego
2583 1389 2787 1444 sentire
2820 1404 3058 1458 possum,
3106 1387 3248 1442 hunc
3297 1391 3542 1443 ordinem
3583 1393 3802 1445 humani

2239 1483 2455 1552 generis
2515 1482 2838 1544 institutum,
2874 1481 2964 1550 qui
3011 1480 3201 1549 utique
3253 1481 3304 1533 itt
3349 1482 3529 1536 futuro
3584 1484 3802 1547 saeculo,

2239 1573 2322 1628 vel
2352 1573 2858 1641 supervenientibus
2889 1573 3120 1640 saeculis,
3154 1588 3276 1626 cum
3305 1573 3496 1626 coelum
3525 1590 3723 1628 novum
3752 1585 3806 1630 et

2243 1674 2384 1719 terra
2413 1679 2553 1719 nova
2583 1666 2878 1719 secundum
2920 1667 3110 1720 Isaiam
3140 1667 3160 1696 ⁹
3184 1665 3292 1719 erit
3323 1667 3458 1730 {72),
3487 1668 3807 1720 restituetur

2243 1755 2296 1809 in
2352 1755 2496 1808 illam
2533 1756 2792 1810 unitatem
2837 1773 2998 1824 quam
3045 1756 3311 1824 promittit
3347 1755 3606 1812 Dominus
3647 1767 3806 1814 Jesus

2171 1843 2210 1896 Β
2243 1847 2426 1902 dicens
2477 1847 2541 1900 ad
2574 1848 2761 1901 ‘Deum
2815 1846 3029 1900 Patrem
3063 1848 3125 1900 de
3164 1848 3277 1900 suis
3318 1847 3599 1915 discipulis
3627 1849 3742 1917 (75)
3794 1865 3808 1900 :

2251 1957 2269 1988 «
2313 1937 2425 1990 Non
2456 1955 2552 2007 pro
2581 1939 2698 1994 istis
2734 1955 2864 2009 rage
2885 1939 3088 2002 solum,
3119 1941 3212 1994 sed
3236 1951 3290 1995 et
3314 1956 3411 2008 pro
3435 1944 3691 1996 omnibus
3715 1943 3806 2010 qui

2244 2031 2505 2086 credituri
2532 2041 2659 2085 sunt
2704 2047 2800 2100 per
2829 2033 3054 2087 verbum
3086 2047 3274 2086 eorum
3319 2034 3370 2086 in
3403 2049 3506 2096 me,
3536 2045 3594 2086 ιιι
3621 2048 3810 2088 omnes

2247 2142 2411 2180 unum
2457 2126 2586 2191 sint,
2616 2126 2757 2180 sicut
2799 2141 2898 2194 ego
2926 2126 2978 2178 itt
3011 2135 3082 2188 te,
3113 2124 3299 2186 Pater,
3333 2135 3387 2180 et
3417 2136 3470 2178 tu
3501 2125 3552 2178 in
3592 2142 3701 2189 me,
3736 2126 3809 2178 ita

2245 2230 2296 2274 et
2325 2219 2413 2273 isti
2448 2221 2500 2272 in
2540 2219 2690 2274 nobis
2728 2234 2890 2271 unum
2919 2217 3030 2272 sint
3077 2218 3140 2270 ¹⁰.
3178 2235 3196 2267 ι
3226 2217 3292 2270 Ει
3319 2217 3513 2270 iterum
3547 2215 3639 2268 ubi
3684 2216 3758 2269 ait
3791 2231 3808 2267 :

2251 2330 2269 2362 ι
2299 2311 2370 2366 Ut
2401 2311 2508 2365 sint
2541 2325 2728 2374 unum,
2760 2312 2900 2364 sicut
2941 2320 2995 2364 et
3035 2324 3132 2363 nos
3157 2324 3322 2362 unum
3371 2323 3584 2367 smmis,
3623 2322 3725 2375 ego
3756 2308 3810 2360 in

2246 2399 2396 2470 ipsis,
2429 2407 2482 2452 et
2510 2410 2564 2453 ιιι
2598 2399 2648 2452 ἰιι
2702 2413 2810 2459 me,
2837 2407 2896 2452 ut
2943 2398 3052 2452 sint
3091 2408 3146 2452 et
3198 2398 3296 2466 ipsi
3346 2397 3718 2450 consummati
3755 2395 3810 2448 in

2247 2506 2353 2542 uno
2406 2490 2467 2542 η.
2526 2509 2544 2540 ι
2591 2489 2656 2543 Et
2711 2488 2850 2542 sicut
2901 2488 3188 2542 coolirmat
3240 2488 3589 2542 nihilominus
3643 2489 3814 2542 etiam

2247 2581 2442 2633 Paulus
2475 2580 2750 2649 apostolus
2797 2581 3024 2634 dicens:
3063 2600 3081 2633 ι
3121 2582 3298 2635 Donec
3324 2595 3678 2634 occurramus
3705 2594 3818 2633 om-

2247 2687 2345 2726 nes
2372 2673 2424 2726 in
2459 2673 2722 2726 unitatem
2772 2671 2895 2725 fidei
2929 2672 2980 2723 in
3007 2673 3177 2725 virum
3211 2671 3528 2741 perfectum,
3558 2672 3612 2724 in
3655 2685 3816 2724 men-

2249 2780 2430 2818 suram
2488 2767 2662 2819 :etatis
2722 2765 3070 2834 plenitudinis
3126 2765 3326 2819 Christi
3365 2766 3429 2816 η.
3471 2783 3492 2818 ι
3547 2763 3613 2817 Ει
3668 2764 3816 2818 sicut

2249 2856 2387 2909 idem
2422 2855 2837 2924 Apostolusjam
2867 2870 2967 2910 nos
2999 2856 3111 2925 (74)
3147 2856 3307 2910 etiatn
3337 2856 3388 2909 in
3421 2854 3679 2926 praesenti
3706 2853 3816 2907 vita

2251 2946 2303 2998 in
2327 2946 2566 3000 Ecclesia
2603 2947 2831 3016 positos,
2863 2946 2916 3001 in
2947 2963 3048 3016 qua
3079 2948 3262 3016 utique
3308 2947 3474 3000 futuri
3541 2945 3698 3014 regni
3732 2955 3820 2999 est

2248 3037 2444 3100 forma,
2481 3041 2544 3091 ad
2578 3039 2716 3092 hanc
2746 3039 2992 3093 eamdem
3027 3040 3248 3093 unitatis
3270 3038 3687 3092 similitudinem
3718 3053 3818 3094 co-

2251 3131 2500 3185 hortatur
2531 3131 2757 3185 dicens:
2791 3151 2808 3182 ι
2843 3129 3122 3186 Uteadem
3153 3131 3346 3184 dicatis
3373 3144 3586 3194 ouines,
3620 3141 3678 3185 et
3709 3146 3818 3186 non

2248 3223 2354 3276 sint
2379 3224 2430 3276 itt
2464 3223 2616 3276 vobis
2647 3224 2964 3288 schismata,
2997 3224 3116 3277 sitis
3139 3233 3320 3276 autem
3355 3221 3580 3289 perfecti
3620 3223 3672 3275 in
3709 3239 3823 3278 uno

2247 3311 2538 3380 eodemque
2566 3327 2752 3374 sensu,
2807 3322 2968 3382 atque
3020 3314 3072 3367 in
3126 3328 3228 3366 una
3255 3313 3554 3381 eademque
3593 3321 3821 3368 senten—

2253 3405 2325 3457 tia
2352 3403 2414 3456 ¹³.
2450 3422 2471 3455 t

2319 3495 2372 3549 5.
2405 3496 2696 3550 Sciendum
2727 3505 2910 3551 tamen
2937 3507 3018 3551 est
3051 3497 3164 3568 (75)
3196 3495 3460 3566 quosdam
3494 3497 3589 3566 qui
3616 3511 3684 3552 ex
3714 3513 3826 3552 uno

2250 3585 2539 3656 principio,
2573 3588 2716 3655 quod
2744 3601 2905 3657 supra
2923 3589 3183 3651 diximus,
3211 3588 3413 3656 delapsi
3437 3597 3588 3652 sunt.
3616 3588 3672 3643 in
3703 3599 3829 3642 tau—

2255 3688 2361 3731 tam
2409 3678 2780 3749 indignitatem
2831 3694 2895 3734 ac
2937 3679 3202 3734 malitiam
3251 3693 3310 3734 se
3350 3678 3570 3734 dedisse
3616 3679 3731 3750 (76)
3767 3686 3828 3732 ut

2253 3771 2456 3838 indigni
2495 3771 2661 3825 habiti
2699 3774 2808 3826 sint
2835 3771 3175 3827 institutione
3227 3771 3347 3835 hac,
3399 3769 3482 3823 vel
3509 3771 3830 3826 eruditione

2252 3877 2356 3931 qua
2391 3877 2487 3931 per
2523 3877 2741 3917 carnem
2791 3865 3088 3918 humanum
3129 3877 3299 3930 genus
3326 3859 3604 3930 adiutorio
3649 3862 3830 3915 virtu-

2256 3961 2368 4006 tum
2402 3953 2701 4008 coelestium
2727 3953 3028 4008 instituitur
3055 3963 3222 4022 atque
3242 3953 3509 4015 eruditur,
3533 3953 3630 4006 sed
3655 3965 3795 4006 econ
3814 3980 3833 3989 ο

2261 4047 2430 4100 trario
2454 4046 2616 4100 etiam
2648 4047 2949 4102 adversarii
2976 4056 3138 4115 atque
3193 4055 3566 4116 repugnantes
3604 4044 3692 4099 his
3729 4045 3832 4113 qui

2265 4137 2592 4191 erudiuntur
2643 4147 2806 4207 atque
2860 4137 3198 4200 imbuuntur,
3251 4137 3540 4191 exsistant.
3590 4135 3749 4191 Unde
3774 4145 3836 4189 et

2528 4251 2571 4282 “
2601 4250 2795 4321 Ephes.
2821 4252 3006 4318 tv,13.
3081 4251 3126 4282 ¹³
3158 4249 3324 4305 [Con
3350 4265 3390 4316 ι,
3416 4249 3503 4304 lO.

663 4343 774 4415 (66)
796 4342 946 4396 Libb.
974 4343 1125 4408 editi,
1154 4361 1171 4392 ι
1200 4340 1467 4410 quomodo
1502 4348 1558 4392 υι
1583 4337 1838 4401 diCimUS,
1873 4357 1892 4389 ι
1929 4339 1996 4390 Al
2022 4355 2153 4395 mss.
2189 4349 2232 4403 D
2261 4345 2342 4400 sic
2371 4343 2435 4397 ad
2467 4345 2745 4412 antiquum
2777 4347 2955 4400 redire
2986 4344 3307 4415 principium
3335 4361 3348 4407 ;
3381 4343 3744 4415 itagduntaxat
3773 4355 3837 4401 ut

596 4423 655 4465 ut
684 4415 735 4468 in
769 4425 948 4466 nostro
979 4421 1149 4466 textu.

671 4485 782 4557 (δῖ)
935 4500 1067 4538 mss.
1101 4483 1267 4557 Alias,
1307 4498 1326 4532 ι
1367 4479 1450 4557 vel
1476 4477 1842 4557 ordinatione,
1883 4498 1902 4530 ι
1931 4480 2093 4536 male.

689 4550 776 4620 68)
807 4555 896 4608 Sic
931 4570 1060 4608 mss.
1088 4555 1258 4616 Alias,
1297 4569 1313 4600 ι
1348 4550 1803 4620 dominationum.
1845 4568 1864 4601 ι

689 4561 776 4620 68)
807 4561 896 4608 Sic
931 4570 1060 4608 mss.
1088 4561 1258 4616 Alias,
1297 4569 1313 4600 ι
1348 4561 1803 4605 doinmattotium.
1845 4568 1864 4601 ι

665 4561 774 4698 i69)
813 4625 883 4676 lta
925 4640 1068 4698 mss.
1101 4623 1266 4683 Alias,
1311 4638 1329 4671 ι
1392 4619 1930 4690 immutationemque
1970 4621 2153 4690 profc-

596 4694 796 4759 runt,»
834 4694 990 4745 male.

669 4764 779 4835 (70)
811 4763 880 4815 lli
907 4779 1021 4814 t'ero
1048 4760 1226 4835 qui__de
1255 4768 1396 4813 statu
1441 4759 1626 4825 prima:
1654 4759 1994 4814 beatitudinis
2026 4764 2152 4835 moti

597 4829 970 4903 quident_suttt,
1005 4829 1107 4885 etc.
1137 4829 1258 4903 llzec
1287 4841 1338 4883 et
1371 4845 1490 4903 qua:
1521 4834 2150 4903 sequuntursuimnatim

602 4899 764 4955 refert
795 4901 1150 4968 Hieronymus
1180 4901 1338 4966 epist.
1369 4899 1431 4949 91
1469 4899 1533 4950 ad
1561 4900 1776 4968 Avitum
1815 4901 1898 4947 his
1934 4902 2148 4956 verbis:

605 4993 624 5023 ι
664 4972 765 5036 Qui
803 4986 929 5023 vero
975 4967 1356 5022 lluctuaveriut
1397 4979 1450 5020 et
1503 4967 1660 5020 motis
1688 4969 1912 5032 pedibus
1943 4986 2150 5038 nequa-

601 5058 766 5110 quam
795 5041 1122 5101 corruerint,
1161 5039 1518 5110 subjicientur
1549 5053 1772 5110 omnino
1803 5040 2150 5110 dispensandi

607 5106 662 5166 et
702 5114 916 5178 regendi
959 5119 1120 5176 atque
1151 5110 1218 5179 ad
1251 5106 1467 5179 meliora
1499 5108 1853 5179 gubernandi,
1884 5106 2153 5179 principa-

601 5176 1161 5248 tibus—potestatibus,
1187 5176 2152 5247 throuis,dominationihus';_et.forsi-

606 5266 694 5303 tan
725 5265 795 5303 ex
820 5251 901 5302 his
935 5249 1206 5302 hominum
1233 5248 1505 5318 constabit
1531 5262 1716 5315 genus,
1749 5249 1801 5300 in
1831 5265 1938 5303 uno
1967 5252 2151 5318 aliquo

601 5337 668 5373 ex
698 5320 940 5382 mundis;
991 5319 1205 5386 quando
1247 5317 1398 5385 juxta
1431 5314 1620 5369 Isaiam
1651 5318 1847 5372 etnlum
1895 5329 1951 5372 et
2008 5314 2151 5373 terra

606 5405 741 5443 nova
777 5392 924 5441 lient.
957 5390 1056 5454 Qui
1090 5402 1218 5440 vero
1249 5403 1357 5441 non
1387 5387 1582 5458 fuerint
1621 5390 1819 5458 meriti,
1851 5399 1908 5442 ut
1931 5405 2028 5458 per
2059 5405 2153 5458 ge-

607 5475 704 5512 nus
756 5460 1030 5510 hominum
1089 5467 1432 5511 revertantur
1474 5456 1540 5507 ad
1588 5457 1876 5522 pristinum
1927 5456 2150 5522 Statum,

605 5532 732 5582 tient
762 5528 1024 5581 diabolus.
1051 5537 1101 5579 et
1128 5529 1302 5596 angeli
1336 5527 1473 5596 eius,
1498 5537 1550 5577 et
1588 5528 1804 5593 pchimi
1831 5533 2104 5582 dtemoues
2133 5547 2148 5594 ;

605 5614 670 5650 ac
697 5613 792 5665 pro
829 5600 1090 5650 varietate
1123 5599 1434 5650 meritorum
1463 5599 1512 5646 in
1557 5599 1781 5664 singulis
1825 5600 2038 5650 mundis
2071 5598 2154 5650 di-

606 5683 758 5721 versa
805 5668 976 5719 ollicia
1018 5668 1335 5720 sortientur.
1368 5665 1620 5732 ipsosque
1655 5673 1924 5720 daemones
1957 5683 2022 5719 ac.
2063 5683 2150 5719 re-

606 5751 782 5790 i-tores
820 5739 1188 5796 tenebrarum,
1221 5735 1272 5789 in
1312 5738 1491 5804 aliquo
1527 5738 1748 5802 tnundo,
1785 5737 1863 5787 vel
1918 5737 2149 5794 mundis.

605 5824 648 5860 tu
679 5807 939 5862 voluerint
969 5809 1035 5862 ad
1083 5805 1301 5862 tui-liora
1340 5807 1599 5872 converti,
1641 5809 1753 5860 lieri
1793 5807 2057 5872 homines,
2094 5815 2148 5860 et

2261 4429 2358 4484 per
2383 4417 2644 4484 supplicia
2696 4427 2858 4484 atque
2911 4412 3200 4480 toriuenta,
3241 4429 3360 4482 qua:
3391 4412 3473 4466 vel
3529 4412 3703 4466 multo
3739 4419 3833 4472 vel

2257 4485 2409 4539 brevi
2465 4497 2706 4552 tempore
2766 4485 3145 4548 sustinuerint,
3195 4486 3246 4537 in
3298 4484 3831 4552 hominumeruditi

2257 4551 2600 4624 corporibus,
2640 4571 2854 4609 rursum
2889 4557 3105 4608 veniant
3135 4555 3200 4606 ad
3236 4553 3546 4624 angelorum
3580 4551 3834 4622 fastigia.

2255 4622 2477 4694 Exque
2507 4626 2860 4695 consequenti
2891 4627 3111 4695 ratione,
3134 4622 3448 4695 monstrari,
3490 4635 3684 4675 omnes
3741 4639 3840 4695 ra-_-

2260 4692 2544 4750 tionabil’es
2566 4692 2845 4749 creaiuras
2871 4709 2935 4746 ex
2972 4693 3284 4747 hominibus
3331 4692 3471 4755 fieri,
3502 4705 3612 4743 non
3657 4693 3840 4746 sernel

2258 4777 2316 4820 et
2341 4767 2540 4828 subito,
2584 4766 2678 4819 sed
2715 4765 3070 4833 frequentius;
3104 4777 3313 4830 nosque
3329 4769 3383 4814 et
3416 4760 3642 4833 angelos
3675 4761 3838 4814 futu-

2260 4851 2348 4889 ros
2378 4837 2669 4897 daemones,
2725 4836 2772 4889 si
2815 4832 3098 4904 egerimus
3145 4832 3539 4904 negligentius;
3598 4839 3656 4884 et
3699 4846 3838 4886 rur-

2258 4920 2378 4959 sum
2409 4905 2681 4959 daemones
2705 4907 2748 4957 si
2784 4901 3053 4958 volberiut
3082 4917 3279 4973 capere
3319 4901 3575 4965 virtutes,
3624 4914 3838 4970 perve-

2260 4977 2483 5047 niread
2513 4975 2811 5047 angelicam
2831 4973 3180 5047 dignitatem.
3221 4991 3241 5024 ι
3341 5040 3372 5047 __
3419 5039 3450 5047 ,,
3662 5036 3712 5047 ..

2330 5044 2439 5114 (7i)
2470 5045 2543 5098 Ita
2592 5039 2730 5100 inss.
2781 5039 2944 5114 Libli.
2998 5045 3152 5114 editi,
3199 5061 3218 5094 ι
3257 5039 3840 5114 ordinibussubjecti

2259 5108 2386 5168 sunt
2411 5108 2477 5167 ad
2529 5117 2844 5184 regendum.
2881 5131 2901 5165 ι
2932 5113 3097 5168 Paulo
3127 5121 3247 5184 post
3278 5111 3440 5164 iidem
3485 5108 3624 5184 libb.
3663 5110 3833 5176 editi,

2265 5204 2284 5236 ι
2324 5184 2532 5238 restitui
2562 5180 2628 5237 ad
2658 5196 2856 5239 statum
2889 5180 3236 5239 beatitudinis
3261 5189 3505 5251 possunt.
3544 5197 3565 5232 ι
3592 5180 3666 5234 At
3690 5194 3837 5235 tuas.

2258 5267 2317 5308 ut
2341 5271 2391 5306 ιιι
2424 5265 2607 5308 nostro
2635 5266 2804 5311 textu.

2328 5325 2438 5396 (72)
2469 5325 2623 5378 Libb.
2657 5327 2804 5388 editi,
2832 5343 2848 5374 ι
2868 5323 3162 5378 secundum
3184 5318 3506 5388 omnesjam
3533 5319 3835 5390 coeperit.)

2257 5393 2382 5448 uss.
2421 5405 2479 5446 ut
2510 5398 2562 5448 iu
2593 5405 2779 5448 nostro
2809 5404 2974 5447 textu.

2327 5463 2438 5534 (75}
2461 5465 2534 5516 lta
2573 5480 2702 5518 mss.
2735 5465 2854 5518 Lib.
2884 5465 3037 5528 editi,
3071 5481 3090 5515 ι
3126 5478 3222 5534 pro
3244 5461 3359 5516 suis
3381 5459 3690 5531 discipulis.
3731 5479 3759 5515 ι

2327 5536 2438 5601 (74)
2469 5535 2541 5586 Ita
2570 5551 2699 5588 mss.
2733 5536 2902 5602 Alias,
2934 5553 2953 5585 ι
2988 5551 3107 5589 eos.
3140 5553 3158 5586 ι

2326 5604 2438 5672 (75)
2469 5607 2540 5656 Ita
2570 5620 2701 5658 mss.
2729 5606 2895 5665 Alias,
2925 5627 2942 5656 ι
2981 5620 3122 5658 csse.
3167 5623 3187 5656 ι

2329 5671 2440 5744 (76)
2464 5672 2530 5728 Se
2560 5676 2789 5728 dedisse.
2832 5677 2956 5728 llmc
3003 5676 3196 5730 desunt
3235 5674 3289 5728 in
3320 5680 3481 5728 antea
3509 5671 3702 5740 editis,
3726 5673 3835 5726 sed

2257 5753 2471 5800 exstant
2495 5748 2544 5799 ιιι
2571 5748 2819 5800 omnibus
2848 5761 2977 5799 mss.
