3988 6418
458 335 548 387 171
1059 364 1067 371 ο
1709 335 2033 392 ORICENlS

2149 341 2223 395 εΡι
2264 341 2494 396 ΔΡΧΩΝ

3616 348 3715 406 I72

456 453 586 506 tiam
630 450 804 521 magis
853 449 1229 506 intellectunm
1285 464 1448 518 quam
1511 448 1739 505 deiinito
1788 450 2039 521 dogmate
2068 456 2113 511 Α
2150 463 2301 519 sunt,
2334 454 2478 524 quod
2509 453 2704 510 caelum
2746 454 2931 524 utique
2958 454 3280 524 appellatur,
3320 456 3376 512 in
3414 474 3523 529 quo
3565 458 3724 516 lumi-

454 552 787 615 pertractata
820 553 987 613 atque
1016 542 1261 597 discussa
1297 543 1362 595 de
1412 541 1840 597 rationabilibus
1872 552 2031 596 natu-

456 637 556 700 ris.
586 645 709 707 post
739 651 861 692 eum
887 635 1063 690 locum
1099 650 1256 703 quem
1284 634 1350 688 de
1377 634 1543 689 Patre
1572 646 1625 689 et
1658 635 1804 691 Filio
1839 647 1893 692 et
1914 637 2035 706 Spi-

459 729 564 783 ritu
590 737 783 782 sancto
810 741 907 797 pro
935 726 1139 780 nostris
1177 724 1385 781 viribus
1433 728 1804 797 exposuimus.
1876 729 2031 784 Nunc

455 834 587 889 ergo
612 819 893 874 videamus
918 832 1039 886 qua:
1070 816 1182 871 sint
1212 818 1277 871 de
1300 819 1499 886 quibus
1527 820 1798 875 disserere
1823 823 1874 875 in
1906 837 2035 877 con-

457 911 815 980 sequentibus
848 909 1102 965 convenit
1131 910 1429 965 secundum
1455 912 1648 983 dogma
1684 925 1951 979 nostrum,
1980 914 2033 968 id

456 1011 541 1056 est
571 1001 867 1057 secundum
902 1000 1157 1056 Ecclesia:
1184 1002 1365 1056 ﬁdem.
1399 1002 1604 1059 Omnes
1645 1005 1841 1060 anima:
1869 1014 2034 1075 atque

455 1106 648 1146 omnes
697 1091 1054 1148 rationabiles
1105 1102 1313 1147 natura:
1339 1091 1496 1148 facta:
1525 1103 1653 1149 sunt
1680 1095 1761 1150 vel
1808 1106 2030 1163 creatm,

454 1185 568 1239 sive
592 1192 795 1239 sanctae
823 1185 952 1251 sint,
986 1184 1101 1238 sive
1130 1198 1405 1253 nequam;
1443 1202 1563 1255 quae
1596 1203 1788 1242 omnes
1833 1203 2033 1243 secun-

456 1277 586 1331 dum
637 1275 911 1345 propriam
963 1282 1216 1327 naturam
1250 1273 1588 1343 incorporea:
1634 1284 1762 1329 sunt
1800 1294 1813 1329 :
1848 1275 1943 1330 sed
1978 1284 2033 1331 et

454 1381 550 1435 per
571 1366 675 1420 hoc
707 1366 907 1433 ipsum,
946 1363 1090 1433 quod
1119 1364 1457 1434 incorporea:
1498 1373 1645 1428 sunt,
1672 1364 2032 1420 nihilominus

453 1458 610 1513 factm
633 1465 763 1512 sunt
791 1456 940 1526 (90);
972 1456 1228 1525 quoniam
1259 1456 1480 1524 quidem
1505 1458 1691 1510 omnia
1732 1473 1761 1511 a
1803 1458 1913 1511 Deo
1936 1473 2031 1527 per

452 1550 728 1606 Christum
766 1550 909 1604 facta
938 1558 1089 1614 sunt,
1122 1550 1265 1603 sicut
1293 1550 1629 1620 generaliter
1658 1548 2030 1605 Joannes'do-

456 1652 544 1697 cet
572 1643 625 1697 in
651 1642 965 1711 Evangelia,
997 1641 1185 1696 dicens
1220 1659 1235 1695 :
1278 1659 1295 1692 ι
1339 1641 1394 1695 1η
1436 1643 1704 1711 principio
1736 1651 1855 1697 erat
1888 1642 2019 1697 Ver-

452 1742 582 1795 bum
629 1749 683 1795 et
713 1737 952 1793 Verbum
983 1747 1103 1792 erat
1157 1738 1296 1806 apud
1354 1738 1545 1802 Deum,
1605 1747 1661 1792 et
1713 1737 1857 1793 Deus
1912 1744 2029 1793 erat

453 1829 717 1887 Verbum.
762 1832 873 1887 lloc
900 1839 1021 1885 crat
1054 1831 1106 1883 in
1142 1830 1408 1899 principio
1434 1830 1575 1899 apud
1604 1831 1794 1884 Deum.
1836 1828 2030 1884 Omnia

454 1939 551 1996 per
604 1925 777 1993 ipsum
810 1924 947 1977 facta
982 1933 1141 1988 sunt,
1187 1932 1242 1975 et
1278 1924 1395 1977 sine
1440 1923 1556 1990 ipso
1587 1921 1791 1977 factum
1832 1932 1916 1977 est
1950 1925 2033 1978 ni-

456 2016 612 2071 hil”.
653 2036 670 2067 ι
707 2017 808 2069 Per
832 2017 1045 2084 species
1070 2025 1251 2070 autem
1293 2024 1345 2071 et
1373 2030 1631 2071 numeros
1670 2015 2031 2085 ordinemque

455 2108 780 2163 describens
808 2124 870 2162 ea
898 2124 1016 2175 qua:
1050 2108 1190 2162 facta
1225 2107 1591 2174 sunt,Paulus
1616 2108 1895 2176 apostolus
1918 2109 2030 2166 dis-

454 2201 589 2254 serit
624 2200 727 2254 hoc
761 2200 941 2261 modo,
978 2213 1087 2266 quo
1117 2199 1299 2253 omnia
1333 2200 1585 2253 ostendat
1615 2200 1759 2255 facta
1794 2216 1912 2256 esse
1938 2217 2034 2271 per

453 2292 731 2346 Christum
765 2292 953 2345 dicens
998 2309 1011 2345 :
1051 2308 1068 2341 ι
1102 2290 1171 2345 Ει
1199 2291 1379 2345 omnia
1417 2292 1470 2345 in
1512 2292 1631 2362 ipso
1672 2304 1857 2348 creata
1907 2305 2034 2348 sunt

454 2400 572 2452 qua:
606 2384 660 2437 in
692 2384 847 2438 cmlis
878 2392 1023 2448 sunt,
1072 2392 1127 2436 et
1173 2398 1293 2450 quae
1337 2384 1387 2437 in
1422 2392 1593 2447 terra,
1633 2386 1748 2440 sive
1776 2386 2031 2451 visibilia,

453 2474 569 2528 sive
596 2474 910 2539 invisibilia,
948 2475 1063 2528 sive
1105 2472 1284 2537 sedes,
1318 2474 1432 2528 sive
1459 2474 1883 2543 dominationes,
1918 2479 2035 2533 sive

453 2565 818 2634 principatus,
848 2567 965 2619 sive
1007 2573 1326 2633 potestates,
1351 2567 1534 2619 omnia
1570 2583 1665 2636 per
1694 2568 1868 2636 ipsum
1903 2580 1958 2624 et
1981 2570 2033 2625 in

454 2660 573 2726 ipso
596 2668 779 2713 creata
816 2672 966 2723 sunt,
998 2670 1055 2713 et
1076 2659 1190 2729 ipse
1220 2670 1301 2715 est
1330 2669 1457 2715 ante
1486 2676 1697 2726 omnes,
1729 2672 1785 2715 et
1815 2662 1929 2730 ipse
1952 2672 2037 2718 est

454 2751 702 2821 caput“.
746 2770 763 2803 ι
797 2750 1080 2807 Manifeste
1115 2768 1246 2823 ergo
1292 2753 1344 2807 in
1390 2752 1610 2808 Christo
1649 2764 1703 2807 et
1747 2768 1848 2824 per
1874 2756 2035 2811 Chri-

455 2852 596 2897 stum
642 2844 780 2898 facta
818 2858 938 2900 esse
967 2846 1151 2899 omnia
1189 2856 1244 2899 et
1287 2856 1471 2901 creata
1527 2848 1842 2915 pronuntiat
1867 2888 1882 2913 ,
1920 2849 2037 2904 sive

456 2934 687 2989 visibilia
716 2951 835 3004 qua:
861 2947 987 2990 sunt
1012 2938 1323 3007 corporalia
1344 2978 1357 3002 ,
1390 2938 1505 2991 sive
1550 2936 1882 3003 invisibilia,
1914 2953 2037 3008 quae

455 3041 561 3082 non
593 3028 698 3082 alia
725 3028 890 3083 etiam
926 3029 1168 3084 arbitror
1193 3045 1354 3099 quam
1391 3030 1745 3099 incorporeas
1773 3032 2035 3099 spiritua—

455 3117 643 3189 lesque
675 3120 928 3176 virtutes.
963 3120 1168 3175 Horum
1198 3130 1381 3176 autem
1408 3137 1529 3192 qua:
1548 3122 1632 3178 vel
1660 3137 1919 3192 corporea
1949 3122 2036 3178 vel

454 3212 777 3280 incorporea
827 3211 1158 3282 generaliter
1212 3213 1446 3281 dixerat,
1497 3222 1555 3267 ut
1603 3214 1734 3269 mihi
1798 3216 2031 3281 videtur,

454 3302 563 3372 72
592 3302 647 3356 in
680 3303 1033 3372 sequentibus
1065 3314 1348 3358 enumerat
1372 3305 1585 3373 species
1608 3346 1624 3372 ,
1653 3306 1706 3360 id
1737 3314 1820 3362 est
1854 3307 2031 3376 sedes,

456 3395 883 3459 dominationes,
942 3395 1317 3464 principatus,
1383 3404 1715 3463 p0testates,
1778 3400 2033 3456 virtutes.

456 3482 585 3538 Haec
621 3495 801 3538 autem
834 3499 862 3537 a
891 3484 1049 3539 nobis
1079 3485 1339 3553 praedicta
1369 3486 1479 3540 sint
1500 3488 1803 3543 volentibus
1824 3504 1919 3559 per
1948 3505 2037 3545 ore

456 3575 639 3631 dinem
674 3576 740 3629 ad
789 3576 1199 3645 inquisitionem
1258 3578 1389 3632 solis
1415 3587 1471 3632 et
1522 3577 1684 3642 lunae,
1716 3580 1801 3635 vel
1849 3581 2026 3636 stella-

459 3683 579 3723 rum
637 3667 750 3740 (9|)
810 3683 907 3737 per
936 3670 1386 3739 consequentiam
1443 3672 1732 3740 pervenire
1778 3688 1794 3727 :
1850 3682 2035 3729 utrum

457 3760 622 3815 etiam
658 3760 775 3831 ipsa
811 3762 959 3817 inter
984 3762 1097 3832 (92)
1128 3763 1468 3833 principatus
1507 3763 1701 3818 haberi
1747 3767 2036 3821 conveniat

460 3867 557 3922 pro
583 3867 649 3908 eo
678 3854 822 3923 quod
860 3856 1120 3910 dicuntur
1150 3856 1204 3911 in
1235 3856 1435 3927 ἀρχὰς,
1468 3856 1518 3911 id
1545 3867 1651 3921 est,
1684 3856 1736 3910 in
1761 3857 2037 3925 principa-

462 3950 571 3996 tum
600 3944 704 3999 diei
741 3944 908 4011 facta,
937 3947 1022 4002 vel
1065 3948 1279 4018 noctis;
1311 3964 1378 4002 an
1431 3950 1669 4017 putanda
1718 3952 1827 4005 sint
1870 3952 2032 4005 istum

456 4035 633 4090 solum
682 4037 800 4110 (95)
840 4038 1044 4095 habere
1083 4040 1451 4111 principatum
1506 4040 1611 4095 diei
1656 4056 1720 4099 ac
1765 4045 1941 4098 noctis
1965 4045 2033 4109 ",

458 4144 596 4197 quas
628 4130 987 4187 illuminando
1018 4130 1256 4186 olIicium
1289 4142 1508 4202 gerunt,
1554 4149 1661 4187 non
1715 4142 1895 4190 tamen
1924 4136 2035 4193 sint

463 4223 528 4276 de
569 4221 663 4276 illo
696 4223 889 4277 ordine
920 4224 1324 4293 principatuum
1358 4225 1654 4294 principes.

531 4311 587 4367 2.
620 4313 1005 4369 Verumtamen
1052 4330 1176 4370 cum
1232 4317 1436 4371 dicitur
1460 4316 1587 4385 quia
1615 4319 1793 4373 omnia
1822 4334 1919 4389 per
1952 4320 2036 4389 ip-

468 4420 586 4458 sum
621 4405 768 4461 facta
798 4414 1001 4463 suntet
1032 4407 1085 4463 in
1110 4408 1229 4479 ipso
1265 4420 1449 4465 creata
1492 4418 1619 4465 sunt
1656 4411 1837 4465 omnia
1865 4453 1881 4478 ,
1920 4414 2035 4468 sive

2152 547 2303 599 naria
2332 548 2433 601 ista
2467 549 2641 615 posita
2671 562 2790 603 esse
2822 548 3098 614 dicuntur,
3152 551 3293 605 inter
3341 553 3590 608 cmlestia
3626 571 3720 607 nn-

2148 646 2456 692 merentur.
2490 637 2625 691 Tum
2657 638 2852 692 deinde
2879 654 3001 694 cum
3034 642 3217 696 omnia
3251 642 3365 714 (91)
3408 643 3545 699 facta
3579 660 3721 709 esse,

2143 729 2226 783 vel
2257 738 2461 795 creata,
2486 738 2541 783 et
2568 730 2620 783 in
2650 731 2734 785 his
2766 748 2886 799 quae
2910 732 3051 787 facta
3084 744 3234 799 sunt,
3266 734 3404 788 nihil
3432 751 3553 790 esse
3577 740 3717 804 quod

2143 835 2248 873 non
2282 819 2487 873 bonum
2531 820 2845 890 malumque
2900 823 3166 893 recipiat,
3206 835 3375 894 atque
3430 828 3721 896 utriusque

2142 926 2318 981 capax
2356 912 2454 978 sit,
2478 912 2765 967 evidenter
2788 913 2899 985 (95)
2941 930 3124 970 sermo
3152 916 3541 986 disputationis
3574 920 3720 973 inve-

2142 1005 2321 1072 nerit;
2356 1008 2636 1076 quomodo
2673 1008 2958 1079 putabitur
2989 1024 3341 1081 consequens
3376 1013 3521 1079 quod
3551 1013 3719 1067 etiam

2142 1108 2451 1153 nostrorum
2496 1100 2720 1168 quidam
2770 1099 2837 1153 de
2877 1100 2993 1156 sole
3033 1102 3248 1155 et‘luna
3274 1140 3294 1169 ,
3328 1102 3414 1155 vel
3446 1102 3720 1158 sideribus

2139 1190 2459 1258 opinantur,
2484 1200 2543 1244 ut
2576 1191 3015 1245 inconvertibiles
3050 1192 3161 1245 sint
3191 1201 3248 1247 et
3269 1192 3536 1246 contrarii
3572 1192 3720 1247 inca-

2142 1280 2347 1349 paces?
2378 1279 2545 1351 quue
2566 1281 2807 1336 nonnulli
2837 1281 2999 1334 etiam
3023 1281 3090 1336 de
3109 1282 3311 1336 sanctis
3338 1281 3575 1353 angelis,
3604 1283 3717 1336 haz-

2148 1374 2301 1427 retici
2332 1389 2461 1429 vero
2497 1376 2663 1430 etiam
2692 1377 2758 1430 de
2781 1375 3092 1437 animabus,
3128 1389 3248 1444 qua:
3276 1375 3417 1442 apud
3454 1374 3577 1429 illos
3607 1374 3722 1443 spi-

2139 1465 2325 1520 ritales
2371 1476 2580 1522 natura:
2638 1467 2984 1538 appellantur
3042 1464 3179 1537 (96),
3234 1466 3714 1522 existimaverunt.

2136 1555 2321 1610 Primo
2366 1572 2496 1627 ergo
2553 1558 2830 1613 videamus
2869 1556 3001 1628 quid
3055 1558 3171 1628 ipsa
3204 1560 3347 1614 ratio
3393 1561 3463 1616 de
3498 1556 3615 1615 sole
3664 1571 3720 1615 et

2137 1650 2263 1705 luna
2290 1666 2353 1705 ac
2379 1652 2554 1706 stellis
2578 1652 2844 1715 inveniat,
2883 1652 2925 1707 si
2966 1661 3174 1708 rectum
3204 1661 3287 1706 est
3314 1655 3459 1722 quod
3492 1653 3715 1723 quidam

2140 1750 2358 1812 putant,
2391 1742 2870 1798 convertibilitatis
2905 1758 2998 1799 eos
3029 1758 3150 1799 esse
3182 1743 3389 1799 alienos
3415 1784 3431 1808 ,
3467 1753 3522 1799 et
3546 1759 3718 1814 quan-

2073 1811 2111 1865 Β
2143 1811 2253 1887 tum
2286 1834 2401 1888 ﬁeri
2433 1844 2610 1902 potest
2641 1835 2707 1889 de
2735 1834 2944 1889 sanctis
2969 1835 3269 1905 Scripturis
3300 1836 3535 1905 primum
3562 1811 3719 1891 adhi-

2138 1927 2332 1982 beatur
2360 1928 2617 1982 assertio.
2654 1924 3009 1996 Jobnamque
3044 1928 3120 1981 ita
3155 1928 3370 1982 videtur
3400 1930 3717 1990 ostendere,

2138 2019 2280 2087 quod
2306 2033 2410 2071 non
2446 2018 2619 2072 solum
2646 2019 2815 2073 stellae
2846 2029 3070 2086 possunt
3103 2033 3226 2073 esse
3259 2018 3487 2074 subditae
3514 2034 3721 2087 pecca-

2140 2110 2232 2173 tis,
2266 2126 2456 2165 verum
2489 2110 2653 2166 etiam
2695 2113 2840 2181 quod
2875 2112 3090 2166 mundae
3121 2127 3226 2165 non
3278 2120 3409 2165 sunt
3453 2126 3484 2164 a
3533 2121 3721 2165 conta-

2139 2201 2299 2272 gione
2340 2202 2571 2272 peccati.
2603 2202 2679 2257 ita
2711 2218 2945 2272 namque
2996 2204 3257 2272 scriptum
3299 2211 3427 2257 est:
3471 2220 3492 2254 ι
3532 2200 3719 2255 Stella!

2142 2308 2361 2363 quoque
2417 2309 2520 2347 non
2555 2304 2684 2347 sunt
2738 2296 2951 2349 munda:
3000 2295 3053 2348 in
3098 2304 3391 2363 conspectu
3442 2293 3652 2362 ejus".
3694 2310 3714 2342 ι

2140 2382 2294 2449 Quod
2321 2399 2428 2438 non
2468 2384 2656 2451 utique
2686 2383 2753 2436 de
2781 2384 3031 2453 corporis
3054 2397 3243 2437 earum
3283 2382 3568 2450 splendore
3593 2395 3720 2435 sen-

2142 2475 2274 2529 titur
2303 2495 2315 2529 :
2351 2474 2503 2529 verbi
2538 2490 2734 2540 causa,
2768 2484 2827 2527 ut
2861 2474 2907 2527 si
2934 2475 3241 2529 diceremus
3268 2513 3285 2537 ,
3324 2473 3717 2528 vestimentum

2142 2582 2247 2621 non
2286 2576 2369 2621 est
2405 2567 2699 2634 mundum;
2735 2568 2879 2637 quod
2923 2570 2967 2621 si
3001 2568 3071 2621 ita
3102 2566 3455 2637 intelligatur,
3480 2565 3547 2619 ad
3580 2578 3716 2619 con-

2142 2661 2338 2717 ditoris
2368 2662 2485 2716 sine
2522 2660 2691 2715 dubio
2718 2668 3011 2714 revocatur
3042 2658 3331 2728 injuriam,
3368 2657 3413 2712 si
3449 2656 3581 2727 quid
3614 2656 3720 2709 im-

2145 2753 2407 2807 mundum
2456 2754 2509 2807 in
2540 2752 2827 2821 splendore
2859 2766 3044 2805 earum
3101 2750 3349 2820 corporis
3399 2757 3716 2803 accusetur.

2145 2844 2203 2900 Si
2235 2845 2381 2899 enim
2412 2860 2510 2916 per
2539 2846 2865 2900 industriam
2922 2859 3075 2898 suam
3126 2857 3307 2914 neque
3347 2841 3582 2896 lucidius
3610 2841 3717 2894 sibi

2142 2951 2344 3007 corpus
2367 2952 2670 3002 assumere,
2697 2952 2869 3007 neque
2901 2938 3079 2991 minus
3102 2951 3299 3005 purum
3325 2949 3420 3003 per
3451 2932 3719 2989 desidiam

2143 3036 2425 3096 poterunt,
2459 3043 2555 3082 cur
2581 3027 2737 3097 quasi
2768 3042 2874 3081 non
2903 3026 3118 3081 mundze
3141 3025 3309 3079 stellae
3336 3023 3648 3093 culpentur,
3675 3021 3719 3076 si

2146 3134 2342 3190 neque,
2374 3119 2503 3188 quia
2538 3119 2752 3175 mundae
2781 3128 2930 3185 sunt,
2960 3116 3327 3173 laudabuntur
3352 3113 3505 3187 (97)?

2212 3212 2267 3267 ὅ.
2328 3212 2434 3267 Sed
2497 3220 2556 3265 ut
2620 3213 2735 3268 lucc
2791 3210 3135 3267 manifestius
3185 3206 3410 3275 intelligi
3479 3204 3715 3275 possint,

2143 3304 2310 3359 etiam
2341 3303 2471 3359 illud
2507 3303 2685 3375 primo
2722 3302 2982 3357 debemus
3018 3301 3331 3371 inquirere,
3378 3298 3424 3352 si
3468 3298 3721 3351 animan-

2145 3396 2217 3450 tia
2247 3396 2363 3450 haec
2395 3410 2517 3451 esse
2546 3405 2603 3451 et
2652 3396 3001 3450 rationabilia
3035 3393 3260 3463 intelligi
3312 3391 3395 3445 fas
3435 3398 3551 3455 est;
3606 3398 3721 3443 tum

2143 3490 2339 3545 deinde
2371 3498 2554 3543 utrum
2581 3490 2779 3544 animm
2819 3488 3061 3559 ipsarum
3095 3488 3301 3557 pariter
3331 3485 3449 3540 suis
3474 3485 3722 3552 corpori-

2142 3582 2244 3637 bus
2274 3582 2639 3645 exstiterunt,
2689 3595 2757 3634 an
2790 3580 3096 3635 anteriores
3129 3578 3243 3632 suis
3285 3575 3606 3646 corporibus
3636 3576 3721 3629 vi-

2143 3676 2417 3740 deantur;
2457 3674 2553 3728 sed
2597 3681 2652 3728 et
2707 3682 2830 3742 post
2878 3671 3403 3728 consummationem
3450 3669 3638 3723 saeculi
3673 3668 3720 3723 si

2144 3767 2555 3836 intelligendum
2587 3774 2671 3822 est
2708 3779 2804 3820 eas
2847 3763 3175 3819 relaxandas
3200 3776 3323 3816 esse
3356 3762 3717 3831 corporibus;

2142 3870 2198 3914 et
2242 3859 2386 3913 sicut
2432 3873 2529 3913 nos
2565 3871 2845 3913 cessamus
2888 3857 2956 3911 ab
2997 3856 3099 3908 hac
3148 3854 3283 3917 vita,
3338 3852 3382 3905 si
3426 3853 3505 3905 ita
3545 3854 3717 3907 etiam

2142 3953 2272 4021 ipsa:
2303 3966 2332 4004 a
2371 3950 2557 4005 mundi
2590 3948 2989 4003 illuminatione
3019 3945 3133 4016 (98)
3163 3943 3479 3999 cessabunt.
3513 3942 3722 4010 Quam-

2143 4043 2223 4097 vis
2262 4043 2365 4097 hoc
2396 4042 2671 4109 inquirere
2701 4038 2940 4092 audacia:
2964 4034 3247 4102 cujusdam
3280 4032 3552 4097 videatur,
3582 4047 3721 4101 qun-

2143 4134 2289 4187 niam
2312 4140 2493 4185 tamen
2522 4130 2805 4201 captanda
2832 4127 3082 4183 veritatis
3114 4125 3295 4179 studio
3326 4138 3718 4193 provocamur,

2156 4241 2279 4296 qua:
2310 4224 2593 4295 possibilia
2627 4222 2781 4277 nobis
2808 4230 2953 4284 sunt,
2990 4219 3286 4273 secundum
3319 4216 3558 4287 gratiam
3596 4219 3720 4285 Spi-

2146 4321 2285 4375 ritus
2329 4319 2504 4373 sancti
2536 4316 2770 4371 scrutari
2797 4324 2853 4370 et
2892 4324 3203 4385 pertentare
3238 4328 3341 4366 non
3376 4311 3592 4365 videtur
3622 4313 3721 4363 ab-

2142 4411 2387 4468 surdum.
2422 4409 2682 4463 Putamus
2712 4422 2843 4478 ergo
2866 4422 3024 4477 posse
3050 4421 3113 4460 ea
3145 4420 3241 4474 per
3276 4405 3378 4459 hoc
3411 4404 3718 4458 animantia

463 4512 581 4563 qua:
621 4497 675 4551 in
710 4498 863 4553 caelis
900 4509 1059 4564 sunt,
1104 4502 1223 4557 sive
1266 4516 1387 4571 quae
1422 4510 1547 4561 sunt
1591 4503 1643 4556 in
1692 4510 1865 4566 terra,
1922 4520 2030 4558 non
2068 4524 2111 4578 υ
2146 4503 2445 4575 designari,
2494 4500 2637 4570 quod
2689 4508 2742 4555 et
2792 4498 3048 4553 mandata
3097 4498 3352 4551 dicuntur
3403 4496 3656 4565 accipere
3692 4510 3720 4547 a

463 4597 641 4655 potest
678 4590 909 4647 dubitari
938 4592 1080 4661 quod
1109 4593 1272 4648 etiam
1320 4607 1381 4648 ea
1421 4608 1541 4662 qua:
1576 4594 1629 4649 in
1676 4594 2029 4653 ﬁrmamento

535 4712 576 4742 "
599 4710 754 4767 Joan.
780 4729 819 4776 ι,
851 4714 903 4767 l.
927 4713 982 4777 2,
1008 4714 1061 4768 ὅ.
1140 4714 1184 4748 ¹⁸
1213 4711 1327 4769 Col.
1353 4730 1391 4779 l,
1417 4714 1502 4780 16,
1534 4715 1621 4769 l7.
1702 4715 1744 4747 "
1779 4714 1916 4771 Gen.
1942 4733 1980 4771 ι.

535 4819 645 4895 (90)
676 4824 771 4878 γει
791 4837 999 4900 creatur,
1025 4830 1128 4881 sive
1150 4840 1345 4900 sancta:
1379 4829 1482 4881 sint
1508 4829 1612 4883 sive
1644 4845 1902 4900 nequam;
1922 4848 2040 4899 quia

466 4912 641 4949 omnes
670 4897 956 4949 secundum
984 4898 1248 4962 propriam
1273 4913 1518 4951 naturam
1544 4897 1865 4966 incorporea
1889 4897 2036 4964 sunt;

465 4966 555 5018 sed
586 4974 630 5017 et
663 4980 754 5027 per
779 4966 875 5018 hoc
924 4966 1094 5031 ipsum
1119 4971 1255 5034 quod
1302 4969 1624 5034 incorporea:
1656 4976 1797 5031 sunt,
1844 4970 2039 5023 nihilo-

466 5036 639 5089 minus
670 5034 828 5103 facite
860 5042 1001 5089 sunt.
1039 5034 1161 5088 ch
1190 5039 1373 5089 omnia
1397 5038 1596 5091 omissa
1631 5048 1753 5091 sunt
1790 5039 1843 5091 in
1879 5039 2037 5093 libris

468 5117 627 5158 antea
655 5105 839 5167 editis,
868 5104 962 5157 sed
990 5107 1335 5172 reperiuntur
1363 5106 1414 5157 in
1445 5108 1699 5161 omnibus
1733 5123 1866 5162 mss.

538 5174 651 5246 (9i)
694 5174 1208 5246 AdAinquisilionem
1261 5174 1385 5246 solis
1436 5186 1484 5228 et
1535 5176 1677 5230 Iunce
1732 5178 1811 5230 vel
1853 5176 2035 5232 stella-

468 5243 587 5297 rum
611 5243 755 5308 ,etc.
789 5243 927 5308 Quid
957 5243 1320 5314 Origeneside
1361 5247 1527 5299 astris
1560 5258 1902 5300 commentus
1940 5248 2033 5310 sit,

468 5313 961 5385 disputat‘lluetius
990 5313 1085 5385 lib.
1129 5330 1166 5367 η
1216 5313 1691 5383 Origeuiunorum,
1735 5318 2035 5385 quaestione

467 5395 681 5437 octava.
720 5383 900 5449 Ipsum
927 5384 1070 5438 vide.

539 5453 654 5521 (9‘2)
694 5452 871 5505 Etiam
899 5454 1013 5523 ipsa
1055 5464 1148 5507 est.
1192 5454 1351 5508 Deest
1398 5454 1451 5508 in
1495 5454 1623 5509 libb.
1656 5466 1811 5511 antea
1846 5457 2031 5519 editis,

469 5528 562 5575 sed
608 5523 839 5577 habetur
889 5524 941 5577 in
997 5538 1127 5578 mss.
1159 5525 1430 5579 omnibus.
1486 5525 1604 5577 Mox
1641 5528 1838 5580 ibidem
1872 5543 2030 5587 mss.,

472 5611 497 5665 ¢_
527 5592 783 5665 dicuntur
813 5594 865 5665 in
904 5593 1101 5665 ἀρχὰς,
1144 5594 1194 5648 id
1224 5603 1308 5646 est
1337 5594 1387 5647 in
1414 5596 1800 5664 principatum.
1838 5614 1859 5648 ο
1886 5596 2037 5650 Alias

467 5663 640 5735 deest.
677 5680 694 5735 ε
726 5664 778 5717 in
808 5663 1008 5735 ἀρχᾶςέ
1037 5682 1056 5715 ι

537 5732 649 5803 (95)
673 5732 752 5785 lta
793 5732 1089 5789 ms.codex
1116 5732 1530 5787 Virodunensis.
1556 5733 1610 5787 In
1643 5734 1763 5789 aliis
1781 5749 1908 5789 mss.
1937 5748 2036 5801 pro

472 5803 704 5874 «solum
756 5820 776 5855 ι
812 5803 1008 5874 legitur
1040 5822 1058 5855 ς
1090 5803 1258 5860 solcm
1286 5844 1299 5869 ,
1342 5823 1361 5855 ι
1395 5804 1640 5874 inlibris
1697 5820 1825 5858 vero
1875 5805 2035 5857 editis

472 5872 554 5927 sic
586 5885 599 5929 :
642 5891 662 5927 ι
696 5888 765 5932 an
799 5872 1038 5946 putanda
1067 5876 1176 5934 sint
1202 5875 1365 5931 istum
1394 5873 1563 5932 solem
1595 5874 1795 5929 habere
1827 5874 2035 5945 princi-

2142 4600 2276 4663 Deo,
2318 4595 2465 4663 quod
2498 4593 2686 4662 utique
2712 4606 2820 4647 non
2851 4590 2957 4644 nisi
3006 4588 3423 4644 rationabilibus
3463 4590 3724 4643 animan-

2058 4720 2101 4753 ²⁰
2145 4717 2247 4773 Job
2272 4730 2398 4781 xxv,
2420 4715 2474 4770 5.

2147 4840 2331 4900 patum
2357 4828 2460 4900 diei
2495 4843 2557 4883 ac
2581 4827 2773 4900 lunam
2791 4826 2971 4900 noctis
3001 4838 3136 4900 quos
3164 4823 3542 4900 illuminando,
3566 4840 3585 4873 ι
3611 4831 3721 4877 etc.

2219 4899 2333 4970 (94)
2386 4899 2478 4952 Sic
2511 4912 2640 4952 mss.
2680 4897 2821 4970 Ε(ξὶιρ
2871 4912 3020 4970 vero,
3058 4915 3100 4970 c_
3126 4896 3266 4961 inter
3299 4895 3546 4949 caelestia
3598 4908 3727 4948 esse

2150 4965 2525 5026 numerentur,
2568 4982 2688 5020 cum
2726 4965 2923 5019 deinde
2955 4965 3160 5019 omnia.
3200 4984 3218 5015 ι

2216 5037 2330 5109 (95)
2363 5037 2665 5091 Evidenter.
2694 5035 2853 5089 Deest
2877 5035 2930 5089 in
2962 5042 3121 5088 antea
3153 5034 3337 5096 editis,
3363 5034 3459 5088 sed
3486 5034 3724 5090 habetur

2146 5125 2200 5162 Ill
2237 5122 2367 5161 11188.

2213 5172 2326 5249 (9Β)
2362 5176 2614 5249 Hw'etici
2638 5190 2757 5229 vero
2803 5173 2965 5227 etiam
3002 5174 3068 5249 de
3110 5173 3544 5249 ani'mabushqua:
3578 5176 3723 5249 opiul

2142 5240 2262 5302 illos
2308 5240 2577 5316 spiritales
2612 5256 2817 5298 natura'
2860 5242 3220 5316 appellantur,
3249 5252 3357 5297 etc.
3387 5240 3726 5316 Valentinia-

2143 5334 2241 5371 uos
2267 5310 2512 5386 designat
2550 5330 2788 5386 quorum
2823 5314 3144 5367 sententiam
3177 5310 3296 5369 fuse
3335 5313 3577 5382 explicat
3610 5312 3726 5386 Ire-

2145 5403 2291 5441 naans
2324 5384 2417 5441 lib'.
2460 5402 2473 5439 I
2500 5388 2748 5438 adversus
2770 5384 2993 5437 lawreses
3020 5419 3036 5448 ,
3082 5398 3205 5452 cap.
3237 5393 3390 5439 sexto
3423 5396 3579 5437 novae
3608 5384 3727 5437 edi-

2147 5459 2333 5521 tionis,
2362 5472 2485 5526 pag.
2514 5455 2606 5510 28.

2216 5480 2219 5501 ’
2471 5494 2485 5508 ο
2590 5491 2606 5507 ο

2358 5472 2654 5579 Πῖςοιῇῇεε
2673 5523 2833 5579 codd.
2869 5535 2998 5575 mss.
3034 5520 3191 5575 Libb.
3224 5536 3356 5576 vero
3384 5522 3540 5587 editi,
3576 5523 3727 5577 «cule

2258 5608 2444 5649 untur.
2476 5596 2591 5649 sive
2620 5609 2739 5649 unum
2766 5594 2979 5646 munda:
3002 5601 3149 5649 sunt.
3179 5590 3588 5647 laudabuntur?
3626 5612 3646 5645 ι

2151 5590 2444 5665 pabuntur,
2476 5596 2591 5649 sive
2620 5609 2739 5661 qua:
2766 5594 3149 5665 mundtesunt.
3179 5590 3588 5665 laudabuntur?
3626 5612 3646 5645 ι

2221 5666 2331 5735 (98)
2363 5666 2519 5719 Libb.
2554 5664 2706 5727 editi,
2744 5681 2761 5714 ε
2790 5662 2953 5735 etiam
2987 5662 3098 5731 ipsa
3128 5669 3184 5714 et
3215 5676 3245 5714 a
3288 5664 3475 5735 mundi
3517 5663 3728 5716 illumi-

2147 5732 2391 5798 natione,
2428 5754 2445 5785 ι
2480 5735 2573 5788 sed
2615 5750 2748 5789 mss.
2783 5743 2841 5786 ut
2876 5732 2929 5785 in
2962 5740 3154 5785 nostro
3190 5741 3363 5787 textu.
3404 5732 3527 5785 Mox
3563 5750 3725 5798 mss.,

2151 5823 2169 5855 ι
2220 5804 2486 5876 Quoniam
2533 5815 2715 5876 tamen
2750 5802 3056 5876 captandzc,
3097 5820 3115 5851 ι
3157 5813 3270 5857 ctc.
3325 5802 3380 5857 In
3418 5804 3582 5859 editis
3625 5820 3733 5876 pro,

2149 5894 2168 5927 ε
2207 5875 2461 5945 quoniam
2497 5893 2515 5927 ι
2550 5875 2747 5946 legitur
2780 5892 2797 5924 ί
2822 5872 3066 5942 quando.
3102 5888 3122 5925 ι
