3992 6526
238 378 333 434 173

1649 378 1844 433 LIBER
1884 333 2166 437 PRIMUS.

3407 374 3509 429 171

236 496 367 552 tibus
389 495 505 552 ﬁeri
535 495 701 552 solet.
729 496 821 551 Ait
846 510 975 568 ergo
1002 516 1017 552 :
1055 515 1072 548 ι
1095 496 1410 553 Mandatum
1438 513 1538 570 ego
1560 500 1814 554 omnibus
1844 505 1890 560 A
1920 501 2265 558 salutationis
2299 516 2402 556 vox
2437 501 2621 556 Mariae
2645 501 2711 556 ad
2744 514 2906 557 aures
2933 498 3220 555 Elizabeth
3254 513 3366 554 sua:
3390 515 3506 554 ma-

234 591 392 647 stellis
433 591 696 659 praecepi.
738 609 758 642 ο
811 590 943 657 Quae
974 601 1155 647 autem
1188 601 1315 647 sunt
1360 590 1448 645 illa
1499 591 1811 661 praecepta?

233 681 433 737 scilicet
462 688 527 733 ut
554 681 983 750 unumquodque
1006 691 1217 736 astrum
1250 696 1349 737 suo
1367 681 1557 736 ordine
1587 682 1811 752 suisque

232 772 485 827 cursibus
513 772 748 827 indulta:
785 773 888 828 sibi
924 772 1254 842 quantitatis
1291 773 1638 841 splendorem
1669 789 1812 843 prae-

230 865 346 918 beat
378 865 613 919 mundo.
644 866 781 921 Aliis
808 866 955 920 enim
983 866 1077 936 qui
1112 874 1379 920 vocantur
1412 864 1669 933 planetae,
1696 880 1815 920 mo-

230 964 416 1008 ventur
441 954 762 1019 ordinibus,
790 955 915 1010 aliis
936 956 991 1009 hi
1025 969 1163 1025 quos
1194 955 1453 1019 ἀπλανεῖς
1495 964 1716 1010 vocant.
1750 957 1807 1008 In

230 1061 329 1112 quo
351 1047 407 1100 id
440 1046 895 1102 manifestissime
911 1047 1235 1114 ostenditur,
1260 1049 1407 1117 quod
1431 1062 1608 1117 neque
1636 1058 1814 1103 motus

231 1137 367 1192 iliius
396 1140 653 1208 corporis
689 1140 811 1196 sine
839 1141 1021 1195 anima
1052 1140 1205 1194 efﬁci
1234 1150 1447 1209 potest;
1481 1154 1661 1210 neque
1691 1154 1813 1210 quae

228 1230 530 1284 animantia
563 1242 719 1298 sunt,
751 1242 978 1301 possunt
1003 1232 1301 1302 aliquando
1332 1249 1455 1289 esse
1480 1235 1599 1289 sine
1638 1246 1811 1290 motu.

230 1320 409 1376 Stella:
440 1337 577 1377 vero
608 1339 734 1378 cum
767 1333 914 1381 tanto
943 1325 1136 1380 ordine
1175 1341 1240 1381 ac
1266 1335 1415 1380 tanta
1454 1328 1668 1382 ratione
1692 1343 1815 1383 mo.

230 1422 480 1479 reantur,
510 1424 571 1467 ut
600 1416 654 1469 in
686 1418 833 1472 nullo
854 1432 1076 1488 prorsus
1099 1434 1291 1474 cursus
1318 1435 1507 1475 earum
1523 1420 1817 1490 aliquando

230 1507 371 1561 visus
401 1506 480 1561 sit
516 1508 834 1578 impeditus,
861 1511 1135 1580 quomodo
1170 1526 1279 1566 non
1315 1521 1400 1567 est
1424 1512 1569 1567 ultra
1598 1528 1814 1569 omnem

230 1600 587 1656 stoliditatem
618 1612 829 1657 tantum
864 1604 1133 1669 ordinem,
1167 1613 1485 1675 tantamque
1518 1606 1818 1676 disciplinae

232 1705 292 1744 ac
320 1691 560 1745 rationis
582 1691 995 1747 observantiam
1024 1692 1210 1747 dicere
1244 1693 1313 1748 ab
1344 1692 1818 1749 irrationabilibus

230 1781 367 1851 exigi
399 1781 485 1836 vel
524 1783 779 1853 expleri?
827 1783 983 1855 Apud
1029 1783 1327 1840 Jeremiam
1364 1800 1498 1841 sane
1528 1785 1694 1840 etiam
1729 1800 1818 1841 re-

232 1875 348 1944 gina
380 1874 515 1929 caeli
540 1874 671 1929 luna
695 1890 817 1931 esse
842 1876 1232 1937 nominatur“.
1254 1876 1412 1945 Quod
1435 1878 1479 1933 si
1508 1879 1817 1933 animantes
1854 1865 1897 1921 Β

231 1977 353 2021 sunt
376 1967 556 2022 stella:
572 1976 626 2022 et
647 1967 1002 2024 rationabiles
1020 1970 1349 2034 animantes,
1374 1971 1494 2027 sine
1522 1972 1686 2028 dubio
1702 1972 1815 2044 (99)

233 2056 511 2114 videbitur
543 2062 689 2116 inter
709 2077 804 2118 eas
834 2072 889 2118 et
913 2062 1194 2132 profectus
1225 2063 1426 2134 aliquis
1454 2074 1510 2120 et
1536 2067 1814 2122 decessus.

232 2151 341 2206 Hoc
366 2153 518 2206 enim
548 2154 693 2223 quod
724 2154 799 2208 ait
830 2152 933 2209 Job
973 2172 987 2209 :
1022 2173 1041 2206 ι
1083 2154 1273 2211 Stellae
1305 2171 1412 2211 non
1446 2166 1575 2213 sunt
1602 2160 1818 2213 mundae

231 2242 282 2295 in
301 2252 606 2312 conspectu
638 2243 842 2313 ejus“,
880 2262 900 2297 ι
932 2246 1094 2302 talem
1124 2248 1257 2303 mihi
1280 2250 1571 2319 quemdam
1598 2253 1819 2309 videtur

233 2333 479 2390 indicare
508 2336 883 2395 intellectum.

297 2426 355 2482 4.
390 2424 516 2481 Jam
552 2442 686 2483 vero
715 2442 778 2483 ea
807 2444 928 2499 qua:
956 2430 1257 2487 animantia
1283 2446 1404 2489 esse
1430 2442 1487 2489 et
1517 2435 1820 2492 rationabi-

231 2516 744 2589 lia,consequentia
783 2523 1172 2592 disputationis
1205 2526 1437 2595 invenit,
1473 2536 1657 2583 utrum
1694 2544 1817 2586 cum

232 2610 559 2680 corporibus
585 2612 793 2681 pariter
828 2614 1070 2669 animata
1104 2616 1394 2672 videantur
1430 2633 1497 2674 eo
1538 2627 1818 2691 tempore,

232 2715 355 2755 cum
394 2703 535 2757 dicit
570 2703 857 2775 Scriptura
890 2707 1019 2775 quia
1051 2724 1071 2759 ε
1111 2708 1241 2763 fecit
1271 2708 1414 2765 Deus
1458 2712 1566 2767 duo
1590 2712 1820 2769 lumina-

233 2794 311 2847 ria
338 2808 565 2865 magna,
590 2796 939 2854 etluminare
964 2798 1144 2868 majus
1184 2801 1237 2854 in
1285 2802 1652 2874 principatum
1685 2807 1816 2873 diei,

231 2893 287 2939 et
316 2884 596 2941 luminare
627 2887 808 2943 minus
852 2889 903 2943 in
956 2890 1317 2960 principatum
1358 2896 1536 2951 noctis
1558 2936 1575 2963 ,
1606 2905 1661 2951 et
1689 2898 1822 2975 stel-

232 2976 391 3043 ias";
419 2998 439 3029 ι
464 2994 649 3033 annon
669 2995 792 3035 cum
820 2981 952 3050 ipsis
974 2987 1321 3054 corporibus,
1351 2987 1446 3042 sed
1476 2989 1820 3047 extrinsecus

234 3068 398 3124 iactis
450 3070 567 3137 jatn
628 3072 952 3143 corporibus
1004 3075 1234 3131 inseruit
1291 3078 1587 3147 spiritum,
1637 3082 1819 3150 pervi-

233 3162 469 3218 dendum
498 3172 585 3221 est
613 3163 711 3237 (1).
765 3167 877 3239 Ego
915 3170 1135 3239 quidem
1180 3172 1433 3242 suspicor
1477 3175 1819 3231 extrinsecus

1917 594 2016 647 tris
2072 594 2463 649 advenerat”.
2520 593 2803 660 Quomodo
2863 607 2987 647 cum
3044 605 3279 661 corpore
3338 590 3501 645 simul

1919 688 2044 739 ttcta
2073 684 2149 757 (8)
2176 694 2259 740 est
2289 698 2343 740 et
2368 686 2636 755 plasmata
2664 685 2826 740 etiam
2859 684 3005 738 illius
3028 683 3235 747 anima,
3274 684 3370 752 qui
3400 699 3500 737 an-

1921 783 2139 842 tequam
2173 775 2227 828 in
2257 786 2414 830 utero
2443 776 2792 840 formaretur,
2818 783 2976 828 notus
2994 788 3113 829 esse
3137 772 3247 827 Deo
3278 771 3501 837 dicitur,

1919 876 1975 919 et
2004 875 2300 935 antequam
2336 867 2404 922 de
2430 866 2587 921 vulva
2618 866 2941 935 procederet
2970 906 2984 929 ,
3014 864 3393 919 sanctiﬁcatus
3421 870 3504 917 est

1920 957 1988 1010 ah
2018 972 2083 1012 eo
2102 958 2188 1011 “1'
2214 957 2293 1012 Ne
2321 957 2461 1013 forte
2497 972 2603 1012 non
2638 956 2847 1026 judicio
2873 997 2887 1021 ,
2915 971 3015 1011 nec
3051 972 3150 1026 pro
3178 955 3388 1011 meritis
3417 970 3504 1010 rer

1921 1049 2073 1119 plere
2095 1050 2309 1119 aliquos
2341 1051 2486 1105 Deus
2517 1051 2765 1104 videatur
2791 1048 3001 1117 Spiritu
3034 1057 3246 1114 sancto,
3280 1056 3336 1103 et
3369 1062 3501 1101 san-

1922 1143 2164 1197 ctiﬁcare
2190 1158 2296 1196 non
2326 1143 2542 1197 merito.
2576 1142 2641 1196 Et
2678 1140 2955 1209 quomodo
2996 1139 3315 1209 etlugietuus
3357 1136 3500 1191 illam

1923 1248 2110 1289 vocem
2152 1249 2273 1303 qua:
2302 1234 2379 1287 ait
2435 1254 2446 1288 :
2513 1251 2532 1285 ι
2593 1231 2849 1301 Nunquid
2903 1232 3174 1302 injustitia
3225 1238 3311 1283 est
3363 1228 3503 1298 apud

1925 1329 2133 1383 Deum?
2158 1328 2396 1383 Absit".
2427 1346 2445 1380 ι
2479 1325 2573 1382 Vel
2606 1326 2736 1379 illud
2763 1343 2777 1379 :
2808 1343 2825 1377 ‹
2862 1324 3114 1393 Nunquid
3144 1335 3505 1393 personarum

1924 1424 2169 1491 acceptio
2225 1429 2308 1477 est
2356 1419 2499 1489 apud
2559 1418 2729 1472 Deum
2755 1418 2842 1471 ³⁸2
2884 1438 2902 1469 ι
2958 1417 3068 1470 lloc
3117 1415 3261 1470 enim
3311 1426 3507 1469 conse-

1931 1512 2121 1583 quitur
2173 1527 2295 1566 eam
2350 1509 2762 1573 defensionem,
2815 1520 2935 1577 qum
2978 1505 3189 1558 animas
3210 1503 3508 1557 subsistere

1925 1605 2087 1659 simul
2142 1619 2266 1658 cum
2314 1604 2642 1674 corporibus
2690 1605 2988 1655 asseverat.
3039 1596 3314 1662 Quantum
3369 1608 3501 1663 ergo

1928 1706 2028 1778 [(9)
2046 1706 2236 1760 "imae
2276 1705 2626 1776 πρεσϐυτέρα
2648 1706 2681 1774 ἡ
2754 1704 2819 1745 ex
2845 1687 3257 1757 comparatione
3283 1686 3504 1739 humani

1924 1776 2338 1870 ᾠυχὴτοῠήλίου
2357 1797 2454 1866 τῆς
2474 1798 2684 1851 ἐνδέσε-
2755 1790 2934 1838 status
2980 1779 3191 1848 concipi
3242 1776 3355 1849 (10)
3413 1791 3509 1846 ρο·

1927 1908 2002 1955 ως
2020 1889 2183 1943 αὑτοῦ
2202 1890 2300 1961 τῆς
2328 1891 2407 1953 εις
2422 1890 2482 1942 τὸ
2502 1891 2681 1962 σῶμα,
2757 1886 2859 1932 test
2892 1914 2908 1943 ,
2992 1886 3329 1942 consequens
3378 1880 3508 1942 puto

1932 1980 2071 2050 μετὰ
2098 1981 2157 2035 τὸ
2185 1980 2683 2048 συλληγίσασθαιὲκ
2757 1971 2926 2026 mullo
2960 1969 3135 2041 magis
3156 1970 3273 2023 11330
3301 1967 3368 2022 de
3398 1981 3507 2021 (κε’

1926 2070 2566 2143 ωγκρίσεωςὰνθρώπου
2585 2072 2683 2143 τῆς
2756 2066 2983 2123 lestibus
3031 2064 3342 2128 sentienda,
3385 2076 3509 2131 qua:

1926 2165 2063 2236 πρὸς
2100 2164 2283 2230 αὐτὸν,
2308 2166 2403 2219 καὶ
2429 2164 2682 2219 ἐντεῦθεν
2754 2163 2917 2219 etiam
2944 2162 2997 2215 iu
3028 2160 3341 2214 hominibus
3367 2156 3510 2212 ratio

1926 2256 2034 2309 ἀπὸ
2080 2255 2187 2309 τῶν
2243 2256 2475 2328 Γραφῶν
2528 2252 2682 2328 οἶμαι
2756 2257 2870 2325 ipsa
2899 2264 2951 2310 et
2985 2254 3289 2325 Scriptura:
3319 2262 3509 2307 aucto-

1925 2348 2206 2415 ὰποδεϊξαι
2280 2348 2560 2403 δύνασθαι.
2626 2350 2681 2405 Id
2759 2352 2895 2406 ritas
2936 2351 3153 2405 videtur
3193 2348 3505 2404 ostendere.

1925 2449 2009 2495 est
2038 2459 2050 2494 :
2084 2440 2325 2494 Animam
2366 2454 2541 2496 autem
2565 2442 2693 2498 solis
2719 2443 3073 2514 antiquiorem
3113 2457 3223 2496 esse
3244 2440 3438 2510 alliga—

1928 2532 2073 2587 tione
2101 2533 2218 2602 ejus
2248 2533 2317 2587 ad
2353 2550 2544 2601 corpus
2567 2576 2582 2601 ,
2619 2537 2925 2589 conclusum
2954 2535 3074 2604 jam
3106 2544 3181 2588 est
3203 2549 3268 2588 ea:
3290 2548 3436 2587 com-

1925 2626 2199 2693 paratione
2242 2627 2507 2691 hominis;
2540 2643 2717 2681 rerum
2769 2643 2797 2682 e
2846 2626 3148 2697 Scriptum
3194 2626 3421 2681 arbitror

1926 2732 2077 2785 posse
2108 2718 2463 2772 demonstrari
2472 2717 2513 2790 .]

1996 2808 2053 2864 5.
2096 2810 2202 2865 Sed
2230 2811 2509 2867 videamus
2528 2811 2639 2884 (11)
2661 2813 2705 2867 si
2728 2827 2891 2883 quam
2921 2813 3143 2883 preprie
3165 2812 3327 2869 etiam
3345 2813 3511 2884 deip-

1928 2901 2004 2955 sis
2031 2901 2345 2959 coelestibus
2374 2904 2797 2975 signiﬁcautiam
2835 2905 2948 2975 jam
2992 2906 3130 2975 apud
3167 2906 3507 2976 Scripturam

1927 3003 2173 3049 sanctam
2235 2996 2507 3066 possimus
2540 2996 2803 3053 invenire.
2855 2994 3056 3053 Paulus
3110 3000 3387 3069 apostolus
3434 3001 3510 3055 ait

1928 3085 2019 3151 ita,
2053 3086 2339 3155 quoniam,
2383 3088 2583 3158 inquit,
2617 3107 2637 3141 ι
2704 3092 2925 3147 vanitati
2970 3100 3221 3148 creatura
3268 3091 3506 3161 subjecta

1927 3186 2010 3233 est
2042 3191 2151 3231 non
2180 3177 2391 3243 volens,
2418 3179 2512 3234 sed
2537 3192 2760 3252 propter
2784 3199 2907 3239 eum
2937 3184 3028 3253 qui
3050 3181 3287 3251 subjecit
3310 3183 3365 3238 in
3388 3199 3506 3254 spe,

235 3253 507 3353 insertum
537 3268 665 3353 esse
691 3257 964 3353 spiritum,
997 3259 1299 3353 sedoperte
1322 3260 1560 3330 pretium
1605 3261 1817 3353 videbi-
1847 3292 1893 3353 ο
1927 3271 2049 3341 quia
2080 3278 2134 3325 et
2164 3270 2278 3340 ipsa
2311 3280 2562 3328 creatura
2592 3273 2912 3331 liberabitur
2933 3292 2963 3331 a
2986 3276 3251 3333 servitute
3278 3253 3509 3347 corrup-

237 3352 324 3399 tur
354 3344 421 3399 de
450 3345 759 3416 Scripturis
787 3347 891 3403 hoc
914 3348 1227 3405 ostendere.
1255 3349 1388 3405 Nam
1417 3366 1515 3422 per
1541 3352 1823 3421 conjectu-

233 3449 352 3489 ram
398 3435 585 3492 facilis
630 3438 872 3495 assertio
904 3454 1028 3496 esse
1072 3441 1378 3508 videbitur;
1415 3442 1820 3513 Scripturarum

235 3535 421 3582 autem
470 3528 804 3585 testimoniis
835 3532 1030 3600 utique
1062 3531 1140 3603 (2)
1173 3534 1459 3591 difﬁcilius
1490 3537 1820 3593 afﬁrmatur.

234 3615 371 3673 Nam
414 3635 514 3689 per
562 3622 911 3692 conjecturas
943 3625 1014 3678 ita
1062 3626 1321 3694 possibile
1379 3637 1465 3683 est
1494 3630 1728 3684 ostendi.
1764 3630 1820 3686 Si

238 3712 477 3767 hominis
509 3712 696 3769 anima
729 3728 848 3784 quae
878 3717 1066 3787 utique
1090 3715 1322 3774 inferior
1348 3728 1456 3783 est,
1492 3721 1618 3775 dum
1643 3723 1821 3778 homi-

236 3820 322 3873 nis
369 3821 552 3873 anima
603 3829 706 3883 est,
738 3836 849 3876 non
893 3835 1018 3876 cum
1060 3823 1376 3893 corporibus
1424 3827 1546 3879 ﬁcta
1589 3825 1696 3895 (5),
1728 3826 1824 3881 sed

238 3912 582 3966 extrinsecus
636 3914 857 3982 proprie
905 3915 1166 3984 probatur
1216 3915 1453 3981 inserta,
1498 3917 1670 3972 multo
1719 3917 1823 3987 73

238 4004 409 4074 magis
433 4019 628 4057 eorum
656 4004 1013 4059 animantium
1039 4019 1160 4074 quae
1182 4005 1422 4060 caelestia
1450 4005 1824 4077 designantur.

240 4096 373 4151 Nam
417 4105 690 4166 quantum
734 4097 803 4150 ad
847 4096 1095 4152 homines
1143 4106 1353 4167 spectat
1402 4096 1512 4168 (4),
1558 4099 1829 4167 quomodo

243 4204 361 4243 cum
406 4204 640 4259 corpore
691 4189 851 4243 simul
902 4188 1025 4243 ﬁcta
1065 4188 1140 4260 (5)
1182 4188 1362 4244 anima
1395 4189 1668 4245 videbitur
1710 4190 1828 4259 ejus

244 4281 333 4349 qui
365 4282 420 4334 in
453 4288 649 4335 ventre
685 4296 843 4335 suum
872 4280 1095 4335 fratrem
1124 4280 1509 4350 supplantavit,
1545 4280 1599 4336 id
1627 4290 1712 4336 est
1737 4280 1826 4335 Ja—

246 4374 343 4428 cob
372 4374 457 4427 “Y
484 4374 599 4427 Aut
639 4371 913 4442 quomodo
955 4370 1115 4426 simul
1154 4386 1277 4426 cum
1323 4388 1551 4442 corpore
1592 4372 1715 4427 ﬁcta
1750 4373 1826 4444 (6)

248 4476 326 4521 est
351 4466 558 4530 anima,
589 4465 677 4521 vel
724 4465 987 4534 plasmata
1033 4465 1152 4535 ejus
1194 4465 1287 4535 qui
1332 4466 1510 4520 adhuc
1545 4465 1603 4519 in
1637 4474 1827 4520 ventre

249 4558 433 4612 matris
479 4572 596 4612 suae
637 4557 886 4626 positus,
937 4556 1176 4626 repletus
1223 4567 1307 4612 est
1350 4556 1556 4627 Spiritu
1607 4557 1828 4611 sancto?

1925 3364 2085 3419 tionis
2112 3365 2165 3418 in
2187 3365 2491 3421 libertatem
2521 3365 2631 3437 (12)
2660 3368 2841 3438 gloriae
2873 3370 3105 3426 ﬁliorum
3132 3370 3225 3427 Dei
3240 3369 3307 3425 ²’.
3337 3388 3357 3422 ι
3385 3368 3510 3435 Cui,

1923 3457 2170 3526 obsecro,
2227 3460 2451 3515 vanitati
2513 3474 2765 3518 creatura
2813 3463 3055 3533 subjecta
3104 3471 3209 3531 est,
3255 3462 3340 3517 vel
3390 3477 3511 3532 qum

1924 3556 2193 3615 creatura,
2219 3551 2303 3606 vel
2330 3555 2602 3622 quomodo
2626 3569 2731 3609 non
2765 3554 2969 3622 volens,
3003 3554 3086 3611 vel
3116 3556 3217 3611 sub
3244 3569 3347 3625 qua
3372 3553 3513 3625 spe?

1924 3640 2043 3708 Quo
2070 3652 2250 3698 autem
2287 3646 2447 3700 modo
2494 3645 2606 3715 ipsa
2639 3657 2883 3702 creatura
2917 3647 3241 3705 liberabitur
3278 3663 3308 3702 a
3336 3647 3511 3704 servi-

1927 3744 2039 3789 tute
2067 3738 2465 3807 corruptiouis?
2489 3739 2594 3793 Sed
2622 3747 2677 3793 et
2699 3739 2826 3793 alibi
2878 3740 2994 3809 ipse
3045 3739 3337 3810 Aposto'us
3364 3739 3442 3793 ait
3487 3755 3501 3791 :

1930 3845 1949 3888 ι
1972 3826 2104 3882 Nam
2118 3831 2450 3899 exspectatio
2473 3842 2736 3887 creatura
2759 3831 3141 3886 revelationem
3160 3832 3388 3885 tlliorum
3418 3830 3507 3887 Dei

1923 3922 2286 3992 exspectat”.
2322 3942 2341 3974 ι
2377 3923 2442 3978 Et
2467 3924 2660 3980 iterum
2687 3924 2813 3980 alibi
2849 3926 2923 3979 ait
2954 3944 2967 3979 :
3005 3945 3023 3977 ‹
3063 3924 3177 3980 Νοη
3213 3924 3383 3980 solum
3413 3941 3512 3979 au-

1924 4022 2032 4068 tem
2068 4028 2189 4079 nos,
2221 4015 2314 4070 sed
2349 4025 2403 4074 ct
2429 4018 2544 4088 ipsa
2586 4026 2838 4072 creatura
2893 4018 3249 4089 congemiscit
3287 4028 3342 4073 et
3378 4032 3513 4073 con-

1924 4107 2070 4162 dolet
2102 4105 2214 4179 (15)
2262 4122 2433 4177 usque
2466 4110 2690 4166 nunc“.
2735 4130 2754 4163 ι
2804 4109 2956 4167 Unde
2999 4112 3379 4183 inquirendum
3426 4120 3511 4169 est

1923 4197 2015 4266 qui
2043 4198 2112 4251 sit
2144 4199 2396 4269 gemitus,
2454 4200 2534 4255 vel
2561 4202 2651 4272 qui
2679 4202 2784 4257 sint
2812 4203 3024 4259 dolores
3070 4203 3207 4274 ejus.
3237 4203 3301 4257 Et
3334 4205 3509 4275 primo

1923 4289 2346 4358 ergovideamus
2369 4307 2488 4362 qua:
2520 4303 2605 4348 est
2634 4296 2847 4350 vanitas
2868 4296 2955 4350 cui
2985 4304 3234 4351 creatura
3264 4296 3507 4366 subjecta

1923 4387 2024 4434 est.
2058 4379 2170 4449 Ego
2204 4382 2419 4450 quidem
2459 4383 2697 4439 arbitror
2726 4400 2832 4440 non
2861 4400 2984 4441 esse
3008 4385 3169 4439 aliam
3204 4374 3501 4440 vanitatem

1922 4484 2085 4540 quam
2114 4486 2373 4543 corpora;
2403 4489 2525 4528 nam
2556 4474 2681 4530 licet
2704 4477 2998 4531 acthereum
3021 4476 3093 4531 sit
3114 4490 3310 4545 corpus
3330 4486 3511 4529 astro-

1925 4576 2068 4630 rum,
2120 4574 2297 4620 tamen
2327 4576 2410 4621 est
2440 4567 2740 4622 materiale.
2774 4567 2928 4623 Unde
2957 4576 3022 4622 et
3059 4567 3315 4621 Salomon
3374 4566 3508 4619 mihi

247 4648 512 4703 Joannem
577 4648 699 4702 dico
754 4647 1140 4718 tripudianlem
1197 4647 1251 4701 in
1300 4656 1456 4704 utero
1510 4647 1728 4713 matris,
1776 4655 1894 4709 etD
1926 4654 2234 4708 universam
2258 4669 2575 4725 corpoream
2605 4666 2855 4711 naturam
2890 4658 3038 4712 velut
3059 4670 3343 4711 onerosam
3369 4668 3508 4726 quo-

250 4754 438 4810 magna
488 4754 548 4793 se
600 4738 961 4793 exsultatione
1002 4737 1297 4809 iactantem
1334 4737 1410 4808 (7)
1450 4753 1549 4808 pro
1587 4752 1653 4793 eo
1690 4739 1831 4808 quod
1927 4745 2234 4813 dammodo,
2276 4756 2332 4803 et
2370 4746 2609 4817 vigorem
2658 4749 2944 4811 spirituum
2990 4748 3358 4805 retardantem
3405 4746 3507 4801 hoc

319 4880 359 4909 ¹¹
393 4878 507 4933 Jer.
541 4893 639 4938 vlt,
674 4878 761 4932 18.
837 4878 881 4909 ²²
904 4876 1005 4932 Job
1030 4893 1154 4939 xxv,
1188 4877 1239 4931 5.

254 4964 325 5012 Ix,
363 4950 448 5003 14.
528 4949 574 4980 ⁸³
603 4947 766 5001 Rom.
797 4964 857 5013 ll,
886 4948 972 5001 11.
1048 4949 1093 4981 ³⁸
1123 4948 1279 5002 Rom.
1308 4963 1427 5013 vm,
1451 4949 1539 5012 20,
1570 4951 1658 5003 21.

328 5088 434 5158 (99)
465 5087 558 5144 Sic
586 5104 719 5145 mss.
750 5089 906 5145 Libb.
952 5090 1111 5151 editi,
1145 5109 1162 5140 ι
1202 5099 1554 5145 memoratur.
1601 5089 1756 5155 Quod
1789 5092 1834 5146 si

257 5160 503 5213 animata:
536 5168 669 5213 sunt
696 5161 883 5224 stellae,
920 5161 1037 5214 sine
1064 5160 1247 5214 dubio.
1289 5177 1307 5210 ι

1330 4878 1375 4909 ’³
1406 4877 1538 4933 Gen.
1569 4897 1608 4940 ι,
1642 4879 1727 4934 16.
1804 4880 1848 4911 ’⁸
1880 4880 2013 4936 Gen.
2046 4899 2167 4943 xxv,
2196 4883 2286 4936 22.

2379 4884 2422 4914 "
2453 4882 2581 4938 Luc.
2615 4898 2652 4949 ι,
2685 4884 2770 4937 41.
2858 4884 2904 4915 ’⁸
2931 4881 3041 4939 Jer.
3073 4900 3109 4949 ι,
3143 4883 3194 4939 5.
3270 4884 3315 4918 ’⁷
3344 4883 3503 4940 Rom.

1735 4949 1781 4981 ’°
1808 4950 1935 5006 ibid.
1968 4952 2051 5006 19.
2130 4954 2172 4984 ³¹
2201 4952 2328 5008 ibid.
2362 4954 2451 5008 25.

1936 5094 2124 5147 matris
2156 5094 2275 5163 ejus
2301 5095 2527 5164 positus.
2563 5113 2581 5145 ι

2007 5164 2080 5232 (7)
2113 5164 2267 5238 Libb.
2314 5165 2469 5230 editi,
2496 5185 2513 5215 ε
2560 5175 2614 5220 et
2648 5181 2837 5237 magna
2881 5165 3238 5221 exsultatione
3270 5166 3508 5238 gauden-

329 5230 399 5302 (1)
428 5229 823 5302 Pervtdendum
855 5240 951 5284 est.
1001 5231 1161 5285 Deest
1206 5230 1262 5283 in
1307 5239 1467 5285 antea
1510 5231 1686 5299 editis,
1740 5232 1835 5287 sed
1934 5229 2131 5287 temet
2164 5248 2223 5286 se
2249 5235 2563 5302 jactantem.
2598 5254 2616 5285 ι

259 5298 487 5353 habetur
515 5300 573 5353 in
603 5300 856 5354 omnibus
883 5315 1014 5354 mss.

333 5368 404 5442 (2)
440 5369 530 5442 Sic
574 5386 707 5423 mss.
743 5369 1002 5442 Merlinus
1033 5390 1049 5420 ε
1083 5368 1395 5442 testimonio
1423 5369 1626 5442 utique.
1673 5392 1690 5424 ›
1729 5373 1836 5429 Ge-

262 5438 579 5504 nebrardus,
622 5458 641 5491 ‹
678 5440 987 5494 testimonio
1018 5440 1114 5494 uti.
1150 5458 1168 5490 ι

335 5509 406 5575 (5)
434 5508 523 5562 Sic
554 5524 751 5563 omnes
776 5524 905 5564 mss.
932 5510 1097 5577 Alias,
1130 5529 1148 5561 ‹
1183 5509 1340 5565 facta.
1376 5514 1414 5578 »λ

360 5580 409 5641 4)
441 5577 611 5633 Caute
644 5580 783 5641 lege.

362 5648 411 5715 5)
438 5647 603 5713 Alias,
638 5668 657 5699 ι
693 5647 856 5703 facta.
894 5668 911 5700 ι

338 5716 409 5787 (6)
453 5716 540 5773 Sic
584 5733 718 5774 mss.
768 5719 933 5785 Alias,
968 5741 987 5772 ‹
1033 5720 1191 5776 facta.
1241 5740 1258 5771 ι
1295 5720 1497 5775 ibidem
1543 5738 1672 5777 mss.
1726 5742 1743 5773 ‹
1780 5722 1835 5776 in

269 5796 453 5845 ventre
479 5790 670 5847 matris
702 5804 815 5847 suae
842 5791 1067 5862 positus.
1106 5810 1125 5843 ι
1156 5790 1308 5847 Libb.
1336 5791 1490 5857 editi,
1520 5811 1538 5843 ι
1571 5792 1626 5845 in
1651 5801 1839 5847 ventre

2007 5302 2080 5439 (8)
2114 5302 2201 5356 Sic
2227 5318 2358 5357 mss.
2394 5303 2558 5368 Alias,
2592 5325 2609 5355 ι
2640 5305 2801 5361 facta.
2835 5324 2852 5355 ι

2031 5373 2083 5439 9)
2115 5372 2236 5425 Ὅτι
2269 5374 2326 5425 δὲ
2358 5373 2735 5439 πρεσϐυτέρα,
2786 5383 2852 5429 ett

2031 5373 2100 5447 9)_
2115 5372 2236 5425 Ὅτι
2269 5374 2326 5447 es
2358 5373 2735 5447 πρεςὸυτέρα,
2785 5383 2893 5447 etc.
2924 5373 3107 5429 Graeca
3140 5374 3501 5447 hchexstaut

1936 5442 1991 5496 in
2023 5442 2168 5513 calce
2184 5444 2439 5513 epistolae
2468 5442 2757 5500 Justiniani
2783 5445 3121 5513 imperatoris
3148 5448 3215 5500 ad
3242 5445 3471 5502 Menam.

2008 5512 2119 5586 (10)
2149 5512 2275 5586 Mss.
2319 5514 2605 5586 «concipi.
2647 5534 2666 5566 ι
2698 5512 2871 5579 Alias,
2899 5532 2918 5564 ί
2957 5515 3171 5586 conjici.
3210 5534 3231 5567 ι

2038 5581 2119 5651 11)
2152 5581 2321 5653 Caute
2350 5582 2483 5653 lege.

2038 5585 2119 5651 11)
2152 5585 2321 5636 Caute
2350 5585 2483 5653 lege.
3064 5585 3069 5586 ί

2010 5585 2120 5724 (19.)
2150 5652 2305 5708 Libb.
2351 5654 2499 5720 editi,
2540 5672 2559 5705 ς
2602 5654 2657 5709 in
2699 5655 2931 5712 laudem.
2982 5676 3000 5708 ι
3032 5659 3104 5712 At
3146 5672 3274 5713 mss.
3312 5677 3330 5709 ι
3369 5657 3423 5711 in
3453 5657 3510 5711 li-

1937 5722 2224 5776 bertatem.
2261 5742 2278 5773 ι

2017 5792 2129 5863 (15)
2160 5793 2313 5848 Libb.
2349 5794 2499 5861 editi,
2533 5814 2552 5849 ‹
2587 5797 2836 5868 parturit.
2876 5816 2895 5849 ι
2935 5796 3060 5856 Mss.
3096 5817 3115 5852 ι
3147 5800 3416 5856 condolet.
3452 5817 3472 5850 ι
