3988 6418
416 281 514 337 1⁵15

408 493 589 547 omnia
618 492 852 556 vanitas,
887 492 1021 546 dixit
1061 489 1436 544 Ecclesiastes.
1481 489 1673 544 Omnia
1725 493 1943 546 vanitas
1973 509 1987 545 :

410 584 622 653 respexi
653 583 819 646 enim,
850 583 1045 649 inquit,
1075 591 1128 632 et
1155 581 1261 634 vidi
1302 581 1548 636 universa
1579 597 1700 652 qum
1731 583 1831 638 sub
1876 583 1992 638 sole

410 686 558 742 sunt,
589 685 792 730 etccce
821 675 1000 731 omnia
1052 673 1344 727 vanitas".
1380 691 1398 724 ι
1434 673 1568 728 lluic
1605 689 1738 746 ergo
1765 676 1990 730 vanitati

410 777 659 824 creatura
705 766 943 833 subjecta
979 776 1084 830 est,
1137 764 1224 817 illa
1261 765 1530 834 prrccipue
1583 775 1833 821 creatura
1878 767 1990 840 (Η)

413 875 533 930 qua:
583 860 766 928 utique
816 858 1106 912 maximum
1142 858 1193 911 in
1240 857 1340 911 hoc
1401 859 1603 912 mundo
1629 869 1683 913 et
1714 860 1988 929 egregium

406 952 588 1021 operis
609 951 689 1004 sui
720 949 931 1003 obtinet
957 949 1345 1018 principatum,
1374 949 1425 1002 id
1450 958 1534 1004 est
1574 950 1653 1004 sol
1685 960 1740 1006 et
1771 950 1895 1005 luna
1936 960 1991 1005 et

409 1039 577 1095 stella:
607 1039 833 1092 vanitati
863 1038 1106 1108 subjecta
1139 1039 1415 1103 dicuntur,
1445 1041 1767 1109 corporibus
1801 1042 1986 1100 indita.

373 1146 380 1148 ‘
409 1141 572 1203 atque
605 1133 671 1188 ad
704 1132 1035 1198 illuminandi
1064 1132 1297 1188 ofﬁcium
1323 1135 1559 1190 humano
1593 1138 1780 1205 generi
1821 1138 1990 1206 depu-

411 1237 538 1282 tata.
573 1244 592 1277 ι
627 1227 694 1280 Εῑ
728 1242 859 1292 ηοιι,
886 1227 1078 1294 inquit,
1131 1227 1320 1282 volens
1377 1238 1630 1283 creatura
1673 1231 1788 1286 hmc
1839 1232 1990 1286 vani-

411 1317 506 1372 tati
558 1316 798 1386 subjecta
822 1316 986 1372 est”.
1017 1335 1034 1367 ι
1087 1314 1202 1370 Non
1234 1318 1380 1370 enim
1423 1319 1700 1372 voluntate
1729 1319 1992 1374 exhiben-

409 1407 537 1462 dum
560 1408 800 1476 suscepit
825 1406 1184 1459 ministerium
1205 1407 1452 1470 vanitati,
1485 1409 1576 1461 sed
1598 1409 1855 1476 quoniam
1875 1408 1988 1480 (15)

413 1500 628 1554 volebat
654 1497 743 1552 ille
770 1499 862 1567 qui
891 1497 1229 1564 subjiciebat,
1272 1508 1493 1567 pr0pter
1524 1515 1645 1554 eum
1673 1501 1764 1571 qui
1805 1501 1990 1572 subje-

410 1592 511 1658 cit,
549 1593 959 1663 promittentem
1023 1593 1105 1646 his
1144 1593 1234 1662 qui
1271 1609 1374 1646 non
1438 1593 1717 1647 voluntate
1763 1597 1986 1650 vanitati

413 1684 802 1746 subdebantur,
839 1684 980 1754 quod
1009 1684 1223 1753 expleto
1268 1684 1539 1755 magniﬁci
1603 1687 1790 1756 Operis
1829 1687 1990 1740 mini-

412 1777 582 1833 sterio
605 1777 985 1832 liberabuntur
1019 1780 1084 1833 ab
1113 1779 1218 1833 bac
1249 1779 1511 1834 servitute
1539 1781 1908 1849 corruptionis
1935 1793 1991 1837 et

416 1871 694 1935 vanitatis,
743 1885 866 1925 cum
922 1871 1310 1940 redemptionis
1356 1871 1541 1941 gloriae
1613 1873 1845 1927 ﬁliorum
1897 1875 1988 1928 Dci

415 1970 628 2030 tempus
690 1959 994 2013 advenerit.
1053 1959 1168 2026 Qua
1228 1975 1324 2032 spe
1398 1971 1658 2032 accepta,
1709 1973 1762 2016 et
1829 1979 1989 2032 quam

415 2051 831 2122 promissionem
873 2051 1249 2121 complendam
1282 2067 1507 2120 sperans
1538 2055 1790 2110 universa
1842 2070 1992 2109 crea-

417 2152 537 2196 tura
587 2141 942 2209 congcmiseit
986 2158 1131 2197 nunc
1169 2144 1384 2198 interim
1431 2153 1615 2215 utpote
1653 2147 1815 2200 etiam
1863 2147 1992 2201 affe-

415 2245 562 2290 ctum
613 2235 820 2290 habens
845 2250 970 2304 erga
1000 2251 1096 2290 cos
1119 2237 1315 2305 quibus
1347 2238 1636 2302 ministrat,
1664 2249 1715 2292 et
1741 2239 1994 2294 condolct

413 2341 509 2396 per
544 2325 858 2397 patientiam
887 2341 1008 2395 quae
1031 2326 1295 2396 promissa
1333 2338 1458 2382 sunt
1498 2344 1740 2398 Sperans.
1775 2329 1992 2386 latuere

415 2417 582 2470 etiam
612 2415 763 2480 illud,
795 2415 842 2470 si
869 2415 1008 2470 forte
1033 2417 1208 2481 aptari
1247 2427 1424 2487 potest
1457 2419 1544 2473 illa
1584 2434 1687 2474 vox
1722 2420 1872 2474 Pauli
1907 2422 1991 2476 his

415 2505 509 2578 qui
559 2505 685 2559 licet
718 2519 821 2558 non
875 2504 1144 2570 volentes,
1178 2521 1275 2575 pro
1305 2505 1581 2561 voluntate
1636 2517 1813 2562 tamen
1877 2511 1992 2579 ejus

415 2594 504 2662 qui
530 2596 777 2664 subjecit,
798 2602 849 2648 et
877 2610 973 2665 pro
1003 2595 1481 2664 repromissionum
1510 2611 1604 2667 Spe
1633 2596 1742 2668 (16)
1766 2600 1990 2653 Vatiilttli

1687 277 2008 335 OlthENiS
2048 281 2206 334 ΠΕΡΙ
2244 285 2475 338 ΑΡΧΩΝ

412 401 568 455 modo
622 399 831 453 videtur
901 399 1214 470 appellare:
1257 417 1275 450 ι
1317 398 1541 452 Vauilas
1584 399 1882 454 vanitatem
1933 407 1988 454 et
2019 403 2061 458 Α
2091 413 2221 455 sane
2239 401 2400 456 ctiam
2419 403 2484 458 de
2518 401 2641 456 luna
2659 403 2897 458 ctsteliis
2915 406 3191 461 sentienda
3210 411 3665 474 suntetdicenda.

417 2686 644 2754 subjecti
684 2694 832 2753 sunt,
857 2702 958 2754 qua
988 2686 1064 2740 ait
1095 2702 1110 2739 :

493 2796 509 2828 ι
535 2777 763 2830 Κάλλιον
783 2776 1044 2830 ἀναλῦσαι
1058 2776 1167 2846 (17)

414 2875 506 2925 καὶ
568 2873 661 2925 σῦν
709 2872 926 2943 Χριστῷ
991 2865 1165 2924 εἶναι’

414 2965 591 3036 πολλῷ
620 2966 722 3043 γᾲρ
756 2966 953 3036 μᾶλλον
987 2967 1170 3036 κρεῖσ-

415 3072 536 3111 σὶνσ
575 3075 592 3108 ι
620 3041 824 3128 νὸμίζω
849 3057 954 3129 γὰρ
979 3059 1059 3111 ὅτι
1083 3057 1170 3110 λέ-

413 3167 497 3218 γσι
527 3148 593 3205 ἂν
615 3152 644 3203 ὁ
665 3151 812 3220 ἥλιος
831 3168 842 3179 ·
879 3170 896 3201 ι
938 3150 1169 3204 Κάλλιον

414 3242 677 3298 ἀναλῦσαι
705 3245 799 3296 καὶ
828 3246 923 3307 σὺν
951 3243 1170 3315 Χριστῷ

413 3335 584 3394 εἶναι·
623 3339 801 3410 πολλῷ
843 3341 949 3413 γὰρ
989 3344 1172 3412 κρεῖσ-

418 3453 527 3490 σον.
561 3454 578 3487 ι
601 3437 711 3490 Καὶ
737 3439 765 3490 ὁ
798 3439 894 3507 μὲν
918 3436 1131 3501 Παῦλος
1154 3455 1166 3467 ·

419 3544 438 3578 ι
481 3526 639 3578 Ἀλλὰ
670 3527 730 3579 τὸ
775 3527 1050 3598 ἐπιμένειν
1105 3531 1170 3599 τῇ

417 3618 577 3688 σαρκὶ
629 3619 1052 3691 ἀναγκαιότερον
1108 3621 1175 3673 δι’

419 3710 581 3779 ὑμᾶς·
609 3728 628 3760 ι
650 3709 678 3762 ὁ
697 3707 752 3762 δὲ
776 3709 945 3781 ἥλιος,
964 3711 1036 3764 Τὸ
1061 3714 1177 3766 ἐπι-

422 3805 600 3876 μένειν
626 3805 703 3878 τῷ
728 3807 963 3879 οὐρλνίῳ
1001 3807 1176 3879 τούτῳ

419 3894 630 3967 σώματι
658 3899 1077 3971 ἀναγκαιότερον
1093 3899 1179 3954 διὰ

429 3997 523 4067 τὴν
565 3992 905 4062 ἀποκάλυψιν
946 3991 1053 4045 τῶν
1095 3991 1184 4042 τέ-

430 4105 574 4140 κνων
633 4086 728 4139 τοῦ
781 4083 936 4138 Θεοῦ.
995 4081 1077 4135 Τὰ
1128 4081 1185 4135 δὲ

431 4181 569 4234 αὐτὰ
607 4180 699 4233 καὶ
745 4178 873 4246 περὶ
925 4176 1186 4247 σελήνης,

432 4269 524 4321 καὶ
546 4267 671 4339 περὶ
690 4267 797 4322 τῶν
817 4266 1022 4321 λοιπῶν
1039 4267 1189 4321 ἀστέ-
1246 4276 1472 4341 sarium,
1485 4285 1704 4346 propter
1719 4273 2005 4329 revelatio-

435 4378 544 4429 ρων
572 4359 810 4414 λεκτέον.

490 4497 533 4528 "
567 4497 716 4554 Eccl.
743 4514 781 4564 t,
807 4501 855 4565 1,
884 4501 970 4557 14.

1319 2799 1336 2831 ι
1403 2779 1656 2850 Optarem
1709 2783 1852 2836 enim
1903 2796 1989 2836 re-

1242 2873 1398 2938 solvi,
1433 2873 1514 2926 vel
1545 2874 1738 2936 redirc,
1779 2883 1831 2928 ct
1871 2887 1992 2928 esse

1240 2979 1360 3018 cmn
1450 2964 1718 3030 Christo;
1825 2965 1992 3018 multo

1241 3057 1382 3109 enim
1409 3055 1600 3109 melius
1631 3054 1761 3127 (18).
1795 3074 1811 3106 ι
1855 3055 1989 3110 Puto

1241 3152 1381 3204 enim
1407 3152 1532 3220 quia
1549 3151 1798 3206 similiter
1821 3152 1990 3221 possit

1241 3249 1403 3301 etiam
1424 3251 1501 3302 sol
1519 3248 1699 3302 dicere
1717 3248 1838 3316 quia
1860 3267 1876 3299 ι
1897 3250 1992 3317 0p-

1244 3351 1413 3396 tarem
1445 3342 1637 3396 resolvi
1657 3342 1735 3396 vel
1755 3343 1926 3397 redire
1939 3352 1994 3398 et

1247 3453 1365 3493 esse
1387 3453 1508 3494 cum
1527 3438 1780 3495 Christo:
1825 3439 1992 3494 multo

1246 3533 1387 3585 enim
1421 3532 1632 3587 melius.
1682 3551 1699 3584 ι
1751 3533 1814 3586 Et
1857 3531 1994 3587 Pauo

1250 3626 1331 3679 lus
1363 3629 1578 3697 quidem
1613 3628 1762 3682 addit
1793 3648 1814 3698 :_
1848 3646 1866 3680 t
1888 3628 1993 3683 Sed

1250 3735 1565 3788 permanere
1591 3721 1644 3775 in
1673 3736 1838 3776 carne
1878 3736 1994 3776 ma-

1248 3809 1328 3879 gis
1362 3811 1728 3866 necessarium
1777 3821 1998 3882 propter

1252 3918 1343 3957 vos
1378 3903 1452 3970 “;
1494 3921 1512 3956 ι
1555 3903 1634 3959 sol
1667 3919 1793 3958 vero
1822 3913 2000 3974 potest

1249 3997 1429 4052 dicere
1473 4014 1488 4052 :
1533 3995 1861 4052 Permanere
1904 4012 1999 4050 au-

1251 4098 1354 4142 tem
1388 4090 1440 4144 in
1474 4089 1576 4144 hoc
1607 4089 1812 4144 caelesti
1841 4098 1895 4143 et
1915 4089 1999 4142 lu-

1249 4181 1369 4236 cido
1389 4196 1613 4251 corpore
1632 4181 1802 4250 magis
1817 4195 2000 4234 neres-

1253 4384 1374 4424 nem
1395 4367 1626 4422 ﬁliorum
1654 4366 1768 4420 Dei.
1802 4365 2002 4420 Eadem

1049 4502 1092 4534 ⁸³
1123 4501 1280 4560 Rom.
1308 4517 1421 4566 vin,
1447 4502 1537 4556 20.
1611 4500 1658 4533 ³⁸
1689 4499 1884 4572 Philip.
1914 4517 1954 4569 ι,
1981 4503 2071 4569 23,
2096 4504 2186 4558 21.

3570 305 3671 362 176

2096 490 2387 546 Videamus
2413 506 2554 546 nunc
2578 507 2696 560 quae
2715 494 2784 546 sit
2807 493 2970 548 etiam
3002 495 3224 552 libertas
3253 509 3535 566 creatum,
3561 505 3670 577 74

2094 583 2180 636 vel
2229 598 2350 652 qua:
2393 585 2663 637 absolutio
2703 585 3004 641 servitutis.
3034 589 3165 644 Cum
3198 593 3479 648 tradiderit
3506 596 3666 651 Chri-

2094 685 2209 731 stus
2241 691 2463 745 regnum
2500 678 2607 732 Deo
2630 689 2684 733 ct
2725 677 2898 746 Patri,
2923 693 3048 739 tunc
3079 697 3240 739 etiam
3281 687 3381 741 ista
3421 690 3667 745 animan-

2097 769 2165 820 tia
2200 784 2323 823 cum
2357 771 2508 836 prius
2532 786 2754 841 regnum
2782 774 2981 830 Christi
3026 775 3222 830 fuerint
3246 777 3461 847 eii‘ccta,
3509 782 3666 838 simul

2092 875 2218 914 cum
2278 863 2425 916 omni
2488 879 2654 932 regno
2706 867 2870 919 etiam
2905 867 3048 922 Patri
3108 873 3376 940 regnanda
3417 872 3524 945 (i9)
3555 884 3667 928 tra-

2106 953 2330 1020 dentur;
2355 964 2412 1008 ut
2441 969 2561 1010 cum
2587 957 2727 1011 Deus
2763 957 2866 1010 erit
2895 960 3076 1013 omnia
3106 961 3158 1016 in
3196 963 3470 1030 omnibus,
3503 967 3666 1019 etiam

2096 1043 2198 1097 ista
2227 1060 2347 1098 cum
2377 1045 2490 1098 sint
2515 1060 2581 1101 ex
2611 1047 2892 1112 omnibus,
2932 1048 3007 1101 sit
3049 1060 3102 1104 ct
3128 1051 3178 1104 in
3209 1051 3327 1106 istis
3357 1053 3498 1108 Deus
3533 1054 3672 1110 sicut

2097 1135 2148 1188 in
2185 1137 2454 1192 omnibus.

2662 1219 2890 1287 «ΑροΤ
2935 1232 3076 1286 vni.

2625 1317 2696 1369 De
2751 1319 2952 1388 angelis
3006 1320 3141 1389 (211).

2166 1407 2216 1460 1.
2252 1406 2427 1460 Simili
2465 1421 2680 1476 quoque
2723 1409 2934 1464 ratione
2970 1411 3135 1464 etiam
3165 1402 3474 1480 de'angelis
3522 1418 3676 1466 uten-

2093 1503 2219 1552 dum
2261 1509 2414 1567 puto,
2449 1515 2547 1554 nec
2581 1500 3002 1555 existimandum
3027 1502 3280 1572 quoniam
3315 1502 3542 1558 fortuito
3587 1518 3676 1557 ac-

2093 1590 2258 1656 cidat,
2288 1600 2342 1644 ut
2379 1589 2452 1644 illi
2477 1591 2668 1660 angelo
2696 1591 2824 1647 illud
2860 1591 3171 1663 injungatur
3211 1592 3448 1647 cilicium
3479 1610 3494 1647 :
3525 1593 3676 1648 verbi

2093 1683 2290 1753 gratia,
2331 1693 2386 1736 ut
2417 1681 2528 1754 (Ἡ)
2563 1683 2837 1754 Raphaelo
2874 1684 3104 1738 curandi
3143 1695 3194 1737 et
3230 1684 3477 1738 medendi
3519 1698 3679 1752 opus,

2093 1775 2346 1830 Gabrielo
2373 1775 2637 1829 bellorum
2661 1777 3021 1845 providentia,
3051 1775 3318 1831 Michaelo
3365 1774 3679 1830 mortalium

2093 1879 2280 1934 preces
2311 1866 2840 1936 supplicationesque
2876 1880 3090 1920 curare.
3134 1865 3257 1920 llaec
3287 1865 3437 1918 enim
3491 1863 3678 1918 ofﬁcia

2093 1959 2460 2027 promeruisse
2495 1973 2588 2013 eos
2618 1973 2723 2012 non
2763 1956 2922 2013 aliter
2951 1957 3246 2025 putandum
3277 1966 3384 2021 est,
3419 1970 3586 2024 quam
3614 1970 3680 2009 ex

2095 2051 2211 2105 suis
2245 2063 2514 2120 quemque
2577 2048 2784 2104 meritis
2815 2057 2870 2103 et
2903 2065 2999 2118 pro
3054 2048 3250 2101 studiis
3276 2064 3341 2102 ac
3387 2047 3685 2102 virtutibus

2093 2157 2212 2210 qua:
2237 2151 2362 2195 ante
2388 2141 2570 2195 mundi
2598 2139 2759 2208 hujus
2788 2153 3106 2209 compagem
3154 2140 3451 2206 gesserint,
3498 2156 3686 2195 susce-

2093 2234 2257 2301 pisse.
2285 2231 2423 2286 Tum
2454 2232 2649 2286 deinde
2680 2231 2789 2303 (2'2)
2821 2233 2870 2285 in
2919 2230 3303 2300 archangelico
3328 2231 3530 2286 ordine
3553 2232 3687 2286 illud

2095 2326 2176 2380 vel
2211 2325 2338 2380 illud
2383 2325 2549 2380 ofﬁcii
2594 2340 2764 2395 genus
2811 2322 3105 2392 unicuique
3146 2322 3504 2391 deputatum;
3551 2323 3690 2378 alios

2096 2433 2223 2473 vero
2275 2420 2327 2472 in
2381 2418 2696 2486 angelorum
2763 2417 2952 2470 ordine
3004 2416 3272 2470 meruisse
3327 2413 3593 2480 describi,
3637 2423 3693 2468 et

2094 2525 2256 2580 agere
2287 2510 2386 2564 sub
2416 2509 2506 2562 illo
2533 2509 2616 2562 vel
2650 2509 2741 2563 illo
2776 2507 3126 2578 archangelo,
3157 2506 3238 2562 vel
3275 2507 3369 2560 illo
3398 2506 3564 2569 duce,
3605 2503 3690 2559 vel

2094 2599 2339 2668 principe
2397 2598 2606 2657 ordinis
2665 2599 2767 2653 sui.
2819 2598 2949 2665 Qua:
3019 2597 3240 2662 omnia,
3297 2605 3357 2650 ut
3400 2595 3544 2663 dixi,
3583 2610 3692 2650 non

2095 2693 2320 2747 fortuito
2351 2701 2517 2761 atque
2555 2692 2850 2756 indiscrete
2875 2731 2890 2755 ,
2933 2693 3028 2746 sed
3079 2691 3363 2760 aptissimo
3391 2699 3450 2744 et
3491 2689 3691 2758 justis-

2095 2785 2232 2837 simo
2256 2781 2348 2837 Dei
2379 2782 2585 2852 judicio
2613 2783 2861 2836 ordinata
2893 2790 3021 2837 sunt
3045 2820 3061 2848 ,
3101 2792 3155 2834 et
3184 2797 3282 2850 pro
3335 2779 3555 2835 meritis
3584 2778 3698 2833 dis-

2094 2876 2269 2946 posita
2322 2876 2436 2944 ipso
2477 2873 2756 2943 judicantc
2813 2882 2868 2927 et
2913 2871 3201 2940 probante;
3247 2881 3297 2924 ut
3341 2871 3419 2926 illi
3467 2870 3693 2940 quidem

2094 2972 2286 3043 angelo
2320 2971 2676 3040 Ephesiorum
2707 2969 2971 3026 committi
3007 2968 3243 3025 Ecclesia
3276 2967 3482 3023 debeat
3503 2968 3575 3030 ³⁸,
3603 2967 3693 3021 .illi

2096 3081 2225 3120 vero
2259 3064 2348 3117 alii
2384 3061 2795 3134 Smyrnensinm
2817 3100 2834 3126 ,
2863 3071 2918 3115 et
2947 3060 3034 3116 ille
3083 3061 3300 3130 quidem
3355 3059 3591 3130 angelus
3638 3068 3698 3113 ut

2097 3159 2165 3212 sit
2195 3157 2375 3223 Petri,
2427 3155 2566 3210 alius
2603 3168 2732 3209 vero
2761 3162 2816 3206 ut
2839 3153 2909 3208 sit
2945 3152 3125 3217 Pauli;
3168 3161 3280 3206 tum
3317 3152 3546 3206 demum
3599 3167 3698 3220 per

2097 3249 2335 3319 singulos
2367 3247 2715 3302 minimarum
2753 3245 2842 3312 qui
2880 3254 3005 3298 sunt
3038 3245 3088 3298 in
3127 3244 3396 3309 Ecclesia,
3464 3244 3562 3312 qui
3617 3242 3699 3297 vel

2097 3342 2188 3411 qui
2220 3340 2419 3396 ascribi
2456 3338 2572 3408 (‘25)
2599 3337 2824 3408 singulis
2876 3338 3108 3393 debeant
3139 3337 3339 3406 angeli,
3391 3337 3489 3405 qui
3526 3335 3700 3390 etiam

2099 3435 2340 3504 quotidie
2363 3432 2583 3488 videant
2615 3430 2806 3486 faciem
2833 3431 2922 3486 Dei
2950 3449 2963 3494 ;
2992 3431 3085 3485 sed
3109 3439 3164 3484 et
3190 3430 3312 3498 quis
3336 3429 3549 3483 debeat
3577 3442 3702 3482 0336

2101 3525 2323 3597 angelus
2347 3525 2438 3594 qui
2483 3523 2783 3579 circumdet
2812 3523 2861 3576 in
2903 3521 3134 3576 circuitu
3165 3520 3478 3572 timentium
3500 3519 3697 3573 Deum.

2101 3619 2230 3686 Quze
2261 3617 2448 3688 utique
2477 3616 2660 3670 omnia
2710 3629 2816 3668 non
2857 3629 3011 3676 casu,
3050 3627 3226 3682 neque
3265 3611 3504 3666 fortuito
3554 3610 3698 3680 geri,

2104 3725 2277 3780 neque
2311 3709 2438 3779 quia
2468 3707 2788 3762 naturaliter
2824 3705 2959 3760 tales
2987 3704 3114 3758 facti
3145 3711 3302 3766 sunt,
3354 3703 3702 3757 existiman-

2102 3803 2226 3856 dum
2266 3809 2370 3863 cst,
2408 3814 2474 3853 ne
2512 3798 2674 3853 etiam
2706 3798 2758 3851 in
2791 3798 2891 3851 hoc
2935 3795 3157 3850 factoris
3215 3792 3574 3871 inaequalitas
3608 3807 3704 3846 au:—

2104 3901 2354 3956 cusetur;
2388 3891 2480 3945 sed
2514 3904 2613 3958 pro
2642 3888 2851 3942 meritis
2875 3897 2928 3941 et
2949 3886 3242 3941 virtutibus
3263 3901 3324 3941 ac
3362 3899 3469 3953 pro
3505 3886 3704 3939 unius-

2105 3985 2366 4054 cujusque
2393 3982 2504 4054 (24)
2529 3982 2716 4051 vigore
2732 3989 2786 4034 et
2805 3980 3024 4050 ingenio
3041 3978 3241 4034 deferri
3266 3993 3295 4031 a
3309 3976 3636 4046 justissima
3651 3987 3702 4031 et

2105 4078 2416 4148 aequissimo
2449 4076 2792 4130 moderatore
2813 4073 3055 4128 omnium
3079 4070 3410 4127 credendum
3439 4080 3531 4126 est
3561 4071 3700 4132 Deo.

2177 4187 2233 4242 2.
2269 4187 2342 4240 De
2369 4185 2453 4240 his
2481 4199 2608 4238 vero
2634 4183 2724 4251 qui
2765 4189 2988 4236 naturas
3031 4195 3156 4236 esse
3187 4181 3465 4249 spiritales
3502 4183 3704 4237 diver—

2109 4293 2198 4334 sas
2222 4276 2512 4340 afﬁrmant,
2543 4273 2744 4344 aliquid
2772 4273 3018 4328 dicamus
3045 4271 3180 4344 (25),
3213 4286 3280 4326 ne
3325 4273 3478 4327 forte
3505 4274 3706 4326 incur-

2113 4383 2296 4424 ramus
2335 4367 2390 4422 in
2427 4366 2546 4419 illas
2572 4365 2780 4434 ineptas
2807 4372 2966 4434 atque
2997 4364 3190 4434 impias
3238 4363 3452 4420 fabulas
3502 4378 3705 4420 eorum

2265 4501 2308 4533 ³⁸
2337 4500 2507 4571 Apoc.
2531 4515 2586 4556 ιι.

489 4610 600 4680 (14)
633 4610 877 4688 l_n_lihris
920 4618 1091 4688 editis
1133 4620 1283 4674 deest
1318 4637 1336 4670 ι
1376 4626 1648 4680 creatura,
1692 4635 1711 4668 ι
1750 4628 1803 4688 et
1858 4617 1988 4688 legi-
2021 4599 2069 4658 Β
2101 4617 2216 4688 Mox
2251 4631 2384 4672 mss.
2429 4635 2446 4668 ι
2491 4626 2548 4669 ιιι
2581 4632 2702 4670 cum
2745 4615 2886 4688 Deus
2919 4616 3023 4688 erit
3046 4615 3237 4688 omnia
3268 4615 3320 4668 iu
3351 4615 3627 4688 omnibus
3682 4635 3700 4666 ι

420 4688 508 4732 tur
539 4699 610 4757 :_t
649 4683 740 4757 ll_la
769 4687 1039 4757 praecipue
1080 4704 1198 4756 qme
1233 4689 1416 4756 utique
1445 4686 1842 4757 tnaximum__in
1889 4683 1992 4742 hoc

420 4753 620 4827 mundo
649 4753 857 4827 obtinet
892 4753 1252 4827 principatum
1280 4753 1466 4827 operis
1489 4757 1572 4810 sui
1599 4772 1613 4821 ;
1643 4766 1696 4810 et
1715 4755 1820 4827 illa
1871 4771 1991 4824 quae

416 4823 654 4898 egregia,
691 4824 740 4876 id
767 4835 846 4885 est
876 4823 953 4880 sol
989 4839 1041 4881 et
1071 4823 1220 4891 luna,
1253 4846 1270 4878 ι
1303 4823 1407 4879 etc.
1449 4825 1505 4878 In
1537 4841 1668 4882 mss.
1697 4823 1905 4894 ,legitur
1933 4833 1990 4879 ut

421 4905 475 4942 ιιι
514 4903 699 4945 nostro
735 4905 902 4949 lmuu.

490 4961 602 5031 (15)
645 4962 737 5018 Sic
777 4981 906 5018 mss.
969 4965 1116 5019 Alias
1177 4984 1194 5015 ι
1257 4964 1546 5033 quomodo.
1593 4979 1619 5015 ς
1683 4965 1802 5020 Mox
1857 4979 1986 5018 mss.

421 5045 442 5080 α
489 5034 893 5103 promittentem
927 5035 1009 5088 his
1038 5037 1126 5103 qui
1157 5049 1260 5087 non
1293 5033 1569 5087 voluntate
1603 5034 1823 5089 vanitati
1861 5038 1989 5087 sub-

418 5101 701 5172 debantur.
754 5123 770 5154 ι
809 5104 862 5157 la
923 5101 1063 5158 libb.
1106 5105 1263 5158 elitis
1319 5117 1417 5171 pro
1458 5121 1476 5154 t
1518 5106 1922 5172 promittentem
1967 5123 1984 5154 ι

417 5169 651 5243 habetur
687 5192 706 5224 ι
741 5176 1089 5243 promittens,
1130 5193 1148 5225 ι
1183 5183 1237 5227 et
1267 5169 1414 5226 deest
1445 5192 1464 5224 ι
1509 5169 1754 5229 vanitati.
1791 5193 1809 5227 ι

488 5241 598 5312 (16)
633 5241 891 5312 εἰςἰιιςε.
920 5243 1076 5298 Lihb.
1109 5245 1257 5308 editi,
1290 5261 1307 5294 ι
1351 5245 1765 5311 repromissione
1795 5245 1927 5312 spei.
1967 5264 1985 5295 ι

487 5311 598 5380 (Η)
639 5311 905 5366 Κάλλιον
934 5312 1233 5367 ἀναλῦσαι
1259 5353 1273 5375 ,
1327 5323 1432 5367 etc.
1465 5312 1584 5366 llaec
1649 5311 1914 5370 habentur
1939 5316 1987 5368 in

411 5381 562 5452 calcc
587 5383 828 5452 epistolae
857 5381 1142 5436 Justiniaui
1181 5385 1520 5452 imperatoris
1550 5385 1614 5436 ad
1644 5384 1872 5438 Menam.

486 5451 598 5520 (l8)
641 5451 778 5503 Puto
816 5455 950 5506 enim
989 5455 1111 5522 quia
1145 5451 1386 5506 similiter
1413 5456 1574 5521 possit
1605 5455 1763 5508 etiam
1791 5453 1872 5508 sol
1899 5456 1976 5507 di-

411 5535 526 5572 cere
554 5522 681 5589 quia
723 5532 956 5588 optarem
1006 5523 1188 5576 resolvi

1256 5523 1336 5576 vel
1393 5525 1564 5576 redire
1604 5536 1651 5577 et
1694 5542 1803 5578 esse
1867 5541 1984 5577 cum

411 5589 650 5663 gltristo;
670 5593 834 5663 multo
855 5595 988 5645 enim
1022 5594 1229 5647 melius.
1263 5592 1326 5645 Et
1352 5590 1553 5648 Paulus
1575 5596 1786 5663 quidem
1811 5597 1985 5648 addit.

413 5657 536 5711 Ilaec
553 5661 601 5712 in
623 5661 907 5715 edit.ntale
931 5667 1127 5717 umis-sa
1151 5665 1441 5720 restituunt
1461 5657 1648 5719 omnes
1664 5665 1876 5719 codices
1891 5680 1991 5717 tus.

500 5735 610 5806 (19)
657 5734 783 5789 MSS.
819 5755 837 5787 t
878 5737 1168 5810 regnanda.
1220 5757 1238 5790 ι
1273 5738 1391 5793 Lib.
1440 5740 1567 5794 editi
1614 5759 1630 5791 t
1676 5741 1927 5808 regenda.
1969 5760 1985 5790 ι

2098 4687 2154 4740 In
2188 4689 2348 4743 editis
2385 4689 2540 4742 deest
2572 4703 2591 4737 t
2641 4687 2846 4740 omnia.
2889 4704 2906 4738 ι
2947 4684 3145 4738 lhidem
3199 4701 3332 4738 mss.
3370 4702 3389 4734 t
3428 4686 3505 4738 sit
3553 4698 3613 4740 et
3651 4689 3706 4738 in

2100 4759 2216 4812 istis
2239 4757 2379 4813 Deus
2396 4758 2536 4812 sicut
2559 4757 2615 4811 in
2640 4756 2910 4810 omnibus.
2941 4775 2960 4807 ι
2986 4753 3040 4808 In
3068 4755 3228 4808 editis
3265 4755 3415 4808 deest
3444 4773 3462 4805 ι
3488 4755 3701 4810 sicut.»

2168 4849 2282 4920 (20)
2319 4849 2394 4920 De
2423 4847 2644 4920 angelis.
2685 4847 2824 4920 Quid
2853 4849 2919 4920 de
2948 4846 3153 4920 angelis
3181 4847 3434 4914 opinatus
3467 4847 3550 4920 s_it
3573 4845 3706 4902 Ori-

2097 4917 2282 4986 genes,
2324 4917 2642 4988 disquiritur
2673 4917 3008 4988 0rigeuian.,
3046 4919 3138 4970 hh.
3170 4932 3233 4988 n_.
3257 4925 3453 4988 quaest.
3490 4918 3550 4972 5.

2170 4989 2283 5057 (21)
2325 4985 2516 5057 11ἱέιιι
2550 4996 2607 5041 et
2633 4985 2795 5055 paulo
2845 4994 2961 5057 post
3016 5001 3113 5054 pro
3150 5006 3164 5036 ι
3203 4985 3471 5055 Raphaeli
3506 5026 3520 5051 ,
3589 4985 3705 5057 Ga-

2099 5055 2273 5123 brieli,
2321 5056 2605 5127 Michaeli,
2645 5077 2663 5110 ι
2695 5057 2896 5127 legitur
2952 5056 3003 5108 in
3048 5056 3298 5110 omnibus
3322 5071 3451 5110 mss.
3515 5074 3535 5106 ι
3592 5055 3710 5110 Ra-

2100 5128 2315 5198 pbaelo,
2347 5126 2618 5191 Gabrielo,
2655 5125 2940 5181 Micltaelo.
2973 5145 2991 5177 ι

2171 5218 2282 5287 (22)
2316 5219 2404 5274 Sic
2430 5235 2558 5276 mss.
2584 5220 2754 5285 Alias,
2786 5235 2805 5269 ι
2839 5217 3145 5287 suscepisse
3182 5225 3361 5272 tamen
3397 5216 3636 5274 deinde.
3680 5235 3702 5270 ι

2171 5285 2284 5360 (Ξό)
2321 5289 2413 5360 §ic
2448 5305 2575 5343 mss.
2612 5291 2782 5352 Alias,
2816 5307 2834 5340 t
2874 5285 3164 5360 cous’cribi.
3214 5306 3234 5340 ι

2170 5356 2282 5430 (2-1)
2318 5357 2423 5412 Pro
2469 5360 2895 5429 uniusz'ttjusque.
2951 5356 3045 5430 Sic
3098 5372 3288 5412 omnes
3340 5371 3507 5430 mss._
3541 5356 3710 5430 Libri

2099 5425 2227 5483 editi
2264 5425 2281 5481 ι
2331 5431 2566 5498 praemiis
2614 5425 2901 5498 cujusque.
2939 5445 2957 5478 ι
3000 5425 3118 5478 Mox
3157 5442 3288 5498 mss.
3341 5447 3358 5477 ι
3416 5443 3442 5478 a
3484 5427 3712 5496 justis-

2097 5502 2236 5552 εἰηιο
2275 5497 2341 5552 ει
2371 5497 2693 5568 aequissimo
2735 5497 3093 5552 tno'lcratore.
3142 5516 3162 5548 ι
3222 5497 3279 5551 in
3343 5497 3476 5552 libb.
3523 5498 3712 5551 editis

2101 5571 2249 5623 deest
2284 5587 2302 5621 t
2339 5581 2394 5624 et
2419 5570 2740 5638 aequissimo.
2783 5588 2801 5620 ι

2176 5663 2287 5732 (‘25)
2323 5661 2394 5716 De
2421 5662 2501 5715 Itis
2535 5677 2653 5716 vero
2689 5661 2778 5731 qui
2809 5669 3027 5714 naturas
3071 5676 3180 5713 esse
3214 5659 3478 5725 spiritales
3517 5662 3715 5716 diuer-

2099 5756 2183 5792 sas
2211 5741 2473 5808 afﬁrmant
2513 5738 2714 5808 aliquid
2752 5739 3007 5792 dicamus.
3039 5737 3164 5792 Haec
3198 5739 3395 5796 desunt
3436 5741 3497 5795 in
3535 5743 3708 5797 libris
