3992 6528
258 396 357 458 177

251 627 278 662 c
299 604 608 661 institoribus
635 607 936 673 institutas,
956 616 1061 660 tam
1080 608 1131 661 in
1148 609 1458 665 coelestibus
1476 626 1635 679 quam
1655 612 1816 666 etiam

252 699 377 751 inter
391 697 602 752 animas
618 697 895 753 hominum
919 700 1156 768 ﬁngunt;
1179 701 1305 753 dum
1334 710 1387 755 et
1415 702 1508 754 uni
1534 702 1818 772 eidemque

243 800 278 846 c
294 788 499 842 mditori
518 790 763 846 diversas
782 800 1001 846 naturas
1019 791 1418 845 rationabilium
1437 804 1814 848 creaturarum

244 881 392 934 ascrii
418 882 432 934 i
462 881 678 936 videtur
710 884 1026 948 absurdum,
1058 886 1198 938 sicut
1226 899 1349 938 vere
1379 887 1672 941 absurdum
1710 898 1815 949 est,

243 979 295 1024 et
317 985 534 1026 causam
564 981 747 1027 tamen
778 975 896 1042 ejus
932 976 1267 1032 diversitatis
1322 979 1597 1046 ignorant.
1651 980 1815 1034 Aiunt

243 1063 375 1115 enim
414 1079 760 1133 consequens
792 1082 899 1121 non
947 1069 1118 1123 videri
1172 1080 1229 1124 ut
1273 1087 1410 1125 unus
1462 1080 1623 1140 atque
1676 1072 1813 1125 idem

240 1155 481 1209 conditor
517 1156 665 1209 nulla
693 1165 943 1213 exstante
980 1173 1145 1213 causa
1191 1162 1535 1225 meritorum,
1564 1162 1685 1217 aliis
1717 1178 1813 1230 po-

240 1256 478 1301 testatem
515 1248 906 1304 dominationis
949 1250 1221 1321 injnngat,
1256 1253 1390 1306 alios
1430 1252 1681 1319 subjiciat
1721 1255 1813 1309 do-

240 1338 589 1401 minantibus,
640 1339 762 1393 aliis
801 1342 1003 1393 tribuat
1043 1342 1426 1410 principatum,
1475 1343 1610 1397 alios
1636 1344 1813 1411 subje-

236 1438 343 1481 ctos
372 1428 541 1482 faciat
572 1430 913 1499 principibus
943 1448 1081 1486 esse.
1136 1433 1261 1499 Qua
1292 1433 1477 1502 utique
1511 1436 1714 1499 omnia,
1756 1445 1814 1488 ut

235 1520 662 1587 cgo‘existimo,
727 1524 1117 1591 consequentia
1158 1524 1384 1578 rationis
1432 1525 1590 1592 lmjus
1648 1540 1809 1594 quam

234 1627 380 1679 supra
435 1614 833 1682 exposuimus,
880 1616 1151 1685 redarguit
1197 1624 1359 1684 atque
1406 1617 1670 1683 confutat,
1719 1634 1812 1686 per

233 1720 378 1770 quam
405 1719 579 1759 causa
604 1706 939 1760 diversitatis
967 1721 1032 1760 ac
1052 1708 1329 1762 varietatis
1356 1709 1409 1763 in
1433 1710 1662 1779 singulis
1689 1713 1809 1778 qui-

232 1797 426 1865 basque
477 1797 751 1852 creaturis
811 1798 1114 1852 ostenditur
1155 1814 1220 1852 ex
1271 1800 1507 1867 ipsarum
1576 1800 1810 1855 motibus

231 1888 301 1940 vel
327 1889 763 1953 ardentioribus,
795 1888 876 1943 vel
905 1889 1258 1958 pigrioribus,
1298 1891 1594 1944 secundum
1639 1892 1808 1943 virtu-
1844 1881 1881 1935 Β

230 1995 345 2043 tem,
382 1982 473 2034 vel
506 1980 806 2035 secundum
854 1980 1151 2045 malitiam,
1197 1995 1302 2034 non
1333 1996 1399 2034 ex
1444 1981 1810 2049 dispensantis

228 2075 599 2145 ina-qualitate
630 2074 981 2129 descendere.
1037 2074 1143 2129 Sed
1184 2090 1290 2144 quo
1325 2074 1537 2130 facilius
1572 2078 1685 2131 hare
1738 2082 1808 2130 ita

226 2181 331 2221 esse
361 2167 416 2220 iu
453 2167 775 2222 caelestibus
818 2176 1218 2237 agnoscantur,
1249 2168 1314 2221 de
1364 2167 1447 2221 his
1486 2183 1607 2237 qua:
1666 2169 1811 2222 inter

227 2262 465 2315 homines
516 2271 671 2331 gesta
738 2273 907 2327 sunt,
958 2262 1041 2315 vel
1105 2272 1405 2330 gerantur,
1464 2262 1809 2330 proferamus

224 2353 464 2422 exempla
509 2394 525 2419 ,
590 2362 648 2407 ut
695 2364 1099 2422 consequenter
1144 2368 1210 2407 ex
1273 2353 1578 2408 visibilibus
1645 2355 1807 2408 etiam

226 2444 525 2498 invisibilia
581 2442 1020 2510 contemplemur
1097 2441 1231 2514 (26).
1292 2442 1517 2496 Paulum
1570 2442 1653 2495 vel
1712 2441 1810 2495 Pe-

227 2545 353 2588 trum
410 2537 541 2589 sine
598 2535 764 2590 dubio
818 2535 1082 2604 spiritalis
1145 2544 1354 2588 natura:
1399 2533 1566 2587 fuisse
1621 2533 1812 2587 conﬁr-

226 2637 380 2682 mant.
442 2627 583 2680 Cum
647 2642 779 2696 ergo
829 2639 1019 2681 contra
1076 2627 1329 2693 pietatem
1397 2625 1594 2680 Paulus
1634 2628 1810 2695 egisse

224 2720 568 2781 inveniatur,
638 2721 689 2772 in
736 2732 801 2773 eo
867 2720 1012 2788 quod
1085 2728 1405 2788 persecutus
1466 2728 1551 2772 est
1626 2719 1782 2772 Eccle

222 2814 347 2866 siam
400 2810 501 2864 Dei
528 2810 605 2877 ἐς
646 2825 882 2879 cumque
935 2809 1131 2864 Petrus
1188 2820 1467 2879 peccatum
1499 2821 1605 2865 tam
1646 2827 1808 2881 grave

222 2901 576 2965 commiserit,
603 2910 659 2952 ut
682 2899 876 2954 ancilla
910 2901 1133 2954 ostiaria
1176 2902 1545 2970 interrogante
1596 2918 1653 2956 se
1685 2919 1805 2957 cum

217 2993 529 3061 jnramento
554 2992 846 3047 afﬁrmarit
876 2994 1083 3048 nescire
1118 3009 1176 3049 se
1223 2995 1345 3063 quis
1379 2996 1449 3048 sit
1476 2996 1805 3062 Christus”;

220 3088 491 3156 quomodo
520 3086 611 3140 isti
652 3087 744 3156 qui
778 3088 1082 3140 secundum
1112 3087 1231 3142 illos
1263 3088 1533 3156 spiri:ales
1564 3099 1710 3155 sunt,
1755 3090 1804 3144 in

219 3189 438 3246 peccata
486 3178 795 3247 hnjnsmodi
855 3189 1214 3233 corruerunt:
1264 3180 1499 3234 maxime
1553 3197 1672 3235 cum
1721 3198 1808 3235 so-

221 3268 355 3325 leant
420 3270 733 3339 frequenter
784 3285 1032 3324 asserere
1059 3269 1168 3341 (2'?)
1208 3280 1260 3324 ct
1309 3271 1486 3325 dicere
1546 3274 1800 3340 quoniam

224 3384 240 3415 ι
275 3380 389 3419 non
418 3373 594 3433 potest
618 3363 782 3417 arbor
810 3365 951 3417 bona
992 3364 1161 3418 malos
1213 3364 1422 3418 fructus
1469 3367 1743 3422 facere“?
1779 3388 1796 3421 ι

224 3458 345 3510 Etsi
388 3458 572 3523 utique
605 3457 774 3509 arbor
829 3456 966 3508 bona
1008 3472 1109 3510 non
1142 3466 1317 3524 pulest
1373 3458 1581 3514 fructus
1631 3460 1802 3513 malos

221 3547 424 3613 facere,
455 3548 754 3601 secundmn
795 3550 939 3617 ipsos
966 3565 1092 3604 vero
1119 3551 1185 3603 de
1218 3551 1399 3604 radice
1444 3552 1599 3605 bona:
1638 3553 1799 3607 arbo-

224 3639 290 3692 ris
314 3650 476 3692 erant
509 3639 705 3693 Petrus
736 3650 789 3693 et
828 3638 1046 3702 Paulus,
1089 3640 1359 3707 quomodo
1401 3643 1537 3695 istos
1590 3642 1800 3697 fructus

224 3739 323 3784 tam
356 3733 627 3801 pessimos
652 3732 902 3787 attulisse
940 3735 1165 3800 putandi
1206 3734 1375 3787 sunt?
1426 3734 1579 3800 Quod
1628 3736 1672 3790 si
1716 3752 1803 3790 re-

223 3825 543 3891 sponderint
572 3841 635 3879 ea
664 3841 784 3894 quze
810 3824 1144 3881 comminisci
1184 3828 1380 3894 solent,
1422 3828 1675 3897 quoniam
1705 3843 1811 3883 non

225 3916 427 3970 Paulus
477 3927 801 3985 persecutus
853 3927 965 3982 est,
1002 3921 1095 3973 sed
1146 3919 1283 3973 alius
1333 3920 1517 3973 nescio
1552 3920 1673 3988 quis
1719 3922 1809 3988 qui

224 4020 334 4064 erat
370 4009 421 4062 in
451 4008 651 4073 Paulo;
686 4025 861 4081 neque
891 4010 1080 4065 Petrus
1113 4013 1349 4081 negavit,
1394 4013 1486 4066 sed
1529 4011 1667 4065 alius
1712 4026 1810 4066 nc-

226 4099 503 4169 gavit(28)
535 4100 589 4153 in
622 4099 783 4153 Petro
810 4117 824 4154 :
855 4114 1026 4169 quare
1072 4100 1270 4154 Paulus
1300 4100 1346 4155 si
1375 4101 1506 4154 nihil
1550 4117 1811 4170 peccave-

227 4200 324 4253 rat,
356 4191 487 4243 dixit
515 4192 646 4260 quia
687 4209 707 4242 ι
747 4188 864 4243 Νοιι
897 4207 1015 4245 sum
1042 4190 1238 4259 dignus
1268 4192 1451 4245 vocari
1510 4192 1804 4262 apostolus,

227 4283 472 4349 quoniam
500 4292 820 4351 persecutus
856 4298 972 4337 sum
999 4283 1295 4338 Ecclesium
1329 4283 1499 4337 Dei”.
1534 4302 1551 4335 ι
1580 4283 1687 4338 Cur
1709 4283 1807 4338 aui

232 4384 327 4426 tem
360 4384 412 4428 ει
436 4373 631 4429 Petrus
664 4374 773 4428 alio
800 4385 1063 4444 peccante
1097 4377 1209 4444 ipse
1242 4374 1389 4430 ﬂevit
1428 4374 1809 4429 amarissime?

1621 404 1824 459 LIBER
1865 404 2136 460 PRIMOS.

252 515 337 586 qui
366 521 584 568 naturas
620 512 899 583 spiritales
932 513 1177 571 diversas
1208 524 1256 569 et
1288 517 1357 571 ob
1397 517 1499 571 hoc
1531 534 1557 571 a
1591 519 1819 573 diversis
1852 524 1891 578 Α

3400 423 3499 477 178

1995 519 2045 571 5.
2080 519 2386 576 Secundum
2425 537 2520 577 nos
2549 536 2675 577 vero
2706 523 2836 579 nihil
2874 533 2956 580 est
2994 527 3043 580 in
3087 527 3233 581 omni
3266 531 3502 584 rationa-

1929 610 2015 661 bili
2050 623 2322 676 crcatnra,
2378 616 2518 683 quod
2577 633 2681 669 non
2738 629 2843 671 tam
2890 621 3013 674 boni
3065 635 3224 689 quam
3268 624 3390 676 mali
3430 627 3499 679 sit

1926 714 2114 766 capax.
2148 702 2253 757 Sed
2290 720 2392 757 non
2424 706 2704 769 continuo,
2732 708 2853 775 quia
2885 710 3117 764 dicimus
3148 712 3260 781 (‘29)
3302 713 3499 766 nullam

1924 805 2043 842 esse
2074 802 2322 847 naturam
2351 810 2470 864 quae
2503 811 2606 849 non
2639 798 2808 864 possit
2862 801 3104 868 recipere
3154 803 3373 868 malum,
3417 804 3501 857 id-

1924 882 2072 934 circo
2111 883 2500 940 confirmamus
2536 902 2750 942 onmem
2792 900 3038 944 naturam
3082 895 3351 963 recepisse
3386 908 3501 948 ma-

1925 972 2056 1037 lum,
2091 974 2141 1025 id
2183 984 2264 1028 est
2295 976 2488 1030 malam
2528 977 2807 1045 effectam;
2848 982 2985 1035 sicut
3011 994 3091 1036 est
3121 986 3297 1039 dicere
3360 990 3502 1056 quod

1922 1066 2099 1118 omnis
2142 1066 2376 1121 hominis
2417 1078 2606 1122 natura
2663 1073 2868 1140 recepit
2911 1085 2966 1126 ut
3009 1078 3176 1143 possit
3224 1078 3499 1146 navigare,

1925 1173 2027 1209 non
2072 1166 2253 1211 tamen
2286 1174 2351 1211 ex
2380 1173 2445 1213 eo
2478 1161 2637 1213 etiam
2680 1164 2857 1217 omnis
2896 1165 3057 1219 homo
3095 1167 3400 1233 navigabit;
3446 1179 3501 1222 ct

1924 1250 2116 1303 iterum
2142 1251 2289 1303 omni
2330 1251 2531 1306 homini
2562 1252 2667 1323 75
2712 1256 2964 1323 possibile
2992 1259 3297 1314 estdisccre
3326 1272 3497 1315 artem

1920 1342 2330 1410 grammaticam
2354 1343 2437 1397 vel
2469 1347 2817 1411 medicinam,
2846 1363 2950 1400 non
2987 1358 3163 1403 tamen
3184 1351 3387 1405 idcirco
3407 1367 3498 1407 os-

1922 1433 2156 1487 tenditur
2185 1434 2360 1488 omnis
2396 1436 2581 1499 homo,
2613 1436 2699 1489 vel
2729 1437 2969 1492 medicus
3020 1454 3159 1505 esse,
3207 1443 3287 1495 vel
3320 1459 3500 1511 gram-

1921 1526 2152 1580 maticus
2184 1544 2196 1578 :
2228 1529 2298 1580 ita
2338 1528 2380 1581 si
2415 1528 2647 1582 dicimus
2689 1529 2889 1583 nullam
2926 1546 3049 1585 esse
3099 1543 3347 1587 naturam
3380 1548 3499 1603 quae

1920 1632 2025 1671 non
2062 1617 2229 1686 possit
2277 1618 2522 1687 recipere
2583 1619 2806 1687 malum,
2846 1637 2950 1675 non
2999 1631 3175 1677 tamen
3241 1626 3500 1679 continuo

1919 1708 2082 1762 etiam
2116 1710 2385 1777 recepisse
2416 1711 2616 1763 malum
2662 1711 3003 1781 designatur.
3062 1715 3366 1769 Secundum
3400 1733 3499 1771 nos

1921 1815 2149 1871 namque
2163 1817 2227 1855 ne
2241 1802 2484 1858 diabolus
2505 1804 2720 1872 quidem
2738 1806 2851 1873 ipse
2872 1807 3097 1876 incaan
3112 1808 3208 1861 fuit
3222 1809 3343 1863 boni
3360 1806 3495 1881 (50):

1913 1909 2018 1948 non
2086 1904 2263 1949 tamen
2319 1896 2522 1950 idcirco
2574 1898 2697 1965 quia
2748 1900 2920 1967 potuit
2976 1902 3215 1969 recipere
3274 1901 3495 1966 bonum,

1912 1985 2076 2040 etiam
2134 1985 2326 2050 voluit,
2376 1988 2457 2041 vel
2494 1989 2679 2042 virtuti
2712 2004 2932 2057 operam
2977 1992 3139 2045 dedit.
3172 1990 3321 2046 Sicut
3352 1994 3495 2047 enim

1913 2091 2010 2145 per
2060 2078 2173 2131 haec
2225 2092 2345 2147 quae
2399 2079 2465 2132 de
2518 2080 2799 2148 prophetis
2852 2080 3099 2149 exempla
3150 2082 3494 2150 protulimus,

1913 2169 2198 2233 cdocelur,
2233 2170 2337 2221 fuit
2373 2169 2668 2238 aliquando
2728 2169 2923 2233 bonus,
2971 2187 3093 2225 cum
3147 2173 3198 2225 in
3246 2172 3497 2241 paradiso

1914 2260 2006 2313 Dei
2045 2260 2095 2313 in
2133 2261 2311 2315 medio
2344 2261 2629 2315 cherubim
2660 2272 2997 2316 versaretur.
3028 2261 3180 2317 Sicut
3217 2279 3351 2333 ergo
3392 2265 3495 2319 iste

1914 2351 2102 2405 habuit
2136 2352 2352 2420 quidem
2383 2353 2433 2407 in
2470 2368 2527 2408 se
2554 2353 2637 2407 vel
2670 2354 2885 2409 virtutis
2912 2355 3235 2423 recipiendae
3266 2357 3345 2410 vel
3374 2374 3492 2411 ma-

1915 2443 2037 2499 Ιίιὶιε
2068 2442 2401 2505 facultatem,
2428 2451 2481 2496 ει
2512 2459 2539 2496 a
2567 2445 2767 2497 virtute
2794 2445 3070 2499 declinans
3096 2457 3202 2501 tota
3234 2462 3292 2502 se
3315 2459 3495 2502 mente

1912 2535 2179 2588 convertit
2228 2534 2294 2587 ad
2345 2534 2542 2588 malum
2587 2553 2599 2588 :
2640 2535 2711 2588 ita
2764 2536 2926 2591 etiam
2984 2546 3186 2593 caetera:
3228 2549 3495 2594 creatura:

1912 2643 2034 2681 cmn
2066 2627 2351 2696 utriusque
2387 2626 2624 2683 habeant
2673 2628 3019 2697 facultatem,
3067 2646 3163 2699 pro
3195 2632 3402 2695 arbitrii
3434 2633 3495 2688 li—

1912 2719 2119 2774 bertate
2183 2720 2451 2789 fugientes
2502 2720 2722 2783 malum,
2777 2721 3055 2775 adiutarent
3106 2725 3267 2779 bono.
3332 2722 3490 2779 Nulla

1913 2812 2077 2880 igitur
2100 2821 2291 2865 natura
2318 2820 2402 2866 est
2428 2827 2546 2881 quae
2586 2827 2696 2866 non
2748 2812 2973 2881 recipiat
3029 2816 3227 2869 bunum
3259 2817 3341 2870 vel
3374 2831 3491 2869 ma-

1914 2904 2046 2967 lum,
2070 2913 2299 2972 excepta
2334 2905 2425 2959 Dei
2458 2915 2651 2959 natura
2679 2922 2798 2978 qua:
2826 2907 3088 2962 bonorum
3110 2909 3348 2962 omnium
3375 2909 3493 2965 fons

1912 3007 2027 3060 est,
2063 3004 2119 3057 et
2151 2996 2385 3061 Christi;
2430 2996 2695 3066 sapientia
2762 2998 2905 3053 enim
2952 3006 3055 3065 εει,
3112 3010 3169 3053 ει
3223 3000 3490 3068 sapientia

1917 3088 2100 3155 utique
2134 3084 2421 3142 stultitiam
2482 3085 2722 3154 recipere
2767 3103 2873 3141 non
2917 3098 3094 3155 potest
3131 3088 3241 3158 (51)
3272 3103 3287 3140 :
3322 3097 3376 3143 et
3405 3089 3494 3156 ju~

1912 3182 2057 3235 stitia
2089 3189 2199 3245 est;
2222 3176 2432 3247 jnstitia
2463 3184 2640 3229 autem
2687 3193 2957 3247 nunquam
3002 3178 3243 3247 profecto
3277 3178 3492 3247 injusti-

1913 3278 2042 3332 tiam
2071 3273 2284 3343 capiet:
2316 3279 2369 3325 et
2405 3268 2641 3327 Verbum
2671 3280 2787 3333 est,
2815 3270 2901 3324 vel
2935 3273 3092 3335 ratio,
3139 3284 3262 3339 quae
3302 3271 3493 3340 utique

1910 3366 2297 3423 irrationabilis
2333 3366 2474 3420 effici
2529 3379 2634 3417 non
2687 3370 2882 3430 potest.
2916 3361 3023 3417 Sed
3062 3372 3116 3415 et
3152 3361 3242 3416 lux
3275 3371 3391 3427 cst,
3435 3371 3493 3415 ct

1906 3461 2079 3513 lucem
2110 3467 2316 3512 certmn
2372 3466 2456 3511 est
2506 3456 2650 3525 quod
2685 3454 2921 3508 tonebra:
2970 3468 3076 3508 non
3126 3455 3487 3522 comprehen—

1908 3554 2059 3606 dant.
2120 3549 2388 3605 Similiter
2440 3564 2658 3619 quoque
2698 3558 2753 3602 et.
2796 3557 2988 3602 natura
3029 3546 3264 3616 Spiritus
3312 3550 3487 3604 sancti

1904 3658 2023 3712 quae
2054 3652 2242 3697 sancta
2300 3650 2404 3707 est,
2448 3655 2553 3695 non
2604 3638 2796 3707 recipit
2835 3636 3221 3706 pollutionem;
3265 3643 3487 3689 natura-

1912 3738 2036 3790 liter
2060 3736 2229 3798 enim,
2264 3734 2348 3789 vel
2384 3731 2819 3788 substantialiter
2881 3738 3069 3783 sancta
3124 3737 3227 3782 est.
3276 3727 3331 3781 Si
3383 3743 3487 3796 qua

1911 3839 2091 3884 autem
2154 3828 2255 3882 alia
2323 3836 2516 3881 natura
2581 3832 2765 3878 sancta
2831 3832 2945 3889 est,
3000 3836 3067 3876 ex
3119 3822 3491 3892 assumptione

1913 3926 2014 3977 hoc
2042 3920 2177 3995 ('52),
2219 3920 2305 3974 vel
2340 3918 2692 3988 inspiratione
2724 3916 2968 3985 Spiritus
3007 3915 3179 3969 sancti
3226 3914 3391 3968 habet
3431 3922 3489 3965 nt

1912 4010 2306 4073 sanctiﬁcetnr,
2340 4022 2446 4062 non
2477 4022 2543 4060 ex
2578 4022 2671 4061 sna
2706 4016 2902 4059 natura
2931 4006 3034 4060 hoc
3064 4004 3365 4074 possidens,
3392 4003 3486 4057 sed

1913 4100 2169 4155 accidens
2200 4098 2326 4164 sibi,
2355 4105 2577 4165 propter
2602 4096 2747 4164 quod
2774 4106 2830 4150 et
2855 4096 3108 4151 decidere
3137 4104 3317 4164 potest
3342 4095 3485 4164 quod

1913 4191 2128 4246 accidit.
2150 4190 2224 4243 Ita
2244 4187 2922 4256 etaccidentemjustitiam
2941 4189 3061 4256 quis
3076 4187 3273 4239 habere
3288 4193 3489 4255 potest,

1915 4283 2055 4338 unde
2075 4291 2129 4337 ει
2154 4280 2404 4336 decidere
2452 4293 2569 4333 eam
2616 4277 2872 4346 possibile
2915 4288 3016 4332 est.
3050 4276 3154 4331 Sed
3187 4286 3243 4331 et
3278 4276 3493 4346 sapien-

1918 4376 2045 4428 tiam
2079 4374 2201 4443 quis
2228 4372 2567 4427 accidentem
2628 4367 2980 4423 nihilominus
3027 4369 3210 4435 habet,
3242 4367 3491 4437 quamvis

232 4461 299 4515 Ex
332 4478 440 4533 quo
461 4478 657 4519 omnes
703 4466 922 4532 quidem
961 4463 1173 4518 illorum
1224 4464 1439 4535 ineptia:
1493 4473 1807 4534 urguentur.
1846 4457 1888 4511 D
1920 4465 1971 4517 iu
2003 4473 2186 4517 nostra
2230 4464 2463 4531 positum
2516 4462 2589 4516 sit
2635 4468 2933 4530 potestate,
2988 4458 3171 4513 studio
3226 4465 3410 4511 nostro
3437 4463 3492 4509 et

306 4700 543 4757 “Galat.
572 4718 613 4765 ι,
642 4701 727 4754 15.
805 4701 848 4732 ³⁷
885 4700 1070 4754 Matth.
1102 4716 1249 4764 xxvi,
1273 4699 1363 4754 72.

232 4868 373 4912 antea
413 4858 600 4919 editis,
654 4858 751 4912 sed
806 4857 1073 4911 habentur
1123 4857 1173 4909 in
1210 4855 1462 4909 omnibus
1514 4871 1642 4910 mss.
1677 4854 1811 4910 Per—

234 4930 435 4998 stringit
490 4932 597 4983 hoc
634 4930 752 4998 loco
807 4927 1083 4998 Origenes
1118 4926 1523 4998 Valentinianos
1575 4940 1806 4998 quorum

238 4996 451 5066 ineptias
505 4999 669 5051 refert
737 4996 972 5051 lren:eus
1032 4996 1123 5050 lib.
1182 5013 1196 5049 ι
1247 4996 1507 5049 Adversus
1561 4996 1808 5059 Ita'rcses,

236 5084 348 5135 cap.
376 5069 423 5126 6.
462 5069 630 5122 Paulo
687 5068 822 5121 infra
864 5083 991 5120 mss.
1034 5085 1053 5117 ι
1108 5076 1162 5119 ει
1199 5080 1417 5120 causam
1468 5076 1644 5119 tamen
1694 5067 1811 5131 ejus

238 5139 556 5193 diversitatis
608 5141 881 5207 ignorant.
910 5154 937 5207 Δι
975 5135 1114 5189 Editi
1177 5151 1327 5200 vero,
1365 5152 1381 5185 ι
1419 5145 1473 5188 ει
1512 5151 1676 5191 causa
1723 5144 1806 5189 ta-

240 5223 353 5259 men
390 5211 505 5277 ejns
537 5205 879 5277 diversitatis
906 5205 1211 5274 ignoratur.
1249 5225 1267 5257 ι

306 5273 508 5348 (26)]ιίι
546 5294 679 5331 Inss.
708 5275 887 5348 Alias,
919 5273 1424 5345 (contemplemur.
1471 5294 1488 5326 ι
1527 5273 1643 5348 Mox
1683 5274 1811 5329 libb.

242 5346 430 5413 editi”
499 5347 769 5417 spiritalis
834 5355 1069 5417 natura;
1101 5347 1453 5417 confirmant.
1505 5346 1638 5397 Cum
1685 5361 1815 5415 ergo

243 5419 388 5472 inulta
416 5413 614 5474 contra
648 5418 929 5486 pietatem.
965 5434 983 5466 ι
1023 5413 1148 5470 Mss.
1185 5427 1242 5468 nt
1272 5416 1322 5466 in
1353 5425 1539 5470 nostro
1573 5423 1741 5468 textu.

309 5488 407 5555 (Ξῖ)
444 5489 607 5542 Libb.
639 5485 794 5550 editi,
835 5504 855 5537 ι
897 5485 1188 5555 disserere.
1232 5504 1249 5536 ι

312 5553 410 5627 (28)
447 5559 552 5613 Sed
590 5558 731 5611 alius
769 5555 993 5625 negavit.
1027 5554 1152 5609 Haec
1190 5556 1386 5617 desunt
1415 5556 1467 5608 in
1500 5562 1659 5610 antea
1699 5553 1813 5608 edi-

246 5626 328 5686 lis.
351 5626 619 5683 habentur
654 5638 837 5681 autem
870 5628 921 5679 in
956 5640 1087 5681 mss.

316 5699 411 5764 (ΞΒ)
444 5699 575 5751 Mss.
615 5718 631 5748 ι
680 5698 932 5751 dicimus.
964 5715 983 5748 ι
1020 5695 1177 5749 Libb.
1228 5694 1379 5760 editi,
1420 5714 1437 5745 ι
1480 5694 1734 5750 diximus.
1790 5714 1808 5745 ι

248 5766 400 5822 Paulo
428 5770 571 5823 infra
602 5769 737 5823 libb.
760 5766 917 5831 editi,
951 5784 968 5816 ι
1018 5781 1123 5819 non
1158 5774 1341 5820 tamen
1372 5782 1439 5822 ex
1465 5780 1529 5822 eo
1558 5774 1612 5821 et
1638 5766 1815 5821 omnis

252 5839 523 5909 navigabit.
570 5857 589 5889 ι
622 5836 753 5893 Mss.
791 5850 853 5891 ιιι
884 5836 937 5890 in
970 5844 1155 5892 nostro
1187 5843 1353 5891 textu.

1439 4700 1482 4730 ³⁸
1512 4699 1702 4755 Matth.
1728 4698 1827 4768 vit,
1858 4702 1937 4754 l8.

2017 4697 2059 4727 ’θ
2091 4697 2104 4749 Ι
2130 4696 2255 4749 Cor.
2283 4711 2373 4759 xv,
2400 4697 2451 4749 9.

1996 4850 2222 4921 (50)7Ne
2272 4848 2514 4921 diabolus
2548 4846 2927 4921 guidenripm
2954 4846 3180 4913 incupax
3218 4844 3316 4921 [uit
3348 4845 3489 4921 bon}.

1921 4915 2256 4976 Aliud'forte
2288 4920 2417 4972 vidit
2451 4919 2503 4971 in
2538 4915 2724 4972 Grmco
2757 4917 3119 4985 Hieronymus
3151 4918 3240 4984 qui
3292 4918 3343 4968 in
3374 4915 3485 4984 epi-

1919 4992 2061 5046 stola
2097 4990 2160 5044 ad
2198 4989 2414 5042 Avitum
2462 4988 2631 5040 refert
2661 4986 2945 5056 Origencm
2996 4985 3290 5039 asseruisse
3328 5002 3346 5034 ι
3373 4987 3486 5037 dia-

1920 5063 2102 5115 bolum
2140 5075 2245 5113 non
2285 5060 2595 5127 incapacem
2627 5071 2745 5111 esse
2775 5057 3014 5127 virtutis,
3066 5065 3118 5108 ει
3149 5066 3325 5127 tamen
3366 5068 3490 5107 nec-

1919 5133 2044 5185 dum
2064 5130 2197 5183 vellc
2225 5123 2423 5197 capere
2448 5128 2724 5197 virtutem,
2745 5146 2763 5177 ι
2796 5130 2945 5197 quasi
2974 5123 3491 5197 ipnneretAdatnan-

1919 5204 2027 5255 tius
2061 5201 2182 5273 fore
2222 5192 2617 5273 tit-aliquando
2648 5196 2775 5273 vel-it
2816 5192 3069 5247 diabolus
3099 5208 3291 5273 capere
3322 5192 3491 5273 virtu-

1926 5282 2051 5325 tem.
2086 5270 2218 5324 Vide
2248 5259 2688 5336 Origeftianorum
2724 5266 2815 5319 lib.
2846 5280 2905 5329 ιι,
2937 5273 3128 5331 quaest.
3148 5259 3203 5326 5,
3234 5278 3380 5316 num.
3403 5259 3487 5323 Η,

1995 5379 2446 5481 (δ’δ’έῆιίοιιιιιεε
2477 5403 2634 5481 codd.
2671 5419 2796 5481 mss.
2828 5401 2965 5481 Eiliti
2997 5418 3124 5456 vero
3155 5421 3222 5481 ac
3250 5409 3309 5481 et.
3335 5397 3493 5481 Chri-

1925 5470 2010 5534 sti‘
2031 5470 2314 5548 sapientia.
2355 5475 2654 5548 Sapientia:
2686 5475 2829 5548 enim
2860 5472 2978 5526 fans
3006 5481 3059 5548 ει
3085 5470 3349 5548 sapientia
3386 5470 3491 5521 uti—

1924 5564 2053 5618 que,
2080 5541 2109 5600 ι’
2134 5557 2242 5604 etc.
2294 5541 2494 5600 lbidcin
2532 5544 2663 5618 libb.
2690 5544 2818 5618 editi
2860 5560 2873 5596 :
2910 5561 2926 5593 ι
2951 5552 3003 5618 ει
3026 5541 3231 5618 justitia
3261 5550 3343 5618 est
3372 5554 3493 5608 qua:

1920 5612 2199 5689 nunquam
2254 5618 2499 5686 proiecto
2531 5612 2848 5680 injustitiam
2880 5612 3078 5682 capiet.
3107 5632 3124 5664 ι
3173 5612 3277 5665 Sed
3305 5624 3493 5663 omnes

1924 5688 2065 5743 mss.
2088 5699 2147 5742 ut
2175 5688 2228 5740 in
2264 5696 2449 5755 nostro
2485 5695 2656 5739 textu.
2810 5751 2852 5755 __
3315 5750 3325 5755 Α
3460 5746 3467 5754 ι

1993 5759 2106 5829 (52)
2140 5750 2469 5829 Libb._cd'iti,
2525 5778 2539 5804 ι
2570 5756 2701 5829 lucc.
2730 5774 2748 5805 ι
2969 5768 3127 5818 m.~s.,
3178 5772 3196 5805 ι
3234 5750 3326 5807 sed
3361 5750 3502 5802 acci-

1924 5823 2057 5886 dens
2088 5823 2258 5885 sibin
2300 5826 2356 5880 In
2388 5827 2518 5880 edit.
2552 5826 2703 5880 deest
2739 5843 2756 5876 ι
2781 5823 2904 5894 sibi,
2931 5846 2954 5877 ο
