3988 6418
475 354 586 414 179

1713 342 2039 403 ORIGENIS
2073 344 2232 397 ΠΕΡΙ
2269 342 2500 398 ΑΡΧΩΝ

3622 330 3645 387 i
3654 330 3719 389 80

475 474 604 527 vitae
632 469 857 536 merito,
886 470 930 527 si
963 470 1240 542 sapientiae
1273 480 1494 536 operam
1538 465 1758 525 damus,
1787 461 1931 516 efﬁci
1970 475 2057 515 sa-
2086 458 2131 515 A
2160 466 2285 513 sunt
2316 456 2536 526 gradus.
2576 453 2641 509 Et
2672 459 2755 508 est
2784 451 2920 506 alter
2955 448 3069 523 (39)
3100 447 3200 503 iste
3222 447 3358 502 ordo
3391 444 3724 500 rationabilis

475 567 709 638 pientes,
733 574 787 621 et
823 566 866 621 si
894 580 1106 634 semper
1129 564 1179 617 id
1208 562 1371 621 studii
1397 573 1650 631 geramus
1677 557 1788 629 (55)
1808 597 1823 622 ,
1849 572 2063 627 semper

478 657 762 728 sapientiae
791 655 1232 726 'participemus,
1280 661 1335 707 et
1376 652 1429 707 id
1478 650 1634 706 nobis
1680 649 1763 704 vel
1808 649 1930 718 plus
1976 643 2059 701 vel

476 748 658 803 minus
679 746 910 811 accidat,
938 745 1051 799 sive
1084 757 1183 812 pro
1219 743 1413 798 merito
1436 742 1587 808 vitte,
1632 740 1747 795 sive
1776 754 1874 808 pro
1896 735 2056 792 studii

476 842 800 910 quantitate.
836 835 1151 905 Benignitas
1180 836 1324 891 enim
1354 835 1449 889 Dei
1487 833 1782 889 secundum
1812 832 1955 902 quod
2000 844 2058 885 se

474 934 695 1005 dignum
720 942 825 997 est,
866 939 1125 1001 provocat
1149 930 1353 995 omnia,
1392 936 1445 982 et
1474 926 1701 981 attrahit
1726 926 1791 978 ad
1837 924 2054 977 beatum

476 1023 638 1078 linem
667 1022 812 1076 illum
834 1061 850 1087 ,
882 1020 973 1074 ubi
1012 1018 1213 1073 decidit
1240 1026 1295 1072 et
1321 1017 1531 1088 aufugit
1570 1014 1749 1071 omnis
1790 1013 1971 1079 dolor,
2002 1020 2055 1066 et

476 1114 719 1179 tristitia,
760 1121 814 1168 et
846 1111 1080 1181 gemitus
1122 1110 1259 1182 (54).

541 1205 600 1258 4.
637 1203 775 1258 Ριιιο
795 1217 949 1271 ergo,
985 1203 1286 1256 secundum
1317 1202 1458 1270 quod
1493 1199 1621 1255 mihi
1647 1199 1882 1259 videtur,
1911 1196 2054 1266 quod

476 1298 791 1369 pratcedens
839 1295 1139 1364 disputatio
1175 1292 1505 1348 sufﬁcienter
1557 1290 1878 1353 ostenderit,
1911 1288 2053 1358 quod

472 1408 583 1447 non
630 1389 927 1445 indiscrelo
960 1386 1041 1441 vel
1092 1384 1322 1439 fortuito
1349 1383 1532 1453 aliquo
1562 1396 1689 1437 casu
1724 1380 1807 1435 vel
1840 1378 2054 1449 princi-

471 1491 632 1555 patus
658 1489 878 1537 teneant
900 1480 1291 1550 principatum,
1320 1476 1401 1530 vel
1432 1474 1615 1530 emteri
1642 1474 1865 1529 ordines
1894 1487 2051 1525 suum

473 1576 705 1645 quisque
736 1573 1000 1629 sortiatur
1026 1571 1262 1627 ofﬁcium
1290 1566 1423 1640 (55),
1452 1567 1545 1622 sed
1576 1581 1674 1636 pro
1703 1565 1912 1619 meritis
1937 1563 2052 1620 suis

474 1669 707 1737 gradum
745 1663 1029 1733 dignitatis
1078 1659 1239 1727 hujus
1287 1658 1466 1723 adepti
1495 1665 1642 1721 sunt,
1689 1656 1815 1712 licet
1843 1670 1949 1710 non
1980 1656 2053 1708 sit

473 1766 717 1811 nostrum
753 1754 838 1809 vel
865 1754 1032 1817 scire,
1083 1752 1165 1805 vel
1202 1763 1449 1819 quaerere
1474 1749 1568 1818 qui
1605 1748 1681 1802 illi
1730 1755 1885 1801 actus
1928 1745 2050 1801 fue-

2164 558 2427 603 creaturae
2459 546 2597 617 (40),
2646 545 2736 614 qui
2782 558 2842 599 se
2885 542 2957 597 ita
2990 553 3233 609 praeceps
3280 537 3535 606 nequitiae
3564 535 3723 601 dedit,

2163 652 2222 696 ut
2258 642 2503 697 revocari
2542 641 2676 695 nolit
2710 639 2882 709 magis
2905 652 3068 707 quam
3099 650 3202 691 non
3234 634 3426 704 possit,
3460 632 3588 687 dum
3622 645 3728 686 sce-

2162 734 2337 787 lerum
2391 730 2574 788 rabies
2623 731 2735 800 jam
2776 728 2941 783 libido
2973 736 3078 791 est,
3109 734 3164 781 et
3199 725 3453 781 delectat.
3516 722 3726 778 Tertius

2160 839 2291 879 vero
2326 832 2594 879 creaturae
2625 818 2973 876 rationabilis
3018 819 3151 873 ordo
3179 826 3264 872 est
3295 829 3484 870 earum
3511 828 3630 883 quae
3663 813 3726 867 ad

2160 916 2460 971 humanum
2514 926 2686 982 genus
2715 910 3030 980 replendum
3058 914 3195 977 aptze
3219 907 3534 974 iudicantur
3562 918 3594 958 a
3625 903 3727 959 Deo

2160 1005 2297 1074 (Η),
2331 1005 2381 1058 id
2414 1014 2497 1058 est
2524 1003 2720 1057 anima:
2753 1001 3057 1066 hominum,
3102 1012 3200 1068 per
3232 997 3538 1066 profectum
3568 995 3726 1049 etiam

2160 1096 2212 1149 in
2238 1095 2388 1149 illum
2419 1094 2533 1166 (42)
2557 1095 2877 1164 angelorum
2902 1091 3147 1147 ordinem
3174 1097 3497 1158 assumpta;
3525 1101 3592 1141 ει
3615 1085 3728 1154 qui-

2158 1188 2261 1241 bus
2289 1186 2553 1256 quosdam
2609 1186 2857 1239 videmus
2899 1182 3129 1247 assumi,
3176 1179 3297 1235 illos
3345 1178 3599 1233 videlicet
3639 1176 3727 1245 qui

2158 1276 2253 1329 filii
2292 1276 2383 1329 Dei
2417 1274 2548 1329 faeti
2580 1274 2805 1338 fuerint,
2842 1272 2925 1327 vel
2954 1270 3049 1325 lilii
3086 1267 3522 1333 resurrectionis,
3557 1265 3639 1320 vel
3676 1265 3728 1318 hi

2156 1369 2245 1435 qui
2280 1368 2675 1437 dereliquerint
2708 1365 2983 1431 tenebras,
3032 1375 3086 1419 et
3121 1362 3411 1419 dilexerint
3441 1361 3639 1423 lucem,
3678 1368 3729 1413 et

2156 1460 2283 1514 facti
2317 1460 2519 1514 fuerint
2554 1458 2648 1512 filii
2685 1457 2852 1523 lucis;
2911 1456 2995 1511 vel
3042 1455 3094 1510 hi
3125 1455 3218 1524 qui
3249 1467 3466 1509 omnem
3496 1466 3727 1521 pugnam

2155 1558 2496 1620 superantes,
2543 1558 2597 1602 et
2628 1547 2841 1618 pacifici
2870 1543 3070 1608 effecti,
3105 1544 3200 1598 filii
3244 1544 3395 1612 pacis
3423 1551 3478 1597 et
3507 1542 3603 1595 lilii
3640 1541 3727 1596 Dei

2152 1642 2399 1708 fuerint;
2454 1641 2536 1696 vel
2583 1641 2673 1709 qui
2723 1638 3112 1694 mortificantes
3162 1637 3410 1691 membra
3470 1651 3565 1690 sua
3617 1650 3731 1705 qua:

2154 1744 2283 1789 sunt
2332 1748 2493 1803 super
2550 1742 2777 1796 terram,
2824 1739 2879 1785 et
2916 1729 3364 1785 transcendentes
3398 1741 3503 1781 non
3558 1725 3729 1779 solum

473 1850 587 1903 rint
616 1862 719 1917 per
767 1859 903 1914 quos
954 1843 1008 1897 in
1040 1843 1201 1897 istum
1234 1841 1481 1895 ordinem
1512 1838 1700 1894 venire
1733 1837 2051 1892 meruerint.
2085 1816 2128 1872 Β
2159 1839 2476 1895 corpoream
2535 1832 2812 1887 naturam,
2866 1835 3055 1874 verum
3107 1820 3269 1875 etiam
3321 1818 3517 1873 anima:
3566 1816 3729 1885 ipsius

474 1939 579 1994 Sed
619 1938 720 1993 hoc
756 1944 962 1990 tantum
1017 1933 1161 1988 scire
1195 1931 1305 2002 (36)
1335 1928 1533 1985 sufﬁcit
1583 1928 1651 1982 ad
1704 1927 1797 1982 Dei
1824 1928 2055 1997 aequita-

472 2040 583 2086 tem
633 2037 688 2084 et
714 2028 982 2098 juStitiam
1021 2022 1530 2086 demonstrandam,
1579 2018 1705 2088 quia
1754 2020 2051 2074 secundum

473 2118 804 2175 sententiam
856 2114 1089 2187 apostoli
1139 2113 1295 2168 Pauli
1347 2123 1751 2181 «personarum
1804 2108 2054 2178 acceptio

472 2227 580 2267 non
613 2219 699 2267 est
735 2210 879 2280 apud
911 2209 1078 2263 Deum
1104 2207 1174 2272 ‘°,
1199 2224 1217 2258 ι
1252 2206 1346 2275 qui
1393 2202 1572 2272 potius
1596 2201 1780 2256 omnia
1814 2215 1912 2270 pro
1940 2216 2054 2255 me-

474 2306 598 2360 ritis
630 2302 971 2373 singulorum
1021 2297 1469 2369 profectibusque
1514 2295 1813 2363 dispensat.
1868 2291 2054 2362 Neque

472 2412 604 2466 ergo
635 2394 955 2465 angelorum
978 2390 1215 2446 ofﬁcium
1246 2388 1352 2443 nisi
1377 2403 1442 2443 ex
1471 2386 1667 2441 merito
1694 2394 1926 2450 constat,
1959 2400 2055 2440 ne-

473 2500 581 2556 que
613 2492 913 2556 potestates
946 2482 1049 2536 nisi
1103 2496 1165 2535 ex
1200 2478 1445 2549 profectu
1491 2492 1590 2532 suo
1618 2484 1783 2546 agunt
1816 2484 2056 2545 patesta-

476 2593 606 2644 tem,
636 2592 811 2647 neque
837 2590 958 2645 quae
980 2573 1331 2628 nominantur
1354 2572 1534 2636 sedes,
1567 2569 1619 2624 id
1645 2577 1727 2623 est
1752 2567 2050 2636 iudicandi,

474 2677 557 2733 vel
588 2675 805 2745 regendi
837 2681 1154 2745 potestates,
1196 2670 1269 2737 id,
1292 2671 1416 2740 lnisi
1450 2686 1519 2724 ex
1543 2669 1780 2734 meritis,
1814 2667 2045 2721 admini-

473 2776 655 2822 strant
694 2766 832 2839 (5'7),
885 2780 1060 2835 neque
1107 2763 1511 2819 dominationes
1556 2771 1747 2817 contra
1795 2760 2051 2814 meritum

472 2859 852 2922 dominantur;
879 2865 1034 2913 etest
1063 2872 1200 2912 unus
1227 2855 1329 2911 iste
1354 2869 1599 2909 summus
1625 2862 1680 2908 et
1710 2852 2056 2908 excellentis-

472 2951 646 3006 simus
673 2949 809 3005 ordo
844 2951 897 3005 in
930 2949 1244 3005 cmlestibus
1272 2945 1613 3002 rationabilis
1643 2954 1908 3000 creaturae
1938 2943 2055 3015 glo-

472 3043 617 3099 riosa
647 3042 947 3099 olliciorum
977 3040 1240 3095 varietate
1266 3040 1580 3107 dispositus.
1618 3038 1882 3093 Similiter
1923 3051 2053 3091 sane

475 3138 641 3191 etiam
690 3137 757 3191 de
813 3136 1145 3191 adversariis
1194 3133 1489 3189 virtutibus
1544 3131 1888 3186 sentiendum
1944 3139 2048 3196 est,

473 3243 596 3297 qua:
623 3229 764 3283 se-in
806 3226 859 3281 id
895 3226 997 3281 loci
1033 3234 1197 3294 atque
1243 3222 1404 3279 officii
1438 3224 1788 3293 praebuerunt
1815 3221 1948 3293 (38),
1990 3233 2051 3277 ut

474 3322 577 3376 hoc
624 3318 768 3389 quod
815 3317 1182 3387 principatus,
1234 3316 1315 3367 vel
1366 3324 1679 3385 potestates,
1729 3312 1813 3368 vel
1862 3313 2048 3367 mundi

474 3420 717 3465 rectores
765 3410 1140 3471 tenebrarum,
1190 3404 1275 3459 vel
1325 3405 1595 3474 spiritalia
1629 3404 1908 3473 nequitiae,
1961 3403 2048 3459 vel

472 3500 696 3571 spiritus
728 3497 976 3568 maligni,
1022 3496 1108 3551 vel
1136 3496 1401 3552 daemonia
1442 3496 1718 3551 immunda
1756 3504 1904 3562 sunt,
1940 3510 2045 3550 non

474 3592 909 3648 substantialiter
937 3592 989 3645 id
1018 3590 1275 3654 habeant,
1330 3603 1506 3658 neque
1551 3587 1675 3658 quia
1718 3587 1853 3643 tales
1884 3589 2046 3642 etiam

473 3685 642 3740 creati
692 3692 838 3749 sunt,
885 3682 977 3738 sed
1014 3696 1113 3752 pro
1166 3680 1400 3735 motibus
1445 3680 1560 3734 suis
1612 3688 1666 3733 et
1716 3678 2050 3747 profectibus

473 3777 670 3846 quibus
704 3775 759 3831 in
813 3774 1017 3830 scelere
1065 3771 1433 3843 profecerunt,
1480 3770 1579 3826 hos
1618 3770 1837 3825 malitia:
1867 3770 2047 3825 sortiti

542 3891 589 3924 “
618 3890 829 3948 Coloss.
855 3908 938 3958 ιιι,
963 3891 1051 3947 25.

532 3983 655 4065 (55)
685 3984 752 4038 Id
774 3984 936 4039 studii
955 3984 1333 4065 geramus._lta
1365 3998 1519 4065 mss;
1542 3982 1672 4065 editi
1703 3997 1911 4064 veroat
1941 3991 2048 4065 stu-

473 4052 565 4108 dii‘
598 4052 782 4108 curam
834 4052 1109 4123 geramus.
1140 4073 1157 4105 ι
1222 4053 1343 4108 Mox
1377 4054 1505 4109 libb.
1532 4053 1687 4118 editi,
1726 4071 1743 4103 ι
1765 4052 2048 4123 sapientiae

471 4124 766 4206 participes
795 4121 934 4206 esse,
967 4133 1030 4206 ut
1059 4126 1126 4177 ad
1157 4139 1255 4180 nos
1282 4124 1363 4179 vel
1395 4124 1536 4194 plus,
1564 4140 1583 4174 ι
1619 4132 1728 4180 etc.
1773 4121 1880 4177 Sed
1912 4138 2043 4178 mss.

472 4204 531 4247 ιιι
561 4202 612 4247 in
651 4202 838 4247 [10311⁵0
870 4203 1039 4247 textu.

545 4263 658 4335 (54)
682 4262 782 4335 Sic
816 4278 979 4335 mss.i;
1030 4263 1160 4318 editi
1197 4278 1346 4326 vero,
1386 4281 1404 4314 ι
1428 4264 1589 4335 perit,
1622 4271 1677 4316 et
1707 4260 1917 4332 aufugit
1942 4276 2051 4335 on)-

473 4331 563 4388 nis
609 4332 764 4388 dolor
807 4344 862 4387 et
889 4334 1125 4388 tristitia:
1178 4331 1479 4403 gemitus.)
1516 4333 1635 4387 Mox
1668 4331 2049 4403 mss.,’csufli-

471 4406 682 4459 cientcr
714 4404 1033 4458 ostenderit.
1065 4422 1083 4455 ι
1135 4401 1294 4471 Editi,
1327 4422 1346 4456 ο
1369 4401 1695 4471 sufﬁcienter
1745 4402 2003 4456 ostendit.
2027 4419 2045 4451 ι

542 4474 654 4543 (55)
691 4472 791 4543 Vel
838 4474 1013 4527 cwteri
1063 4468 1289 4527 ordines
1320 4488 1475 4527 suum
1526 4468 1746 4542 quisque
1794 4472 2052 4543 sortiatur

472 4541 714 4613 ofﬁcium.
748 4542 872 4597 Haec
902 4544 951 4595 in
968 4544 1139 4613 editis
1161 4543 1374 4609 desunt,
1400 4543 1493 4597 sed
1522 4541 1794 4597 habentur
1817 4541 1870 4594 in
1901 4555 2034 4595 mss.

545 4611 656 4693 (56)
698 4614 773 4667 Ita
809 4628 937 4693 mss.
963 4611 1120 4667 Libb.
1146 4627 1281 4668 vero
1314 4614 1464 4677 editi,
1506 4632 1523 4665 ι
1550 4619 1896 4677 meruerunt;
1955 4611 2047 4665 sed

472 4684 588 4738 huic
616 4692 795 4737 tamen
829 4684 993 4748 scire,
1017 4702 1035 4735 ι
1067 4692 1177 4737 etc.

544 4751 673 4823 (57),
702 4751 858 4805 Libb.
891 4754 1021 4823 editi
1055 4770 1128 4823 τί(
1150 4761 1468 4821 potestates,
1502 4751 1604 4806 nisi
1655 4750 1707 4805 id
1744 4765 1808 4803 ex
1844 4750 2049 4805 meritis

474 4819 906 4876 administretur.
932 4839 950 4872 ι
991 4819 1095 4876 Sed
1131 4819 1261 4875 mss.
1292 4831 1347 4877 ut
1381 4823 1432 4875 in
1462 4832 1652 4875 nostro
1680 4829 1849 4875 textu.

541 4890 781 4974 (58LSic
813 4904 977 4974 mss_.;
1012 4891 1143 4974 editi
1176 4906 1304 4946 vero
1338 4910 1352 4945 :
1387 4911 1405 4943 ι
1433 4892 1557 4974 quia
1590 4905 1649 4946 se
1674 4892 1725 4944 in
1756 4891 1808 4944 id
1841 4890 1941 4943 loci
1967 4899 2048 4943 at-

472 4959 576 5028 que
613 4959 769 5014 ofﬁcii
802 4960 1171 5028 praebuerunt.
1196 4980 1214 5011 ι

545 5032 658 5101 ('59)
691 5029 783 5101 Sic
830 5043 962 5101 mss.
988 5028 1142 5083 Libb.
1171 5044 1298 5085 vero
1329 5031 1481 5097 editi,
1523 5050 1541 5083 ι
1569 5028 1889 5085 altissimus.
1913 5048 1930 5081 ι

545 5099 657 5168 (4οι
689 5100 859 5154 Caute
898 5099 1032 5167 lege.

546 5172 661 5239 (il)
700 5172 866 5223 Caute
895 5172 1028 5237 lege.

474 5312 484 5363 1
544 5236 658 5310 (Et?)
706 5238 797 5293 Sic
865 5236 995 5293 mss.
1024 5236 1192 5302 Alias,
1251 5257 1268 5289 ι
1298 5238 1550 5308 profecta:
1592 5255 1716 5296 esse
1771 5251 1827 5297 et
1876 5243 1928 5295 in
1980 5242 2045 5296 ιι-

496 5330 601 5363 ιιιιι.
639 5330 656 5361 ι

496 5330 601 5363 ιιιιι.
639 5330 656 5361 ι

542 5382 654 5449 (ῖὲ)
689 5379 949 5435 Merlinus
978 5378 1141 5434 habet
1195 5394 1208 5430 :
1254 5392 1596 5449 (trttsqttequo
1638 5382 1957 5448 pervenient
1987 5381 2042 5435 in

474 5448 572 5504 hoc
613 5461 663 5501 ut
698 5449 939 5517 perfecte
970 5449 1146 5503 effecti
1182 5448 1489 5517 spiritttales
1521 5453 1701 5502 omnia
1732 5452 2044 5504 discernant

471 5536 566 5585 per
607 5516 727 5574 hoc.
752 5537 770 5570 ι
825 5516 883 5572 In
913 5520 1151 5574 editione
1184 5527 1362 5571 autem
1410 5516 1741 5572 Genehrardi
1789 5523 1901 5573 hmc
1932 5536 2044 5571 om-

472 5590 559 5643 nia
597 5592 797 5642 omissa
834 5599 978 5645 sunt.
1021 5590 1147 5644 Mss.
1178 5587 1365 5652 legunt
1400 5589 1536 5640 utin
1577 5600 1760 5641 nostro
1800 5598 1968 5643 levtu.

538 5660 656 5730 (Η)
698 5660 767 5712 Ἠ
790 5659 962 5727 ψυχὴ
992 5656 1392 5730 ἀπορρἐυςα,
1420 5666 1526 5730 etc.
1555 5658 1747 5730 Graeca
1782 5660 1896 5712 haec
1924 5673 2043 5711 ver-

471 5725 601 5785 ba'e
636 5725 731 5784 lib.
759 5742 776 5781 ι
802 5725 957 5797 Περὶ
996 5727 1196 5797 ἀρχῶν
1244 5728 1401 5797 affert
1430 5725 1768 5781 Justinianus
1807 5729 2040 5795 impera-

468 5812 552 5856 tor
587 5801 652 5852 ad
691 5796 897 5854 calcem
946 5796 1187 5870 epistolae
1222 5798 1285 5849 ad
1318 5796 1546 5851 Menam.
1582 5796 1826 5852 Genuina
1859 5808 2039 5849 autem

2161 1914 2443 1983 ambiguos
2479 1912 2812 1983 fragilesque
2849 1920 3029 1966 motus
3066 1908 3414 1979 adjunxerint
3456 1923 3517 1962 se
3553 1907 3733 1961 Durni-

2159 2021 2249 2071 no,
2281 2006 2409 2060 facti
2442 2020 2508 2060 ex
2564 2005 2775 2076 integro
2804 2004 3052 2071 spiritus,
3092 2012 3151 2056 ut
3181 2002 3290 2056 sint
3316 2015 3438 2056 cum
3474 2000 3564 2055 illo
3596 2015 3732 2054 unus

2158 2099 2383 2169 spiritus
2416 2112 2653 2167 semper,
2689 2111 2810 2151 cum
2837 2096 2981 2165 'ipso
3020 2092 3230 2163 singula
3266 2105 3495 2163 quaeque
3526 2091 3730 2146 discer-

2159 2199 2371 2256 nentes,
2430 2203 2710 2258 usquequo
2758 2186 3079 2256 perveniant
3128 2185 3183 2239 in
3231 2185 3346 2239 .hoc
3390 2193 3448 2238 ut
3493 2180 3732 2251 perfecte

2158 2281 2336 2339 effecti
2382 2281 2661 2351 spiritales
2708 2281 2892 2336 omnia
2955 2279 3274 2334 discernant
3320 2290 3417 2346 per
3462 2276 3565 2329 hoc
3620 2274 3735 2344 (45)

2157 2375 2301 2445 quod
2330 2375 2382 2428 in
2415 2373 2561 2427 onmi
2616 2372 2912 2426 sanctitate
2961 2369 3250 2424 illuminati
3279 2382 3439 2422 sensu
3472 2381 3569 2435 per
3606 2366 3733 2420 Ver-

2159 2470 2285 2523 bum
2320 2478 2373 2520 et
2403 2464 2728 2535 sapientiam
2778 2462 2868 2517 Dei
2902 2476 2931 2515 a
2961 2460 3108 2516 nullo
3144 2458 3361 2529 penitus
3388 2458 3601 2527 possint
3632 2457 3733 2510 dis-

2158 2560 2334 2615 cerni.

2156 2650 2306 2724 [(ιι)
2345 2652 2408 2703 Ἠ
2436 2647 2583 2719 ψυχὴ
2620 2646 2914 2716 ἀπορρέου-

2159 2762 2226 2799 σα
2254 2743 2347 2797 τοῦ
2374 2740 2561 2803 καλοῦ,
2590 2740 2681 2795 καὶ
2704 2742 2770 2810 τῇ
2806 2755 2909 2791 κα-

2157 2838 2252 2910 κίᾳ
2300 2833 2761 2907 προσκλινοιμένη,
2815 2833 2911 2886 καὶ

2155 2932 2248 2984 ἐπὶ
2278 2930 2458 2984 πλεῖον
2484 2931 2541 2982 ὲν
2565 2926 2736 2997 ταύτῃ
2762 2942 2910 2993 γινο-

2161 3025 2318 3096 μένη,
2352 3027 2401 3076 εἰ
2450 3022 2523 3094 μὴ
2558 3018 2907 3091 ὑποστρέφοι,

2157 3122 2261 3174 ὑπὸ
2303 3122 2403 3191 τῆς
2446 3119 2631 3181 ἀνοίας
2674 3118 2913 3185 ἀποκτη-

2155 3212 2359 3278 νοῦται,
2408 3212 2501 3265 καὶ
2542 3209 2647 3263 ὑπὸ
2684 3208 2783 3278 τῆς
2817 3223 2913 3259 πο-

2155 3307 2347 3377 νηρίας
2364 3301 2775 3375 ἀποθηριοῦται.
2799 3301 2907 3354 Καὶ

2148 3398 2276 3467 μετ’
2306 3398 2508 3465 ὀλίγα·
2534 3393 2644 3448 Καὶ
2674 3394 2911 3463 αἱρεῖται

2156 3489 2294 3561 πρὸς
2330 3488 2392 3541 τὸ
2422 3485 2785 3555 ἁλογωθῆναι,
2817 3481 2910 3535 καὶ

2154 3583 2246 3635 τὸν
2274 3582 2511 3653 ἔνυδρον,
2540 3579 2606 3631 ἵν’
2636 3577 2808 3640 οὕτως
2835 3576 2911 3628 εἵ-

2156 3694 2263 3738 πω,
2296 3673 2436 3743 βίον⁸
2483 3672 2575 3725 καὶ
2605 3669 2748 3740 τάχα
2788 3667 2907 3721 κατ’

2158 3774 2309 3840 ἀξίαν
2331 3772 2432 3843 τῆς
2452 3771 2544 3824 ἐπὶ
2565 3768 2744 3823 πλεῖον
2765 3766 2910 3819 πτώ-

2983 2646 3092 2716 76
3122 2644 3211 2698 Illa
3238 2656 3369 2698 sane
3396 2655 3494 2697 nos
3527 2654 3730 2709 nequa-

2981 2755 3143 2809 quam
3190 2737 3495 2806 recipienda
3534 2750 3727 2790 cense-

2983 2846 3123 2894 mus,
3180 2844 3299 2899 quac
3338 2837 3394 2883 et
3442 2842 3472 2880 a
3510 2827 3740 2895 quibus-n

2983 2924 3107 2977 dam
3139 2920 3415 2991 superfluo
3446 2920 3526 2973 vel
3554 2919 3733 2988 requi-

2986 3016 3052 3081 ri,
3088 3013 3170 3068 vel
3216 3012 3386 3068 astrui
3436 3010 3638 3076 solent,
3680 3010 3733 3064 id

2983 3114 3068 3160 est
3105 3105 3250 3174 quod
3293 3103 3489 3157 animae
3528 3102 3584 3156 in
3618 3112 3732 3156 tan-

2986 3210 3096 3253 tum
3158 3197 3240 3258 sui
3294 3199 3577 3252 decessum
3644 3210 3735 3249 ve-

2986 3295 3135 3348 niant
3159 3293 3296 3363 (45),
3329 3300 3387 3345 ιιι
3414 3300 3629 3345 natura:
3653 3304 3739 3343 ra-

2985 3384 3260 3440 tionabilis
3321 3396 3384 3437 ac
3452 3380 3734 3452 dignitatis

2981 3484 3162 3539 oblita.-
3195 3483 3357 3537 etiam
3388 3482 3441 3535 in
3485 3481 3731 3535 ordinem

2982 3577 3444 3633 irrationabilium
3476 3574 3733 3628 animan-

2981 3672 3112 3726 tium
3142 3670 3254 3741 (46)
3287 3668 3369 3723 vel
3402 3667 3730 3731 bestiarum,

2982 3762 3063 3815 vel
3119 3761 3384 3831 pecudum
3441 3757 3732 3813 devolvan-
3760 3765 3767 3769 ‘

2157 3996 2279 4036 esse
2337 3979 2492 4033 fidem
2550 3974 2682 4029 facit
2733 3971 3095 4043 Hieronymus
3128 3965 3348 4043 q_ui_i_n_
3384 3962 3613 4043 epistola
3663 3964 3728 4018 ad

2157 3996 2279 4036 esse
2337 3979 2492 4033 fidem
2550 3979 2682 4029 facit
2733 3979 3095 4043 Hieronymus
3128 3979 3218 4036 qui
3278 3981 3330 4020 tn
3384 3979 3413 4018 e
3457 3979 3613 4019 ιειοιο
3663 3979 3728 4018 au

2156 4052 2371 4105 Avitum
2407 4048 2481 4101 ait
2520 4060 2537 4100 :
2584 4063 2603 4096 ι
2627 4045 2706 4099 Ad
2737 4053 3043 4097 extremum
3073 4036 3254 4109 (primi
3294 3979 3451 4109 libri),
3473 4047 3731 4109 sermone

2154 4119 2421 4177 latissimo
2471 4115 2765 4184 disputavit
2808 4105 3136 4183 (Origenes),
3162 4105 3428 4184 angelum
3467 4106 3583 4184 sive
3612 4105 3731 4157 ani-

2160 4175 2323 4255 mam,
2360 4196 2452 4240 aut
2482 4175 2628 4240 certe
2653 4175 2977 4243 daemonem,
3009 4175 3147 4255 quos
3185 4175 3342 4230 unius
3383 4175 3585 4231 asserit
3607 4187 3730 4253 esse

2159 4245 2384 4324 naturae,
2419 4256 2511 4311 sed
2560 4255 2897 4309 diversarum
2950 4251 3310 4324 voluntatum,
3365 4259 3465 4314 pro
3517 4245 3729 4313 magni-

2161 4318 2735 4395 tudine'negligentite
2786 4331 2841 4375 et
2902 4318 3143 4374 stultitia:
3176 4318 3511 4395 _jumentum
3566 4328 3728 4383 posse

2161 4400 2311 4461 ﬁeri;
2343 4406 2397 4450 et
2424 4384 2522 4463 pro
2542 4384 2734 4447 ‘dolore
2767 4404 3050 4463 ptenarum
3087 4397 3142 4463 et
3175 4384 3313 4463 ignis
3343 4384 3580 4463 arderet
3609 4397 3731 4463 ma-

2158 4471 2242 4539 gis
2270 4453 2559 4539 eligerent
2588 4453 2803 4517 brutum
2839 4459 3036 4513 animal
3080 4459 3174 4521 sit,
3199 4453 3728 4539 et.in.aquis‘ltall)i-

2158 4484 2242 4539 ng
2270 4481 2471 4588 ettfglere
2500 4481 2559 4517 lll
2589 4481 2803 4517 [Il'lllUlll
2839 4481 3036 4513 annuat
3080 4481 3174 4521 δη,
3208 4481 3263 4509 et.
3295 4481 3344 4508 ιιι
3378 4481 3535 4523 aquta
3567 4481 3728 4508 ιιῖιυι-

2158 4549 2231 4592 ιει
2258 4547 2312 4593 ει
2380 4534 2621 4597 actibus;
2650 4547 2712 4585 ac
2741 4544 2939 4599 corpus
2968 4540 3248 4599 assumere
3280 4524 3442 4599 hujus
3472 4523 3558 4577 vel
3584 4523 3729 4599 illius

2157 4608 2402 4677 pecoris;
2458 4615 2516 4657 ut
2542 4593 2699 4658 nobis
2723 4593 3036 4677 _non'_solun_t
3069 4596 3501 4677 quadrupedum,
3549 4593 3644 4648 sed
3673 4602 3730 4647 et

2157 4667 2396 4747 piscium
2416 4688 2640 4747 corpora
2691 4669 3110 4747 sinttimenda.‘
3137 4667 3199 4718 Et
3227 4669 3289 4718 ad
3325 4674 3627 4744 extremum
3660 4677 3730 4747 ne

2158 4733 2432 4801 icneretur
2482 4733 2825 4812 Pythagorici
2875 4735 3463 4812 dogtnatisreusuqui
3522 4733 3728 4812 asserit

2158 4802 2594 4888 μετεμψύχῳσῖν,
2650 4802 2771 4880 post
2819 4820 2922 4888 tatu
2950 4802 3266 4888 'nefandam
3304 4802 3728 4885 disputationem

2154 4872 2256 4955 qua
2285 4872 2505 4939 lectoris
2526 4872 2766 4955 animum
2797 4878 3097 4955 vulneravit
3129 4895 3153 4955 :_
3173 4876 3313 4937 Ilmc,
3343 4873 3541 4955 inquit,
3566 4872 3727 4941 juxta

2153 4944 2395 5011 nostram
2428 4954 2774 5015 sentenziam,
2828 4964 2930 5002 non
2963 4949 3073 5000 sint
3124 4948 3395 5013 dogmata,
3448 4944 3541 4997 sed
3576 4957 3728 5011 quze—

2153 5026 2255 5079 sita
2291 5033 2499 5079 tantum
2531 5032 2695 5091 atque
2745 5019 3008 5091 projecta,
3050 5031 3116 5091 ne
3161 5016 3377 5091 penitus
3424 5015 3724 5091 intractata

2152 5097 2484 5150 viderentur.
2512 5110 2531 5143 ι
2567 5084 2696 5156 Quae
2726 5084 2769 5145 si
2806 5084 2877 5142 ita
2912 5102 2968 5141 se
2997 5087 3221 5151 habent,
3258 5084 3434 5156 nullus
3465 5098 3602 5156 pene
3631 5085 3730 5156 du-

2154 5165 2359 5218 bitandi
2393 5164 2541 5216 locus
2572 5151 2676 5225 est,
2727 5162 2853 5229 quin
2894 5157 3273 5223 interpretatio
3304 5154 3482 5229 Rufini
3515 5154 3603 5229 ‘ab
3638 5151 3728 5205 his

2151 5235 2332 5288 verbis
2367 5250 2380 5286 :
2422 5250 2441 5282 ι
2466 5232 2551 5285 illa
2582 5223 2716 5286 sane
2746 5223 2846 5284 nos
2876 5241 3215 5294 nequaquam
3252 5223 3562 5292 recipienda
3593 5236 3730 5277 cen-

2152 5318 2353 5366 semus,
2382 5322 2401 5355 ι
2438 5316 2613 5369 usque
2643 5302 2708 5353 ad
2743 5301 2901 5353 finem
2933 5295 3269 5369 hujuslibri,
3318 5294 3465 5369 omni
3495 5306 3729 5369 prorsus

2154 5374 2256 5428 fide
2283 5359 2487 5435 careat,
2519 5359 2571 5424 et
2602 5372 2783 5439 spuria
2817 5381 2915 5437 pro
2944 5359 3195 5439 genuinis
3220 5365 3492 5439 obtrudat.
3526 5362 3740 5439 Faten—

2151 5444 2274 5496 dum
2312 5432 2489 5495 tamcn
2516 5432 2889 5509 Origenem'in
2920 5432 3041 5488 aliis
3075 5435 3189 5488 suis
3214 5434 3536 5509 tractatibus
3567 5432 3731 5509 ἱερε-

2153 5512 2426 5581 thagorica
2478 5501 2893 5581 μετεῇψυχώσει
2946 5520 3171 5572 prorsus
3212 5501 3732 5581 anbhorrere.__Vit_le

2154 5572 2838 5703 0‘2':%nianorum'lib;‘ittn
2885 5593 2943 5639 ιι,
2992 5584 3183 5644 quaest.
3227 5573 3281 5638 6,
3330 5589 3478 5627 ιιιιιιι.
3522 5572 3613 5642 Π,
3658 5574 3729 5625 18

2154 5665 2177 5703 e
2299 5691 2313 5703 .

2149 5659 2202 5705 et
2231 5659 2313 5704 19.

2221 5721 2333 5787 (45)
2361 5720 2531 5775 Caute
2564 5722 2698 5789 lege.

2221 5784 2330 5861 (46)
2362 5790 2450 5845 Sic
2482 5784 2806 5853 IIlSS.vAli:l$,
2846 5805 2864 5836 ι
2892 5784 3221 5841 animalium.
3246 5803 3266 5840 ι
