1994 3209
109 179 148 208 181

110 245 165 268 πως
175 236 219 271 τῆς
228 236 339 269 κακίας
358 238 499 267 ἐνδύεται

107 283 206 319 πώματα
220 283 304 318 οὐδεῆ
323 282 364 319 Π.
386 286 498 323 ὑδάρῆ]

107 330 193 358 τοιοῦδε
214 329 283 362 ζώου
306 331 441 367 ἀλόγου.
466 333 497 361 ιιι
515 333 521 341 “

105 377 236 406 estzAnima
242 377 377 413 deﬂuens
383 390 402 406 α
409 380 496 414 bona,

106 431 125 452 ιι
141 433 236 460 uergens
253 426 292 451 ad
315 427 495 462 nequitiam,

104 471 240 506 diutiusque
251 471 279 498 in
292 472 358 506 ipsa
378 481 495 507 perma-

105 527 166 550 nens,
185 519 232 544 nisi
252 520 421 553 resipiscat,
436 529 495 556 prtz

103 566 240 600 insipientia
263 566 425 601 eﬁ'emtur,
450 572 495 594 at-

101 621 144 647 que
155 613 183 640 ob
199 614 370 647 pravitatem
393 615 493 642 brute-

100 661 150 687 icit.
167 660 198 688 Et
210 661 294 695 paulo
308 666 383 695 post
401 671 409 689 :
432 662 493 689 Eli—

100 709 184 742 g‘tque,
208 714 234 734 ut
255 709 423 741 brutescat,
452 711 491 737 vi-

99 760 145 782 tam
156 756 242 789 etiam,
265 762 295 783 ut
318 758 363 784 ita
382 758 489 790 dicant,

535 287 663 322 quasdam
692 295 727 315 ex
755 288 905 324 Scripturis

534 333 731 361 commentitias
756 333 855 361 all‘erre
876 342 905 362 a-

532 379 694 406 structiones
707 379 805 412 solent,
823 379 848 406 id
862 385 906 407 est

533 425 603 460 qttod
631 424 674 452 vel
700 431 782 459 pecus
810 425 853 452 cui
875 432 905 452 se

532 469 629 497 mulier
656 474 751 497 contra
778 477 810 496 na
816 474 903 497 turam

532 515 688 549 subjecerit,
699 515 725 542 in
740 519 844 542 reatum
856 523 903 550 pa-

531 562 597 589 riter
612 569 671 588 cum
688 561 801 588 muliere
822 561 903 588 devo-

529 613 607 635 cetur
623 606 679 642 (47)
692 614 724 634 ac
734 606 846 641 lapidari
860 614 904 641 pa-

529 656 597 682 riter
609 654 747 688 iubeatur,
773 653 816 681 vel
830 653 902 688 quod

530 706 622 727 taurus
638 704 784 734 cornupeta
799 699 902 733 lapida-

530 747 551 773 ri
578 746 754 773 nihilominus
778 744 901 780 ρι’ωείρί-

772 184 874 215 LIBER
891 186 1083 217 SECUNDUS.

536 244 589 269 tur.
621 240 674 269 Pro
702 242 801 277 quibus
826 245 907 272 etiam
923 246 1112 280 Ααῳιαεὶιοηι,
1141 249 1169 273 et
1194 244 1263 280 forte
1285 251 1333 280 pro

959 292 1052 319 merito
1065 292 1174 327 majoris
1187 291 1222 319 ad
1243 291 1333 319 uitium

958 338 1134 372 prolapsionis
1160 339 1247 365 induit
1273 346 1332 368 cors

1691 187 1740 216 189

1371 249 1415 274 tur
1426 254 1434 274 :
1445 245 1493 274 sed
1507 249 1534 273 et
1550 244 1620 280 quod
1632 244 1741 272 Balaam

1370 291 1446 319 asina
1472 298 1502 318 os
1525 290 1584 326 ejus
1600 290 1653 318 Deo
1677 297 1743 324 ape-

1368 337 1457 364 riente
1466 337 1554 364 locuta
1577 339 1629 368 est,
1640 339 1667 363 et
1678 335 1742 362 sub-

957 392 1007 418 par
1027 385 1176 419 aquaticum
1201 385 1280 419 hujus
1294 384 1332 411 vel
1365 383 1456 418 iugale
1482 387 1586 410 mutum
1610 381 1637 409 in
1653 381 1741 408 homi—

957 428 1035 463 hujus
1053 430 1122 456 bruti
1138 429 1286 465 animalis.]

1367 435 1432 455 num
1462 434 1528 455 voce
1563 426 1739 461 respondens,

957 473 1046 508 arguit
1059 474 1198 509 prophetae
1212 474 1374 501 dementiam
1389 472 1457 509 (ιδ).
1472 472 1545 506 Quas
1561 479 1610 499 nos
1625 479 1678 499 non
1692 478 1738 499 so-

957 518 1010 546 lum
1024 526 1077 546 non
1093 519 1267 554 suscipimus,
1291 518 1337 546 sed
1352 522 1380 545 et
1394 525 1487 545 omnes
1508 518 1556 545 has
1573 517 1738 544 assertiones

956 572 1051 592 eorum
1065 569 1160 593 contra
1186 565 1265 593 ﬁdem
1290 568 1409 592 nostram
1427 564 1567 592 venientes
1588 563 1738 591 refutamus

956 615 1038 645 atque
1053 611 1216 645 respuimus.
1245 610 1433 638 Verumtamen
1452 617 1501 637 suo
1516 610 1575 637 loco
1590 613 1616 636 et
1633 613 1737 643 tempo-

956 662 986 682 re
1008 655 1149 684 confutata
1165 656 1216 683 hoc
1232 662 1361 691 perverso
1375 655 1500 690 dogmate
1514 658 1542 682 et
1563 654 1686 689 depulso,
1705 661 1736 680 ea

955 708 1014 735 qua:
1029 701 1061 728 de
1075 701 1178 728 sanctis
1192 701 1342 735 Scripluris
1357 701 1390 728 ab
1402 701 1453 728 illis
1468 700 1572 734 prolata
1585 704 1657 733 sunt,
1670 707 1737 734 qua—

955 746 1015 774 liter
1029 747 1142 781 intelligi
1159 747 1285 779 debeant,
1300 754 1475 782 exponemus.
1492 746 1559 780 (49).

263 883 314 910 Ex
338 883 417 910 libro
435 885 524 915 primo
541 884 610 918 Περὶ
623 883 734 918 ἀρχῶν,
751 884 887 917 interprete
902 882 909 908 l

946 890 966 909 νο
986 881 1144 916 Hieronymo
1160 881 1185 907 in
1207 880 1322 915 Epistola
1340 881 1373 907 ad
1391 881 1491 907 Avitum
1507 879 1574 915 (50).

114 939 236 982 fraudis
248 942 446 982 negligentim
460 948 542 982 atque
565 944 674 982 ilosidim.
695 948 736 969 est
762 943 788 969 in
817 948 920 982 tantum
942 949 1170 982 unumquemque
1185 940 1305 982 defluere
1319 941 1386 977 (5|),
1401 945 1480 975 atque
1500 940 1638 971 evacuari,
1659 944 1687 966 ut
1701 939 1734 967 ad

97 976 154 1002 vitia
170 977 283 1004 veniens
309 976 561 1005 irrationabilium
575 979 759 1012 jumentorum
775 978 859 1012 possit
872 984 964 1005 crasso
979 984 1094 1011 corpore
1110 976 1244 1011 colligari.

225 1109 268 1137 Ex
282 1110 391 1138 eadem
408 1110 479 1137 libro
493 1119 501 1138 l
517 1111 585 1145 Περὶ
603 1110 713 1145 ἀρχῶν,
731 1113 819 1139 eodem
841 1111 906 1139 Divo
923 1111 1083 1146 Hieronymo
1099 1111 1242 1146 interprete
1259 1114 1286 1140 in
1305 1110 1414 1145 epistola
1429 1111 1462 1135 ad
1480 1110 1594 1135 Aritunz.

124 1166 177 1207 (5:2)
195 1167 669 1207 ltiﬁne_atqueconsummatione
682 1169 786 1207 tttundi,
802 1169 907 1202 quando
923 1168 993 1207 velut
1008 1168 1040 1195 tle
1055 1167 1213 1207 quibusdam
1230 1167 1364 1207 repagulis
1384 1171 1464 1207 atque
1476 1166 1632 1207 carceribus
1647 1166 1734 1193 missa:

93 1201 213 1241 fuerinta
232 1202 363 1229 Domino
383 1203 496 1234 animae,
514 1203 730 1241 etrntionabilus
747 1201 891 1234 creatum,
910 1204 978 1241 alias
996 1210 1089 1241 earum
1105 1202 1207 1241 tardius
1224 1201 1349 1241 incedere
1373 1201 1407 1228 ob
1425 1201 1576 1234 segnitiem,
1595 1202 1734 1241 aliaspt-r-

93 1237 140 1263 nici
155 1237 246 1264 volare
259 1245 355 1264 cursu
377 1243 495 1272 propter
514 1238 683 1264 imlustriam.
699 1238 819 1272 Cumque
835 1246 928 1264 omnes
946 1238 1059 1265 liberum
1075 1238 1191 1264 habeant
1208 1237 1363 1268 arbitrium,
1380 1240 1406 1272 ot
1422 1240 1519 1272 sponte
1530 1243 1578 1272 sua
1597 1236 1636 1263 vel
1651 1236 1733 1261 virtu-

92 1275 126 1298 tes
139 1273 241 1302 possint
255 1279 372 1306 capere
395 1272 438 1298 vel
457 1273 532 1304 vitia,
550 1273 600 1298 illzr:
615 1274 697 1299 umlto
714 1274 739 1299 in
755 1273 837 1307 poinri
853 1274 1005 1299 conditione
1018 1277 1095 1298 erunt
1110 1278 1190 1305 quam
1207 1280 1277 1299 nunc
1292 1276 1362 1303 sunt,
1380 1271 1421 1297 ha:
1437 1271 1470 1307 ad
1485 1271 1622 1307 meliorem
1634 1275 1733 1307 statum

92 1308 264 1340 pervenient;
286 1304 362 1341 (illia
391 1307 496 1334 diversi
512 1312 599 1333 motus
615 1313 641 1333 et
657 1308 738 1334 varia:
755 1304 909 1334 voluntates
931 1307 956 1334 in
972 1304 1124 1341 utramque
1136 1311 1238 1340 partem
1260 1307 1395 1333 diversum
1410 1304 1544 1338 accipient
1568 1309 1680 1337 statuat,
1708 1305 1733 1331 id

91 1344 136 1372 est,
154 1346 181 1367 ut
194 1342 292 1377 angeli
310 1342 454 1369 homines
470 1342 510 1369 vel
526 1343 672 1375 dmmoues,
690 1347 716 1369 ct
731 1351 837 1369 rursum
851 1350 883 1369 ex
900 1343 945 1369 his
961 1341 1081 1368 homines
1096 1341 1137 1368 vel
1151 1341 1237 1376 angeli
1253 1342 1328 1368 ﬁant.

96 1417 1291 1430 .__._.—__________._—__————-

599 1504 806 1560 LIBER
849 1501 1241 1561 SECUNDUS.

317 1698 377 1734 77
389 1695 506 1724 CAPUT
519 1695 666 1723 PRIMUM.

114 1744 139 1773 ί.
152 1744 353 1779 Consequens
378 1749 456 1770 nunc
483 1742 608 1773 videtur,
636 1741 699 1768 licet
722 1740 811 1768 omnia
834 1747 893 1774 qua:

83 1788 350 1824 superiori.libello
381 1788 501 1814 disserta
528 1791 613 1818 sunt,
640 1787 673 1813 de
695 1786 795 1813 mundo
812 1790 893 1819 atque

82 1836 134 1870 ejus
145 1836 340 1864 ordinatione
355 1834 482 1862 disserta
510 1833 563 1860 sint
578 1852 586 1864 ,
612 1832 720 1866 proprie
745 1836 835 1859 tamen
860 1832 893 1859 de

82 1882 135 1914 ipso
150 1882 266 1908 mundo
283 1886 381 1914 pauca
400 1883 526 1912 repetere
542 1898 549 1910 ,
577 1877 602 1904 id
628 1882 668 1904 est
682 1877 722 1912 {de
737 1878 814 1904 initio
833 1877 892 1912 ejus

81 1934 108 1954 ac
119 1925 183 1959 line,
199 1926 248 1954 vel
270 1926 318 1953 his
332 1932 399 1959 qum
415 1923 488 1950 inter
507 1923 612 1950 initium
626 1930 656 1950 ac
671 1923 749 1949 linem
764 1922 819 1959 (55)
834 1923 892 1958 ejus

80 1979 123 2005 per
133 1972 268 1999 divinam
285 1968 498 2006 providentiam
517 1968 719 2003 dispensantur,
735 1976 781 1996 seu
799 1970 832 1996 de
850 1970 891 1997 his

78 2022 209 2051 queante
228 2017 385 2045 mundum
406 2014 480 2042 facta
494 2014 535 2041 vel
551 2019 610 2049 post
622 2014 751 2041 mundum
768 2014 891 2042 facienda

79 2067 214 2096 putantur.
247 2063 285 2091 In
320 2069 382 2098 quo
404 2063 459 2089 hoc
482 2061 598 2095 primum
615 2061 754 2088 evidenter
778 2067 891 2095 apparet

78 2109 145 2143 Quod
158 2110 257 2138 omnis
274 2113 379 2137 status
393 2107 467 2141 ejus,
481 2107 526 2141 qui
541 2112 582 2133 cst
597 2107 690 2133 varius
705 2115 735 2134 ac
753 2107 889 2140 diversus,

78 2162 127 2183 non
151 2156 245 2184 solum
272 2163 317 2183 ex
348 2153 565 2182 rationabilibus
585 2157 612 2180 et
634 2153 815 2181 divinioribus
843 2161 890 2179 na-

79 2201 141 2230 turis
154 2222 164 2236 ,
193 2192 230 2230 ρι’
243 2210 283 2230 ex
303 2199 433 2228 diversis
462 2199 621 2233 corporibus
639 2204 744 2226 constet
762 2219 769 2231 ,
788 2199 834 2226 sed
856 2207 889 2227 cx

77 2247 156 2276 mutis
174 2247 388 2275 animantibus
401 2265 409 2277 ,
429 2244 456 2271 id
475 2248 519 2271 est
530 2244 606 2276 feris,
623 2244 727 2277 bestiis,
743 2245 890 2279 pecudibus

76 2296 100 2319 et
110 2293 221 2328 avibus,
240 2298 340 2328 atque
352 2290 489 2318 omnibus
501 2297 560 2323 qua:
575 2291 599 2317 in
614 2291 693 2324 aquis
708 2291 818 2323 vivunt;
835 2295 888 2318 tum

75 2338 168 2367 deinde
179 2348 216 2367 ex
235 2339 332 2371 locis,
355 2337 383 2365 id
396 2341 443 2364 est
457 2335 533 2367 cceli,
558 2336 598 2363 vel
611 2336 755 2369 ccelorum,
772 2341 799 2364 et
811 2341 889 2363 terra:

75 2385 113 2411 vel
126 2392 207 2421 aqua:
225 2394 234 2419 ;
252 2385 310 2413 sed
337 2388 370 2411 et
389 2390 425 2410 cx
443 2389 477 2409 eo
499 2383 544 2416 qui
562 2382 665 2410 medius
677 2386 719 2410 est
732 2390 795 2410 aere
807 2403 815 2415 ,
846 2383 889 2410 vel

117 2474 163 2511 l7)
176 2475 229 2504 Sic
246 2481 334 2511 mss.‘
349 2472 448 2511 Alias,
466 2480 475 2497 ι
490 2472 645 2511 devoratur.
657 2482 666 2498 ι

85 2506 160 2550 ’(88)
176 2511 266 2542 κω..
290 2518 303 2536 ι
318 2506 507 2536 dementiam.
521 2515 531 2532 ι
552 2506 628 2534 Libb.
638 2507 702 2534 editi
719 2516 729 2533 ‹
741 2508 887 2539 inclemen-

75 2550 278 2615 mTéibibb.
289 2578 379 2611 editi,
409 2585 421 2603 ι
433 2583 466 2603 ea
482 2583 542 2610 quae
562 2576 595 2604 de
620 2577 723 2615 sanctis
738 2576 888 2615 Scripturis

74 2615 104 2641 ab
119 2612 184 2643 aliis
209 2614 334 2650 prolata
359 2615 441 2645 sunt,
470 2618 645 2645 exponemus.
663 2622 671 2638 ι
699 2612 751 2639 Sed
779 2620 843 2640 mss.
860 2618 887 2639 nl

74 2650 97 2675 in
110 2655 210 2678 nostro
230 2654 335 2678 lextu.

103 2685 159 2721 (50)
176 2685 242 2721 Duo
258 2685 364 2721 haecce
394 2680 539 2721 sequentia
566 2680 718 2721 fragmenta
739 2683 771 2721 ad
786 2682 886 2721 calcem

73 2716 130 2747 litui
145 2716 235 2754 primi
256 2716 577 2754 rejecimus,‘qu0n_i‘atu
595 2717 811 2754 interpretationi
831 2717 884 2743 llu-

73 2755 126 2788 ini,
145 2750 201 2790 'qui
217 2762 255 2782 ea
285 2751 468 2788 suppressit,
493 2750 601 2786 adjungi
617 2758 631 2778 c
648 2752 758 2786 regione
774 2759 824 2779 non
838 2759 885 2786 po-

73 2794 190 2818 tuerunt.
475 2800 480 2804 ι

104 2824 161 2859 (5|)

103 2859 162 2932 (ἓξῖ

176 2825 275 2852 Caute
294 2822 374 2858 lege.

177 2859 279 2886 Caute
297 2858 375 2892 lege.

186 2895 239 2923 Sic
262 2889 347 2922 recte
362 2897 450 2923 mss.;
466 2889 534 2918 male
546 2890 607 2918 libri
624 2895 704 2918 antea
715 2889 783 2918 editi
803 2900 831 2918 ε(
851 2891 884 2918 ad

914 1697 933 1724 Β
948 1699 1026 1726 quem
1043 1692 1170 1718 aetherem
1187 1690 1279 1717 dicunt
1296 1689 1361 1724 (5i),
1379 1693 1458 1723 atque
1471 1695 1504 1715 ex
1519 1687 1646 1715 omnibus
1671 1690 1731 1722 quae

946 1737 1096 1772 procedunt
1116 1736 1157 1763 vel
1172 1739 1321 1762 nasctmtur
1334 1742 1365 1762 ex
1385 1739 1466 1762 terra.

945 1783 951 1818 Ῐ
1037 1782 1113 1808 Οὕτω
1136 1781 1168 1816 δὴ
1194 1781 1319 1807 ποικιλω-

946 1829 1026 1855 mimo
1048 1829 1148 1863 κόσμου
1175 1828 1320 1862 τυγχάνω-

944 1885 998 1908 “tog,
1013 1876 1059 1901 καὶ
1072 1875 1188 1901 τοσαῦτα
1205 1875 1319 1910 διάφορα

944 1922 1038 1958 λογικὰ
1072 1922 1262 1958 περιέχοντος,
1292 1923 1318 1948 τί

944 1969 1007 1995 ἄλλο
1020 1969 1072 2004 χρὴ
1082 1968 1170 2002 λέγειν
1182 1969 1266 1994 αἴτιον
1278 1976 1321 2001 γε-

945 2016 1050 2050 γονέναι
1090 2015 1135 2041 τοῦ
1172 2015 1320 2050 ὑποστῆναι

945 2063 1025 2089 αὑτὸν
1039 2083 1046 2094 ,
1063 2063 1078 2097 ἢ
1099 2063 1127 2089 τὸ
1141 2062 1261 2088 ποικίλον
1270 2062 1319 2097 τῆς

944 2108 1128 2139 ἁποπτὼσεως
1175 2107 1227 2133 τῶν
1271 2107 1318 2142 οὐχ

943 2156 1041 2191 ὁμοίως
1055 2156 1103 2190 τῆς
1121 2154 1212 2186 ἑνάδος
1233 2156 1317 2189 dump-

944 2203 1067 2238 ῥεόντων.
1084 2203 1111 2229 Id
1125 2207 1166 2229 est
1185 2211 1191 2227 :

943 2246 986 2272 Ita
1011 2255 1069 2272 cum
1087 2247 1200 2273 mundus
1216 2254 1316 2272 summa

943 2298 1039 2320 constet
1055 2294 1188 2325 varietate,
1201 2297 1316 2319 tentant-

942 2347 990 2374 que
1020 2339 1213 2366 rationubilium
1236 2339 1317 2365 conti-

943 2391 1002 2413 neat
1036 2385 1211 2420 di/ferentiam
1227 2405 1234 2417 ,
1254 2384 1315 2420 quid

1358 1781 1423 1808 Cum
1433 1787 1496 1813 ergo
1510 1782 1583 1806 tanta
1592 1779 1627 1805 sit
1639 1778 1729 1804 mundi

1357 1826 1493 1856 varietas,
1515 1829 1595 1858 atque
1624 1824 1649 1850 in
1667 1823 1731 1857 ipsis

1358 1870 1564 1899 rationabilibus
1586 1869 1731 1896 animanti-

1357 1917 1406 1945 bus
1421 1918 1455 1944 sit
1476 1920 1547 1943 tanta
1576 1915 1728 1942 diversitas.

1356 1967 1464 1997 propter
1479 1969 1559 1995 quam
1575 1960 1658 1988 etiam
1671 1968 1730 1987 om-

1356 2008 1398 2034 nis
1409 2007 1511 2041 reliqua
1522 2007 1638 2033 varietas
1648 2012 1680 2032 ac
1690 2005 1729 2031 di-

1355 2055 1467 2082 versitas
1482 2053 1599 2088 putanda
1621 2057 1661 2080 est
1682 2060 1729 2079 cx-

1356 2102 1478 2134 stitisse;
1503 2108 1584 2136 quam
1616 2108 1727 2127 causam

1356 2149 1435 2176 aliam
1449 2150 1499 2176 dici
1513 2148 1649 2184 oportebit
1674 2155 1727 2181 qua

1356 2197 1472 2224 mundus
1498 2196 1633 2223 exstiterit
1659 2195 1726 2230 (56),

1354 2241 1487 2276 praecipue
1520 2241 1542 2268 si
1573 2242 1727 2267 intueamur

1354 2289 1426 2315 illum
1459 2288 1539 2316 ﬁnem
1572 2295 1619 2322 per
1645 2294 1725 2322 quem

1352 2335 1615 2363 omuiarestituenda
1629 2335 1654 2361 in
1669 2339 1724 2361 sta-

1353 2388 1407 2410 tum
1424 2383 1491 2410 initii
1506 2383 1547 2410 sui
1562 2402 1569 2415 ,
1598 2382 1667 2410 libro
1680 2390 1725 2410 su--

941 2475 1083 2502 terminum
1104 2483 1135 2503 ac
1148 2475 1238 2502 finem.
1250 2484 1259 2501 ›
1279 2473 1362 2501 Paulo
1371 2478 1433 2508 post
1446 2473 1509 2501 libb.
1526 2472 1612 2501 editi:
1635 2482 1644 2498 ‹
1656 2472 1724 2506 Qua:

937 2515 999 2536 ante
1014 2511 1141 2537 mundum
1163 2510 1204 2537 vel
1223 2515 1282 2544 post
1304 2510 1433 2535 mundum
1451 2513 1591 2542 putantur.
1621 2508 1648 2533 lu
1671 2516 1719 2544 qut

937 2546 1053 2578 primum
1072 2545 1214 2572 evidenter
1224 2543 1344 2580 apparet
1357 2543 1654 2580 quoadomnisnslalus
1666 2543 1725 2580 ejus

938 2577 981 2611 qui
995 2585 1036 2606 est
1050 2580 1142 2607 varius
1159 2587 1190 2607 ac
1207 2577 1330 2606 diversus
1354 2577 1385 2605 ex
1406 2578 1613 2605 ralionabilibus
1640 2582 1666 2604 et
1682 2577 1723 2604 di-

938 2615 1089 2642 vinioribus
1106 2615 1210 2641 naturis
1228 2636 1234 2647 ,
1254 2620 1280 2641 et
1300 2622 1332 2640 ex
1345 2613 1461 2640 diversis
1477 2613 1635 2647 corporibus
1659 2619 1723 2638 con-

937 2654 1014 2675 stans
1028 2670 1034 2681 ,
1059 2649 1159 2676 scilicet
1177 2657 1208 2676 ex
1234 2650 1315 2676 ruutis
1331 2647 1530 2679 animantibus,
1548 2656 1556 2672 ι
1589 2651 1642 2674 etc.
1669 2646 1724 2674 Sed

937 2691 1032 2710 omnes
1044 2692 1109 2711 mss.
1134 2689 1162 2710 ut
1176 2685 1201 2710 in
1216 2690 1310 2711 nostro
1322 2689 1405 2710 textu.

972 2718 1027 2750 (54)
1048 2718 1125 2749 Mss,
1144 2727 1152 2743 ι
1173 2719 1275 2746 dicunt.
1307 2728 1315 2744 ι
1334 2718 1410 2745 Libb.
1426 2718 1501 2749 editi,
1525 2726 1534 2743 ι
1552 2717 1676 2743 dicimus.
1692 2724 1702 2742 ›

972 2751 1026 2787 (55)
1050 2753 1130 2780 Οὕτω
1157 2753 1194 2787 δὴ
1219 2753 1432 2781 ποικιλωτάτου
1449 2773 1455 2782 ,
1472 2758 1523 2779 etc.
1558 2751 1650 2779 Grteca
1667 2751 1721 2787 hajt-

937 2785 1046 2824 exstant
1062 2789 1095 2815 ad
1115 2785 1216 2815 calcem
1237 2789 1357 2824 epistola:
1379 2785 1721 2824 Justinianiuimperatqris

938 2823 969 2849 ad
991 2823 1097 2850 Menam
1113 2822 1296 2855 patriarcham
1313 2822 1657 2856 Constantinopolitanum.

974 2858 1029 2894 (56)
1043 2858 1127 2887 Caute
1145 2858 1209 2892 lege.
