3988 6418
477 346 578 403 185

469 463 619 519 aliud
651 463 926 518 dicendum
953 480 1028 519 est
1058 466 1225 535 fuisse

468 562 648 608 (itth
676 566 729 608 ut
751 556 1034 619 subsistat,
1067 573 1222 623 quam

468 652 772 703 varietatem
815 650 996 719 lapsus
1044 668 1222 703 eorum

468 738 561 807 qui
601 755 705 792 non
743 740 989 792 similiter
1021 739 1084 791 ab
1106 741 1223 791 uni-
1298 755 1458 809 quam
1488 739 1672 802 aliam.
1712 750 1769 795 ut
1793 741 2050 804 diximus,

471 837 579 883 tate
605 828 886 901 deﬂuunt]
1298 846 1525 887 causam
1556 833 1868 901 putabimus
1891 842 2054 887 tantae

470 918 631 987 hujus
659 921 842 974 mundi
881 920 1216 976 diversitatis
1242 963 1256 988 ,
1316 924 1421 981 nisi
1465 924 1837 980 diversitatem
1871 938 1935 979 ac
1959 938 2054 977 va-

469 1012 717 1066 rietatem
751 1022 994 1068 motuum
1028 1028 1089 1070 ac
1116 1016 1465 1086 prolapsumn
1507 1034 1695 1071 eorum
1744 1018 1837 1087 qui
1864 1017 1934 1071 ab
1963 1016 2049 1071 illa

468 1104 606 1157 initii
640 1105 851 1161 unitate
891 1116 1054 1178 atque
1081 1110 1370 1164 concordia
1426 1110 1478 1164 in
1515 1126 1618 1180 qua
1650 1126 1678 1163 a
1716 1110 1823 1165 Deo
1864 1110 2053 1179 primi-

468 1203 558 1247 tus
595 1197 868 1263 procreati
905 1208 1052 1263 sunt,
1083 1200 1407 1255 deciderunt
1438 1243 1452 1265 ,
1488 1210 1541 1256 et
1574 1203 1643 1254 ab
1673 1201 1766 1254 illo
1790 1201 2052 1254 bonitatis

470 1290 616 1337 statu
647 1287 905 1340 commoti
937 1297 1101 1357 atque
1127 1290 1400 1355 distracti,
1435 1292 1664 1347 diversis
1700 1292 1898 1346 dehinc
1929 1292 2050 1344 aui-

466 1390 679 1430 morum
719 1378 954 1433 motibus
988 1395 1054 1435 ac
1080 1382 1375 1439 desideriis
1422 1385 1613 1452 agitati
1646 1424 1661 1448 ,
1720 1400 1884 1438 unum
1916 1384 2050 1438 illud

466 1475 519 1520 et
553 1467 901 1521 indiscretum
960 1481 1174 1527 naturae
1224 1488 1335 1530 suae
1376 1475 1575 1529 bonum
1605 1489 1703 1543 pro
1734 1476 2051 1530 intentionis

466 1571 576 1609 suae
613 1558 925 1614 diversitate
953 1562 1004 1615 in
1035 1564 1221 1619 varias
1249 1566 1593 1620 deduxerunt
1624 1566 1887 1619 mentium
1919 1582 2051 1637 qua-

465 1648 690 1702 litates?

535 1740 589 1792 2.
634 1740 777 1806 Deus
794 1757 921 1798 vero
948 1761 1042 1813 per
1073 1742 1397 1804 ineffabilem
1430 1751 1715 1818 sapientia:
1740 1768 1852 1807 suae
1877 1764 2046 1810 artem

464 1832 648 1885 omnia
674 1847 794 1901 qua:
819 1839 1203 1903 quoquomodo
1231 1840 1367 1895 tibnt
1394 1841 1509 1912 (57)
1539 1883 1551 1906 ,
1583 1844 1647 1896 ad
1682 1846 1813 1899 utile
1843 1844 2046 1915 aliquid

463 1933 517 1974 et
545 1924 611 1976 ad
632 1939 974 1981 communem
1001 1931 1243 1985 omnium
1272 1933 1669 1989 transformans
1694 1951 1757 1991 ac
1787 1952 2047 2007 reparans

467 2013 773 2083 profectum
802 2057 818 2083 ,
880 2020 978 2073 bas
1012 2021 1157 2089 ipsas
1180 2032 1463 2078 creaturas
1509 2042 1628 2095 qua:
1677 2043 1705 2080 a
1740 2030 2048 2099 semetipsis

465 2107 519 2159 in
559 2115 767 2162 tantum
805 2110 1110 2165 animorum
1141 2114 1404 2169 varietate
1440 2117 1754 2185 distabant',
1794 2120 1845 2173 in
1881 2136 2044 2173 unum

466 2198 754 2262 quemdam
791 2211 1015 2254 revocat
1041 2201 1226 2270 operis
1251 2203 1526 2274 studiique
1556 2221 1881 2263 consensum
1912 2209 2046 2280 (58),

466 2296 526 2339 ut
552 2288 783 2344 diversis
814 2289 941 2345 licet
976 2295 1216 2350 motibus
1269 2299 1574 2351 animorum
1604 2339 1617 2362 ,
1671 2301 1832 2356 unius
1867 2312 2045 2358 tamen

463 2380 652 2434 mundi
697 2382 1090 2450 plenitudinem
1122 2387 1629 2462 perfectionemque
1668 2406 2048 2450 consumment

462 2470 573 2541 (‘59)
609 2513 624 2538 ,
656 2484 820 2545 atque
866 2480 929 2531 ad
976 2494 1140 2532 unum
1180 2480 1533 2549 perfectionis
1590 2483 1749 2539 finem
1799 2487 2038 2542 varietas

461 2563 579 2632 ipsa
616 2569 875 2622 mentium
902 2571 1105 2623 tendat.
1145 2571 1260 2627 Una
1301 2589 1533 2644 namque
1573 2577 1746 2631 virtus
1795 2587 1875 2633 est
1925 2596 2047 2649 quae

462 2667 677 2708 omnem
708 2660 890 2711 mundi
934 2662 1309 2717 diversitatem
1344 2667 1669 2737 constringit
1702 2678 1757 2722 et
1786 2673 2045 2737 continet,

462 2746 711 2814 atquein
743 2764 910 2803 unum
944 2766 1077 2820 opus
1110 2755 1291 2823 varios
1319 2757 1433 2826 agit
1464 2767 1643 2814 motus
1679 2802 1694 2826 ,
1734 2777 1803 2815 ne
1841 2762 2052 2817 scilicet

461 2844 572 2889 tam
632 2838 956 2895 immensum
1007 2847 1195 2900 mundi
1252 2863 1388 2917 opus
1444 2850 1688 2905 dissidiis
1744 2852 2051 2908 solveretur

462 2929 794 2988 animorum.
855 2930 922 2989 Et
956 2946 1177 3007 propter
1230 2940 1661 3013 hoc‘opinamur
1698 2945 1808 3018 (60)
1850 2962 2050 3016 paren-

464 3031 568 3076 tem
602 3026 847 3080 omnium
883 3029 1048 3083 Deum
1086 3046 1184 3099 pro
1211 3033 1386 3089 salute
1421 3037 1802 3092 universarum
1830 3049 2051 3094 creatu-

1297 557 1449 624 Quod
1501 554 1687 623 utique
1743 557 1788 612 si
1862 571 2053 612 conse-

1297 657 1528 717 quenter
1575 648 1781 704 dictum
1812 649 2050 713 videtur,

1714 337 2037 397 ORIGENIS

2156 339 2230 392 lPl
2268 340 2500 393 ΑΡΧΩΝ
3634 339 3726 394 184

1298 464 1500 533 periori
1568 463 1867 519 dissertum
1926 459 2060 517 est?
2089 458 2134 517 Δ
2166 472 2274 513 non
2307 467 2486 513 tamen
2519 455 2812 511 dissonans
2852 464 3014 526 atque
3038 468 3071 510 -a
3099 468 3159 510 se
3184 454 3496 526 discrepans
3546 460 3729 513 mundi

2157 550 2323 605 totius
2374 550 2761 621 intelligendus
2804 557 2887 602 est
2952 555 3172 613 status;
3220 546 3313 601 sed
3352 546 3495 602 sicut
3540 562 3731 618 corpus

2157 654 2402 698 nostrum
2439 659 2605 699 unum
2641 658 2706 697 ex
2733 643 2917 697 multis
2949 639 3210 696 membris
3239 648 3485 709 aptatum
3516 639 3628 710 (6%)
3651 649 3731 695 est

2154 744 2207 790 et
2240 738 2309 791 ab
2341 752 2447 790 una
2474 738 2655 791 anima
2685 736 3026 796 continetur,
3058 735 3130 787 ita
3149 741 3204 787 et
3232 733 3548 787 universum
3577 747 3731 785 mun-

2155 831 2280 884 dum
2308 829 2455 884 velut
2486 828 2690 883 animal
2730 828 3000 898 quoddam
3033 827 3356 879 immensum
3418 834 3578 893 atque
3632 822 3732 877 int-

2156 940 2310 978 mane
2354 925 2682 993 opinandum
2718 932 2846 992 puto
2898 920 3010 993 (6'5)
3046 963 3062 986 ,
3116 921 3258 990 quod
3313 919 3471 988 quasi
3501 917 3571 971 ab
3626 932 3729 971 una

2156 1019 2336 1071 anima
2368 1018 2571 1072 virtute
2610 1017 2700 1071 Dei
2734 1015 2844 1085 78
2900 1030 2965 1069 ac
3001 1014 3213 1067 ratione
3246 1020 3516 1066 teneatur.
3580 1009 3730 1075 Quod

2156 1110 2320 1163 etiam
2355 1125 2383 1162 a
2421 1118 2608 1163 sancta
2641 1107 2922 1176 Scriptura
2954 1104 3186 1157 iudicari
3212 1102 3448 1156 arbitror
3479 1115 3575 1169 per
3602 1100 3730 1153 illud

2155 1202 2297 1269 quod
2331 1200 2534 1254 dictum
2569 1207 2652 1253 est
2700 1212 2796 1265 per
2825 1195 3145 1264 prophetam
3181 1208 3197 1246 :
3248 1211 3266 1242 ι
3296 1191 3485 1246 Nonne
3535 1191 3728 1245 caelum

2155 1303 2207 1345 et
2244 1302 2444 1346 terram
2475 1306 2577 1361 ego
2603 1289 2801 1358 repleo,
2830 1288 2960 1342 dicit
2986 1286 3244 1341 Dominus
3266 1285 3393 1338 ‘1?»
3422 1294 3475 1337 et
3501 1284 3727 1336 iterum:

2157 1400 2177 1433 ι
2204 1381 2417 1436 Caelum
2459 1382 2590 1436 mihi
2614 1382 2791 1446 sedes,
2829 1388 2972 1434 terra
3006 1389 3188 1433 autem
3212 1377 3507 1433 seabellum
3540 1377 3729 1446 pedum

2155 1474 2463 1527 meorum"
2485 1514 2499 1537 ,
2521 1492 2539 1525 ι
2590 1482 2645 1527 et
2684 1474 2826 1542 quod
2865 1472 3115 1527 Salvator
3140 1470 3274 1525 dixit
3297 1469 3409 1539 (64)
3440 1511 3453 1535 ,
3510 1482 3631 1522 cum
3660 1467 3733 1520 ait

2155 1580 2261 1617 non
2292 1563 2581 1633 iurandum
2637 1583 2655 1615 ι
2687 1579 2865 1633 neque
2898 1579 2993 1633 per
3028 1564 3223 1617 coelum
3246 1602 3261 1624 ,
3301 1562 3424 1629 quia
3453 1560 3611 1615 sedes
3639 1560 3728 1613 Dei

2154 1665 2236 1711 est
2270 1674 2284 1721 ;
2316 1669 2491 1724 neque
2521 1670 2615 1723 per
2655 1664 2880 1720 terram,
2912 1654 3036 1722 quia
3063 1652 3351 1707 seabellum
3379 1652 3572 1720 pedum
3613 1650 3731 1716 ejus

2154 1747 2319 1802 est”.
2362 1765 2380 1798 ι
2445 1746 2550 1802 Sed
2610 1756 2664 1800 et
2696 1746 2824 1801 illud
2871 1746 3013 1815 quod
3065 1745 3141 1798 ait
3186 1744 3381 1797 Paulus
3432 1758 3557 1797 cum
3590 1741 3726 1809 apud

2081 1815 2122 1868 Β
2152 1838 2521 1892 Athenienses
2562 1837 2985 1892 concionaretur
3016 1876 3032 1899 ,
3091 1836 3279 1889 dicens
3328 1835 3584 1902 quoniam
3626 1850 3647 1882 r
3675 1832 3727 1885 in

2150 1929 2267 1998 ipso
2298 1929 2557 1994 vivimus,
2586 1938 2639 1984 et
2669 1942 2970 1992 movemur,
3001 1940 3055 1981 et
3082 1942 3267 1981 sumus
3288 1927 3352 1981 “.
3389 1946 3407 1977 ι
3452 1925 3730 1993 Quomodo

2149 2020 2293 2074 enim
2324 2021 2375 2074 in
2408 2022 2517 2076 Deo
2542 2021 2775 2075 vivimus
2806 2059 2822 2084 ,
2862 2028 2917 2073 et
2942 2033 3243 2082 movemur,
3275 2028 3329 2072 et
3351 2033 3571 2083 sumus,
3627 2016 3729 2069 nisi

2149 2114 2293 2183 quod
2324 2115 2530 2167 virtute
2557 2126 2653 2166 sua
2680 2112 2998 2165 universum
3035 2111 3361 2179 constringit
3390 2121 3445 2165 et
3490 2110 3731 2164 continet

2150 2208 2408 2261 mundum
2441 2206 2465 2258 Ὺ
2521 2205 2803 2271 Quomodo
2852 2214 3031 2259 autem
3086 2204 3279 2257 coelum
3315 2204 3474 2258 sedes
3504 2203 3595 2257 Dei
3628 2211 3729 2267 est,

2150 2308 2205 2354 et
2231 2310 2377 2353 terra
2411 2299 2710 2354 seabellum
2749 2299 2945 2368 pedum
2981 2298 3121 2367 ejus,
3163 2298 3302 2352 sicut
3334 2298 3444 2367 ipse
3478 2297 3730 2352 Salvator

2150 2394 2470 2463 pronuntiat
2501 2433 2516 2459 ,
2559 2393 2663 2447 nisi
2696 2393 2823 2460 quia
2854 2400 2906 2445 et
2946 2392 3000 2444 in
3032 2391 3171 2445 coelo
3202 2400 3256 2446 et
3282 2392 3333 2445 in
3382 2400 3528 2444 terra
3557 2391 3731 2442 virtus

2151 2485 2271 2554 ejus
2297 2485 2465 2554 replet
2498 2486 2749 2540 universa
2783 2486 2923 2538 sicut
2972 2494 3027 2538 et
3064 2484 3195 2538 dicit
3226 2484 3532 2539 Dominus?
3583 2481 3732 2548 Quo-

2153 2577 2315 2630 modo
2342 2590 2471 2643 ergo
2506 2590 2702 2644 parens
2731 2573 2971 2637 omnium
3027 2576 3165 2629 Deus
3218 2575 3527 2628 universum
3571 2587 3730 2625 mun-

2151 2666 2278 2719 dum
2313 2666 2532 2719 virtutis
2586 2665 2921 2734 plenitudine
2963 2664 3171 2734 repleat
3221 2674 3382 2733 atque
3432 2664 3728 2724 contineat,

2150 2772 2217 2811 ex
2246 2756 2329 2811 his
2359 2772 2478 2826 quae
2508 2757 2845 2812 ostendimus
2900 2773 3008 2811 non
3059 2766 3189 2826 puto
3230 2770 3559 2825 quemquam
3591 2753 3732 2808 difﬁ-

2152 2849 2328 2903 culter
2360 2864 2625 2904 annuere.
2660 2847 2777 2902 iam
2838 2863 2972 2904 sane
3022 2848 3282 2911 quoniam
3317 2844 3431 2917 (65)
3486 2845 3731 2901 diversos

2154 2951 2333 2995 motus
2359 2940 2765 2996 rationabiliqu
2808 2950 3185 2995 creaturarum
3214 2980 3230 3004 ,
3292 2937 3581 3006 variasque
3610 2950 3732 2990 sen-

2156 3032 2353 3087 tentias
2410 3048 2633 3087 causam
2676 3032 2890 3087 dedisse
2939 3030 3275 3086 diversitatis
3330 3030 3531 3082 mundo
3584 3028 3728 3091 huic,

461 3128 645 3205 rarum
684 3130 902 3172 suarum
933 3135 1032 3188 per
1058 3122 1386 3180 ineffabilem
1422 3125 1582 3181 Verbi
1614 3128 1699 3182 sui
1736 3143 1799 3183 ac
1832 3131 2048 3199 sapien-
2074 3144 2122 3205 ο
2153 3139 2333 3180 sermo
2362 3125 2661 3193 superioris
2691 3124 3072 3195 disputationis
3119 3121 3396 3186 ostendit,
3437 3120 3728 3174 videndum

464 3204 554 3258 tia:
583 3206 845 3262 rationem
878 3209 949 3263 ita
986 3212 1099 3266 haec
1125 3214 1335 3283 singula
1368 3217 1733 3287 dispensasse,
1764 3229 1824 3274 ut
1846 3221 2043 3290 singuli

464 3296 667 3364 quique
690 3299 938 3369 spiritus,
969 3303 1054 3358 vel
1079 3306 1245 3360 animi
1272 3345 1287 3371 ,
1325 3307 1409 3363 vel
1444 3314 1826 3379 quoquomodo
1862 3313 2046 3382 appel-

461 3386 636 3444 landa:
663 3399 793 3445 sunt
843 3394 1191 3451 rationabiles
1238 3401 1606 3455 subsistentiae
1632 3444 1647 3468 ,
1710 3418 1816 3457 non
1852 3414 2044 3460 contra

464 3479 678 3534 arbitrii
731 3481 1039 3538 libertatem
1064 3526 1079 3551 ,
1127 3488 1179 3541 vi
1216 3489 1270 3543 in
1326 3490 1472 3545 aliud
1504 3488 1617 3562 (6|)
1646 3509 1808 3563 quam
1840 3507 2047 3553 tmotus

465 3570 662 3624 mentis
692 3586 804 3626 sua:
835 3583 1021 3642 ageret
1050 3618 1066 3642 ,
1102 3589 1427 3647 cogerentur
1460 3621 1476 3646 ,
1511 3590 1565 3635 et
1596 3596 1691 3650 per
1742 3585 1845 3639 hoc
1881 3587 2045 3640 adimi

466 3660 642 3715 abhis
672 3663 953 3718 videretur
984 3665 1140 3720 liberi
1175 3668 1404 3725 facultas
1446 3673 1654 3727 arbitrii
1696 3690 1710 3738 ;
1763 3675 1906 3743 quod
1938 3676 2046 3728 uti-

462 3760 571 3814 que
601 3748 918 3816 qualitatem
960 3751 1071 3819 jam
1127 3765 1333 3810 naturae
1378 3759 1547 3826 ipsius
1583 3761 1947 3829 immutabat;
1990 3775 2045 3819 et

463 3838 663 3893 diversi
696 3850 875 3896 motus
905 3847 1165 3912 propositi
1200 3864 1389 3902 earum
1423 3852 1489 3904 ad
1516 3854 1676 3907 unius
1706 3856 1888 3909 mundi
1920 3871 2047 3911 con-

463 3930 770 3983 sonantiam
828 3942 1205 4003 competenter
1256 3949 1420 4007 atque
1452 3944 1656 3999 utiliter
1703 3956 2043 4015 aptarentur,

465 4019 596 4074 dum
629 4021 752 4078 alia:
774 4023 952 4091 juvari
984 4028 1251 4100 indigent,
1294 4034 1625 4105 aliazjuvare
1654 4051 1898 4107 possunt,
1925 4041 2045 4096 alia:

464 4127 597 4167 vero
622 4115 1034 4183 proficientibus
1057 4125 1358 4179 certamina
1387 4138 1551 4196 atque
1575 4145 1779 4200 agones
1805 4143 2041 4201 movent,

462 4206 515 4258 in
545 4208 740 4276 quibus
789 4225 977 4265 eorum
1014 4214 1348 4281 probabilior
1402 4220 1694 4276 traheretur
1748 4224 2041 4291 industria,

460 4308 516 4353 et
538 4300 740 4355 certior
788 4312 911 4371 post
976 4305 1266 4362 victoriam
1327 4314 1563 4380 reparati
1623 4317 1825 4385 gradus
1883 4319 2043 4372 statio

460 4399 735 4447 teneretur
759 4408 880 4463 qua:
929 4411 1026 4465 per
1059 4397 1404 4457 difﬁcultates
1442 4403 1806 4461 laborantium
1838 4411 2042 4464 consti-

460 4483 635 4538 tisset.

525 4568 581 4630 ὅς
605 4576 863 4644 Quamvis
891 4593 1023 4651 ergo
1057 4581 1109 4634 in
1148 4582 1376 4640 diversis
1405 4582 1476 4640 sit
1513 4582 1708 4641 ofﬁciis
1735 4588 2040 4661 ordinatus,

526 4767 569 4801 “
595 4767 799 4826 Jerem.
841 4787 1003 4837 xxm,
1038 4772 1131 4824 24.
1222 4774 1267 4805 ⁸³
1301 4772 1402 4829 lsa.
1432 4788 1578 4839 LXVI,
1638 4775 1688 4827 l.

680 4950 831 5023 MSS"
867 4971 892 5023 «_
922 4954 1075 5004 fiunt.
1114 4972 1131 5004 ι
1165 4953 1318 5008 Libb.
1358 4957 1511 5023 editi,
1556 4976 1573 5007 t
1609 4956 1833 5011 fuerint.
1868 4976 1887 5007 ι

530 5020 642 5080 156)
682 5020 856 5089 Caute
881 5020 1017 5089 lege.

527 5090 638 5159 (59)
670 5088 1159 5163 Perfectiaiteﬁmque
1187 5107 1563 5150 consumment.
1607 5095 1697 5152 Sic
1725 5112 1878 5163 mss.;
1908 5098 2046 5152 Mero

464 5158 797 5221 littus’vero.
842 5180 858 5210 ι
888 5158 1245 5228 perfectionis
1272 5177 1634 5222 consummet.
1670 5187 1689 5219 ι

533 5228 648 5306 (60)
691 5229 783 5283 Sic
825 5248 956 5306 mss.
1000 5230 1177 5306 Ltbb_._
1199 5233 1329 5286 editi
1363 5273 1376 5299 ,
1429 5253 1447 5285 ι
1478 5249 1702 5306 prOpter
1747 5239 1860 5293 hate
1900 5239 2043 5291 enim

463 5301 757 5375 opinantur
787 5301 1026 5375 quidam.
1066 5321 1084 5353 ι
1131 5302 1247 5356 Mox
1296 5301 1497 5375 (omnes
1534 5301 1665 5359 mss.
1695 5347 1713 5373 ,
1775 5327 1791 5358 ι
1834 5325 1927 5375 per
1957 5310 2042 5362 in-

463 5369 777 5443 effabilem,
812 5382 919 5443 etc.
975 5372 1049 5423 Ita
1104 5375 1215 5426 haue
1262 5374 1470 5441 singula
1505 5369 1872 5443 dispettsassé.
1904 5398 1921 5428 ι
1984 5376 2041 5430 lu

468 5438 598 5517 libb.
630 5439 793 5517 editis
829 5440 983 5517 deest
1025 5443 1042 5491 ἀ
1075 5458 1169 5517 per
1196 5463 1253 5517 ,_i
1312 5438 1369 5495 et
1406 5448 1553 5517 apud
1578 5438 1858 5517 lilerlinum
1915 5448 2046 5517 legi-

468 5516 596 5583 tur,
635 5527 653 5583 ς
719 5510 789 5583 ita
830 5509 1303 5583 in‘hocgsiugula;
1358 5532 1376 5563 ι
1416 5509 1557 5583 apud
1607 5509 2043 5583 Genebrarduin,

472 5594 490 5626 ι
531 5579 603 5649 ita
630 5579 707 5649 in;
732 5579 847 5633 haec
876 5580 1106 5649 singula.
1144 5579 1162 5633 ἱ

539 5646 763 5725 (6l)_lta
796 5664 925 5702 mss.
966 5646 1304 5725 _Lil)b.ivero
1334 5652 1462 5706 editi
1496 5694 1509 5715 ,
1568 5673 1587 5704 ‹
1626 5657 1896 5724 quomodo
1946 5672 2041 5725 ap-

464 5718 727 5783 pellanda:
769 5727 892 5772 sunt
942 5722 1292 5777 rationabiles
1350 5718 1666 5779 subStautite
1717 5741 1819 5781 non
1853 5718 2041 5782 contra

469 5787 681 5841 arbitrii
717 5787 1019 5845 libertatem
1051 5793 1131 5845 vel
1160 5794 1210 5845 in
1238 5794 1403 5861 aliud,
1442 5816 1459 5844 ι
1492 5805 1595 5847 etc.

1771 4776 1817 4808 ι’
1854 4775 2042 4831 Matth.
2104 4794 2187 4841 tn,
2234 4778 2323 4832 54.

2152 3232 2221 3271 ne
2257 3217 2398 3272 forte
2452 3218 2649 3271 similis
2706 3218 2860 3271 initio
2912 3214 3025 3286 (66)
3081 3215 3261 3268 exitus
3321 3226 3541 3282 quoque
3603 3212 3729 3266 huic

2150 3306 2353 3361 mundo
2381 3308 2696 3368 conveniat.
2752 3307 2983 3361 Dubium
3009 3306 3153 3388 enim
3184 3305 3295 3373 (67)
3326 3318 3429 3358 non
3480 3313 3565 3358 est
3595 3304 3727 3372 quin

2149 3396 2273 3451 finis
2302 3398 2470 3466 ipsius
2494 3399 2546 3452 in
2584 3398 2906 3452 diversitate
2952 3398 3121 3450 multa
3162 3395 3339 3449 adhuc
3367 3405 3421 3448 et
3465 3395 3731 3453 varietate

2149 3491 2502 3559 reperiendus
2521 3491 2613 3553 sit,
2642 3505 2761 3557 quas
2787 3489 2975 3558 utique
3002 3488 3239 3541 varietas
3269 3486 3319 3539 in
3345 3486 3509 3554 hujus
3541 3488 3730 3547 mundi

2149 3581 2254 3636 fine
2289 3582 2623 3650 deprehensa
2675 3595 2872 3634 causas
2928 3578 3041 3648 (68)
3102 3593 3290 3632 rursus
3346 3577 3729 3632 diversitatum

2147 3671 2376 3724 alterius
2404 3671 2591 3724 mundi
2613 3679 2735 3739 post
2768 3671 2910 3725 hunc
2951 3667 3117 3721 futuri
3142 3666 3567 3735 occasionesque
3593 3682 3731 3737 pra:-

2147 3762 2331 3817 stabit.

2217 3854 2269 3907 4.
2303 3854 2458 3920 Quod
2483 3855 2527 3908 si
2559 3855 2671 3907 haec
2698 3854 2767 3907 ita
2797 3867 2914 3908 esse
2938 3853 3071 3907 ordo
3101 3851 3728 3920 disputotionisinveuit,

2147 3961 2488 4017 consequens
2518 3962 2661 4001 nunc
2690 3947 2903 4001 videtur
2927 3990 2943 4014 ,
2987 3948 3245 4017 quoniam
3283 3948 3466 4000 mundi
3498 3946 3731 4001 diversi-

2149 4050 2234 4093 tas
2256 4039 2375 4092 sine
2401 4039 2721 4107 corporibus
2752 4039 3050 4093 subsistere
3086 4054 3189 4091 non
3245 4046 3427 4107 potest
3456 4039 3589 4110 (69),
3633 4056 3732 4093 na-

2150 4140 2283 4184 turm
2312 4146 2588 4200 corporeae
2615 4132 2890 4185 discutere
2943 4130 3228 4183 rationem.
3284 4129 3359 4183 Ex
3406 4131 3567 4184 rebus
3600 4130 3731 4199 ipsis

2149 4229 2374 4288 apparet
2398 4222 2541 4289 quod
2605 4222 2875 4274 diversam
2924 4219 3236 4288 variamque
3269 4220 3731 4287 permutationem

2150 4311 2381 4380 recipiat
2405 4321 2596 4365 natura
2621 4328 2880 4381 corporea
2906 4352 2920 4376 ,
2971 4314 3044 4365 ita
3072 4324 3129 4365 ut
3171 4312 3344 4380 possit
3376 4328 3443 4365 ex
3476 4312 3732 4366 omnibus

2149 4404 2202 4456 in
2231 4404 2413 4458 omnia
2443 4404 2861 4470 transformari;
2897 4405 3059 4468 sicut,
3105 4407 3249 4459 verbi
3277 4406 3445 4473 gratia
3473 4404 3727 4468 dixerim,

2072 4474 2121 4531 D
2151 4495 2355 4565 lignum
2409 4496 2462 4550 in
2498 4498 2677 4565 ignem
2709 4499 2942 4552 vertitur
2965 4537 2983 4563 ,
3037 4506 3091 4549 et
3121 4497 3257 4566 ignis
3287 4498 3338 4551 in
3372 4497 3616 4560 fumum,
3676 4505 3728 4549 et

2150 4590 2332 4644 fumus
2364 4589 2413 4642 in
2446 4605 2649 4647 acrem.
2703 4589 2808 4644 Sed
2834 4604 2888 4645 et
2916 4590 3019 4646 olei
3050 4592 3227 4659 liquor
3264 4592 3315 4645 in
3348 4592 3530 4660 ignem
3556 4601 3727 4645 muta-

2400 4776 2445 4805 “
2492 4778 2612 4828 Act.
2652 4789 2782 4837 xvu,
2826 4772 2916 4827 28.

2229 4959 2341 5030 (6‘2)
2375 4960 2446 5030 Ita
2476 4973 2607 5030 mss.
2641 4954 2795 5030 Lilil).
2821 4955 2949 5030 editi
2986 4996 2999 5019 ,
3057 4971 3075 5003 ‹
3108 4960 3312 5021 aptum.
3346 4972 3364 5003 ι
3415 4953 3535 5030 Mox
3571 4968 3725 5019 mss.,

2159 5047 2177 5078 ‹
2200 5023 2345 5083 velut
2363 5028 2562 5081 animal
2584 5025 2851 5095 quoddam
2874 5027 3194 5095 immensum
3225 5032 3388 5090 atque
3414 5023 3671 5079 immane.
3706 5044 3723 5076 ι

2152 5099 2209 5152 ln
2245 5110 2400 5151 antea
2429 5094 2791 5167 editisgdeest,
2829 5112 2847 5145 ι
2872 5094 3217 5167 immensum.
3255 5111 3273 5143 ι

2226 5168 2336 5239 (65)
2378 5166 2876 5239 Conferl’ltttottettt
2920 5161 3229 5239 inTinttro.

2223 5230 2335 5310 (64)
2374 5237 2541 5292 Dixit.
2588 5236 2934 5291 Desideratur
2974 5232 3026 5285 in
3060 5231 3245 5296 editis,
3294 5230 3388 5286 sed
3413 5231 3645 5287 habetur
3677 5233 3727 5285 iu

2148 5325 2281 5364 mss.

2247 5378 2335 5448 65)
2379 5377 2471 5445 Sic
2503 5394 2631 5431 mss.
2656 5376 2829 5448 Alias,
2859 5390 2878 5424 ι
2908 5372 3198 5448 quomodo.
3239 5390 3259 5423 ι

2246 5441 2336 5517 66)
2378 5441 2467 5503 Sic
2498 5464 2630 5505 mss.
2662 5441 2831 5512 Alias,
2864 5462 2883 5495 ί
2922 5441 3083 5497 simul
3108 5456 3232 5496 cum
3264 5441 3437 5499 initio.
3479 5462 3497 5495 ι

2223 5518 2333 5589 (67)
2374 5518 2542 5589 Caute
2574 5519 2710 5587 lege.

2226 5581 2339 5644 (68’)
2379 5588 2601 5643 Causas.
2627 5581 2805 5642 'Deest
2835 5587 2890 5640 in
2927 5591 3084 5637 antea
3115 5584 3277 5639 editis
3313 5624 3328 5651 ,
3378 5581 3473 5638 sed
3500 5583 3729 5639 habetur

2152 5678 2201 5716 ιη
2234 5674 2364 5715 mss.

2224 5728 2332 5801 (69)
2376 5727 2466 5783 Slc
2503 5743 2633 5783 mss.
2656 5728 2827 5795 Alias,
2870 5743 2889 5775 ί
2914 5723 3130 5795 poterit.
3166 5741 3187 5775 ι
