3880 6520
151 380 237 435 433
1416 396 1613 453 LIBER
1657 391 2038 453 SECUNDUS.

3276 386 3375 440 £86

148 506 237 551 tur.
283 495 427 550 Esca:
486 510 704 566 quoque
772 500 902 569 ipsze
947 504 1030 558 vel
1088 502 1393 570 hominum,
1452 508 1535 561 vel
1583 508 1703 560 ani—
1733 509 1779 565 Α
1810 506 2009 563 tionem
2043 524 2221 563 rerum
2253 506 2521 578 possimus
2560 503 2849 559 dilucidius
2899 502 3145 565 intueri,
3181 517 3377 557 concc-

146 588 338 641 malium
369 602 548 643 nonne
591 593 843 647 eamdem
893 597 1309 663 permutationis
1344 612 1563 650 causam
1598 598 1695 652 de-

143 679 363 733 clarant?
392 678 527 732 Nam
559 684 924 753 quodcunque
957 687 1085 739 illud
1106 694 1190 739 est
1218 687 1360 755 quod
1396 702 1491 756 per
1519 687 1695 741 cibum

139 771 505 839 sumpserimus
530 812 546 837 ,
590 775 645 827 in
673 779 919 845 corporis
952 780 1125 832 nostri
1164 779 1525 833 substantiam
1582 796 1698 833 ver-

142 864 271 917 titur.
300 863 402 918 Sed
432 874 489 918 et
519 868 759 934 qualiter
785 886 923 939 aqua
962 882 1200 925 mutetur
1248 870 1301 924 in
1337 881 1535 925 terram
1564 912 1579 935 ,
1614 872 1695 925 vel

137 956 181 1007 in
199 968 385 1017 aerem,
414 962 467 1009 et
491 970 585 1008 aer
608 973 794 1012 rursus
819 958 870 1012 in
904 959 1113 1029 ignem,
1142 960 1224 1015 vel
1250 961 1389 1030 ignis
1417 962 1467 1014 in
1491 977 1695 1025 aerem,

136 1044 205 1098 vel
225 1058 313 1097 aer
359 1045 412 1097 in
442 1060 670 1114 aquam,
731 1050 979 1117 quamvis
1010 1065 1115 1104 non
1148 1051 1220 1105 sit
1252 1049 1543 1105 difﬁcultas
1601 1066 1697 1105 ex-

136 1148 307 1202 ponere
337 1134 579 1206 (70-71),
616 1145 792 1191 tamen
822 1140 872 1191 in
916 1142 1165 1208 praesenti
1201 1140 1321 1195 loco
1372 1157 1434 1195 ea
1492 1142 1696 1196 sufficit

136 1227 481 1279 tantummodo
514 1242 974 1283 commemorasse
1019 1230 1218 1286 volenti
1245 1234 1551 1301 corporalis
1583 1251 1697 1289 ma-

138 1318 263 1370 teriae
287 1318 561 1373 discutere
592 1322 881 1375 rationem.
938 1322 1221 1377 Materiam
1251 1339 1381 1396 ergo
1436 1327 1693 1397 intelligi-

138 1425 235 1463 mus
270 1425 385 1478 qna:
431 1411 687 1479 subjecta
717 1425 799 1468 est
827 1416 1148 1485 corporibus
1174 1458 1187 1482 ,
1253 1419 1304 1487 id
1355 1431 1439 1473 est
1481 1436 1546 1474 ex
1586 1437 1691 1489 qua

137 1498 292 1553 inditis
348 1511 516 1569 atque
575 1504 798 1558 insertis
858 1505 1211 1574 qualitatibus
1266 1524 1496 1579 corpora
1562 1514 1693 1567 sub-

133 1593 326 1645 sistunt.
358 1594 671 1659 Qualitates
705 1606 888 1651 autem
944 1607 1181 1667 quatuor
1232 1601 1503 1658 dicimus:
1566 1605 1693 1658 cali-

132 1682 254 1745 dam,
284 1681 563 1752 frigidam,
604 1688 861 1753 “aridam,
920 1690 1215 1744 humidam.
1280 1692 1410 1758 Qua:
1460 1705 1696 1761 quatuor

132 1773 394 1839 qualitates
426 1775 533 1848 ὕλῃ
568 1816 583 1840 ,
627 1778 677 1832 id
712 1790 793 1833 est
828 1784 1068 1836 materia!
1109 1784 1324 1837 insertte
1354 1826 1369 1849 ,
1416 1790 1541 1855 quia
1579 1804 1694 1842 ma-

134 1863 243 1917 teria
273 1870 496 1934 propria
532 1869 747 1924 ratione
779 1884 930 1926 extra
969 1875 1064 1927 has
1094 1890 1213 1929 esse
1257 1876 1527 1932 invenitur
1558 1896 1691 1949 quas
1726 1851 1768 1905 Β

130 1970 265 2023 supra
298 1959 545 2014 diximus
586 1963 872 2030 qualitates
894 2005 909 2030 ,
966 1966 1211 2026 diversas
1242 1986 1529 2040 corpormn
1565 1988 1687 2042 spe-

131 2046 221 2100 cies
247 2046 510 2104 eﬂicinnt.
587 2054 716 2108 llam
778 2065 959 2110 tamen
1013 2064 1244 2116 materia
1277 2065 1526 2132 quamvis
1560 2106 1574 2129 ,
1630 2074 1689 2118 ut

130 2150 262 2203 supra
292 2140 556 2203 diximus,
597 2146 894 2197 secundum
931 2160 1091 2219 suam,
1117 2155 1388 2219 propriam
1424 2155 1688 2208 rationem

127 2229 221 2281 sine
253 2231 622 2297 qualitatibus
663 2234 775 2300 sit,
830 2218 1100 2308 nunquam
1157 2218 1335 2299 tamen
1394 2243 1691 2300 subsistere

126 2332 254 2375 extra
279 2326 605 2391 qualitatem
654 2328 949 2384 invenitur.
1014 2333 1162 2389 llanc
1213 2350 1345 2405 ergo
1407 2340 1687 2393 materiam

125 2432 222 2483 qua:
245 2428 387 2471 tanta
417 2429 475 2473 et
511 2420 635 2473 talis
664 2432 750 2474 est
787 2437 843 2475 ut
879 2423 1125 2479 sullicere
1179 2428 1245 2481 ad
1274 2432 1453 2483 omnia
1506 2432 1690 2485 mundi

126 2520 352 2573 corpora,
389 2524 515 2577 qum
548 2525 668 2564 esse
704 2511 842 2567 Dens
871 2514 1080 2578 voluit,
1116 2528 1309 2585 queat,
1344 2530 1398 2573 et
1421 2520 1689 2575 conditori

127 2595 180 2648 ad
203 2611 553 2667 quascunque
588 2599 793 2655 formas
823 2604 949 2657 velit
978 2614 1030 2658 et
1057 2608 1292 2674 species,
1340 2609 1693 2663 famularetur

128 2689 170 2740 in
193 2691 438 2745 omnibus
469 2701 527 2744 et
580 2695 815 2748 serviret
846 2735 861 2759 ,
914 2697 1180 2765 recipiens
1231 2700 1281 2752 in
1315 2714 1373 2753 se
1406 2700 1691 2769 qualitates

127 2795 240 2846 quas
271 2781 382 2848 ipse
410 2782 677 2837 voluisset
703 2786 814 2856 (72)
847 2787 1128 2855 imponere
1156 2808 1170 2855 ;
1205 2792 1387 2844 nescio
1418 2794 1689 2860 quomodo

130 2875 238 2925 tanti
266 2889 326 2927 ac
360 2875 499 2929 tales
548 2875 648 2929 viri
683 2878 976 2949 ingenitam
1022 2880 1131 2953 (75)
1170 2921 1185 2947 ,
1255 2883 1307 2937 id
1354 2894 1436 2938 est
1468 2900 1572 2938 non
1624 2886 1690 2939 ab

127 2978 224 3044 ipso
241 2976 347 3030 Deo
380 2976 589 3029 factam
621 2977 906 3029 conditore
932 2977 1175 3030 omnium
1210 2986 1556 3047 putaverunt,
1592 2980 1685 3033 sed

126 3067 377 3122 fortuitam
443 3067 739 3134 quamdam
805 3068 923 3137 ejus
985 3077 1235 3121 naturam
1320 3070 1689 3141 virtutemque

1800 603 1960 655 datur
2010 602 2288 671 paulisper
2348 615 2453 655 non
2502 598 2670 652 fuisse
2705 595 3034 658 materiam;
3085 603 3136 648 et
3183 592 3375 657 Deum,

1799 710 1919 747 cmn
1952 695 2085 749 nihil
2116 704 2259 750 esset
2293 694 2466 762 prius,
2510 692 2704 746 fecisse
2726 698 2783 743 ut
2820 698 3001 743 essent
3033 704 3093 743 ea
3117 702 3236 757 quae
3258 702 3378 741 esse

1801 784 1971 839 voluit
2001 801 2017 849 ;
2076 787 2203 854 quid
2229 785 2541 852 putabimus
2573 782 2698 851 quia
2730 780 3009 835 meliorem
3042 822 3055 845 ,
3086 789 3179 831 aut
3210 778 3378 845 majo-

1802 893 1912 930 rem
1945 919 1959 942 ,
2018 886 2112 929 aut
2144 876 2365 930 alterius
2394 875 2610 945 generis
2654 873 2934 927 materiam
2967 871 3207 925 facturus
3235 877 3378 923 esset

1806 969 1961 1033 Deus,
2003 984 2165 1037 quam
2200 984 2265 1021 ex
2301 981 2398 1020 sua
2427 967 2625 1019 virtute
2657 974 2710 1017 et
2737 964 3004 1033 sapientia
3040 962 3375 1031 proferebat,

1799 1070 1853 1113 ut
1884 1070 2031 1114 esset
2079 1076 2201 1129 qua:
2241 1068 2367 1113 ante
2423 1074 2527 1111 non
2587 1058 2807 1111 fuerat?
2861 1056 2940 1108 An
2972 1056 3282 1111 inferiorem
3322 1064 3376 1111 et

1798 1151 2182 1205 deteriorem?
2254 1150 2334 1203 An
2386 1150 2615 1204 similem
2669 1159 2833 1217 atque
2885 1148 3130 1201 eamdem
3191 1158 3249 1201 ιιι
3291 1156 3376 1200 est

1801 1243 1887 1296 illa
1933 1258 2098 1312 quam
2146 1244 2233 1296 isti
2287 1242 2585 1311 ingenitam
2620 1241 2850 1295 dicunt?
2908 1240 2969 1291 Et
3026 1250 3153 1307 puto
3204 1238 3377 1291 cuivis

1798 1335 2057 1389 facillime
2114 1343 2296 1402 pateat
2356 1334 2706 1397 intellectus,
2757 1330 2899 1400 quod
2940 1346 3112 1397 neque
3162 1331 3372 1396 melior,

1798 1439 1970 1493 neque
2007 1424 2237 1477 inferior
2287 1423 2553 1491 potuisset
2590 1422 2774 1475 mundi
2808 1421 3011 1473 formas
3060 1424 3375 1488 speciesque

1796 1518 2081 1585 suscipere
2108 1555 2122 1579 ,
2181 1515 2284 1567 nisi
2326 1514 2446 1568 talis
2501 1513 2693 1567 fuisset
2722 1552 2736 1575 ,
2779 1512 2957 1579 qualis
2990 1512 3090 1564 ista
3140 1522 3222 1565 est
3256 1526 3376 1581 qua:

1796 1609 2060 1677 suscepit.
2103 1607 2169 1660 Et
2204 1602 2474 1674 quomodo
2530 1619 2660 1674 ergo
2688 1619 2792 1657 non
2842 1604 3110 1657 videbitur
3148 1604 3374 1671 impium

1795 1708 1845 1763 id
1877 1706 2174 1778 ingenitum
2210 1705 2411 1763 dicere,
2447 1704 2589 1772 quod
2617 1703 2657 1756 si
2690 1702 2887 1755 factum
2920 1717 2948 1754 a
2979 1701 3086 1771 79
3110 1702 3220 1757 Deo
3249 1719 3367 1759 cre-

1795 1800 1973 1861 datur,
2027 1798 2130 1851 tale
2179 1798 2295 1850 sine
2324 1795 2489 1848 duhio
2520 1795 2817 1859 invenitur,
2850 1794 3006 1863 quale
3035 1802 3090 1847 et
3127 1794 3255 1848 illud
3288 1804 3368 1849 est

1796 1890 1939 1961 quod
1966 1888 2261 1959 ingenitum
2288 1886 2501 1939 dicitur.

1870 1982 1921 2035 5.
1954 1980 2023 2034 Ut
2068 1990 2247 2031 autem
2292 1977 2452 2029 etiam
2498 1992 2561 2029 ex
2607 1975 3003 2044 Scripturarum
3055 1975 3371 2028 auctoritate

1794 2071 1909 2118 haec
1960 2066 2033 2117 ita
2068 2078 2124 2117 se
2156 2066 2355 2117 habere
2404 2064 2690 2116 credamus
2741 2063 2911 2134 (75),
2950 2062 3073 2113 audi
3103 2065 3373 2129 quomodo

1797 2156 1847 2208 in
1881 2154 2313 2207 Machabazorum
2334 2154 2508 2220 libris,
2537 2156 2624 2207 ubi
2656 2164 2828 2207 mater
2847 2163 3049 2221 septem
3076 2164 3372 2221 martyrum

1796 2263 1961 2301 unum
1994 2262 2059 2301 ex
2091 2246 2215 2299 filiis
2236 2246 2555 2300 cohortatur
2584 2248 2649 2299 ad
2694 2246 2969 2300 toleranda
2990 2254 3279 2307 tormenta,
3307 2246 3373 2297 de

1796 2342 1897 2394 hoc
1928 2342 2176 2407 dogmate
2200 2338 2695 2409 coutirmatur(76)
2723 2355 2736 2402 ;
2763 2338 2839 2391 ait
2869 2338 3041 2390 enim:
3073 2354 3090 2387 ι
3124 2336 3273 2403 Rogo
3298 2345 3369 2399 te,

1797 2432 1892 2496 fili,
1946 2430 2154 2498 respice
2186 2428 2380 2483 cmlum
2420 2438 2473 2481 et
2510 2438 2734 2491 terram,
2766 2438 2821 2481 et
2852 2428 2915 2480 ad
2951 2427 3130 2481 onmia
3158 2442 3277 2495 quae
3318 2427 3370 2479 in

1794 2524 1872 2578 eis
1902 2532 2048 2585 sunt,
2069 2530 2121 2574 et
2154 2521 2342 2575 videns
2376 2523 2514 2587 haec,
2538 2521 2675 2574 scito
2705 2520 2827 2587 quia
2863 2518 3004 2573 Deus
3027 2520 3139 2572 ha:c
3165 2519 3369 2587 omnia,

1794 2629 1913 2666 cum
1953 2628 2058 2665 non
2090 2621 2288 2673 essent,
2330 2612 2455 2665 fecit
2489 2613 2552 2664 ⁵⁵.
2596 2630 2613 2662 ι
2643 2612 2745 2664 Sed
2774 2623 2827 2666 et
2862 2614 2913 2665 in
2945 2612 3081 2665 libro
3133 2609 3372 2664 Pastoris

1796 2702 1845 2755 in
1886 2704 2059 2771 primo
2097 2702 2355 2755 mandato
2398 2702 2469 2754 ita
2497 2703 2605 2754 ait:
2644 2721 2662 2752 ι
2697 2702 2879 2756 l‘rimo
2932 2702 3176 2756 omnium
3211 2701 3374 2756 crede

1792 2794 1919 2861 quia
1955 2808 2093 2845 unus
2128 2802 2212 2845 est
2256 2792 2396 2846 Deus
2424 2794 2517 2861 qui
2548 2796 2731 2847 omnia
2774 2796 2979 2849 creavit
3015 2804 3177 2862 atque
3224 2809 3374 2847 com-

1794 2888 1992 2957 posuit,
2025 2896 2078 2941 et
2130 2888 2258 2941 fecit
2304 2901 2370 2939 ex
2414 2902 2478 2941 co
2524 2878 2662 2954 quod
2718 2888 2854 2940 nihil
2911 2896 3050 2952 erat,
3085 2897 3142 2939 ut
3188 2896 3373 2941 essent.

1795 2982 2065 3035 universa.
2104 2999 2123 3032 ι
2156 2980 2429 3035 Fortassis
2494 2979 2695 3031 adhoc
2742 2979 2963 3046 respicit
3025 2978 3188 3030 etiam
3242 2976 3373 3029 illud

1793 3072 1933 3139 quod
1976 3073 2027 3123 in
2065 3071 2295 3125 Psalmis
2327 3070 2586 3141 scriptum
2618 3078 2733 3135 .est,
2764 3069 2891 3138 quia
2928 3087 2947 3119 ι
2981 3068 3094 3137 ipse
3127 3067 3282 3133 dixit,
3320 3076 3375 3122 et

125 3160 381 3215 dixerunt.
434 3161 503 3213 Et
535 3163 707 3214 miror
741 3162 1009 3229 quomodo
1042 3162 1127 3215 isti
1162 3162 1378 3231 culpent
1411 3180 1535 3228 eos,
1593 3166 1681 3235 qui
1712 3179 1755 3236 ο
1791 3165 1929 3218 facta
1965 3173 2119 3226 sunt;
2159 3165 2271 3233 ipse
2298 3162 2596 3226 mandavit,
2627 3171 2682 3215 et
2716 3172 2899 3215 creata
2925 3167 3052 3213 sunt
3074 3158 3140 3213 ⁸⁵.
3181 3178 3201 3211 ι
3236 3157 3371 3210 Nam

124 3251 192 3303 vel
214 3252 466 3318 opificem
495 3250 690 3314 Deum,
749 3252 829 3305 vel
854 3253 1249 3320 providentiam
1286 3254 1441 3323 hujus
1464 3256 1682 3311 univer-

124 3342 282 3395 sitatis
320 3354 550 3412 negant,
598 3353 650 3397 et
690 3343 847 3412 impie
881 3359 974 3397 eos
1005 3345 1208 3397 sentire
1237 3358 1472 3414 arguunt
1495 3388 1509 3412 ,
1541 3351 1681 3417 quod

127 3446 313 3489 tantum
362 3438 553 3490 tnundi
609 3453 747 3505 opus
791 3437 1129 3491 arbitrentur
1182 3438 1297 3493 sine
1354 3440 1547 3509 Opifice
1602 3441 1682 3493 vel

124 3527 381 3594 provisere
426 3536 732 3590 constare;
812 3539 934 3577 cum
990 3526 1091 3594 ipsi
1160 3542 1375 3595 quoque
1450 3527 1681 3581 similem

124 3617 314 3685 culpam
368 3618 669 3686 impietatis
726 3616 1053 3679 incurrant,
1090 3617 1382 3686 ingenitam
1443 3618 1684 3672 dicentes

126 3722 228 3761 esse
256 3713 541 3763 materiam
568 3709 789 3780 Deoque
824 3712 1066 3783 ingenito
1094 3721 1442 3765 coaeternam.
1480 3710 1686 3763 Secun-

125 3802 234 3853 dum
261 3803 398 3856 banc
444 3818 577 3871 ergo
611 3804 878 3858 rationem
924 3802 966 3857 si
997 3818 1258 3871 ponamus
1285 3842 1298 3865 ,
1332 3801 1479 3855 verbi
1510 3802 1683 3869 gratia

126 3895 391 3946 materiam
456 3908 562 3946 non
618 3893 785 3947 fuisse
816 3937 829 3961 ,
892 3903 949 3947 ut
1001 3893 1089 3947 isti
1139 3901 1389 3946 asserunt
1440 3892 1685 3945 dicentes

125 3985 234 4051 quia
263 3984 403 4039 Deus
426 4000 531 4037 non
560 3986 798 4052 potuerit
829 3984 938 4055 (74)
970 3984 1173 4053 aliquid
1199 3982 1380 4037 facere
1404 3999 1526 4037 cum
1554 3982 1686 4036 nihil

127 4094 151 4129 ε
178 4087 268 4141 eet,
302 4079 417 4131 sine
482 4078 652 4133 dubio
698 4077 908 4132 futurus
940 4088 1054 4132 erat
1111 4078 1316 4132 otiosus
1349 4116 1363 4140 ,
1404 4076 1684 4131 materiam

128 4184 218 4220 non
244 4168 450 4223 habens
474 4184 541 4224 ex
577 4184 683 4237 qua
718 4177 902 4238 posset
936 4168 1173 4236 operari,
1202 4183 1362 4235 quam
1382 4168 1438 4233 ei
1466 4182 1568 4220 non
1592 4180 1686 4220 sua

126 4261 414 4327 provisione
436 4301 452 4325 ,
486 4262 584 4316 sed
610 4261 836 4316 fortuito
869 4261 1115 4315 sentiunt
1148 4260 1366 4314 affuisse
1395 4276 1410 4325 ;
1450 4259 1688 4313 videtnr—

125 4370 217 4423 qne
239 4356 312 4411 eis
337 4359 485 4426 quod
522 4359 625 4411 hoc
648 4357 792 4425 quod
825 4356 1044 4411 fortuito
1074 4355 1351 4408 inventum
1381 4361 1463 4407 est
1493 4392 1509 4417 ,
1540 4351 1686 4407 suill-

127 4457 233 4497 cere
260 4446 304 4497 ei
332 4447 571 4513 potuerit
600 4445 667 4497 ad
701 4446 833 4498 tanti
866 4446 1047 4515 operis
1096 4444 1292 4499 molem
1318 4483 1332 4507 ,
1384 4453 1441 4499 et
1482 4443 1549 4497 ad
1576 4457 1687 4496 sua:

1789 3256 1931 3325 quod
1958 3258 2031 3309 ait
2062 3256 2185 3326 quia
2216 3274 2233 3305 ι
2266 3254 2557 3324 ipsedixit,
2597 3263 2654 3307 et
2701 3253 2843 3306 facta
2894 3262 3037 3315 sunt,
3085 3270 3103 3301 ι
3160 3249 3375 3303 videtur

1788 3346 2077 3399 ostendere
2105 3345 2468 3399 substantiam
2503 3344 2606 3397 dici
2636 3357 2827 3396 eorum
2856 3358 2974 3410 qua:
3021 3350 3183 3408 sunt;
3229 3342 3373 3409 quod

1792 3450 1921 3489 vero
1953 3437 2057 3489 ait:
2094 3454 2111 3487 ι
2144 3434 2443 3499 Maudavit,
2484 3444 2537 3487 et
2579 3442 2762 3487 creata
2796 3442 2939 3496 sunt,
2984 3450 3001 3481 ι
3038 3432 3105 3486 de
3138 3430 3375 3500 qualita-

1794 3529 1939 3581 tibus
1970 3530 2175 3581 dictum
2231 3528 2445 3582 videtur
2499 3526 2696 3595 quibus
2752 3526 3055 3579 substantia
3105 3523 3219 3594 ipsa
3263 3522 3374 3578 for-

1792 3629 1936 3672 mata
1968 3630 2073 3674 ρει.

2418 3708 2647 3765 CAPUT
2680 3709 2743 3763 ll.

2075 3802 2152 3855 De
2184 3802 2530 3870 perpetuitate
2559 3815 2823 3869 corporea:
2859 3809 3086 3853 naturw.

1866 3897 1917 3950 l.
1955 3896 2066 3950 [loc
2120 3897 2171 3949 in
2228 3895 2347 3948 loco
2389 3908 2635 3961 qnzerere
2665 3892 2842 3945 solent
2889 3890 3132 3959 quidam,
3189 3896 3368 3943 utrum

1796 3989 1935 4043 sicut
1959 3988 2259 4058 ingenitum
2290 3986 2485 4040 Filium
2533 3995 2752 4055 generat
2786 3983 2969 4046 Pater,
3015 3991 3071 4037 et
3106 3980 3368 4052 Spiritum

1796 4090 2039 4135 Sanctum
2073 4078 2297 4147 profert,
2342 4092 2446 4129 non
2492 4075 2651 4144 quasi
2680 4075 2769 4143 qui
2804 4082 2930 4127 ante
2961 4088 3065 4128 non
3102 4082 3241 4137 erat,
3275 4073 3369 4127 sed

1794 4158 1920 4240 quia
1947 4173 2103 4241 origo
2130 4181 2184 4225 et
2211 4171 2331 4225 fons
2358 4170 2479 4223 Filii
2521 4168 2602 4221 vel
2630 4167 2863 4235 Spiritus
2886 4168 3057 4221 sancti
3082 4168 3241 4220 Pater
3263 4174 3366 4229 est,

1796 4270 1849 4314 et
1884 4260 2014 4313 nihil
2050 4261 2099 4311 iu
2129 4261 2211 4314 his
2238 4261 2485 4313 anterius
2517 4259 2853 4325 posteriusve
2898 4257 3123 4324 intelligi
3154 4266 3366 4323 potest;

1798 4353 1868 4407 ita
1914 4352 2077 4407 etiam
2123 4353 2267 4404 inter
2310 4350 2665 4405 rationabiles
2722 4360 2944 4403 naturas
2990 4359 3042 4403 et.
3089 4350 3368 4402 materiam

1798 4448 2136 4516 corporalem
2181 4445 2375 4499 similis
2407 4444 2538 4515 (77)
2568 4446 2811 4513 quaadam
2862 4444 3093 4499 societas
3124 4443 3370 4510 vel‘pro—

127 4533 319 4590 virtutis
345 4537 649 4604 potentiam
682 4578 695 4597 ,
748 4537 888 4605 quod
922 4537 1085 4591 totius
1134 4534 1415 4605 sapientiie
1442 4548 1550 4587 sua":
1573 4548 1694 4587 sus-
1729 4529 1769 4583 Ι)
1802 4537 2075 4608 pinquitas
2138 4537 2304 4604 possit
2365 4536 2613 4605 intelligi.
2668 4537 2838 4602 Quam
2873 4550 2982 4590 rem
3047 4545 3104 4587 ut
3162 4535 3369 4602 plenius

126 4626 311 4692 cipicns
368 4622 639 4680 rationem
679 4628 1110 4697 distingueretur
1161 4643 1225 4679 ac
1258 4626 1589 4679 formaretur
1616 4624 1681 4677 ad

126 4718 385 4771 mundum.
423 4718 578 4784 Quod
613 4719 741 4772 mihi
779 4719 1173 4787 perabsurdum
1202 4717 1413 4771 videtur
1440 4755 1454 4781 ,
1504 4726 1558 4771 et
1594 4731 1685 4771 eo-

126 4819 225 4859 rum
249 4823 368 4863 esse
396 4810 680 4863 hominum
734 4812 826 4879 qui
869 4812 1124 4864 virtutem
1159 4820 1323 4879 atque
1373 4808 1677 4879 intelligen-

124 4899 234 4952 tiam
269 4900 522 4969 ingenitze
565 4910 772 4956 natura:
805 4902 1018 4971 penitus
1044 4904 1314 4973 ignorant.
1376 4901 1485 4956 Sed
1511 4910 1569 4954 ut
1606 4915 1685 4953 ra-

168 5056 210 5089 ”
237 5058 277 5111 ll
324 5058 506 5113 Mach.
551 5075 649 5121 vn,
692 5058 781 5115 28.
857 5062 901 5091 ⁸⁸
934 5059 1131 5114 Psalm.
1168 5076 1391 5124 cxcvtn,
1427 5061 1480 5115 5.

180 5192 388 5261 (io-7|)
426 5192 518 5246 Si-c
551 5209 683 5247 mss.
706 5193 877 5255 Alias,
911 5213 927 5245 ι
955 5193 1167 5248 dillicile
1196 5210 1491 5261 exponere.
1526 5214 1543 5245 ι

183 5262 286 5333 [72)
320 5264 415 5316 Sic
452 5264 505 5315 in
537 5266 791 5317 onmibus
820 5265 1017 5333 legitur
1047 5281 1175 5319 mss.
1202 5283 1215 5329 ;
1266 5267 1319 5316 in
1346 5266 1508 5318 editis
1538 5282 1686 5329 vero,

129 5348 145 5379 ι
177 5322 457 5385 famuletnr
490 5334 541 5385 in
575 5336 827 5404 omnibus
853 5322 957 5397 ,Vet
987 5322 1479 5403 serviat'recipiens
1508 5322 1688 5404 quali;

126 5410 243 5453 tates
269 5418 404 5469 quas
438 5404 549 5470 ipse
582 5403 761 5457 vellet.
804 5424 819 5453 ι

183 5471 287 5542 (Ῑὸ)
318 5470 517 5527 Nescio
546 5475 807 5540 quomodo
836 5474 967 5525 tanti
994 5491 1055 5525 ac
1086 5474 1215 5525 tales
1243 5474 1338 5525 viri
1368 5474 1675 5542 ingenitam,

183 5491 287 5542 ita)
318 5491 517 5527 uescto
546 5491 807 5540 quomoao
836 5491 967 5525 tanti
994 5491 1055 5525 ac
1086 5491 1215 5525 tates
1243 5491 1336 5525 vll'l
1368 5491 1417 5525 ιη
1456 5491 1675 5540 emtam,

124 5551 215 5614 etc.
245 5543 385 5596 Idem
424 5552 808 5612 argumentum
843 5542 1013 5597 fusius
1044 5546 1395 5614 persequitur
1415 5491 1677 5614 grigenes

128 5610 173 5683 in
215 5617 378 5679 primo
427 5610 965 5683 Commentariorum
990 5610 1057 5666 iui
1100 5610 1337 5666 Genesim
1377 5610 1678 5683 fragmento

127 5680 293 5735 Graeco
325 5685 469 5750 quod
512 5688 753 5749 reperire
781 5693 860 5736 est
890 5682 991 5736 sub
1024 5684 1227 5736 initimn
1260 5692 1388 5736 tom.
1414 5680 1678 5739 ll'nostrae

128 5751 373 5807 editionis.
429 5755 563 5807 Vide
601 5754 798 5806 ibidem
832 5754 1119 5806 clarissimi
1160 5751 1333 5806 Huetii
1361 5755 1587 5820 primam
1623 5757 1673 5807 in

131 5819 250 5874 istud
276 5823 638 5895 fragmentum
683 5826 1119 5877 observationem
1153 5864 1165 5887 ,
1218 5826 1303 5876 ιιιοί
1340 5819 1495 5879 docet
1528 5826 1673 5879 Atta-

1794 4633 1951 4691 atque
2004 4622 2263 4676 intentius
2324 4624 2678 4694 investigent,
2736 4624 2862 4680 illnc
2916 4626 3093 4680 solent
3146 4627 3365 4681 initium

1795 4714 2179 4782 disputationis
2230 4711 2529 4781 inflectere,
2583 4726 2639 4768 ut
2696 4694 2971 4785 inquirant
3000 4718 3043 4770 si
3100 4718 3213 4771 ha‘c
3249 4718 3364 4784 ipsa

1794 4815 1983 4858 natura
2042 4820 2305 4873 corporea
2335 4822 2453 4875 qua:
2501 4808 2827 4876 spiritalium
2862 4819 2916 4864 et
2966 4809 3365 4864 rationaliilium

1796 4896 2057 4951 mentium
2117 4900 2255 4954 vitas
2303 4900 2404 4954 fert
2458 4914 2512 4956 et
2562 4904 2804 4956 continet
2842 4913 3040 4968 motus,
3093 4903 3208 4970 pari
3243 4918 3367 4957 cum

1793 5207 2028 5260 xagorm,
2060 5190 2547 5260 Pythagoreorum,
2600 5190 3021 5257 Platonicorum,
3054 5191 3364 5249 Stoicorum

1789 5266 2130 5329 aliorumque
2177 5276 2293 5313 eam
2350 5266 2675 5315 sententiam
2727 5262 2897 5315 fuisse
2930 5300 2945 5326 ,
3002 5263 3260 5315 tnundnm
3297 5277 3365 5317 ex

1791 5334 2029 5401 lngcnita
2068 5331 2291 5401 materia
2319 5331 2484 5383 Deum
2520 5333 2846 5385 condidisse.

1860 5400 1973 5472 (74)
2027 5400 2118 5454 Sic
2174 5416 2304 5454 mss.
2343 5402 2521 5465 Editi,
2594 5420 2610 5450 ι
2649 5402 2836 5460 fuisse.
2876 5415 2977 5452 non
3016 5409 3075 5454 ut
3123 5401 3208 5455 isti
3258 5401 3366 5454 dis-

1788 5482 1979 5527 serunt
2012 5472 2250 5523 dicentes
2276 5472 2399 5539 quia
2434 5472 2573 5526 lleus
2613 5489 2715 5524 non
2745 5473 3001 5539 potuerit.
3029 5490 3045 5522 I

1858 5541 1968 5612 (75)
2004 5540 2091 5612 Sic
2128 5558 2288 5604 mss.;
2332 5542 2480 5605 editi,
2517 5562 2533 5593 ι
2564 5546 2876 5595 doceamus.
2916 5560 2931 5591 ι

1860 5610 1972 5683 (76)
1996 5610 2073 5683 De
2096 5612 2190 5664 hoc
2218 5612 2459 5682 dogmate
2504 5614 2867 5680 rouﬁrmatur.
2906 5611 3031 5666 Haec
3081 5612 3278 5667 desunt
3309 5612 3362 5666 in

1786 5681 2153 5742 antea'editis.
2182 5684 2273 5735 sed
2294 5681 2579 5737 habentur
2606 5688 2657 5736 in
2691 5684 2941 5737 omnibus
2967 5699 3093 5737 mss.

1858 5756 1967 5827 (Π)
1990 5755 2043 5807 In
2077 5764 2233 5827 antea
2257 5754 2414 5808 editis
2444 5756 2595 5809 deest
2642 5757 2849 5827 (inter
2884 5754 3234 5827 rationabiles
3265 5769 3362 5806 na-

1789 5825 1958 5885 turas,
1998 5847 2014 5878 ι
2041 5836 2091 5879 et
2122 5826 2340 5891 insuper
2367 5843 2462 5894 pro
2497 5846 2514 5877 ι
2553 5825 2765 5889 similis,
2801 5845 2819 5877 τ
2849 5826 3044 5891 legitur
3068 5844 3083 5875 ι
3119 5825 3298 5878 simul.
