3988 6418
613 340 712 395 187

609 548 856 603 interibit
881 557 936 602 et
962 546 1180 616 peribit.
1215 544 1369 610 Quod
1394 551 1452 597 ut
1477 542 1651 613 possit
1680 544 2059 612 scrupulosius
2088 544 2181 595 de-

608 637 895 707 prehendi,
932 633 1282 705 quaerendum
1326 633 1503 702 primo
1555 632 1795 697 videtur,
1824 632 1868 686 si
1927 632 2182 702 possibile

606 740 692 783 est
718 730 934 797 penitus
963 729 1310 797 incorporeas
1338 740 1623 780 remanere
1686 724 2042 779 rationabiles
2082 740 2179 776 na-

610 828 779 883 turas,
813 834 934 872 cum
976 818 1041 871 ad
1092 831 1365 871 summum
1405 815 1708 870 sanctitatis
1740 830 1803 869 ac
1833 806 2181 870 beatitu'dinis

605 913 878 975 venerint,
908 911 1051 980 quod
1098 910 1229 964 mihi
1273 908 1492 978 quidem
1540 908 1911 963 diflicillimum
1965 918 2016 961 et
2044 923 2180 977 pene

606 1004 937 1072 impossibile
982 1003 1231 1067 videtnr;
1301 1018 1365 1057 an
1417 1016 1639 1056 necesse
1686 1010 1770 1055 est
1817 1016 1911 1055 eas
1965 1014 2181 1069 semper

603 1095 919 1163 conjunctas
973 1110 1094 1150 esse
1147 1095 1493 1163 corporibus.
1554 1093 1608 1146 Si
1646 1108 1775 1161 ergo
1818 1101 2002 1161 posset
2060 1092 2181 1160 quis

601 1192 889 1244 ostendere
936 1189 1198 1243 rationem
1258 1205 1362 1256 qua
1419 1186 1672 1255 possibile
1695 1196 1837 1241 esset
1865 1201 1958 1239 eas
2000 1185 2177 1239 omni-

602 1278 762 1331 mode
794 1293 980 1331 carere
997 1278 1339 1347 corporibus,
1373 1290 1719 1345 consequens
1750 1257 2020 1329 videbitur
2039 1273 2179 1341 quod

601 1356 795 1423 natura
828 1383 1093 1437 corporea
1123 1383 1187 1422 ex
1221 1367 1391 1422 nihilo
1425 1381 1519 1435 per
1551 1364 1838 1419 intervalla
1873 1374 2175 1433 temporum

600 1472 911 1529 procreata,
938 1463 1080 1515 sicut
1154 1475 1275 1514 cum
1324 1476 1428 1513 non
1476 1466 1638 1522 esset,
1672 1456 1861 1512 eﬂ‘ecta
1892 1466 1993 1520 est,
2027 1457 2098 1509 ita
2126 1465 2181 1509 et

603 1566 725 1607 esse
750 1552 1043 1619 desineret,
1068 1567 1191 1606 cum
1219 1550 1477 1618 ususejus
1513 1549 1799 1603 ministerii
1828 1549 2175 1617 prseterisset.

666 1645 723 1698 9.
759 1646 815 1698 Si
863 1660 988 1698 vero
1025 1644 1365 1713 impossibile
1409 1652 1495 1697 est
1529 1643 1629 1696 hoc
1676 1641 1782 1694 ullo
1840 1640 2001 1695 modo
2038 1639 2179 1693 affir-

599 1738 761 1799 mari,
802 1736 851 1789 id
879 1745 961 1791 est
986 1739 1130 1806 quod
1159 1737 1342 1790 vivere
1380 1744 1582 1804 praeter
1627 1748 1823 1802 corpus
1873 1733 2042 1803 possit
2071 1733 2174 1785 ulla

599 1828 701 1880 alia
742 1836 930 1880 natura
962 1836 1159 1896 przetcr
1221 1826 1437 1881 Patrem
1484 1836 1538 1881 et
1572 1826 1767 1880 Filium
1807 1835 1861 1881 et
1908 1826 2171 1896 Spiritum

598 1928 866 1982 Sanctum,
917 1920 1219 1972 necessitas
1264 1920 1663 1986 consequentiae
1709 1934 1772 1972 ac
1822 1918 2049 1973 rationis
2084 1933 2173 1971 co-

598 2020 773 2065 arctat
814 2011 1063 2078 iutclligi,
1095 2008 1469 2079 principaliter
1500 2009 1713 2078 quidem
1763 2017 1978 2065 creatas
2034 2007 2171 2079 (79)

598 2121 717 2159 esse
742 2105 1089 2159 rationabiles
1120 2114 1375 2169 naturas;
1402 2105 1738 2158 materialem
1764 2119 1891 2160 vero
1918 2105 2173 2159 substan-

600 2197 727 2250 tiam
755 2197 1005 2266 opinione
1045 2197 1259 2265 qnidem
1290 2206 1343 2251 et
1394 2196 1670 2251 intellectu
1723 2196 1893 2250 solum
1926 2195 2168 2265 separari

596 2288 663 2341 ab
690 2288 791 2351 eis,
827 2296 880 2340 et
919 2303 1018 2356 pro
1065 2287 1197 2355 ipsis
1241 2287 1324 2340 vel
1358 2295 1490 2356 post
1512 2287 1657 2353 ipsas
1692 2284 1939 2340 effectam
1971 2286 2169 2349 videri,

596 2379 690 2432 sed
726 2394 999 2447 nunquam
1051 2379 1169 2433 sine
1196 2378 1306 2447 ipsa
1338 2393 1433 2433 eas
1468 2378 1551 2432 vel
1584 2378 1790 2432 vixisse
1823 2376 1904 2431 vel
1951 2377 2166 2442 vivere;

593 2470 760 2524 solius
792 2486 1023 2540 namque
1069 2469 1351 2525 Trinitatis
1396 2472 1716 2538 incorporea
1742 2470 1852 2524 vita
1899 2469 2168 2524 exsistere

594 2572 740 2617 recte
771 2562 1067 2631 putabitur.
1128 2562 1194 2617 Ut
1220 2577 1350 2631 ergo
1382 2563 1627 2631 superius
1654 2561 1912 2621 diximus,
1946 2558 2169 2613 materi-

595 2655 699 2709 alis
724 2656 822 2709 ista
843 2656 1141 2710 substantia
1170 2656 1325 2723 hujus
1358 2655 1539 2709 mundi
1562 2650 2164 2723 habens(80)naturam

589 2764 708 2814 quce
736 2763 799 2803 ex
830 2748 1081 2802 omnibus
1110 2746 1177 2800 ad
1224 2747 1403 2801 omnia
1459 2743 1900 2809 transformatur,
1932 2759 2055 2798 cum
2099 2742 2166 2797 ad

588 2839 873 2893 inferiores
906 2853 1151 2908 quosque
1189 2828 1446 2902 trahitur,
1473 2839 1525 2891 iu
1556 2837 1884 2891 crassiorem
1913 2836 2165 2902 corporis

587 2938 784 2983 statum
812 2928 1238 2996 solidioremque
1264 2928 1547 2992 formatur,
1588 2928 1739 2982 itaut
1762 2924 2006 2980 visibiles
2031 2924 2163 2979 istas

587 3020 769 3074 mundi
803 3021 1011 3089 species
1044 3020 1325 3089 variasque
1359 3020 1685 3089 distinguat;
1717 3033 1837 3087 eum
1882 3032 2012 3071 vero
2042 3032 2165 3086 per-

585 3111 899 3165 fectioribus
928 3112 1198 3166 ministrat
1234 3110 1373 3181 (81)
1402 3120 1454 3164 et
1477 3104 1831 3173 beatioribus,
1861 3108 1915 3161 in
1955 3108 2163 3177 fulgore

585 3202 885 3256 cmlestinm
919 3218 1206 3271 corporum
1265 3202 1449 3264 micat,
1502 3211 1556 3255 et
1617 3199 1878 3267 spiritalis
1917 3199 2160 3266 corporis

585 3294 917 3348 indumentis
940 3294 1020 3346 vel
1047 3294 1262 3362 angelos
1294 3293 1412 3355 Dei,
1448 3291 1530 3346 vel
1570 3290 1707 3345 filios
1738 3289 2160 3343 resurrectionis

582 3394 843 3446 exornat;
872 3400 933 3439 ex
954 3384 1412 3453 quibusomnibus
1438 3384 1687 3437 diversus
1706 3396 1769 3435 ac
1786 3382 1969 3435 varius
2001 3380 2159 3435 unius

583 3477 768 3531 mundi
800 3476 1165 3543 eomplebitur
1210 3484 1386 3529 status
1422 3472 1583 3545 (82).
1616 3474 1815 3527 Verum
1850 3474 1891 3525 si
1948 3473 2158 3539 plenius

583 3569 697 3622 hzee
750 3568 1021 3621 discutere
1052 3567 1202 3632 libet,
1229 3566 1503 3633 oportebit
1527 3565 1783 3620 attentius
1816 3573 1876 3619 et
1922 3564 2155 3633 diligen-

585 3661 688 3712 tius
724 3674 844 3711 eum
876 3658 1020 3711 omni
1049 3666 1191 3711 metu
1226 3657 1316 3710 Dei
1370 3655 1509 3728 (85)
1561 3665 1615 3710 et
1677 3656 1987 3710 reverentia
2035 3669 2159 3723 per-

582 3752 813 3804 scrutari
848 3752 1161 3819 Scripturas
1192 3749 1428 3813 divinas,
1474 3749 1516 3803 si
1535 3748 1677 3817 )quid
1716 3748 1855 3801 forte
1898 3749 1949 3802 in
1982 3748 2068 3803 his
2091 3749 2159 3804 de

582 3844 783 3898 talibus
811 3859 1037 3898 arcanus
1059 3852 1111 3896 et
1138 3843 1449 3897 reconditus
1498 3856 1689 3895 sensus
1720 3841 1959 3897 revelare
1991 3840 2153 3914 (81),

580 3937 623 3990 si
683 3936 813 4005 quid
870 3936 923 3989 in
981 3935 1264 3989 absconsis
1306 3943 1361 3988 et
1432 3933 1723 3989 reconditis
1810 3934 2153 3989 sermonibus

579 4027 793 4096 (sancto
824 4025 1032 4095 Spiritu
1084 4028 1490 4081 demonstrante
1521 4024 1607 4078 his
1637 4024 1727 4095 qtti
1760 4024 1905 4093 digni
1958 4024 2149 4096 sunt),

576 4118 774 4186 poterit
806 4118 1063 4181 inveniri,
1094 4132 1214 4171 cum
1263 4117 1416 4185 plura
1452 4116 1758 4172 testimonia
1799 4117 1865 4173 de
1899 4117 1999 4173 bac
2034 4118 2147 4189 ipsa

575 4212 755 4280 specie
790 4209 987 4264 fuerint
1020 4218 1368 4282 congregata.

646 4325 755 4396 (78)
789 4326 879 4397 Sic
912 4343 1039 4381 mss.
1065 4343 1080 4392 ;
1105 4327 1235 4382 editi
1266 4342 1433 4397 vero,
1454 4344 1474 4378 ε
1511 4327 1767 4397 perferet,
1796 4346 1816 4380 ι
1850 4328 2009 4384 male.

648 4397 759 4467 (79)
789 4396 1029 4454 Creatas.
1082 4399 1174 4453 Sic
1227 4413 1359 4451 mss.
1417 4396 1563 4452 Libri
1612 4413 1742 4452 vero
1789 4408 1949 4453 antea
1988 4400 2150 4468 editi,

578 4485 597 4518 ι
642 4477 964 4540 coarctatas.
1004 4487 1021 4519 ι
1064 4470 1137 4523 De
1164 4484 1228 4522 eo
1253 4470 1596 4540 autemquod
1627 4484 1749 4523 mox
1781 4469 1930 4540 addit
1962 4470 2152 4540 Origc~

1845 336 2167 392 ORlGENlS
2200 340 2361 393 ΠΕΡΙ
2397 340 2630 395 ΑΡΧΩΝ

609 455 742 526 ipsis
796 453 1100 511 aiternitate
1133 453 1387 521 perduret
1421 450 1586 523 (78),
1638 464 1705 505 an
1768 465 1899 506 vero
1935 452 2177 506 absoluta
2208 459 2255 515 Α

3754 344 3844 398 188

2870 475 3097 535 CAPUT
3163 478 3246 533 111.

2604 608 2679 661 De
2715 610 2862 664 initio
2890 613 3091 680 mundi,
3121 621 3169 666 et
3202 616 3374 668 causis
3403 615 3535 679 ejus.

2356 760 2404 813 1.
2440 758 2700 830 Superest
2730 763 2867 833 (85)
2909 773 2966 819 ut
2997 774 3118 834 post
3159 766 3271 821 hare
3302 766 3642 836 requiramus
3671 777 3842 824 utrum

2281 864 2405 907 ante
2457 856 2599 911 hunc
2632 857 2889 911 mundum
2940 859 3111 929 (86),
3174 861 3262 928 qui
3295 876 3436 915 nunc
3472 871 3573 925 est,
3620 864 3844 918 mundus

2280 944 2417 999 alius
2440 943 2641 1013 fuerit;
2674 948 2797 1003 etsi
2834 946 2959 1014 fuit,
2985 960 3165 1004 utrum
3198 951 3319 1007 talis
3358 951 3520 1007 fuerit
3548 952 3727 1023 qualis
3750 955 3844 1010 iste

2267 1041 2357 1111 qui
2389 1058 2533 1097 nunc
2560 1053 2664 1107 est,
2700 1059 2767 1097 an
2804 1044 2963 1114 paulo
2997 1044 3351 1113 dill'ercntior,
3380 1051 3464 1103 vel
3495 1051 3720 1107 inferior
3747 1066 3835 1110 aut

2267 1133 2489 1188 omnino
2518 1150 2627 1188 non
2659 1134 2819 1189 fuerit
2851 1138 3106 1203 mundus,
3144 1140 3238 1193 sed
3274 1142 3377 1196 tale
3416 1141 3617 1211 aliquid
3648 1143 3833 1213 fuerit,

2267 1225 2480 1293 qualem
2506 1225 2654 1279 illum
2686 1226 3031 1298 intelligimus
3072 1241 3190 1299 post
3227 1233 3466 1287 omnium
3498 1235 3659 1291 finem
3694 1238 3837 1292 futu-

2274 1329 2414 1377 rum,
2446 1331 2567 1369 cum
2601 1317 2840 1371 tradetur
2865 1334 3089 1388 regnum
3112 1321 3219 1376 Deo
3247 1332 3301 1377 et
3326 1324 3467 1379 Patri
3488 1344 3498 1378 :
3518 1328 3609 1397 qui
3645 1330 3839 1382 nihilo-

2271 1406 2449 1459 minus
2497 1406 2717 1461 alterius
2764 1410 2950 1463 mundi
2996 1410 3157 1465 fuerit
3229 1414 3377 1479 finis,
3426 1416 3570 1471 illius
3632 1420 3840 1475 scilicet

2275 1508 2397 1570 post
2425 1516 2584 1569 quem
2624 1502 2711 1555 hic
2742 1505 2976 1558 mundus
3003 1506 3167 1574 erepit
3195 1524 3205 1558 :
3240 1506 3421 1576 lapsus
3450 1519 3629 1563 autem
3666 1514 3841 1567 varius

2276 1591 2715 1646 intellectualium
2750 1595 2858 1665 (87)
2900 1604 3214 1650 naturarum
3262 1602 3629 1667 provocaverit
3677 1602 3840 1658 Deum

2276 1682 2341 1735 ad
2378 1682 2531 1736 istam
2574 1684 2771 1737 variam
2820 1685 3192 1765 diversamque
3236 1690 3596 1745 conditionem
3637 1696 3838 1751 mundi.

2210 1796 2249 1855 Β
2277 1774 2382 1828 Sed
2406 1784 2460 1829 et
2489 1774 2618 1830 illud
2651 1776 2896 1830 similiter
2937 1778 3319 1846 requirendum
3348 1790 3496 1850 puto,
3526 1782 3640 1851 80
3668 1793 3841 1838 utrum

2279 1876 2400 1935 post
2444 1867 2589 1920 hunc
2637 1868 2899 1922 mundum
2949 1868 3155 1922 curatio
3205 1870 3379 1940 aliqua
3431 1880 3485 1926 et
3539 1875 3845 1929 emendatio

2280 1957 2402 2021 erit,
2432 1958 2675 2026 asperior
2702 1959 2917 2027 quidem
2960 1970 3013 2015 et
3052 1961 3251 2016 doloris
3292 1964 3447 2031 plena
3477 1980 3604 2036 erga
3631 1981 3726 2019 eos
3758 1966 3841 2035 qui

2280 2048 2446 2101 verbo
2478 2048 2570 2102 Dei
2598 2050 2819 2103 obedire
2845 2050 3165 2117 noluerunt;
3199 2068 3296 2122 per
3333 2055 3692 2109 eruditionem
3724 2072 3847 2111 vero

2282 2140 2761 2210 rationabile-mque
2809 2141 3201 2197 institutionem
3230 2187 3243 2209 ,
3286 2160 3383 2214 per
3424 2162 3583 2215 quam
3631 2160 3851 2217 possent

2281 2233 2346 2286 ad
2381 2232 2787 2302 locupletiorem
2835 2234 3097 2303 prolicere
3144 2236 3384 2291 veritatis
3422 2238 3759 2294 intellectum
3797 2251 3853 2295 ut

2280 2324 2369 2393 qui
2417 2323 2470 2377 in
2510 2324 2759 2393 praesenti
2807 2326 2915 2379 vita
2963 2325 3016 2379 in
3059 2326 3175 2380 haec
3210 2342 3268 2381 se
3308 2327 3483 2382 studia
3529 2329 3855 2384 dediderunt

2284 2416 2426 2486 (88),
2459 2427 2514 2471 et
2559 2418 2831 2472 mentibus
2866 2418 3200 2489 purgatiores
3241 2419 3450 2485 effecti,
3483 2436 3713 2491 capaces
3743 2423 3853 2492 jam

2283 2508 2411 2562 hinc
2461 2508 2656 2562 divina:
2704 2508 2979 2577 sapientize
3025 2518 3413 2578 perrexerunt;
3466 2520 3521 2563 et
3569 2521 3695 2579 post
3744 2514 3857 2568 [nec

2280 2599 2459 2655 statim
2492 2599 2612 2654 finis
2641 2601 2883 2656 omnium
2908 2610 3291 2671 consequetur,
3323 2610 3377 2655 et
3398 2618 3495 2670 pro
3519 2605 3857 2659 correctione

2278 2702 2334 2749 et
2364 2693 2741 2749 emendatione
2789 2708 2975 2749 eorum
3021 2695 3113 2764 qui
3159 2695 3352 2749 talibus
3398 2694 3674 2764 indigent,
3720 2696 3855 2751 alius

2278 2800 2468 2839 rursus
2510 2783 2745 2838 mundus
2787 2785 2921 2847 erit,
2959 2785 3043 2839 vel
3080 2784 3269 2839 similis
3311 2783 3398 2837 isti
3440 2784 3532 2852 qui
3562 2800 3715 2839 nunc
3754 2795 3860 2854 est,

2268 2880 2353 2935 vel
2383 2880 2487 2934 hoc
2514 2877 2725 2941 melior,
2744 2886 2836 2931 aut
2856 2876 3026 2930 multo
3055 2874 3326 2940 deterior;
3368 2881 3425 2929 et
3451 2872 3850 2943 qualiscunque

2268 2972 2359 3027 ille
2383 2971 2487 3025 erit
2518 2977 2639 3037 post
2665 2969 2808 3022 hunc
2858 2966 3111 3032 mundus,
3156 2966 3394 3036 quandiu
3426 2966 3561 3031 erit;
3590 2974 3646 3021 et
3677 2968 3722 3021 si
3745 2967 3851 3020 erit

2269 3063 2559 3133 aliquando
2592 3077 2714 3116 cum
2776 3060 2953 3115 nullus
2996 3075 3231 3129 unquam
3276 3059 3345 3113 sit
3384 3060 3644 3125 mundus,
3676 3067 3770 3113 aut
3803 3060 3849 3114 si

2192 3148 2236 3210 C
2269 3154 2369 3209 fuit
2391 3152 2684 3223 aliquando
2718 3167 2837 3206 cum
2872 3152 3103 3205 mundus
3134 3166 3240 3205 non
3267 3149 3679 3206 fueritomnino
3700 3151 3849 3221 (89);

2268 3254 2362 3299 aut
2389 3246 2437 3299 si
2483 3244 2684 3298 fuerint
2713 3244 2912 3313 plures,
2962 3242 3044 3296 vel
3077 3251 3255 3308 erunt,
3305 3252 3394 3296 aut
3424 3242 3468 3296 si
3505 3242 3723 3298 accidat
3754 3243 3853 3297 ali-

2265 3335 2484 3405 quando
2506 3344 2566 3387 ut
2595 3333 2730 3387 alter
2774 3332 2929 3386 alteri
2960 3331 3185 3400 aequalis
3207 3340 3262 3386 et
3283 3331 3479 3387 similis
3509 3346 3609 3402 per
3665 3333 3851 3388 omnia

2265 3437 2429 3496 atque
2453 3424 2781 3479 indiscretus
2811 3423 3049 3479 eveniat.

2334 3538 2391 3594 Ξ.
2424 3537 2496 3593 Ut
2519 3552 2647 3609 ergo
2687 3538 3031 3592 manifestius
3066 3547 3327 3607 appareat
3370 3545 3553 3591 utrum
3615 3540 3850 3595 materia

2265 3632 2565 3702 corporalis
2595 3646 2690 3699 per
2711 3630 2995 3685 intervalla
3025 3630 3160 3700 (90‘)
3180 3631 3461 3697 subsistat,
3489 3640 3544 3685 et
3566 3632 3713 3687 sicut
3743 3650 3853 3689 non

2265 3724 2369 3779 fuit
2404 3734 2694 3791 antequam
2724 3723 2896 3787 fieret,
2936 3723 3131 3777 iterum
3164 3722 3469 3777 resolvatur
3510 3734 3571 3778 ut
3600 3741 3709 3780 non
3744 3727 3852 3793 sit;

2264 3816 2544 3871 videamus
2581 3818 2813 3885 primum
2851 3815 2897 3871 si
2957 3814 3075 3870 fieri
3134 3822 3313 3884 potest
3357 3824 3415 3869 ut
3452 3816 3602 3871 vivat
3652 3817 3855 3888 aliquis

2259 3908 2377 3964 sine
2412 3922 2658 3977 corpore.

2259 4022 2313 4078 Si
2337 4024 2482 4078 enim
2513 4022 2709 4093 aliquis
2730 4030 2906 4093 potest
2931 4022 3009 4075 vi-
3187 4036 3407 4077 HIEBON.
3482 4038 3742 4080 meum.

2252 4133 2383 4175 vere
2428 4119 2549 4174 sine
2584 4097 3003 4189 corpore,‘pos-
3082 4118 3141 4174 Si
3180 4120 3374 4181 omnia,
3406 4129 3461 4172 ut
3507 4119 3619 4188 ipse
3660 4122 3856 4184 dispu-

2251 4222 2465 4270 suntet
2502 4213 2840 4285 omnia(9l)
2889 4226 3009 4269 esse
3081 4210 3295 4265 tationis
3357 4211 3486 4265 ordo
3540 4213 3851 4285 compellit,

2260 4334 2525 4402 plurimos
2557 4341 2610 4387 et
2649 4333 2732 4387 sui
2776 4329 3015 4402 similes,
3055 4328 3148 4402 sed
3187 4337 3312 4397 post
3367 4326 3600 4402 alterius
3655 4330 3853 4385 mundi

2260 4398 2444 4469 linem,
2481 4403 2708 4457 alterius
2735 4415 2855 4457 esse
2898 4400 3254 4469 principium;
3293 4407 3349 4469 et
3385 4406 3515 4450 ante
3549 4398 3698 4451 hunc
3749 4414 3855 4454 no-

2259 4467 2737 4534 strum'mundum,
2765 4467 2928 4524 alium
2963 4470 3130 4523 fuisse
3159 4467 3415 4521 mundum
3438 4484 3451 4531 ;
3472 4476 3526 4520 et
3550 4477 3677 4535 post
3702 4469 3855 4525 hunc

576 4553 696 4598 nes,
718 4538 1053 4591 materialem
1073 4540 1429 4593 substantiam
1474 4539 1748 4593 intellectu
1783 4539 1955 4593 solum
1990 4537 2141 4607 sepa-
2181 4545 2226 4599 D
2256 4543 2418 4597 alium
2449 4558 2569 4597 esse
2595 4541 2857 4603 futurum,
2880 4548 3073 4605 etpost
3104 4538 3251 4591 illum
3276 4537 3476 4597 alium;
3506 4552 3855 4607 rursumque

576 4610 681 4660 rari
718 4624 745 4659 a
780 4609 1194 4663 rationabilibus
1236 4609 1463 4676 naturis,
1491 4610 1740 4665 consulas
1772 4608 1927 4663 velim
1965 4621 2146 4666 notam

572 4675 663 4736 94,
699 4678 805 4730 col.
841 4679 960 4733 1‘26.

643 4747 755 4813 (80)
789 4748 1006 4816 Aliquot
1037 4765 1186 4815 mss.,
1214 4770 1233 4802 ι
1277 4751 1461 4805 habet.
1494 4770 1512 4803 ι

640 4816 751 4953 (81)
787 4818 958 4871 Caute
982 4820 1117 4888 lege.

664 4888 729 4939 8'2
786 4887 859 4939 Ita
892 4904 1058 4951 mss.;
1107 4890 1117 4941 i

664 4887 751 4955 82)
786 4887 1058 4961 lta_mss.;
1102 4890 1157 4961 in
1198 4890 1357 4944 editis
1397 4892 1547 4945 deest
1586 4910 1603 4941 ι
1655 4892 1833 4955 unius,
1877 4910 1895 4943 ι
1946 4899 1999 4943 et
2044 4906 2141 4961 pro

574 4975 591 5007 ι
634 4956 1009 5028 complebitur,
1047 4976 1064 5008 ι
1102 4959 1295 5027 legitur
1326 4978 1345 5011 ‹
1385 4961 1782 5028 complectitur,
1820 4980 1837 5011 ι
1877 4962 2031 5014 male.

644 5026 754 5102 (88)
786 5027 901 5102 Dei.
926 5028 1081 5080 Deest
1103 5026 1345 5102 iniantea
1366 5026 1543 5095 editis,
1564 5032 1658 5084 sed
1679 5030 1912 5102 habetur
1933 5032 1983 5102 in
2007 5045 2138 5102 mss.

646 5096 751 5163 3'84)
785 5096 837 5147 lu
875 5106 1030 5169 antea
1056 5099 1215 5153 editis
1246 5100 1476 5168 legitur:
1518 5119 1535 5151 ι
1571 5103 1614 5153 si
1648 5101 1768 5169 quis
1804 5099 1939 5154 forte
1967 5100 2018 5151 in
2061 5101 2143 5155 his

570 5168 768 5221 talibus
819 5167 1037 5219 arcanis
1096 5179 1149 5220 et
1202 5167 1497 5223 reconditis
1542 5172 1607 5222 sit
1641 5167 1871 5223 arcanus
1928 5184 2140 5232 sensus,

568 5238 609 5288 si
657 5236 784 5305 quid
840 5236 892 5287 in
952 5237 1231 5292 absconsis
1285 5250 1335 5293 et
1385 5241 1674 5293 reconditis
1730 5248 1920 5292 sancto
1970 5238 2142 5306 Spiri-

565 5316 646 5427 ltul,
692 5316 883 5427 item,
942 5308 1034 5360 sed
1086 5325 1213 5364 mss.
1258 5310 1545 5365 lectionem
1589 5311 1756 5363 nostri
1811 5318 1989 5363 textus
2042 5324 2138 5362 ex:

586 5393 615 5426 ll
642 5392 722 5427 )en
760 5414 771 5425 .

586 5379 771 5427 libent.

660 5445 749 5517 859')
781 5444 947 5517 Caute
976 5446 1110 5517 lege.

660 5450 749 5506 85)
781 5450 947 5500 Caute
976 5450 1110 5517 lege.

637 5450 749 5585 lSG)
788 5514 973 5568 Utrum
1001 5528 1122 5572 ante
1153 5519 1288 5571 Imm:
1322 5520 1599 5581 mundum,
1628 5528 1734 5574 etc.
1766 5517 1916 5583 Quod
1946 5518 1994 5571 in
2038 5520 2138 5573 hoc

567 5584 745 5650 capite
772 5585 839 5658 ab
869 5587 1100 5658 Origene
1130 5591 1193 5641 de
1218 5588 1464 5656 pluribus
1500 5591 1715 5642 mundis
1743 5598 2135 5658 pcrtractatur,

568 5655 877 5729 summatim
906 5656 955 5709 in
977 5655 1303 5729 epistola’ad
1334 5658 1547 5710 Avitum
1583 5655 1755 5712 refert
1778 5658 2137 5729 Hieronymus

568 5722 651 5775 his
680 5724 857 5779 verbis
891 5745 902 5779 :
943 5744 960 5776 ι
1003 5722 1055 5780 In
1088 5728 1324 5782 secundo
1350 5737 1537 5778 autem
1572 5729 1709 5783 libro
1743 5731 1966 5783 mundos
1983 5722 2137 5785 asse-

564 5792 634 5845 rit
662 5792 1104 5853 innumerabiles.
1138 5815 1239 5852 non
1264 5798 1415 5865 juxta
1451 5796 1739 5863 Epicurum
1767 5815 1872 5852 uno
1899 5810 2137 5869 tempore

2256 4623 2486 4669 Caeteros
2512 4621 2632 4682 post
2659 4620 2904 4682 caeteros.
2934 4610 3002 4682 Et
3040 4609 3252 4662 dubitat
3280 4616 3462 4682 utrum
3495 4606 3853 4682 futurus__sit

2255 4685 2489 4737 mundus
2513 4676 2669 4737 alteri
2704 4680 2905 4734 mundo
2937 4679 3009 4733 ita
3039 4693 3103 4733 ex
3148 4676 3295 4730 omni
3328 4686 3482 4745 parte
3509 4678 3849 4743 consimilis,

2254 4762 2311 4806 ut
2344 4754 2493 4808 nullo
2527 4753 2669 4806 inter
2705 4766 2762 4805 se
2802 4750 3003 4803 distare
3029 4748 3352 4812 videantur;
3391 4755 3482 4798 attt
3510 4756 3666 4801 certe
3705 4764 3854 4803 nun-

2251 4837 2412 4892 quam
2451 4824 2682 4876 mundus
2723 4820 2877 4874 alteri
2906 4818 3108 4872 mundo
3147 4832 3212 4871 ex
3258 4825 3368 4871 toto
3401 4816 3738 4874 indiscretus
3788 4829 3852 4874 et

2252 4893 2441 4946 similis
2471 4894 2543 4946 sit
2568 4892 2796 4945 futurus.
2820 4910 2838 4941 ι

2322 4962 2431 5031 (8'7)
2460 4962 2549 5016 Sic
2593 4962 2796 5029 optime
2838 4975 2968 5014 mss.
3014 4958 3253 5013 Pessime
3295 4971 3425 5031 vero
3476 4955 3613 5031 libb.
3657 4958 3792 5013 editi
3830 4976 3845 5012 :

2257 5051 2273 5082 ε
2316 5026 2481 5102 coepit
2518 5026 2729 5102 lapsus;
2754 5046 2825 5102 an
2856 5032 3058 5102 varius,
3082 5039 3137 5102 et
3171 5026 3847 5102 intellectualium,Uiiete.

2322 5049 2400 5084 ΜΒ
2441 5049 2481 5085 ιι
2518 5049 2729 5102 lapsus;
2761 5049 2825 5083 an
2856 5049 3058 5092 vanus,
3082 5049 3137 5082 et
3171 5049 3644 5092 tntetteuuultum,
3685 5049 3704 5079 ι
3730 5049 3847 5083 etc.

2322 5049 2435 5173 (88)
2458 5102 2548 5155 Sic
2578 5100 2905 5173 mssrdlias,
2935 5117 2969 5173 _t
3011 5101 3062 5153 in
3096 5100 3199 5153 hoc
3239 5112 3359 5153 esse
3409 5097 3591 5173 studio
3630 5098 3852 5173 didice-

2250 5167 2448 5227 runt.)
2480 5173 2681 5226 Ibidem
2718 5169 2851 5222 libb.
2882 5170 3042 5222 editi:
3080 5187 3097 5219 ε
3142 5181 3367 5237 capaces
3406 5167 3517 5234 jam
3568 5168 3737 5233 hujus
3758 5171 3852 5221 di-

2251 5242 2388 5295 vina:
2423 5242 2705 5309 sapientiae
2743 5239 2917 5293 effecti
2954 5247 3099 5301 sunt,
3127 5248 3183 5292 et
3237 5239 3280 5291 si
3319 5245 3443 5303 post
3489 5237 3635 5291 hanc
3666 5240 3848 5293 vitam

2247 5314 2431 5364 statim
2459 5312 2599 5365 linis.
2642 5330 2662 5363 ι
2694 5313 2761 5364 At
2797 5325 2930 5363 mss.
2958 5321 3014 5361 ut
3044 5310 3094 5361 in
3129 5318 3318 5361 nostro
3349 5315 3519 5359 textu.

2319 5381 2429 5451 (89)
2461 5382 2552 5437 Sic
2576 5397 2706 5435 mss.
2740 5380 2908 5444 Alias,
2939 5396 2957 5430 ι
2986 5379 3097 5451 erit
3121 5378 3209 5431 ille
3235 5385 3353 5451 post
3372 5378 3517 5451 hunc
3549 5378 3851 5451 mundum,

2246 5446 2481 5519 quandiu
2512 5453 2634 5512 erit,
2661 5460 2752 5503 attt
2776 5451 2817 5503 si
2852 5450 3075 5503 omnino
3107 5464 3210 5503 non
3229 5446 3354 5519 erit,
3384 5457 3439 5500 et
3454 5446 3498 5499 si
3526 5447 3637 5519 erit
3665 5447 3805 5517 aiiq.
3824 5468 3845 5502 ι

2316 5520 2425 5590 (90)
2462 5520 2771 5575 Intervalla.
2796 5519 2962 5574 Recte
2985 5534 3112 5573 mss.
3132 5534 3145 5581 ;
3166 5518 3317 5590 male
3340 5532 3467 5570 vero
3491 5516 3653 5590 editi,
3681 5537 3699 5569 ι
3728 5516 3854 5571 nia-

2249 5586 2459 5646 teriam.
2495 5611 2512 5643 ι
2557 5591 2720 5644 Paulo
2756 5600 2876 5658 post
2927 5604 3083 5649 mss.,
3120 5608 3136 5638 ι
3175 5598 3233 5641 ttt
3274 5588 3418 5639 vivat
3452 5586 3661 5655 aliquis
3721 5589 3854 5645 sine

2247 5676 2494 5729 corpore.
2536 5680 2551 5711 ι
2585 5661 2638 5714 ln
2672 5670 2826 5713 antea
2857 5660 3015 5729 editis
3044 5661 3196 5713 deest
3229 5678 3246 5708 ‹
3297 5658 3516 5726 aliquis.
3554 5676 3574 5709 ι

2317 5728 2519 5801 (91))8ξ
2545 5732 2737 5791 omnia,
2771 5738 2872 5781 etc.
2897 5728 3017 5801 Haec
3046 5730 3327 5797 desumpta
3357 5737 3480 5783 sunt
3506 5742 3573 5782 ex
3604 5730 3855 5798 epistola

2248 5804 2385 5857 beati
2410 5800 2718 5859 llicronvmi
2746 5802 2809 5855 ad
2840 5800 3071 5855 Avitum.
