3880 6524
156 372 252 437 18⁵)

1449 382 1648 441 LIBER
1692 388 2082 448 SECUNDUS.

3296 399 3397 456 l90

154 498 524 590 stnecorpore:
544 495 729 550 omnia
746 497 892 552 enim
967 498 1078 555 sine
1104 517 1321 570 corpore
1338 504 1579 569 vixerint,
1604 525 1725 561 con-
1751 516 1797 572 Α
1829 528 2064 584 namque
2117 516 2347 571 mortale
2400 524 2501 582 est,
2535 516 2636 573 hoc
2678 519 2936 575 continuo
2961 530 3016 574 et
3042 524 3397 590 corruptibile

150 589 376 641 adunum
395 587 897 647 ﬁnemtenderesu-
965 604 1200 647 sumetur
1250 598 1538 664 corporalis
1592 603 1716 653 uni-

147 684 317 752 perior
353 692 622 738 tractatus
651 688 886 741 edocuit.
963 701 1109 739 versa
1140 698 1353 751 natura,
1377 702 1422 742 et
1456 694 1716 761 redigetur

147 777 195 828 Si
228 787 404 829 autem
442 778 627 831 omnia
666 788 890 847 possunt
960 779 1013 829 in
1032 777 1411 848 nihilum,quw
1428 783 1711 852 aliquando

144 885 317 925 carch
358 872 718 940 corporibus,
769 875 885 927 sine
958 868 1099 937 facta
1130 880 1206 924 es!
1263 872 1326 925 de
1360 874 1557 939 nihilo;
1597 876 1715 928 erit-

140 963 287 1016 dnbio
318 979 426 1018 non
461 966 885 1021 eritsubstantia
956 980 1055 1033 que
1076 974 1274 1033 tempus
1309 983 1411 1035 quo
1446 984 1571 1021 usus
1600 971 1715 1036 ejus

137 1058 891 1128 corporalis,cujusususnul-
959 1060 1147 1113 iterum
1180 1064 1502 1116 necessarius
1547 1063 1636 1117 sit.

139 1155 213 1208 lus
233 1155 479 1209 exsistet.

138 1247 197 1300 Et
242 1250 515 1315 quomodo
550 1248 851 1302 sentiemus
886 1248 1016 1301 illud
1064 1249 1205 1316 quod
1244 1250 1382 1304 dixit
1422 1251 1709 1320 Apostolus

138 1338 187 1391 in
218 1338 299 1391 his
348 1337 483 1392 locis
536 1338 591 1391 in
653 1338 851 1407 quibus
902 1339 968 1393 de
1016 1341 1421 1396 resurrectione
1472 1343 1711 1412 disputat

138 1438 482 1492 mortuorum,
516 1443 640 1483 cum
665 1428 777 1482 ait:
808 1446 827 1481 ι
857 1427 1092 1484 Necesse
1117 1439 1200 1484 est
1238 1439 1418 1485 autem
1444 1436 1711 1503 corrupti-

138 1520 234 1573 bile
264 1521 363 1573 hoc
419 1520 653 1576 induere
700 1521 1192 1589 incorruptionem,
1252 1531 1307 1575 et
1344 1524 1569 1579 mortale
1605 1526 1709 1581 hoc

138 1612 341 1665 induere
396 1608 886 1667 immortalitatem.
950 1612 1081 1665 Cum
1123 1622 1300 1667 autem
1358 1616 1708 1685 corruptibile

137 1704 225 1755 hoc
257 1702 497 1756 induerit
553 1703 1037 1773 incorruptionem,
1077 1713 1133 1758 et
1164 1704 1389 1759 mortale
1416 1706 1515 1760 hoc
1548 1706 1706 1760 indu-

135 1792 226 1843 crit
259 1791 757 1856 immortalitatem,
803 1802 929 1847 tunc
980 1794 1072 1848 ﬁet
1116 1808 1295 1849 sermo
1333 1796 1421 1862 qui
1471 1796 1705 1864 scriptus

135 1886 239 1929 est:
289 1877 570 1946 Absorpta
601 1888 686 1932 est
737 1894 887 1934 mors
916 1881 969 1935 in
1003 1882 1266 1947 victoria;
1297 1883 1384 1939 ubi
1410 1893 1512 1951 est,
1536 1900 1704 1951 mors,

134 1968 341 2021 victoria
370 1969 498 2021 tua?
524 1967 942 2039 Absorptusest,
963 1986 1127 2036 mors,
1151 1972 1372 2027 aculeus
1396 1980 1516 2028 tuus
1535 1974 1665 2046 (92)
1688 1993 1702 2041 ;

134 2059 335 2114 aculeus
395 2070 584 2115 autem
653 2063 844 2118 mortis
927 2072 1246 2132 peccatum,
1302 2064 1474 2119 virtus
1524 2074 1703 2121 autem

130 2154 318 2219 peccati
377 2152 463 2208 lex
504 2154 571 2208 ".
613 2173 631 2207 ι
684 2154 865 2208 Talem
925 2170 1056 2222 ergo
1140 2158 1426 2226 quemdam
1493 2159 1705 2212 videtur

129 2244 399 2310 Apostolus
450 2260 750 2314 suggerere
800 2245 1149 2301 intellectum.
1214 2246 1366 2314 Quod
1403 2249 1543 2303 enim
1595 2250 1698 2303 ait:

130 2356 148 2388 ι
179 2337 541 2407 Corruptibile
577 2340 700 2403 hoc,
742 2348 797 2394 et
824 2340 1049 2395 mortale
1074 2341 1192 2401 hoc,
1232 2358 1250 2391 ›
1290 2340 1435 2395 velut
1472 2350 1701 2411 tangen-

127 2430 186 2483 tis
202 2439 250 2483 et
272 2431 622 2485 ostendentis
645 2430 862 2495 allecto,
887 2431 975 2487 cui
1002 2431 1090 2485 alii
1120 2432 1373 2485 convenit
1403 2434 1503 2487 nisi
1532 2444 1703 2489 mate-

125 2525 204 2575 r?a:
245 2523 525 2589 corporali
570 2523 752 2591 (93)?
795 2523 917 2577 llaec
957 2538 1087 2594 ergo
1160 2525 1385 2578 materia
1432 2526 1696 2597 corporis,

126 2627 225 2679 qua:
254 2626 397 2665 nunc
431 2612 805 2680 corruptibilis
846 2622 949 2677 est,
981 2613 1167 2668 induet
1212 2613 1695 2683 incorruptionem,

122 2719 227 2757 cum
289 2703 533 2772 perfecta
582 2704 759 2757 anima
794 2712 849 2758 et
892 2705 1232 2774 dogmatibus
1278 2706 1697 2775 incorruptionis

124 2796 370 2849 instructa
409 2796 489 2848 uti
531 2811 600 2849 eo
630 2796 882 2864 coeperit.
942 2797 1008 2849 Et
1033 2797 1156 2851 nolo
1204 2797 1420 2851 mireris
1454 2799 1499 2852 si
1548 2796 1698 2850 velut

120 2888 484 2941 indumentum
532 2888 780 2956 corporis
814 2886 1105 2956 perfectam
1160 2889 1393 2943 animam
1444 2888 1695 2953 dicimus,

121 2993 221 3044 quze
250 2987 483 3047 propter
540 2976 775 3032 Verbum
810 2979 901 3033 Dei
943 2991 997 3034 et
1046 2981 1366 3048 sapientiam
1398 2980 1516 3050 ejus
1553 2998 1696 3038 nunc

122 3070 442 3138 incorruptio
495 3072 842 3138 nominatur;
911 3088 1034 3126 cum
1082 3073 1194 3141 ipse
1236 3074 1421 3143 utique
1466 3075 1555 3143 qui
1612 3083 1697 3129 est

1822 614 1925 668 est;
1958 620 2063 658 non
2092 616 2271 662 tamen
2304 609 2347 663 si
2381 610 2508 677 quid
2558 611 2912 680 corruptibile
2950 620 3052 678 est,
3082 613 3184 669 hoc
3230 617 3394 671 etiam

1820 698 2052 751 mortale
2106 700 2209 753 dici
2263 711 2463 769 potest.
2500 701 2743 772 Denique
2778 703 3007 771 lapidem
3049 704 3131 758 vel
3192 705 3394 775 lignum

1818 788 2169 855 corruptibile
2187 790 2402 858 quidem
2427 791 2678 857 dicimus;
2709 808 2814 847 non
2849 803 3026 849 tamen
3059 796 3223 849 etiam
3252 812 3397 851 mor—

1818 879 1922 933 tale
1980 892 2374 949 consequenter
2417 885 2680 939 dicemus.
2725 886 2935 955 Corpus
2976 902 3104 942 vero
3144 890 3396 958 quoniam

1816 971 1939 1024 vitce
1963 973 2267 1041 participat,
2304 988 2369 1027 ex
2401 990 2465 1028 eo
2486 976 2628 1043 quod
2646 991 2770 1044 sepa
2782 979 2887 1029 rati
2915 978 2982 1031 ab
2999 992 3063 1032 eo
3084 980 3192 1033 vita
3223 989 3397 1049 potest

1813 1072 1868 1117 et
1915 1072 2218 1130 separatur,
2269 1076 2669 1133 consequenter
2698 1066 2924 1120 mortale
2958 1066 3099 1137 (95)
3151 1070 3396 1122 nomina-

1815 1169 1954 1220 mus,
1984 1162 2036 1208 et
2066 1156 2365 1208 secundum
2402 1155 2565 1208 alium
2604 1172 2820 1225 quoque
2854 1158 3181 1213 intellectum
3230 1160 3392 1213 etiam

1813 1242 2163 1311 corruptibile
2210 1244 2463 1298 dicimus.
2519 1244 2654 1298 Mira
2719 1262 2851 1315 ergo
2908 1248 3116 1301 ratione
3172 1257 3395 1302 sanctus

1812 1332 2099 1401 Apostolus
2129 1333 2264 1406 (96)
2300 1335 2364 1389 ad
2394 1335 2705 1405 generalem
2736 1337 2968 1404 primam
3019 1352 3235 1391 causam
3299 1353 3393 1393 re—

1810 1427 2046 1496 spiciens
2077 1428 2314 1481 materiai
2366 1427 2690 1495 corporalis,
2732 1425 2889 1495 cujus
2943 1428 3185 1481 materia:
3215 1429 3393 1483 anima

1810 1532 1964 1571 nsum
2008 1531 2222 1587 semper
2250 1518 2416 1572 habet
2444 1516 2591 1587 (97)
2620 1517 2672 1570 in
2715 1516 2959 1586 qualibet
2986 1517 3246 1585 qualitate
3300 1534 3396 1587 po-

1809 1610 1951 1677 sitte,
2014 1625 2157 1663 nunc
2194 1610 2408 1677 quidem
2456 1608 2685 1670 carnali,
2719 1608 3060 1676 postmodum
3109 1623 3238 1662 vero
3268 1608 3397 1664 sub-

1813 1698 1978 1752 tiliori
2020 1706 2076 1751 et
2116 1698 2347 1767 puriori,
2405 1712 2525 1767 qum
2570 1698 2835 1766 spiritalis
2886 1698 3224 1765 appellatur,
3285 1697 3392 1750 ait:

1814 1806 1832 1839 ι
1866 1787 2098 1843 Necesse
2155 1797 2240 1842 est
2294 1788 2647 1856 corruptibile
2704 1788 2806 1843 hoc
2878 1788 3102 1841 induere
3148 1788 3393 1841 incorru-

1809 1884 2107 1953 ptionem.»
2150 1880 2401 1936 Secundo
2450 1895 2579 1935 vero
2635 1880 2700 1932 ad
2752 1878 3047 1948 specialem
3089 1876 3228 1947 (98)
3267 1894 3391 1933 cor-

1808 1975 1960 2044 poris
1989 1972 2285 2041 respiciens
2313 1986 2532 2025 causam
2581 1970 2685 2024 ait:
2718 1988 2737 2021 t
2771 1969 3005 2024 Necesse
3048 1982 3131 2023 est
3165 1970 3392 2025 mortale

1808 2067 1910 2121 hoc
1959 2064 2183 2118 induere
2233 2062 2724 2116 immortalitatem.
2760 2080 2780 2113 ι
2819 2061 3159 2131 lncorruptio
3201 2070 3386 2116 autem

1805 2166 1859 2211 et
1886 2154 2270 2209 immortalitas
2322 2152 2450 2221 quid
2484 2150 2627 2208 aliud
2677 2150 2780 2205 erit
2838 2151 2942 2207 nisi
2999 2151 3289 2220 sapientia,
3336 2160 3393 2206 et

1810 2246 2067 2309 Verbum,
2095 2254 2149 2299 et
2176 2244 2391 2315 justitia
2440 2243 2557 2307 Dei,
2583 2259 2702 2313 qua:
2738 2243 2975 2299 formant
3030 2245 3290 2310 animam,
3336 2254 3392 2299 et

1805 2339 2057 2402 induunt,
2102 2346 2156 2390 et
2180 2335 2485 2390 exornant?
2515 2334 2577 2388 Et
2617 2336 2690 2389 ita
2748 2335 2811 2389 fit
2861 2342 2919 2388 ut
2976 2335 3213 2399 dicatur,
3262 2335 3387 2404 quia

1804 2428 2160 2498 corruptibile
2226 2427 2695 2496 incorruptionem
2778 2427 2986 2493 induet,
3050 2437 3105 2481 et
3164 2427 3390 2481 mortale

1807 2520 2295 2577 immortalitatem.
2343 2516 2504 2573 Nunc
2550 2519 2695 2573 enim
2757 2520 2970 2573 etiamsi
3024 2518 3174 2573 valde
3222 2518 3389 2587 proli-

1804 2615 2034 2674 ciamus.
2085 2624 2260 2669 tamen
2303 2612 2558 2682 quoniam
2622 2611 2765 2681 (99)
2814 2610 2984 2665 solum
3015 2625 3081 2665 ex
3108 2620 3260 2679 parte
3298 2625 3392 2664 co-

1800 2707 2136 2776 gnoscimus,
2161 2713 2215 2759 et
2235 2719 2299 2759 ex
2322 2715 2474 2773 parte
2496 2704 2898 2773 prophetamus,
2923 2712 2976 2756 et
2997 2717 3090 2772 per
3113 2702 3387 2772 speculum

1800 2797 1854 2852 in
1889 2798 2177 2867 :enigmate
2220 2794 2465 2849 videmus
2490 2810 2553 2849 ea
2595 2794 2709 2861 ipsa
2738 2807 2859 2861 qua:
2895 2792 3143 2846 videmur
3187 2792 3386 2845 intelli-

1799 2904 1948 2961 gere,
1976 2887 2212 2943 nondum
2241 2896 2557 2955 corruptum
2580 2885 2685 2938 hoc
2711 2882 2886 2938 induit
2905 2882 3385 2951 incorruptionem,

1798 2994 1975 3049 neque
2015 2977 2245 3034 mortale
2300 2979 2369 3032 ab
2425 2975 2835 3030 immortalitate
2875 2974 3279 3037 circumdatur;
3332 2981 3387 3026 et

1797 3074 2050 3143 quoniam
2077 3071 2194 3125 sine
2228 3070 2332 3140 81
2360 3069 2522 3123 dubio
2558 3068 2611 3120 in
2644 3066 2856 3137 longius
2919 3065 3255 3135 protrahitur
3287 3078 3386 3117 no-

120 3160 444 3229 Dominus_et
480 3171 702 3215 creator
723 3162 916 3216 anima:
937 3162 1094 3218 Jesus
1127 3164 1380 3219 Christus
1412 3165 1692 3220 indumen-
1721 3185 1763 3242 ε
1798 3173 1912 3217 stra
1940 3164 2055 3217 hate
2081 3161 2134 3214 in
2169 3158 2399 3229 corpore
2436 3157 2673 3212 eruditio
2698 3154 3077 3226 (l):\'idelicet
3108 3168 3387 3223 usquequo

122 3262 215 3304 tum
263 3256 473 3307 sanctis
527 3267 648 3307 esse
716 3252 951 3318 dicatur,
992 3254 1134 3308 sicut
1166 3253 1461 3323 Apostolus
1527 3255 1691 3309 dicit:

124 3362 140 3393 ι
172 3344 373 3398 Induite
408 3358 509 3397 vos
535 3343 822 3398 Dominum
853 3343 1037 3400 Jesum
1073 3346 1349 3399 Christum
1373 3345 1439 3399 ⁸⁸.
1485 3364 1503 3396 ι
1546 3345 1698 3399 Sicut

118 3453 234 3505 ergo
256 3438 515 3492 Christus
548 3437 927 3492 indumentum
969 3448 1049 3491 est
1078 3440 1292 3502 anima},
1328 3440 1399 3492 ita
1442 3437 1697 3507 intelligi-

120 3535 202 3586 bili
223 3534 461 3603 quadam
489 3533 700 3587 ratione
718 3532 880 3587 etiam
900 3532 1079 3585 anima
1106 3532 1477 3586 indumentum
1500 3534 1698 3588 dicitur

119 3642 224 3682 esse
255 3627 532 3697 corporis.
554 3625 948 3682 Ornamentum
982 3625 1125 3679 enim
1147 3624 1264 3693 ejus
1295 3637 1378 3680 est
1410 3626 1597 3680 velans
1645 3638 1700 3682 et

118 3728 401 3788 contegens
447 3717 567 3785 ejus
610 3717 894 3773 mortalem
949 3724 1198 3770 naturam
1248 3714 1405 3784 (94).
1444 3704 1575 3769 Tale
1615 3727 1697 3769 est

118 3828 232 3883 ergo
254 3812 400 3881 quod
453 3811 691 3866 dicitur:
733 3828 752 3862 ι
791 3808 1024 3864 Necesse
1061 3816 1145 3863 est
1191 3808 1549 3877 corruptibile
1597 3808 1699 3864 hoc

120 3904 330 3959 induere
353 3904 823 3971 incorruptionem
843 3898 987 3963 "'“;
1018 3918 1035 3951 ι
1064 3907 1121 3953 ιιι
1140 3900 1183 3955 si
1202 3899 1424 3966 diceret,
1445 3910 1694 3955 naturam

120 3999 241 4051 hanc
280 3994 695 4064 corruptibilem
740 3994 988 4062 corporis
1030 4008 1251 4049 necesse
1288 4002 1373 4048 est
1408 3993 1695 4047 indumen-

120 4098 218 4143 tum
241 4090 501 4158 accipere
538 4087 988 4155 ineorruptionis,
1040 4086 1275 4141 animam
1323 4084 1613 4139 habentem
1643 4084 1695 4137 in

122 4197 170 4235 se
195 4180 693 4250 incorruptionem,
726 4193 825 4249 pro
851 4193 917 4232 eo
951 4178 1199 4231 videlicet
1224 4180 1368 4247 quod
1397 4178 1581 4231 induta
1615 4187 1699 4231 est

120 4274 381 4328 Christum
436 4272 528 4341 qni
588 4281 669 4327 est
730 4271 993 4339 sapientia
1019 4282 1072 4325 et
1108 4269 1344 4325 Verbum
1396 4270 1512 4323 Dei.
1560 4270 1695 4324 Cum

121 4374 290 4418 autem
317 4367 444 4418 vitm
466 4363 876 4433 participaverit
904 4364 1216 4431 corpusltoc
1231 4361 1373 4432 quod
1405 4360 1696 4428 aliquando

121 4456 393 4523 gloriosius
430 4456 771 4518 habebimus,
813 4464 941 4507 tunc
964 4454 1027 4506 ad
1084 4453 1137 4506 id
1186 4461 1330 4522 quod
1388 4452 1694 4507 immortale

1802 3256 1915 3326 ipsa
1942 3269 2170 3325 corpora
2212 3261 2394 3310 nostra
2422 3250 2619 3319 quibus
2676 3248 2994 3302 circumdati
3030 3261 3235 3312 sumus,
3263 3260 3388 3316 pro-

1801 3360 1923 3419 pter
1955 3348 2198 3404 Verbum
2246 3345 2340 3399 Dei
2379 3354 2432 3399 et
2464 3342 2791 3412 sapientiam
2839 3355 2903 3396 ac
2956 3340 3249 3410 perfectam
3298 3338 3386 3407 ju-

1800 3443 2005 3497 stitiam
2085 3439 2212 3510 (2),
2286 3436 2747 3506 incorruptionem
2819 3432 3385 3500 immortalitatemque

1801 3540 2141 3596 mereantur;
2198 3541 2483 3601 propterea
2543 3527 2775 3581 dicitur:
2841 3522 3122 3579 «Necesse
3153 3532 3237 3576 est
3261 3537 3384 3577 cor-

1802 3624 2053 3693 ruptibile
2101 3625 2205 3678 hoc
2240 3621 2464 3676 induere
2513 3615 3001 3687 incorruptionem,
3047 3623 3101 3669 et
3151 3612 3383 3667 mortale

1801 3720 1905 3773 hoc
1933 3715 2161 3771 induere
2190 3711 2681 3768 immortalitatem.
2718 3726 2737 3758 ι

1869 3809 1922 3862 5.
1949 3808 2331 3863 Verumtamen
2370 3803 2447 3874 (5)
2476 3803 2532 3856 hi
2578 3800 2669 3869 qui
2702 3806 2895 3869 putant
2922 3810 3083 3866 posse
3128 3810 3370 3867 unquam

1798 3906 1952 3953 extra
1981 3910 2207 3965 corpora
2234 3894 2401 3948 vitam
2428 3893 2628 3947 ducere
2668 3889 3018 3944 rationabiles
3070 3896 3377 3954 creaturas,

1798 3997 2027 4060 possunt
2052 3989 2104 4042 in
2138 3988 2244 4042 hoe
2269 3985 2389 4041 loco
2422 3981 2827 4053 taliafquazdam
2856 3994 3093 4035 movere.

1801 4083 1859 4137 Si
1904 4095 2091 4135 verum
2148 4088 2231 4133 est
2270 4078 2347 4149 (l)
2388 4061 2549 4147 quod
2709 4088 3002 4129 utsnoavttt
3044 4086 3293 4127 manu.

1798 4172 2152 4242 corruptibile
2210 4172 2313 4226 hoc
2364 4171 2550 4226 induet
2620 4166 2718 4221 Sin
2745 4176 2943 4234 autem,
2971 4176 3027 4221 ut
3059 4168 3258 4220 ratione
3297 4164 3375 4235 (5)

1799 4266 2287 4336 incorruptionem,
2318 4274 2372 4319 et
2404 4280 2549 4319 mor-
2619 4271 2669 4317 et
2698 4260 3093 4332 Scripturarum
3144 4262 3359 4316 auctori-

1802 4360 1907 4414 lale
1938 4360 2040 4415 hoc
2084 4360 2270 4413 induet
2323 4359 2549 4413 immor-
2621 4367 2726 4411 tate
2750 4368 3096 4411 monstratum
3127 4368 3222 4423 est,
3258 4372 3350 4410 cor

1800 4452 2080 4515 talitatem,
2107 4462 2159 4506 et
2188 4452 2331 4520 quod
2362 4452 2551 4507 absor-
2624 4455 2889 4521 ruptivum
2912 4455 3006 4506 hoc
3032 4452 3263 4506 induerit
3292 4452 3368 4504 in-

120 4557 194 4603 est
236 4550 488 4612 accedet,
527 4548 772 4601 utetiam
823 4544 1233 4614 incorruptibile
1288 4545 1401 4599 liat.
1452 4544 1509 4598 Si
1564 4545 1689 4613 quid
1726 4535 1767 4589 Ι)
1800 4544 1994 4597 bentur
2057 4558 2202 4597 mors
2273 4544 2324 4597 in
2389 4547 2547 4601 tinent
2624 4549 3035 4617 corruptionem,
3074 4556 3121 4600 et
3156 4545 3368 4599 mortah

186 4681 226 4713 "
257 4680 275 4732 I
307 4677 436 4732 Cor.
472 4695 561 4733 xv.
592 4677 779 4730 53-56.

188 4770 295 4841 (9'2)
326 4772 621 4839 Absorptns
671 4779 745 4824 est
799 4789 936 4825 mors
975 4772 1208 4826 aculeus.
1242 4773 1332 4827 Sic
1369 4788 1499 4828 mss.
1542 4772 1693 4828 Libri

129 4853 242 4893 vero
265 4843 419 4905 editi,
459 4858 476 4891 ι
516 4843 605 4894 ubi
633 4850 715 4895 est
745 4858 887 4896 mors
918 4843 1170 4896 stimulus
1199 4843 1363 4897 tuus?
1398 4862 1418 4893 ι

188 4910 296 4981 (95)
329 4913 402 4965 Ita
434 4928 561 4964 tnss.
594 4913 763 4976 Alias,
810 4930 827 4962 ι
871 4914 1075 4980 primm.
1117 4931 1134 4963 ι
1169 4914 1498 4967 l’anleini'ra
1539 4928 1691 4976 mss.,

131 4997 147 5029 ι
174 4981 412 5102 si'velnt
464 4982 842 5037 indumentum
882 4985 1146 5057 corporis.
1186 5002 1203 5033 ι
1255 4985 1306 5037 in
1340 4986 1503 5039 editis
1543 4985 1695 5038 deest

132 5066 147 5099 t
172 5065 227 5104 γε
254 5062 333 5104 ttl.
369 5070 387 5101 ι

188 5123 295 5189 (95)
330 5120 713 5175 Ornamentum
746 5123 882 5176 enim
905 5122 1019 5189 ejus
1044 5132 1117 5176 est
1146 5122 1322 5176 velans
1347 5135 1392 5176 et
1426 5134 1699 5191 contegens

128 5190 225 5256 ejus
266 5194 545 5244 mortalem
577 5192 991 5247 naturamJltce
1022 5194 1215 5247 desunt
1246 5196 1297 5247 in
1329 5205 1485 5248 antea
1516 5190 1695 5259 editis,

132 5263 209 5311 sed
243 5263 522 5314 habentur
554 5262 606 5313 in
637 5264 892 5318 omnibus
928 5279 1057 5316 mss.

133 5400 142 5407 ν
188 5328 297 5399 (95)
334 5330 585 5388 Mortale.
620 5333 780 5388 Deest
816 5333 865 5386 in
892 5344 1048 5387 antea
1081 5331 1264 5397 editis,
1308 5336 1401 5390 sed
1432 5335 1699 5404 reperitur

134 5416 177 5450 tn
196 5418 325 5457 MSS.

186 5470 293 5541 (9G)
324 5471 462 5524 Mira
488 5488 613 5538 ergo
649 5473 852 5525 ratione
875 5485 1086 5526 sanctus
1122 5472 1424 5543 Apostolus,
1468 5486 1572 5530 etc.
1625 5476 1699 5531 De

859 4678 903 4707 ⁸⁸
931 4672 1089 4730 Rom.
1118 4690 1233 4738 xm,
1271 4673 1355 4727 14.

248 5538 471 5595 consule
520 5544 884 5616 clarissimum
935 5538 1184 5598 lluetiuui
1255 5538 1695 5615 Ot'igc‘nianorum
1737 5606 1750 5616 υ

132 5609 208 5663 hb.
255 5627 314 5672 tt,
344 5625 543 5693 quaest.
577 5630 743 5680 nona,
778 5613 841 5668 de
890 5616 1289 5669 rcsorreetione
1334 5609 1691 5681 mortuorum,

132 5694 260 5733 num.
293 5692 506 5751 quinto.

134 5752 413 5878 hv‘lfe'lnhSic
446 5770 580 5809 mss.
614 5752 773 5811 Libb.
800 5754 956 5823 editi,
991 5772 1009 5806 ι
1060 5758 1254 5812 animte
1290 5774 1444 5814 usum
1479 5773 1693 5828 semper

1432 4669 1547 4701 δὀδο
1582 4668 1602 4721 Ι
1631 4666 1757 4724 Cor.
1793 4680 1880 4728 xv,
1916 4663 2002 4717 55.

1876 4772 1989 4843 (98)
2051 4772 2361 4842 Specialem.
2400 4774 2566 4831 Recte
2610 4776 2833 4831 omnino
2880 4790 3012 4831 mss.
3050 4774 3205 4831 Libb.
3252 4776 3382 4831 editi

1806 4855 2083 4910 corrupte,
2120 4863 2137 4895 ι
2173 4846 2496 4912 spiritalem.
2529 4865 2547 4896 ι
2934 4879 2939 4884 -

1876 4914 1989 4985 (99)
2023 4916 2114 4968 Sic
2147 4930 2278 4970 mss.
2312 4917 2483 4977 Alias,
2518 4935 2534 4965 ‹
2569 4917 2988 4984 quodammodo.
3029 4935 3048 4969 ι

1876 4984 1949 5056 (l)
1972 4984 2071 5056 Sic
2094 4986 2296 5053 Optime
2331 5002 2459 5038 mss.
2488 4985 2646 5040 Libb.
2675 4988 2801 5041 editi
2828 4987 3079 5055 pessime,
3116 5004 3136 5039 ι
3178 4996 3385 5055 etquo-

1804 5055 2095 5111 (lammodo
2130 5058 2247 5107 sine
2287 5058 2447 5110 dubio
2484 5061 2536 5109 in
2586 5058 2793 5127 longius
2827 5059 3161 5126 protrahitur
3195 5069 3380 5112 nostra

1805 5128 1920 5181 hate
1951 5127 2249 5193 corruptio.
2286 5145 2305 5176 ι

1876 5196 1951 5269 (2)
1987 5194 2137 5249 llune
2174 5196 2347 5249 locum
2385 5196 2647 5269 infantca
2700 5196 2862 5252 editis
2908 5201 3256 5268 depravatum
3298 5198 3379 5252 sic

1806 5267 2094 5323 restituunl
2130 5281 2319 5320 omnes
2336 5267 2490 5320 codd.
2516 5284 2643 5322 mss.
2676 5268 2729 5321 In
2760 5282 2917 5322 antea
2950 5267 3111 5324 editis
3144 5270 3378 5337 legitur:

1810 5356 1826 5388 ι
1866 5338 1930 5390 ad
1966 5337 2260 5407 perfectam
2294 5338 2563 5403 justitiam
2600 5349 2653 5391 et
2689 5342 3095 5407 corruptionem
3150 5340 3382 5407 devene-

1808 5409 1939 5468 rint,
1974 5416 2029 5460 et
2062 5405 2287 5458 mortale
2318 5409 2420 5460 hoc
2452 5408 2687 5463 induerit
2723 5405 3213 5463 immortalitatem.
3276 5406 3376 5459 Ve-

1812 5488 2113 5530 rumtamen
2144 5477 2194 5528 hi
2224 5478 2314 5544 qui
2360 5486 2548 5543 putant
2582 5481 2632 5533 id
2684 5495 2959 5544 nunquam
2992 5482 3188 5533 decere
3236 5478 3348 5531 itra

1810 5545 2095 5600 tionabilcs
2128 5558 2425 5610 creaturas,
2460 5560 2685 5615 possunt
2712 5550 2765 5602 itt
2800 5552 2898 5603 ltoe
2928 5550 3073 5614 loco,
3111 5567 3129 5599 ι
3161 5558 3271 5603 etc.

1878 5620 1953 5687 (5)
1985 5618 2152 5669 Caute
2182 5618 2318 5685 lege.

1878 5700 1953 5753 (ι)
1991 5687 2120 5759 Vide
2158 5687 2250 5740 lib.
2285 5703 2319 5739 ιι
2355 5687 2689 5759 0rigenian.,
2718 5705 2771 5756 (ι.
2805 5690 2854 5749 6.
2884 5705 3034 5742 nttm.
3064 5690 3099 5742 2
3137 5696 3190 5742 el
3220 5687 3308 5741 12.

1877 5760 1951 5829 (ἦ)
1983 5757 2081 5829 Siti
2111 5769 2306 5816 autem,
2340 5770 2393 5810 ut
2431 5757 2630 5811 ratione
2655 5801 2668 5824 ,
2718 5772 2825 5814 etc.
2881 5759 3007 5813 Iitcc
3054 5768 3268 5815 exstant
3321 5758 3371 5811 in

1802 5830 2027 5901 (‘llhillla
2069 5828 2381 5897 llierunymi
2438 5832 2502 5882 ad
2529 5832 2763 5884 Avitum.
