3988 6418
604 323 700 379 191

1843 314 2097 372 OﬂlGEN
2104 315 2163 371 IS
2197 318 2352 370 ΠΕΡΙ
2396 318 2626 373 ΑΡΧΩΝ

607 442 710 514 (6),
739 458 845 498 non
881 443 1022 498 aliud
1057 457 1217 515 quam
1251 457 1358 496 ma-
1429 439 1526 492 hoc
1550 438 1776 492 induerit
1806 439 2178 493 immortalita-
2210 444 2253 500 Α
2285 448 2554 494 asserunt.
2583 441 2866 496 Videbitur
2887 441 3027 496 enim

605 535 850 591 terialem
891 547 1140 593 naturam
1172 549 1355 594 exter.
1429 543 1552 598 tem,
1578 536 1942 589 absorbcbitur
1964 553 2101 590 mors
2123 538 2179 590 in

598 628 911 685 minandam
955 632 1195 687 declarat
1221 673 1237 696 ,
1299 633 1350 687 in
1428 625 1725 689 victoriam,
1757 635 1805 680 et
1832 628 2098 695 corruptio
2125 630 2178 683 in

597 734 702 786 qua
732 722 944 790 operari
975 738 1123 777 mors
1150 723 1352 792 aliquid
1426 719 1893 789 incorruptionem,
1937 733 1983 776 et
2017 725 2177 792 forsi-

596 821 834 880 poterat,
855 815 979 868 dum
1005 815 1086 869 his
1104 817 1196 885 qui
1223 826 1348 872 sunt
1421 823 1512 869 tan
1545 817 1714 870 omnis
1745 833 1990 885 corporea
2015 830 2175 872 uatu-

598 902 934 974 incorpore,
965 921 1061 974 per
1098 918 1346 963 naturam
1423 926 1481 962 ra
1531 911 1744 964 tolletur
1792 928 1819 966 e
1864 913 2072 978 medio,
2120 914 2174 968 in

597 997 843 1050 materiae
869 1000 1172 1066 corporalis
1198 1016 1348 1054 men-
1419 1012 1522 1073 qua
1544 1012 1659 1059 sola
1680 1016 1844 1076 potest
1883 1023 2024 1060 mors
2057 1025 2176 1076 ope-

599 1085 668 1138 tis
684 1100 910 1142 acumen
931 1090 1144 1145 videtur
1159 1094 1350 1148 obtun-
1422 1099 1553 1155 rari.

593 1176 646 1228 di
679 1176 779 1246 (7).
817 1180 872 1232 Si
902 1194 1032 1235 vero
1056 1191 1205 1236 extra
1239 1201 1434 1255 corpus
1464 1198 1610 1254 sunt,
1645 1198 1772 1245 tunc
1808 1194 2029 1246 omnino
2057 1209 2172 1245 mo-

593 1264 806 1320 lestiam
847 1269 1217 1336 hujuscemodi
1262 1278 1692 1340 perturbationis
1732 1277 2012 1345 ell‘ugieut.
2066 1281 2171 1332 Sed

594 1359 850 1426 quoniam
887 1375 990 1415 non
1021 1364 1084 1416 ad
1119 1364 1359 1418 subitum
1392 1384 1553 1422 omne.
1586 1370 1956 1424 indumentum
1984 1387 2174 1440 corpu-

594 1464 745 1502 reum
790 1451 1028 1521 etl‘ugere
1060 1464 1344 1521 poterunt,
1391 1459 1540 1527 prius
1586 1461 1637 1513 in
1681 1461 2058 1515 subtilioribus
2109 1477 2173 1515 ac

594 1540 902 1606 purioribus
938 1543 1218 1600 immorari
1276 1551 1597 1618 corporibus
1651 1555 1958 1608 testimaudi
2003 1565 2167 1622 sunt,

590 1643 712 1696 qua:
745 1630 887 1683 ultra
936 1648 1036 1687 nec
1083 1650 1110 1686 a
1151 1646 1326 1692 morte
1360 1639 1543 1706 vinci,
1597 1656 1700 1697 nec
1737 1643 1928 1697 aculeo
1981 1647 2172 1700 mortis

591 1722 883 1788 compungi
917 1725 1264 1790 prarvaleanl;
1297 1736 1353 1782 ut
1383 1728 1456 1782 ita
1494 1731 1710 1785 denmm
1758 1735 2016 1801 paulatim
2049 1751 2166 1790 ces-

591 1821 748 1865 saute
790 1822 982 1868 natura
1017 1818 1282 1870 materiali
1311 1859 1326 1884 ,
1378 1828 1432 1873 et
1481 1821 1845 1878 absorbeatur
1879 1841 2023 1880 mors
2049 1867 2064 1891 ,
2116 1839 2170 1882 et

590 1902 750 1954 etiam
779 1906 1171 1960 exterminetur
1199 1909 1250 1962 in
1285 1909 1468 1977 tinem,
1520 1923 1681 1982 atque
1725 1918 1903 1972 omnis
1945 1919 2169 1974 aculeus

589 1993 708 2059 ejus
739 1995 952 2062 penitus
988 2000 1308 2055 retundatur
1332 2017 1429 2070 per
1463 2005 1699 2060 divinam
1727 2010 1980 2077 gratiam,
2012 2013 2168 2079 cujus

589 2097 759 2151 capax
795 2085 984 2140 ell'ecta
1017 2099 1099 2144 est
1143 2092 1352 2155 anima,
1397 2105 1450 2147 et
1497 2095 1962 2167 incorruptionem
2002 2113 2167 2171 atque

589 2175 1048 2232 immortalitatem
1085 2183 1279 2235 meruit
1339 2186 1564 2255 adipisci
1601 2193 1696 2258 (8).
1726 2191 1791 2244 Et
1818 2202 1944 2245 tune
1975 2197 2167 2249 merito

587 2264 803 2318 dicetur
824 2267 892 2319 ab
921 2269 1176 2324 euntibus
1213 2289 1226 2324 :
1269 2290 1286 2322 ι
1326 2274 1422 2328 Ubi
1455 2288 1557 2338 est,
1599 2296 1767 2344 mors,
1795 2284 2018 2337 victoria
2052 2289 2167 2340 tua?

591 2354 688 2408 L’bi
715 2366 818 2421 est,
857 2375 1020 2422 mors.
1047 2362 1261 2418 aculeus
1303 2368 1447 2419 tuus?
1491 2370 1724 2424 Aculcus
1766 2385 1946 2428 autem
1974 2380 2168 2432 mortis

586 2458 860 2514 peccatum
889 2459 971 2504 est
1000 2453 1067 2504 δι.
1104 2471 1122 2502 ι

2280 547 2400 587 esse
2447 535 2811 588 necessarium
2875 544 2931 587 ut
2983 535 3026 588 si

2280 625 2637 678 exterminata
2661 625 2817 680 fuerit
2835 636 3024 679 natura

2278 733 2556 785 corporea,
2577 720 2814 774 secundo
2829 720 3025 773 iterum

2279 811 2581 881 reparanda
2621 811 2692 865 sit
2744 820 2799 866 et
2839 827 3027 866 crean—

3755 314 3852 368 192

3103 449 3366 496 certamen
3405 450 3452 495 et
3495 440 3698 494 luctum
3735 444 3850 494 aui-

3103 551 3215 587 mas
3242 533 3539 605 dereliquit,
3569 542 3627 586 ut
3665 535 3853 589 intelli-

3103 635 3227 692 gant
3267 625 3474 694 plenam
3513 642 3848 679 consumma-

3103 729 3308 790 tamque
3348 719 3619 773 uictoriam
3651 735 3753 772 uon
3793 736 3854 773 ea:

3097 812 3310 879 propria
3329 827 3382 864 se
3406 810 3738 880 fortitudine,
3764 813 3851 864 sed

587 2538 641 2589 Si
674 2554 802 2607 ergo
828 2541 938 2596 htec
979 2544 1178 2601 habere
1207 2564 1336 2602 con-

564 2635 922 2699 sequentiam
955 2637 1230 2708 videntur,
1257 2658 1336 2695 re-

584 2719 785 2792 liquum
815 2735 898 2780 est
934 2737 990 2780 ut
1023 2738 1194 2785 status
1232 2749 1334 2787 no-

584 2827 696 2869 ster
738 2817 1031 2887 aliquando
1078 2823 1334 2893 incorpo-

581 2908 952 2964 reusluturus
990 2927 1109 2975 esse
1147 2916 1341 2969 creda-

585 3007 690 3063 tur;
718 3004 858 3069 quod
891 3005 934 3056 si
964 3008 1246 3074 recipitur,
1285 3019 1338 3062 et

581 3105 771 3144 omnes
784 3094 1103 3158 subjiciendi
1120 3097 1339 3152 Christo

579 3192 706 3233 esse
767 3182 1057 3248 dicuntur,
1111 3204 1364 3266 neccs-.e_

581 3280 664 3324 est
706 3281 763 3323 ut
825 3275 1184 3330 omnibuset
1239 3280 1345 3336 hoc

581 3358 894 3426 deferatur,
945 3365 998 3417 in
1051 3381 1186 3434 quos
1225 3385 1348 3435 per-

582 3453 733 3504 venit
775 3453 1036 3523 subjectio
1099 3458 1338 3527 Christi;

580 3543 709 3610 quia
747 3557 938 3599 omnes
971 3548 1060 3614 qui
1097 3549 1337 3619 (subjecti

584 3643 709 3687 sunt
733 3634 967 3703 Christo,
993 3638 1043 3691 in
1072 3639 1175 3695 line
1204 3657 1334 3709 quo-

584 3740 691 3790 que
739 3726 970 3795 subjecti
1018 3740 1176 3784 erunt
1223 3732 1332 3787 Deo

581 3816 754 3885 Patri,
791 3821 878 3874 cui
921 3837 1142 3892 regnum
1173 3827 1332 3881 tradi-

589 3921 750 3964 turus
769 3913 963 3966 dicitur
986 3914 1254 3983 Christus,
1282 3929 1335 3973 et

587 4003 658 4055 ita
685 4004 895 4058 videtur
927 4016 980 4059 ut
1015 4016 1140 4062 tunc
1173 4011 1332 4063 etiam

583 4109 715 4148 usus
735 4111 1027 4165 corporum
1056 4109 1252 4154 cesset.
1275 4101 1330 4156 Si

585 4193 764 4240 autem
799 4197 994 4252 cessat,
1023 4189 1075 4242 in
1101 4191 1329 4246 nihilum

583 4275 725 4327 redit
767 4276 904 4330 sicut
957 4287 1009 4332 et
1058 4290 1184 4335 ante
1225 4297 1328 4337 non

581 4376 722 4421 erat.
760 4368 864 4424 Sed
895 4371 1173 4430 videmnus
1204 4376 1330 4445 quid

581 4460 660 4514 eis
692 4475 964 4528 occurrat,
987 4467 1077 4536 qui
1117 4469 1219 4522 hoc
1259 4470 1326 4523 ita

655 4553 698 4584 "
729 4554 746 4608 1
773 4553 895 4610 Cor.
931 4575 1020 4622 xv,
1049 4560 1138 4625 55,
1172 4561 1259 4614 56.

1551 2593 1762 2633 IIIERON.
1807 2591 2020 2637 iN'l'EBP.

1410 2665 1472 2721 Si
1503 2671 1613 2723 ha'c
1641 2689 1743 2726 non
1783 2689 1904 2728 sunt
1946 2689 2160 2733 contra-

1410 2763 1487 2816 ria
1520 2765 1646 2832 fidei
1671 2769 1771 2837 (9),
1805 2770 2027 2839 forsitan
2054 2775 2165 2828 sine

1407 2864 1716 2926 corporibus
1763 2865 2050 2935 aliquando
2094 2872 2166 2923 vi-

1411 2971 1606 3011 vemus.
1670 2958 1768 3012 Sin
1830 2971 2002 3014 autent
2075 2967 2165 3034 qui

1410 3050 1637 3118 perfecte
1724 3054 1990 3122 subjectus
2088 3069 2163 3112 est

1413 3141 1644 3210 Christo,
1701 3149 1894 3219 absque
1951 3148 2233 3221 corporeC

1418 3239 1758 3308 intelligitur;
1790 3261 1966 3298 omnes
1996 3260 2168 3312 autem

1418 3336 1729 3404 subjicienrli
1764 3349 1884 3391 sunt
1932 3341 2167 3407 Christo;

1416 3439 1466 3482 et
1491 3447 1585 3484 nos
1609 3433 1802 3486 erimus
1817 3435 1928 3488 sine
1941 3440 2168 3505 corpori-

1416 3524 1531 3588 bus,
1579 3530 1788 3596 quando
1821 3530 1867 3582 ei
1897 3532 1965 3583 ad
1993 3533 2168 3601 perfe-

1409 3627 1546 3671 ctum
1565 3621 1786 3690 subjecti
1804 3624 2082 3691 fuerimus.
2105 3628 2168 3682 Si

1407 3713 1623 3782 subjecti
1648 3716 1842 3778 fuerint
1862 3736 2034 3773 omnes
2059 3721 2164 3776 Deo

1409 3825 1585 3862 omnes
1606 3811 1894 3879 deposituri
1911 3828 2032 3869 sunt
2051 3835 2163 3870 cor-

1408 3920 1561 3970 pora,
1588 3916 1635 3958 et
1658 3915 1784 3961 tunc
1811 3913 2164 3978 corporalium

1409 4014 1580 4050 rerum
1598 4002 1834 4055 universa
1849 4014 2037 4059 natura
2063 4008 2164 4060 sol-

1407 4104 1556 4147 vetur
1577 4097 1629 4148 in
1656 4097 1898 4156 nihilum.
1931 4101 2082 4167 Quw,
2113 4107 2158 4158 si

1404 4193 1634 4244 secundo
1659 4196 1940 4250 necessitas
1977 4211 2160 4266 postu-

1406 4283 1554 4350 larit,
1583 4287 1645 4338 ob
1689 4286 1892 4357 lapsum
1923 4293 2154 4345 rationa-

1407 4377 1593 4431 bilium
1639 4390 2007 4436 creaturarum
2039 4400 2158 4437 rur-

1403 4487 1492 4524 sus
1515 4472 1748 4526 exsistet.
1773 4473 1911 4528 Deus
1944 4477 2082 4530 enim
2101 4476 2157 4529 in

2278 903 2366 969 da;
2405 902 2660 971 possibile
2694 903 2841 958 enim
2874 904 3025 956 vide-
3096 920 3162 957 erc-
3191 903 3289 958 Dei
3315 905 3488 973 gra‘ia
3521 912 3848 958 consecutos.

2281 1004 2364 1050 tur
2396 1007 2451 1050 ut
2484 997 2833 1052 rationabiles
2864 1007 3024 1052 natu-
3102 997 3166 1049 Et
3222 996 3420 1050 idcirco
3473 997 3714 1048 arbitror
3755 1013 3847 1063 pro

2278 1105 2349 1143 rae
2414 1105 2442 1143 a
2495 1090 2692 1159 quibus
2743 1106 3020 1160 nunquam
3097 1089 3348 1141 varietate
3417 1104 3705 1140 causarum
3778 1088 3854 1140 di-

2275 1181 2519 1242 aul‘ertur
2582 1183 2736 1238 liberi
2795 1183 3028 1238 facultas
3102 1197 3272 1235 versos
3327 1181 3550 1234 mundos
3598 1181 3756 1248 ﬁeri,
3800 1191 3848 1234 et

2277 1275 2484 1328 arbitrii
2524 1275 2659 1344 (l0),
2696 1275 3029 1344 possintite-
3100 1272 3226 1325 elidi
3276 1288 3482 1327 errores
3530 1289 3712 1325 eorum
3764 1275 3850 1340 qui

2277 1381 2392 1419 rum
2451 1368 2726 1436 aliquibus
2795 1368 3030 1423 motibus
3100 1363 3294 1416 similes
3331 1365 3415 1417 sui
3466 1364 3693 1418 mundos
3747 1380 3852 1418 esse

2275 1458 2574 1526 subjacere,
2594 1461 2905 1530 indulgente
2923 1461 3024 1515 hoc
3095 1460 3435 1512 contendunt.

2276 1551 2454 1620 ipsum
2488 1553 2732 1619 Domino,
2774 1568 2840 1608 ne
2867 1553 3028 1614 forte,
3066 1553 3110 1606 si
3148 1550 3480 1604 immobilem
3520 1566 3739 1619 semper
3771 1562 3850 1607 te-

2276 1643 2970 1713 neantstatum,ignorent
3004 1657 3062 1696 se
3107 1639 3198 1696 Dei
3249 1640 3423 1709 gratia
3472 1639 3586 1712 (ll)
3637 1650 3692 1694 et
3745 1656 3850 1695 non

2276 1748 2372 1786 sua
2426 1733 2626 1787 virtute
2677 1733 2730 1787 in
2784 1730 2874 1785 illo
2925 1732 3031 1784 line
3089 1728 3447 1784 beatitudinis
3488 1732 3848 1795 constitisse;

2277 1839 2414 1892 quos
2447 1834 2625 1878 motus
2657 1824 2777 1878 sine
2815 1822 2980 1876 dubio
3024 1836 3236 1875 rursum
3284 1822 3519 1875 varietas
3563 1836 3850 1891 corporum

2277 1924 2332 1967 et
2361 1913 2646 1968 diversitas
2673 1921 3038 1981 prosequetur
3063 1951 3079 1975 ,
3112 1925 3178 1964 ex
3211 1925 3316 1979 qua
3363 1915 3601 1968 mundus
3638 1929 3855 1983 semper

2278 2006 2598 2067 adornatur,
2628 2019 2728 2058 nec
2751 2017 2984 2071 unquam
3021 2004 3220 2070 poterit
3259 2005 3491 2059 mundus
3523 2007 3624 2060 nisi
3656 2021 3721 2060 ex
3758 2023 3856 2060 va-

2280 2097 2476 2150 rietate
2535 2109 2599 2149 ac
2645 2095 2955 2148 diversitate
2997 2104 3286 2160 constare;
3333 2095 3478 2164 quod
3514 2095 3659 2152 ellici
3707 2099 3859 2154 nullo

2278 2201 2474 2252 genere
2500 2195 2677 2256 potest
2705 2187 2816 2258 (η)
2847 2197 3000 2242 extra
3034 2186 3315 2241 materiam
3348 2191 3712 2255 corporalem.

2345 2275 2536 2331 4.Jam
2558 2279 2810 2347 vero(l5)
2837 2281 2926 2349 qui
2967 2278 3312 2333 indissimiles
3333 2279 3432 2334 sibi
3461 2283 3694 2335 mundos
3743 2281 3858 2352 (l4)

2276 2384 2337 2423 ac
2371 2384 2465 2437 per
2493 2369 2674 2422 omnia
2704 2385 2857 2438 pares
2891 2370 3178 2440 aliquando
3213 2375 3433 2428 evenire
3473 2375 3811 2429 coulirmant
3840 2416 3856 2440 ,

2277 2460 2459 2514 nescio
2487 2459 2688 2528 quibus
2734 2461 2782 2514 id
2840 2463 3047 2530 possint
3091 2479 3334 2518 asserere
3379 2465 3754 2520 documentis.
3797 2467 3857 2521 Si

2273 2550 2418 2605 enim
2447 2550 2639 2605 similis
2666 2566 2761 2618 per
2792 2553 2975 2606 omnia
3008 2555 3240 2609 mundus
3269 2553 3483 2617 dicitur,
3514 2557 3622 2610 erit
3659 2569 3719 2610 ut
3750 2557 3861 2610 ite-

2276 2656 2392 2694 rum
2437 2642 2606 2694 Adam
2643 2642 2724 2696 vel
2769 2643 2876 2696 Eva
2926 2645 3117 2697 eadem
3155 2643 3358 2699 faciant
3411 2662 3533 2715 quae
3579 2646 3856 2714 fecerunt;

2277 2733 2415 2786 idem
2445 2734 2642 2796 iterum
2675 2737 2778 2789 erit
2804 2735 3086 2798 diluvium,
3119 2746 3282 2805 atque
3314 2739 3452 2793 idem
3483 2737 3706 2809 Moyses
3738 2758 3857 2796 rur-

2273 2843 2392 2880 sum
2424 2827 2678 2896 populum
2710 2838 2966 2882 sexcenta
3004 2829 3119 2884 l‘ere
3161 2832 3325 2886 millia
3372 2848 3602 2888 numero
3655 2836 3861 2890 educet

2273 2935 2336 2973 ex
2371 2918 2606 2990 Egypto
2644 2936 2658 2973 :
2701 2918 2869 2976 Judas
2897 2937 3114 2992 quoque
3158 2925 3240 2979 bis
3288 2925 3574 2980 Dominum
3629 2928 3859 2995 tradet;

2273 3011 2473 3065 Paulus
2499 3013 2739 3067 secundo
2767 3012 3117 3083 lapidautium
3156 3017 3488 3086 Stephanum
3517 3022 3858 3077 vestimenta

2273 3102 2530 3169 servabit;
2565 3115 2618 3159 et
2646 3106 2827 3158 omnia
2856 3121 2976 3174 qua:
3006 3107 3058 3160 ln
3096 3106 3197 3162 hac
3221 3108 3328 3163 vita
3359 3120 3508 3179 gesta
3543 3123 3673 3166 sunt
3698 3154 3715 3179 ,
3752 3115 3859 3169 ite-

2271 3212 2386 3247 rum
2419 3198 2652 3264 gereuda
2685 3197 2795 3267 (lii)
2841 3199 3109 3266 dicentur;
3143 3203 3283 3270 quod
3328 3217 3430 3255 non
3465 3213 3595 3272 puto
3641 3207 3862 3261 ratione

2268 3285 2444 3354 aliqua
2475 3302 2633 3354 posse
2667 3289 2873 3342 ﬁrmari
2902 3327 2919 3353 ,
2964 3289 3010 3344 si
3046 3293 3257 3346 arbitrii
3308 3293 3563 3351 libertate
3611 3310 3864 3369 aguntur

2268 3377 2484 3445 animm,
2519 3387 2570 3432 et
2597 3380 2679 3434 vel
2717 3381 2992 3450 prolectus
3021 3398 3168 3446 suos,
3197 3387 3276 3438 vel
3313 3387 3572 3443 decessus
3607 3405 3712 3458 pro
3762 3408 3865 3445 vo-

2273 3467 2499 3522 luntatis
2539 3485 2652 3526 suae
2692 3474 2965 3527 sustinent
3003 3482 3292 3542 potestate.
3330 3475 3446 3531 Non
3486 3480 3636 3533 enim
3682 3497 3860 3538 cursu

2273 3560 2456 3630 aliquo
2489 3563 2538 3616 in
2579 3566 2880 3619 eosdemse
2909 3567 3140 3623 circulos
3172 3578 3291 3638 post
3319 3571 3484 3625 multa
3518 3575 3722 3629 sarcula
3772 3593 3865 3633 re-

2274 3652 2522 3708 volvente
2551 3654 2662 3726 (ili)
2699 3667 2940 3724 aguntur
2962 3660 3175 3726 animae,
3221 3670 3278 3714 ut
3321 3661 3424 3715 hoc
3469 3675 3564 3718 aut
3591 3666 3727 3721 illud
3769 3669 3864 3723 vel

2271 3753 2454 3814 agant,
2485 3746 2567 3798 vel
2598 3747 2840 3815 cupiant,
2880 3749 2973 3802 sed
3007 3765 3328 3820 quocunque
3382 3756 3590 3824 preprii
3650 3757 3864 3829 ingenii

2269 3835 2498 3890 libertas
2532 3836 2642 3906 82
2672 3836 2987 3903 intenderit,
3022 3839 3112 3892 illo
3143 3853 3416 3911 gestorum
3445 3860 3675 3901 suorum
3715 3850 3863 3905 diri-

2272 3937 2406 3996 gunt
2441 3927 2555 3998 (l7)
2600 3944 2838 3983 cursum.
2871 3929 3000 3986 Tale
3032 3932 3176 3986 enim
3209 3942 3290 3987 est
3331 3939 3473 4004 quod
3501 3939 3571 3992 ab
3606 3940 3732 3996 istis
3769 3944 3862 3998 di-

2269 4019 2434 4084 citur,
2478 4031 2537 4074 ut
2562 4021 2607 4075 si
2637 4022 2758 4089 quis
2791 4022 2918 4076 velit
2945 4038 3213 4089 asserere,
3247 4027 3388 4093 quod
3419 4027 3686 4085 frumenti
3736 4049 3866 4089 me-

2267 4111 2510 4165 dinmum
2548 4113 2595 4167 si
2643 4114 2997 4182 profundatur
3039 4115 3091 4169 in
3126 4125 3349 4180 terram,
3395 4131 3575 4186 potest
3623 4123 3744 4179 ﬁeri
3801 4136 3864 4180 ut

2270 4202 2434 4258 iidem
2477 4214 2529 4259 et
2556 4206 2774 4273 penitus
2821 4206 3098 4262 indiscreti
3137 4210 3378 4265 secundo
3402 4213 3656 4270 accidant
3688 4233 3864 4274 casus

2268 4310 2582 4363 granorum,
2620 4300 2691 4351 ita
2738 4308 2798 4351 ut
2846 4301 3268 4371 unumquodque
3312 4321 3542 4373 granum
3584 4309 3748 4378 juxta
3805 4314 3862 4366 id

2266 4387 2547 4455 profusum
2580 4389 2692 4460 (l8)
2720 4392 2900 4461 jaceat
2922 4398 3180 4464 secundo,
3207 4414 3314 4469 quo
3344 4402 3521 4468 primo
3551 4403 3866 4474 aliquando

2266 4478 2533 4547 deiectum
2553 4491 2658 4547 est,
2677 4494 2731 4537 et
2752 4485 2942 4540 eodem
2965 4490 3172 4560 ordine,
3197 4494 3510 4563 eisdemque
3536 4494 3863 4568 dispersum

653 4644 727 4728 (QE
882 4665 1010 4701 mss.
1043 4649 1200 4707 Lihb.
1231 4652 1432 4728 editi_,t
1470 4653 1520 4707 in
1553 4654 1798 4728 victoria.
1837 4675 1854 4706 ι
2193 4665 2234 4717 [)
2333 4655 2447 4724 (l0)
2480 4653 2963 4728 VideQrigenian.
3000 4658 3038 4712 l.
3065 4675 3125 4723 ll,
3156 4675 3212 4728 q.
3246 4660 3299 4728 6,
3347 4676 3496 4714 num.
3555 4661 3649 4728 {-2,
3693 4663 3765 4720 15
3802 4676 3866 4722 et

653 4716 730 4783 (7)
764 4718 852 4770 Sic
885 4731 1247 4796 recle‘omues
1275 4724 1619 4796 codd._mss.,
1647 4725 1786 4796 editi
1801 4741 1930 4796 vero
1961 4742 2149 4796 perpe-

584 4800 722 4848 ram,
763 4804 781 4836 ι
819 4791 1052 4842 acumini
1082 4793 1331 4845 videnlur
1363 4793 1676 4862 objiciendi.
1719 4813 1736 4844 ι
1773 4791 1975 4849 Ihideui
2015 4791 2148 4851 mss.

587 4872 604 4903 ι
636 4865 790 4929 __tune
829 4860 1050 4911 nuuiino
1101 4863 1402 4916 molestiam
1434 4860 1852 4929 hujuscemodi.
1917 4883 1934 4915 ι
1989 4867 2148 4921 Libb.

581 4924 736 4997 editi,
776 4945 793 4976 ι
837 4937 964 4981 tunc
989 4945 1202 4985 omnem
1235 4924 1542 4986 molestiam
1579 4933 1908 4997 lmjusmodi.
1954 4954 1972 4986 ι
2031 4936 2148 4991 Mox

585 4994 745 5070 iidem
785 5012 938 5061 mss.,
987 5016 1004 5048 ι
1046 5001 1137 5054 sed
1173 5003 1425 5070 Quouiam
1463 5019 1566 5058 non
1606 4994 1671 5056 ad
1716 5003 1953 5056 subitum
1990 5022 2150 5062 omne

581 5064 970 5142 indumentum.
988 5069 1167 5142 iLibh.
1191 5064 1377 5136 editi,t
1403 5075 1494 5128 sed
1513 5073 1784 5142 quomodo
1804 5088 1906 5125 non
1931 5076 1979 5128 id
1996 5093 2156 5132 omne

581 5133 976 5212 indumentum.
1015 5159 1032 5190 ι
1074 5140 1236 5195 Paulo
1263 5133 1382 5212 post
1418 5133 1573 5208 mssj,
1615 5161 1632 5192 ι
1675 5158 1796 5210 qua'
1833 5143 1966 5198 ultra
2002 5161 2098 5198 nec
2127 5164 2153 5198 a

584 5215 754 5282 morte
785 5207 950 5262 vinci.
997 5230 1013 5262 ι
1053 5212 1208 5266 Libb.
1236 5207 1391 5275 e‘diti,
1426 5233 1442 5264 ι
1469 5207 1609 5282 quoi]
1637 5207 1776 5265 ultra
1804 5228 1902 5268 nec
1927 5233 1954 5268 a
1986 5227 2157 5270 morte

581 5287 741 5327 VIIICI.
785 5296 802 5326 ι

651 5343 726 5423 (8)
758 5345 850 5401 Sic
885 5365 1073 5404 omnes
1107 5367 1238 5405 mss.
1278 5352 1398 5405 Lib.
1432 5353 1582 5415 editi,
1623 5373 1641 5406 ι
1685 5370 1807 5408 cum
1839 5353 1953 5420 ejus
1984 5370 2154 5423 capax

577 5413 766 5469 cllec'ta
803 5421 980 5472 anima
1015 5423 1479 5490 incorruptionem
1509 5413 2156 5492 atqueimmortalitaiem

578 5489 860 5541 meruerit.
902 5509 920 5540 ι

650 5556 726 5636 (ρ)
855 5558 966 5612 lucc
995 5577 1095 5636 non
1133 5570 1256 5636 sunt
1287 5564 1562 5636 contraria
1603 5567 1753 5634 fidei,
1783 5575 1890 5619 etc.
1937 5566 2008 5619 Ex
2048 5568 2161 5636 epi—

582 5625 718 5703 stola
755 5626 1073 5699 Hieronymi
1109 5633 1174 5683 ad
1220 5632 1437 5703 Avitum
1487 5625 1614 5687 haec.
1645 5625 2047 5703 desumpsimus
2082 5625 2156 5690 ἐκ

577 5692 981 5768 quibusvides'
1005 5710 1267 5768 quantum
1303 5701 1539 5757 licentite
1582 5705 1804 5758 ltulitms
1837 5692 1940 5761 sibi
1992 5707 2158 5761 inter-

578 5767 838 5828 pretando
869 5771 1176 5836 sumpserit.

2301 4768 2314 4780 .
2353 4728 2405 4785 7,
2429 4741 2577 4778 num.
2617 4726 2702 4778 1‘2.

2259 4744 2881 4866 η’(ίῆςηὲἳᾶιῖιΐῡορδι
2913 4797 2965 4851 in
2997 4808 3155 4852 antea
3182 4800 3363 4864 editis,
3401 4803 3494 4855 sed
3525 4801 3772 4858 habetur
3804 4807 3867 4861 in

2259 4865 2514 4922 omnibus
2546 4865 3028 4943 mss.__P_aulo__post
3052 4885 3205 4935 mss.,
3243 4889 3265 4943 ι
3301 4881 3354 4923 et
3383 4872 3685 4943 diversitas
3719 4891 3867 4943 pro-

2261 4947 2538 5004 sequetur.
2591 4955 2609 4987 ι
2646 4935 2797 4990 Libb.
2831 4935 3003 5002 editi,
3055 4957 3074 4990 ς
3117 4950 3171 4995 et
3216 4941 3506 4997 diversitas
3557 4935 3870 5014 persequi-

2261 5017 2365 5058 tttl'.
2416 5025 2433 5055 ι

2331 5076 2442 5152 (l2)
2470 5075 2543 5152 ita
2566 5091 2732 5152 _ms_s.;
2771 5077 3066 5152 malelibl).
3101 5081 3253 5144 editi,
3297 5100 3314 5132 ι
3351 5093 3604 5152 possunt.
3644 5103 3663 5134 ι

2329 5147 2443 5221 (ιᾷ)
2479 5145 2700 5221 Yitle,_l.
2743 5163 2788 5221 ιι
2839 5148 3172 5221 0rigenian.,
3206 5167 3260 5219 q.
3298 5145 3384 5214 12,
3414 5170 3467 5206 ιι.
3500 5154 3559 5214 4.
3591 5154 3648 5221 5,
3683 5156 3740 5210 6.

2333 5218 2446 5286 (li)
2482 5215 2730 5272 Mundae.
2775 5215 3013 5274 Deest’in
3042 5232 3202 5274 antea
3225 5215 3422 5287 editis,
3456 5226 3553 5278 sed
3608 5215 3877 5285 habetur

2259 5305 2312 5341 ιιι
2356 5303 2484 5338 MISS.

2330 5355 2439 5432 (la)
2473 5357 2545 5432 ita
2579 5373 2708 5412 mss.
2746 5360 2919 5432 Alias,
2949 5379 2983 5432 ί(
3020 5361 3186 5414 etiam
3218 5364 3473 5432 gerenda.
3507 5383 3527 5416 ι

2331 5428 2444 5492 (lli)
2476 5428 2566 5481 Sic
2595 5445 2786 5484 omnes
2823 5431 2979 5485 codd.
3011 5447 3166 5494 mss.;
3209 5428 3339 5486 ἐιΙίιὶ
3369 5449 3521 5499 vero,
3557 5453 3579 5486 ι
3623 5436 3679 5492 in
3723 5453 3879 5497 eos-

2258 5501 2376 5558 dem
2407 5499 2644 5553 circulos
2675 5510 2792 5568 post
2823 5500 2986 5554 multa
3013 5503 3208 5556 sarcula
3249 5505 3529 5559 revoluta).
3564 5527 3583 5559 ι

2328 5569 2436 5642 (l7)
2467 5569 2541 5642 ll_a
2571 5586 2698 5624 mss.
2739 5571 2894 5625 l.ihb.
2921 5572 3088 5642 editi,
3121 5591 3140 5623 ι
3180 5574 3387 5642 dirigit.
3428 5595 3446 5628 ι

2328 5638 2436 5709 (18)
2482 5639 2649 5719 Juxta
2696 5642 2750 5693 id
2803 5641 3104 5719 profusum.
3150 5644 3241 5698 Sic
3285 5638 3416 5698 mss.
3473 5646 3638 5705 Lihb.
3695 5652 3881 5719 editi,

2263 5729 2280 5758 ι
2314 5710 2466 5774 juxta
2503 5712 2804 5792 profusum.
2842 5729 2861 5763 ι
2895 5713 3060 5792 Paulo
3089 5723 3381 5792 postmss.,
3419 5735 3435 5766 ι
3480 5720 3632 5792 quod
3663 5710 3886 5792 utique

2265 5781 2750 5837 hmumerabililms
2802 5784 2986 5838 muttdi
3035 5786 3238 5854 grauis.
3298 5804 3315 5836 ι
3367 5787 3423 5841 In
3471 5781 3642 5846 editis
3697 5781 3889 5854 tle-cst
