3880 6532
75 427 155 485 193

1323 417 1522 474 LIBER
1562 420 1944 476 SECUNDUS.

3165 425 3267 480 t9}

75 547 127 601 sit
145 542 285 614 signis
305 540 489 610 quibus
519 539 698 594 fueral
725 540 898 609 primo
928 537 1209 606 diffusum;
1235 541 1375 608 quod
1404 541 1589 609 utique
1621 547 1666 602 Α
1695 556 1848 594 versa
1902 539 2276 610 pervenient),
2332 537 2382 591 id
2437 537 2668 594 fortasse
2721 540 2841 608 plus
2881 541 3084 610 aliquid
3145 559 3266 600 esse

76 631 502 691 innumerabilibus
566 631 822 706 medimni
871 631 1058 701 granis
1107 629 1440 698 impossibile
1501 642 1587 684 est

76 741 250 797 prorsus
270 724 532 787 accidere,
565 722 779 777 etiamsi
825 737 922 792 per
957 724 1220 777 immensa
1264 723 1454 778 s:ecula
1501 724 1587 775 in-

76 820 410 873 desinenter-ac
431 815 637 886 iugiter
663 815 1032 870 eﬂ‘undantur.
1067 814 1140 868 Ita
1170 829 1300 885 ergo
1337 815 1588 884 impossi-

75 911 151 962 bile
171 908 281 961 mihi
318 907 525 960 videtur
553 907 744 961 eodem
782 908 976 963 ordine
1003 951 1016 974 ,
1051 908 1370 978 eisdemque
1411 909 1586 963 modis

74 998 367 1062 nascentium,
400 1007 451 1052 et
487 998 835 1051 morientium
862 1038 877 1062 ,
922 1007 976 1052 et
1007 1000 1282 1068 agentium
1323 999 1450 1068 quid
1500 1013 1585 1052 se-

72 1092 203 1144 cundo
223 1091 458 1143 mundum
487 1089 603 1157 (19)
637 1104 791 1157 posse
821 1091 1088 1159 reparari;
1117 1091 1209 1144 sed
1247 1090 1582 1146 immutatio-

72 1185 192 1237 nibus
217 1196 304 1235 non
330 1181 566 1238 minimis
596 1182 838 1236 diversos
859 1195 1019 1250 posse
1049 1183 1278 1238 mundos
1293 1183 1578 1248 exsistere,

72 1275 124 1325 ita
146 1283 188 1325 ut
208 1288 293 1339 pro
315 1273 618 1328 manifestis
649 1275 956 1343 quibusque
983 1275 1166 1330 causis
1193 1274 1384 1328 melior
1405 1284 1580 1330 status

72 1365 121 1416 sit
146 1363 334 1416 alterius
363 1364 568 1428 mumli,
604 1372 658 1417 et
690 1379 786 1433 pro
811 1365 934 1420 aliis
961 1365 1210 1429 inferior,
1246 1377 1300 1421 et
1336 1381 1434 1436 pro
1459 1367 1582 1422 aliis

71 1457 228 1510 medius
254 1456 454 1524 quidem
480 1465 682 1511 status.
714 1457 813 1524 Qui
845 1468 1027 1512 autem
1063 1473 1321 1512 numerus
1349 1458 1430 1513 vel
1465 1473 1578 1512 m0-

70 1547 231 1601 tiushic
258 1548 340 1611 sit,
378 1563 476 1618 ego
507 1563 596 1600 me
633 1549 848 1604 nescire
887 1547 1082 1604 fateor.
1117 1549 1172 1605 Si
1222 1551 1347 1620 quis
1394 1560 1573 1608 autem

70 1648 204 1705 posset
226 1641 508 1703 ostendere,
544 1639 802 1694 libentius
827 1641 1116 1696 discerem.

119 1726 160 1784 5.
182 1727 541 1782 Verumtamen
581 1730 876 1785 multorum
903 1731 1226 1787 saeculorum
1263 1735 1386 1790 ﬁnis
1439 1736 1572 1792 dici-

72 1829 132 1871 tur
155 1835 250 1873 esse
272 1821 350 1874 hic
377 1822 640 1887 mundus,
673 1824 762 1891 qui
812 1833 867 1878 et
910 1825 1024 1892 ipse
1053 1826 1306 1880 sacculum
1342 1828 1568 1886 dicitur.

1690 645 1850 699 quam
1877 631 2131 684 steculum
2172 630 2582 700 intelligendum
2625 640 2729 695 est,
2756 633 2807 686 in
2849 647 2958 701 quo
2985 633 3090 688 erit
3140 651 3264 690 om-

1690 722 1839 776 nium
1877 726 2296 779 consummatio.
2328 725 2506 781 Movet
2543 743 2628 779 me
2663 726 2780 796 (25)
2825 738 3004 783 autem
3055 731 3106 782 in
3160 731 3265 786 hoc

1691 811 1986 882 Scriptum
2013 823 2217 868 sanctae
2248 816 2544 870 auctoritas
2571 831 2691 884 qua:
2715 816 2848 870 dicit
2878 831 2894 870 τ
2939 834 2957 866 ε
2982 816 3049 874 ⁵Ιιι
3085 833 3262 872 srecu-

1688 905 1822 969 lum,
1859 914 1914 958 et
1941 905 2138 959 adhuc.
2182 924 2200 958 ι
2250 906 2318 960 Et
2367 925 2386 958 ι
2426 909 2600 961 adhuc
2641 926 2658 959 ι
2708 909 2852 962 enim
2894 910 3034 976 quod
3087 910 3264 977 dicit,

1687 999 1808 1068 plus
1834 997 2038 1065 aliquid
2073 997 2191 1050 sine
2209 998 2372 1051 dubio
2401 1008 2563 1066 quam
2586 998 2842 1052 szcculum
2867 999 2980 1052 vult
3008 999 3259 1068 intelligi,

1687 1100 1743 1144 et
1779 1092 1900 1144 vide
1933 1106 2000 1143 ne
2027 1091 2156 1144 illud
2189 1091 2332 1160 quod
2376 1091 2506 1145 dicit
2547 1090 2796 1143 Salvator
2830 1092 2955 1159 quia
2995 1111 3014 1143 ι
3053 1091 3177 1147 volo
3202 1099 3262 1144 ut

1688 1182 1775 1236 ubi
1805 1197 1906 1253 ego
1943 1198 2060 1236 sum
2093 1191 2146 1237 et
2180 1183 2265 1236 isti
2300 1183 2412 1237 sint
2441 1197 2670 1246 mecum;
2703 1193 2757 1237 et
2787 1184 2928 1238 sicut
2955 1199 3056 1253 ego
3102 1193 3158 1238 et
3202 1195 3260 1239 tu

1693 1291 1856 1328 unum
1889 1291 2096 1338 sumus,
2121 1284 2175 1330 et
2204 1276 2291 1331 isti
2316 1276 2425 1330 sint
2453 1276 2504 1330 in
2535 1275 2688 1330 nobis
2715 1291 2877 1330 unum
2901 1277 2967 1344 lu*;
3006 1295 3026 1329 ι
3067 1286 3260 1332 osten-

1684 1366 1814 1420 dere
1845 1367 2093 1420 videatur
2142 1366 2260 1436 plus
2309 1366 2514 1436 aliquid
2567 1383 2731 1438 quam
2770 1377 2854 1422 est
2899 1368 3154 1422 saeculum
3202 1381 3259 1424 et

1683 1457 1899 1522 saecula,
1925 1457 2062 1513 forte
2083 1458 2245 1513 etiam
2262 1457 2381 1527 plus
2403 1473 2566 1527 quam
2592 1468 2675 1514 est
2692 1460 2886 1514 sarcula
2906 1460 3254 1525 saeculorum,

1685 1551 1736 1605 id
1768 1551 2020 1605 videlicet
2046 1566 2168 1604 cum
2188 1551 2301 1620 jam
2325 1566 2431 1607 non
2457 1551 2510 1605 in
2538 1553 2740 1607 saeculo
2781 1561 2910 1606 sunt
2934 1551 3138 1617 omnia,
3163 1551 3259 1606 sed

1682 1642 1734 1696 in
1765 1646 2015 1696 omnibus
2037 1642 2178 1696 Deus
2206 1641 2338 1712 (2t).

1750 1733 1802 1788 6.
1839 1732 1932 1788 His
1958 1749 2054 1802 pro
2078 1720 2308 1789 nostris
2325 1735 2530 1789 viribus
2555 1737 2622 1790 de
2663 1735 2847 1790 mundi
2885 1735 3098 1789 ratione
3145 1735 3255 1789 dis-

1678 1827 1864 1890 sertis,
1897 1841 2002 1880 non
2037 1825 2400 1897 incongruum
2437 1828 2604 1881 etiam
2637 1829 2850 1884 videtur
2875 1829 3040 1896 ipsius
3069 1828 3257 1884 mundi;

74 1911 192 1962 Docet
215 1921 370 1962 autem
410 1922 642 1966 sanctus
666 1913 959 1981 Apostolus
1001 1915 1113 1985 (9.0)
1143 1917 1287 1984 quod
1319 1919 1571 1975 Christus
1604 1893 1644 1947 Β
1676 1918 1963 1988 appellatio
1994 1919 2124 1989 quid
2154 1893 2257 1973 sibi
2292 1918 2422 1973 velit
2451 1920 2750 1989 inquirere;
2795 1893 2914 1988 quae
2958 1920 3253 1991 appellatio

71 2001 107 2053 in
132 2001 373 2055 eosaeculo
403 2003 551 2073 quod
585 2014 717 2060 ante
749 2006 851 2060 hoc
899 2005 1030 2070 fuit,
1076 2023 1179 2060 non
1231 2018 1316 2062 est
1356 2025 1570 2079 passus,

71 2098 134 2149 sed
159 2112 209 2150 ne
231 2098 274 2150 in
303 2098 385 2151 illo
418 2101 644 2169 quidem
675 2105 816 2173 quod
842 2114 972 2158 ante.
1005 2106 1177 2175 ipsum
1209 2107 1330 2165 fuit:
1375 2119 1429 2163 et
1476 2127 1572 2164 ne-

72 2193 149 2247 scio
168 2195 202 2247 si
227 2210 529 2249 enumerare
551 2196 818 2251 suiliciam
838 2207 1039 2266 quanta
1067 2197 1267 2252 fuerint
1295 2202 1570 2256 anteriora

71 2286 213 2338 secula
237 2286 281 2339 in
310 2287 498 2356 quibus
526 2305 725 2358 passus
757 2305 863 2343 non
900 2300 1000 2344 est.
1039 2289 1114 2342 Ex
1156 2291 1354 2358 quibus
1389 2300 1567 2344 autem

70 2380 336 2433 sermonibus
361 2379 507 2433 Pauli
537 2380 607 2433 ad
637 2380 980 2434 occasionem
1011 2381 1171 2451 hujus
1203 2380 1572 2451 intelligentia:

71 2470 272 2533 venerim,
300 2471 589 2540 proferam;
627 2473 703 2526 ait
736 2473 879 2526 enim
911 2473 1057 2541 (2|);
1085 2493 1102 2524 ‹
1125 2471 1276 2526 Nunc
1317 2489 1444 2528 vero
1482 2488 1570 2528 se-

73 2561 203 2612 nlciitt
231 2563 690 2618 consummatione
741 2563 1064 2619 surculorum
1102 2565 1168 2617 ad
1216 2563 1570 2618 refellendum

72 2660 281 2716 meatum
318 2668 408 2721 per
444 2655 690 2707 hostiam
739 2656 819 2709 sui
868 2654 1248 2710 manilestatus
1298 2667 1381 2711 est
1423 2657 1492 2709 ".
1547 2675 1565 2708 ι

73 2743 197 2797 Settth
226 2744 347 2798 enim
377 2745 449 2799 ait
483 2746 724 2800 hostiam
753 2746 1023 2809 effectum,
1053 2757 1105 2801 et
1139 2748 1190 2800 in
1220 2762 1570 2802 censumma-

71 2836 169 2887 tione
191 2837 481 2890 surculorum
513 2839 584 2892 ad
614 2838 961 2892 refellendum
997 2851 1274 2908 peccatum
1307 2855 1427 2894 esse
1453 2857 1570 2893 ma-

72 2927 332 2983 nifestatum.
364 2932 514 2996 Quod
539 2943 726 2986 autem
757 2943 876 3001 post
903 2934 1003 2987 hoc
1027 2932 1304 2997 saeculum,
1336 2933 1476 3001 quod
1503 2932 1568 2984 ad

71 3023 502 3076 consummationem
527 3022 1098 3077 aliorumsmculoruttt
1123 3024 1321 3078 dicitur
1342 3023 1566 3088 factum,

73 3121 184 3166 erunt
204 3115 289 3168 alia
320 3117 508 3170 saecula
549 3115 1011 3185 SllpCl‘VCttiCltlitl,
1043 3115 1330 3170 manifeste
1356 3116 1424 3169 ab
1453 3115 1570 3183 ipso

71 3203 189 3259 Paulo
213 3208 478 3262 didicimus
509 3209 732 3264 dicente
771 3228 783 3263 :
822 3227 842 3260 ε
891 3208 962 3264 Ut
1010 3209 1324 3263 ostenderet
1367 3210 1418 3262 in
1465 3224 1565 3264 sm—
1592 3223 1636 3284 ο

71 3296 162 3348 culis
221 3301 715 3369 supervenientibus
769 3301 1278 3370 superabundautes
1348 3301 1564 3356 divitias

72 3388 200 3450 gratim
221 3403 314 3444 suae
341 3391 388 3443 in
420 3392 668 3446 bonitate
699 3407 863 3462 super
897 3407 992 3447 nos
1036 3393 1103 3448 ⁸³.
1143 3412 1160 3444 ι
1201 3392 1318 3448 Non
1370 3392 1509 3446 dixit
1549 3433 1566 3459 ,

72 3475 106 3528 in
125 3478 279 3533 seculo
306 3482 756 3550 superveniente,
791 3499 966 3553 neque
1007 3483 1060 3537 in
1100 3483 1312 3539 duobus
1355 3483 1565 3538 sazcnlis

71 3572 505 3638 supervenientibus;
539 3573 686 3628 unde
701 3575 938 3628 arbitror
957 3575 1122 3628 multa
1147 3572 1341 3627 smcula
1362 3573 1563 3628 indicio

71 3661 270 3716 sermonis
293 3662 428 3718 illius
463 3665 760 3720 declarari.
792 3665 849 3720 Si
878 3679 1010 3720 vero
1041 3664 1246 3734 aliquid
1271 3674 1356 3720 est
1385 3681 1560 3718 saecu-

76 3747 290 3817 lismajus,
325 3753 395 3808 ita
427 3756 561 3810 etin
603 3755 875 3810 creaturis
911 3755 1157 3824 quaedam
1209 3755 1402 3810 saecula
1445 3754 1558 3825 (22)

72 3840 372 3913 intelligantur,
403 3847 454 3900 in
502 3847 630 3902 aliis
659 3863 786 3903 vero
816 3862 934 3917 qua:
977 3847 1249 3902 excedunt
1287 3855 1339 3900 et
1373 3863 1563 3917 super-

72 3932 313 3996 grediuntur
335 3937 569 3992 visibiles
598 3947 884 3991 creaturas
935 3933 1110 4006 (quod
1167 3935 1270 3987 erit
1322 3934 1466 3990 forte
1506 3937 1558 3990 in

73 4023 334 4082 restitutione
367 4029 632 4094 omnium,
668 4043 792 4083 cum
818 4026 886 4083 ad
924 4025 1226 4098 perlectum
1257 4025 1418 4080 tinem
1447 4025 1564 4079 uui-

121 4163 274 4221 “Heb.
296 4185 361 4237 ix,
384 4169 469 4224 ‘26.
489 4169 536 4201 ⁵³
560 4169 758 4240 Ephes.
786 4183 846 4232 ll,
870 4167 920 4222 7.
1032 4169 1081 4200 ”
1103 4167 1259 4224 Joan.
1291 4184 1426 4231 xvn,
1461 4169 1553 4223 22.

76 4315 86 4344 ι
113 4301 264 4378 utique.
289 4307 421 4361 illo!
452 4325 611 4372 mss.,
631 4327 649 4360 ι
680 4323 774 4378 per
798 4309 1060 4363 iuunensa
1092 4307 1310 4364 smcula.
1337 4325 1355 4359 ι
1386 4306 1556 4378 Alias,

77 4383 181 4441 tptjr
210 4376 385 4430 diversa
418 4379 641 4432 smcula.
681 4376 704 4428 ὶ

74 4505 82 4514 ⁸
119 4439 466 4513 (19)Μιιιιάιιπι.
506 4449 670 4503 Deest
696 4450 748 4501 in
787 4458 945 4502 antea
974 4448 1162 4512 editis,
1193 4449 1288 4502 sed
1322 4451 1554 4507 habetur

75 4521 227 4589 iaiuss.
261 4515 443 4589 Ibidem
493 4534 668 4581 mss.,
719 4536 737 4568 ι
793 4519 1262 4589 immutatioaibus
1300 4535 1404 4573 non
1455 4523 1551 4576 nti-
1585 4523 1633 4580 Ι)

74 4583 201 4652 Ilimis.
229 4583 405 4640 iLibb.
433 4590 588 4652 editi,
620 4608 637 4640 ι
677 4589 1141 4642 immutationibus
1171 4588 1489 4648 innumeris.
1529 4611 1547 4644 ›

78 4642 194 4730 μέθαις)
215 4642 482 4730 po_s_t__mss.,
517 4677 535 4710 ι
575 4642 666 4727 qui
711 4668 905 4730 autem
939 4673 1198 4711 numerus
1245 4659 1327 4730 vel
1371 4642 1559 4715 modus

75 4713 245 4798 ἥιρειΙό
264 4725 410 4792 Editi,
434 4713 564 4798 «qui
595 4713 772 4784 autem
802 4729 1115 4784 verissimus
1143 4728 1331 4783 modus
1368 4713 1557 4786 horum

75 4797 136 4840 Sli.
162 4809 176 4842 ι

227 4861 346 4939 Fide
370 4867 704 4939 0rigenian.,
745 4867 782 4920 l.
812 4884 873 4933 ll,
915 4884 970 4937 q.
997 4868 1053 4931 5,
1086 4884 1234 4922 num.
1270 4867 1340 4922 25
1364 4879 1417 4922 et
1462 4869 1556 4924 24.

121 4929 198 4998 (il)
223 4933 298 4989 Sic
320 4929 496 4993 omnes
525 4929 1209 5004 εο‹ιι1.ἰιιεε.ξθὶίὶιὶινοιο,
1247 4957 1265 4988 ι
1309 4955 1375 4992 ex
1421 4942 1544 5006 qui—

76 4993 305 5073 bus‘tanien
329 4993 944 5064 sermonibusPauli'ad
994 4993 1339 5062 occasionem
1393 4993 1557 5073 hujus

79 5070 362 5152 intelligentia
395 5083 475 5148 (ut
503 5093 693 5134 verum
742 5078 1042 5150 proferam)
1086 5077 1250 5132 facile
1295 5070 1554 5135 den-nie-

78 5148 171 5192 ntus.
198 5147 268 5195 Ait
285 5147 432 5202 enini.
476 5169 493 5201 ι

123 5207 202 5284 i3?)
236 5213 301 5267 lta
335 5234 479 5282 mss;
515 5219 647 5274 editi
682 5233 852 5284 vero,
899 5238 919 5271 ι
967 5218 1041 5272 ita
1092 5227 1153 5272 ut
1197 5217 1249 5272 in
1288 5219 1555 5274 creaturis

79 5281 449 5354 ‘lnttjgtn_§a2cula,
469 5281 508 5341 γι
549 5301 656 5345 etc.

140 5347 203 5416 ΞΒ)
233 5350 371 5408 Mouet
407 5347 502 5414 uie.
541 5361 595 5414 ln
627 5368 788 5413 antea
811 5359 969 5413 editis
999 5359 1154 5414 deest
1189 5378 1208 5411 ι
1249 5375 1353 5414 me.
1403 5378 1421 5410 ι

107 5416 294 5494 ,,(9ν⁴),¹ι³
315 5441 458 5494 mss.;
485 5431 617 5486 editi
644 5440 842 5493 autem,
881 5448 902 5482 ι
938 5430 1033 5486 sed
1066 5429 1246 5484 omnia
1275 5431 1410 5484 etin
1438 5445 1555 5484 om-

81 5488 184 5540 nibus
207 5491 338 5551 Deus.
372 5517 390 5550 ι

126 5554 203 5636 (35)
231 5561 309 5636 Sic
342 5569 476 5623 hunc
520 5569 696 5624 locum
735 5569 938 5636 optime
979 5571 1272 5624 emendant
1317 5585 1448 5626 mss.
1492 5569 1549 5625 In

84 5633 187 5709 intra
208 5635 348 5709 editis
368 5637 556 5708 legitur
598 5657 614 5694 :
665 5657 684 5688 ι
720 5633 929 5693 Dicitur
977 5654 992 5693 :
1040 5655 1136 5709 per
1169 5650 1548 5696 ornamentum

85 5705 212 5780 glutis
231 5708 354 5760 aurei
396 5705 662 5764 calvitium
699 5709 939 5765 Hebraeis
969 5705 1190 5779 propter
1234 5726 1394 5780 opera
1436 5723 1546 5764 tua.

84 5758 378 5850 gitti-utentum
401 5758 474 5834 ibi
491 5758 832 5850 examini;
847 5758 1549 5850 "4.1;nausiantis:

86 5838 143 5888 tit.
167 5838 261 5898 Ideo
284 5847 466 5920 κόσμος
495 5851 703 5906 scribit.
745 5869 764 5902 ι
799 5838 954 5915 Quod
987 5851 1134 5906 omni
1177 5838 1351 5908 sensu'
1373 5838 1544 5906 caret.

1676 2010 1728 2064 in
1767 2008 2068 2078 Scripturis
2095 2009 2301 2064 sanctis
2327 2011 2538 2065 diversa
2577 2013 2894 2082 signiﬁcans
2939 2012 3255 2080 frequenter

1674 2101 1996 2155 ostenditur.
2055 2101 2205 2168 Quod
2259 2102 2402 2156 enim
2450 2102 2638 2157 Latine
2691 2107 2945 2158 mundmn
2995 2105 3253 2172 dicimus,

1631 2213 1634 2218 ·
1674 2193 1861 2247 Grzece
1891 2192 2099 2261 κόσμος
2130 2193 2454 2262 appellatur;
2487 2194 2691 2266 κόσμος
2709 2206 2890 2250 autem
2935 2211 3037 2250 non
3074 2196 3247 2251 solum

1675 2287 1956 2348 mundum,
1991 2286 2083 2339 sed
2117 2293 2165 2336 et
2189 2294 2566 2338 ornamentum
2597 2287 2891 2357 significat.
2929 2287 3170 2358 Denique
3197 2290 3248 2343 in

1675 2376 1811 2429 Isaia
1842 2375 1931 2429 tibi
1955 2376 2020 2428 ad
2046 2377 2321 2446 principes
2349 2376 2487 2432 filias
2507 2377 2635 2431 Sion
2665 2379 3054 2448 increpationis
3069 2393 3248 2434 sermo

1675 2468 1930 2537 dirigitur
1979 2477 2036 2523 et
2083 2467 2214 2522 dicit
2263 2466 2442 2522 ειΡιο
2482 2478 2813 2523 ornamento
2856 2470 3050 2538 capitis
3098 2472 3251 2536 aurei

1673 2560 1947 2614 calvitium
1997 2561 2224 2616 habebis
2273 2570 2494 2630 propter
2545 2575 2708 2628 opera
2750 2571 2839 2616 tua
2893 2563 2970 2626 ⁸⁸,
3015 2582 3034 2614 ›
3086 2580 3253 2618 orna-

1676 2660 1915 2704 mentum
1956 2651 2026 2704 ibi
2053 2666 2116 2705 eo
2147 2652 2365 2706 nomine
2399 2666 2507 2721 quo
2536 2653 2791 2706 mundum
2825 2653 3151 2723 appellavit,
3197 2657 3249 2710 id

1674 2752 1756 2796 cst
1795 2742 2000 2813 κόσμον
2033 2743 2164 2812 (25).
2196 2744 2411 2798 Dicitur
2443 2746 2606 2800 etiam
2645 2747 2696 2800 in
2723 2747 3039 2801 indumento
3064 2749 3251 2816 ponti-
3319 2740 3323 2744 ’

1675 2835 1792 2888 ficis
1833 2835 2017 2888 mundi
2056 2837 2194 2890 ratio
2225 2837 2520 2902 contineri,
2563 2839 2701 2891 sicut
2729 2839 2780 2891 in
2812 2837 3090 2906 Sapientia
3142 2841 3246 2894 Sa-

1671 2927 1904 2980 lomonis
1946 2927 2273 2992 invenimus,
2312 2943 2433 2983 cum
2457 2930 2607 2993 dicit,
2636 2929 2762 2997 quia
2788 2945 2806 2980 ι
2847 2931 2898 2983 in
2927 2931 3250 2986 vestimento

1672 3017 1890 3087 poderis
1923 3027 2038 3072 erat
2071 3019 2357 3073 universus
2388 3019 2620 3072 mundus
2665 3020 2762 3075 ⁵⁸.»
2786 3019 3015 3074 Mundus
3047 3002 3247 3074 dicitur

1671 3107 1834 3160 etiam
1871 3117 2054 3161 noster
2085 3122 2206 3160 cum
2240 3109 2635 3164 habitatoribus
2665 3110 2777 3162 suis
2805 3110 2951 3163 orbis
2975 3118 3243 3163 terrarum

1673 3199 1795 3264 iste,
1830 3199 1971 3253 sicut
1995 3214 2115 3252 cum
2150 3199 2430 3268 Scriptura
2451 3202 2582 3256 dicit
2613 3217 2627 3256 :
2663 3220 2681 3252 ι
2712 3203 2897 3256 Omnis
2931 3203 3162 3256 mundus
3191 3203 3244 3256 in

1672 3290 1909 3358 maligno
1957 3300 2162 3360 posuus
2202 3301 2284 3345 est
2319 3292 2387 3345 ⁸⁷.
2445 3310 2464 3343 ι
2520 3292 2767 3347 Meminit
2819 3309 2948 3349 sane
2995 3293 3248 3349 Clemens

1674 3379 2042 3448 apostolorum
2090 3380 2390 3450 discipulus
2420 3382 2588 3436 etiam
2613 3398 2801 3438 eorum
2827 3399 2961 3452 quos
2995 3381 3246 3452 ἀντίχθο-

1671 3490 1768 3536 va;
1799 3472 1971 3527 ϐττιιοί
2011 3475 2362 3529 nominarunt
2394 3485 2556 3544 atque
2585 3476 2720 3530 alias
2742 3483 2922 3544 partes
2953 3475 3064 3545 (26)
3094 3476 3245 3530 orbis

1675 3575 1835 3620 terrm
1863 3566 1928 3618 ad
1960 3581 2095 3636 quas
2128 3581 2304 3636 neque
2330 3576 2638 3622 nostrorum
2663 3568 2948 3638 quisquam
2982 3568 3246 3624 accedere

1671 3666 1873 3726 potest,
1901 3672 2078 3727 neque
2109 3673 2171 3711 ex
2205 3656 2313 3712 illis
2335 3659 2425 3728 qui
2446 3660 2516 3715 ibi
2542 3669 2668 3714 sunt
2697 3663 2981 3729 quisquam
3009 3662 3247 3716 transire

1671 3748 1738 3800 ad
1766 3761 1864 3800 nos
1892 3765 1905 3800 :
1936 3763 2074 3817 quos
2103 3757 2157 3802 et
2183 3747 2329 3817 ipsos
2359 3750 2586 3805 mundos
2611 3751 2903 3821 appellavit
2930 3767 3078 3818 eum,
3116 3753 3194 3807 ait
3227 3771 3242 3806 :

1673 3859 1692 3891 ι
1729 3837 1978 3895 Oceanus
2004 3840 2468 3898 intransmeabilis
2498 3853 2582 3898 est
2610 3845 2917 3899 hominibus
2936 3844 3074 3915 (27),
3103 3855 3160 3900 et
3190 3845 3246 3902 hi

1668 3927 1760 4003 qui
1800 3943 1953 3988 trans
1989 3931 2164 4004 ipsum
2201 3946 2326 3989 sunt
2353 3937 2560 4002 mundi,
2586 3938 2678 4006 qui
2714 3938 2798 3991 bis
2827 3937 3030 3991 eisdem
3062 3938 3240 3991 domi-

1672 4027 1883 4081 natoris
1915 4027 2008 4081 Dei
2039 4027 2504 4096 .dispositiouibus
2533 4029 2925 4101 gubernantur.
2965 4048 2984 4081 ι
3038 4030 3250 4088 Dicitur

1653 4170 1698 4202 ⁵⁸
1727 4170 1829 4225 lsa.
1881 4186 1961 4235 ιιι,
1997 4171 2090 4226 24.
2192 4170 2239 4205 ⁸⁸
2266 4169 2395 4242 Sap.
2431 4188 2587 4238 xviri,
2625 4170 2713 4226 42.
2757 4172 2799 4204 ⁸⁷
2834 4172 3033 4228 lJoan.
3061 4189 3114 4239 ν,
3150 4173 3244 4231 19.

1743 4305 1854 4377 (26)
1882 4306 1957 4360 Ita
1983 4306 2325 4377 codd.gmss.;
2355 4305 2484 4360 editi
2518 4320 2666 4371 vero,
2695 4323 2715 4357 ι
2747 4307 3048 4374 nominant,
3077 4318 3242 4375 atque

1667 4375 1812 4432 illius
1834 4375 2042 4445 partes.
2080 4395 2100 4428 ι
2139 4375 2307 4430 Paulo
2337 4387 2454 4444 post
2507 4392 2659 4439 mss...
2706 4394 2725 4428 ι
2771 4379 3246 4433 intransmeabilis

1664 4457 1769 4503 est.
1806 4467 1824 4498 ι
1865 4447 2087 4509 Editi,'r
2123 4447 2480 4500 intrausibilis
2508 4456 2609 4500 est.
2644 4466 2663 4498 ι

1733 4517 1845 4586 (27)
1880 4514 2121 4568 Oceanus
2161 4517 2607 4586 intransmeabilis
2643 4525 2740 4580 est,
2789 4525 2896 4570 etc.
2944 4515 3242 4571 Clementis

1662 4585 1890 4642 Romani
1922 4586 2087 4656 verba
2114 4585 2333 4656 imitari
2355 4588 2568 4639 videtur
2597 4585 2881 4656 Dionysius
2911 4586 3236 4656 Alexandri-

1661 4673 1764 4712 nus
1791 4656 1926 4723 apud
1966 4654 2254 4709 Eusebium
2284 4653 2376 4707 lib.
2405 4671 2501 4716 vn,
2527 4670 2644 4722 cap.
2673 4653 2988 4720 2,'Histor.,
3012 4656 3040 4708 ὁ
3067 4654 3236 4718 πολὺς

1659 4729 1754 4781 καὶ
1787 4725 2091 4797 ἀπέραντος
2119 4723 2731 4797 ᾀνθρώποιςξὨκεανός.
2773 4725 2850 4797 E9
2879 4739 3111 4797 quoque
3143 4741 3233 4780 re-

1658 4799 1870 4867 spicere
1896 4793 2109 4849 videtur
2137 4793 2368 4849 tremens
2401 4795 2492 4848 lib.
2524 4809 2581 4859 ιι,
2610 4810 2733 4862 cap.
2770 4794 2838 4867 4:7
2871 4812 2884 4848 :
2917 4813 2934 4845 ‹
2968 4793 3112 4867 Quid
3145 4810 3238 4847 au.

1661 4865 1790 4930 tem,
1825 4867 2021 4934 inquit,
2045 4879 2334 4932 possumus
2372 4878 2645 4932 exponere
2675 4868 2741 4920 de
2777 4865 2977 4919 Oceani
3008 4878 3233 4918 accessu

1658 4946 1713 4991 ct
1743 4951 1981 4998 recessu,
2012 4951 2136 4991 cum
2158 4943 2371 4989 constet
2395 4949 2513 4990 esse
2536 4944 2740 4988 certam
2768 4934 3015 4989 causam?
3035 4935 3235 5002 quidve

1657 5006 1725 5060 de
1752 5007 1836 5060 his
1861 5021 1980 5074 quae
2011 5005 2154 5058 ultra
2175 5019 2292 5057 eum
2324 5015 2469 5070 sunt,
2499 5005 2787 5060 enuntiare
2817 5004 2996 5074 qualia
3025 5005 3159 5058 sint?
3207 5023 3226 5056 ι

1658 5073 2100 5141 ρυίιιυςνει-[ιὶε
2155 5074 2495 5145 adjungenda
2560 5084 2688 5128 sunt
2747 5073 2849 5129 ista
2911 5073 3102 5127 Ililarii
3164 5075 3232 5127 ad

1659 5147 1848 5213 psalmi
1879 5161 2044 5199 vattt
2079 5147 2280 5215 linem:
2311 5143 2344 5195 ι’
2365 5143 2511 5197 Mare
2539 5146 2678 5210 quod
2705 5146 2969 5214 profunda
2993 5145 3234 5198 iutinita-

1656 5232 1762 5286 que
1786 5217 1868 5271 sui
1898 5218 2055 5271 obice
2079 5227 2314 5271 mentem
2345 5216 2589 5269 humana:
2616 5216 2889 5283 Opinionis
2906 5216 3153 5277 excedat,
3175 5223 3234 5267 ut

1658 5302 1829 5355 neque
1871 5287 1999 5355 quid
2040 5297 2193 5341 extra
2234 5286 2326 5350 sit,
2360 5300 2532 5352 neque
2571 5286 2694 5352 quid
2728 5289 2870 5339 intra
2911 5285 3019 5347 sit,
3062 5299 3230 5355 sensu

1655 5353 2010 5427 persequente
2037 5360 2334 5424 capiamus.
2366 5374 2393 5427 γ’
2429 5356 2533 5409 Sed
2565 5366 2618 5408 et
2646 5355 2941 5427 Clementis
2997 5353 3231 5407 Romani

1656 5423 1808 5481 locus
1829 5423 2055 5498 'citatttr
2070 5423 2113 5481 a7
2128 5426 2458 5498 cognomine
2477 5426 2849 5498 Alexandrino
2881 5423 3227 5498 Str-omatzv,

1655 5513 1706 5565 p.
1735 5498 1864 5562 586,
1903 5497 1994 5573 ubi
2019 5497 2112 5573 _t_le_
2134 5493 2316 5551 multis
2337 5496 2492 5573 cgtlis
2525 5511 2618 5573 seu
2654 5497 2888 5573 mundis;
2920 5504 2975 5547 et
3003 5495 3070 5547 ab
3104 5493 3229 5573 Ilie-

1664 5582 1892 5638 ronymo
1923 5569 1973 5622 iit
2017 5567 2216 5636 Ephes.
2256 5583 2327 5632 ιι,
2373 5567 2436 5633 ‘2,
2476 5565 2616 5638 qui,
2661 5565 2874 5632 opinor,
2920 5565 3232 5618 transcribit

1653 5635 1907 5705 Origenis
1965 5635 2406 5692 coumientarios.
2474 5635 2599 5690 H‘JIC
2665 5639 2966 5705 obserVata
3007 5642 3133 5688 sunt
3189 5649 3227 5705 ra

1653 5704 1954 5762 clarissimo
2001 5707 2271 5762 Cotelerio
2321 5709 2373 5761 in
2429 5708 2572 5761 notis
2634 5706 2685 5758 in
2737 5704 2882 5760 hunc
2934 5704 3231 5758 Clementis

1653 5778 1829 5832 locum
1872 5781 1936 5833 de
1979 5794 2085 5848 quo
2132 5779 2318 5847 plura,
2365 5780 2408 5834 si
2453 5779 2624 5846 cupis,
2675 5775 2796 5830 vide
2834 5775 3082 5831 eumdem
3130 5772 3233 5828 ibi-

1654 5851 1793 5902 deut.
