3880 6524
568 372 668 428 195

1803 368 2123 426 ORIGENIS

2239 370 2323 422 3P1
2362 371 2593 423 APXQN
3714 380 3791 436 tte

565 496 731 550 etiam
761 494 989 548 mundus
1020 493 1119 548 ista
1149 493 1478 548 universitas
1505 508 1626 561 qua:
1652 507 1715 545 ex
1745 495 1885 562 coelo
1913 503 1967 547 et
2000 502 2140 547 terra
2172 496 2218 552 Α
2246 494 2486 549 continet
2514 494 2693 549 omnia
2723 510 2840 564 quae
2870 495 2971 551 sub
3008 495 3146 552 cmlo
3172 506 3317 560 sunt,
3348 496 3420 551 ita
3470 496 3608 551 illam
3636 500 3793 556 diuini

565 587 899 650 continetur,
940 586 1078 640 sicut
1115 584 1315 638 Paulus
1342 585 1417 638 ait
1454 603 1467 637 :
1506 602 1524 635 ι
1563 583 1815 639 Transiet
1846 586 1957 655 (28)
1995 587 2139 639 enim

568 678 786 733 habitus
818 677 977 745 hujus
1009 677 1197 731 mundi
1243 675 1309 728 ⁵⁸.
1355 695 1375 729 ι
1420 677 1675 747 Designat
1713 691 1846 731 sane
1880 688 1936 731 et
1974 677 2138 731 alium

567 769 853 839 quemdam
879 768 1136 821 mundum
1170 775 1369 836 praeter
1387 768 1534 821 hunc
1557 767 1823 821 visibilem
1852 768 2012 821 etiam
2044 767 2143 824 Dec

569 860 750 914 minus
770 870 823 914 et
854 858 1108 912 Salvator
1127 868 1335 923 noster,
1361 873 1519 926 quem
1546 873 1736 913 revera
1757 860 2069 915 describere
2089 871 2143 915 ct

567 951 851 1020 designare
867 949 1082 1004 dimcile
1099 959 1217 1004 est:
1242 951 1595 1018 aitnamque;
1620 969 1637 1000 ‹
1662 950 1777 1020 Ego
1799 966 1903 1003 non
1934 966 2050 1005 sum
2075 952 2141 1006 tle

566 1044 670 1097 hoe
686 1044 885 1097 mundo
906 1043 971 1096 ³⁸.
999 1064 1017 1097 ι
1037 1042 1319 1111 Tanquam
1342 1044 1487 1096 enim
1507 1058 1574 1097 ex
1597 1042 1705 1097 alio
1733 1043 1963 1111 quodam
1996 1052 2143 1097 esset

566 1135 782 1198 mumlo,
810 1135 881 1188 ita
908 1135 1178 1204 dicil,83
1195 1134 1335 1204 quod
1354 1153 1371 1185 ‹
1401 1133 1513 1189 Non
1532 1149 1648 1188 sum
1675 1135 1739 1188 de
1758 1135 1858 1188 hoc
1882 1134 2099 1187 mundo.
2116 1152 2134 1185 ι

560 1226 729 1294 Cujus
760 1226 943 1280 mundi
980 1226 1249 1281 dilIicilem
1282 1227 1435 1281 nobis
1471 1243 1589 1281 esse
1619 1227 2014 1297 expositionem
2052 1228 2136 1282 id-

561 1316 709 1370 circo
731 1316 1105 1384 praediximus,
1128 1332 1193 1369 ne
1217 1316 1354 1370 forte
1373 1316 1680 1386 praebeatur
1700 1317 1969 1385 aliquibus
1990 1333 2142 1373 occa-

562 1409 645 1461 sio
669 1408 813 1462 illius
830 1408 1221 1478 intelligentiae,
1244 1424 1347 1478 qua
1373 1419 1673 1478 putentnos
1694 1410 1959 1478 imagines
1978 1426 2142 1479 quas-

561 1499 682 1551 dam
706 1513 842 1566 quas
863 1496 1034 1553 (ἔναξρί
1054 1498 1196 1561 ἰδέας
1217 1499 1515 1566 nominant,
1547 1498 1749 1553 alIlrma
1761 1516 1818 1554 re
1842 1518 1855 1554 :
1874 1502 2018 1568 quod
2039 1501 2142 1556 uti-

560 1604 663 1658 que
694 1605 722 1642 a
760 1590 962 1644 nostris
1011 1590 1247 1645 alienum
1294 1600 1410 1657 est,
1460 1591 1718 1645 mundum
1764 1593 2139 1661 incorporeum

558 1680 764 1745 dicere,
811 1681 862 1735 in
908 1681 1021 1735 sola
1063 1683 1260 1736 mentis
1298 1682 1585 1751 phantasia
1629 1683 1717 1737 vel
1755 1684 2139 1753 cogitationum

558 1771 766 1825 lubrico
792 1773 1209 1833 consistentem;
1237 1780 1292 1825 et
1323 1773 1593 1839 quomodo
1623 1772 1965 1826 Salvatorein
2001 1774 2131 1829 inde

558 1877 713 1926 esse,
766 1862 851 1917 vel
902 1875 1120 1918 sanctos
1172 1878 1388 1934 quoque
1453 1865 1582 1919 illuc
1639 1865 1813 1921 ituros
1883 1876 2136 1934 poterunt

557 1954 846 2020 afﬁrmare,
884 1970 991 2010 non
1035 1956 1215 2011 video.
1269 1955 1643 2014 Verumtamen
1688 1957 2004 2028 praeclarius
2040 1959 2139 2013 ali-

556 2046 687 2115 quid
734 2055 790 2102 et
845 2047 1183 2117 splendidius
1248 2063 1408 2117 quam
1464 2049 1569 2105 iste
1613 2050 1707 2119 qui
1759 2065 2003 2119 praesens
2054 2046 2140 2105 es't

556 2140 811 2203 mundus,
845 2140 1074 2195 indicari
1106 2156 1135 2194 a
1167 2141 1451 2196 Salvatore
1483 2158 1588 2197 non
1633 2143 1854 2197 dubium
1893 2154 2000 2207 est,
2030 2158 2136 2212 quo

556 2231 720 2285 etiam
750 2232 1035 2286 credentes
1070 2233 1121 2286 in
1154 2248 1212 2287 se
1243 2235 1470 2290 tendere
1496 2244 1757 2305 provocat
1785 2246 1838 2289 et
1865 2236 2131 2289 hortatur.

557 2323 664 2378 Sed
700 2333 878 2378 utrum
929 2326 1163 2380 mundus
1215 2326 1317 2380 iste
1364 2341 1524 2395 quem
1570 2326 1758 2381 sentiri
1795 2327 1937 2391 vult,
1974 2340 2135 2395 sepa-

555 2428 704 2474 ratus
757 2420 825 2474 ab
873 2419 976 2474 hoc
1025 2419 1094 2473 sit
1149 2419 1415 2489 longeque
1471 2421 1699 2484 divisus,
1753 2421 1833 2475 vel
1873 2420 2016 2484 loco,
2050 2420 2134 2475 vel

554 2511 837 2580 qualitate,
869 2511 951 2565 vel
987 2511 1189 2582 gloria;
1225 2528 1291 2567 an
1323 2513 1491 2581 gloria
1522 2514 1741 2581 quidem
1771 2522 1827 2567 et
1868 2514 2133 2582 qualitate

554 2604 846 2673 praecellat,
875 2605 1012 2658 intra
1051 2613 1230 2658 tamen
1270 2607 1426 2674 lmjus
1454 2607 1640 2662 mundi
1676 2607 2135 2676 circumscriptio-

554 2710 676 2750 nem
708 2696 1049 2761 cohibeatur,
1090 2700 1231 2767 quod
1268 2708 1322 2753 et
1357 2698 1484 2752 mihi
1528 2698 1698 2767 magis
1730 2699 2025 2754 verisimile
2053 2700 2132 2752 vi-

551 2789 732 2853 detur,
774 2789 1041 2843 incertum
1083 2798 1262 2844 tamen
1306 2802 1422 2854 est,
1470 2799 1519 2844 et
1551 2832 1565 2856 ,
1610 2798 1668 2843 ut
1719 2804 1818 2859 ego
1868 2791 2128 2857 arbitror,

553 2879 803 2934 humanis
835 2880 1011 2935 adhuc
1050 2881 1477 2951 cogitationibus
1509 2889 1564 2935 et
1594 2883 1866 2937 mentibus
1911 2883 2135 2935 inusita-

550 2960 689 3024 tum.
714 2970 789 3023 Ex
823 2970 907 3026 his
942 2981 1116 3027 tamen
1152 2988 1272 3042 quae
1304 2972 1556 3027 Clemens
1591 2972 1739 3027 visus
1771 2984 1854 3027 est
1888 2973 2132 3028 indicare

549 3078 672 3117 cum
705 3063 879 3117 dicit;
920 3083 937 3114 ι
968 3062 1218 3118 Oceanus
1267 3064 1733 3118 intransmeabilis
1772 3074 1855 3117 est
1890 3065 2130 3119 homini-

548 3152 680 3216 bus,
724 3163 780 3206 ct
812 3154 867 3207 hi
911 3155 1095 3208 mundi
1138 3156 1227 3224 qui
1270 3165 1390 3225 post
1435 3157 1608 3225 ipsum
1645 3163 1806 3209 sunt:
1837 3175 1855 3208 ›
1891 3157 1980 3225 qui
2015 3166 2131 3225 post
2158 3187 2201 3245 ϐ

552 3244 727 3313 ipsum
763 3254 887 3298 sunt
934 3246 1164 3301 mundos
1211 3246 1493 3314 pluraliter
1539 3246 1865 3311 nominans,
1905 3263 2043 3316 quos
2076 3258 2129 3301 et

547 3336 737 3390 eadem
781 3335 874 3390 Dei
907 3336 1103 3391 summi
1148 3338 1489 3406 providentia
1523 3339 1609 3406 agi
1659 3340 1881 3409 regique
1924 3339 2131 3409 signifi-

547 3434 658 3491 cat,
692 3427 901 3482 semina
934 3428 1177 3497 quaadam
1212 3428 1370 3483 nobis
1416 3428 1729 3495 huiusmodi
1763 3430 2130 3496 intelligentiae

543 3520 764 3576 videtur
797 3534 1113 3589 aspergere,
1151 3534 1258 3590 quo
1303 3532 1523 3590 putetur
1548 3525 1726 3577 omnis
1753 3523 1974 3593 quidem
2010 3526 2129 3577 uni-

545 3615 777 3671 versitas
820 3631 1007 3671 eorum
1049 3631 1168 3686 qua:
1214 3627 1344 3671 sunt
1394 3627 1556 3686 atque
1602 3619 1913 3674 subsistunt
1959 3619 2127 3673 caele-

544 3709 734 3772 stium,
759 3716 814 3761 et
842 3708 1337 3777 supercaetestium,
1366 3716 1726 3773 terrenorum,
1758 3708 2128 3765 infernorum-

544 3818 674 3873 que,
718 3817 859 3856 unus
901 3810 955 3856 et
1002 3801 1275 3870 perfectus
1328 3806 1561 3855 mundus
1610 3800 1941 3871 generaliter
1982 3802 2121 3867 dici;

544 3894 690 3948 intra
721 3908 881 3963 quem
914 3893 1051 3946 vela
1097 3909 1204 3963 quo
1248 3894 1431 3948 caeteri
1480 3893 1548 3964 (si
1581 3895 1672 3964 qui
1722 3894 1794 3947 illi
1844 3892 1993 3964 sunt)
2027 3909 2127 3963 pu-

540 3983 693 4039 tandi
744 3993 872 4039 sunt
910 3985 1202 4038 contineri.
1250 3983 1402 4039 Unde
1449 3986 1618 4040 voluit
1652 3986 1868 4055 quidem
1910 3984 2124 4053 globum

546 4075 705 4130 liniue.
738 4075 819 4130 vel
867 4076 1019 4140 solis,
1068 4085 1529 4145 czeterorumque,
1569 4092 1705 4147 quos
1745 4081 1986 4145 planetas
2030 4091 2124 4132 vo-

546 4178 692 4231 cant,
738 4181 836 4238 per
870 4165 1079 4236 singula
1117 4167 1344 4221 mundos
1380 4167 1675 4220 nominari.
1719 4165 1825 4222 Sed
1863 4179 1918 4223 et
1947 4170 2120 4238 ipsum

545 4260 1037 4327 supereminentem
1068 4274 1228 4327 quem
1265 4258 1452 4313 dicunt
1485 4258 1697 4330 ἀπλανῆ
1729 4259 1969 4330 globum,
1999 4275 2122 4329 pro-

543 4351 660 4421 prie
711 4348 821 4423 (29)
878 4351 1238 4405 nihilominus
1292 4352 1553 4404 mundum
1603 4351 1862 4421 appellari
1906 4351 2116 4406 volunt.

542 4444 784 4512 Denique
814 4444 976 4499 etiam
1027 4442 1244 4497 Baruch
1295 4444 1573 4513 propheta:
1606 4442 1800 4497 librum
1842 4443 1894 4497 in
1935 4457 2117 4497 asser-

2246 588 2505 641 immensa
2575 587 2809 656 quadam
2868 589 2949 642 sui
3022 589 3395 660 magnitudine
3459 600 3514 644 et
3563 592 3791 650 ineffabili

2244 678 2523 748 complexu
2567 680 2739 747 spatia
2795 680 3174 735 universarum
3220 681 3555 751 sphterarum
3609 686 3788 741 ambitu

2245 770 2720 838 magniﬁcentiore
2767 772 3178 842 consx-ringere;
3228 774 3301 827 ita
3351 782 3410 828 ut
3448 778 3624 831 omnia
3670 778 3790 834 intra

2246 862 2414 931 ipsam
2447 863 2521 917 ita
2546 862 2654 915 sint
2688 863 2830 917 sicut
2867 872 2951 918 est
2984 864 3098 919 haec
3130 874 3273 920 terra
3302 876 3486 920 nostra
3510 869 3609 923 sub
3632 870 3790 926 caelo:

2242 967 2362 1021 qua:
2394 952 2555 1005 etiam
2587 952 2637 1005 in
2675 952 2974 1023 Scripturis
3001 954 3207 1009 sanctis
3240 965 3387 1009 terra
3420 958 3557 1011 bona
3589 967 3639 1011 et
3669 967 3790 1014 terra

2243 1043 2542 1098 viventium
2571 1044 2815 1098 creditur
2854 1046 3147 1113 nominari,
3184 1045 3389 1102 habens
3424 1063 3579 1102 suum
3614 1050 3789 1105 coelum

2244 1135 2370 1189 illud
2413 1136 2556 1204 quod
2605 1140 2873 1207 superius,
2922 1138 2973 1191 in
3023 1154 3130 1205 quo
3171 1140 3311 1194 cmlo
3361 1150 3669 1195 sanctorum
3714 1159 3793 1197 no-

2243 1227 2387 1279 mina
2444 1226 2639 1292 serihi,
2692 1227 2776 1281 vel
2826 1228 3026 1297 scripta
3084 1244 3204 1284 esse
3259 1223 3513 1286 dicuntur
3557 1248 3587 1286 a
3628 1234 3792 1287 Salva-

2245 1326 2362 1374 tore
2411 1318 2564 1391 (51);
2602 1335 2710 1388 quo
2763 1321 2905 1375 caelo
2958 1321 3250 1375 cohibetur
3311 1323 3398 1375 illa
3456 1332 3599 1378 terra
3655 1335 3793 1396 atque

2240 1409 2598 1472 concluditur,
2646 1425 2809 1479 quam
2850 1410 3098 1465 Salvator
3145 1415 3197 1466 in
3247 1413 3535 1483 Evangelio
3597 1416 3794 1471 mitibus

2241 1510 2296 1555 et
2330 1502 2624 1556 mansuetis
2656 1503 3074 1570 repromittit“.
3102 1503 3177 1557 Ex
3222 1504 3364 1559 illius
3402 1520 3635 1575 namque
3661 1518 3793 1563 terra:

2242 1594 2461 1647 nomine
2493 1592 2659 1647 etiam
2689 1593 2829 1648 hanc
2859 1603 3102 1650 nostram
3139 1595 3222 1648 cui
3256 1596 3411 1649 arida
3442 1597 3595 1665 prius
3623 1614 3791 1653 nomen

2240 1680 2449 1746 fuerat,
2489 1685 2927 1751 cognominatam
2971 1686 3179 1752 volunt,
3217 1686 3364 1742 sicut
3407 1697 3464 1743 et
3505 1687 3792 1744 ﬁrmamen-

2244 1784 2352 1830 tum
2398 1777 2501 1831 hoc
2536 1777 2735 1831 cmlum
2782 1777 2926 1832 illius
2970 1778 3096 1833 caeli
3144 1781 3407 1835 vocabulo
3452 1790 3791 1851 nuncupatum

2239 1878 2340 1925 est.
2372 1868 2570 1925 Verum
2601 1870 2666 1924 de
2700 1869 3068 1938 hujuscemodi
3110 1873 3455 1937 opinionibus
3507 1874 3710 1944 plenius
3749 1875 3789 1928 in

2240 1961 2334 2017 illo
2360 1961 2478 2016 loco
2508 1962 2880 2025 tractavimus,
2908 1977 3030 2017 cum
3060 1964 3464 2032 requireremus
3496 1965 3628 2037 quid
3666 1974 3792 2019 esset

2239 2056 2380 2124 quod
2427 2054 2480 2108 in
2519 2053 2785 2125 principio
2823 2054 2952 2109 fecit
3001 2054 3138 2110 Deus
3185 2056 3380 2111 caelum
3417 2067 3473 2111 et
3522 2066 3713 2111 terram
3736 2058 3788 2111 ⁶¹.

2236 2145 2393 2199 Aliud
2418 2145 2561 2199 enim
2590 2143 2785 2198 cmlum
2817 2154 2869 2198 et
2895 2144 2994 2197 alia
3033 2152 3175 2198 terra
3206 2146 3477 2199 indicatur
3505 2161 3626 2201 esse
3652 2160 3793 2216 quam

2239 2237 2372 2292 illud
2408 2238 2811 2291 firmamentum
2854 2237 2997 2305 quod
3028 2244 3147 2306 post
3180 2236 3403 2293 biduum
3439 2237 3638 2292 factum
3681 2239 3796 2291 dici-

2239 2340 2347 2394 tur,
2382 2327 2468 2383 vel
2516 2328 2665 2382 arida
2697 2342 2817 2396 quae
2862 2328 3201 2397 poStmodum
3254 2338 3397 2383 terra
3443 2338 3794 2398 nuncupatur.

2238 2421 2382 2475 Sane
2423 2421 2523 2475 hoc
2552 2420 2694 2489 quod
2727 2421 2915 2474 dicunt
2943 2419 3162 2489 quidam
3197 2420 3262 2474 de
3292 2420 3394 2474 hoc
3423 2422 3645 2487 mundo,
3682 2435 3797 2489 quo-

2238 2516 2381 2566 niam
2428 2511 2799 2580 corruptibilis
2840 2513 3059 2581 quidem
3105 2522 3190 2566 est
3231 2527 3296 2566 ex
3336 2526 3402 2568 eo
3445 2515 3591 2582 quod
3643 2514 3796 2567 tactus

2235 2612 2337 2668 est,
2368 2618 2467 2657 nec
2504 2616 2681 2657 tamen
2721 2606 3107 2673 corrumpitur,
3152 2607 3274 2674 quia
3312 2606 3665 2672 corruptione
3700 2604 3795 2658 for-

2238 2695 2341 2747 tior
2384 2703 2439 2749 et
2483 2694 2709 2749 validior
2737 2702 2819 2749 est
2865 2695 3117 2750 voluntas
3165 2697 3256 2750 Dei
3304 2698 3392 2767 qui
3429 2697 3563 2751 fecit
3596 2712 3714 2750 eum
3750 2708 3796 2749 ct

2235 2790 2481 2844 continet
2523 2788 2670 2843 illum
2723 2803 2790 2844 ne
2839 2790 2888 2845 ei
2920 2789 3196 2859 corruptio
3236 2790 3572 2858 dominetur,
3617 2792 3797 2844 rectius

2236 2882 2425 2937 sentiri
2492 2881 2591 2936 ista
2640 2888 2867 2951 possunt
2918 2882 2984 2936 de
3018 2895 3081 2935 eo
3129 2883 3330 2935 mundo
3378 2896 3541 2950 quem
3600 2879 3795 2949 ἀπλανῆ

2236 2976 2505 3043 sphaeram
2542 2972 2655 3046 (52)
2683 2988 2842 3041 supra
2872 2973 3127 3039 diximus,
3153 2974 3280 3042 quia
3310 2988 3373 3027 ex
3406 2973 3687 3027 voluntate
3716 2972 3796 3025 Dei

2236 3080 2579 3135 nequaquam
2606 3064 2942 3132 corruptioni
2973 3066 3270 3135 subjaceat,
3305 3080 3403 3133 pro
3430 3078 3497 3118 eo
3532 3065 3677 3134 quod
3711 3077 3796 3117 nec

2236 3171 2431 3210 causas
2472 3155 2835 3225 corruptionis
2862 3156 3088 3225 accepit.
3136 3155 3461 3212 Sanctorum
3499 3156 3701 3226 quippe
3725 3166 3799 3210 est

2233 3256 2288 3301 et
2320 3247 2388 3301 ad
2429 3246 2692 3316 liquidum
2739 3245 3151 3314 puriﬁcatorum
3188 3243 3300 3317 (55)
3346 3247 3585 3301 mundus
3618 3246 3727 3312 ille,
3752 3254 3797 3298 et

2234 3354 2338 3395 non
2385 3340 2674 3408 impiorum
2708 3339 2850 3393 sicut
2878 3338 2979 3394 iste
3026 3348 3234 3393 noster.
3269 3338 3579 3394 Videndum
3631 3349 3797 3391 autem

2232 3441 2316 3485 est
2344 3445 2411 3485 ne
2451 3430 2592 3484 forte
2640 3432 2692 3484 in
2744 3430 2848 3484 hoc
2898 3418 3203 3499 respiciens
3238 3428 3530 3499 Apostolus
3564 3427 3797 3483 dixerit:

2236 3545 2254 3577 ‹
2284 3524 2754 3595 Prospicientihus
2798 3521 2952 3579 nobis
2993 3537 3098 3577 non
3147 3536 3211 3576 ea
3247 3537 3366 3591 qua:
3398 3522 3678 3585 videntur,
3719 3520 3799 3575 sed

2230 3632 2351 3687 quae
2381 3631 2491 3671 non
2528 3616 2800 3670 videntur.
2843 3614 2973 3681 Quae
3019 3615 3163 3669 enim
3198 3614 3447 3668 videntur
3490 3613 3796 3681 temporalia

2229 3718 2372 3776 sunt,
2402 3721 2520 3777 quae
2552 3716 2729 3761 autem
2782 3722 2887 3760 non
2924 3707 3175 3761 videntur
3203 3690 3405 3760 interna
3453 3716 3584 3760 sunt
3606 3708 3651 3738 ⁶¹
3675 3704 3799 3777 (54).

2229 3800 2444 3856 Scimus
2483 3812 2665 3855 autem
2711 3800 2968 3869 quoniam
2995 3799 3042 3854 si
3080 3799 3354 3853 terrestris
3392 3798 3589 3853 domus
3629 3810 3799 3853 nostra

2229 3892 2387 3961 hujus
2437 3891 2791 3947 habitationis
2833 3890 3177 3957 dissolvatur,
3236 3888 3659 3946 aediﬁcationem
3709 3891 3799 3945 ha-

2226 3985 2416 4039 bemus
2443 3998 2473 4038 a
2506 3984 2616 4039 Deo
2646 3985 2861 4039 domum
2895 3997 3000 4039 non
3046 3981 3412 4037 manufactam
3456 3994 3723 4038 :eternam
3752 3983 3798 4036 in

2225 4076 2467 4131 caelis".
2500 4094 2519 4129 ι
2572 4075 2706 4131 Cum
2755 4076 2898 4130 enim
2957 4075 3084 4129 alibi
3136 4074 3329 4129 dicat:
3375 4092 3395 4125 ι
3427 4072 3566 4141 Quia
3616 4075 3801 4131 videbo

2226 4170 2393 4225 caelos
2432 4183 2600 4238 opera
2646 4167 2934 4239 digitorum
2970 4178 3186 4221 tuorum
3211 4166 3278 4230 ⁸⁵,
3304 4185 3324 4219 ι
3359 4174 3413 4221 et
3446 4167 3514 4222 de
3554 4166 3801 4222 omnibus

2226 4262 2592 4317 invisibilibus
2643 4275 2739 4329 per
2786 4260 3108 4331 prophetam
3173 4260 3317 4315 Deus
3368 4260 3506 4314 dixit
3553 4278 3568 4316 :
3626 4259 3801 4326 cQuia

2225 4367 2419 4407 manus
2468 4366 2585 4407 mea
2631 4350 2761 4407 fecit
2809 4352 2926 4406 haec
2970 4350 3153 4405 omnia
3178 4351 3287 4413 ⁸⁵.»
3343 4350 3501 4405 istam
3546 4359 3797 4407 artemam

2225 4444 2445 4499 domum
2494 4458 2657 4512 quam
2714 4441 2921 4497 sanctis
2975 4442 3303 4511 repromittit
3355 4440 3466 4513 (55)
3515 4441 3570 4496 in
3625 4442 3794 4504 caelis,

542 4535 705 4592 tionis
740 4533 898 4603 hujus
941 4534 1310 4589 testimonium
1361 4540 1590 4598 vocant,
1633 4533 1776 4602 quod
1811 4532 1884 4588 ibi
1934 4534 2000 4588 de
2031 4548 2118 4588 se-
2154 4526 2197 4581 D
2229 4533 2594 4589 manufactam
2635 4548 2740 4589 non
2769 4547 2891 4587 esse
2931 4533 3262 4602 pronuntiat,
3295 4532 3662 4587 dill‘erentiam
3694 4534 3801 4589 sine

541 4637 685 4695 ptem
729 4628 944 4682 mundis
985 4627 1071 4681 vel
1111 4627 1265 4682 ctelis
1301 4625 1608 4680 evidentius
1659 4625 1948 4681 indicatur.
1982 4626 2119 4681 Esse

542 4729 720 4774 tamen
775 4734 937 4788 super
995 4718 1141 4773 illam
1197 4719 1465 4788 sphazram
1526 4731 1687 4786 quam
1738 4716 1954 4787 ἀπλανῆ
2005 4716 2117 4787 (50)

540 4810 745 4877 dicunt,
776 4812 962 4865 volunt
995 4811 1181 4876 aliam,
1219 4826 1404 4880 quam,
1436 4810 1578 4864 sicut
1607 4811 1747 4875 apud
1785 4824 1881 4861 nos
1924 4810 2119 4863 cadum

612 4901 658 4933 ⁸³
686 4900 851 4957 lCor.
881 4919 967 4969 tu,
1004 4905 1094 4958 51.
1172 4901 1215 4936 ⁸⁹
1243 4902 1401 4957 Joan.
1437 4918 1568 4964 xvn,
1606 4900 1691 4956 15.

541 4971 587 5003 ⁸⁸
610 4971 812 5027 Psalm.
848 4988 957 5039 \‘lll,
993 4974 1047 5026 4.
1127 4975 1170 5007 ⁸⁵
1199 4974 1302 5027 lsa.
1334 4989 1479 5036 um,
1509 4972 1565 5027 2.

612 5069 723 5143 (28)
761 5069 850 5143 Sic
888 5086 1029 5143 mss.
1065 5071 1220 5143 Libb.
1265 5071 1417 5143 editi,
1457 5090 1475 5121 ‹
1524 5085 1643 5138 quae
1684 5077 1856 5124 estex
1890 5068 2032 5124 coelo
2063 5080 2120 5124 et

540 5140 705 5197 terra.
740 5142 879 5195 sicut
907 5140 1100 5194 Paulus
1135 5142 1210 5194 ait
1241 5160 1254 5195 :
1285 5141 1585 5195 Transiet.»

613 5208 721 5281 (29)
775 5208 1061 5278 Ἀπλανῆ,
1096 5211 1303 5281 globum
1335 5212 1563 5280 proprie.
1594 5211 1669 5264 Ita
1701 5208 1861 5264 codd.
1901 5224 2030 5264 mss.
2064 5210 2117 5264 In

541 5280 889 5353 antealeditis
916 5283 1067 5353 deest
1096 5280 1309 5353 ῥιπλανῆ
1341 5291 1395 5336 et
1432 5299 1448 5331 ι
1478 5281 1713 5353 proprie.
1742 5299 1760 5332 ι

612 5350 723 5421 (50)
778 5350 1057 5419 Ἀπλανίῆ.
1094 5350 1256 5406 Deest
1280 5350 1331 5404 in
1359 5361 1517 5421 antea
1544 5352 1722 5413 editis,
1757 5350 1853 5404 sed
1885 5350 2117 5404 habetur

542 5421 595 5473 in
645 5420 898 5475 omnibus
935 5437 1061 5476 mss.
1114 5422 1281 5477 Paulo
1326 5420 1463 5475 inira
1498 5437 1667 5490 ωδε..
1713 5438 1730 5470 ι
1763 5422 2113 5490 repromittit.

539 5491 616 5545 Ex
666 5490 807 5545 illius
844 5507 1077 5561 namque
1121 5503 1278 5547 terra:
1319 5491 1596 5545 nomine.»
1631 5489 1797 5557 Editi,
1837 5509 1854 5541 ι
1886 5494 2115 5561 promit-

541 5563 709 5632 tit,et
740 5561 885 5617 illius
926 5579 1158 5632 namque
1192 5572 1351 5615 terra:
1380 5561 1615 5615 nomine.
1639 5580 1657 5612 ι

634 5631 722 5702 51)
772 5632 905 5687 Vide
940 5632 1034 5687 lib.
1058 5631 1095 5687 ll
1125 5632 1455 5702 0rigenian.,
1488 5646 1541 5700 q.
1568 5632 1656 5694 ll,
1686 5646 1834 5685 num.
1868 5631 1955 5684 Η.

612 5701 723 5774 (52)
764 5702 855 5764 Sic
876 5703 1031 5760 codd.
1054 5719 1183 5760 mss.
1210 5701 1234 5769 ;“
1267 5703 1397 5758 editi
1426 5718 1574 5768 vero,
1614 5701 1905 5775 ἀκηράτων
1944 5701 2119 5773 spira:-

540 5788 600 5825 ra
607 5789 655 5825 m
663 5812 676 5824 .

613 5841 725 5917 (55)
766 5843 909 5901 Editi
939 5845 1095 5914 libh.,
1133 5864 1151 5897 ι
1178 5844 1561 5915 perfectorum.
1592 5865 1609 5897 )

1793 4900 1836 4932 ⁶⁰
1870 4902 2057 4956 Matth.
2098 4918 2151 4967 v,
2178 4905 2231 4956 4.

2230 4627 2393 4682 dubio
2423 4635 2687 4680 creatura:
2726 4626 2777 4678 in
2816 4625 2900 4679 his
2930 4640 3051 4695 quae
3090 4626 3365 4694 videntur,
3396 4634 3449 4678 et
3478 4626 3531 4679 in
3564 4627 3654 4681 his
3690 4640 3802 4696 qua:

2231 4735 2336 4774 non
2378 4719 2634 4774 videntur
2682 4719 2795 4793 (56)
2840 4720 3154 4774 ostendens.
3195 4718 3311 4773 Non
3352 4719 3495 4772 enim
3533 4720 3680 4773 idem
3727 4720 3804 4773 in—

2232 4811 2514 4879 telligitur,
2541 4812 2684 4879 quod
2726 4810 2857 4864 dicit
2890 4809 3025 4879 (57),
3059 4824 3121 4863 ea
3155 4824 3274 4878 quze
3303 4823 3408 4862 non
3448 4808 3726 4875 videntur,
3753 4817 3804 4861 et

2308 4905 2347 4936 ⁶¹
2396 4904 2530 4959 Gen.
2566 4928 2602 4969 ι,
2634 4906 2684 4960 1.
2762 4906 2806 4935 ⁶²
2840 4905 2877 4957 ll
2903 4902 3029 4958 Cor.
3059 4919 3130 4968 iv,
3170 4904 3259 4958 18.
3374 4902 3420 4933 ⁸³
3450 4901 3489 4955 ll
3515 4902 3644 4957 Cor.
3678 4917 3730 4966 v,
3754 4903 3801 4955 l.

2302 5069 2413 5142 (54)
2456 5071 2610 5125 Libb.
2637 5071 2808 5126 editi:
2848 5089 2865 5121 ι
2899 5069 3064 5124 Vobis
3112 5085 3313 5142 nonea
3363 5083 3483 5137 qua:
3521 5068 3801 5142 videntur,

2221 5138 2316 5195 sed
2348 5138 2465 5209 qua:
2516 5156 2625 5196 non
2680 5142 2948 5194 videntur.
2980 5141 3109 5205 Quae
3156 5141 3300 5194 enim
3358 5154 3461 5192 non
3518 5138 3795 5209 videntur.

2218 5206 2417 5265 aeterna
2445 5223 2604 5271 sunt;
2631 5226 2749 5280 quae
2778 5222 2955 5264 autem
2981 5211 3253 5272 videnlur,
3280 5206 3595 5277 temporalia
3622 5218 3796 5261 sunt»

2221 5283 2325 5336 Sed
2363 5298 2490 5335 mss.
2519 5290 2576 5334 ut
2608 5283 2660 5335 in
2696 5291 2880 5333 nostro
2906 5289 3078 5333 textu.

2291 5350 2400 5422 (55)
2444 5354 2516 5405 lta
2552 5368 2684 5406 mss.
2716 5350 2874 5422 Libb.
2902 5351 3032 5403 editi
3078 5364 3229 5410 vero,
3263 5367 3280 5399 ι
3313 5365 3433 5422 cum
3488 5345 3622 5398 alibi
3660 5346 3799 5422 dica-

2223 5418 2309 5475 tur
2336 5441 2349 5477 :
2383 5418 2596 5477 Videbo
2625 5421 2794 5475 C(Blus
2823 5432 2964 5483 tuos,
2989 5430 3121 5485 etc.,
3150 5435 3247 5487 per
3273 5421 3595 5489 prOphetam
3641 5418 3799 5475 dixit,

2223 5505 2353 5551 αις..
2385 5508 2544 5561 quam
2571 5492 2775 5546 sanctis
2807 5491 3092 5559 promittit.
3117 5510 3135 5541 ›

2294 5554 2416 5637 (56)
2450 5564 2519 5637 Et
2558 5564 2613 5617 in
2650 5564 2731 5614 his
2771 5554 2886 5631 qua:
2933 5561 3328 5637 nonvidentur.
3363 5558 3488 5637 llaae
3532 5554 3586 5607 in
3642 5562 3799 5637 antea

2223 5626 2617 5690 editis'omissa
2657 5626 2803 5695 sunt,
2831 5633 3083 5701 quamvis
3116 5630 3423 5685 habeantur
3462 5626 3517 5679 in
3544 5626 3804 5680 omnibus

2223 5719 2356 5758 mss.

2168 5800 2170 5802 '
2258 5773 2409 5855 ,(57)
2453 5774 2607 5841 Quod
2648 5773 2793 5829 dicit.
2822 5771 2982 5833 Deest
3023 5773 3078 5827 in
3108 5780 3270 5829 antea
3305 5768 3485 5838 editis,
3515 5767 3614 5824 sed
3652 5781 3802 5838 περῶ

2225 5847 2367 5900 ritur
2393 5847 2445 5903 in
2482 5860 2611 5901 mss.
