3880 6512
92 396 172 453 197
1329 392 1526 447 LIBER
1566 393 1951 452 SECUNDUS.

3184 404 3290 461 198

91 531 136 571 es
161 526 259 581 qua
301 506 569 564 invisibilia
601 516 750 563 sunt.
780 508 854 563 Ea
888 524 1121 581 namque
1151 526 1272 582 quae
1306 524 1434 568 sunt
1464 516 1600 569 invi-
1628 534 1673 590 Α
1703 515 2001 571 collocatur
2049 516 2197 591 (44),
2235 516 2392 590 quasi
2433 520 2503 575 in‘
2530 530 2669 578 terra
2711 522 2874 589 bona,
2922 532 2976 579 et
3017 534 3161 581 terra
3208 528 3292 581 vi-

90 606 243 671 sibilia,
279 617 372 658 non
411 600 576 655 solum
621 616 732 655 non
771 602 1039 670 videnlur,
1087 605 1180 659 sed
1222 620 1291 660 ne
1340 616 1592 661 naturam

90 698 255 769 quidem
282 694 468 747 habent
502 702 560 747 ut
601 693 770 747 videri
814 694 1043 762 possint,
1074 709 1193 765 qua:
1226 694 1401 752 Grreci
1446 698 1593 751 ἀσώ-

92 806 225 851 um,
265 787 308 841 id
339 796 415 840 est
459 789 778 855 incorporea
828 787 1200 855 appellarunt;
1253 790 1367 844 haec
1412 799 1592 845 autem

90 884 136 935 de
164 879 324 948 quibus
363 876 555 931 Paulus
602 877 779 930 dixit:
816 895 834 928 ε
864 877 994 943 Qure
1042 894 1147 931 non
1196 878 1449 933 videntur
1477 880 1543 944 ⁶⁶,
1570 898 1587 931 ι

87 981 281 1026 naturam
325 970 532 1038 quidem
592 968 796 1023 habent
841 978 893 1022 ut
937 970 1105 1024 videri
1154 971 1399 1038 possint,
1452 986 1593 1025 non-

88 1066 178 1117 dum
207 1071 360 1116 tamen
390 1059 561 1115 videri
593 1061 662 1116 ab
698 1061 783 1116 his
816 1061 1017 1131 quibus
1054 1062 1464 1131 promittuntur,
1497 1077 1593 1117 ex-

84 1155 214 1225 ponit.

135 1264 174 1316 7.
218 1261 298 1315 llis
357 1261 514 1331 igitur
587 1263 763 1318 tribus

84 1357 362 1427 opinionibus
396 1356 459 1410 de
498 1355 607 1411 line
647 1372 764 1411 om-

84 1454 191 1506 nium
214 1460 253 1506 et
288 1451 348 1505 de
375 1465 587 1505 summa
633 1451 762 1505 bea-

84 1546 265 1601 titudine
333 1557 485 1616 prout
552 1545 761 1601 sentire

84 1643 296 1712 putuimus
392 1641 732 1695 adumbratis
748 1682 762 1705 ,

84 1736 381 1805 unusquisque
461 1734 761 1805 legentium

86 1830 185 1895 apud
234 1826 564 1894 semetipsum
638 1827 761 1882 dili-

85 1916 240 1985 gentius
279 1926 329 1970 et
382 1916 764 1985 scrupulosius

80 2008 252 2073 iudicet,
285 2008 323 2060 si
352 2016 528 2077 potest
576 2009 759 2079 aliqua

86 2102 221 2155 harum
256 2103 456 2171 probari
484 2103 574 2158 vel
611 2104 759 2174 eligi.

82 2194 161 2266 84
202 2197 384 2251 Dictum
450 2208 534 2253 est
615 2199 760 2253 enim

84 2292 182 2359 quod
206 2292 277 2344 vel
301 2292 619 2361 incorporea
649 2295 759 2348 vita

83 2380 140 2447 agi
152 2385 510 2451 posseputanda
526 2384 601 2437 sit
622 2384 757 2457 (59),

83 2479 359 2541 pesteaquam
385 2472 610 2528 Christo
647 2474 764 2529 l'ue-

83 2564 158 2616 rint
204 2558 417 2631 subjecta
465 2566 657 2620 omnia
708 2578 763 2622 et

83 2668 148 2722 per
163 2653 397 2709 Christum
423 2657 534 2712 Deo
562 2658 715 2712 Patri
739 2699 755 2723 ,

84 2760 168 2799 cum
219 2748 307 2801 erit
373 2749 555 2803 omnia
634 2750 755 2819 (40)

84 2844 120 2889 et
137 2836 175 2890 in
197 2839 418 2895 omnibus
448 2841 628 2907 Deus;
672 2843 755 2897 vel

82 2946 166 2986 cum
187 2934 504 2991 nihilominus
526 2936 757 2992 Christo

82 3023 228 3082 iuerint
294 3030 537 3085 universa
622 3034 754 3087 sub-

79 3120 203 3188 jecta.
238 3134 284 3178 et
321 3141 412 3195 per
466 3126 754 3182 Christum

83 3211 283 3275 Deo,cum
299 3226 463 3284 quoet
485 3234 633 3273 unus
653 3218 758 3286 spi-

82 3307 191 3372 ritus,
205 3312 465 3366 secuudum
486 3312 597 3368 hoc
614 3314 756 3383 quod

83 3405 245 3470 spiritus
274 3419 387 3461 sunt
426 3418 641 3464 natura:
673 3425 757 3463 ra-

83 3496 299 3556 tiouablles
317 3543 331 3568 ,
382 3505 515 3559 liunt
580 3505 715 3576 (41)
738 3522 753 3570 ἲ

82 3598 169 3646 tunc
210 3594 311 3663 ipsa
356 3612 568 3667 quoque
618 3601 752 3653 sub-

80 3684 225 3738 stantia
236 3690 511 3755 corporalis
525 3692 642 3758 opti
653 3691 753 3745 mis

81 3785 118 3829 et
154 3781 413 3846 purissimis
464 3785 754 3855 spiritibus

81 3873 227 3928 sociata
250 3890 335 3944 pro
357 3880 751 3934 assumentium

80 3969 274 4035 qualitate
296 3974 371 4028 vel
405 3975 616 4031 meritis
638 3976 750 4049 (62)

82 4061 117 4114 in
184 4065 441 4123 athereum
540 4078 749 4124 statum

83 4161 363 4214 transmutata
380 4203 396 4228 ,
445 4163 751 4218 secundum

81 4251 180 4315 (11³οά
225 4254 496 4322 Apostolus
562 4258 749 4313 dicit:

978 1281 1191 1321 "iERON.
1228 1282 1443 1321 INTERP.

909 1358 1124 1426 Triplex
1201 1378 1325 1431 ergo
1408 1365 1588 1426 suspi-

835 1456 916 1508 cio
964 1454 1098 1526 (38)
1170 1458 1318 1511 nobis
1383 1459 1447 1511 de
1484 1459 1590 1526 ﬁne

834 1552 1158 1620 suggeritur,
1184 1569 1211 1606 e
1242 1553 1430 1623 quibus
1472 1570 1590 1623 qua:

837 1662 957 1699 cera
995 1658 1043 1700 et
1079 1648 1265 1701 melior
1293 1650 1382 1715 sit,
1426 1651 1591 1703 lector

835 1742 1089 1810 inquirat.
1133 1745 1238 1796 Aut
1278 1744 1415 1797 enim
1474 1745 1589 1798 sine

834 1853 1049 1903 corpore
1132 1840 1398 1904 vivemus,
1468 1857 1586 1893 cum

834 1932 1058 2001 subjecti
1131 1933 1342 1989 Christo
1416 1936 1589 2006 subji-

834 2028 1036 2081 ciemur
1112 2027 1255 2095 Deo,
1324 2038 1373 2083 et
1450 2030 1591 2086 Deus

834 2122 994 2190 fuerit
1049 2125 1227 2178 omnia
1297 2126 1353 2180 in
1422 2129 1593 2180 amni-

834 2219 963 2281 bus;
1003 2229 1093 2273 aut
1136 2222 1398 2285 quomodo
1435 2221 1591 2276 Chri-

832 2322 912 2368 sto
987 2315 1222 2384 subjecta
1302 2332 1416 2371 cum
1477 2321 1588 2387 ipso

832 2408 1044 2463 Christo
1079 2412 1430 2480 subjicientur
1457 2414 1585 2479 Deo,

831 2512 878 2555 et
935 2503 988 2556 in
1044 2520 1205 2558 unum
1263 2505 1431 2574 [tedas
1501 2526 1590 2562 ar-

832 2595 1154 2660 ctabuntur;
1230 2598 1306 2651 ita
1416 2599 1586 2653 omnis

834 2686 1132 2740 substantia
1196 2689 1464 2759 redigetur
1532 2694 1585 2745 in

837 2779 1085 2847 optimam
1140 2781 1483 2849 qualitatem,
1537 2796 1585 2838 et

835 2874 1152 2928 dissolvetur
1223 2876 1281 2929 in
1339 2878 1585 2932 a’therem

833 2971 973 3038 quod
1022 2972 1254 3039 purioris
1297 2973 1586 3041 simplicio-

832 3062 1006 3131 risque
1061 3072 1265 3117 natura:
1316 3074 1425 3129 est;
1490 3074 1582 3119 aut

832 3166 968 3208 certe
1014 3156 1222 3224 sphazra
1272 3156 1369 3209 illa
1427 3174 1584 3228 quam

1699 625 1888 664 vorum
1918 624 2081 678 quam
2121 614 2388 667 mansueti
2436 623 2490 669 et
2524 614 2685 669 mites
2736 617 3059 673 haereditate
3108 623 3285 689 perci-

1695 700 1847 770 pient
1901 702 2046 771 (ιδῃ
2111 704 2264 774 cujus
2314 716 2397 759 est
2445 706 2644 761 cmlum
2702 707 2832 762 illud
2887 711 3030 779 quod
3080 712 3287 766 ambitu

1696 792 2168 861 magniﬁcentiore
2206 796 2378 865 ipsam
2415 797 2565 851 illam
2616 797 2918 854 circumdat
2946 808 2997 855 et
3043 802 3287 856 continet

1699 891 1933 949 terram;
1985 886 2127 952 quod
2166 899 2291 941 vere
2336 889 2530 941 coelum
2578 900 2632 942 et
2669 888 3047 959 principaliter
3096 891 3284 961 appel-

1697 975 1856 1043 tatur,
1885 978 1937 1032 in
1964 991 2071 1048 quo
2095 979 2235 1033 ccelo
2263 980 2347 1034 vel
2381 990 2521 1034 terra
2554 980 2677 1035 linis
2698 982 2941 1036 omnium
2972 991 3136 1051 atque
3167 998 3288 1051 per-

1694 1066 1861 1124 fectio
1907 1078 2019 1123 tuta
2051 1086 2116 1126 ac
2148 1072 2408 1125 lidissima
2455 1074 2629 1142 possit
2670 1074 2908 1128 statione
2950 1075 3282 1139 consistere,

1697 1175 1805 1230 quo
1840 1162 2055 1217 scilicet
2096 1163 2171 1218 illi
2216 1172 2338 1232 post
2386 1166 2787 1233 correptionem
2832 1166 3282 1235 castigationem—

1693 1267 1799 1321 que
1843 1269 1979 1323 quas
2024 1269 2121 1323 pro
2169 1254 2381 1310 delictis
2428 1256 2760 1325 pertulerant
2800 1258 3139 1327 purgationis
3186 1258 3286 1313 ob-

1694 1350 1868 1410 tentu,
1898 1344 2129 1413 expletis
2158 1344 2416 1399 omnibus
2446 1352 2611 1413 atque
2637 1345 2908 1413 depensis,
2943 1352 3101 1399 terra:
3129 1342 3282 1398 illius

1697 1432 2069 1487 habitaculum
2125 1443 2481 1499 mereantur;
2527 1435 2581 1488 hi
2636 1450 2768 1489 vero
2818 1436 2907 1499 qui
2962 1435 3134 1488 verbo
3184 1436 3280 1490 Dei

1692 1524 2015 1582 obedientes
2057 1526 2280 1581 fuerunt
2321 1542 2385 1582 ac
2418 1524 2700 1597 sapientiae
2743 1528 2859 1598 ejus
2883 1528 2995 1597 jam
3029 1530 3157 1583 hinc
3189 1545 3286 1584 ca-

1690 1632 1853 1687 paces
1905 1634 1962 1673 se
2013 1620 2458 1690 obtemperantes
2525 1621 2912 1688 prmhuerunt,
2958 1621 3083 1675 cmli
3136 1622 3284 1677 illius

1690 1708 1772 1763 vel
1804 1710 2068 1765 cmlorum
2120 1727 2286 1781 regna
2326 1712 2623 1779 promereri
2672 1712 2953 1775 dicantur;
2987 1721 3042 1766 et
3091 1714 3161 1765 ita
3195 1714 3283 1766 di-

1690 1799 1848 1868 gnius
1899 1800 2235 1871 compleatur
2290 1801 2418 1854 illud
2468 1801 2611 1869 quod
2666 1800 2869 1853 dictum
2907 1808 3033 1854 est:
3076 1820 3094 1852 ‹
3127 1800 3280 1853 Beati

1622 1882 1665 1936 Β
1698 1892 2000 1956 mansueti,
2046 1893 2173 1962 quia
2222 1892 2322 1961 ipsi
2382 1889 2700 1945 ha-reditate
2749 1890 3111 1957 possidebunt
3169 1900 3283 1944 ter-

1696 1995 1846 2047 ram;
1879 2000 1896 2033 ι
1931 1994 2023 2037 et:
2067 2001 2084 2033 ‹
2118 1982 2265 2038 Beati
2310 1995 2572 2051 pauperes
2612 1980 2830 2048 spiritu,
2866 1982 3123 2048 quoniam
3180 1980 3283 2049 ipsi

1693 2076 2020 2131 haereditate
2061 2078 2281 2145 capient
2329 2091 2555 2146 regnum
2588 2076 2850 2129 coelorum
2881 2077 2957 2143 ";
2993 2097 3011 2128 ›
3048 2087 3103 2131 et
3136 2078 3282 2148 quod

1694 2168 1823 2223 dicit
1853 2169 1902 2221 in
1942 2169 2151 2237 psalmo
2180 2188 2193 2223 :
2234 2187 2252 2219 ι
2282 2169 2556 2223 Exaltahit
2586 2182 2636 2225 te
2667 2178 2720 2224 et
2750 2169 3067 2225 haereditate
3100 2171 3285 2241 capies

1692 2267 1895 2313 terram
1918 2260 1963 2299 αθ
2018 2259 2153 2329 (46).
2183 2279 2201 2312 ι
2256 2260 2337 2313 Ad
2375 2260 2514 2314 hanc
2550 2262 2755 2317 etenim
2791 2270 2991 2315 terram
3028 2264 3283 2316 descendi

1692 2350 1916 2416 dicitur,
1952 2352 2017 2403 ad
2060 2350 2204 2403 illam
2241 2360 2422 2403 autem
2470 2368 2591 2422 quae
2636 2357 2688 2407 in
2726 2354 2837 2407 alto
2883 2363 2987 2415 est,
3019 2353 3280 2407 exaltari.

1693 2443 1804 2497 [loc
1839 2456 1970 2513 ergo
2004 2443 2165 2496 modo
2216 2443 2429 2498 videtur
2474 2447 2629 2513 quasi
2672 2448 2777 2501 iter
2820 2446 3090 2516 quoddam
3146 2462 3278 2499 san-

1691 2540 1900 2587 ctorum
1944 2533 2284 2602 profectibus
2333 2536 2528 2604 aperiri
2580 2539 2647 2592 ab
2696 2537 2786 2591 illa
2835 2546 2980 2591 terra
3030 2539 3099 2591 ad
3156 2537 3281 2593 illos

1692 2624 1881 2688 ccelos,
1915 2635 1974 2679 ut
2019 2639 2124 2678 non
2168 2632 2274 2678 tam
2326 2641 2646 2693 permanere
2686 2628 2737 2682 in
2775 2628 2861 2681 illa
2914 2636 3058 2682 terra
3110 2644 3276 2697 quam

1695 2714 1945 2769 habitare
1968 2716 2276 2781 videantur,
2294 2719 2575 2772 transituri
2605 2720 2833 2787 scilicet,
2852 2736 2973 2774 cum
3007 2721 3057 2773 in
3080 2721 3129 2773 id
3148 2736 3285 2789 quo-

1691 2818 1795 2873 que
1816 2804 2146 2875 profecerim
2167 2804 2302 2878 (47),
2325 2807 2391 2860 ad
2416 2809 2785 2865 litereditatem
2811 2811 2960 2881 regni
2992 2811 3277 2866 ccelorum.

2300 2917 2531 2976 CAPUT
2571 2922 2659 2975 IV.

1691 3006 1844 3073 Quod
1886 3024 2022 3062 unus
2064 3016 2142 3062 est
2178 3008 2317 3082 Deus
2355 3009 2572 3082 legisret
2606 3014 3014 3082 prophetarum,
3060 3026 3111 3070 et
3164 3016 3279 3071 Do-

2120 3080 2249 3132 mini
2279 3078 2409 3133 Jesu
2440 3080 2639 3135 Christi
2670 3078 2853 3139 Pater.

1762 3169 1811 3222 l.
1855 3166 1949 3222 His
1986 3168 2168 3237 itaque
2208 3183 2303 3237 per
2340 3172 2586 3225 ordinem
2636 3183 2796 3241 prout
2831 3176 3105 3243 potuimus
3154 3178 3280 3233 bre-

829 3261 990 3314 supra
1017 3245 1395 3314 appellavimus
1415 3249 1583 3304 ἀπλα-
1609 3248 1651 3305 C
1685 3259 1827 3314 viter
1869 3260 2119 3330 digestis,
2166 3276 2509 3333 consequens
2546 3274 2633 3319 est
2682 3268 2977 3323 secundum
3022 3272 3165 3340 quod
3211 3289 3278 3328 ex

828 3337 917 3407 νῆν
946 3347 993 3391 ει
1020 3338 1275 3408 quidquid
1308 3340 1451 3393 illius
1480 3342 1585 3394 cir-
1616 3346 1619 3349 ’

829 3428 947 3480 culo
1015 3431 1331 3495 continetur,
1389 3432 1582 3484 dissol-

829 3531 979 3572 vetur
1046 3521 1101 3573 in
1157 3521 1422 3588 nihilum;
1489 3523 1583 3578 illa

829 3632 946 3670 vero
994 3634 1098 3683 qua
1146 3617 1415 3691 ἀντιζώνη
1469 3621 1583 3689 ipsa

828 3718 1035 3761 tenetur
1082 3718 1131 3764 et
1185 3712 1437 3780 cingitur,
1488 3730 1579 3767 vo-

828 3802 1036 3855 cabitur
1091 3812 1228 3857 terra
1276 3805 1445 3869 bona;
1490 3823 1581 3860 nec

829 3907 931 3944 non
984 3902 1032 3945 et
1088 3893 1255 3947 altera
1326 3895 1578 3964 sphwra,

825 3998 944 4051 qua:
980 3982 1115 4037 hanc
1165 3985 1336 4053 ipsam
1384 3994 1579 4040 terram

827 4074 1186 4128 circumambit
1237 4076 1491 4146 vertigine
1528 4087 1579 4133 et

826 4164 1021 4218 dicitur
1065 4167 1281 4235 caelum,
1330 4169 1387 4223 in
1447 4187 1574 4224 san—

825 4268 1027 4311 ctorum
1065 4260 1424 4316 habitaculum
1452 4279 1577 4318 con-

84 4342 176 4397 «Ει
251 4362 336 4403 nos
428 4350 751 4406 immntahi-
823 4357 1133 4411 servabitur.

82 4433 281 4501 κιαι-⁸,»
321 4440 640 4511 refulgebit;
686 4453 779 4497 aut
828 4452 976 4499 certe
1026 4447 1167 4516 quod
1212 4462 1400 4503 eorum
1456 4465 1575 4519 quae

1684 3348 1839 3403 initio
1870 3351 2273 3419 proposuimus,
2305 3353 2588 3408 confutare
2617 3356 2781 3410 etiam
2814 3372 2909 3413 eos
2939 3360 3031 3428 qui
3069 3371 3266 3430 putant

1684 3440 1848 3493 alium
1908 3441 2075 3495 Deum
2145 3457 2265 3497 esse
2335 3444 2553 3501 Patrem
2608 3447 2827 3502 Domini
2894 3452 3062 3505 nostri
3138 3451 3267 3508 Jesn

1682 3533 1921 3600 Christi,
1980 3544 2176 3603 prazter
2242 3537 2391 3591 illum
2445 3540 2535 3607 qui
2596 3539 2762 3611 Moysi
2816 3557 3075 3611 responsa
3138 3546 3275 3616 legis

1687 3626 1880 3693 dabat,
1924 3626 2007 3680 vel
2061 3628 2355 3698 prophetas
2404 3631 2685 3697 mittebat,
2728 3633 2818 3701 qui
2869 3644 2952 3689 est
2996 3636 3136 3691 Deus
3176 3654 3276 3707 pa-

1689 3726 1826 3769 trum
1854 3716 2152 3783 Abraham,
2199 3718 2344 3773 lsaac
2372 3730 2426 3774 et
2468 3719 2660 3777 Jacob.
2692 3723 2921 3793 Oportet
2966 3729 3111 3781 enim
3165 3730 3277 3798 pri-

1685 3823 1833 3861 mum
1885 3809 1937 3862 in
1982 3811 2081 3865 hac
2130 3825 2230 3864 nos
2276 3811 2397 3865 lidei
2456 3815 2667 3869 ratione
2721 3816 2950 3873 ﬁrmari.
3003 3821 3267 3875 Conside-

1687 3899 1911 3953 randum
1941 3915 2072 3971 ergo
2112 3911 2194 3955 est
2240 3902 2368 3955 illud
2417 3907 2559 3973 quod
2611 3907 2929 3978 frequenter
2975 3911 3029 3965 in
3084 3913 3273 3966 Evan-

1685 3992 1838 4060 geliis
1870 3980 2089 4061 dicitur,
2120 4005 2173 4051 et
2207 3996 2437 4067 singulis
2467 4001 2772 4071 quibusque
2813 4004 3032 4059 Domini
3064 4016 3118 4059 et
3151 4006 3271 4060 Sal-

1685 4088 1891 4141 vatoris
1943 4090 2113 4143 nostri
2167 4093 2343 4159 gestis
2405 4092 2717 4163 adjungitur
2758 4110 2773 4148 :
2812 4114 2829 4147 t
2866 4096 2932 4150 Ut
2988 4098 3274 4168 impleatur

1684 4181 1825 4250 quod
1857 4181 2059 4235 dictum
2096 4192 2179 4237 est
2212 4200 2309 4254 per
2349 4187 2667 4255 prephetam
2696 4206 2712 4239 ι
2765 4188 2915 4242 illum
2952 4190 3034 4243 vel
3078 4191 3255 4257 illum,

1683 4288 1805 4327 cum
1854 4275 2201 4330 manifestum
2235 4278 2304 4331 sit
2332 4278 2457 4346 quia
2495 4280 2776 4349 prophetae
2825 4281 2969 4336 illius
3001 4292 3130 4338 sunt
3170 4284 3262 4339 Dei

1681 4365 1773 4434 qui
1803 4366 2059 4419 mundum
2093 4366 2239 4421 fecit.
2274 4369 2350 4423 Ex
2383 4371 2495 4438 ipsa
2528 4385 2659 4441 ergo
2691 4376 3083 4441 consequentia
3127 4389 3267 4429 con-

1682 4457 1939 4520 cluditur,
1964 4457 2222 4525 quoniam
2261 4461 2352 4529 qui
2405 4463 2699 4531 prophetas
2733 4463 2903 4529 misit,
2930 4464 2998 4518 de
3041 4464 3270 4519 Christe

82 4520 266 4622 ridentur
296 4529 466 4586 habitu
510 4543 895 4602 praetereunte,
932 4539 1075 4589 omni
1109 4542 1576 4608 corruptibilitate
1607 4553 1651 4608 ι)
1681 4565 1800 4620 qua:
1847 4520 2184 4619 praedicenda
2225 4520 2418 4619 erant,-
2448 4554 2562 4622 ipse
2610 4555 2881 4620 praedixit.
2930 4555 2998 4608 Et
3042 4556 3265 4609 dubium

85 4609 247 4671 decussa
280 4631 426 4690 atque
457 4634 722 4693 purgata,
751 4628 1012 4697 omnique
1056 4630 1160 4684 hoc
1206 4634 1393 4686 mundi
1426 4643 1571 4689 statu

82 4698 217 4775 lngua
258 4713 579 4779 planetarum
620 4719 879 4774 dicuntur
924 4723 1173 4791 sphaarte,
1225 4741 1575 4796 supergresso

83 4803 196 4867 atque
244 4817 496 4877 superato,
533 4826 700 4881 supra
751 4812 898 4866 illam
957 4829 1076 4883 quae
1126 4816 1371 4889 ἀπλανὴς
1437 4819 1574 4874 dici—

85 4894 143 4940 tur
176 4891 295 4963 (45),
330 4901 591 4967 splneram
634 4901 847 4970 piorum
882 4912 1046 4972 atque
1078 4904 1361 4958 beatorum
1415 4908 1575 4962 statio

130 5006 163 5038 “
192 5010 204 5063 Ι
232 5011 337 5069 Cor.
369 5035 440 5087 tv,
474 5021 564 5077 18.
639 5021 683 5053 ⁸⁷
721 5022 892 5077 lCor.
932 5040 1019 5089 xv,
1054 5024 1142 5081 5:2.
1224 5025 1268 5056 ⁸⁸
1300 5025 1492 5085 Matth.
1525 5044 1578 5092 ν,

130 5126 219 5210 (58)-
248 5131 440 5210 Triplex
478 5156 601 5208 ergo
639 5141 888 5210 suspicio,
925 5152 1029 5197 etc.
1072 5142 1199 5198 Haec
1262 5154 1482 5200 exstant
1526 5150 1577 5203 in

84 5200 245 5280 Epistola
280 5200 579 5280 Hieronymi
613 5212 679 5263 ad
716 5200 956 5266 Avitum.
996 5214 1068 5268 De
1109 5215 1192 5268 his
1239 5227 1421 5269 autem
1459 5200 1578 5273 vide

85 5260 225 5385 fﬁcium
257 5289 287 5327 η
328 5260 798 5348 Οΐίθέηίαηθναηδν
847 5293 1040 5351 ίμκιεδίο
1088 5283 1153 5348 9,
1203 5287 1269 5339 de
1325 5302 1579 5343 resurre—

163 5355 227 5385 ΠΡ-

163 5355 228 5395 ne.

246 5410 363 5491 fide
388 5415 487 5491 [ηιι
521 5418 762 5490 0rigen.,
798 5438 850 5491 q.
880 5424 967 5487 il,
999 5441 1055 5479 n.
1086 5426 1171 5481 16.

133 5477 217 5561 (ιθ)
249 5480 341 5561 Per
377 5477 642 5561 Christiani
687 5477 791 5546 Deo
816 5477 1181 5561 'Patr‘i,icitvm
1224 5497 1322 5549 erit
1372 5499 1572 5552 omnia.

88 5536 171 5667 ἓξ
202 5536 303 5619 ἒἰιιειε
330 5555 379 5611 in
424 5560 585 5615 editis
625 5563 823 5617 omissa
864 5537 1023 5631 sunt:
1060 5536 1366 5622 “resuta...”
1410 5570 1570 5623 ςοαα,

245 5691 379 5769 ζιελ,
412 5716 431 5750 ι
457 5700 610 5754 ﬁunt.
632 5721 652 5755 ι
687 5703 852 5769 Etlili,
887 5723 906 5757 t
938 5705 1160 5762 fuerint.
1186 5728 1204 5759 ›

352 5758 502 5837 mss.;
532 5773 658 5826 editi
693 5793 711 5823 ε
745 5758 959 5843 meritis,
987 5758 1200 5832 {male

351 5829 537 5919 omnes
560 5844 719 5919 codd.
747 5861 876 5919 mss.
905 5829 1071 5919 recte,
1097 5829 1326 5919 tttvpatct
1354 5864 1418 5903 ex
1452 5865 1569 5908 ver,-

91 5906 191 5952 διοω
214 5902 413 5982 llierony
428 5914 519 5967 mi.
555 5912 710 5969 Libb.
740 5915 868 5971 editi
896 5933 910 5970 :
952 5936 969 5970 ι
1003 5902 1571 5988 Ιιιῇυεηιιίυιὶαίήειὰὼ

1618 5032 1677 5100 :5,
1702 5031 1756 5087 t.

1682 4657 1791 4695 non
1835 4654 1953 4704 est,
2002 4644 2143 4710 quod
2195 4643 2308 4697 litec
2342 4659 2445 4698 non
2500 4646 2707 4700 alienus
2738 4647 3025 4715 quisquam
3070 4648 3139 4701 ab
3175 4663 3262 4710 eo,

1682 4732 1776 4785 sed
1832 4730 1994 4785 Pater
2043 4733 2212 4802 ipsius
2272 4734 2625 4803 przedicehat.
2678 4735 2787 4791 Sed
2830 4747 2885 4791 et
2933 4737 3061 4792 illud
3123 4742 3267 4807 quod

1686 4818 1994 4888 frequenter
2040 4824 2287 4893 exempla
2335 4825 2401 4879 de
2447 4824 2628 4879 Veteri
2668 4826 3021 4884 Testamento
3068 4846 3097 4883 a
3142 4832 3267 4886 Sal-

1683 4920 1874 4965 vatore
1904 4912 2277 4981 proferuntur,
2303 4915 2385 4970 vel
2418 4918 2483 4970 ab
2522 4917 2781 4986 apostolis
2808 4920 2947 4987 ejus,
2980 4937 3087 4977 non
3121 4924 3264 4978 aliud

1834 5033 1877 5065 ⁶⁹
1904 5032 2105 5089 Psalm.
2133 5051 2318 5099 xxxvr,
2348 5036 2435 5089 Si.

1687 5151 1780 5219 qui
1835 5151 2129 5223 ἀκηράτων
2180 5153 2388 5228 sphaera
2434 5152 2653 5228 dicitur,
2696 5170 3047 5226 supergresso
3104 5168 3266 5228 atque

1689 5233 1973 5294 superato,
2009 5236 2173 5290 super
2198 5223 2344 5294 illam
2375 5240 2494 5292 qum
2520 5225 2740 5294 aplanes
2774 5223 2993 5280 dicitur.
3030 5245 3048 5277 ι

1757 5290 1870 5362 (44)
1913 5291 2051 5362 Vide
2080 5294 2116 5348 Ι.
2147 5308 2182 5345 ιι
2217 5290 2638 5362 Οι·ἱᾳεήἱαη.,“‹ι.
2669 5298 2754 5361 li,
2786 5313 2931 5350 num.
2962 5298 3049 5351 Η.

1758 5362 1868 5433 (45)
1910 5361 2075 5436 Μέθη
2120 5364 2495 5436 «percipiant.
2535 5384 2552 5416 ι
2600 5361 2755 5419 Lihh.
2804 5368 2972 5429 editi,
3023 5384 3043 5418 ε
3086 5369 3263 5436 possi-

1684 5430 1869 5485 deant.
1899 5452 1923 5509 i_
1961 5434 2100 5486 Infra
2141 5430 2267 5488 libb.
2298 5430 2505 5509 editi”
2536 5451 2643 5509 quo
2670 5437 2878 5509 scilicet
2908 5438 2981 5490 illi
3014 5430 3105 5506 qui
3144 5450 3262 5509 post

1688 5504 2115 5570 cort'cptionetn,
2146 5523 2163 5554 ι
2199 5514 2330 5567 etc.,
2385 5506 2477 5559 sed
2528 5507 2793 5561 delenitus
2837 5517 2956 5560 erat
3003 5504 3263 5563 articulus

1690 5589 1707 5620 ι
1746 5574 1835 5640 qui
1872 5593 1889 5623 ι
1946 5574 2035 5629 hic
2092 5574 2406 5628 redundans
2451 5584 2505 5630 et
2558 5578 2826 5631 orationis
2880 5580 3077 5633 seriem
3142 5588 3261 5633 tur-

1683 5641 1869 5783 bdifti)
1912 5711 2003 5767 Sic
2051 5728 2181 5770 mss.
2223 5713 2378 5769 Libb.
2423 5714 2592 5780 editi,
2649 5733 2667 5768 ι
2705 5727 2761 5773 ιιι
2810 5717 3099 5773 haeredites
3146 5727 3259 5773 ter-

1686 5796 1878 5977 rﬁlii),
1910 5854 2001 5909 Sic
2060 5870 2190 5910 mss.
2253 5854 2412 5912 Lihb.
2457 5857 2630 5925 editi,
2682 5876 2700 5909 ι
2734 5858 2785 5914 id
2838 5875 3054 5932 ςιιοίιυθ
3110 5858 3258 5917 (“9'

1686 5938 1766 5976 nn
1798 5964 1816 5977 .
1846 5942 1869 5977 ι

1686 5938 1816 5979 l'ttil.
1846 5942 1869 5979 ι
