3988 6418
585 370 689 426 199

1820 371 2140 429 ORIGENIS
2172 373 2333 428 ΠΕΡΙ
2373 374 2603 429 ΑΡΧΩΝ

3740 371 3845 429 200

584 486 781 542 indicat
823 490 924 545 nisi
973 491 1116 560 quod
1150 491 1455 546 auctoritas
1487 492 1768 548 veteribus
1802 510 1830 548 a
1866 495 2148 549 Salvatore
2181 500 2228 555 Α
2331 494 2385 549 2.
2419 495 2666 565 Longum
2695 490 2931 565 erit(52)
2959 494 3003 548 si
3035 507 3100 548 ex
3128 451 3388 548 omnibus
3417 491 3840 562 Etangeliorum

583 579 733 634 etab
764 581 880 649 ejus
909 583 1190 651 discipulis
1234 583 1545 638 adhibetur.
1591 584 1698 640 Sed
1739 595 1794 640 et
1837 587 1968 642 illud
2015 590 2158 658 quod

536 705 544 708 -ι
585 674 653 727 ad
692 673 1076 742 benignitatem
1105 690 1407 744 provocans
1453 676 1751 746 discipulos
1796 677 2048 733 Salvator
2080 679 2160 734 di-

586 763 712 820 cit:
751 787 769 818 (
802 767 986 822 Estote
1031 768 1256 838 perfecti
1309 769 1450 825 sicut
1495 779 1552 824 et
1603 769 1765 825 Pater
1815 780 1999 826 vester
2049 785 2162 825 caa-

588 858 739 914 lestis
780 859 1057 928 perfectus
1105 870 1224 927 est,
1266 861 1358 931 qui
1403 862 1573 916 solem
1629 877 1784 916 suum
1830 863 1963 917 oriri
2007 861 2162 932 jubet

587 963 748 1016 super
781 949 955 1004 bonos
989 958 1041 1003 et
1072 950 1266 1016 malos,
1307 962 1362 1008 et
1399 951 1534 1021 pluit
1589 967 1750 1021 super
1791 953 1966 1020 justos
1995 961 2048 1007 et
2083 952 2164 1006 iu-

582 1037 760 1106 jnstos
781 1039 857 1106 '°;
885 1059 903 1091 ι
954 1041 1124 1094 cuivis
1163 1042 1324 1095 etiam
1369 1041 1576 1109 exigute
1628 1042 1997 1108 intelligentia:
2044 1042 2165 1097 viro

587 1130 1052 1184 evidentissimum
1085 1132 1323 1201 suggerit
1350 1131 1461 1202 (48)
1496 1132 1855 1197 intellectum,
1882 1132 2024 1202 quod
2059 1147 2163 1185 non

585 1221 748 1274 alium
779 1222 845 1275 ad
878 1223 1197 1278 imitandum
1233 1226 1485 1294 proponit
1516 1225 1797 1294 discipulis
1825 1226 1937 1280 suis
1972 1224 2165 1292 Deum,

583 1314 688 1368 nisi
736 1313 997 1369 faetorem
1031 1315 1186 1380 coeli,
1226 1325 1279 1368 et
1323 1315 1575 1370 imbrium
1610 1317 1977 1384 przebitorem.
2013 1315 2166 1382 Quod

585 1416 770 1461 autem
801 1409 928 1462 dicit
975 1409 1101 1477 quia
1149 1419 1371 1464 orantes
1400 1419 1650 1482 Oporteat
1693 1409 1918 1464 dicere:
1958 1428 1976 1460 ι
2008 1409 2171 1464 Pater

585 1508 772 1552 noster
807 1502 898 1568 qui
928 1516 986 1555 es
1022 1501 1074 1554 in
1111 1502 1364 1570 ccelis’“;
1393 1523 1411 1556 ι
1467 1503 1598 1572 quid
1633 1502 1782 1556 aliud
1820 1503 2035 1564 videtur
2082 1517 2172 1556 os-

587 1592 810 1644 tendere
861 1592 961 1645 nisi
1000 1591 1165 1646 Deum
1219 1593 1274 1646 in
1323 1594 1640 1649 melioribus
1703 1594 1920 1660 mundi,
1973 1593 2026 1647 id
2081 1601 2168 1648 est

585 1689 850 1734 creatura:
879 1696 989 1736 suae
1021 1682 1264 1751 partibus
1314 1685 1746 1753 requirendum?
1783 1684 1890 1739 Sed
1935 1694 1992 1738 et
2027 1685 2169 1754 quod

587 1772 652 1825 de
689 1771 1013 1839 juramentis
1046 1775 1246 1844 optima
1295 1779 1538 1843 quaedam
1592 1777 1855 1834 instituta
1899 1783 2165 1839 definiens

587 1862 663 1914 ait
720 1879 738 1913 ι
790 1877 898 1917 non
951 1876 1205 1934 oportere
1242 1867 1354 1938 (49)
1403 1869 1626 1938 jurare,
1683 1887 1858 1942 neque
1900 1891 1995 1946 per
2058 1893 2169 1934 coa-

587 1952 729 2020 lum,
777 1956 903 2026 quia
941 1957 1097 2011 sedes
1139 1968 1219 2012 est
1257 1958 1380 2024 Dei;
1429 1973 1606 2030 neque
1642 1976 1737 2031 per
1779 1974 2001 2032 terram,
2039 1969 2165 2037 quia

587 2047 880 2101 scabellum
926 2057 1008 2102 est
1053 2049 1248 2118 pedmn
1283 2049 1398 2116 ejus
1418 2051 1494 2116 7';
1528 2070 1546 2103 ι
1588 2069 1766 2110 nonne
1815 2059 2170 2126 apertissime

586 2140 804 2195 videtur
846 2143 1176 2212 propheticis
1221 2148 1447 2202 vocibus
1497 2163 1803 2204 consonare
1845 2152 2045 2221 quibus
2087 2154 2168 2207 di-

588 2231 766 2287 citur:
805 2250 821 2284 ι
852 2233 1054 2288 Ccelum
1090 2236 1222 2290 mihi
1258 2238 1439 2303 sedes,
1467 2247 1610 2293 terra
1647 2250 1830 2295 autem
1862 2243 2162 2298 scabellum

587 2323 782 2392 pedum
831 2341 1073 2380 meorum
1099 2328 1220 2381 7‘?)
1263 2330 1367 2384 Sed
1413 2340 1467 2385 et
1501 2345 1530 2384 e
1566 2333 1766 2399 templo
1811 2333 2036 2401 ejiciens
2075 2351 2170 2392 eos

586 2419 678 2485 qui
729 2418 1032 2473 vendebant
1059 2433 1208 2484 oves,
1237 2429 1290 2474 et
1319 2421 1509 2491 boves,
1538 2432 1594 2477 et
1633 2423 1946 2493 columbas,
1994 2426 2171 2481 etfau-

589 2509 726 2562 dens
767 2525 982 2579 quoque
1025 2524 1244 2566 mensas
1283 2515 1800 2583 nummulariorum,
1835 2526 1890 2570 et
1931 2517 2120 2574 dicens
2152 2534 2168 2573 :

593 2618 613 2650 ι
648 2601 844 2656 Tollite
892 2603 994 2656 ista
1043 2603 1190 2670 hinc,
1222 2614 1278 2658 et
1313 2605 1480 2660 nolite
1517 2607 1698 2662 facere
1734 2611 1952 2663 domum
1991 2611 2171 2666 Patris

592 2695 696 2749 mei
747 2694 965 2748 domum
1012 2695 1400 2763 negotiationis
1426 2698 1502 2764 ⁷⁸;
1535 2717 1552 2750 ι
1587 2699 1696 2770 85
1749 2699 1965 2755 Patrem
2013 2718 2169 2758 suum

582 2808 700 2846 sme
731 2799 894 2846 duhto
939 2794 1152 2846 dicebat
1183 2806 1306 2844 eum
1337 2790 1492 2859 cujus
1526 2789 1732 2841 nomini
1761 2788 2013 2843 Salomon
2050 2788 2162 2858 (50)

582 2883 926 2954 magniﬁcum
961 2881 1218 2950 templum
1246 2888 1603 2933 exstruverat.
1639 2878 1742 2932 Sed
1781 2888 1835 2931 et
1860 2878 1988 2931 illud
2017 2878 2162 2946 quod

585 2976 661 3031 ait
692 2994 704 3029 :
738 2995 754 3026 ι
791 2975 911 3029 Non
941 2974 1143 3044 legistis
1168 2972 1310 3040 quod
1357 2971 1558 3024 dictum
1594 2978 1676 3024 est
1707 2985 1737 3021 a
1768 2969 1878 3021 Deo
1920 2969 1985 3022 ad
2017 2968 2163 3038 Moy-

587 3082 704 3121 sem
735 3083 746 3118 :
777 3066 891 3135 Ego
931 3079 1048 3117 sum
1093 3062 1238 3115 Deus
1276 3058 1580 3121 Abraham,
1624 3066 1678 3110 et
1714 3058 1856 3110 Deus
1899 3058 2076 3117 Isaac,
2113 3066 2168 3110 et

589 3157 736 3210 Deus
769 3156 972 3219 Jacob;
1019 3169 1127 3206 non
1167 3162 1250 3205 est
1291 3160 1471 3204 autem
1503 3151 1645 3203 Deus
1674 3157 2030 3213 mortuorum,
2075 3148 2169 3201 sed
2193 3178 2235 3234 ρ

591 3246 892 3305 viventium
937 3246 1020 3308 7';
1090 3262 1107 3291 ι
1151 3239 1589 3295 manifestissime
1649 3252 1748 3293 nos
1823 3237 1980 3291 docet
2035 3252 2171 3306 quo-

594 3339 738 3397 niam
769 3336 878 3407 (51)
911 3336 1080 3388 Deum
1111 3332 1556 3402 patriarcharum,
1600 3346 1697 3399 pro
1729 3344 1795 3383 eo
1819 3329 1962 3398 quod
1993 3328 2166 3382 sancti

595 3436 782 3484 essent
826 3435 877 3480 et
924 3427 1211 3488 viverent,
1259 3423 1427 3476 Deum
1483 3421 1784 3492 appellabat
1838 3420 2168 3484 viventium,

598 3521 749 3575 illum
795 3517 1000 3573 scilicet
1044 3515 1133 3584 qui
1183 3514 1392 3568 dixerat
1419 3513 1473 3566 in
1504 3513 1822 3582 prophetis:
1863 3531 1880 3562 ι
1914 3512 2024 3582 Ego
2054 3526 2174 3564 sum

602 3607 766 3669 Deus,
795 3614 849 3659 et
877 3619 986 3658 non
1011 3611 1094 3658 est
1127 3603 1270 3655 Deus
1303 3611 1495 3670 praeter
1528 3617 1614 3655 me
1656 3603 1720 3654 ⁷⁸.
1756 3621 1774 3651 )
1805 3599 1992 3654 Sciens
2019 3615 2174 3653 nam-

601 3712 707 3766 que
751 3695 995 3750 Salvator
1038 3695 1207 3748 Deum
1234 3693 1502 3746 Abraham
1547 3707 1665 3746 esse
1691 3708 1815 3745 eum
1856 3691 1946 3760 qui
1980 3691 2033 3744 in
2060 3692 2174 3760 lege

605 3788 841 3857 scriptus
872 3796 972 3851 est,
997 3795 1052 3840 et
1076 3785 1248 3854 ipsum
1285 3799 1402 3838 esse
1429 3783 1516 3852 qui
1551 3783 1678 3837 dicit
1708 3782 1831 3852 quia
1862 3801 1881 3833 ‹
1916 3783 2026 3851 Ego
2054 3796 2175 3834 sum

605 3880 769 3943 Deus,
798 3887 852 3932 et
874 3893 982 3931 non
1009 3885 1093 3930 est
1121 3877 1263 3929 Deus
1291 3883 1485 3944 praeter
1510 3890 1624 3939 me;
1658 3893 1674 3920 ι
1709 3871 1972 3941 siquidem
2000 3870 2177 3940 ipsum

608 3971 758 4027 illum
800 3972 1011 4025 Patrem
1057 3985 1177 4024 esse
1209 3969 1407 4024 fatetur
1448 3969 1538 4038 qui
1577 3969 1788 4038 ignorat
1819 3967 1984 4020 alium
2017 3980 2178 4037 super

591 4074 653 4122 se
685 4077 808 4118 esse
838 4063 1028 4130 Deum,
1059 4067 1202 4121 sicut
1230 4076 1424 4136 putant
1459 4069 1736 4135 ltmretici;
1767 4071 2002 4127 absurde
2049 4089 2171 4128 eum

590 4154 810 4213 Patrem
835 4159 1156 4226 pronuntiat
1182 4159 1270 4228 qui
1296 4159 1708 4215 eminentiorem
1737 4162 1954 4233 ignorat
1978 4165 2171 4221 Deum.

594 4250 655 4305 Si
687 4267 814 4306 vero
847 4269 952 4307 non
990 4252 1209 4321 quidem
1243 4252 1478 4321 ignorat,
1509 4253 1604 4307 sed
1655 4253 1789 4309 fallit
1833 4255 2022 4312 dicens
2067 4274 2171 4314 non

590 4340 755 4395 alium
782 4357 902 4397 esse
929 4343 1094 4396 Demn
1123 4353 1319 4412 praeter
1347 4358 1426 4407 se,
1459 4340 1627 4395 multo
1679 4343 1849 4413 magis
1880 4345 2171 4398 absurdmn

590 4441 674 4492 est
718 4435 763 4490 si
806 4437 1117 4490 mendacem
1165 4436 1382 4490 Patrem
1419 4450 1573 4490 suum
1609 4433 1829 4492 fatetur.
1861 4436 1938 4490 Ex
1974 4436 2172 4507 quibus

2267 594 2401 650 locis
2433 595 2741 651 testimonia
2775 607 3168 664 congregemus
3189 633 3205 660 ,
3257 592 3460 662 quibus
3493 607 3637 648 unus
3678 603 3842 662 atque

2266 695 2406 750 idem
2447 698 2586 750 Deus
2636 695 2771 765 legis
2829 703 2883 749 et
2920 695 3333 766 Evangelidrum
3363 698 3505 750 'esse
3556 696 3840 750 doceatur.

2264 788 2659 858 Contingemus
2694 798 2876 842 tamen
2904 788 3014 859 (55)
3052 791 3289 845 breviter
3323 788 3486 842 etiam
3521 787 3587 843 de
3617 787 3845 842 Actibus

2265 880 2632 950 apostolorum
2664 881 2732 947 7",
2783 880 2872 934 ubi
2928 878 3245 949 Stephanus
3291 890 3346 934 et
3378 880 3606 948 apostoli
3656 894 3845 948 preces

2266 986 2392 1026 suas
2425 972 2666 1040 dirigunt
2695 972 2760 1024 ad
2789 986 2912 1025 eum
2946 971 3114 1025 Demn
3149 973 3242 1042 qui
3271 971 3402 1026 fecit
3429 972 3630 1026 caelum
3661 981 3716 1025 et
3739 981 3846 1025 ter-

2268 1080 2409 1130 ram,
2435 1073 2490 1119 et
2517 1064 2607 1134 qui
2635 1063 2852 1119 locutus
2875 1072 2957 1119 est
2989 1080 3086 1132 per
3113 1079 3172 1119 os
3199 1075 3516 1120 sanctorum
3548 1065 3847 1133 propheta-

2268 1171 2386 1209 rum
2418 1170 2676 1221 suorum;
2706 1155 2876 1225 ipsum
2903 1156 3150 1210 dicentes
3181 1159 3346 1210 Deum
3375 1155 3673 1219 Abraham,
3696 1154 3849 1209 Isaac

2269 1254 2324 1300 et
2349 1245 2517 1302 Jacob
2545 1266 2559 1313 ;
2595 1248 2762 1302 Deum
2794 1248 2886 1317 qui
2918 1247 3106 1302 eduxit
3132 1247 3387 1316 populum
3421 1261 3578 1300 suum
3605 1246 3672 1300 de
3704 1256 3847 1301 terra

2269 1338 2516 1410 Egypti.
2551 1340 2683 1405 Quae
2733 1339 3022 1394 sententiae
3065 1353 3284 1394 sensum
3336 1348 3582 1392 nostrum
3626 1339 3853 1392 eviden-

2273 1430 2476 1486 tissime
2506 1433 2623 1486 sine
2659 1431 2820 1486 dubio
2863 1431 2930 1484 ad
2983 1430 3266 1485 Creatoris
3306 1430 3548 1499 dirigunt
3578 1430 3762 1491 fidem,
3797 1440 3852 1485 et
3891 1497 3895 1500 _

2272 1521 2523 1577 affectum
2558 1522 2676 1593 ejus
2709 1523 2957 1577 inserunt
2989 1523 3074 1577 his
3104 1521 3191 1591 qui
3230 1521 3345 1576 haec
3386 1523 3473 1590 pie
3513 1520 3580 1576 de
3619 1536 3686 1575 eo
3721 1521 3853 1577 ﬁde-

2273 1615 2509 1686 literque
2537 1616 2845 1670 didicerunt
2870 1633 2885 1680 ;
2916 1614 3060 1670 sicut
3086 1623 3142 1668 et
3185 1613 3300 1684 ipse
3332 1613 3585 1668 Salvator
3615 1628 3740 1668 cum
3769 1613 3854 1667 iu-

2276 1716 2584 1775 terrogatus
2628 1715 2774 1761 esset
2821 1707 2966 1774 quod
3013 1707 3328 1760 mandatum
3376 1714 3521 1760 esset
3547 1705 3851 1758 maximum

2274 1800 2514 1856 omnium
2556 1801 2608 1854 in
2650 1799 2801 1869 lege,
2834 1798 3150 1868 respondit,
3184 1798 3415 1852 dicens:
3449 1814 3468 1848 ι
3508 1796 3714 1866 Diliges
3743 1795 3846 1850 Do-

2276 1902 2482 1956 mitium
2533 1900 2700 1954 Deum
2755 1911 2905 1954 tuum
2937 1914 3001 1954 ex
3041 1907 3155 1952 toto
3198 1898 3364 1953 corde
3394 1907 3506 1963 tuo,
3536 1905 3591 1951 et
3639 1911 3711 1950 ex
3740 1903 3856 1950 tota

2273 2006 2455 2058 anima
2490 2012 2602 2065 tua,
2632 2010 2686 2056 et
2711 2016 2777 2055 ex
2813 2012 2923 2055 tota
2957 2008 3140 2053 mente
3166 2008 3278 2054 tua.
3311 1999 3625 2054 Secundum
3669 1988 3854 2053 autem

2273 2093 2450 2148 simile
2493 2101 2575 2148 est
2616 2092 2778 2147 huic:
2819 2091 3016 2159 Diliges
3046 2090 3351 2159 proximum
3385 2099 3533 2143 tuum
3563 2089 3712 2144 sicut
3757 2091 3860 2143 tci-

2274 2198 2449 2250 psum.
2483 2202 2502 2234 »
2538 2182 2606 2236 Et
2638 2182 2720 2236 his
2751 2181 2999 2257 addidit,
3026 2197 3044 2231 ι
3077 2179 3204 2249 quia
3235 2179 3287 2232 in
3319 2178 3434 2233 istis
3465 2179 3681 2234 duobus
3703 2194 3862 2233 man-

2273 2275 2414 2328 datis
2461 2282 2570 2329 tota
2618 2275 2702 2328 lex
2765 2275 2966 2343 pendet
3043 2279 3098 2326 et
3177 2271 3451 2341 propheta:
3478 2270 3548 2326 ".
3609 2287 3629 2321 ι
3693 2270 3849 2337 Quo-

2276 2366 2442 2419 modo
2475 2380 2607 2435 ergo
2662 2365 2711 2418 ei
2759 2380 2921 2432 quem
2958 2364 3243 2418 erudiebat
3289 2373 3450 2430 atque
3479 2363 3533 2416 in
3563 2362 3864 2430 discipula-

2275 2465 2382 2510 tuut
2418 2454 2531 2525 (54)
2581 2455 2934 2525 producebat,
2988 2455 3090 2508 hoc
3142 2454 3456 2506 mandatum
3501 2462 3629 2506 ante
3671 2455 3861 2507 omnia

2275 2545 2529 2600 tuandata
2550 2543 2918 2609 commendat,
2954 2557 3050 2612 per
3075 2543 3218 2611 quod
3247 2541 3365 2595 sine
3393 2540 3556 2594 dubio
3591 2541 3644 2593 in
3683 2539 3861 2592 Deum

2274 2637 2407 2708 legis
2440 2635 2556 2703 ejus
2593 2635 2987 2690 conciliaretur
3016 2632 3264 2700 allectus,
3317 2647 3382 2687 eo
3424 2632 3568 2700 quod
3604 2631 3739 2700 ipsis
3773 2632 3866 2685 his

2273 2730 2454 2784 verbis
2479 2728 2591 2800 (55)
2620 2728 2732 2782 lucc
2765 2727 2979 2782 fuerant
3010 2742 3038 2780 a
3071 2727 3190 2796 lege
3224 2726 3515 2796 prmdicata
3542 2725 3566 2777 ἳ
3592 2725 3700 2779 Sed
3727 2740 3866 2778 con-

2273 2822 2502 2877 cedatur
2534 2831 2724 2876 contra
2777 2821 2875 2874 has
2921 2833 3114 2872 onmes
3166 2817 3611 2872 evidentissimas
3653 2831 3864 2886 appro-

2273 2915 2543 2979 bationes,
2589 2913 2716 2982 quia
2747 2913 2814 2968 de
2845 2912 2953 2965 alio
2987 2911 3172 2964 nescio
3207 2926 3314 2980 quo
3345 2909 3455 2963 Deo
3485 2910 3637 2963 dicat
3667 2917 3867 2964 Salva-

2274 3017 2397 3063 tor:
2435 3025 2452 3057 ι
2490 3005 2695 3074 Diliges
2721 3004 3009 3059 Dontinum
3047 3003 3211 3056 Deum
3251 3011 3401 3055 tmun
3446 3016 3513 3054 ex
3550 3011 3665 3054 toto
3691 3003 3867 3056 corde

2272 3124 2385 3176 tuo,
2421 3127 2440 3161 ι
2473 3118 2528 3161 et
2552 3107 2761 3176 reliqua
2791 3120 2913 3174 quae
2942 3105 3083 3158 dicta
3113 3112 3259 3157 sunt.
3299 3103 3362 3157 Et
3390 3103 3672 3172 quomodo
3699 3103 3743 3158 si
3775 3103 3865 3158 lex

2271 3217 2327 3260 et
2372 3201 2648 3272 propheta:
2700 3197 2976 3252 Creatoris
3021 3205 3190 3262 sunt,
3250 3196 3392 3250 sicut
3437 3196 3665 3261 dicunt,
3699 3196 3748 3250 id
3778 3205 3870 3250 est

2274 3297 2499 3351 alterius
2528 3294 2621 3348 Dei
2653 3300 2850 3360 prazter
2877 3305 3000 3344 eum
3033 3305 3192 3358 quem
3243 3289 3321 3342 ait
3367 3288 3568 3342 bonum
3597 3328 3611 3347 ,
3666 3303 3870 3342 conse-

2274 3397 2503 3458 quenter
2543 3385 2747 3440 dictum
2777 3385 3051 3438 videbitur
3077 3381 3188 3452 (56)
3222 3381 3273 3434 id
3307 3381 3451 3450 quod
3497 3373 3709 3434 addidit
3735 3420 3750 3445 ,
3780 3380 3869 3433 le-

2275 3494 2394 3550 gem
2429 3488 2484 3532 et
2508 3476 2802 3546 prophetas
2829 3477 2882 3528 in
2911 3475 2994 3527 his
3028 3473 3238 3527 duobus
3270 3473 3512 3540 pendere
3542 3473 3820 3526 mandatis
3846 3472 3870 3525 ?

2279 3572 2561 3638 Quomodo
2595 3569 2741 3624 enim
2776 3567 2918 3636 quod
2951 3565 3191 3620 alienum
3225 3574 3277 3617 et
3307 3565 3658 3634 peregrinum
3692 3580 3720 3615 a
3751 3564 3871 3618 Deo

2274 3686 2378 3740 est,
2413 3673 2670 3743 pendebit
2704 3672 2757 3726 in
2787 3671 2938 3725 Deo?
2965 3669 3166 3724 Paulus
3198 3677 3380 3720 autem
3407 3668 3635 3721 dicens:
3667 3686 3688 3719 ι
3724 3667 3873 3722 Gra-

2278 3779 2381 3831 tias
2399 3791 2498 3846 ago
2519 3776 2628 3830 Deo
2647 3789 2766 3830 meo
2791 3772 2876 3827 cui
2905 3771 3088 3826 servio
3115 3769 3168 3822 in
3201 3770 3395 3837 spiritu
3422 3785 3548 3824 meo
3577 3785 3605 3822 a
3638 3770 3871 3838 proavis

2277 3868 2413 3923 meis
2457 3869 2509 3921 in
2562 3867 2895 3922 conscientia
2949 3879 3085 3932 pura
3120 3865 3166 3895 ’⁷⁸
3209 3879 3223 3928 ;
3280 3881 3299 3913 ι
3355 3861 3594 3915 dilucide
3619 3863 3874 3917 ostendit

2275 3962 2403 4030 quia
2455 3976 2563 4015 non
2617 3959 2684 4013 ad
2731 3949 3194 4028 aliquem'novum
3230 3955 3422 4027 Deum,
3471 3955 3567 4009 sed
3601 3957 3667 4009 ad
3700 3955 3874 4010 Chri-

2275 4065 2416 4110 stum
2446 4053 2556 4123 (57)
2608 4053 2838 4108 venerit.
2886 4051 3033 4117 Quos
3069 4049 3216 4103 enim
3249 4048 3386 4101 alios
3437 4063 3676 4115 proavos
3703 4047 3870 4102 Pauli

2275 4147 2551 4217 oportebit
2603 4145 2857 4215 intelligi,
2912 4143 3014 4198 nisi
3069 4156 3162 4196 eos
3203 4141 3268 4194 de
3297 4139 3494 4208 quibus
3533 4139 3650 4208 ipse
3684 4141 3872 4196 dicit:

2281 4259 2299 4292 ι
2336 4238 2547 4294 Hebraei
2584 4247 2730 4300 sunt,
2765 4246 2820 4292 et
2845 4251 2986 4305 ego;
3025 4232 3282 4287 Israelita:
3315 4239 3474 4294 sunt,
3505 4242 3562 4285 et
3593 4246 3696 4302 ego
3731 4232 3805 4286 ⁸⁵.
3847 4251 3870 4285 ι

2277 4334 2382 4387 Sed
2430 4342 2482 4386 et
2511 4331 2761 4400 praefatio
2809 4332 2922 4399 ipsa
2978 4327 3235 4397 Epistula:
3281 4326 3400 4395 ejus
3456 4328 3522 4381 ad
3577 4327 3870 4382 Romanos

2277 4441 2455 4480 nonne
2498 4425 2608 4496 (58)
2663 4424 2777 4478 hsce
2831 4421 3022 4477 eadem
3069 4421 3153 4475 his
3196 4419 3287 4488 qui
3343 4418 3657 4488 intelligere
3702 4418 3870 4473 Pauli

588 4527 840 4583 omnibus
871 4528 924 4584 in
958 4529 1098 4583 hanc
1129 4529 1436 4598 indaginem
1476 4542 1667 4583 sensus
1698 4528 2005 4592 adducitur,
2043 4530 2166 4598 quia

2278 4519 2485 4572 litteras
2535 4523 2757 4576 norunt,
2807 4512 3100 4581 diligenter
3149 4509 3420 4572 ostendet,
3473 4523 3636 4578 quem
3690 4508 3870 4562 Deum

586 4623 753 4676 alium
798 4622 1006 4677 nesciat
1045 4622 1263 4676 Patrem
1299 4621 1403 4675 nisi
1453 4620 1694 4674 omnium
1740 4621 2074 4676 conditorem
2113 4633 2168 4676 et

588 4723 891 4770 creatorem
919 4716 1109 4770 Deum.

658 4855 706 4886 '°
733 4853 924 4910 Matth.
953 4869 1004 4915 v,
1031 4853 1121 4914 48,
1151 4853 1241 4908 45.
1309 4854 1352 4884 τί
1390 4852 1576 4906 Mattu.
1606 4869 1678 4914 vi,
1711 4853 1764 4907 9.
1824 4853 1869 4884 ⁷³
1903 4853 2097 4909 Matth.
2133 4871 2164 4908 v

658 4940 723 4978 ιι.
744 4925 833 4978 '59..
913 4925 957 4955 ⁷⁸
985 4924 1086 4978 lsa.
1117 4939 1237 4978 λιν.
1262 4924 1315 4978 7.
1390 4925 1432 4955 ⁷⁷
1460 4926 1583 4978 Act.
1607 4939 1702 4978 vn.
1780 4923 1827 4954 ⁷⁸
1903 4923 2089 4978 Matth.
2153 4941 2167 4978 ι

2278 4855 2323 4920 ι,
2358 4853 2448 4906 55.
2507 4853 2554 4882 ⁷³
2584 4849 2690 4904 isa.
2727 4863 2876 4909 vat,
2917 4846 2964 4899 1.

2281 4967 2298 4978 .
2348 4919 2532 4977 57-39.
2637 4919 2683 4951 ⁷⁸
2719 4919 2754 4972 ΙΙ
2779 4917 2920 4971 Τίιιι.
2958 4933 2964 4970 1

592 4940 723 4993 ml,
744 4925 833 4980 '59..
913 4925 957 4955 ⁷⁸
985 4924 1086 4978 lsa.
1117 4939 1237 4988 λιν,
1262 4924 1315 4981 7.
1390 4925 1432 4955 ⁷⁷
1460 4926 1583 4978 Act.
1607 4939 1702 4978 vn.

657 5062 767 5136 (48)
814 5061 906 5118 Sic
951 5079 1139 5118 omnes
1190 5063 1349 5119 codd.
1413 5079 1579 5136 mss;
1615 5063 1750 5117 libb.
1796 5063 1963 5136 editi,
2011 5079 2150 5136 rem

585 5133 874 5190 etiam..."
919 5150 1024 5187 non
1058 5137 1320 5204 suggerit.
1351 5154 1368 5186 ι
1423 5134 1755 5204 Ριιιιιοίροεῑ
1801 5133 1932 5186 lihb.
1980 5134 2152 5204 editi:

590 5222 608 5255 ι
645 5205 899 5273 proponit
938 5207 1077 5258 Deus
1116 5203 1397 5275 discipulis
1441 5205 1555 5258 suis
1598 5203 1908 5257 Dominum.
1936 5222 1954 5254 ι
2002 5203 2158 5270 Mss.,

590 5291 610 5329 ε
636 5275 893 5346 proponit
919 5275 1196 5346 discipulis
1225 5277 1337 5330 suis
1367 5277 1554 5346 Deum.
1583 5292 1600 5323 ι

657 5343 768 5417 (49)
810 5345 886 5398 Ita
923 5342 1250 5412 mss—Alias,
1287 5347 1411 5400 «sed
1441 5354 1496 5396 et
1527 5345 1592 5398 dc
1617 5342 2007 5412 juramcntis...
2040 5343 2115 5396 ait
2144 5362 2157 5396 :

584 5427 691 5484 non
710 5425 951 5484 .oportct.
983 5435 1002 5469 ι

655 5481 771 5554 (51))
805 5484 896 5540 Sic
923 5496 1067 5542 recte
1095 5501 1284 5542 omnes
1308 5486 1466 5539 codd.
1498 5497 1628 5538 mss.
1658 5485 1811 5537 Alias
1836 5500 1850 5534 :
1888 5500 1906 5533 ‹
1936 5481 2153 5554 Patrem

582 5554 700 5676 isine
727 5552 894 5612 dubio
923 5557 1208 5612 Dominum
1235 5555 1448 5611 diccbat
1481 5567 1601 5606 cum
1636 5557 1792 5624 cujus
1824 5567 2016 5608 novum
2053 5552 2157 5607 Sa-

602 5640 783 5680 omon.
814 5647 833 5680 ι

813 5665 968 5754 ίιὶῢι).
1017 5699 1184 5764 editi,
1241 5714 1261 5749 ‹
1317 5694 1609 5765 quomodo.
1657 5713 1675 5745 ι
1729 5693 1860 5750 Mss.
1892 5733 1907 5757 ,
1961 5715 1978 5748 ι
2020 5709 2157 5765 quo-

537 5817 542 5820 .
581 5779 749 5819 mam.
785 5786 804 5819 ι

650 5836 762 5907 (52)
793 5836 1029 5908 Longum
1067 5841 1187 5895 crit.
1238 5836 1331 5893 Sic
1365 5850 1496 5890 mss.
1527 5851 1541 5901 ;
1574 5835 1703 5892 editi
1744 5850 1906 5902 vero,
1961 5854 1980 5886 ι
2023 5851 2153 5891 con-

579 5922 766 5974 gruum
799 5911 926 5964 erit.
965 5929 982 5960 ι

2273 4610 2476 4665 Paulus
2519 4604 2818 4678 praedicat?
2847 4605 2938 4658 Ait
2968 4603 3112 4657 enim
3141 4619 3155 4656 :
3196 4618 3215 4650 ι
3253 4599 3454 4653 Paulus
3502 4615 3702 4655 servus
3730 4597 3873 4655 Jesu

2278 4697 2481 4755 Christi
2511 4705 2737 4750 vocatus
2762 4690 3059 4762 apostolus,
3089 4700 3404 4759 segregatus
3428 4691 3482 4742 in
3501 4688 3874 4760 Evangelium

3041 4846 3087 4876 ⁷⁸
3122 4843 3280 4900 Joan.
3315 4859 3375 4907 ιι,
3413 4842 3500 4897 16.
3577 4843 3624 4874 ⁷⁸
3663 4843 3869 4902 Matth.

2637 4919 2683 4951 ⁷⁸
2719 4919 2754 4972 ll
2779 4917 2920 4971 Tim.
2958 4933 3018 4981 ιι,
3051 4915 3105 4968 5.
3181 4915 3225 4945 ⁸ο
3249 4914 3290 4967 li
3339 4915 3462 4968 Cor.
3492 4913 3681 4978 111,22.

2336 5062 2590 5133 (55))ὀκ
2623 5079 2642 5112 ι
2684 5069 2860 5113 tamen
2898 5076 2916 5109 ι
2955 5058 3110 5111 deest
3135 5055 3188 5109 in
3216 5064 3379 5109 antea
3407 5054 3592 5119 editis,
3625 5056 3719 5109 sed
3759 5057 3871 5111 ha-

2271 5132 2432 5190 betur
2456 5132 2519 5185 in
2556 5146 2685 5185 mss.

2339 5203 2452 5275 (54)
2487 5204 2576 5275 Sic
2611 5215 2786 5275 mss._;
2821 5197 2949 5275 editi
2987 5211 3117 5249 vero
3148 5214 3166 5245 ι
3199 5194 3710 5275 in_d_iscipli_nat:_tm.
3746 5209 3768 5240 ι

2349 5265 2459 5345 (55)
2501 5269 3161 5345 γενὸίδςηιξοοειιιιριιιιεςθ
3191 5265 3373 5328 editis,
3399 5266 3490 5345 sed
3528 5265 3770 5345 habetur
3813 5266 3873 5322 in

2273 5336 2403 5402 ms‘s.
2437 5336 2636 5397 Ibidem
2689 5341 2821 5394 libb.
2871 5337 3001 5390 editi
3041 5337 3261 5400 habent,
3323 5355 3342 5386 ‹
3385 5336 3478 5388 sed
3515 5337 3870 5391 concedatur

2270 5418 2413 5470 circa
2451 5416 2548 5467 has
2573 5426 2781 5466 omnes.
2825 5429 2843 5461 δ
2879 5406 3006 5461 Mss.
3039 5416 3100 5460 ut
3133 5407 3184 5459 in
3215 5416 3402 5459 nostro
3436 5414 3612 5474 textu.

2333 5485 2449 5557 (56)
2480 5482 2637 5536 Libb.
2667 5481 2798 5557 editi
2836 5478 3130 5557 mendose,
3172 5493 3192 5527 ι
3231 5491 3390 5545 quem
3433 5475 3599 5557 aiunt
3627 5475 3871 5541 bonum,

2263 5547 2670 5623 consequenter
2696 5550 2893 5604 deinde
2927 5547 3201 5602 videbitur
3227 5564 3243 5614 ;
3275 5565 3295 5599 ι
3332 5555 3480 5602 recte
3504 5555 3691 5600 autem
3718 5560 3870 5602 mss.

2261 5639 2317 5682 ut
2350 5629 2403 5680 in
2439 5634 2626 5678 nostro
2660 5631 2828 5676 textu.

2335 5697 2422 5770 (57
2477 5693 2570 5747 Sic
2597 5707 2729 5746 mss.
2761 5690 2918 5743 Libb.
2957 5685 3121 5769 editi,
3151 5704 3173 5739 ‹
3210 5686 3314 5741 nisi
3347 5684 3652 5740 Christum.
3689 5701 3708 5735 ι

2335 5699 2449 5835 (58)
2508 5762 2718 5818 Nonne.
2774 5760 2936 5815 Dccst
2992 5773 3048 5814 in
3105 5758 3308 5827 editis,
3356 5757 3453 5814 sed
3512 5756 3708 5812 habete

2335 5755 2448 5836 (58)
2508 5762 2718 5818 Nonne.
2774 5760 2936 5815 Dccst
2992 5759 3048 5814 in
3105 5758 3308 5827 editis,
3356 5757 3453 5814 sed
3512 5756 3760 5812 habetur
3812 5755 3876 5812 in

2264 5855 2397 5896 MSS.
