3880 6510
176 364 272 423 εῡι

1459 361 1660 416 LIBER
1695 363 2074 423 SECUNDUS.

3292 366 3402 424 903

182 487 266 540 Dei
301 485 438 555 quod
484 476 615 540 an’te
655 484 978 555 promiserat
1011 500 1109 555 per
1141 484 1434 555 prophetas
1462 500 1590 539 suos
1620 484 1731 554 ($.39)
1764 490 1808 546 Α
1842 487 1884 539 si
1937 502 2003 542 ex
2041 485 2267 542 materia
2305 482 2375 561 sit
2398 524 2412 548 ,
2447 484 2669 539 materia
2702 492 2880 539 autem
2916 486 3033 540 sine
3079 485 3244 542 dubio
3279 504 3401 544 cor-

180 579 227 633 in
256 578 551 646 Scripturis
578 577 780 631 sanctis
808 578 873 631 de
904 577 1042 632 Filio
1072 594 1191 645 suo,
1228 579 1317 647 qui
1355 577 1527 632 factus
1556 586 1638 632 est
1679 579 1729 632 ei

175 684 235 724 ex
268 670 476 723 semine
509 669 678 722 David
708 670 1003 723 secundum
1034 684 1275 730 carnem,
1310 669 1400 733 qui
1445 668 1729 737 praedesti-

176 769 324 814 natus
369 767 453 813 est
501 758 671 813 Filius
704 758 794 814 Dei
836 762 887 812 in
921 761 1119 814 virtute
1144 762 1439 813 secundum
1475 761 1727 827 spiritum

175 849 614 903 sanctiﬁcationis
640 865 704 902 ex
736 850 1138 904 resurrectione
1160 858 1493 902 mortuorum
1525 849 1729 903 Christi

172 939 289 995 Jesu
321 942 537 996 Domini
568 943 736 995 nostri
760 942 826 1005 ",
866 961 883 993 ι
918 952 1025 995 etc.
1058 940 1167 994 Sed
1208 950 1263 994 et
1286 941 1414 994 illud
1441 942 1582 1009 quod
1614 941 1728 993 ait:

179 1054 196 1085 ι
230 1022 676 1087 Nonohturahis
717 1048 779 1086 os
825 1032 947 1086 bovi
997 1032 1272 1085 trituranti
1320 1047 1335 1095 ;
1387 1032 1627 1100 nunquid
1668 1031 1732 1084 de

173 1128 331 1179 bobus
362 1140 496 1178 cura
536 1135 619 1178 est
652 1124 796 1178 Deo?
832 1123 910 1176 An
942 1135 1161 1193 propter
1199 1140 1299 1178 nos
1334 1123 1522 1192 utique
1556 1122 1731 1176 dicit?

170 1219 386 1284 Propter
419 1232 520 1271 nos
550 1217 693 1269 cnim
726 1218 991 1284 scriptum
1023 1226 1105 1271 est
1129 1256 1145 1279 ,
1194 1216 1318 1283 quia
1358 1216 1410 1268 in
1446 1229 1540 1283 spe
1571 1216 1732 1269 debet

171 1309 251 1374 qui
287 1318 407 1361 arat
430 1322 614 1370 arare,
642 1317 695 1361 et
721 1311 813 1376 qui
844 1311 1059 1362 tritura!
1079 1308 1178 1361 sub
1197 1322 1290 1376 spe
1320 1306 1527 1360 fructus
1556 1307 1734 1375 perci-

170 1401 428 1468 piendi".
468 1419 486 1450 ι
520 1398 578 1452 In
609 1415 718 1469 quo
749 1401 1030 1454 evidenter
1077 1400 1322 1453 ostendit
1355 1398 1483 1468 quia
1531 1399 1620 1465 qui
1656 1398 1733 1453 lc-

171 1507 278 1559 gem
301 1493 452 1544 dedit
479 1492 637 1555 Deus,
665 1502 881 1560 propter
910 1507 1029 1553 nos,
1055 1492 1105 1543 id
1136 1501 1221 1544 est
1248 1500 1469 1558 propter
1512 1500 1732 1560 aposto-

170 1582 241 1636 los
270 1582 405 1635 dicit
449 1604 463 1637 :
501 1601 521 1633 ι
571 1582 685 1637 Non
731 1583 1013 1637 obturabis
1055 1596 1117 1635 os
1165 1582 1284 1636 bovi
1335 1582 1607 1636 trituranti
1652 1600 1665 1646 ;
1706 1603 1723 1635 ι

167 1672 245 1725 eui
296 1686 428 1727 cura
490 1683 611 1727 erat
666 1688 771 1726 non
800 1673 994 1735 baum,
1052 1671 1147 1725 sed
1203 1670 1568 1741 apostolorum
1631 1672 1722 1741 qui

168 1766 357 1819 Christi
408 1766 765 1837 Evangeliutn
814 1765 1204 1835 prtedicabant.
1254 1765 1307 1818 In
1356 1764 1477 1819 aliis
1517 1778 1730 1834 quoque

166 1857 581 1925 promissionem
608 1856 742 1927 legis
769 1857 1104 1925 amplectens
1133 1854 1331 1908 Paulus
1369 1856 1486 1922 ipse
1516 1857 1586 1909 ita
1620 1857 1727 1910 ai't:

172 1964 189 1995 ι
225 1945 443 1999 Honora
474 1957 683 2014 patrem
722 1952 872 1998 tuum
903 1954 956 1998 et
990 1952 1219 1997 matrem
1244 1984 1257 2006 ,
1290 1944 1431 2013 quod
1466 1953 1548 1999 est
1581 1960 1735 1999 man-

169 2037 340 2088 datum
372 2016 617 2105 primum
647 2035 698 2088 in
727 2035 1107 2104 promissione,
1135 2045 1196 2088 ut
1243 2036 1381 2089 bene
1420 2036 1493 2090 sit
1525 2038 1645 2100 tibi,
1680 2047 1736 2093 et

169 2127 439 2195 tangamus
493 2140 657 2193 super
701 2134 900 2179 terram
932 2126 1042 2190 sis,
1077 2133 1279 2178 terram
1329 2124 1522 2179 bonam
1572 2142 1732 2195 quam

169 2220 424 2272 Dominus
452 2218 598 2272 Deus
639 2227 763 2271 tuus
791 2216 937 2270 dabit
988 2215 1079 2271 tibi
1121 2217 1188 2269 ⁸³.
1238 2235 1257 2268 ι
1302 2216 1405 2271 Per
1454 2233 1573 2286 qua:
1619 2219 1735 2273 sine

168 2311 318 2365 dubio
359 2309 481 2379 (60)
525 2309 741 2379 placere
771 2309 874 2361 sibi
906 2308 1077 2377 legem
1122 2316 1177 2363 et
1207 2308 1375 2361 Deum
1407 2309 1544 2379 legis
1576 2319 1735 2379 atque

164 2400 272 2468 ejus
298 2400 573 2467 promissa
600 2400 939 2466 pronuntiat.

229 2492 281 2545 5.
320 2491 434 2545 Sed
482 2491 744 2559 quoniam
792 2489 967 2543 solent
996 2488 1268 2544 interdum
1309 2488 1469 2557 liuius
1515 2490 1734 2545 Itmrcsis

167 2594 473 2638 assertores
497 2598 596 2653 per
620 2583 928 2649 deceptiosa
962 2584 1207 2651 quaedam
1242 2584 1577 2651 sophismata
1606 2584 1736 2637 sim-

168 2675 451 2743 pliciorum
488 2687 827 2743 quorumque
871 2672 1033 2726 corda
1078 2673 1331 2743 decipere
1363 2674 1473 2746 (61)
1496 2714 1511 2735 .
1545 2677 1737 2731 absur—

165 2765 280 2819 dum
309 2782 419 2819 non
456 2774 587 2835 puto
608 2765 653 2819 si
685 2766 848 2818 etiam
879 2780 941 2819 ea
972 2780 1093 2835 qua:
1129 2766 1182 2819 in
1214 2766 1601 2821 assertionibus
1624 2769 1737 2823 suis

165 2856 407 2925 proferre
457 2855 636 2911 solent
658 2895 673 2918 ,
706 2865 1066 2923 proponentes
1106 2857 1511 2925 subreptionem
1546 2872 1733 2913 eorum

164 2962 224 3002 ac
253 2948 542 3002 mendacia
590 2946 701 3015 (62)
747 2948 1113 3001 confutemus.
1138 2949 1307 3002 Aiunt
1345 2949 1555 3019 igitur;
1588 2950 1738 3005 Scri-

165 3054 305 3111 ptum
354 3051 448 3095 est
483 3059 497 3094 :
537 3058 559 3092 ι
602 3042 767 3094 Deum
817 3055 973 3094 nemo
1020 3041 1153 3095 vidit
1194 3058 1428 3110 unquam
1453 3043 1499 3074 “
1534 3058 1549 3106 ;
1586 3062 1606 3095 ι
1648 3043 1737 3099 ille

1834 578 2106 646 ruptibilis
2137 586 2217 633 est
2246 617 2260 640 ,
2290 576 2394 631 erit
2421 589 2549 646 ergo
2577 576 2688 645 jam
2732 578 3029 631 secundum
3058 578 3180 635 illos
3211 595 3397 635 corru-

1830 668 2037 736 ptibilis
2071 668 2229 722 Deus.
2262 666 2495 719 Rursum
2526 680 2741 735 quoque
2772 666 3232 736 interrogabimus
3261 685 3357 725 eos
3383 690 3394 723 :

1835 758 2058 813 Materia
2092 758 2229 812 facta
2260 766 2345 813 est
2389 772 2456 811 an
2490 756 2726 827 ingenita
2754 797 2769 821 ,
2817 758 2867 811 id
2913 769 2997 814 est
3046 760 3293 815 infecta?
3336 766 3401 819 Et
3484 788 3493 797 ι

1831 848 2096 916 siquidem
2128 847 2362 900 dixerint
2390 846 2512 915 quia
2542 846 2653 915 (65)
2684 847 2882 901 infecta
2912 858 3012 909 est,
3049 848 3099 902 id
3128 859 3214 904 est
3244 851 3396 921 inge-

1832 938 1983 1002 nita,
2028 937 2367 1006 requiremus
2412 938 2480 991 ab
2529 936 2609 991 cis
2650 938 2692 990 si
2735 938 2977 993 materi:e
3021 955 3146 1009 pars
3180 944 3395 1011 quidem

1833 1027 1934 1081 alia
1985 1029 2162 1089 Deus.
2210 1028 2312 1081 alia
2355 1036 2530 1081 autem
2568 1043 2695 1097 pars
2733 1029 2961 1085 mundus
3007 1041 3107 1085 est.
3162 1032 3217 1087 Si
3270 1050 3398 1089 vero

1832 1118 2209 1187 responderint
2241 1119 2307 1173 de
2351 1120 2578 1172 materia
2612 1120 2735 1187 quia
2774 1118 2911 1172 facta
2943 1122 3052 1183 est',
3082 1122 3199 1177 sine
3232 1126 3397 1178 dubio

1831 1219 2227 1279 consequetur,
2262 1218 2321 1263 ut
2365 1225 2488 1263 eum
2537 1224 2695 1279 quem
2743 1209 2908 1263 Deum
2939 1211 3157 1277 dicunt,
3194 1214 3395 1269 factum

1832 1317 1954 1357 esse
1991 1301 2261 1355 fateantur
2291 1300 2402 1371 (64)
2430 1317 2443 1365 ;
2482 1302 2625 1369 quod
2661 1300 2850 1367 utique
2881 1315 2977 1356 nec
3005 1303 3265 1372 ipsorum,
3299 1321 3399 1361 nee

1836 1403 2019 1449 nostra
2068 1395 2206 1447 ratio
2249 1394 2503 1446 admittit.
2552 1392 2655 1446 Sed
2711 1392 2894 1447 dicent
2936 1394 3267 1452 :luvisibilis
3318 1409 3399 1453 est

1835 1491 1994 1545 Deus.
2034 1492 2096 1545 Et
2126 1493 2251 1561 quid
2286 1491 2504 1563 agetis?

1834 1581 1889 1637 Si
1928 1583 2248 1638 invisibilem
2288 1599 2409 1637 eum
2460 1598 2581 1638 esse

1833 1674 2014 1727 dicitis
2042 1688 2139 1743 per
2170 1684 2420 1728 naturam
2445 1715 2460 1738 ,
2487 1690 2580 1729 ne-
2652 1674 2825 1705 “""u
2854 1674 2904 1703 ν’
2929 1674 3398 1711 ¹η⁰³⁸¹⁰¹¹¹⁸¹⁰⁰¹⁵η

1840 1777 1937 1783 hu
1973 1764 2244 1783 ci'w‘”!
2284 1764 2359 1783 LI
2390 1774 2431 1783 Α.
2473 1779 2575 1783 UH
2652 1721 2826 1783 Deus;
2859 1722 3098 1774 siautem
3123 1723 3398 1775 invisibilis

1836 1777 1954 1861 αξις
1973 1764 2245 1861 salvatori
2277 1764 2436 1819 debet
2464 1779 2581 1821 esse
2650 1764 3401 1861 ,ῖε“ν“;;ηῖ.ι,ῖιι“,;;·’έέϊ;’ῑέρῖέίάξ

1833 1854 2091 1909 visibilis.
2650 1854 2927 1913 Saluatori
2955 1860 3171 1913 visibilis
3208 1854 3326 1913 erit;

1833 1944 2085 2011 Quinimo
2123 1946 2371 2001 et‘videri
2411 1948 2550 2001 Deus
2583 1946 2740 2001 Pater
2769 1947 2968 2003 Christi
3004 1949 3237 2015 dicitur,
3267 1966 3400 2017 quo-

1832 2033 1978 2086 niam
2030 2052 2050 2085 s
2097 2034 2185 2103 qui
2238 2036 2421 2101 videt,
2472 2037 2670 2106 inquit,
2719 2038 2913 2091 Filium
2944 2079 2958 2101 ,
3010 2038 3157 2093 videt
3200 2049 3253 2093 et
3294 2039 3401 2092 Pa-

1837 2132 1972 2179 trem
1989 2126 2057 2180 ⁸⁸.
2084 2144 2101 2178 ι
2120 2126 2271 2193 Quod
2298 2129 2480 2197 utique
2500 2143 2597 2182 vos
2611 2129 2963 2185 vehementer
2988 2140 3237 2200 angustat
3258 2129 3395 2202 (66),

1834 2230 1861 2268 s
1887 2218 2043 2271 nobis
2085 2232 2212 2273 vero
2245 2219 2442 2272 rectius
2492 2232 2596 2271 non
2628 2232 2728 2288 pro
2765 2220 2997 2274 videndo
3021 2261 3037 2287 ,
3074 2220 3165 2276 sed
3192 2236 3290 2289 pro
3319 2224 3399 2274 iu-

1835 2306 2122 2376 telligendo
2168 2310 2415 2363 sentitur.
2467 2308 2571 2374 Qui
2621 2309 2765 2363 enim
2818 2311 3141 2368 intellexerit
3180 2314 3398 2377 Filium,

1836 2402 2099 2473 intelliget
2136 2412 2191 2458 et
2229 2404 2465 2459 Patrem.
2498 2404 2610 2458 Hoc
2655 2414 2783 2475 ergo
2815 2408 2973 2460 modo
3003 2408 3208 2480 Moyses
3238 2410 3399 2463 etiam

1836 2494 2002 2549 Deum
2048 2495 2247 2550 vidisse
2298 2498 2569 2566 putandus
2616 2507 2717 2561 est,
2760 2515 2863 2555 non
2894 2501 3200 2555 carnalibus
3230 2502 3403 2557 oculis

1836 2601 1957 2640 eum
1989 2587 2224 2651 intuens,
2256 2590 2347 2643 sed
2377 2591 2491 2644 visu
2521 2593 2702 2647 cordis
2729 2607 2792 2645 ac
2820 2607 2977 2645 sensu
3007 2594 3205 2647 mentis
3242 2594 3401 2647 intel-

1838 2674 2027 2746 ligens,
2050 2684 2102 2730 et
2130 2675 2232 2731 hoc
2262 2690 2325 2730 ex
2357 2687 2506 2747 parte
2535 2681 2734 2751 aliqua.
2769 2680 3112 2737 Manifestum
3140 2685 3282 2738 enim
3315 2696 3402 2738 est

1836 2769 1985 2837 quia,
2022 2766 2295 2831 «Faciem,
2330 2770 2501 2840 inquit
2531 2812 2545 2835 ,
2592 2789 2764 2827 meam
2797 2789 2900 2828 non
2935 2774 3143 2829 videbis
3176 2775 3403 2846 (scilicet

1837 2860 1928 2930 qui
1992 2859 2156 2931 Moysi
2224 2876 2480 2930 responsa
2542 2864 2880 2931 prmhebat),
2942 2865 3032 2917 sed
3098 2867 3401 2933 posteriora

1837 2968 1955 3008 mea
1984 2952 2053 3005 ⁸⁷.
2092 2970 2110 3003 ι
2143 2951 2272 3019 Quae
2301 2953 2481 3022 utique
2509 2968 2631 3008 cum
2663 2968 2727 3009 eo
2760 2963 2885 3009 sunt
2920 2954 3263 3025 intelligenda
3311 2971 3403 3008 sa-

1837 3052 2152 3106 cramento,
2186 3058 2291 3111 quo
2326 3044 2550 3115 intelligi
2580 3047 2837 3101 convenit
2880 3045 3022 3100 dicta
3062 3046 3241 3100 divina
3268 3087 3282 3111 ,
3311 3048 3405 3102 ab-

2701 1596 2990 1636 HIERONYMI
3022 1596 3349 1636 INTERPBET.

2652 1651 2827 1705 Restat
2854 1663 2905 1703 ut
2929 1653 3315 1711 invisibilisttﬁ)
3333 1655 3399 1705 sit

169 3144 341 3189 autem
394 3134 541 3187 Deus
592 3148 755 3202 quem
798 3133 1007 3202 Moyses
1048 3135 1307 3202 praedicat
1333 3173 1348 3196 ,
1399 3143 1453 3188 ct
1497 3136 1565 3190 ab
1614 3137 1731 3207 ipso
1758 3132 1990 3221 Cjectis
2023 3132 2264 3203 profecto
2303 3134 2406 3189 illis
2442 3145 2498 3190 et
2545 3138 2746 3205 spretis
2793 3138 3028 3193 anilibus
3055 3136 3254 3193 fabulis
3282 3155 3403 3210 quae

169 3228 345 3299 Moyse
377 3228 534 3281 visus
556 3236 662 3290 est,
706 3236 763 3281 et
797 3237 953 3281 antea
988 3243 1017 3282 a
1047 3229 1294 3297 patribus
1323 3228 1438 3297 ejus
1477 3246 1493 3295 ;
1537 3231 1581 3285 is
1608 3246 1738 3286 vero

169 3323 253 3392 qui
284 3338 315 3375 a
347 3322 640 3376 Salvatore
682 3319 1066 3383 annuntiatur,
1097 3334 1127 3373 a
1160 3320 1308 3375 nullo
1344 3322 1559 3390 penitus
1588 3322 1741 3377 visus

168 3426 266 3468 est.
296 3415 710 3482 interrogemus
742 3429 872 3484 ergo
898 3426 993 3467 eos
1019 3419 1074 3466 et
1096 3426 1195 3466 nos
1222 3411 1267 3466 si
1296 3414 1438 3466 hunc
1467 3428 1629 3482 quem
1657 3414 1739 3467 fa-

171 3515 347 3559 tentur
376 3505 552 3558 Deum
585 3516 643 3558 et
681 3504 847 3558 alium
881 3517 1003 3559 esse
1032 3518 1157 3556 eum
1187 3504 1375 3557 dicunt
1403 3518 1560 3571 quam
1594 3519 1741 3558 crea-

171 3608 337 3651 torem
388 3596 879 3660 Deum,visibilcm
919 3612 988 3651 an
1025 3595 1345 3649 invisibilem
1374 3594 1557 3648 dicant
1597 3611 1735 3649 esse.

172 3689 236 3743 Et
266 3689 543 3759 siquidem
570 3688 812 3742 dixerint
847 3688 973 3755 quia
1004 3687 1231 3742 visibilis
1265 3697 1367 3749 est,
1404 3686 1516 3757 86
1544 3696 1741 3753 przrter

172 3782 269 3835 hoc
305 3782 456 3851 quod
493 3789 681 3835 contra
734 3780 1026 3849 Scriptura
1069 3778 1393 3833 sententiam
1437 3779 1618 3831 venire
1648 3794 1739 3830 ar-

172 3880 425 3942 guentur,
456 3886 579 3938 qua:
605 3870 739 3924 dicit
766 3872 831 3925 de
871 3869 1185 3930 Salvatore,
1225 3868 1350 3938 quia
1389 3886 1407 3919 ι
1444 3869 1619 3937 imago
1657 3878 1740 3921 est

172 3963 465 4017 invisibilis
510 3961 606 4014 Dei
661 3961 1047 4030 primogenitus
1085 3960 1261 4013 omnis
1300 3969 1567 4013 creatura:
1589 3960 1674 4023 ⁸⁸;
1714 3979 1733 4011 ι

173 4052 455 4106 incurrent
476 4053 645 4106 etiam
668 4052 721 4104 in
752 4051 880 4105 illud
912 4051 1225 4114 absurdum,
1259 4052 1400 4117 quod
1426 4049 1590 4103 Deum
1614 4066 1739 4104 cor-

174 4157 393 4211 poreum
439 4158 565 4198 esse
606 4143 810 4197 dicant.
862 4141 976 4195 Non
1024 4141 1167 4195 enim
1211 4140 1371 4193 aliter
1416 4140 1584 4193 videri
1612 4140 1739 4208 quid

177 4248 347 4302 potest
376 4238 480 4291 nisi
507 4251 605 4305 per
638 4236 900 4299 habitum,
928 4245 985 4288 et
1024 4234 1471 4303 magnitudinem,
1504 4242 1558 4286 et
1588 4234 1741 4287 colo-

177 4343 310 4388 rem,
334 4342 451 4396 qnte
474 4335 604 4381 sunt
630 4324 884 4395 specialia
904 4339 1212 4393 corporum.
1241 4323 1305 4377 Et
1332 4322 1375 4375 si
1399 4336 1597 4391 corpus
1620 4336 1740 4377 esse

180 4421 556 4486 pronuntietur
591 4418 749 4477 Deus,
783 4418 1037 4485 quoniam
1088 4430 1249 4471 omne
1292 4429 1489 4483 corpus
1530 4430 1595 4467 ex
1627 4429 1741 4467 ma-

1840 3225 1907 3278 de
1933 3226 2301 3281 anterioribus
2342 3226 2435 3282 Dei
2478 3227 2546 3281 ab
2592 3229 2861 3298 imperitis
2908 3230 3408 3301 posterioribusque

1843 3313 2143 3385 tinguntur.
2182 3316 2366 3387 Neque
2398 3333 2529 3375 sane
2558 3322 2677 3391 quis
2694 3336 2791 3375 nos
2818 3322 3039 3390 impium
3057 3321 3256 3391 aliquid
3287 3339 3413 3378 seu.

1839 3407 1975 3462 sisse
2007 3409 2333 3475 arbitretur,
2364 3411 2504 3480 quod
2537 3412 2775 3466 diximus
2816 3413 2941 3482 quia
2982 3429 3082 3468 nec
3133 3411 3403 3469 Salvatori

1840 3504 2066 3558 visibilis
2083 3516 2167 3559 cst
2191 3505 2389 3560 Pater:
2416 3506 2726 3562 consideret
2747 3508 2889 3573 quali
2917 3507 3262 3562 distinctione
3292 3508 3403 3579 (67)

1840 3600 2098 3651 adversus
2130 3598 2417 3653 btereticos
2459 3607 2683 3669 agentes
2712 3598 2935 3653 utimur.
2972 3599 3215 3653 Diximus
3256 3600 3402 3653 enim

1840 3688 1983 3755 quod
2020 3690 2163 3743 aliud
2208 3690 2280 3743 sit
2325 3690 2509 3743 videre
2553 3697 2610 3744 et
2645 3690 2850 3754 videri,
2880 3702 2935 3747 et
2976 3691 3118 3745 aliud
3165 3706 3322 3747 nosse
3352 3701 3408 3745 et

1843 3781 2128 3844 nosci,‘vel
2161 3796 2490 3851 cognoscere
2519 3792 2681 3851 atque
2712 3783 2989 3851 cognosci.
3019 3782 3192 3855 igitur
3219 3784 3406 3838 videre

1840 3881 1895 3926 et
1932 3873 2098 3926 videri
2125 3887 2414 3941 corporum
2445 3888 2535 3928 res
2565 3882 2685 3940 est;
2728 3876 2867 3945 quod
2904 3878 3091 3945 utique
3126 3890 3227 3929 nec
3257 3875 3404 3929 Patri

1830 3976 1940 4016 ,nec
1988 3962 2167 4027 Filio,
2213 3978 2311 4017 nec
2354 3962 2577 4031 Spiritui
2632 3973 2822 4018 sancto
2874 3964 3013 4018 inter
3063 3978 3119 4018 se
3172 3963 3407 4017 invicem

1842 4063 2207 4120 competenter
2238 4054 2531 4122 aptabitur.
2567 4051 2771 4107 Natura
2806 4055 2950 4109 enim
2976 4052 3258 4108 Trinitatis
3291 4070 3409 4107 mo-

1844 4144 1969 4197 dum
1997 4143 2219 4197 visionis
2247 4146 2483 4206 excedit,
2532 4144 2617 4199 his
2644 4161 2763 4215 qua:
2808 4147 2859 4199 in
2891 4162 3120 4215 corpore
3153 4155 3278 4198 sunt
3300 4185 3314 4208 ,
3353 4147 3406 4199 id

1842 4243 1926 4288 est
1957 4233 2209 4287 omnibus
2228 4232 2336 4305 (68)
2366 4235 2588 4305 reliquis
2621 4234 2889 4290 creaturis
2915 4235 3232 4303 qualitatem
3265 4236 3413 4288 inter

1843 4339 1901 4378 se
1930 4323 2161 4378 invicem
2192 4324 2413 4377 visionis
2445 4323 2770 4395 indulgens;
2805 4325 3134 4391 incorporea:
3165 4338 3294 4377 vero
3320 4340 3413 4376 na-

1846 4421 1980 4465 tura:
2008 4420 2063 4465 et
2104 4411 2475 4479 principaliter
2503 4411 2881 4476 intellectuali,
2924 4409 3058 4463 nihil
3096 4410 3240 4462 aliud
3274 4424 3413 4462 con-

180 4513 310 4565 teria
329 4519 433 4576 est,
459 4510 769 4563 invenietur
796 4520 848 4562 et
881 4510 1019 4562 Deus
1048 4523 1168 4561 esse
1197 4524 1262 4561 ex
1300 4506 1521 4559 materia
1547 4522 1561 4569 ;
1592 4506 1736 4574 quod
1770 4485 1815 4539 Ῑ)
1846 4503 1991 4557 venit
2035 4502 2137 4555 nisi
2182 4518 2339 4556 nosse
2370 4503 2452 4557 vel
2504 4503 2651 4556 nosci
2684 4543 2698 4566 ,
2733 4504 2873 4555 sicut
2905 4510 2960 4555 ct
3008 4502 3260 4555 Salvator
3293 4501 3410 4570 ipse

253 4624 297 4655 ⁸¹
328 4625 484 4677 Rom.
515 4640 554 4678 ι.
593 4624 709 4677 1-4.
782 4621 866 4674 ⁸⁸1
898 4622 1019 4676 Cor.
1059 4638 1132 4684 ix,
1157 4621 1318 4684 9,10.

182 4708 290 4757 xrv,
319 4694 371 4747 9.
448 4694 494 4725 ⁸⁷
527 4693 703 4746 Exod.
735 4707 932 4755 χχχιιι,
964 4693 1054 4746 25.

250 4787 357 4853 (59)
405 4786 569 4839 Suos.
631 4786 791 4839 Deest
838 4787 887 4839 in
940 4786 1135 4847 editis,
1187 4801 1289 4839 non
1334 4799 1465 4838 vero
1514 4783 1565 4837 in
1599 4798 1735 4837 mss.

181 4854 343 4908 Paulo
367 4868 487 4923 post
521 4870 673 4913 mss.,
709 4874 728 4905 ‹
771 4856 887 4907 bovi
920 4857 1216 4909 lriturauti.
1258 4874 1277 4907 ι
1317 4854 1453 4908 Editi
1478 4894 1495 4917 ,
1532 4871 1551 4904 ι
1588 4855 1740 4907 bovis

182 4927 505 4979 triturantis.
547 4943 564 4974 ο
616 4924 818 4977 Ibidem
856 4939 984 4979 mss.
1014 4965 1029 4987 ,
1069 4945 1087 4976 ι
1140 4941 1205 4978 an
1249 4935 1468 4991 propter
1505 4939 1602 4976 nos
1632 4924 1738 4975 uti-

182 5009 283 5060 que
326 4994 477 5047 dicit.
544 5014 563 5045 ι
609 4994 792 5059 Editi,
849 5013 867 5043 ι
921 5010 988 5048 an
1038 5005 1257 5065 propter
1308 5010 1405 5047 nos
1440 4994 1611 5047 voluit
1662 4994 1744 5045 di-

181 5077 376 5201 ceiiii);
398 5130 500 5185 Per
530 5148 652 5201 qua!
688 5133 799 5185 sine
828 5134 1001 5187 dubio.
1033 5131 1107 5185 Ita
1133 5147 1266 5188 mss.
1308 5150 1321 5198 ;
1359 5131 1487 5185 editi
1534 5141 1736 5194 autem,

188 5218 209 5251 ι
254 5217 483 5271 persepe
553 5204 671 5256 sine
744 5204 924 5257 dubio.
976 5222 995 5255 ι
1060 5202 1256 5256 Ibidem
1334 5202 1465 5254 libb.
1551 5202 1731 5265 editi,

190 5289 209 5319 α
237 5283 391 5339 atque
437 5272 554 5339 ejus
603 5274 756 5342 jussa
802 5274 1170 5341 pronuntiat.»
1210 5273 1339 5327 Mss.
1372 5280 1429 5324 ut
1466 5272 1516 5325 in
1551 5280 1736 5324 nostro

188 5350 350 5393 ιειιιι.

256 5411 359 5479 (tit)
412 5411 679 5481 Decipere.
731 5412 808 5465 ita
859 5427 989 5466 mss.
1038 5426 1053 5477 ;
1107 5409 1235 5465 editi
1279 5425 1452 5475 vero,
1496 5427 1516 5461 ι
1568 5407 1742 5463 surri-

186 5491 684 5618 ξηῖἓξίμεηιίαεία.
702 5550 791 5604 Sic.
816 5566 969 5614 mss.;
991 5552 1117 5605 editi
1139 5566 1282 5609 vero,
1315 5549 1725 5604 «dementiam»

184 5614 354 5687 ramo
391 5630 509 5687 post
554 5623 685 5675 libb.
735 5622 904 5681 editi,
938 5640 956 5671 ι
996 5622 1038 5673 si
1097 5625 1236 5675 hunc
1289 5635 1446 5686 quem
1496 5622 1731 5672 fatentur

188 5686 369 5751 Deum,
394 5686 558 5742 alium
590 5706 707 5743 esse
744 5691 909 5743 Deum
935 5706 1098 5759 quam
1128 5700 1427 5745 creatorem
1455 5690 1620 5745 Deum
1650 5691 1731 5743 di-

184 5764 329 5820 ωιιι,
362 5760 646 5813 visibilem.
688 5779 707 5811 ι
744 5760 869 5813 Mss.
905 5775 959 5813 ut
993 5765 1042 5812 iu
1077 5773 1260 5815 nostro
1294 5768 1458 5814 textu.

494 5850 768 5909 Ρηιιοι..
816 5848 933 5908 Gn.
982 5851 1091 5910 XI.

1430 4619 1475 4650 ⁸³
1494 4619 1692 4688 Epltes.
1720 4634 1791 4686 Vl,
1817 4620 1871 4689 2,
1894 4622 1946 4676 5.

2048 4616 2094 4648 ”
2120 4616 2279 4670 .loan.
2324 4633 2384 4683 tl,
2419 4618 2502 4671 t8.
2606 4616 2652 4648 ³⁸
2681 4617 2888 4671 Coloss.
2918 4632 2957 4680 ι,
2985 4615 3073 4668 15.
3172 4614 3219 4646 ⁸⁸
3244 4612 3403 4675 Joau.

1920 4783 2042 4857 (65)
2072 4781 2418 4857 Quia.__Deest
2445 4783 2497 4857 in
2520 4792 2689 4857 antea
2718 4782 2881 4857 editis
2901 4824 2915 4845 ,
2947 4782 3314 4857 sed_hahetur
3348 4782 3402 4836 in

1845 4852 1976 4909 mss.
2011 4854 2209 4907 Ibidem
2236 4852 2364 4905 libb.
2401 4854 2573 4923 editi,
2610 4871 2630 4903 ι
2673 4869 2800 4921 pars
2836 4855 3015 4923 aliqua
3057 4854 3197 4906 Deus
3225 4893 3240 4915 ,
3276 4867 3408 4921 pars

1843 4934 2019 4978 autem
2051 4926 2279 4976 mundus
2311 4932 2415 4977 est.
2459 4939 2476 4971 ι
2512 4921 2639 4976 Mss.
2679 4936 2736 4975 ut
2772 4926 2819 4975 in
2850 4921 3033 4977 nostro
3062 4934 3234 4976 textu.

1917 4992 2216 5060 (64)Mss.,
2272 5010 2293 5043 ι
2343 4992 2632 5047 fateantur.
2669 5012 2687 5044 ι
2739 4991 2891 5047 Libb.
2944 4993 3113 5057 editi,
3169 5010 3190 5044 ι
3226 4990 3402 5045 conii-

1841 5072 2074 5116 teantttr.
2114 5080 2133 5112 ι

1909 5131 2019 5200 (65)
2067 5130 2246 5201 Restat
2303 5139 2358 5182 ut
2407 5130 2724 5201 invisibilis,
2781 5140 2885 5185 etc.
2945 5131 3022 5201 Εᾲκ
3082 5131 3409 5201 Hieronymi

1841 5199 2001 5269 epist.
2031 5200 2099 5254 9A
2126 5202 2192 5253 ad
2226 5201 2462 5253 Avitum.
2510 5200 2639 5254 Vide
2680 5204 2930 5256 Huetium
2962 5199 3400 5269 Origenianorum

1844 5270 1934 5323 lib.
1971 5286 2030 5331 tt,
2067 5279 2257 5337 quaest.
2293 5271 2348 5333 2,
2378 5286 2525 5323 num.
2559 5271 2622 5324 t7
2652 5283 2707 5327 et
2736 5272 2821 5329 18.

1912 5340 2023 5411 (66)
2076 5340 2168 5392 Sic
2205 5355 2395 5411 omnes
2438 5341 2596 5411 codd.
2655 5357 2830 5406 mss.;
2868 5338 2998 5394 libb.
3037 5337 3210 5400 editi,
3242 5355 3263 5390 ι
3298 5352 3405 5407 quo

1843 5413 2028 5475 utique
2058 5424 2154 5461 nos
2181 5410 2402 5477 quidam
2431 5410 2777 5465 vehementer
2802 5417 3113 5479 angustant.
3156 5425 3175 5457 ι

1918 5480 2029 5549 (67)
2057 5480 2147 5531 Sic
2169 5496 2298 5530 mss.
2328 5494 2342 5541 ;
2377 5479 2503 5531 editi
2546 5493 2846 5548 perperam,
2882 5497 2901 5529 ι
2945 5492 3117 5546 neque
3148 5491 3279 5549 sane
3305 5489 3408 5530 nos

1846 5548 2068 5616 impium
2113 5549 2313 5612 aliquid
2346 5549 2581 5603 sensisse
2623 5552 3022 5603 arbitremur...
3054 5548 3405 5601 considerent

1839 5618 1984 5688 quali
2013 5619 2382 5672 distinctione.
2424 5636 2442 5667 ι

1904 5688 2013 5759 (68)
2051 5687 2140 5759 Sic
2170 5703 2297 5740 mss.
2327 5702 2353 5759 ;r
2380 5688 2507 5740 libb.
2542 5687 2709 5752 editi,
2747 5705 2765 5737 ι
2808 5688 2890 5741 his
2932 5688 3028 5757 qui
3076 5687 3128 5740 in
3173 5700 3239 5740 co
3274 5701 3403 5754 pure

1840 5757 1988 5818 sunt,
2020 5757 2157 5811 idem
2188 5758 2465 5811 omnibus.
2505 5776 2527 5808 ι

3065 5848 3102 5904 7
