3988 6418
542 308 651 363 305

1771 300 2089 357 ORIGENIS
2129 302 2286 357 ΠΕΡΙ
2321 304 2551 361 ΑΡΧΩΝ
2590 342 2591 345 η

3679 313 3783 368 204

546 426 862 495 pronuntiat
909 426 1096 481 dicens
1120 467 1135 492 ,
1166 424 1305 494 quia
1341 442 1358 474 ι
1398 438 1553 479 nemo
1587 423 1739 478 novit
1780 423 1979 477 Filium
2006 422 2107 476 nisi
2140 425 2187 482 Α
2220 424 2309 478 tali
2344 426 2685 492 definitione,
2734 436 2985 495 putantes
3029 443 3133 482 non
3185 429 3301 484 fieri
3358 430 3494 486 bene
3541 432 3668 488 huic
3694 438 3782 490 cui

544 516 743 582 Pater,
780 533 951 587 neque
983 518 1197 573 Patrem
1238 518 1358 587 quis
1390 518 1535 571 novit
1569 516 1667 570 nisi
1696 516 1896 579 Filius,
1931 524 1984 570 et
2020 516 2104 571 cui

546 612 776 665 voluerit
825 612 993 667 Filius
1035 609 1277 665 revelare
1305 609 1370 661 ⁸⁸.
1412 629 1430 661 ι
1470 609 1810 664 Manifestum
1851 624 1979 677 ergo
2022 620 2106 664 est

542 704 671 772 quia
704 719 805 756 non
836 703 1003 767 dixit,
1035 716 1190 754 nemo
1226 699 1359 751 vidit
1386 699 1599 754 Patrem
1634 701 1735 753 nisi
1773 700 1941 755 Filius
1964 741 1978 767 ,
2012 701 2105 757 sed

550 813 567 844 ι
604 806 763 851 nemo
802 793 949 845 novit
977 790 1189 843 Patrem
1224 790 1324 842 nisi
1356 789 1523 843 Filius
1557 790 1689 860 (69).
1728 811 1747 844 ι

613 888 669 939 4.
721 885 780 940 Si
826 898 954 937 vero
1002 892 1225 951 propter
1276 881 1362 934 illa
1407 897 1527 949 qua:
1557 882 1807 936 dicuntur
1849 883 1900 936 in
1932 882 2105 937 Veteri

543 977 921 1037 Testamento,
961 986 1100 1042 quou
1141 972 1393 1026 irascitur
1414 972 1553 1025 Deus
1601 972 1685 1027 vel
1731 973 1992 1041 poenitet,
2022 972 2106 1026 vel

541 1068 586 1120 si
625 1081 732 1135 qua
767 1066 871 1119 alia
908 1064 1129 1118 humani
1162 1062 1385 1117 allectus
1410 1062 1592 1129 passio
1625 1064 1957 1131 designatur,
1993 1078 2106 1117 ma-

540 1160 734 1214 teriam
783 1156 885 1211 sibi
936 1157 1002 1210 ad
1059 1155 1415 1208 ronfutandos
1480 1169 1577 1208 nos
1627 1155 1850 1221 pra-beri
1892 1164 2103 1224 putant,

541 1252 878 1306 aﬂirmantes
929 1249 1141 1319 penitus
1172 1247 1553 1317 impassibilem
1589 1246 1778 1313 Deum,
1825 1258 1984 1317 atque
2021 1250 2105 1303 his

539 1343 793 1397 munibus
846 1350 1121 1396 carentem
1189 1338 1471 1393 aliectibus
1536 1339 1874 1392 sentiendum
1929 1340 2101 1409 (70);

537 1429 931 1484 ostendendum
961 1437 1044 1483 est
1083 1428 1162 1483 eis
1197 1429 1360 1482 etiam
1395 1427 1445 1481 in
1479 1428 1804 1496 evangelicis
1834 1430 2106 1498 parabolis

540 1524 725 1579 haberi
757 1523 953 1578 similia
984 1536 1106 1577 cum
1152 1522 1280 1576 dicit
1308 1566 1321 1589 ,
1356 1523 1480 1591 quia
1521 1524 1565 1577 is
1599 1524 1687 1592 qui
1734 1522 1994 1592 plantavit
2021 1527 2104 1580 vi-

456 1660 463 1663 .
538 1631 697 1670 neam
729 1626 782 1669 et
811 1614 1010 1669 locavit
1036 1628 1155 1667 eam
1188 1613 1392 1667 colonis
1415 1652 1429 1678 ,
1455 1613 1545 1681 qui
1591 1614 1768 1667 coloni
1808 1614 2001 1669 missos
2035 1616 2103 1670 ad

536 1721 595 1761 se
640 1719 829 1760 servos
872 1704 1296 1768 interemerunt,
1331 1704 1398 1758 ad
1454 1702 1696 1756 ultimum
1738 1703 1900 1758 etiam
1933 1704 2099 1758 tilium

536 1800 602 1852 ad
632 1814 691 1852 se
722 1797 944 1851 missum
972 1794 1309 1857 occiderunt,
1368 1794 1537 1847 iratus
1584 1793 1784 1847 dicitur
1809 1794 2102 1850 abstulisse

534 1892 747 1945 vineam
774 1890 842 1943 ab
867 1888 946 1943 eis
965 1928 979 1954 ,
1011 1895 1065 1943 et
1094 1886 1262 1941 malos
1299 1885 1518 1941 colonos
1545 1885 1687 1947 male
1709 1887 1977 1953 perditum
2009 1888 2105 1943 de-

536 1982 717 2047 disse,
754 1988 809 2034 et
842 1979 1054 2033 vineam
1090 1977 1300 2033 colonis
1348 1978 1467 2031 aliis
1505 1978 1800 2033 tradidisse
1831 1981 1920 2046 qui
1974 1981 2103 2034 red-

537 2075 729 2127 derent
774 2071 823 2125 ei
873 2069 1108 2123 fructum
1160 2068 1272 2137 (7i)
1311 2068 1361 2120 in
1414 2077 1654 2135 tempore
1682 2083 1778 2123 suo
1817 2068 1882 2123 δ’.
1913 2069 2018 2123 Sed
2048 2078 2103 2125 et

536 2158 658 2211 illos
704 2157 849 2212 cives
893 2155 985 2226 qui
1015 2156 1257 2225 profecto
1304 2152 1693 2223 patrefamilias
1724 2158 1968 2226 accipere
1997 2158 2100 2213 sibi

536 2265 804 2318 regnum,
854 2249 1062 2318 legatos
1126 2246 1388 2303 miserunt
1442 2257 1561 2315 post
1616 2263 1737 2302 eum
1797 2251 2039 2306 dicentes
2086 2269 2098 2305 :

540 2361 558 2392 ι
600 2341 862 2396 Nolumus
890 2356 1012 2395 eum
1058 2354 1285 2409 regnare
1319 2354 1480 2406 super
1507 2354 1604 2395 nos
1634 2342 1712 2405 9°,
1756 2361 1773 2392 ›
1813 2342 2100 2411 impetrato

535 2448 700 2504 regno
737 2447 1012 2501 regressus
1044 2432 1155 2499 (72)
1206 2430 1596 2498 paterfamilias
1629 2440 1682 2487 et
1724 2434 1895 2487 iratus
1926 2434 2099 2489 inter-

534 2524 618 2577 ﬁci
653 2540 833 2578 coram
866 2540 925 2578 se
964 2523 1115 2591 jubet
1142 2564 1158 2590 ,
1185 2531 1239 2577 et
1285 2525 1561 2579 civitatem
1593 2540 1781 2579 eorum
1816 2527 1938 2597 igne
1964 2543 2099 2582 con-

532 2613 718 2667 sumit.
755 2613 857 2667 Sed
887 2624 942 2666 et
969 2628 1067 2672 nos
1114 2612 1225 2667 sive
1270 2614 1322 2666 in
1357 2612 1550 2669 Vetere
1579 2616 1946 2681 Testamento,
1984 2619 2099 2673 sive

533 2703 585 2757 in
637 2702 784 2757 Novo
837 2719 957 2758 cum
1000 2703 1065 2757 de
1101 2703 1177 2756 ira
1213 2702 1305 2757 Dei
1342 2703 1603 2772 legimus,
1647 2721 1750 2759 non
1801 2708 2095 2761 secundum

530 2796 763 2851 litteram
796 2810 915 2863 quae
942 2795 1196 2849 dicuntur
1230 2795 1602 2867 advertimus,
1663 2799 1756 2851 sed
1796 2797 2096 2866 spiritalem

530 2888 861 2942 intellectum
894 2888 1222 2958 requirimus
1255 2889 1305 2942 in
1341 2888 1570 2952 talibus,
1608 2900 1665 2943 ut
1692 2892 1761 2943 ita
1795 2893 2097 2949 sentiamus

527 2979 669 3032 sicut
703 2978 1003 3048 intelligere
1040 2980 1105 3032 de
1141 2981 1247 3033 Deo
1279 2980 1496 3050 dignum
1533 2990 1636 3035 est.
1674 2984 1747 3037 De
1778 2984 1976 3053 quibus
2007 3000 2097 3039 se-

2212 525 2490 571 austerum
2543 517 2625 569 vel
2654 518 2807 572 triste
2840 518 3037 588 aliquid
3068 519 3314 574 infertur.
3349 520 3624 577 Justitiam
3652 539 3782 580 vero

2210 616 2470 675 putarunt
2501 607 2748 662 affectum
2783 624 2901 663 esse
2953 610 3110 662 talem
3158 615 3250 680 qui
3296 613 3591 684 unicuique
3623 625 3782 683 prout

2212 708 2454 753 meretur
2485 700 2772 753 retribuat.
2804 702 2908 755 Sed
2938 703 3064 755 etin
3084 703 3186 757 hoc
3207 718 3422 758 rursum
3445 705 3783 762 definitionis

2209 804 2319 844 suae
2350 805 2565 844 sensum
2600 805 2703 844 non
2738 804 2886 846 recte
2920 793 3373 861 interpretantur.
3402 794 3603 850 Putant
3634 799 3777 851 enim

2208 881 2331 949 quia
2357 881 2499 950 quod
2526 881 2729 951 justum
2757 892 2840 937 est
2868 884 3022 938 malis
3053 885 3191 938 mala
3220 886 3402 952 faciat,
3430 889 3592 943 bonis
3618 890 3777 953 bona,

2209 975 2261 1029 id
2294 984 2401 1040 est,
2433 985 2492 1029 ut
2532 976 2830 1029 secundum
2870 991 3089 1031 sensum
3141 981 3382 1046 ipsorum
3410 980 3593 1049 justus
3626 981 3780 1037 malis

2206 1082 2313 1120 non
2366 1066 2612 1119 videatur
2659 1066 2798 1121 bene
2846 1067 2984 1121 velle
3013 1107 3026 1131 ,
3073 1068 3165 1123 sed
3195 1069 3343 1123 velut
3386 1070 3509 1123 odio
3543 1075 3775 1139 quoiam

2210 1158 2333 1212 ferri
2360 1159 2618 1212 adversus
2638 1173 2769 1219 eos;
2799 1167 2852 1211 et
2878 1159 3137 1227 colligunt
3164 1160 3335 1214 sicubi
3370 1161 3510 1217 forte
3543 1164 3594 1218 in
3626 1164 3777 1220 Scri-

2207 1248 2381 1316 pturis
2411 1248 2618 1302 Veteris
2646 1248 2975 1304 TeSIamenti
3003 1251 3285 1306 inveniunt
3315 1253 3601 1308 historiam
3636 1256 3776 1311 refe-

2208 1348 2450 1404 rentem,
2484 1340 2634 1394 verbi
2689 1341 2861 1411 gratia
2910 1343 2976 1396 de
3024 1342 3206 1396 diluvii
3256 1346 3466 1412 puenis,
3504 1357 3774 1402 eteorum

2207 1432 2298 1498 qui
2332 1430 2383 1483 in
2415 1445 2477 1483 eo
2506 1430 2757 1485 exstincti
2789 1429 3132 1497 referuntur,
3183 1433 3263 1484 vel
3298 1447 3417 1487 cum
3452 1433 3692 1488 Sodoma
3726 1446 3777 1490 ct

2208 1519 2511 1575 Gomorrha
2547 1521 2687 1591 ignei
2717 1520 3105 1589 sulphureique
3133 1521 3325 1576 imbris
3348 1505 3652 1577 vastatione
3683 1526 3775 1578 de-

2211 1610 2553 1679 populantur,
2590 1609 2672 1663 vel
2708 1625 2827 1663 rum
2871 1610 2925 1663 in
2976 1612 3192 1665 deserto
3240 1628 3335 1681 pro
3380 1616 3621 1683 peccatis
3663 1618 3775 1669 suis

2209 1716 2398 1755 omnes
2430 1701 2541 1769 (75)
2574 1701 2866 1766 decidunt,
2917 1702 2989 1756 ita
3041 1710 3099 1756 ut
3143 1702 3319 1758 nullus
3363 1718 3428 1758 ex
3462 1705 3546 1759 his
3586 1706 3677 1774 qui
3711 1708 3776 1761 de

2208 1791 2442 1864 Egypto
2469 1792 2683 1845 fuerant
2714 1792 2973 1860 profecti.
3007 1792 3317 1847 inveniatur
3349 1804 3549 1848 terram
3589 1812 3775 1864 repro-

2206 1883 2483 1939 missionis
2512 1883 2715 1936 intrare
2741 1892 2933 1951 praeter
2951 1881 3133 1937 Jesum
3165 1895 3218 1938 ct
3238 1885 3487 1940 Caleb".
3528 1887 3602 1940 De
3625 1886 3775 1942 Novo

2205 1982 2386 2028 autem
2414 1971 2765 2027 Testamento
2794 1972 3179 2027 misericordiae
3212 1989 3275 2028 ac
3300 1971 3517 2044 pietatis
3540 1992 3775 2045 congreo

2203 2074 2327 2136 gant
2356 2064 2546 2128 verba,
2576 2065 2777 2132 quibus
2812 2080 2840 2118 a
2870 2064 3152 2119 Salvatore
3183 2066 3429 2135 discipuli
3466 2069 3774 2124 informan-

2154 2178 2157 2179 ν
2205 2167 2327 2218 tur,
2359 2164 2413 2207 et
2450 2154 2647 2223 quibus
2677 2155 3016 2222 pronuntiari
3048 2154 3278 2220 videtur,
3322 2158 3447 2224 quia
3493 2173 3654 2212 nemo
3703 2161 3775 2214 sit

2202 2244 2373 2298 bonus
2410 2256 2608 2312 przeter
2640 2260 2803 2297 unum
2838 2244 3002 2299 Deum
3033 2245 3282 2311 Patrem;
3308 2255 3362 2301 et
3389 2262 3484 2316 per
3516 2248 3620 2301 hoc
3655 2252 3773 2303 ausi

2202 2345 2331 2390 sunt
2373 2336 2569 2389 bunum
2623 2338 2840 2405 quidem
2894 2338 3177 2392 nominare
3220 2337 3436 2392 Patrem
3469 2338 3775 2395 Salvatoris

2199 2426 2326 2482 Jesu
2358 2428 2584 2493 Christi,
2612 2429 2776 2481 alium
2801 2439 2980 2482 autem
3007 2443 3125 2484 esse
3153 2430 3339 2483 dicunt
3371 2432 3556 2486 mundi
3581 2433 3772 2498 Deum,

2199 2534 2358 2589 quem
2404 2517 2609 2585 justum
2658 2520 2771 2585 eis,
2827 2534 2931 2573 non
2972 2520 3131 2574 etiam
3175 2521 3380 2576 bonum
3404 2522 3525 2592 (76)
3566 2522 3771 2591 placuit

2200 2609 2490 2679 appeﬂare.

2268 2703 2321 2758 2.
2352 2704 2390 2757 A
2421 2704 2613 2775 quibus
2654 2706 2826 2773 primo
2869 2705 2995 2758 illud
3039 2705 3359 2776 exigendum
3407 2716 3562 2776 puto,
3597 2709 3641 2763 si
3678 2724 3771 2764 se-

2198 2796 2428 2850 cundum
2457 2811 2610 2851 suam
2633 2797 2998 2850 definitionem
3022 2797 3228 2866 justum
3252 2810 3480 2866 possunt
3506 2802 3771 2854 ostende-

2199 2904 2258 2943 re
2298 2888 2629 2942 conditorem
2682 2889 2989 2956 punientem
3046 2904 3141 2954 pro
3192 2890 3401 2944 meritis
3444 2891 3524 2944 vel
3561 2877 3656 2945 eo;
3678 2894 3772 2961 qui

2197 2980 2379 3035 diluvii
2420 2990 2658 3049 tempore
2698 2980 3000 3049 perierunt,
3046 2981 3128 3035 vel
3174 2982 3501 3047 Sodomitas,
3548 2986 3634 3039 vel
3676 3002 3773 3042 eos

527 3072 761 3125 cundum
829 3071 1151 3140 parvitatem
1206 3087 1398 3129 sensus
1457 3076 1625 3131 nostri
1682 3092 1805 3130 cum
1872 3079 2091 3133 secundi
2122 3096 2162 3153 ο
2198 3073 2289 3143 qui
2315 3088 2378 3127 ex
2424 3071 2657 3142 IEgypto
2688 3071 2917 3142 profecti
2950 3072 3187 3137 fuerant,
3229 3088 3349 3127 eum
3382 3076 3662 3132 videamus
3691 3079 3774 3132 in-

526 3161 718 3230 psidmi
791 3177 1186 3230 exponeremns
1261 3165 1409 3219 illum
1475 3167 1801 3222 versiculum
1868 3170 1918 3223 in
1987 3184 2094 3239 quo

529 3253 609 3306 ait
648 3252 797 3323 (75):
837 3271 855 3303 ι
893 3253 1045 3308 Tunc
1079 3253 1327 3323 loquetur
1357 3257 1422 3311 ad
1450 3273 1544 3314 eos
1592 3259 1643 3312 in
1677 3260 1757 3314 ira
1794 3275 1909 3323 sua,
1956 3274 2011 3316 et
2040 3263 2093 3317 in

529 3341 713 3397 furore
751 3358 850 3396 suo
895 3346 1235 3399 conturbabit
1275 3361 1366 3399 eos
1402 3348 1481 3411 9‘,
1534 3368 1551 3399 ι
1593 3358 1751 3415 prout
1796 3351 2091 3418 potuimus,

529 3434 761 3503 qualiter
790 3435 891 3489 hoc
922 3435 1142 3505 intelligi
1182 3439 1403 3491 deberet
1431 3442 1790 3495 ostendimus.

1151 3550 1376 3606 CAPUT
1420 3553 1478 3605 V.

1060 3619 1134 3673 De
1162 3622 1310 3690 justo
1344 3633 1389 3674 et
1430 3625 1582 3678 bono.

598 3714 650 3768 1.
678 3710 877 3766 Verum
913 3714 1179 3781 quoniam
1232 3726 1407 3771 movet
1439 3718 1599 3772 etiam
1645 3719 1788 3773 istud
1832 3721 2091 3789 quosdam

528 3806 671 3873 quod
706 3805 978 3873 principes
1023 3804 1178 3859 istius
1205 3805 1424 3861 haeresis
1455 3809 1773 3863 divisionem
1799 3812 2090 3879 quamdam

532 3897 724 3951 fecisse
753 3897 856 3951 sibi
891 3898 1175 3960 videntur,
1209 3914 1314 3966 qua
1358 3900 1614 3954 dixerunt
1655 3901 1797 3955 aliud
1844 3918 1966 3957 esse
2000 3903 2090 3970 juo

530 3996 704 4050 stum,
754 3986 898 4039 aliud
938 3987 1156 4050 bonum,
1197 3999 1251 4042 et
1293 3990 1393 4043 hac
1417 3989 1681 4043 divisione
1722 3992 1773 4044 in
1814 3992 2094 4048 divinitate

531 4078 697 4131 etiam
746 4078 824 4131 usi
874 4088 1022 4142 sunt,
1066 4078 1391 4133 aliirmantes
1438 4080 1637 4135 bonum
1680 4081 1893 4149 quidem
1927 4082 2090 4138 Deum

529 4183 648 4221 esse
702 4166 913 4221 Patrem
970 4168 1175 4221 Domini
1218 4169 1384 4222 nostri
1428 4167 1552 4222 .lesu
1602 4168 1825 4234 Christi,
1879 4179 1934 4222 et
1983 4187 2089 4226 non

525 4258 754 4325 justum,
783 4260 985 4329 justum
1038 4276 1164 4314 vero
1211 4261 1345 4330 legis
1390 4271 1444 4315 et
1485 4258 1866 4329 prophetarum
1900 4262 2091 4332 Deum,

532 4366 633 4405 nec
658 4362 836 4406 tamen
854 4352 1053 4406 bonum
1076 4371 1089 4418 ;
1122 4352 1249 4407 huic
1271 4352 1552 4422 qumstioni
1585 4353 1910 4421 respondere
1930 4370 2089 4422 quam

2201 3163 2408 3215 terdum
2450 3162 2616 3216 multo
2650 3163 2909 3231 nequiora
2936 3172 2991 3217 et
3031 3163 3344 3218 scelestiora
3378 3170 3645 3221 committi
3670 3167 3771 3222 lla-

2199 3255 2324 3325 gitia
2352 3270 2512 3324 quam
2560 3253 2759 3309 fuerint
2801 3256 2889 3309 illa
2938 3272 3036 3325 pro
3085 3257 3281 3331 quibus
3319 3258 3372 3312 hi
3419 3274 3559 3327 quos
3606 3276 3772 3331 supra

2196 3346 2433 3398 diximus
2485 3344 2788 3415 interempti
2844 3358 2987 3413 sunt,
3017 3351 3253 3401 nondum
3302 3356 3480 3411 tamen
3524 3350 3773 3407 videmus

2196 3450 2631 3504 unumquemque
2648 3437 2983 3505 peccantium
3009 3451 3219 3506 poenam
3244 3436 3391 3491 luere
3415 3439 3770 3505 meritorum;

2198 3526 2563 3594 nunquidnam
2610 3527 2807 3580 bonum
2855 3526 3034 3580 dicent
3066 3527 3175 3599 (77)
3219 3527 3470 3583 effectum
3513 3544 3645 3585 eum
3679 3533 3776 3602 qui

2196 3619 2486 3688 aliquando
2520 3620 2698 3686 justus
2740 3618 2896 3676 erat?
2932 3619 3014 3673 An
3069 3621 3246 3687 potius
3300 3620 3427 3675 illud
3482 3624 3775 3694 putabunt,

2196 3714 2337 3781 quod
2360 3712 2539 3780 justus
2571 3712 2785 3780 quidem
2810 3720 2891 3766 est
2920 3727 3084 3777 nunc,
3118 3711 3211 3766 sed
3236 3713 3505 3781 patienter
3530 3714 3636 3769 fert
3670 3718 3777 3770 hu-

2196 3819 2354 3857 mana
2386 3803 2603 3867 delicta,
2640 3813 2768 3859 tunc
2801 3819 2927 3859 vero
2960 3818 3058 3859 nec
3079 3802 3256 3871 justus
3291 3806 3509 3873 quidem
3537 3817 3657 3862 erat
3680 3809 3775 3877 qui

2196 3897 2513 3950 innocentes
2547 3896 2801 3964 parvulos
2834 3905 2889 3951 et
2934 3896 3193 3951 lactentes
3231 3897 3391 3951 simul
3424 3912 3547 3951 cum
3580 3898 3777 3953 imma-

2196 3988 2351 4041 nibus
2380 3996 2435 4041 et
2477 3987 2655 4055 impiis
2690 3987 2996 4057 gigantibus
3035 3986 3146 4057 (78)
3196 3987 3619 4056 exstinguebat?
3667 3990 3774 4042 Sed

2195 4068 2402 4133 haec-ita
2448 4079 2721 4141 sentiunt,
2772 4079 2895 4147 quia
2944 4079 3076 4132 nihil
3109 4079 3299 4134 audire
3342 4078 3486 4133 ultra
3532 4079 3775 4135 litteram

2199 4181 2426 4237 norunt;
2453 4170 2689 4240 alioquin
2726 4170 3013 4226 ostendant
3041 4170 3309 4238 quomodo
3330 4168 3539 4237 justum
3569 4180 3653 4226 est
3687 4187 3776 4227 se-

2193 4268 2427 4322 cundum
2461 4265 2715 4329 litteram,
2744 4266 2798 4318 in
2830 4263 3041 4317 tertiam
3077 4270 3130 4315 et
3170 4270 3416 4331 quartam
3447 4264 3771 4333 progeniem

2196 4366 2477 4427 parentum
2511 4355 2659 4410 reddi
2694 4365 2913 4424 peccata
2943 4355 2994 4409 in
3029 4352 3204 4409 sinum
3232 4352 3485 4416 filiorum,
3517 4362 3573 4407 et
3605 4353 3661 4407 in
3703 4355 3768 4407 li-

530 4446 756 4505 potuero
792 4437 1030 4515 breviter
1062 4441 1425 4495 necessarium
1454 4450 1599 4509 puto.
1633 4440 1957 4496 Existimant
1990 4444 2092 4513 igi-
2121 4422 2165 4477 Β
2196 4422 2387 4504 liorum
2417 4451 2656 4518 ipsorutn
2694 4422 2841 4501 _tilios
2865 4454 2985 4514 post
3028 4444 3173 4513 ipsos
3215 4442 3283 4496 ’³.
3306 4444 3351 4497 Α
3382 4443 3541 4495 nobis
3583 4450 3769 4497 autem

533 4541 621 4584 tur
648 4531 943 4587 bonitatem
982 4532 1228 4589 affectum
1260 4534 1415 4590 talem
1452 4536 1735 4605 quemdam
1764 4552 1886 4592 esse
1905 4577 1922 4601 ,
1951 4541 2092 4609 quod

531 4623 669 4677 bene
704 4625 819 4679 fieri
850 4626 1100 4680 omnibus
1136 4627 1328 4681 debeat
1354 4627 1464 4697 87
1493 4627 1705 4682 etiamsi
1740 4628 1992 4698 indignus
2023 4632 2094 4686 sit

534 4715 579 4768 is
626 4714 713 4769 cui
762 4714 1081 4770 beneficium
1133 4718 1244 4787 (7t)
1277 4717 1470 4780 datur,
1520 4732 1616 4771 nec
1664 4718 1801 4773 bene
1835 4721 2090 4789 consequi

535 4802 980 4870 mereatur;sed,
1019 4818 1076 4863 ut
1104 4810 1233 4861 mihi
1269 4808 1498 4872 videtur,
1534 4823 1638 4861 non
1669 4819 1816 4862 recte
1850 4812 1929 4863 usi
1968 4822 2095 4867 sunt

638 4900 686 4976 εξ
731 4901 919 4976 Matth.
950 4903 1144 4966 20,27.
1219 4905 1264 4936 ⁸⁹
1299 4903 1491 4958 Matth.
1535 4919 1623 4956 xx.
1697 4904 1744 4936 ’°
1784 4902 1918 4959 Luc.
1975 4922 2091 4976 xix,
2140 4911 2220 4964 14.

539 4970 585 4999 ⁸³
653 4972 846 5027 Ezeeh.
882 4988 1038 5036 xvtu,
1067 4976 1120 5027 '5.

600 5065 712 5136 (69)
744 5064 844 5119 Sed
874 5084 1022 5121 nemo
1053 5069 1190 5121 novit
1224 5064 1435 5123 Patrem
1478 5065 1579 5123 nisi
1613 5065 1810 5119 Filius.
1872 5066 2095 5121 Deside-

533 5146 722 5189 rantur
772 5136 824 5190 in
871 5149 1027 5192 antea
1061 5138 1221 5192 editis
1247 5177 1262 5202 ,
1311 5139 1403 5192 sed
1455 5139 1507 5192 in
1537 5138 1790 5193 omnibus
1823 5137 2092 5193 habentur

533 5220 666 5260 lllSS.

602 5275 714 5346 (70)
744 5275 819 5346 ita
852 5292 982 5330 mss.
1018 5277 1171 5333 Libh.
1211 5276 1360 5342 editi,
1401 5297 1419 5330 ι
1463 5274 1754 5332 sentiendi.
1794 5295 1813 5329 ι

604 5343 716 5413 (71)
746 5343 896 5401 Libh.
935 5348 1088 5407 editi,
1121 5366 1138 5399 ι
1175 5348 1345 5403 iratus
1374 5350 1634 5402 Dominus
1659 5347 1923 5401 dicitur...
1950 5347 2088 5401 male

532 5416 900 5481 perdidisse...
958 5418 1245 5473 redderent
1318 5422 1367 5472 ei
1426 5417 1653 5472 fructus.
1694 5436 1714 5469 ι
1750 5417 1878 5471 Mss.
1930 5428 1988 5469 ut
2032 5419 2084 5469 in

530 5494 714 5539 nostro
742 5496 910 5541 textu.

602 5555 714 5625 (72)
746 5556 820 5610 lta
853 5573 982 5634 mss.
1019 5558 1255 5634 Alias”
1299 5558 1594 5634 ingressus.
1632 5577 1651 5610 ι
1686 5556 1885 5611 Ibidem
1927 5569 2085 5634 mss.,

534 5640 556 5676 ι
586 5625 709 5704 igne
735 5629 1024 5704 consumit.
1064 5628 1275 5704 [ΜΨ.
1302 5625 1469 5693 editi,
1507 5646 1525 5704 ι
1564 5629 1685 5698 igne
1720 5625 1989 5704 consumi.
2028 5636 2061 5674 »ί

591 5692 704 5764 (75)
736 5696 799 5750 1η
829 5713 928 5767 quo
959 5700 1053 5754 ait.
1090 5692 1475 5756 Desiderantur
1511 5701 1563 5754 in
1586 5692 1754 5752 antea
1782 5696 1966 5760 editis,
1990 5692 2086 5748 sed

530 5762 795 5820 habentur
826 5762 876 5823 in
905 5784 1032 5826 mss.

2193 4542 2316 4595 talia
2346 4542 2446 4594 ista
2482 4555 2585 4594 non
2629 4538 2923 4592 secundum
2954 4536 3187 4590 litteram
3223 4533 3617 4603 intelliguntur,
3674 4534 3772 4589 sed

2191 4634 2330 4687 sicut
2355 4630 2601 4685 Ezechiel
2631 4629 2813 4683 docuit
2842 4626 3157 4697 parabolain
3189 4639 3309 4679 eam
3353 4625 3541 4679 dicens
3567 4624 3639 4687 “,
3686 4639 3773 4678 re-

2191 4723 2455 4792 quirimus
2475 4720 2601 4788 quid
2629 4718 2895 4788 significet
2925 4719 3192 4771 introrsus
3218 4716 3332 4784 ipsa
3360 4715 3643 4784 parabola.
3666 4714 3773 4770 Sed

2191 4824 2244 4868 et
2272 4814 2398 4868 illud
2424 4811 2621 4866 debent
2671 4809 2982 4872 ostendere,
3034 4808 3309 4876 quomodo
3346 4807 3528 4876 justus
3570 4807 3666 4871 sit,
3717 4822 3775 4868 et

2325 4908 2368 4939 "
2393 4904 2530 4961 Psal.
2568 4921 2625 4969 Il,
2651 4904 2705 4958 5.
2757 4905 2825 4965 ,θ’
2854 4902 2990 4957 Cen.
3027 4916 3122 4968 vu,
3160 4900 3249 4956 l9.
3320 4902 3369 4933 ³³
3416 4902 3577 4955 Deut.
3615 4919 3668 4966 v,
3697 4903 3755 4957 9.

2272 5060 2384 5133 (74)
2426 5058 2577 5125 Mss.,
2614 5077 2636 5146 ι
2672 5056 3017 5113 beneficium.
3066 5072 3085 5106 ι
3135 5053 3297 5111 Libh.
3329 5053 3484 5120 editi,
3534 5072 3555 5105 ι
3606 5056 3775 5112 bene-

2198 5130 2626 5271 fa‘it'lugilbznnes.
2665 5197 2755 5251 Sic
2786 5192 3195 5271 mss.;_ed_iti,_t
3222 5194 3460 5271 _mortui.
3511 5213 3529 5245 ι
3561 5192 3770 5271 _lbidem

2196 5264 2328 5327 libb.
2351 5264 2504 5333 editi,
2534 5288 2552 5321 ι
2592 5278 2787 5322 terram
2820 5264 3194 5335 promissionis
3222 5264 3469 5318 intrasse.
3509 5283 3528 5315 ι
3559 5264 3689 5322 Mss.
3714 5275 3777 5320 ut

2195 5342 2249 5397 in
2291 5348 2475 5394 nostro
2509 5348 2677 5392 textu.

2266 5411 2375 5481 (76)
2424 5406 2545 5481 Non
2591 5408 2748 5481 etiam
2804 5405 3014 5458 bonum.
3064 5398 3145 5455 Ita
3194 5418 3368 5470 mss.;
3424 5400 3561 5457 libb.
3616 5403 3775 5469 editi,

2199 5498 2217 5532 ι
2258 5477 2307 5533 et
2335 5477 2437 5532 non
2468 5477 2638 5531 solum
2670 5480 2887 5529 bonum.
2931 5493 2951 5526 ›

2289 5550 2375 5612 77)
2407 5548 2558 5612 Mss.,
2596 5567 2613 5598 ι
2643 5548 2841 5600 dicent.
2886 5564 2903 5596 ι
2942 5543 3099 5612 Editi,
3135 5561 3153 5591 ι
3192 5541 3398 5612 dicunt.
3433 5560 3451 5594 ι

2289 5551 2352 5603 77
2407 5550 2558 5612 Mss.,
2596 5567 2613 5598 ι
2643 5550 2841 5600 dicent.
2886 5564 2903 5596 ι
2942 5550 3099 5607 Editi,
3135 5561 3153 5591 ι
3192 5550 3395 5595 dicunt.
3433 5560 3451 5594 ι

2264 5550 2750 5693 £78iCigantibux.
2792 5616 2948 5693 Deest
2990 5611 3275 5693 inpeditis,
3310 5610 3666 5693 sed-habetur

2192 5679 2324 5746 mss.
2356 5679 2515 5742 ’Μυῆ
2561 5701 2713 5749 mss.,
2752 5704 2769 5737 ι
2824 5684 2962 5739 ultra
3014 5682 3273 5738 litteram.
3327 5700 3345 5732 ›
3409 5679 3567 5738 Libh.

2197 5782 2215 5816 ι
2256 5770 2449 5828 praeter
2484 5758 2732 5811 litteram.
2767 5775 2784 5806 ι
