3988 6418
259 368 346 424 205
415 406 428 437 ι,
906 382 909 383 ⁷
1642 370 1845 428 LIBER
1879 371 1895 426 ξ

2010 372 2189 429 UNDU
2200 374 2253 431 S.

3467 372 3573 428 εξῡδ

260 507 337 559 pro
361 492 601 548 meritis
636 495 992 567 unicuique
1039 495 1365 559 retribuens,
1405 494 1496 564 qui
1528 495 1683 564 punit
1721 504 1892 549 terre-
1924 504 1969 559 Α
1996 497 2184 563 ciunt;
2243 497 2351 551 imo
2378 494 2507 565 quid
2545 494 2650 549 tale
2682 503 2766 549 est
2804 495 2945 565 quod
2988 495 3043 551 in
3073 494 3186 552 Deo
3217 496 3350 568 legis
3385 498 3574 553 crimi-

262 598 339 638 nos
362 592 419 638 et
440 582 809 651 diabolum,
839 602 975 643 cum
1004 586 1138 641 nihil
1164 586 1382 656 dignum
1423 599 1579 655 poena
1610 586 1896 640 commise-

262 672 364 724 rint.
388 670 520 726 Non
557 674 742 727 enim
780 685 1060 743 poterant
1094 674 1163 743 (si
1191 676 1484 729 secundum
1524 676 1659 729 istos
1691 685 1898 729 naturae

262 762 391 815 mala:
424 770 487 816 et
533 764 812 831 perdita:
856 765 1045 834 erant)
1078 764 1279 833 aliquid
1315 766 1437 819 Itoni
1472 780 1651 835 agere.
1683 766 1815 819 Nam
1844 774 1899 820 et

261 854 379 922 quod
406 854 690 919 judicem
731 871 880 910 eum
912 857 1121 923 dicunt,
1140 872 1245 910 non
1276 866 1382 909 tam
1405 867 1698 925 gestorum,
1732 872 1897 925 quant

265 958 588 999 naturarum
606 947 811 1017 jndex
836 950 1084 1017 videtur;
1106 952 1299 1020 quippe
1315 948 1358 1003 si
1377 959 1565 1002 natura
1590 949 1726 1002 mala
1746 950 1901 1003 bene-

263 1036 419 1093 facere
454 1054 578 1093 non
610 1052 857 1108 potest,
898 1060 1001 1100 nec
1028 1046 1167 1099 bona
1199 1043 1354 1097 male.
1385 1042 1520 1095 Tum
1549 1042 1743 1095 deinde
1771 1055 1894 1095 eum

265 1145 401 1200 quem
439 1132 678 1186 bonum
729 1136 963 1201 dicunt,
1006 1138 1050 1190 si
1092 1138 1156 1190 ad
1189 1150 1379 1190 omnes
1410 1135 1586 1189 bonus
1618 1142 1722 1200 est,
1775 1133 1897 1188 sine

265 1221 405 1277 dubio
444 1231 507 1276 et
534 1224 617 1277 ad
652 1238 771 1280 eos
806 1228 906 1295 qui
943 1227 1165 1295 perituri
1193 1235 1318 1282 sunt
1350 1228 1522 1281 bonus
1544 1234 1656 1293 est;
1689 1235 1741 1280 et
1765 1240 1898 1295 quo-

266 1318 403 1372 modo
437 1334 560 1372 non
590 1333 707 1373 eos
736 1320 972 1374 salvat?
1012 1318 1068 1375 Si
1103 1335 1206 1374 non
1232 1319 1366 1384 vult,
1390 1318 1504 1387 jam
1538 1334 1644 1373 non
1672 1320 1775 1372 erit
1804 1319 1898 1372 bo-

265 1423 380 1471 nus;
425 1408 473 1461 si
511 1407 650 1461 vult
688 1418 752 1462 et
815 1425 933 1464 non
986 1410 1189 1479 potest,
1237 1409 1580 1476 omnipotens
1631 1423 1737 1462 non
1768 1408 1895 1461 erit.

265 1500 381 1566 Quin
431 1500 642 1569 potius
678 1501 934 1553 audiant
988 1501 1039 1554 in
1088 1499 1391 1569 Evangeliis
1418 1498 1638 1553 Patrem
1684 1497 1896 1553 Domini

266 1591 414 1645 nostri
451 1588 600 1645 Jesu
631 1590 899 1659 l,(Jhristi
937 1592 1113 1659 ignem
1146 1599 1536 1657 prmparautem
1585 1589 1795 1644 diabolo
1843 1596 1899 1644 et

265 1662 457 1754 angelis
489 1683 633 1752 ejus
671 1684 754 1736 ".
792 1683 866 1735 Et
900 1684 1167 1751 quomodo
1196 1681 1335 1733 istud
1375 1695 1512 1749 opus
1537 1691 1644 1732 tam
1681 1678 1897 1749 ptenale

265 1792 407 1846 quant
447 1776 629 1829 triste
683 1772 1016 1827 secundum
1058 1786 1280 1825 sensum
1329 1770 1558 1826 iStorum
1606 1772 1722 1842 (79)
1769 1771 1893 1827 boni

1998 598 2195 642 nantur
2222 587 2353 660 (83),
2380 588 2541 658 quale
2565 596 2648 642 cst
2681 596 2739 641 ut
2771 603 2891 643 eum
2920 589 3009 658 qui
3038 589 3106 643 ab
3132 589 3219 645 his
3241 590 3412 645 servis
3428 605 3571 659 quos

1999 679 2222 731 miserat
2273 693 2472 734 vocare
2527 680 2699 732 bonos
2729 686 2783 732 et
2826 679 3018 745 malos,
3064 679 3241 735 fuerat
3268 681 3556 748 invitatus,

1992 768 2207 836 jnberet
2235 785 2332 838 pro
2357 770 2745 825 sordidioribus
2770 769 3098 827 indumentis
3121 773 3360 828 vinctum
3391 775 3567 827 mani-

1998 858 2099 912 bus
2126 859 2454 926 pedibusque
2484 860 2534 913 in
2575 859 2873 914 exteriores
2906 863 3159 916 tenebras
3200 863 3566 932 praecipitari?

2065 950 2178 1019 88
2209 952 2263 1004 5.
2302 951 2366 1003 Et
2395 952 2509 1005 haec
2554 953 2772 1020 quidem
2818 956 3063 1008 sulIicere
3102 957 3301 1008 debent
3330 971 3451 1023 quae
3498 970 3566 1009 ex

2003 1044 2328 1099 auctoritate
2347 1049 2738 1114 assumpsimus
2754 1048 3158 1116 Scripturarum
3178 1050 3243 1103 ad
3268 1047 3563 1103 refellenda

1998 1149 2059 1188 ea
2087 1150 2207 1204 quae
2231 1136 2467 1189 haeretici
2498 1136 3011 1192 obtendere‘solent.‘
3047 1138 3161 1192 Non
3193 1146 3372 1196 tamen
3404 1138 3562 1194 inde—

1998 1242 2123 1281 cens
2170 1228 2460 1293 videbitur,
2510 1229 2555 1282 si
2593 1229 2756 1283 etiam
2804 1246 2872 1284 ex
2913 1230 3119 1286 ratione
3162 1232 3331 1300 ipsius
3362 1245 3561 1286 conse-

1997 1318 2230 1387 quentia:
2265 1320 2449 1388 paucis
2480 1334 2700 1387 agamus
2734 1335 2853 1373 cum
2884 1320 2982 1373 eis.
3007 1318 3408 1389 lnterrogamus
3434 1335 3564 1389 ergo

1999 1421 2093 1462 eos
2129 1409 2170 1461 si
2204 1396 2401 1462 norunt
2449 1424 2568 1477 qmc
2592 1411 2732 1463 ratio
2769 1410 2909 1475 apud
2956 1410 3206 1465 homines
3234 1410 3450 1464 virtutis
3496 1425 3563 1465 ac

1999 1498 2216 1554 maliti:e
2242 1499 2523 1567 habeatur,
2568 1509 2622 1554 et
2647 1499 2692 1553 si
2722 1499 2934 1553 videtur
2964 1514 3301 1569 consequens
3336 1514 3475 1567 esse,
3506 1510 3568 1553 ut

2004 1594 2232 1648 virtutes
2256 1594 2497 1648 dicamus
2530 1593 2581 1646 in
2607 1595 2731 1660 Deo,
2755 1596 2859 1660 vel,
2881 1605 2937 1648 ut
2960 1595 3085 1663 ipsis
3104 1595 3338 1659 videtur,
3362 1595 3415 1648 in
3438 1595 3568 1651 duo-

2001 1686 2103 1739 bus
2120 1686 2239 1739 istis
2263 1686 2385 1739 diis.
2408 1683 2785 1753 Respondeant
2806 1686 2905 1741 hoc
2927 1674 3170 1755 quoque:
3196 1685 3472 1754 sividetnr
3486 1686 3565 1740 eis

2003 1777 2213 1831 bonitas
2245 1779 2417 1830 virtus
2444 1775 2553 1845 (84)
2580 1791 2697 1832 esse
2724 1777 2927 1846 aliqua,
2964 1779 3105 1846 quod
3136 1786 3265 1845 puto
3302 1778 3419 1831 sine
3467 1779 3568 1831 du—

264 1842 344 1926 ita
377 1870 728 1926 videbitur?
765 1867 890 1921 Sed
924 1877 979 1922 et
1012 1869 1124 1937 ipse
1164 1866 1415 1920 Salvator
1447 1867 1572 1921 boni
1606 1866 1694 1919 Dei
1723 1866 1891 1921 Filius
1928 1842 1970 1896 Β
1999 1868 2087 1922 bio
2123 1868 2451 1936 fatebuntur,
2483 1842 2611 1938 qia
2651 1842 3028 1923 etiam-dicent
3060 1842 3392 1937 deijustitia?
3419 1870 3567 1923 Nun-

265 1967 310 2019 in
342 1963 689 2034 Evangeliis
742 1968 1095 2030 protestatur
1131 1968 1187 2012 et
1231 1959 1382 2023 dicit,
1422 1974 1440 2007 ‹
1485 1957 1611 2026 quia
1638 1958 1683 2012 si
1738 1958 1891 2027 signa

1996 1976 2158 2031 quam
2207 1959 2470 2030 profecto,
2504 1969 2561 2013 ut
2604 1960 2733 2013 mihi
2768 1959 3000 2025 videtur,
3051 1960 3127 2013 ita
3161 1961 3450 2028 desipient,
3505 1970 3567 2014 ut

261 2070 307 2112 et
334 2059 597 2128 prodigia
632 2056 806 2110 facta
865 2054 1097 2109 fuissent
1123 2054 1176 2108 in
1210 2053 1354 2126 Tyro
1385 2062 1439 2107 et
1481 2053 1705 2117 Sidone,
1758 2053 1891 2107 olim
1988 2051 2252 2119 justitiam
2283 2059 2475 2121 negent
2505 2064 2625 2104 esse
2657 2051 2931 2104 virtutem.
2980 2050 3119 2119 Ergo
3160 2053 3202 2104 si
3230 2051 3430 2103 bonum
3458 2051 3567 2104 vir-

262 2151 487 2205 itrsacco
521 2159 586 2203 et
616 2148 837 2201 cinere
866 2147 1117 2200 sedentes
1142 2145 1512 2213 paenitentiam
1531 2144 1767 2213 egissent
1788 2144 1886 2200 ⁸⁸.»

264 2242 320 2296 Et
345 2256 470 2295 cum
506 2241 843 2310 proximus
883 2236 1068 2305 utique
1110 2235 1241 2303 ipsis
1285 2234 1515 2288 urbibus
1547 2233 1888 2299 accessisset,

264 2348 322 2386 ac
349 2332 490 2386 lines
526 2343 753 2384 earum
796 2326 1004 2378 fuisset
1034 2325 1305 2392 ingressus
1348 2324 1493 2393 (80),
1523 2338 1653 2388 cur,
1686 2334 1889 2392 qtueso,

267 2422 495 2476 det-linat
534 2419 833 2473 civitates
872 2415 1009 2467 istas
1044 2411 1276 2482 ingredi,
1318 2421 1374 2465 et
1405 2420 1666 2481 praestare
1706 2413 1787 2465 eis
1820 2411 1895 2465 si-

250 2530 488 2584 gnorum
532 2521 599 2566 et
648 2505 1057 2579 prodigiorum
1091 2505 1321 2572 copiam,
1362 2504 1411 2558 si
1452 2518 1546 2558 eas
1579 2505 1663 2559 his
1725 2504 1893 2574 gestis

266 2612 314 2664 in
339 2622 502 2663 sacco
526 2613 590 2661 et
618 2604 835 2659 cinere
859 2608 1074 2653 certum
1093 2608 1208 2651 erat
1238 2605 1456 2651 acturas
1483 2610 1602 2651 esse
1625 2596 1893 2667 pteniten-

269 2701 429 2756 tiam?
460 2698 636 2765 Quod
676 2694 890 2761 utique
918 2706 1045 2745 cum
1087 2704 1190 2743 non
1223 2690 1368 2753 facit,
1404 2688 1521 2743 sine
1556 2688 1719 2741 dubio
1764 2703 1892 2756 per-

267 2795 448 2849 ditioni
483 2804 590 2845 eas
640 2783 959 2851 relinquit,
994 2796 1128 2848 quas
1175 2780 1329 2834 mala:
1371 2788 1425 2833 et
1468 2780 1687 2848 perdita-
1728 2788 1891 2832 natu-

268 2902 335 2939 ra:
361 2884 477 2953 (8|)
512 2894 635 2934 non
684 2888 821 2929 esse
857 2874 982 2940 ipse
1022 2868 1295 2939 Evangelii
1330 2883 1509 2922 sermo
1542 2867 1749 2921 indicat
1799 2868 1892 2936 qui

268 2992 355 3030 eas
382 2973 648 3045 potuisse
686 2964 981 3036 pcenitere
1020 2961 1277 3028 designat.
1320 2959 1427 3013 Sed
1467 2968 1520 3012 et
1570 2958 1623 3010 in
1658 2959 1890 3026 quadam

271 3064 551 3135 Evangelii
592 3054 990 3113 nihilominus
1028 3050 1285 3121 parabola
1331 3050 1638 3120 ingrediens
1674 3064 1769 3103 rex
1812 3049 1895 3102 vi-

1996 2151 2107 2207 tus,
2130 2150 2181 2197 et
2206 2142 2411 2210 justitia
2437 2141 2608 2195 virtus
2631 2151 2734 2207 est,
2778 2140 2895 2195 sine
2917 2141 3079 2194 dubio
3109 2140 3323 2209 justitia
3353 2141 3567 2195 bonitas

1993 2243 2079 2287 est
2105 2231 2238 2305 (85).
2266 2233 2322 2286 Si
2347 2248 2472 2286 vero
2506 2233 2742 2287 dixerint
2776 2248 2881 2287 non
2906 2249 3025 2288 esse
3047 2234 3246 2286 bonum
3264 2234 3564 2302 justitiam,

1995 2330 2245 2391 superest
2271 2330 2329 2374 ut
2365 2331 2459 2375 aut
2483 2321 2679 2374 malum
2712 2323 2804 2387 sit,
2846 2332 2938 2376 aut
2968 2322 3305 2377 indili'ercns.
3336 2323 3402 2375 Et
3438 2324 3564 2392 qui-

1995 2415 2117 2468 dem
2173 2414 2473 2469 dicentibns
2515 2413 2713 2467 malum
2760 2428 2878 2467 esse
2926 2413 3190 2481 justitiam
3234 2416 3567 2482 respondere

1995 2507 2233 2575 ineptum
2266 2515 2411 2574 puto.
2439 2505 2672 2559 Videbor
2701 2506 2841 2560 enim
2864 2506 2945 2559 vel
2974 2505 3182 2561 insanis
3196 2507 3565 2569 sermonibus.

1994 2598 2075 2651 vel
2101 2608 2276 2652 mente
2301 2598 2459 2651 motis
2479 2597 2785 2651 hominibus
2818 2597 3165 2666 respondere.
3196 2596 3394 2651 Malum
3419 2600 3565 2653 enim

1994 2690 2262 2756 quomodo
2296 2686 2565 2741 videbitur
2604 2688 2654 2740 id
2695 2690 2840 2756 quod
2880 2688 3037 2741 bonis
3077 2689 3219 2743 bona
3262 2690 3567 2744 retribuere

1993 2789 2189 2849 potest,
2227 2780 2364 2833 sicut
2393 2778 2554 2833 etiam
2581 2778 2678 2847 ipsi
2705 2779 2979 2833 fatentur?
3010 2780 3064 2833 Si
3092 2796 3219 2835 vero
3248 2780 3567 2836 indiﬂerens

1993 2870 2255 2931 dixerint,
2288 2883 2629 2937 consequens
2659 2879 2741 2923 est
2772 2877 2829 2923 ut
2860 2884 2982 2924 cum
3004 2870 3215 2939 justitia
3250 2870 3567 2925 indiil‘erens

1995 2965 2084 3025 sit,
2115 2970 2168 3015 et
2189 2962 2455 3015 sobrietas
2482 2970 2537 3015 et
2560 2956 2847 3029 prudentia
2887 2968 2942 3013 et
2981 2975 3172 3015 omnes
3206 2960 3426 3029 reliqua:
3454 2965 3570 3015 vir-

1997 3062 2137 3107 tutes
2169 3052 2538 3106 indill‘erentes
2569 3051 2895 3106 habeantur.
2946 3052 3010 3104 Et
3038 3052 3167 3120 quid
3210 3055 3567 3121 respondebi-

271 3158 398 3212 dere
426 3151 880 3210 discumbentes
902 3143 997 3212 qui
1032 3141 1245 3195 fuerant
1274 3140 1507 3203 invitati,
1539 3140 1674 3193 vidit
1703 3154 1892 3207 quem-
1921 3175 1963 3232 ϐ
1997 3159 2116 3198 mus
2139 3140 2305 3198 Paulo
2335 3143 2564 3198 dicenti:
2593 3161 2612 3193 i
2647 3143 2702 3197 Si
2737 3158 2839 3212 qua
2868 3143 3059 3207 virtus,
3080 3144 3123 3197 si
3151 3159 3256 3211 qua
3287 3144 3425 3210 laus,
3449 3145 3567 3201 haec

274 3252 394 3304 dam
423 3262 536 3299 non
573 3243 853 3296 indutum
886 3232 1221 3300 nuptialibus
1251 3232 1605 3295 indumentis,
1637 3241 1690 3285 et
1714 3231 1892 3285 aitei:

277 3356 299 3389 ς
332 3337 554 3398 Amice,
595 3324 899 3399 quomodo
946 3322 1060 3375 huc
1094 3310 1305 3375 intrasti
1353 3336 1459 3374 non
1496 3319 1702 3375 habens
1742 3320 1898 3374 indu-

273 3440 522 3483 mentum
562 3417 872 3490 nuptiale?
915 3414 1077 3468 Tunc
1105 3410 1180 3467 ait
1218 3411 1482 3465 ministris
1512 3428 1525 3464 :
1558 3410 1815 3481 Ligantes
1845 3412 1896 3466 ei

272 3534 474 3574 manus
502 3526 562 3571 et
590 3514 773 3584 pedes
814 3507 1026 3561 mittite
1052 3518 1171 3558 eum
1212 3503 1375 3558 foras-
1395 3504 1446 3557 in
1475 3502 1724 3557 tenebras
1749 3513 1899 3557 exte-

278 3616 478 3675 riores,
509 3610 587 3664 ibi
620 3607 736 3660 erit
764 3601 936 3656 ﬂetus
966 3607 1024 3652 et
1050 3598 1249 3651 stridor
1277 3597 1517 3651 dentium
1544 3597 1614 3649 ⁸⁷.
1651 3615 1671 3649 ι
1709 3596 1901 3651 Dicant

276 3707 443 3759 nobis
491 3700 623 3769 quis
672 3701 763 3749 est
806 3692 917 3745 iste
963 3702 1060 3742 rex
1111 3688 1200 3757 qui
1242 3687 1521 3755 ingressus
1567 3696 1652 3742 est
1715 3687 1900 3741 videro

279 3795 733 3853 discumbentes,
806 3794 868 3841 et
927 3780 1214 3837 inveniens
1277 3780 1417 3833 inter
1460 3794 1556 3835 eos
1610 3780 1899 3848 quemdam

282 3887 527 3941 sordidis
556 3875 937 3938 indumentis,
968 3872 1124 3941 jubet
1153 3885 1275 3924 eum
1310 3870 1553 3923 vinctum
1581 3885 1679 3938 per
1737 3870 1901 3924 mini-

282 3988 435 4032 stros
464 3990 602 4030 suos
637 3973 695 4025 in
719 3966 1036 4022 exteriores
1070 3962 1321 4016 tenebras
1352 3960 1588 4015 detrudi.
1614 3959 1899 4031 Nunquid-

289 4083 421 4122 nam
455 4067 550 4119 ille
580 4070 668 4117 est
691 4074 860 4130 quem
882 4056 1095 4124 justum
1120 4052 1337 4107 dicunt?
1355 4053 1419 4106 Et
1440 4053 1711 4121 quomodo
1730 4052 1901 4106 bonos

285 4175 353 4213 ac
384 4158 566 4211 malos
594 4155 852 4222 jusserat
897 4146 1124 4201 invitari
1159 4144 1291 4214 (εἳ),
1324 4159 1424 4199 nec
1455 4142 1648 4197 merita
1677 4158 1705 4195 a
1735 4143 1898 4197 mini-

288 4251 426 4305 stris
470 4243 750 4303 sciscitari
799 4234 1189 4309 praeceperat?
1225 4232 1327 4287 Per
1373 4232 1515 4301 quod
1560 4232 1746 4299 utique
1792 4246 1901 4286 non

286 4341 427 4407 justi
454 4338 721 4407 alicujus,
756 4341 819 4386 ut
866 4328 963 4381 isti
1004 4328 1210 4390 dicunt,
1258 4332 1311 4378 et
1351 4340 1449 4393 pro
1484 4322 1696 4377 meritis
1736 4322 1899 4376 retri-

297 4433 546 4494 buentis,
584 4429 683 4483 sed
708 4440 840 4496 erga
871 4433 1069 4476 omnes
1095 4419 1400 4471 indiscreta:
1427 4415 1780 4484 benignitatis
1815 4415 1901 4469 in-

1999 3234 2230 3303 c0gitate
2259 3249 2378 3301 quae
2418 3231 2701 3298 didicistis,
2736 3242 2786 3287 et
2817 3233 3123 3302 accepistis,
3155 3242 3208 3287 ct
3229 3234 3479 3300 audistis,
3513 3242 3569 3289 et

1998 3327 2209 3380 vidistis
2263 3326 2316 3379 in
2376 3339 2461 3378 me
2493 3325 2571 3378 "‘1
2625 3342 2643 3376 ι
2706 3324 2926 3378 Discant
2976 3339 3105 3392 ergo
3158 3336 3567 3392 perscrutantes

2002 3415 2309 3484 Scripturas
2342 3414 2573 3479 divinas,
2614 3430 2733 3483 qua;
2767 3423 2891 3468 sunt
2942 3414 3169 3483 singula:
3214 3415 3462 3481 virtutes,
3514 3423 3571 3469 ct

2000 3521 2106 3559 non
2128 3502 2431 3573 subripiunt
2457 3504 2512 3557 in
2553 3505 2657 3558 hoc
2686 3504 2828 3572 quod
2852 3504 3062 3568 dicunt,
3088 3505 3212 3574 quia
3239 3505 3283 3558 is
3314 3506 3453 3561 Deus
3475 3508 3569 3576 qui

1998 3595 2288 3664 unicuique
2316 3595 2607 3649 secundum
2635 3595 2883 3648 meritum
2915 3596 3193 3664 retribuit,
3238 3598 3363 3653 odio
3392 3599 3569 3654 malo-

2000 3700 2118 3738 rum
2146 3682 2519 3755 retribuit(86)
2550 3684 2710 3737 malis
2744 3684 2903 3749 mala,
2937 3695 2993 3739 et
3040 3701 3144 3739 non
3174 3701 3272 3755 pro
3314 3701 3379 3743 eo
3424 3687 3570 3757 quod

2001 3773 2392 3830 austerioribus
2429 3772 2613 3827 curari
2645 3771 2890 3841 indigent
2936 3773 3348 3829 medicamentis
3384 3775 3439 3829 hi
3476 3777 3568 3845 qui

2000 3868 2362 3935 deliquerunt,
2399 3871 2454 3918 et
2492 3872 2779 3933 propterea
2822 3862 2932 3933 (87)
2972 3864 3055 3919 his
3091 3866 3313 3920 adhibet
3338 3882 3399 3921 ea
3447 3881 3570 3936 qua:

2000 3942 2390 4012 emendatioms
2437 3962 2729 4024 prospectu
2774 3955 2841 4006 ad
2883 3968 3121 4021 praesens
3163 3956 3416 4011 videntur
3450 3972 3572 4011 sen-

1999 4063 2118 4103 sum
2143 4045 2348 4101 doloris
2373 4044 2589 4099 inferre.
2622 4043 2737 4097 Non
2770 4043 2952 4113 legunt
2986 4046 3098 4116 (88)
3124 4047 3252 4115 quid
3307 4049 3568 4116 scriptum

2000 4137 2071 4191 sit
2100 4136 2167 4190 de
2197 4150 2291 4205 spe
2325 4134 2535 4188 illorum
2571 4134 2662 4202 qui
2703 4133 2757 4187 in
2789 4134 2988 4189 diluvio
3015 4137 3276 4205 perempti
3304 4147 3450 4206 sunt,
3505 4139 3571 4192 de
3604 4158 3633 4185 κ.

2000 4242 2106 4296 qua
2142 4239 2237 4294 Spe
2279 4224 2471 4279 Petrus
2498 4225 2612 4294 ipse
2641 4226 2693 4278 in
2738 4227 2913 4293 prima
2935 4226 3174 4295 Epistola
3204 4243 3298 4282 sua
3340 4230 3411 4283 ita
3446 4229 3565 4285 ait:

2006 4336 2026 4370 ι
2050 4318 2185 4384 Quia
2231 4318 2478 4373 Christus
2507 4325 2751 4371 mortuus
2781 4318 2999 4386 quidem
3036 4328 3120 4373 est
3158 4335 3343 4387 carne,
3392 4322 3569 4376 viviﬁ-

2002 4420 2155 4463 catus
2176 4415 2352 4461 autem
2376 4408 2568 4475 spiritu
2604 4423 2619 4459 :
2652 4408 2703 4461 in
2738 4423 2844 4477 quo
2875 4423 3105 4478 pergens
3133 4412 3453 4477 praedicavit
3484 4413 3571 4466 his

293 4524 518 4579 dicatur
560 4519 827 4574 all'ectus.
868 4512 928 4567 Si
965 4524 1097 4564 vero
1140 4520 1361 4562 necesse
1408 4514 1491 4560 est
1527 4505 1629 4558 hoc
1660 4505 1724 4558 de
1758 4504 1897 4558 bono
1928 4505 1973 4560 D
2002 4500 2281 4570 spiritibus
2310 4501 2402 4568 qui
2440 4500 2495 4553 in
2537 4515 2758 4555 carcere
2790 4500 3133 4565 tenebantur,
3166 4502 3255 4569 qui
3301 4503 3569 4558 increduli

298 4614 441 4677 Deo,
472 4612 524 4665 id
557 4618 646 4664 est
674 4604 758 4660 vel
789 4604 862 4658 de
886 4599 1137 4660 Christo,
1175 4594 1261 4648 vel
1298 4595 1365 4648 de
1394 4592 1557 4646 Patre
1584 4590 1787 4645 Christi
1822 4591 1906 4644 in-

296 4707 495 4775 telligi,
547 4702 688 4773 quid
722 4696 881 4753 aliud
918 4700 1007 4749 est
1040 4690 1182 4759 quod
1208 4687 1356 4758 justo
1402 4686 1496 4740 Dei
1532 4684 1741 4753 judicio
1767 4682 1909 4751 obji-

2001 4592 2217 4644 fuerant
2245 4591 2534 4658 aliquando
2567 4605 2689 4645 cum
2721 4599 3097 4659 exspectarent
3120 4591 3211 4644 Dei
3246 4593 3569 4660 patientiam

2004 4682 2059 4737 in
2085 4683 2274 4737 diebus
2306 4680 2414 4736 Noe
2437 4696 2560 4736 cum
2588 4681 2944 4736 fabricaretur
2983 4696 3130 4747 arca,
3159 4682 3212 4737 in
3239 4698 3345 4754 qua
3380 4687 3572 4756 pauci,

382 4880 434 4910 ”
470 4875 669 4931 Matth.
704 4885 855 4934 xxv,
887 4866 983 4919 4i.
1058 4863 1104 4894 ’°
1132 4860 1321 4915 Matth.
1362 4874 1439 4924 x1,
1468 4856 1558 4913 2].
1632 4842 1682 4887 δ’
1723 4854 1889 4910 Matth

2006 4870 2090 4918 tu,
2117 4852 2203 4919 12,
2238 4852 2324 4907 15.
2398 4852 2443 4883 ⁸⁸
2474 4849 2609 4903 Phil.
2637 4868 2709 4917 tv,
2733 4848 2786 4909 8,
2812 4847 2867 4902 9.

372 5042 491 5109 (79)
512 5040 607 5094 Sic
636 5050 776 5090 mss.
812 5032 996 5092 Alias,
1024 5046 1043 5079 ι
1088 5035 1195 5081 tam
1227 5024 1462 5095 pmnale,
1496 5033 1604 5077 tam
1638 5021 1787 5075 triste
1819 5034 1905 5074 se-

299 5116 539 5167 cundum
571 5120 804 5162 sensum
835 5114 1056 5167 eorum.
1094 5116 1113 5148 ι

369 5160 763 5252 (isillis-ﬁnes
805 5184 1003 5252 earum
1032 5166 1214 5252 fuisset
1248 5160 1709 5252 ingressusakilfecm
1706 5162 1899 5252 desunt

300 5233 390 5306 in‘
412 5233 571 5305 aritea
604 5233 806 5307 editis,
837 5239 938 5294 sed
990 5233 1256 5309 habentur
1284 5236 1339 5288 in
1380 5233 1627 5309 omnibus
1663 5246 1797 5309 mss.

371 5303 643 5391 (aliisue
706 5303 869 5370 recte
918 5323 1125 5391 ‘mss:;_
1168 5306 1298 5391 libb.
1370 5303 1535 5391 editi,
1570 5303 1899 5391 Aufide?)

295 5371 613 5460 ναζιᾶροὲι
643 5401 820 5447 mss.,
856 5398 878 5431 ε
918 5379 1031 5432 huc
1054 5375 1287 5430 intrasti.
1321 5393 1341 5427 ι
1373 5373 1531 5427 Libb.
1566 5371 1722 5435 editi,
1754 5387 1773 5421 ι
1818 5371 1901 5421 ἰη-

505 5464 766 5585 ῗιιξιεξιιέε.
810 5518 986 5575 Libb.
1011 5514 1162 5581 editi,
1192 5532 1210 5566 ι
1241 5511 1481 5582 nunquid
1500 5525 1605 5593 non
1635 5507 1725 5563 ille
1751 5514 1900 5561 est...

270 5602 953 5673 mvitarejusscrat._{n
1036 5654 1197 5673 _J.__
1247 5671 1254 5673 Α
1303 5652 1437 5673 nu”
1471 5651 1484 5673 ε

341 5646 789 5751 gerentes.-
804 5654 1171 5751 _Lzle--s.<!itt
1186 5650 1617 5751 ,εηορξξξηίιεξξειη
1760 5646 1904 5751 222::

246 5716 845 5819 p.93’o3iﬁdiétd
870 5726 1171 5819 objici‘tur?
1198 5724 1307 5780 lmo
1325 5716 1472 5792 iquid
1514 5724 1619 5776 tale
1654 5727 1734 5775 est
1762 5716 1904 5787 quod

245 5795 313 5879 in
326 5795 634 5888 Deo—legis
662 5795 1066 5866 criminatur?
1098 5813 1117 5845 ι

2073 5016 2184 5090 (84)
2216 5015 2432 5090 Bonitas
2460 5010 3058 5090 virtus._Desideratitur
3094 5008 3146 5062 in
3189 5019 3346 5062 antea
3387 5010 3586 5075 editis,

2000 5082 2093 5143 sed
2122 5082 2385 5140 habentur
2407 5086 2458 5136 in
2497 5082 2747 5134 omnibus
2778 5096 2906 5132 mss.

2072 5158 2181 5229 (85)
2210 5155 2334 5210 Sine
2362 5152 2519 5205 dubio
2559 5150 2771 5229 iustitia
2824 5149 3028 5228 bonitas
3076 5159 3181 5229 est.
3229 5147 3570 5229 Htecoetiam

2002 5218 2197 5281 desunt
2220 5232 2269 5278 in
2307 5232 2465 5277 antea
2508 5221 2685 5285 editis,
2718 5221 2967 5288 quamvis
3009 5221 3346 5288 reperiantur
3372 5218 3425 5270 in
3460 5234 3549 5273 om

2005 5299 2160 5349 nibus
2195 5310 2321 5348 mss.

2075 5364 2184 5437 (86)
2247 5364 2381 5437 Odia
2443 5359 2699 5414 malorum
2731 5358 2993 5437 retribuit,
3037 5357 3170 5437 llaec
3221 5370 3436 5437 quoque
3479 5358 3573 5410 dc-

2002 5429 2309 5491 siderantur
2364 5433 2418 5485 in
2476 5440 2633 5486 antea
2663 5430 2866 5495 editis,
2900 5431 2994 5482 sed
3036 5430 3303 5482 habentur
3344 5429 3395 5479 in
3440 5442 3573 5481 mss.

2074 5506 2187 5573 (87)
2217 5505 2294 5558 lta
2329 5517 2455 5555 mss.
2489 5500 2646 5555 Libh.
2679 5500 2830 5573 editi,
2880 5517 2897 5549 ι
2955 5506 3159 5573 postea.
3199 5516 3214 5546 ι
3240 5497 3433 5573 Paulo
3455 5504 3572 5565 pus:

2005 5566 2180 5639 mss,
2214 5594 2232 5626 ς
2289 5575 2361 5628 de
2411 5587 2515 5641 qua
2566 5584 2661 5638 spe
2714 5567 2927 5622 Petrus.
2993 5587 3011 5619 ι
3072 5566 3129 5618 lu
3189 5566 3350 5619 editis
3403 5567 3572 5628 deest,

2009 5666 2027 5697 ι
2063 5661 2178 5710 spe.
2207 5663 2226 5695 ι

2076 5703 2186 5787 (88)
2212 5714 2342 5769 Vide
2368 5711 2402 5766 Ι.
2430 5726 2467 5766 ιι
2499 5708 2828 5781 0rigenian.,
2847 5724 2901 5778 (ι.
2938 5706 3081 5776 Η,η.
3108 5703 3162 5757 7.
