3988 6418
459 358 562 417 237

1694 356 2015 414 ORiGENlS
2046 359 2204 412 ΠΕΡΙ
2242 358 2473 412 ΔΡΧΩΝ

3610 362 3718 417 9(8

462 481 513 534 id
549 488 634 536 est
685 492 807 535 octo
864 480 1057 534 animm
1110 481 1272 535 salva:
1327 482 1478 535 factre
1501 489 1629 534 sunt
1675 496 1771 549 per
1822 496 2036 549 aquam.
2070 491 2114 545 Α
2147 478 2421 548 legislator
2465 478 2744 547 potabitur
2796 478 2956 532 Deus.
3008 478 3208 534 Paulus
3258 482 3534 549 apostolus
3576 480 3720 538 nuiia

460 572 602 642 quod
638 581 692 627 et
717 587 811 625 vos
834 574 998 627 simili
1034 572 1203 627 forma
1246 587 1387 626 nunc
1423 572 1689 640 baptisma
1737 572 1920 625 salvos
1960 572 2038 625 fa-

460 665 531 717 cit
561 664 626 716 ’9.
677 681 694 714 ι
736 662 806 715 De
834 662 1066 716 Sodoma
1094 672 1271 715 autem
1297 671 1349 715 et
1374 660 1677 716 Gomorrha
1719 662 1903 715 dicant
1937 675 2037 714 no-

461 752 566 816 bis,
599 754 643 808 si
681 754 1195 807 creduntcrcatoris
1220 753 1309 805 Dei
1330 765 1449 807 esse
1473 753 1821 822 propheticas
1850 767 2031 820 voces,

462 842 577 909 ejus
600 843 808 897 scilicet
832 842 921 910 qui
956 839 1192 895 refertur
1230 856 1392 909 super
1431 856 1525 896 eos
1554 841 1690 911 ignis
1718 851 1773 896 et
1817 842 2039 911 sulphu-

464 935 536 987 ris
589 933 813 986 imbrem
869 932 1099 1002 pluisse:
1154 933 1283 1001 quid
1335 933 1467 987 dicit
1513 935 1580 988 de
1628 933 1758 1001 ipsis
1790 932 2040 987 Ezechiel

461 1026 758 1096 propheta?
790 1045 807 1076 ι
861 1025 1217 1086 Rcstituetur,
1276 1024 1473 1093 inquit,
1529 1024 1765 1080 Sodoma
1816 1025 1871 1079 in
1907 1025 2044 1077 auti-

461 1134 623 1190 quum
655 1119 695 1173 ³.
729 1137 748 1169 ι
784 1117 921 1184 Quid
943 1127 1121 1170 autem
1154 1116 1397 1184 afﬂigens
1428 1131 1525 1171 eos
1560 1117 1649 1185 qui
1696 1131 1855 1187 paena
1890 1116 2041 1186 digni

459 1220 607 1276 sunt,
639 1226 743 1263 non
778 1224 873 1277 pro
898 1210 1040 1262 bono
1062 1206 1283 1275 afﬂigit?
1315 1205 1419 1272 Qui
1449 1208 1612 1260 etiam
1639 1208 1704 1259 ad
1730 1205 2040 1260 Chaldmam

460 1304 591 1355 dicit
620 1324 630 1357 :
668 1320 685 1352 ι
720 1301 897 1355 llahes
930 1302 1200 1355 carbones
1229 1302 1391 1368 ignis,
1431 1299 1561 1354 sede
1602 1313 1762 1369 super
1793 1314 1907 1363 eos,
1942 1299 2038 1366 ipsi

458 1403 621 1447 erunt
655 1394 746 1447 tibi
773 1392 1105 1461 adjutorio’.
1136 1412 1156 1444 ι
1193 1391 1299 1446 Sed
1330 1402 1383 1445 et
1413 1393 1478 1445 de
1511 1392 1595 1445 his
1618 1393 1710 1460 qui
1742 1394 1795 1444 in
1829 1392 2043 1445 deserto

456 1487 791 1547 ceciderunt,
840 1487 1062 1537 audiant
1114 1485 1243 1553 quid
1299 1486 1351 1539 itt
1390 1492 1600 1539 ’Lxxvtt
1653 1484 1883 1554 psalmo,
1949 1486 2042 1554 qui

457 1578 636 1647 Asaph
671 1578 1115 1646 snperscribitur,
1149 1576 1453 1641 referatur;
1485 1576 1561 1629 ait
1613 1575 1797 1629 enim:
1848 1592 1866 1625 t
1905 1575 2043 1629 Cum

456 1671 730 1725 occideret
757 1684 874 1735 eos,
904 1680 1031 1723 tunc
1053 1670 1410 1736 exquirebant
1442 1685 1564 1723 ettm
1593 1669 1634 1726 ³.
1675 1687 1693 1720 ι
1734 1666 1850 1721 Νοη
1890 1668 2044 1729 dicit,

457 1765 577 1830 quia
624 1762 745 1816 aliis
790 1762 1089 1817 interfectis
1133 1763 1222 1815 alii
1266 1760 1618 1831 requirebant
1654 1776 1799 1826 eum,
1842 1759 1936 1816 sed
1971 1760 2046 1813 ait

2144 571 2458 625 circuitione
2484 586 2614 624 usus
2643 571 2751 623 ait:
2790 590 2808 621 (
2867 570 2973 627 Lex
3019 587 3150 640 ergo
3178 572 3316 626 bona
3348 582 3456 635 est,
3488 581 3538 626 et
3569 588 3719 626 man-

2144 663 2324 716 datum
2370 673 2617 715 sanctum
2657 671 2712 716 et
2746 662 2951 728 justum
2993 673 3049 717 et
3073 662 3269 717 bonum
3290 666 3333 718 ³.
3367 683 3385 715 ι
3420 663 3495 719 Ex
3527 665 3724 734 quibus

2145 764 2227 807 est
2264 753 2635 818 manifestum,
2682 755 2808 822 quia
2849 754 3045 809 Paulus
3082 773 3184 809 non
3241 757 3468 810 istorum
3517 756 3724 810 litteras

2144 846 2516 915 didiceratqai
2545 846 2750 914 justum
2783 862 2811 900 a
2845 846 2982 901 bono
3000 847 3406 918 separant(9l),
3437 848 3529 904 sed
3564 848 3631 902 ab
3660 863 3723 902 eo

2148 937 2255 993 Deo
2318 937 2495 993 fuerat
2528 941 2849 1006 instructus,
2906 951 2960 996 et
3010 940 3125 1009 ejus
3165 941 3256 994 Dei
3292 940 3511 1009 Spiritu-
3550 938 3721 993 fuerat

2146 1029 2499 1093 illuminatus,
2530 1032 2622 1099 qui
2656 1033 2816 1086 simul
2851 1040 2903 1087 et
2932 1043 3152 1086 sanctus
3184 1043 3236 1085 et
3266 1032 3437 1086 bonus
3470 1039 3524 1084 et
3552 1031 3723 1097 justus

2143 1130 2259 1185 est;
2308 1134 2402 1189 per
2445 1122 2599 1189 cujus
2637 1124 2724 1178 ille
2762 1126 3021 1194 Spiritum
3057 1124 3305 1193 loquens,
3331 1124 3547 1178 dicebat
3572 1139 3722 1179 man-

2144 1214 2325 1268 datum
2390 1216 2521 1285 legis
2578 1233 2698 1271 esse
2748 1225 3018 1283 sanctum,
3051 1227 3103 1271 et
3136 1215 3362 1285 justum,
3399 1226 3456 1270 et
3496 1218 3722 1274 bonum.

2145 1305 2211 1360 Et
2272 1318 2327 1361 ut
2375 1309 2679 1363 evidentius
2736 1326 2897 1378 supra
2945 1309 3210 1378 justitiam
3270 1318 3326 1364 et
3380 1309 3720 1365 sanctitatem

2147 1398 2440 1453 bonitatem
2502 1403 2672 1469 magis
2715 1401 2895 1456 inesse
2955 1403 3267 1456 ostenderet
3327 1401 3380 1455 in
3432 1401 3719 1460 mandato,

2147 1493 2374 1558 repetito
2441 1506 2710 1555 sermone,
2760 1507 2858 1561 pro
2908 1493 2994 1546 his
3048 1493 3219 1546 tribus
3268 1493 3438 1547 solam
3497 1492 3723 1563 pr0tul2t

2148 1584 2441 1636 bonitatem
2511 1583 2759 1639 dicens:
2830 1603 2848 1635 ι
2896 1585 3046 1651 Quod
3114 1600 3243 1655 ergo
3320 1587 3521 1639 bonum
3596 1595 3720 1649 est,

2148 1672 2260 1743 89
2290 1672 2419 1727 mihi
2453 1689 2598 1726 mors
2619 1674 2740 1727 est?
2778 1674 2920 1727 absit
2966 1675 3006 1729 ⁸.
3042 1693 3062 1727 ι
3098 1674 3292 1729 Sciens
3334 1676 3535 1744 quippe
3562 1674 3716 1729 boni-

2156 1776 2317 1817 tatem
2350 1781 2524 1835 genus
2550 1781 2672 1820 esse
2704 1767 2989 1830 virtutum,
3013 1767 3283 1835 justitiam
3324 1782 3453 1821 vero
3478 1767 3562 1821 vel
3594 1782 3717 1821 san-

456 1857 579 1926 quia
615 1871 802 1909 eorum
840 1856 929 1924 qui
960 1855 1352 1910 occidebantur
1389 1855 1511 1907 talis
1549 1854 1958 1915 eratinteritus,
1989 1863 2045 1905 ut
2082 1844 2118 1897 Β
2153 1855 2396 1907 ctitatem
2431 1854 2638 1922 species
2672 1857 2911 1926 generis,
2948 1859 3066 1910 ideo
3094 1871 3216 1911 cum
3249 1854 3300 1910 in
3349 1857 3720 1926 superioribus

456 1947 766 2001 mortificati
813 1946 1154 2016 requirerent
1187 1946 1376 1999 Deum.
1434 1946 1510 1999 Ex
1547 1947 1744 2015 quibus
1793 1945 2043 2002 omnibus

455 2049 669 2094 constat
700 2054 864 2093 unum
888 2039 1245 2107 eumdemque
1266 2052 1385 2092 esse
1406 2037 1610 2104 justum
1653 2048 1707 2092 et
1739 2038 1935 2092 bonum
1967 2037 2043 2092 le-

454 2131 536 2196 gis
566 2141 620 2185 et
664 2129 1071 2199 Evangeliorum
1120 2129 1308 2196 Deum,
1341 2138 1396 2183 et
1436 2127 1759 2184 benefacere
1790 2144 1914 2183 cum
1950 2129 2042 2196 ju-

454 2224 600 2278 stitia
634 2230 689 2277 et
726 2237 848 2276 cum
881 2223 1122 2277 bonitate
1154 2222 1380 2291 punire;
1411 2221 1538 2290 quia
1571 2235 1669 2276 nec
1696 2221 1897 2276 bonum
1925 2221 2042 2276 sine

449 2315 616 2382 justo,
646 2330 743 2369 nec
764 2314 969 2382 justum
997 2316 1117 2370 sine
1139 2315 1279 2369 bono
1306 2314 1621 2395 dignitatem
1638 2314 1835 2368 divina:
1859 2321 2037 2383 potest

454 2410 692 2462 indicare
715 2407 1221 2464 natumAddemtts
1241 2407 1416 2461 adhuc
1441 2406 1605 2460 etiam
1636 2407 1757 2472 hoc,
1786 2408 2041 2461 versutiis

452 2516 638 2553 eorum
673 2498 1121 2567 cumpellentihus
1149 2513 1245 2553 nos
1266 2517 1278 2553 :
1299 2498 1355 2553 Si
1375 2497 1519 2552 aliud
1547 2497 1851 2566 estjustum
1877 2516 2038 2569 quam

452 2589 676 2653 bonum,
711 2588 966 2657 quoniam
1012 2589 1156 2643 bono
1207 2589 1407 2644 malum
1448 2591 1781 2645 contrarium
1827 2602 1927 2657 est,
1985 2602 2040 2647 et

447 2680 594 2744 justo
626 2679 904 2748 injustnm,
960 2680 1078 2733 sine
1130 2680 1295 2735 dubio
1339 2692 1394 2735 et
1432 2682 1684 2751 injustum
1734 2684 1880 2738 aliud
1933 2686 2041 2740 erit

452 2788 611 2840 quam
645 2773 877 2833 malum;
906 2780 958 2826 et
986 2774 1325 2841 sicutjustus
1363 2780 1504 2845 apud
1538 2793 1632 2832 vos
1677 2777 1790 2848 (89)
1823 2794 1925 2833 non
1957 2788 2039 2834 est

452 2864 648 2928 bonus,
686 2864 756 2917 ita
796 2878 970 2933 neque
1018 2865 1247 2930 injustus
1289 2868 1397 2921 erit
1442 2868 1649 2929 malus;
1696 2879 1750 2923 et
1797 2886 2036 2936 rursum,

452 2956 593 3006 sicut
620 2953 790 3008 bonus
830 2971 931 3009 non
960 2954 1251 3022 estjustus,
1285 2957 1357 3011 ita
1389 2966 1443 3012 et
1488 2959 1659 3012 malus
1678 2973 1782 3012 non
1816 2961 1920 3013 erit
1953 2960 2035 3012 iu-

446 3044 641 3110 justus.
694 3045 789 3100 Cui
843 3056 1023 3101 autem
1068 3062 1173 3101 non
1218 3048 1431 3101 videtur
1462 3050 1777 3114 absurdum,
1826 3060 1882 3104 ut
1930 3052 2037 3106 Deo

2147 1960 2319 2015 genus
2343 1944 2501 2001 simul
2531 1961 2594 2000 ac
2625 1948 2833 2015 species
2866 1949 3489 2017 nominasset,rcpctens
3513 1964 3720 2003 sermo-

2148 2052 2267 2091 nem
2302 2037 2368 2090 ad
2404 2038 2575 2091 solum
2617 2054 2785 2108 genus
2812 2041 3051 2094 retorsit.
3092 2039 3197 2094 Sed
3222 2050 3276 2094 et
3306 2041 3356 2093 in
3384 2054 3718 2108 consequen-

2148 2127 2290 2180 tibus
2319 2143 2332 2178 :
2370 2146 2387 2178 ι
2423 2126 2736 2192 Peccatum,
2780 2129 2976 2199 inquit,
3008 2145 3103 2199 per
3128 2131 3326 2184 bonum
3357 2131 3488 2183 mihi
3522 2144 3717 2199 opera.~

2146 2228 2257 2274 tum
2284 2230 2365 2275 est
2398 2223 2691 2275 mortem'.
2740 2240 2757 2273 ι
2802 2222 2856 2276 1η
2913 2237 3022 2290 quo
3072 2223 3122 2276 id
3169 2237 3261 2291 per
3289 2236 3457 2291 genus
3494 2224 3719 2279 conclu-

2145 2312 2240 2378 dit,
2290 2314 2433 2381 quod
2482 2315 2729 2380 superius
2785 2329 2882 2383 per
2920 2314 3131 2380 species
3195 2325 3542 2383 exposuerat.
3610 2315 3717 2369 Hoc

2144 2404 2305 2457 modo
2356 2419 2595 2472 namque
2641 2405 3046 2474 intelligendum
3081 2416 3162 2461 est
3215 2407 3379 2460 etiam
3413 2406 3543 2460 illud
3575 2409 3715 2475 quod

2142 2496 2346 2549 dictum
2381 2507 2466 2551 est
2496 2514 2511 2550 :
2548 2515 2565 2547 ι
2599 2497 2776 2551 Bonus
2806 2499 2966 2551 homo
2994 2497 3059 2552 de
3089 2496 3228 2552 boum
3254 2499 3510 2555 thesauro
3536 2499 3718 2554 cordis

2142 2589 2224 2641 sui
2269 2588 2476 2655 profert
2506 2591 2728 2656 bonum,
2780 2599 2835 2644 et
2884 2593 3057 2646 mal-ts
3087 2592 3155 2645 de
3202 2591 3339 2645 malo
3367 2591 3575 2661 profert
3605 2607 3718 2645 nta-

2143 2683 2253 2736 lum
2283 2682 2324 2735 ⁸.
2367 2702 2385 2734 ι
2423 2681 2607 2737 Genus
2664 2700 2899 2755 namque
2956 2684 3247 2753 assumpsit
3304 2684 3467 2738 etiam
3526 2684 3616 2739 hic
3660 2685 3713 2739 in

2139 2776 2282 2829 bono
2313 2774 2422 2847 (92)
2463 2775 2544 2831 vel
2588 2776 2752 2841 malo,
2781 2778 3075 2831 ostendens
3102 2774 3221 2829 sine
3251 2775 3416 2828 dubio
3466 2775 3520 2828 in
3569 2775 3715 2831 bono

2140 2865 2361 2919 homine
2400 2880 2523 2921 esse
2555 2877 2605 2920 et
2634 2866 2901 2935 justitiam
2934 2875 2987 2921 et
3014 2864 3360 2919 sobrietatem
3392 2874 3445 2919 et
3480 2866 3715 2935 prudenv

2145 2954 2274 3008 tiam
2307 2966 2362 3009 et
2389 2957 2647 3023 pietatem
2678 2966 2732 3011 et
2762 2973 2925 3012 omne
2953 2959 3094 3027 quod
3126 2955 3210 3009 vel
3258 2955 3361 3009 dici
3394 2958 3597 3010 bonum
3630 2956 3711 3009 vel

2139 3046 2365 3117 intelligi
2405 3058 2603 3117 potest.
2642 3048 2908 3104 Similiter
2935 3050 3097 3104 etiam
3130 3061 3185 3105 et
3212 3050 3409 3104 malum
3438 3049 3712 3103 hominem

448 3136 664 3206 quidem
690 3140 830 3193 bono
867 3141 1171 3193 contrarius
1191 3140 1259 3193 sit
1293 3141 1488 3203 malus,
1524 3140 1630 3196 Deo
1672 3151 1853 3195 autem
1885 3143 2034 3210 justo
2062 3176 2104 3233 α
2138 3138 2297 3201 dixit.
2325 3139 2419 3207 qui
2444 3140 2579 3194 ‘Sine
2607 3140 2771 3195 dubio
2809 3152 2954 3196 esset
2988 3141 3244 3211 injustlIS.
3276 3152 3330 3196 et
3363 3143 3630 3211 impurus,
3657 3150 3714 3196 οι

450 3246 609 3296 quem
638 3229 950 3286 inferiorem
990 3233 1132 3287 bono
1162 3233 1365 3299 dicunt,
1393 3236 1705 3289 contrarius
1732 3250 1890 3289 nemo
1920 3237 2032 3290 sit?

449 3322 566 3377 Non
612 3324 756 3378 enim
789 3325 926 3377 sicut
966 3324 1197 3378 Satanas
1224 3334 1307 3378 est
1350 3325 1438 3394 qui
1481 3326 1652 3379 malus
1694 3327 1909 3391 dicitur,
1957 3329 2029 3383 ita

448 3427 528 3468 est
568 3416 706 3470 alius
751 3415 946 3485 aliquis
997 3416 1087 3484 qui
1142 3416 1360 3470 dicatur
1408 3416 1659 3483 injustus.
1710 3418 1850 3484 Quid
1904 3436 2032 3490 ergo

449 3508 566 3561 est?
614 3508 1006 3561 Rescindamus
1054 3522 1115 3561 ea
1163 3522 1283 3576 quae
1324 3507 1684 3563 defendimus.
1728 3510 1845 3565 Non
1883 3512 2026 3565 enim

448 3609 705 3669 poterunt
732 3600 931 3663 dicere,
962 3601 1084 3669 quia
1121 3600 1296 3655 malus
1326 3616 1431 3655 non
1464 3604 1625 3655 etiam
1654 3601 1887 3670 injuslus
1920 3605 2025 3667 sit,

448 3702 503 3745 et
542 3691 771 3759 injustus
798 3692 991 3745 malus.
1026 3692 1178 3758 Quod
1208 3693 1252 3747 si
1292 3694 1344 3745 in
1368 3694 1487 3747 istis
1526 3695 1817 3747 contrariis
1861 3695 2034 3748 indis.

448 3781 779 3835 sm'iabiliter
802 3781 1027 3835 inhmret
1053 3780 1133 3835 vel
1171 3782 1312 3836 malo
1340 3781 1626 3850 injustilia,
1646 3783 1727 3837 vel
1759 3784 2031 3853 injustitizn

448 3875 675 3936 malum,
701 3874 819 3928 sine
847 3873 1010 3928 dubio
1030 3883 1083 3928 et
1110 3875 1280 3928 bonus
1302 3875 1716 3929 iudissociabilis
1734 3877 1835 3930 erit
1858 3878 2027 3946 justo,

448 3975 504 4018 et
531 3964 709 4032 justus
737 3965 908 4030 bono;
941 3973 1001 4018 ut
1045 3965 1185 4018 sicut
1217 3980 1378 4018 unam
1426 3968 1779 4035 eamdemque
1833 3969 2028 4037 nequi-

452 4058 583 4111 tiam
643 4057 862 4111 malitite
919 4065 974 4111 et
1029 4055 1304 4125 injustitiae
1366 4056 1615 4121 dicimus,
1675 4058 1745 4110 ita
1810 4059 2028 4113 bonita-

451 4151 519 4203 tis
582 4163 647 4203 ac
696 4147 921 4217 justitia:
979 4147 1236 4202 virtutem
1299 4164 1462 4201 unam
1534 4151 1886 4220 eamdemque
1950 4162 2029 4206 te—

450 4253 696 4294 tteantus.

517 4330 571 4385 ιι.
602 4329 705 4383 Sed
741 4329 933 4383 iterum
987 4330 1053 4383 ad
1087 4329 1381 4397 Scriptura:
1427 4345 1526 4384 nos
1560 4341 1815 4386 revocant
1862 4334 2026 4388 verba

447 4421 785 4488 proferentes
811 4421 953 4473 illam
993 4434 1144 4473 suam
1174 4419 1285 4492 (90)
1319 4420 1738 4475 famosissimam
1768 4424 2025 4491 quaestio-

2143 3231 2364 3300 impius,
2403 3241 2459 3286 et
2486 3233 2667 3286 omnia
2692 3247 2811 3301 quze
2845 3248 2944 3303 per
2974 3246 3155 3303 partes
3202 3234 3475 3289 hominem
3511 3232 3710 3287 malum

2134 3324 2464 3378 deformant.
2500 3324 2657 3380 Sicut
2686 3327 2828 3378 enim
2860 3328 2981 3380 s'ne
3008 3328 3090 3381 his
3119 3326 3374 3396 nequitiis
3414 3339 3583 3379 nemo
3608 3322 3711 3378 alio

2137 3432 2294 3485 quem
2324 3416 2433 3489 (95)
2463 3419 2664 3470 malum
2715 3419 2985 3472 hominem
3036 3426 3209 3486 putat,
3244 3432 3343 3471 nec
3386 3430 3506 3471 esse
3539 3414 3715 3469 malus

2137 3520 2336 3578 potest,
2370 3510 2439 3562 ita
2490 3519 2547 3562 et
2595 3509 2715 3562 sine
2748 3509 2851 3563 illis
2881 3508 3177 3562 virtutibus
3210 3516 3415 3561 certum
3451 3513 3536 3560 est
3566 3504 3711 3574 quod
3806 3502 3811 3509 ’

2136 3616 2298 3654 nemo
2349 3600 2642 3669 putabitur
2689 3614 2809 3653 esse
2860 3600 3051 3652 bonus.
3114 3598 3371 3666 Superest
3415 3599 3495 3653 eis
3535 3598 3713 3653 adhuc

2135 3692 2326 3757 etiam,
2367 3691 2518 3755 illud,
2541 3690 2685 3759 qttod
2703 3689 2850 3743 velut
2884 3690 3098 3759 proprie
3134 3689 3236 3744 sibi
3271 3690 3459 3743 datum
3494 3696 3710 3742 scutum

2134 3796 2351 3857 putant,
2384 3788 2529 3857 quod
2566 3786 2702 3839 dixit
2728 3784 2986 3839 Dominus
3018 3785 3071 3837 in
3103 3784 3399 3853 Evangelio
3432 3799 3446 3835 :
3485 3802 3503 3834 ι
3539 3781 3710 3837 Nemo

2134 3879 2312 3933 bonus
2351 3876 2457 3931 nisi
2490 3891 2629 3929 unus
2662 3875 2805 3929 Deus
2832 3874 2995 3927 Pater
3024 3876 3045 3907 ⁹
3073 3913 3111 3938 ,.
3135 3892 3154 3925 ι
3185 3873 3429 3926 dicentes
3456 3872 3563 3926 hoc
3585 3884 3708 3925 esse

2133 3970 2411 4037 proprium
2472 3965 2795 4021 vocabulum
2856 3964 3035 4018 Patris
3094 3964 3318 4029 Christi,
3370 3963 3461 4031 qui
3525 3972 3707 4016 tamen

2132 4062 2270 4115 alius
2292 4061 2364 4115 sit
2394 4075 2422 4113 a
2456 4070 2703 4115 creatore
2728 4057 2968 4114 omnium
3010 4055 3138 4117 Deo,
3169 4056 3255 4109 cui
3280 4055 3518 4109 creatori
3551 4055 3708 4108 boni-

2136 4154 2265 4207 tatis
2303 4153 2414 4222 (94)
2446 4152 2648 4205 nullam
2683 4151 2894 4205 dederit
2945 4147 3382 4217 appellationem.
3411 4147 3710 4201 Videamus

2131 4262 2262 4315 ergo
2295 4246 2337 4298 si
2381 4245 2432 4296 in
2476 4241 2653 4295 Veteri
2682 4240 3031 4294 Testamento
3065 4242 3203 4294 Deus
3236 4239 3629 4306 prophetarum
3655 4246 3709 4291 et

2132 4337 2318 4391 mundi
2354 4343 2575 4389 creator
2605 4347 2667 4384 ac
2686 4331 2977 4399 legislator
3028 4346 3133 4383 non
3181 4330 3381 4383 dicitur
3415 4330 3610 4382 bonus.
3645 4328 3709 4381 Et

2131 4429 2258 4498 quid
2312 4438 2399 4482 est
2449 4425 2592 4494 quod
2637 4425 2688 4477 in
2743 4422 2973 4477 Psalmis
3013 4422 3148 4477 dicit
3187 4440 3200 4476 :
3238 4440 3256 4473 ι
3302 4420 3475 4487 Quam
3530 4421 3706 4474 bonus

448 4529 592 4566 nem.
621 4513 1071 4581 Aiuntnamque:
1102 4512 1371 4581 Scriptum
1398 4522 1504 4577 est,
1526 4512 1649 4583 quia
1684 4533 1701 4566 t
1725 4532 1827 4569 non
1853 4526 2028 4582 potest
2062 4521 2103 4575 D
2136 4517 2297 4573 Israel
2350 4517 2490 4570 Deus
2535 4516 2698 4569 rectis
2747 4516 2910 4568 corde
2968 4514 3046 4578 ¹⁶;
3108 4533 3126 4566 i
3160 4522 3215 4567 et
3248 4532 3261 4566 :
3297 4531 3316 4563 ι
3370 4513 3519 4567 Dicat
3560 4527 3705 4565 nunc

447 4607 609 4660 arbor
642 4605 781 4661 mala
835 4604 1047 4660 fructus
1082 4608 1250 4660 bonos
1295 4606 1505 4671 facere;
1555 4621 1617 4659 ex
1670 4604 1845 4661 fructu
1881 4610 2024 4662 enim

449 4698 608 4751 arbor
629 4698 975 4767 cognoscitur
1000 4698 1042 4751 ⁸.
1087 4718 1104 4750 ι
1138 4697 1275 4764 Quid
1305 4712 1437 4767 ergo
1478 4697 1664 4752 aiunt?
1708 4698 1894 4765 Qualis
1932 4714 2025 4753 ar-

447 4789 547 4843 bor
572 4792 641 4843 sit
665 4790 770 4854 lex,
801 4804 868 4843 ex
900 4790 1160 4843 fructibus
1186 4791 1319 4852 suis,
1344 4789 1395 4842 id
1427 4785 1593 4844 estex
1629 4802 2025 4857 praeceptorum

448 4880 785 4934 sermonibus
821 4880 1147 4931 declaratur.
1174 4879 1231 4933 Si
1256 4882 1397 4932 enim
1414 4880 1549 4933 bona
1578 4880 1881 4943 inveniatur
1916 4882 2022 4947 lex,

447 4972 565 5025 sine
597 4971 758 5023 dubio
786 4978 839 5023 et
862 4971 951 5038 qui
984 4970 1126 5022 dedit
1159 4985 1275 5022 eam
1327 4970 1500 5024 bonus
1532 4969 1669 5024 Deus
1700 4984 1820 5024 esse
1850 4971 2026 5024 credi-

450 5072 554 5119 tur.
586 5062 639 5117 Si
675 5076 803 5115 vero
847 5061 990 5129 justa
1032 5060 1201 5129 magis
1238 5075 1399 5129 quam
1442 5061 1604 5124 bona,
1633 5060 1811 5129 justus
1860 5062 2019 5116 etiam

513 5199 560 5235 "
593 5198 607 5251 I
639 5198 749 5250 Pet.
784 5213 864 5259 Ill,
902 5195 1099 5261 18,19.
1125 5194 1214 5259 20,
1249 5195 1338 5250 21.
1377 5198 1393 5227 ¹
1424 5195 1848 5259 Ezech.xvt,53,
1925 5199 1945 5228 ¹
1976 5196 2032 5251 ιε

513 5276 536 5321 ι.
589 5278 643 5321 et
689 5283 793 5321 xu.
844 5267 932 5320 55.
1010 5266 1029 5297 ⁸
1064 5265 1221 5318 Itoni.
1300 5282 1393 5321 vu.
1468 5266 1553 5321 η.
1635 5268 1816 5320 “Ibid.
1869 5267 1951 5320 i5.
2027 5271 2032 5281 ⁴

2140 5211 2293 5262 tLvtt,
2319 5195 2405 5259 14,
2441 5195 2527 5249 15.

2141 5270 2211 5321 id.
2293 5268 2314 5298 ⁸
2343 5267 2527 5320 Matth.

1726 5284 1816 5320 )ltl.
1869 5284 1951 5320 ιο.
2033 5284 2211 5322 ἸυΙιΙ.

1010 5265 1221 5318 “lium.
1300 5282 1393 5326 \‘tt,
1468 5266 1553 5321 12,
1635 5268 1814 5320 “Ibid.

1015 5336 1261 5392 σινιι.2.
1341 5336 1814 5392 “Thren.ttt.25

1494 5354 1609 5391 ren.
1633 5353 1719 5403 ιιι,
1744 5353 1833 5392 τις).

518 5462 629 5535 (89)
654 5462 744 5515 Sic
775 5475 913 5535 mss.
948 5460 1105 5513 Lihh.
1168 5458 1321 5521 editi,
1363 5478 1409 5535 ι
1440 5462 1579 5535 apud
1622 5476 1740 5535 nos.
1784 5479 1820 5535 )_
1851 5458 2018 5513 Paulo

482 5530 569 5585 oét
595 5530 743 5592 IltSS.,
780 5549 796 5580 t
832 5530 915 5583 (ιιιί
968 5540 1146 5583 autem
1192 5545 1296 5582 non
1328 5530 1595 5582 videbitur
1624 5531 1937 5584 absurdum.
1994 5548 2013 5580 ι

482 5548 569 5585 ost
595 5548 743 5592 tnss.,
780 5549 796 5580 t
832 5548 915 5583 (‘Itl
968 5548 1146 5583 autem
1192 5548 1296 5582 non
1328 5548 1595 5582 vrueuuur
1624 5548 1937 5584 aosurount.
1994 5548 2012 5580 ι

447 5548 605 5657 [and
636 5603 785 5664 editi,
813 5618 829 5649 t
855 5602 1125 5669 quomodo
1153 5609 1331 5652 autem
1359 5615 1460 5652 non
1497 5602 1599 5653 erit
1629 5601 1943 5654 absurdum.
1994 5617 2012 5651 ι

453 5271 536 5327 18.
589 5278 643 5322 et
689 5283 793 5331 xu,
844 5267 932 5320 55.

444 5354 618 5400 Lutt,
643 5338 695 5391 l.
776 5340 814 5368 “
847 5337 986 5390 l'sal.
1015 5336 1261 5401 σινιι,2.

449 5674 648 5725 Ibidem
696 5686 849 5734 mss.,
890 5688 908 5721 t
972 5685 1127 5739 quem
1183 5670 1489 5723 inferiorem
1552 5672 1691 5723 bono
1743 5671 1949 5722 dicunt.
1997 5688 2014 5719 ι

444 5740 601 5798 Lihh.
644 5741 796 5803 editi,
848 5758 865 5791 t
900 5754 1057 5810 quem
1083 5740 1394 5793 inferiorem
1418 5739 1562 5793 bono
1596 5740 1910 5810 dicimus.)

518 5810 628 5885 (90)
669 5811 859 5867 Suam.
914 5808 1073 5866 Deest
1102 5812 1155 5867 in
1210 5820 1367 5865 antea
1416 5810 1596 5877 editis,
1648 5810 1739 5865 sed
1774 5808 2021 5881 .habetur

2133 4610 2299 4664 Israel
2327 4608 2585 4677 quoniam
2634 4606 2827 4671 bonus,
2861 4606 3119 4675 quoniam
3151 4605 3202 4658 in
3234 4604 3488 4660 sacculum
3543 4604 3707 4657 mise-

2134 4699 2372 4754 ricordia
2404 4698 2526 4768 ejus
2561 4698 2626 4749 “.
2667 4715 2687 4749 ι
2722 4697 2787 4751 Ει
2828 4698 2881 4750 in
2918 4696 3423 4750 Lamentationibus
3455 4693 3706 4751 181·θωίω

2135 4793 2398 4860 scriptum
2433 4799 2517 4843 est
2548 4804 2562 4841 :
2597 4807 2615 4839 ι
2658 4786 2842 4841 Βοηυδ
2872 4785 3132 4840 Dominus
3160 4787 3246 4840 his
3288 4785 3377 4854 qui
3428 4786 3703 4840 sustinent

2131 4897 2275 4945 eum,
2308 4880 2501 4935 anima:
2535 4879 2796 4947 quaerenti
2828 4892 2952 4932 eum
2986 4877 3049 4929 “.
3084 4896 3101 4929 ι
3143 4876 3300 4930 Sicut
3342 4891 3476 4945 ergo
3521 4876 3694 4929 bonus

2133 4978 2187 5027 in
2220 4974 2402 5027 Veteri
2434 4972 2789 5025 Testamento
2820 4970 3138 5037 frequenter
3170 4968 3372 5021 dicitur
3420 4967 3585 5029 Deus,
3630 4966 3701 5019 ita

2128 5067 2294 5118 etiam
2363 5063 2546 5132 justus
2607 5061 2662 5114 in
2726 5056 3036 5127 Evangeliis
3112 5056 3421 5126 appellatur
3490 5053 3700 5111 Domini

3332 5188 3353 5220 ⁸
3388 5188 3575 5243 Matth.
3604 5205 3699 5251 vn,

3332 5260 3402 5314 l9.
3484 5260 3527 5292 ⁸⁸
3554 5260 3697 5315 PSal.

3599 5276 3697 5316 Sal.

2606 5192 2849 5248 ’Psalm.
2899 5205 3104 5253 Lxxvtt,
3163 5188 3253 5243 54.

2293 5268 2314 5298 ⁸
2343 5258 2533 5320 Matth.
2599 5281 2695 5330 xu,
2734 5264 2824 5318 55.
2898 5260 3075 5316 ‘Luc.
3128 5276 3282 5323 xutt,
3315 5258 3402 5314 i9.

2120 5461 2172 5513 in
2208 5475 2336 5513 mss.

2193 5533 2301 5603 (9t)
2331 5529 2421 5603 Sic
2456 5544 2585 5583 mss.
2616 5529 2774 5603 l_.ilib.
2808 5524 2960 5603 editi.
3001 5539 3022 5574 ι
3057 5533 3393 5603 separarent.
3435 5536 3455 5571 ι

2193 5594 2303 5669 (92)
2341 5602 2429 5654 Sic
2462 5618 2589 5653 mss.
2628 5599 2786 5653 Libb.
2822 5598 2973 5669 editi,
3016 5611 3035 5642 ι
3072 5594 3389 5669 htticbutto.
3426 5607 3452 5645 δ

2191 5662 2301 5741 (95)
2333 5671 2599 5741 δςογιιιεε.
2628 5670 2782 5741 Lihb.
2806 5665 2957 5741 editi,
2998 5679 3019 5713 ι
3057 5662 3275 5733 aliquis.
3315 5678 3339 5716 ι

2192 5736 2303 5813 (9t)
2335 5740 2490 5796 Libb.
2518 5739 2675 5807 editi,
2710 5756 2728 5790 ι
2765 5736 3000 5795 bonitas.
