3880 6514
231 399 333 454 290

1476 411 1480 417 ’
1544 409 1743 466 LIBER
1785 412 2166 471 SECUNDUS.

3382 424 3449 489 "ii
3461 437 3493 490 0

231 520 399 575 nostri
414 520 525 594 (95)
563 520 695 579 Iesu
723 519 924 583 Christi
951 527 1133 585 Pater.
1158 529 1407 601 Denique
1439 532 1492 586 in
1522 532 1815 605 Evangelia
1846 545 1891 598 Α
1922 552 2136 593 versam
2165 539 2318 595 verbi
2344 540 2426 596 sui
2461 550 2734 608 naturam,
2766 552 2932 614 atque
2962 548 3134 617 ipsius
3162 550 3255 607 Dei
3286 550 3404 624 qua:
3426 573 3489 612 ex

231 616 525 670 secundum
565 616 833 675 Joannem
863 638 1033 678 orans
1066 624 1181 692 ipse
1213 624 1477 680 Dominus
1525 638 1712 682 noster
1745 630 1811 682 ad

227 707 449 762 Patrem
482 709 623 766 dicit
651 728 726 769 τι
765 713 924 769 Pater
946 716 1117 786 juste,
1147 727 1201 771 et
1229 720 1463 773 mundus
1504 700 1555 775 ie
1585 738 1689 776 non
1723 738 1813 777 co-

224 800 410 866 gnovit
468 801 534 854 ¹³.
578 822 598 855 ι
655 804 736 860 Ne
778 806 923 862 forte
978 808 1184 876 dicant,
1235 812 1363 879 quia
1416 813 1579 867 etiam
1626 815 1811 869 tutnnli

222 905 533 948 creatorem
564 912 662 967 pro
695 902 1071 970 assumptione
1095 902 1278 957 carnis
1306 903 1524 959 Patrent
1562 908 1810 972 vocabat,

220 992 271 1039 et
293 983 473 1054 ipsum
501 987 713 1057 justum
745 992 1089 1058 nominabat,
1115 993 1479 1049 excluduntur
1511 999 1578 1050 ab
1601 1013 1666 1053 eo
1698 1015 1815 1053 ser-

221 1090 377 1129 mone
404 1078 502 1144 qui
533 1081 726 1134 statim
759 1082 1050 1151 sequitur;
1091 1084 1169 1137 ait
1196 1086 1343 1140 enim
1384 1100 1400 1139 :
1438 1105 1457 1138 ι
1491 1088 1556 1141 Et
1582 1092 1813 1149 mundus

223 1176 273 1219 te
330 1183 445 1221 non
505 1173 790 1241 cognovit.
824 1193 845 1226 ι
879 1174 1191 1231 Secundum
1242 1177 1391 1246 ipsos
1442 1182 1587 1236 enim
1638 1185 1809 1238 solum

224 1258 393 1311 Deum
446 1261 657 1319 bonum
713 1268 948 1322 mundus
1005 1269 1243 1338 ignorat.
1288 1270 1425 1325 Nam
1476 1274 1810 1330 conditorem

218 1366 375 1405 suum
409 1356 709 1413 verissime
732 1364 1096 1432 recognoscit,
1124 1364 1357 1420 Domino
1406 1366 1525 1434 ipso
1569 1369 1808 1438 dicente,

220 1446 346 1511 quia
399 1449 645 1504 mundus
688 1454 833 1521 quod
886 1472 1044 1511 suum
1078 1468 1161 1513 est
1197 1462 1399 1532 diligit.
1450 1466 1653 1534 Aperte
1682 1483 1812 1538 ergo

222 1538 311 1593 ille
342 1556 517 1607 quem
537 1555 727 1613 putant
760 1549 957 1603 bonum
990 1551 1179 1619 Deum,
1209 1556 1393 1624 justus
1421 1574 1540 1614 esse
1569 1561 1621 1614 in
1647 1562 1813 1615 Evan-

222 1632 378 1699 geliis
415 1635 647 1691 dicitur.
685 1638 761 1694 Ex
790 1643 901 1697 otio
926 1660 1059 1700 sane
1085 1648 1268 1703 licebit
1299 1651 1410 1723 (96)
1440 1652 1596 1720 plura
1655 1655 1812 1708 testi-

223 1726 404 1778 monia
442 1742 808 1800 congregare,
837 1735 1016 1790 sicubi
1047 1739 1099 1791 in
1129 1739 1280 1795 Novo
1316 1742 1667 1799 Testamento
1707 1745 1812 1799 Pa-

221 1824 300 1871 ter
330 1818 561 1875 Domini
597 1826 771 1883 nostri
804 1827 929 1882 Jesu
953 1828 1159 1887 Christi
1179 1834 1367 1903 justus
1397 1839 1725 1906 appellatur,
1755 1852 1811 1895 et

214 1909 377 1963 rliatn
425 1912 483 1965 in
516 1913 699 1969 Veteri
731 1918 1080 1976 Testamento
1109 1926 1242 1979 cmii’
1282 1938 1336 1981 et
1374 1937 1539 1983 terra:
1587 1941 1809 1986 creator

198 1990 391 2055 bonus
428 2003 661 2071 dicitur,
701 2017 758 2062 ut
787 2009 1035 2081 pluribus
1058 2015 1388 2074 testimoniis
1422 2022 1659 2076 convicti
1705 2023 1816 2077 lue-

217 2091 371 2156 retici
421 2094 733 2167 aliquando
764 2100 906 2157 forte
928 2105 1277 2163 erubescant.

833 2214 1063 2273 CAPUT
1117 2217 1204 2273 Vl.

565 2338 571 2343 -
655 2303 734 2360 De
761 2307 1132 2365 incarnatione
1168 2311 1385 2367 Christi.

283 2392 337 2447 1.
361 2392 621 2466 Tempus
652 2407 738 2451 est
786 2400 871 2455 his
910 2402 1160 2457 decursis
1188 2414 1435 2474 repetere
1480 2422 1578 2462 nos
1618 2411 1684 2464 de
1733 2410 1815 2465 in-

219 2486 543 2541 carnatione
595 2487 809 2543 Domini
857 2500 911 2546 et
970 2492 1270 2550 Salvatoris
1303 2499 1495 2564 nostri,
1536 2503 1813 2568 quomodo

220 2580 299 2633 vel
347 2597 533 2650 quare
581 2584 746 2639 homo
790 2583 953 2640 fuerit
1000 2587 1202 2644 factus.
1260 2590 1367 2645 Pro
1414 2594 1623 2648 viribus
1654 2596 1816 2664 igitur

218 2672 430 2726 nostris
481 2677 802 2745 perexiguis
846 2680 1194 2736 considerata
1226 2698 1292 2738 ex
1326 2701 1554 2754 operum
1586 2705 1813 2744 suorum

217 2764 391 2829 magis
428 2780 599 2833 quam
620 2782 687 2821 ex
720 2769 893 2823 nostri
922 2785 1115 2827 sensus
1132 2778 1811 2847 contemplatione,divina

221 2867 441 2918 natura,
462 2858 792 2927 intuitisque
819 2862 1173 2919 nihilominns
1190 2871 1458 2925 creaturis
1480 2872 1599 2941 ejus
1626 2874 1815 2928 visibi-

216 2946 378 3014 libus,
418 2950 532 3004 ﬁde
571 2966 790 3021 quoque
840 2954 1204 3013 invisibilibus
1251 2965 1650 3033 contemplatis.
1689 2969 1814 3038 quia

221 3056 319 3094 non
345 3044 547 3097 omnia
578 3045 666 3099 vel
715 3048 892 3103 oculis
918 3049 1106 3105 videre
1139 3064 1319 3122 potest
1360 3056 1600 3113 humana
1644 3060 1814 3133 fragi-

220 3131 357 3195 litas,
396 3134 488 3186 vel
524 3135 744 3190 ratione
772 3137 1080 3207 complecti,
1133 3158 1231 3210 pro
1283 3159 1348 3199 eo
1393 3147 1537 3215 quod
1570 3131 1812 3205 omnium

1919 626 2029 679 Deo
2078 638 2188 692 est,
2226 627 2557 700 investigare
2586 633 2782 701 potuit,
2826 636 2928 690 nisi
2980 639 3129 694 solus
3177 640 3317 697 Deus
3351 650 3490 715 apud

1913 731 2073 786 quem
2122 728 2241 772 erat
2273 717 2592 793 Verbum?)
2642 739 2740 793 pro
2788 740 2937 785 certo
2986 733 3187 788 habere
3235 736 3493 793 debemus

1914 810 2057 878 quod
2086 810 2187 866 hoc
2222 812 2484 879 Verbum,
2512 816 2630 870 sive
2664 818 2802 872 ratio
2832 820 3061 876 dicenda
3093 835 3195 890 est,
3226 827 3365 883 hanc
3400 845 3491 885 sa-

1916 902 2203 970 pientiam,
2257 906 2398 961 hanc
2434 908 2741 975 veritatem,
2775 912 2958 968 nullus
3008 915 3146 971 alius
3194 920 3301 973 nisi
3346 921 3493 976 solus

1916 995 2025 1068 (99)
2057 996 2219 1052 Pater
2254 1000 2422 1064 novit,
2457 1001 2522 1055 de
2553 1017 2661 1071 quo
2690 1005 2955 1074 scriptum
2984 1020 3068 1064 est
3106 1027 3120 1063 :
3157 1031 3175 1063 ι
3212 1011 3286 1069 Ne
3313 1015 3490 1084 ipsum

1914 1090 2136 1159 quidem
2165 1092 2422 1147 mundum
2465 1104 2661 1163 capere
2692 1100 2933 1155 arbitror
2963 1102 3132 1158 libros
3159 1106 3248 1174 qui
3280 1107 3490 1163 scribe-

1918 1193 2111 1236 rentur
2156 1184 2241 1249 ’7;
2289 1203 2310 1237 ι
2355 1185 2421 1241 de
2464 1188 2635 1258 gloria
2674 1191 2885 1245 scilicet
2931 1206 2988 1248 et
3038 1196 3322 1266 majestate
3365 1198 3489 1253 Filii

1918 1273 2034 1327 Dei.
2066 1274 2408 1342 lmpossibile
2440 1293 2673 1345 namque
2703 1290 2785 1334 est
2816 1280 3013 1336 litteris
3054 1288 3399 1343 committere
3429 1306 3491 1343 ea

1913 1382 2032 1433 qua:
2061 1368 2127 1421 ad
2161 1368 2464 1425 Salvatoris
2487 1371 2713 1441 gloriam
2740 1375 3029 1442 pertinent.
3062 1376 3156 1432 llis
3182 1380 3345 1449 igitur
3378 1392 3496 1435 tan-

1916 1459 1985 1514 tis
2013 1477 2079 1516 ae
2112 1462 2309 1518 talibus
2338 1462 2412 1535 (1)
2447 1465 2513 1518 de
2557 1476 2747 1521 natura
2778 1466 2897 1522 Filii
2951 1468 3043 1524 Dei
3093 1473 3481 1538 consideratis,

1913 1571 2036 1610 cum
2082 1573 2293 1612 sunnna
2318 1560 2685 1615 admiratione
2705 1562 3138 1631 obstupescimus
3167 1568 3308 1635 quod
3354 1570 3493 1621 emi-

1914 1663 2046 1702 nens
2075 1650 2317 1703 ontnimn
2362 1652 2467 1705 ista
2526 1663 2720 1707 natura
2774 1656 3102 1712 exinauiens
3137 1674 3196 1713 se
3236 1662 3303 1717 de
3346 1670 3493 1715 statu

1914 1740 2217 1810 majestatis
2245 1758 2357 1795 sua:
2389 1744 2551 1799 homo
2597 1744 2773 1800 factus
2807 1751 2900 1813 sit,
2956 1758 3011 1802 et
3067 1750 3209 1805 inter
3246 1751 3495 1806 homines

1913 1845 2293 1901 conversatus,
2328 1839 2475 1893 sicut
2503 1842 2678 1909 gratia
2713 1840 2871 1897 labiis
2899 1842 3013 1911 ejus
3044 1845 3218 1899 inlusa
3240 1855 3495 1909 testatur,

1917 1936 1974 1984 et
2001 1928 2145 1981 sicut
2184 1930 2554 1985 testimonium
2587 1932 2633 1987 ei
2669 1935 2843 1989 reddit
2878 1934 3039 1990 Pater
3071 1937 3330 2003 coelestia,
3357 1950 3413 1993 et
3438 1949 3498 1993 ut

1917 2020 2092 2090 signis
2119 2036 2335 2091 quoque
2381 2034 2439 2078 et
2492 2026 2755 2093 prodigiis
2778 2028 2953 2088 variis
2998 2029 3399 2098 virtutibusque
3429 2034 3496 2086 ab

1917 2130 1981 2167 eo
2012 2116 2183 2185 gestis
2229 2118 2610 2171 coulirmatur.
2643 2118 2743 2183 Qui
2790 2118 2955 2175 etiam
2990 2134 3119 2176 ante
3150 2126 3494 2192 praesentiam

1917 2222 2071 2259 suam
2110 2207 2253 2263 hanc
2282 2224 2445 2277 quam
2473 2212 2714 2265 ostendit
2753 2214 2806 2279 in
2840 2229 3093 2282 corpore,
3133 2232 3497 2284 praecursores

1917 2314 2048 2355 suos
2077 2310 2133 2354 et
2170 2303 2392 2357 nuntios
2414 2304 2679 2359 adventus
2711 2307 2793 2361 sui
2823 2308 2971 2362 misit
3000 2309 3291 2377 prophetas
3317 2327 3332 2372 ;
3376 2323 3496 2380 post

1917 2394 2290 2448 ascensionem
2320 2409 2450 2449 vero
2481 2410 2637 2451 suam
2676 2399 2726 2451 in
2763 2399 2953 2463 coelos,
2991 2412 3212 2455 sanctos
3239 2401 3350 2471 90
3370 2418 3499 2471 apo-

1917 2484 2091 2538 stolos
2123 2484 2433 2541 divinitatis
2459 2504 2569 2542 sua:
2606 2490 2809 2546 virtute
2835 2493 3069 2559 repletos
3112 2494 3359 2548 homines
3412 2494 3497 2549 ve!

1916 2592 1981 2631 ex
2019 2578 2327 2647 publicanis
2362 2580 2444 2634 vel
2482 2596 2548 2635 ex
2583 2584 2955 2651 piscatoribus
3005 2587 3290 2656 imperitos
3328 2598 3381 2641 et
3415 2588 3497 2642 in-

1918 2672 2109 2725 doctos
2140 2671 2378 2727 circuire
2404 2671 2539 2727 iecit
2569 2676 2757 2730 orbem
2791 2684 3084 2741 terrarum,
3127 2687 3184 2730 ut
3231 2692 3295 2731 ex
3348 2682 3494 2734 omni

1918 2778 2118 2833 genere
2144 2772 2309 2833 atque
2333 2780 2397 2819 ex
2435 2766 2688 2821 onmibus
2718 2768 2931 2837 populis
2959 2768 3175 2838 piorum
3200 2771 3413 2840 plebem
3441 2773 3493 2826 in

1916 2876 1976 2916 se
2010 2860 2348 2916 credentium
2374 2874 2799 2931 congregarent.

1987 2952 2040 3006 2.
2064 2953 2275 3007 Verum
2303 2969 2369 3006 ex
2396 2954 2652 3008 onmibus
2681 2956 2749 3009 de
2789 2968 2853 3009 eo
2891 2954 3175 3010 miraculis
3202 2965 3255 3009 et
3289 2959 3498 3027 magni-

1919 3046 2152 3101 licentiis
2180 3045 2310 3099 illud
2338 3046 2555 3114 penitus
2588 3045 3010 3105 admirationem
3047 3047 3301 3103 humanze
3337 3066 3494 3104 men-

1920 3140 1988 3193 tis
2016 3139 2252 3201 excedit,
2285 3154 2386 3193 nec
2414 3138 2625 3191 invenit
2657 3137 2908 3192 mortalis
2936 3138 3305 3211 intelligentiae
3337 3141 3497 3211 fragi-

220 3225 641 3280 rationabilium
676 3227 949 3291 inﬁrmius
982 3240 1037 3285 et
1062 3231 1307 3303 fragilius
1334 3238 1537 3291 animal
1580 3256 1680 3295 nos
1711 3243 1806 3298 ho-

1923 3230 2047 3285 litas
2092 3231 2363 3298 quomodo
2413 3229 2617 3282 sentire
2651 3227 2733 3280 vel
2768 3228 3075 3297 intelligere
3124 3231 3317 3298 pessit,
3351 3234 3495 3299 quod

220 3318 391 3370 mines
421 3332 661 3384 sumus;
694 3323 1075 3388 praistantiora
1106 3330 1250 3379 enim
1288 3341 1415 3383 sunt
1455 3332 1544 3384 illa
1577 3350 1697 3402 qua:
1730 3338 1811 3389 vel

221 3410 271 3462 in
300 3410 470 3471 creto,
500 3410 586 3464 vel
622 3428 793 3483 super
828 3415 999 3470 caelos
1030 3417 1334 3488 habentur;
1368 3436 1692 3493 superestnt
1719 3429 1813 3481 ha-

226 3514 341 3553 rum
377 3500 637 3554 omnium
666 3514 1065 3571 creaturarum,
1103 3518 1157 3561 et
1184 3507 1301 3577 Dei,
1338 3515 1598 3580 medium,
1648 3518 1699 3570 id
1729 3529 1813 3571 est

222 3592 586 3647 mediatorem
616 3608 945 3665 quaeramus,
984 3612 1147 3667 quem
1175 3600 1379 3657 Paulus
1407 3607 1685 3673 apostolus
1702 3612 1812 3679 pri-

224 3686 569 3756 mogenitum
620 3688 802 3742 omnis
844 3703 1114 3751 creatura:
1155 3698 1497 3763 pronuntiat.
1552 3701 1813 3760 Videntes

224 3794 439 3849 quoque
475 3796 583 3836 nos
611 3793 673 3835 ea
714 3798 835 3852 quae
870 3784 933 3838 de
962 3785 1081 3854 ejus
1109 3788 1397 3857 majestate
1431 3792 1483 3846 in
1515 3792 1812 3865 Scripturis

222 3872 424 3926 Sanctis
454 3872 796 3929 referuntur.
835 3886 886 3928 et
914 3877 1192 3935 intuentes
1228 3883 1369 3951 quod
1409 3903 1427 3936 ‹
1465 3885 1643 3955 imago
1674 3890 1813 3944 invi-

226 3963 398 4017 sibilis
435 3964 561 4029 Dei,
593 3974 651 4019 et
695 3967 1096 4036 primogenitus
1147 3975 1326 4029 omnis
1358 3988 1626 4035 creaturae.
1659 3983 1776 4037 dica
1798 4016 1811 4026 -

227 4067 330 4124 tur,
357 4068 410 4112 et
433 4060 587 4129 quod
622 4060 675 4114 in
727 4062 845 4131 ipso
868 4076 1055 4121 creata
1102 4078 1225 4123 sunt
1259 4075 1442 4127 omnia
1474 4076 1707 4133 visibilia
1759 4089 1813 4135 et

228 4148 549 4217 invisibilia,
609 4153 731 4208 sive
793 4156 1002 4221 throni,
1058 4160 1173 4215 sive
1223 4161 1642 4235 dominationes,
1698 4172 1811 4228 sive

225 4242 591 4310 principatus,
634 4244 752 4298 sive
803 4256 1122 4313 potestates,
1160 4253 1343 4307 omnia
1393 4271 1488 4324 per
1527 4258 1705 4326 ipsum
1759 4271 1813 4316 et

226 4330 279 4384 in
310 4334 426 4400 ipso
459 4345 651 4389 creata
681 4348 842 4400 sunt;
873 4349 928 4393 et
956 4340 1072 4410 ipse
1097 4342 1207 4415 (97-)
1234 4354 1315 4399 est
1352 4357 1477 4403 ante
1506 4366 1715 4419 omnes,
1759 4367 1813 4410 et

230 4426 402 4477 omnia
434 4427 513 4480 illi
545 4436 807 4481 constant
836 4430 900 4495 “,
950 4450 969 4483 ι
1008 4433 1099 4500 qui
1127 4444 1211 4489 est
1240 4449 1403 4507 caput
1428 4442 1691 4509 omnium,
1721 4461 1811 4501 so-

228 4511 306 4566 lus
323 4515 535 4570 habens
563 4528 730 4585 caput
762 4518 925 4573 Deum
954 4520 1166 4576 Patrem
1192 4541 1206 4590 ;
1239 4528 1503 4597 scriptum
1524 4536 1805 4592 estenim:

1919 3333 2069 3377 tanta
2097 3324 2184 3377 illa
2238 3322 2479 3390 potentia
2516 3319 2714 3374 divinze
2760 3320 3078 3389 majestatis,
3137 3324 3312 3392 ipsum
3364 3323 3494 3377 illud

1917 3414 2152 3471 Verbum
2187 3414 2392 3479 Patris,
2442 3424 2605 3483 atque
2642 3416 2758 3483 ipsa
2809 3415 3072 3483 sapientia
3126 3415 3241 3479 Dei,
3289 3415 3342 3469 in
3387 3430 3491 3483 qua

1916 3518 2098 3564 creata
2130 3518 2255 3562 sunt
2287 3508 2473 3562 omnia
2503 3508 2738 3565 visibilia
2767 3517 2819 3562 et
2852 3506 3171 3573 invisibilia,
3212 3508 3354 3561 intra
3387 3510 3497 3560 cir-

1915 3599 2395 3667 cumscriptionem
2427 3597 2543 3667 ejus
2566 3599 2803 3653 hominis
2823 3598 2913 3665 qui
2939 3598 3189 3667 apparuit
3212 3598 3261 3651 in
3286 3596 3493 3663 Judaea,

1916 3691 2091 3746 fuisse
2140 3691 2413 3746 credenda
2446 3692 2555 3757 sit;
2606 3690 2702 3746 sed
2745 3700 2801 3745 et
2847 3692 3089 3761 ingressa
3121 3705 3241 3745 esse
3283 3689 3377 3746 Dei
3406 3706 3495 3745 sa-

1916 3783 2121 3853 pientia
2159 3782 2375 3835 vulvam
2407 3782 2639 3846 fetninae,
2676 3792 2732 3835 et
2765 3780 2915 3836 nasci
2948 3780 3233 3851 parvulus,
3265 3790 3319 3835 et
3345 3784 3496 3851 vagi-

1918 3889 2030 3931 tum
2066 3877 2315 3931 emittere
2344 3876 2409 3928 ad
2437 3875 2849 3929 similitudinem
2882 3874 3210 3944 plorantium
3243 3874 3497 3944 parvulo-

1916 3985 2035 4022 rum
2062 3986 2077 4036 ;
2107 3978 2218 4023 tum
2239 3968 2437 4023 deinde
2472 3968 2615 4037 quod
2649 3968 2699 4021 in
2726 3980 2904 4023 morte
2928 3969 3287 4023 conturbatus
3322 3966 3497 4021 refer-

1918 4072 2025 4124 tur,
2062 4070 2123 4116 ut
2174 4061 2288 4130 ipse
2320 4060 2488 4114 etiam
2537 4060 2825 4131 profitetur
2852 4061 3038 4116 dicens
3075 4076 3088 4112 :
3127 4079 3145 4113 ι
3181 4060 3379 4114 Tristis
3413 4070 3497 4114 est

1915 4156 2093 4209 anima
2128 4168 2247 4208 mea
2280 4168 2453 4222 usque
2486 4153 2554 4207 ad
2584 4163 2814 4207 mortem
2852 4152 2931 4219 ¹⁸;
2976 4172 2993 4205 ο
3036 4161 3092 4206 et
3141 4152 3206 4206 ad
3248 4150 3492 4205 ultimum

1915 4248 2059 4319 quod
2091 4261 2265 4316 usque
2313 4246 2380 4300 ad
2425 4260 2544 4299 eam
2582 4260 2703 4315 qua:
2737 4245 2881 4299 inter
2939 4245 3187 4299 homines
3239 4243 3498 4314 indignis-

1916 4342 2051 4395 sima
2094 4339 2350 4405 habetur,
2386 4338 2653 4392 adductus
2671 4347 2753 4391 est
2786 4346 3039 4399 mortem,
3076 4336 3202 4391 licet
3234 4344 3356 4403 post
3380 4343 3489 4389 ter-

1916 4433 2046 4486 tiam
2077 4430 2381 4486 surrexerit
2414 4429 2559 4484 diem
2599 4428 2701 4499 (Ξ).
2731 4428 2867 4483 Cum
2890 4443 3018 4497 ergo
3048 4428 3102 4482 in
3139 4442 3205 4480 eo
3241 4427 3493 4494 quadam

1915 4524 1989 4577 ita
2016 4523 2297 4577 videamus
2327 4521 2562 4574 humana
2611 4530 2667 4573 ut
2717 4519 2854 4574 nihil
2894 4535 2922 4571 a
2966 4518 3239 4571 communi
3289 4527 3495 4571 morta-

235 4622 252 4654 '
287 4604 458 4675 CaPut
490 4581 676 4661 autem
713 4609 912 4665 Christi
939 4612 1080 4669 Dens
1111 4581 1204 4682 ¹⁸;’
1227 4636 1244 4669 ι
1280 4581 1623 4687 poi-videntes
1646 4626 1807 4681 etiam
1843 4581 1887 4635 Β
1916 4616 2048 4672 liunt
2086 4616 2385 4685 fragilitate
2419 4616 2628 4669 distare
2664 4615 2973 4675 videantur,
3023 4611 3270 4680 quicdam
3306 4612 3377 4665 ita
3416 4612 3497 4665 di-

229 4698 370 4764 quod
402 4700 675 4765 scriptum
705 4711 812 4767 est,
845 4706 1104 4772 quoniam
1138 4708 1249 4779 (98)
1285 4729 1303 4761 ‹
1339 4727 1498 4767 nemo
1528 4717 1676 4771 novit
1708 4717 1811 4771 Pa-

232 4796 363 4840 trem
391 4790 495 4842 nisi
528 4789 724 4855 Filius,
762 4808 936 4863 neque
965 4797 1089 4865 quis
1120 4803 1271 4856 novit
1306 4802 1501 4859 Filium
1551 4808 1653 4863 nisi
1709 4809 1813 4863 Pa-

232 4888 309 4933 ter
333 4881 418 4945 ¹⁶;
452 4900 471 4933 ι
507 4883 658 4953 (quis
689 4886 836 4939 enim
862 4899 1039 4956 potest
1072 4907 1231 4948 nosse
1261 4910 1385 4963 qum.
1411 4898 1481 4952 sit
1514 4902 1808 4969 sapientia,

233 4972 331 5025 nisi
370 4975 462 5040 qui
494 4976 689 5043 genuit
717 4992 836 5031 eam
863 4980 885 5033 ?
910 4979 1015 5034 Aut
1040 4984 1162 5051 quis
1193 4990 1259 5041 ad
1296 4988 1563 5058 liquidum
1590 5009 1712 5062 qum
1739 4996 1811 5051 sit

233 5065 434 5119 veritas
461 5069 617 5122 novit
654 5069 757 5123 nisi
802 5072 1051 5129 veritatis
1079 5080 1268 5146 pater?
1317 5081 1450 5149 Quis
1495 5094 1643 5142 certe
1691 5088 1811 5141 uni-

304 5184 349 5273 :
383 5184 545 5273 ioan.
580 5188 824 5273 “11,3?
891 5192 935 5223 ¹⁸
967 5191 1179 5253 Coloss.
1204 5214 1244 5263 ι,
1285 5201 1369 5265 15,
1408 5202 1495 5268 16,
1550 5206 1639 5260 17.
1720 5208 1762 5238 ¹⁵
1798 5208 1811 5261 l

1923 5209 2014 5262 lor.
2058 5223 2135 5273 XI,
2195 5205 2251 5260 5.

236 5252 280 5285 ⁸³
304 5253 496 5309 Matth.
541 5272 692 5321 xxvi,
724 5258 814 5315 38.

306 5373 417 5443 (95)
450 5373 659 5428 Nostri.
689 5375 846 5433 Deest
869 5380 920 5431 in
952 5389 1109 5433 antea
1146 5381 1325 5445 editis,
1359 5385 1455 5438 sed
1483 5383 1713 5441 habetur
1752 5388 1803 5441 in

240 5458 368 5495 ωδε.

241 5583 257 5633 1
309 5512 418 5582 (96)
465 5514 542 5569 Ita
583 5502 780 5571 omnes
829 5517 987 5573 codd.
1041 5524 1196 5588 niss.,
1250 5523 1378 5578 editi
1426 5539 1579 5595 vero,
1618 5544 1638 5577 θ
1688 5526 1818 5582 lice-

260 5593 351 5633 ml.
397 5601 415 5633 ο

479 5656 572 5710 Sic
608 5656 1145 5733 Ili-SS.ALi‘bb._Pdili,
1198 5679 1216 5713 ι
1273 5664 1453 5718 omnia
1490 5680 1585 5732 per
1639 5666 1812 5733 ipsum

246 5722 385 5802 facta
417 5735 619 5781 suntet
655 5722 860 5802 in_ipso_
882 5738 937 5802 et
964 5730 1105 5797 ipso,
1132 5722 1161 5783 ἰ
1193 5740 1300 5787 etc.
1356 5722 1520 5788 Paulo
1557 5722 1679 5802 posi
1717 5738 1809 5790 lib.

243 5792 443 5871 ςξιὶιὶμ
500 5792 804 5871 cum_solus
849 5792 1069 5871 habeat_
1091 5792 1254 5871 caput
1300 5803 1465 5857 Deum
1497 5792 1735 5862 Patrem.
1788 5827 1807 5865 υ

244 5861 370 5916 51w
398 5882 416 5913 ι
445 5865 590 5921 solus
621 5866 829 5922 habens
850 5877 1011 5938 eaput
1044 5861 1211 5926 Deuin
1239 5871 1472 5927 Patrem.
1509 5893 1527 5927 ι

1922 4712 2070 4775 vina,
2102 4720 2160 4763 ut
2192 4708 2319 4763 nulli
2348 4708 2439 4762 alii
2477 4707 2580 4761 nisi
2612 4705 2686 4759 illi
2715 4708 2903 4774 prima:
2935 4715 2988 4759 et
3040 4701 3302 4759 inell‘abill
3338 4713 3498 4758 natu-

1922 4823 1995 4861 ra:
2048 4804 2375 4860 conveniant
2427 4799 2670 4866 deitatis,
2719 4799 2889 4853 lueret
2926 4797 3147 4853 lmmani
3186 4796 3498 4851 intellectus

1922 4897 2193 4969 angustia,
2239 4902 2295 4950 et
2339 4903 2501 4950 tanta:
2536 4891 2914 4947 admirationis
2965 4902 3186 4959 stupore
3240 4904 3495 4960 DCI‘Cllea

1920 5008 2027 5062 quo
2071 4991 2328 5056 declinet,
2378 4987 2508 5058 quid
2538 4994 2742 5050 teneat,
2774 5001 2883 5055 quo
2911 5000 2969 5039 se
2996 4993 3310 5047 convertat,
3344 4984 3498 5050 igua-

1922 5086 2007 5141 rat
2041 5085 2141 5155 (3).
2174 5083 2229 5139 Si
2263 5084 2432 5138 Deum
2460 5082 2684 5147 sentiat,
2719 5080 3002 5135 mortalem
3034 5079 3214 5142 videt;
3254 5076 3298 5130 si
3335 5075 3501 5127 homi-

2328 5204 2372 5235 ⁸⁵
2432 5199 2622 5256 Matth.
2675 5214 2751 5264 ιι,
2782 5196 2876 5252 27.
2955 5196 2995 5227 "'
3040 5194 3198 5249 Joan.
3245 5208 3360 5255 XXI,
3404 5190 3495 5244 25.

1991 5388 2102 5466 (ξιξ)
2133 5388 2232 5466 S_ic_
2260 5405 2394 5466 mss.
2432 5390 2587 5466 Libb.
2621 5388 2777 5466 editi,
2812 5405 2830 5437 ι
2863 5386 3151 5466 quomodo.
3189 5403 3210 5436 ι

1987 5453 2100 5528 (99)
2138 5458 2694 5515 δοίαεέιηείἀετίιιιιι·
2726 5459 2780 5512 in
2810 5453 2966 5510 antea
2994 5455 3177 5523 editis,
3207 5454 3299 5509 sed
3325 5453 3494 5507 habe-

1917 5539 2001 5582 lttr
2028 5539 2076 5580 tn
2108 5545 2238 5583 mss.

1986 5598 2061 5670 (1)
2092 5597 2187 5652 His
2242 5599 2407 5668 igitur
2440 5601 2599 5653 tantis
2630 5615 2690 5651 ac
2733 5594 3095 5670 talibtttHSie
3154 5609 3287 5649 mss.
3339 5591 3495 5649 Libb.

1914 5667 2067 5747 editi,
2098 5686 2123 5747 ε
2158 5670 2242 5725 his
2270 5667 2762 5747 igiturtransactis
2797 5684 2860 5747 ac
2892 5667 3108 5747 talibus.
3147 5685 3193 5747 tr
3231 5744 3238 5747 Δ
3315 5734 3346 5747 Δ,
3430 5734 3462 5747 η

1990 5738 2068 5806 (2)
2105 5739 2182 5792 Ita
2237 5735 2367 5793 mss.
2411 5739 2578 5808 Alias,
2613 5758 2631 5791 ι
2675 5739 3048 5793 habebatur...
3076 5737 3201 5791 licet
3226 5735 3384 5789 tertia
3413 5735 3499 5787 die

1915 5810 2297 5885 rosuri-citerit.
2338 5829 2356 5863 ι
2901 5879 2911 5885 _
3146 5879 3158 5885 _
3244 5878 3272 5885 _
3440 5875 3452 5885 _

1987 5878 2063 5949 (3)
2093 5878 2185 5935 Sic
2208 5890 2359 5936 recte
2392 5895 2520 5936 mss.
2557 5880 2727 5947 Alias,
2776 5897 2795 5931 ι
2832 5879 3007 5949 primo
3048 5886 3103 5931 et
3146 5873 3405 5940 ineliabili
3440 5875 3493 5927 ia
