3988 6418
500 364 617 442 an

1754 360 2074 436 outcENIs
2110 375 2266 429 nam
2299 363 2529 427 ΑΡΧΩΝ

3653 340 3749 419 eis

522 521 643 559 nem
676 513 849 576 putet,
884 504 1096 561 devicto
1131 502 1320 558 mortis
1346 501 1581 573 imperio
1604 516 1729 556 cum
1767 500 1955 571 spoliis
1999 516 2084 555 re-
2116 504 2159 558 Α
2191 504 2356 551 serat.
2393 493 2544 550 Unde
2567 500 2617 546 et
2654 490 2846 544 merito
2876 502 2973 558 pro
3002 500 3066 541 eo
3099 485 3183 540 vel
3219 485 3361 553 quod
3396 492 3508 539 tota
3531 494 3673 538 esset
3700 484 3746 536 in

519 598 774 651 deuntem
800 613 830 651 a
856 598 1085 653 mortuis
1126 596 1324 654 cernit.
1355 595 1583 662 Propter
1615 594 1756 663 quod
1784 608 1906 647 cum
1936 593 2082 648 omni

519 698 668 742 metu
696 697 752 743 et
783 689 1089 743 reverentia
1123 686 1595 757 contemplandum
1635 695 1740 750 est,
1777 694 1836 740 ut
1866 686 1918 739 in
1975 699 2083 739 uno

515 780 813 850 eodemque
849 779 920 833 ita
956 779 1237 848 utriusque
1263 789 1469 833 natura:
1496 778 1696 832 veritas
1739 777 2084 831 demonstre-

437 933 445 938 δ
480 892 485 895 ι
517 878 627 933 tur,
663 876 721 922 ιιι
751 884 927 937 neque
954 868 1157 937 aliquid
1195 868 1473 938 indignum
1507 878 1561 922 et
1597 869 1852 922 indecens
1906 868 1959 922 in
2002 867 2085 921 di-

517 961 640 1013 vina
672 959 761 1013 illa
816 970 870 1014 et
920 958 1180 1014 inetiabili
1235 959 1538 1013 substantia
1593 958 1878 1022 sentiatur,
1911 974 2082 1023 neque

514 1066 735 1106 rursum
786 1064 905 1119 qua:
942 1063 1092 1119 gesta
1126 1062 1277 1119 sunt,
1327 1050 1479 1106 falsis
1530 1051 1691 1106 illusa
1746 1052 2080 1120 imaginibus

512 1142 914 1197 existimentur.
950 1143 1079 1209 Quae
1106 1144 1321 1211 quidem
1366 1143 1419 1197 in
1452 1159 1612 1197 aures
1657 1145 1924 1199 humanas
1954 1159 2081 1213 pro-

513 1232 679 1298 ferre,
706 1242 761 1288 et
794 1234 1138 1288 sermonibus
1161 1233 1457 1302 explicare,
1485 1233 1642 1302 longe
1667 1234 1809 1289 vires
1835 1234 1919 1287 vel
1966 1248 2081 1287 me-

513 1324 601 1377 riti
628 1324 820 1387 nostri,
846 1324 928 1379 vel
947 1324 1148 1394 ingenii
1173 1339 1235 1378 ac
1249 1324 1517 1379 sermonis
1548 1325 1783 1379 excedit.
1826 1325 2080 1379 Arbitror

511 1423 690 1468 autem
720 1416 847 1483 quia
893 1416 1056 1469 etiam
1090 1406 1423 1469 sanctorum
1457 1415 1832 1485 apostolorum
1883 1430 2077 1485 super-

510 1505 791 1573 grediatur
834 1520 1185 1570 mensuram;
1221 1508 1467 1575 quinimo
1515 1508 1677 1561 etiam
1709 1508 1957 1565 fortassis
1994 1521 2075 1566 to-

510 1598 622 1650 tius
673 1606 942 1653 creaturae
982 1599 1289 1654 caelestium
1325 1599 1597 1653 virtutum
1636 1601 1961 1656 eminentior
1992 1611 2079 1656 est

506 1688 835 1741 sacramenti
870 1688 1025 1743 istius
1054 1690 1380 1759 explanatio.
1397 1688 1473 1744 De
1501 1704 1608 1760 quo
1640 1705 1736 1745 nos
1768 1708 1874 1745 non
1908 1701 2074 1747 teme-

508 1778 668 1832 ritate
723 1778 923 1847 aliqua,
971 1780 1061 1834 sed
1094 1782 1351 1850 quoniam
1402 1782 1479 1850 (l)
1514 1781 1648 1836 ordo
1675 1782 1780 1836 loci
1808 1783 2071 1852 deposcit,

502 1881 572 1925 ea
610 1870 781 1939 magis
806 1885 925 1939 quae
966 1872 1100 1926 fides
1134 1881 1320 1926 nostra
1348 1872 1609 1939 continet,
1643 1887 1802 1940 quam
1822 1888 1942 1943 qua:
1972 1875 2073 1928 huc

504 1973 677 2014 mante
708 1961 934 2015 rationis
964 1963 1194 2017 assertio
1217 1962 1490 2018 vindicare
1547 1963 1705 2029 solet,
1740 1978 1900 2032 quam
1938 1980 2071 2034 pau-

505 2048 747 2105 cissimis
806 2050 1177 2119 proferemus,
1232 2053 1565 2121 suspiciones
1615 2054 1796 2122 potius
1855 2064 2069 2109 nostras

501 2153 665 2208 quam
727 2140 1040 2197 manifestas
1083 2143 1291 2213 aliquas
1324 2142 1704 2200 aﬂirmationes
1743 2144 1796 2198 in
1829 2145 2067 2199 medium

502 2230 870 2297 proferentes.

573 2320 629 2375 5.
662 2322 828 2391 Igitur
862 2323 1180 2394 Unigenitus
1206 2326 1300 2381 Dei
1354 2341 1455 2395 per
1481 2342 1641 2396 quem
1681 2327 1863 2382 omnia
1920 2325 2063 2380 facta

498 2422 621 2464 esse
645 2413 878 2467 visibilia
909 2424 963 2468 et
993 2414 1281 2469 invisibilia
1314 2416 1365 2469 in
1388 2416 1757 2484 superioribus
1780 2416 1857 2484 (5)
1882 2429 2065 2469 sermo

456 2542 459 2543 ν
498 2499 886 2569 disputationis
904 2505 1145 2569 edocuit,
1175 2505 1472 2559 secundum
1520 2504 1821 2572 Scriptura:
1846 2514 2065 2558 senten-

499 2593 631 2646 tiam
663 2605 717 2649 et
746 2594 873 2649 fecit
898 2596 1099 2660 omnia,
1123 2606 1176 2650 et
1204 2612 1325 2664 qua:
1351 2596 1501 2661 fecit,
1542 2596 1738 2663 diligit.
1767 2597 1904 2649 Nam
1939 2611 2061 2650 cum

497 2684 789 2739 invisibilis
822 2686 911 2740 Dei
940 2686 1055 2753 ipse
1079 2686 1151 2739 sit
1200 2687 1378 2756 imago
1424 2687 1729 2751 invisibilis,
1766 2688 2059 2757 participa-

500 2775 698 2830 tionem
731 2776 813 2830 sui
839 2776 1104 2830 universis
1130 2775 1487 2831 rationalibus
1526 2779 1793 2833 creaturis
1823 2779 2065 2834 invisibi-

495 2867 624 2921 liter
650 2870 899 2936 prazbuit,
924 2870 997 2923 ita
1039 2878 1096 2922 ut
1130 2878 1334 2923 tantum
1364 2885 1429 2924 ex
1459 2884 1525 2926 eo
1549 2873 1923 2941 unusquisque
1941 2889 2061 2942 par-

500 2960 667 3027 ticipii
697 2970 955 3028 sumeret,
991 2969 1195 3024 quanto
1240 2976 1370 3032 erga
1395 2977 1518 3017 eum
1545 2964 1853 3017 dilectionis
1891 2965 2058 3019 iuba:-

492 3053 655 3107 sisset
686 3052 905 3107 affectu.
936 3054 1137 3108 Verum
1165 3070 1287 3108 cum
1318 3070 1417 3124 pro
1449 3055 1604 3111 liberi
1636 3058 1848 3111 arbitrii
1885 3058 2058 3111 facul-

2186 589 2325 642 Filio
2360 587 2475 652 Dei,
2502 584 2587 638 vel
2618 591 2785 636 totum
2816 582 2869 635 in
2888 595 2949 635 se
2979 588 3197 649 caperet
3223 578 3417 632 Filium
3446 576 3563 640 Dei,
3594 576 3747 629 etiam

2186 684 2299 749 ipsa
2327 690 2537 740 cumea
2572 687 2733 742 quam
2764 679 3136 739 assumpserat
3164 683 3348 735 carne,
3384 668 3479 722 Dei
3510 667 3676 722 Filius
3701 678 3749 723 et

2186 771 2281 826 Dei
2316 771 2510 830 virtus,
2539 766 2788 820 Christus
2822 773 2875 819 et
2905 763 2999 816 Dei
3027 762 3293 831 sapientia
3327 758 3670 828 appellatur;
3700 766 3747 810 et

2184 877 2402 917 rursum
2431 859 2525 912 Dei
2557 856 2725 911 Filius
2760 870 2854 923 per
2888 870 3048 925 quem
3074 854 3253 907 omnia
3280 858 3632 914 creatasunt,
3660 847 3745 902 Je-

2187 971 2282 1009 sus
2309 953 2569 1008 Christus
2595 960 2649 1003 et
2693 947 2862 1002 Filius
2891 946 3124 1000 hominis
3155 946 3486 998 nominatur.
3539 940 3669 993 Nam
3700 949 3746 994 et

2184 1046 2353 1101 Filius
2379 1044 2469 1097 Dei
2500 1050 2747 1096 mortuus
2774 1052 2892 1093 esse
2918 1037 3141 1102 dicitur,
3187 1051 3283 1105 pro
3323 1049 3383 1088 ea
3429 1034 3639 1087 scilicet
3661 1048 3745 1087 na-

2185 1152 2305 1195 tura
2342 1154 2462 1208 quaz
2489 1146 2718 1192 mortem
2758 1135 2949 1201 utique
2983 1133 3223 1197 recipere
3260 1136 3511 1198 poterat;
3569 1135 3623 1181 et
3658 1125 3744 1180 Fi-

2185 1231 2289 1284 lius
2322 1229 2556 1284 hominis
2602 1226 2926 1296 appellatur,
2954 1224 3043 1292 qui
3077 1231 3340 1275 venturus
3368 1220 3420 1274 in
3454 1220 3547 1273 Dei
3577 1217 3745 1273 Patris

2182 1320 2347 1392 gloria
2395 1334 2517 1373 cum
2563 1316 2770 1371 sanctis
2817 1314 3020 1383 angelis
3075 1310 3423 1381 praedicatur.
3448 1309 3515 1362 Et
3551 1308 3653 1361 hac
3684 1304 3745 1360 de

2179 1427 2341 1468 causa
2391 1425 2486 1479 per
2511 1424 2724 1464 omnem
2764 1406 3103 1473 Scripturam
3167 1412 3274 1455 tam
3328 1400 3508 1455 divina
3557 1408 3744 1452 natura

2179 1502 2436 1558 humanis
2464 1499 2739 1555 vocabulis
2766 1497 3087 1567 appellatur,
3114 1509 3274 1564 quam
3296 1493 3529 1546 humana
3557 1499 3742 1561 natura

2180 1594 2377 1647 divina:
2402 1590 2824 1661 nuncupationis
2859 1586 3167 1657 insignibus
3208 1585 3545 1639 decoratur;
3573 1582 3743 1651 Magis

2176 1684 2321 1739 enim
2367 1684 2432 1737 de
2476 1684 2575 1736 hoc
2604 1696 2767 1750 quam
2812 1679 2877 1733 de
2926 1677 3036 1731 ullo
3090 1675 3196 1730 alio
3226 1674 3335 1728 dici
3375 1682 3572 1741 potest,
3604 1672 3741 1741 quod

2177 1773 2441 1842 scriptum
2488 1781 2594 1835 est,
2624 1770 2748 1838 quia
2787 1786 2805 1818 ι
2838 1776 2998 1821 erunt
3030 1765 3187 1818 atnho
3240 1763 3290 1816 in
3324 1775 3484 1814 carne
3520 1774 3651 1823 una,
3694 1767 3744 1812 et
3786 1806 3789 1807 ν

2174 1863 2284 1932 jam
2310 1876 2413 1915 n0n
2445 1869 2572 1915 sunt
2597 1859 2834 1917 duo.sed
2857 1872 2983 1912 caro
3010 1870 3115 1908 una
3137 1851 3417 1922 “.illlagis
3435 1849 3579 1903 enim
3610 1848 3736 1904 Ver-

2176 1954 2303 2007 bum
2353 1953 2442 2006 Dei
2473 1966 2596 2006 cum
2631 1949 2813 2004 anima
2855 1948 2907 2001 in
2942 1960 3105 2000 carne
3137 1959 3240 1998 una
3285 1957 3426 2008 esse,
3465 1956 3625 2012 quam
3662 1941 3741 1994 vir

2177 2059 2300 2098 cum
2339 2057 2528 2107 uxore,
2566 2041 2859 2111 putandum
2900 2045 3001 2093 est.
3061 2035 3166 2089 Sed
3215 2044 3272 2089 et
3330 2046 3469 2086 unus
3524 2030 3742 2098 Spiritus

2175 2151 2298 2190 esse
2320 2150 2442 2189 cum
2480 2134 2609 2199 Deo,
2640 2134 2725 2186 cui
2757 2130 2929 2199 magis
2958 2127 3237 2191 convenit,
3262 2139 3426 2192 quam
3464 2123 3590 2175 huic
3624 2123 3739 2174 ani-

2176 2244 2277 2283 ma:
2312 2243 2430 2296 quae
2460 2242 2518 2281 se
2547 2227 2618 2278 ita
2658 2224 2766 2278 Deo
2798 2237 2896 2290 per
2926 2219 3267 2275 diluetionem
3298 2216 3498 2286 jnuxit,
3536 2223 3593 2269 ut
3621 2228 3737 2268 cum

2172 2336 2237 2375 eo
2265 2336 2406 2374 unus
2431 2319 2656 2385 spiritus
2683 2315 2876 2369 merito
2906 2310 3163 2366 dicatur?
3528 2366 3529 2369 η

2174 2411 2291 2485 [Διὰ
2316 2409 2473 2463 τοῦτο
2501 2408 2594 2462 καὶ
2640 2407 2922 2479 ἄνθρωπος
2990 2405 3046 2457 4.
3080 2400 3230 2467 Quod
3266 2396 3442 2453 autem
3485 2396 3737 2452 dilectio-

2170 2498 2703 2572 γέγονεΧριστὸς,ὲξ
2731 2498 2923 2568 ἀνδρα-
2993 2496 3076 2549 nis
3130 2492 3411 2563 perfectio,
3454 2502 3510 2545 et
3561 2489 3736 2543 meriti

2169 2594 2482 2665 γαοήματος
2507 2592 2695 2644 τούτου
2721 2588 2917 2659 τυχὼν,
2992 2586 3215 2641 affectus
3232 2584 3517 2640 sinceritas
3532 2583 3581 2634 ei
3602 2584 3739 2636 hanc

2168 2687 2243 2749 ὡς
2270 2687 2535 2757 μαρτυρεῖ
2564 2685 2591 2734 ὁ
2628 2683 2918 2753 Προφήτης
2991 2676 3410 2747 inseparabilem
3459 2689 3583 2728 cum
3630 2671 3737 2725 Deo

2166 2778 2341 2846 λέγων
2374 2795 2386 2807 ·
2441 2777 2801 2844 (Ἦγάπησας
2836 2772 2916 2824 δισ-
2988 2769 3178 2823 fecerit
3206 2767 3491 2830 unitatem,
3544 2764 3617 2816 ita
3676 2771 3735 2815 ut

2168 2868 2486 2937 καιοσύνην,
2522 2866 2615 2920 καὶ
2647 2865 2913 2935 ἐμίσησας

2165 2962 2413 3031 ἀνομίανο
2440 2959 2527 3012 διὰ
2550 2958 2705 3011 τοῦτο
2730 2955 2911 3026 ἕχρισέ

2166 3073 2224 3108 σε
2240 3059 2268 3109 ὀ
2284 3055 2467 3118 Θεὸς,ὀ
2484 3053 2614 3115 Θεός
2631 3068 2721 3103 σου
2735 3049 2911 3102 ἔλαιον

499 3151 615 3196 tate
664 3143 741 3213 (ϐ)
792 3138 1027 3200 varietas
1067 3162 1511 3216 unumquemque
1544 3164 1606 3202 ac
1639 3149 1930 3202 diversitas
1961 3151 2055 3202 ha-

2174 3147 2533 3216 ὶγαλλιάσεως
2595 3142 2745 3214 παρὰ
2786 3142 2912 3204 τοὺς

491 3234 705 3289 buisset
737 3236 1065 3303 animorum,
1120 3247 1181 3291 ut
1235 3240 1376 3293 alius
1428 3240 1763 3303 ardentiore,
1803 3240 1941 3295 alius
1980 3251 2057 3295 te-

494 3324 686 3380 nuiore
741 3335 797 3381 et
848 3328 1073 3383 exiliore
1132 3345 1260 3400 erga
1321 3340 1599 3386 auctorem
1655 3347 1815 3385 suum
1871 3347 2057 3386 amore

495 3426 796 3483 teneretur,
842 3418 931 3471 illa
967 3420 1148 3473 anima
1178 3422 1245 3473 de
1270 3437 1374 3490 qua
1396 3421 1532 3475 dixit
1555 3419 1733 3486 Jesus,
1753 3422 1876 3490 quia
1917 3420 2053 3475 «Ne-

496 3521 585 3558 mo
639 3507 849 3562 auferet
896 3524 923 3562 a
953 3524 1038 3564 me
1062 3511 1295 3564 animam
1322 3528 1495 3566 meam
1527 3512 1715 3578 "pab
1738 3513 2055 3566 initiocrea-

491 3605 628 3652 turae
655 3610 709 3653 et
740 3600 994 3669 deinceps
1049 3602 1486 3671 inseparabiliter
1524 3605 1571 3658 ei
1612 3612 1775 3671 atque
1829 3604 2053 3658 indisso-

486 3688 756 3742 ciabiliter
789 3690 1057 3744 inhaerens
1090 3691 1191 3761 (7),
1231 3702 1417 3758 utpote
1466 3694 1747 3761 sapientiae
1781 3702 1839 3748 et
1870 3693 2049 3748 Verbo

485 3780 581 3833 Dei
615 3791 669 3835 et
695 3784 910 3837 veritati
940 3798 1003 3839 ac
1033 3783 1136 3838 luci
1158 3799 1321 3849 verae,
1350 3794 1405 3839 et
1425 3795 1533 3839 tota
1562 3796 1730 3839 totum
1765 3787 2048 3855 recipiens,

487 3874 733 3941 atquein
778 3876 896 3944 ejus
952 3877 1128 3930 lucem
1168 3875 1622 3946 splendoremque
1671 3879 1784 3946 ipsa
1828 3881 2046 3943 cedens,

444 3962 447 3965 ’
480 3956 623 4012 facta
662 3972 745 4014 est
766 3977 886 4016 cum
912 3964 1029 4032 ipso
1059 3964 1435 4032 principaliter
1467 3982 1606 4020 unus
1636 3968 1878 4035 spiritus,
1911 3969 2051 4022 sicut

480 4058 538 4104 et
570 4052 857 4120 Apostolus
885 4054 966 4108 his
1000 4055 1091 4123 qui
1121 4070 1240 4108 eam
1276 4057 1475 4110 imitari
1499 4058 1781 4124 deberent,
1814 4061 2044 4128 promit-

484 4136 569 4206 tit’,
599 4144 722 4210 quia
770 4163 788 4196 ι
849 4146 941 4213 qui
993 4161 1054 4201 se
1089 4147 1269 4216 jungit
1319 4148 1571 4214 Domino,
1624 4164 1764 4203 unus
1825 4151 2046 4218 spiritus

478 4244 565 4287 est
597 4236 664 4288 ὀ.
695 4255 714 4287 ι
747 4236 858 4292 Hac
905 4253 1033 4307 ergo
1082 4239 1389 4293 substantia
1435 4241 1629 4294 animae
1676 4240 1820 4295 inter
1876 4241 2043 4296 Deum

476 4338 809 4396 carnemque
842 4330 1114 4383 mediante
1143 4330 1288 4399 (non
1339 4331 1483 4384 enim
1521 4331 1776 4399 possibile
1805 4341 1920 4385 erat
1951 4331 2043 4386 Dei

478 4424 728 4471 naturam
756 4421 969 4488 corpori
1005 4420 1123 4474 sine
1150 4421 1445 4475 mediatore
1478 4421 1736 4492 misceri)
1770 4422 2041 4489 nascitur,

477 4602 801 4668 exsisteute,
850 4606 933 4659 cui
985 4605 1172 4673 utique
1218 4614 1404 4660 contra
1460 4616 1710 4660 naturam
1769 4622 1875 4661 non
1923 4618 2043 4663 erat

471 4710 673 4763 corpus
700 4712 998 4753 assumere.
1034 4698 1140 4753 Sed
1174 4715 1349 4768 neque
1383 4714 1573 4753 rursus
1604 4699 1782 4753 anima
1808 4701 1919 4766 illa,
1952 4711 2041 4755 ut-

469 4796 598 4855 pote
623 4789 925 4842 substantia
958 4790 1312 4855 rationabilis,
1343 4800 1529 4845 contra
1563 4800 1809 4844 naturam
1849 4792 2040 4846 habuit

470 4891 668 4944 capere
694 4878 887 4944 Deum,
919 4879 972 4932 in
1000 4895 1184 4949 quem,
1231 4890 1290 4934 ut
1335 4874 1583 4950 superius
1606 4882 1861 4949 diximus,
1891 4884 2037 4939 velut

467 4966 526 5022 in
560 4968 796 5023 Verbum
818 4978 874 5023 et
904 4971 1221 5039 sapientiam
1245 4980 1299 5026 et
1330 4972 1615 5028 veritatem
1645 4982 1753 5027 tota
1782 4974 1892 5040 jam
1921 4990 2038 5029 ces-

542 5082 585 5113 "
616 5081 774 5138 Joan.
800 5098 854 5149 x,
886 5082 974 5136 18.
1052 5082 1139 5136 ³⁸1
1189 5083 1317 5140 Cor.
1343 5099 1417 5152 vr,
1444 5086 1528 5139 l7.

464 5236 528 5277 se
555 5223 845 5276 conveniat
874 5221 1063 5276 deitati
1093 5223 1313 5288 habere,
1338 5226 1558 5282 humani
1592 5227 1902 5283 intellectus
1932 5244 2028 5281 an-

462 5292 644 5368 gustia
696 5302 863 5347 tanta:
916 5293 1293 5347 admirationis
1340 5306 1563 5368 stupore
1620 5313 1877 5366 percussa
1916 5314 2024 5368 quo

464 5361 718 5433 declinet,
744 5370 797 5415 et
827 5376 934 5429 quo
958 5372 1331 5433 segconvertat
1362 5361 1594 5433 ignorat.
1620 5361 1655 5418 ἰ

538 5430 616 5504 (ᾖ)
645 5432 783 5504 _Mss.
820 5449 838 5481 ι
876 5431 1161 5504 quoniam.
1199 5450 1217 5482 ι
1247 5430 1417 5497 Alias,
1457 5456 1475 5487 ς
1509 5438 1796 5504 quomodo.
1830 5457 1849 5491 ι

533 5499 611 5574 (5)
644 5502 718 5554 lta
758 5500 1092 5574 m_ss._AAlias,
1134 5518 1153 5551 ι
1184 5512 1313 5556 sunt
1344 5499 1598 5574 visibilia,
1625 5516 1678 5562 et
1714 5507 2023 5572 invisibilia,

463 5578 523 5624 ut
559 5573 609 5623 in
639 5571 1026 5639 superioribus.
1074 5588 1094 5621 ι

536 5640 614 5711 (6)
644 5640 751 5694 Pro
778 5640 928 5694 liberi
971 5641 1183 5696 arbitrii
1222 5642 1497 5713 facultate.
1551 5645 1643 5702 Sic
1697 5663 1827 5704 mss.
1876 5646 2025 5703 Alias

462 5708 639 5771 deest,
672 5730 690 5762 ‹
722 5725 819 5779 pro
853 5731 899 5765 ι.

535 5780 613 5853 (7)
645 5781 789 5838 Vide,
814 5782 849 5837 1.
893 5797 928 5836 ιι
956 5782 1285 5855 Origenian.,
1321 5800 1375 5856 q.
1410 5786 1463 5852 5,
1496 5802 1547 5841 ιι.
1576 5788 1628 5844 6.

2168 3240 2421 3308 μετόχους
2447 3254 2557 3289 σου.
2596 3253 2614 3286 ι
2667 3234 2911 3304 Ἕπρεπε

2162 3331 2217 3383 δὲ
2253 3330 2343 3382 τὸν
2370 3329 2637 3401 μηδέποτε
2678 3343 2907 3395 κεχωρι-

2163 3422 2355 3492 σμένον
2422 3421 2515 3473 τοῦ
2594 3418 2910 3489 μονογενοῦς

2162 3530 2367 3583 συγχρη
2377 3511 2597 3582 tta-clam
2635 3509 2710 3579 τῷ
2753 3523 2908 3578 μονο-

2159 3607 2308 3671 γενεί
2347 3605 2441 3655 καὶ
2486 3598 2905 3670 συνδοξασθῆναι

2159 3695 2303 3766 αὐτῷ
2319 3692 2439 3765 (9)-1
2470 3692 2524 3746 ld
2551 3704 2633 3750 est
2656 3714 2669 3749 ε
2732 3745 2751 3761 ,

2158 3788 2367 3842 Idcirco
2417 3796 2465 3840 et
2518 3788 2669 3839 homo
2727 3785 2902 3853 factus

2156 3890 2232 3934 est
2281 3879 2520 3933 Christus
2575 3894 2668 3932 suo
2717 3879 2900 3929 merito

2154 3974 2251 4026 hoc
2273 3974 2511 4037 sortitus,
2547 3978 2604 4023 ut
2641 3968 2901 4045 Propheta

2154 4076 2373 4119 testatur
2399 4066 2614 4117 dicens:
2644 4081 2662 4113 t
2696 4061 2901 4114 Dilexi-

2155 4159 2221 4212 sti
2247 4158 2532 4225 justitiam,
2554 4168 2598 4210 et
2618 4156 2775 4207 odisti
2802 4156 2901 4207 ini-

2150 4250 2421 4319 quitatem,
2453 4257 2720 4315 propterea
2750 4247 2899 4299 unxit

2153 4351 2201 4394 te
2234 4340 2394 4402 Deus,
2427 4339 2565 4392 Deus
2621 4348 2741 4390 tuus
2787 4337 2897 4391 oleo

2987 2874 3097 2913 non
3152 2856 3373 2911 fortuita
3411 2854 3593 2918 fuerit,
3640 2861 3733 2907 aut

2982 2949 3086 3018 91
3116 2963 3237 3002 cum
3286 2959 3528 3015 persona-
3578 2959 3735 2999 acce-

2986 3042 3169 3109 ptione
3221 3038 3415 3090 anima:
3471 3033 3590 3102 ejus
3647 3050 3733 3089 as-

2984 3130 3219 3199 sumptio
3238 3169 3254 3195 ,
3313 3128 3409 3183 sed
3466 3127 3731 3181 virtutum

2983 3237 3200 3277 suarum
3226 3221 3275 3276 ei
3307 3220 3501 3274 merito
3525 3218 3728 3283 delata,

2981 3316 3108 3369 audi
3158 3315 3224 3367 ad
3274 3328 3395 3367 eam
3429 3310 3541 3381 (l0)
3597 3310 3732 3365 Pro-

2979 3409 3195 3476 phetam
3229 3405 3538 3458 dicentem:
3581 3420 3601 3454 ι
3643 3402 3725 3455 Di-

2978 3501 3154 3555 lexisti
3178 3498 3538 3570 justitiam,et
3562 3498 3727 3551 odisti

2978 3596 3356 3664 iniquitatem;
3433 3603 3723 3661 propterea

2977 3686 3132 3739 unxit
3164 3694 3214 3738 te
3250 3684 3411 3743 Deus,
3439 3683 3580 3735 Deus
3606 3690 3728 3735 tuus

2975 3781 3093 3835 oleo
3118 3780 3317 3834 laetitiae
3357 3792 3467 3846 prae
3496 3777 3727 3845 partici-

2974 3873 3129 3941 pibus
3169 3873 3273 3926 tuis
3299 3872 3367 3925 ".
3404 3888 3422 3921 ι
3464 3869 3728 3923 Dilectio-

2974 3969 3055 4022 nis
3088 3982 3216 4036 ergo
3262 3966 3457 4020 merito
3499 3965 3728 4033 ungitur

2973 4060 3092 4113 oleo
3131 4059 3350 4124 laetitiae,
3385 4058 3437 4111 id
3484 4065 3569 4111 est
3600 4058 3723 4109 ani-

2972 4166 3058 4203 ma
3109 4149 3311 4203 Christi
3371 4163 3496 4202 cum
3538 4145 3724 4199 Verbo

2972 4246 3063 4301 Dei
3117 4242 3365 4299 Christus
3408 4244 3521 4314 (Η)
3558 4241 3725 4298 elﬁci-

2970 4338 3133 4390 citur.

2152 4429 2353 4483 lwtitite
2401 4445 2510 4498 pra:
2547 4427 2887 4495 participibus
2918 4428 3041 4479 tuis.
3081 4445 3099 4477 ι
3133 4425 3351 4479 Decebat
3373 4426 3511 4478 enim
3560 4425 3715 4477 illum

476 4518 536 4563 ut
561 4511 822 4578 diximus,
872 4513 1019 4568 Deus
1068 4514 1235 4568 homo
1293 4513 1397 4583 illa.
1424 4514 1733 4569 substantia
1764 4517 1939 4570 media
1967 4518 2042 4588 (8)
2079 4535 2123 4588 ι)
2152 4521 2242 4588 qui
2272 4534 2537 4586 nunquam
2566 4519 2628 4570 ab
2658 4516 2932 4586 Unigenito
2963 4528 3239 4585 separatus
3291 4526 3387 4579 est,
3439 4533 3545 4569 una
3595 4532 3717 4569 cum

2154 4608 2431 4679 Unigcnito
2448 4607 2656 4680 (Deum)
2689 4608 2968 4676 appellari,
2998 4619 3043 4661 et
3076 4606 3511 4677 conglori/icari.]

2220 4701 2357 4771 Ungi
2388 4716 2622 4769 namque
2655 4700 2771 4755 oleo
2799 4700 3014 4764 laetitiae,
3061 4715 3165 4753 non
3197 4700 3341 4753 aliud
3389 4700 3717 4770 intelligitur

1606 5086 1648 5119 ²¹
1685 5085 1820 5141 Gen.
1844 5102 1906 5153 ll,
1931 5086 2037 5155 9.4;
2070 5086 2237 5144 Marc.
2278 5103 2332 5154 x,
2378 5087 2431 5141 8.

2145 4807 2307 4860 quam
2348 4792 2556 4860 Spiritu
2597 4801 2783 4845 sancto
2822 4790 3039 4858 repleri.
3089 4789 3245 4855 Quod
3283 4800 3466 4843 autem
3529 4809 3548 4841 ι
3604 4806 3718 4858 pra:

2142 4882 2500 4951 participibus
2538 4900 2557 4933 ι
2586 4881 2741 4945 dixit,
2780 4880 3121 4949 indicatquia
3145 4894 3248 4932 non
3274 4880 3449 4946 gratia
3474 4878 3715 4947 Spiritus

2143 4974 2285 5027 sicut
2316 4973 2596 5043 prophetis
2621 4973 2672 5027 ei
2703 4973 2825 5027 data
2855 4980 2958 5038 est,
2995 4971 3087 5027 sed
3121 4972 3290 5043 ipsius
3318 4971 3483 5027 Verbi
3520 4972 3615 5026 Dei
3654 4971 3709 5024 in

2508 5087 2563 5119 ²¹
2598 5086 2742 5142 Psal.
2792 5102 2938 5153 xuv,
2980 5087 3035 5141 8.

2206 5230 2280 5303 (8)
2317 5231 2429 5303 Vox
2473 5249 2492 5282 ι
2524 5230 2699 5303 media
2732 5250 2751 5283 ι
2794 5230 2944 5303 deest
2976 5230 3028 5283 in
3079 5236 3237 5283 antea
3268 5228 3454 5295 editis,
3506 5242 3707 5296 quam-

2135 5303 2217 5357 vis
2246 5301 2545 5370 reperiatur
2578 5301 2630 5353 in
2659 5302 2910 5370 omnibus
2934 5314 3067 5355 mss.

2206 5369 2281 5440 (9)
2307 5366 2409 5423 ista
2435 5370 2607 5423 τοῦτο
2632 5371 2728 5423 καὶ
2763 5369 3089 5437 ἅνθρωπος,
3117 5379 3225 5424 etc.
3263 5366 3453 5422 Grteca
3483 5368 3599 5424 haec
3622 5384 3711 5440 re-

2135 5437 2433 5511 praesentat
2458 5440 2796 5511 Justiuianus
2821 5442 3117 5511 imperator
3149 5448 3205 5492 ut
3242 5453 3469 5511 erratica
3495 5439 3563 5493 ad
3588 5437 3707 5493 cal-

2136 5508 2252 5565 cem
2278 5511 2519 5579 epistola:
2543 5512 2608 5562 ad
2639 5509 2871 5561 Menam.
2899 5509 2971 5579 De
2997 5510 3099 5561 hoc
3123 5517 3302 5579 autem
3338 5508 3594 5575 Origenis
3614 5523 3710 5564 cr-

2136 5596 2260 5636 rore
2285 5578 2406 5633 vide
2435 5579 2878 5647 Origenianorum
2917 5578 3009 5629 lib.
3045 5593 3105 5640 ll,
3134 5594 3225 5647 qu.
3255 5578 3309 5639 5,
3340 5592 3396 5633 n.
3427 5579 3481 5631 6.

2210 5648 2319 5720 (l0)
2349 5649 2424 5720 Ita
2458 5646 2589 5701 mss.
2618 5648 2791 5720 Alias,
2828 5665 2846 5697 ι
2881 5662 3024 5720 eum,
3061 5666 3079 5698 ι
3117 5646 3276 5701 male.

2206 5717 2319 5791 (11)
2353 5718 2615 5773 Christus.
2650 5717 2740 5772 Sic
2770 5732 2899 5772 mss.
2939 5717 3108 5782 Alias,
3146 5735 3165 5767 ι
3204 5730 3391 5772 unum.
3434 5734 3456 5771 ι
