3880 6514
179 429 281 487 Ξιὸ

1478 424 1674 481 LIBER
1718 418 2108 489 secessus:

3301 406 3410 461 2H

180 565 237 601 ea
270 545 639 601 substantialis
674 546 852 602 inerat
882 546 1180 616 plenitudo,
1207 547 1342 600 sicut
1374 552 1427 599 et
1451 544 1741 615 Apostolus
1769 542 1815 598 Α
1843 539 1894 591 in
1931 541 2050 609 igne
2109 534 2337 606 positam
2390 542 2445 589 et
2498 530 2869 586 indesinenter
2916 524 3193 579 ardentem
3250 538 3406 616 posse

179 639 307 692 dixit
340 654 353 690 :
391 656 409 689 ι
442 637 494 690 In
522 652 632 705 quo
660 638 927 691 inhabitat
956 636 1066 708 (η)
1091 638 1268 691 omnis
1297 636 1570 705 plenitudo
1602 634 1737 689 divi-

179 727 359 781 nitatis
386 728 749 797 corporaliter
780 728 846 782 “.
888 747 905 779 ι
953 728 1217 798 Deniqne‘
1246 737 1464 798 prepter
1496 728 1596 782 hoc
1633 743 1735 781 non

177 819 343 872 solum
389 818 566 872 dixit:
613 838 632 870 ι
690 819 939 875 Dilexisti
990 819 1302 888 justitiam,
1341 838 1358 870 ι
1402 821 1493 873 sed
1549 820 1733 873 addit:

180 927 198 958 ι
228 909 289 962 Et
320 910 485 963 odisti
517 910 862 979 iniquitatem
902 911 969 965 ".
1007 930 1025 962 ι
1061 910 1253 966 Odisse
1307 911 1450 965 enim
1482 911 1741 979 iniquita-

176 1010 274 1055 tem
309 1009 390 1054 est
425 1000 559 1055 illud
588 1002 731 1070 quod
778 1000 1056 1071 Scriptura
1097 1001 1226 1056 dicit
1260 1006 1323 1056 de
1354 1019 1418 1057 eo
1450 1002 1584 1071 (15),
1611 1001 1737 1070 quia

180 1111 197 1142 ι
224 1101 512 1158 peccatum
545 1109 652 1146 non
686 1094 830 1158 fecit,
866 1108 963 1147 nec
998 1094 1249 1148 inventus
1277 1103 1359 1148 est
1388 1094 1542 1147 dolus
1567 1094 1621 1147 in
1646 1110 1740 1148 ore

173 1184 385 1251 ejus”;
426 1204 448 1236 ι
493 1193 549 1238 et
597 1185 738 1253 quod
787 1185 895 1238 ait:
941 1202 959 1234 ι
1008 1184 1271 1239 Teutalus
1306 1201 1403 1255 per
1430 1187 1612 1241 omnia
1643 1202 1740 1254 pro

172 1270 529 1325 similitudine
566 1274 771 1340 absque
819 1283 1045 1340 peccato
1075 1274 1141 1327 ³⁸.
1182 1294 1200 1327 ›
1256 1274 1361 1329 Sed
1404 1284 1456 1329 et
1486 1276 1603 1345 ipse
1635 1276 1741 1330 Do~

170 1361 343 1413 minus
385 1362 565 1415 dicit:
615 1381 632 1412 ι
662 1362 798 1429 Quis
848 1375 1090 1418 vestrum
1147 1377 1341 1435 arguet
1378 1382 1461 1422 me
1503 1367 1570 1421 de
1620 1382 1743 1436 pec-

172 1461 284 1504 cato
320 1452 409 1504 '7?
445 1471 468 1504 ι
509 1452 575 1506 Et
606 1454 802 1507 iterum
832 1455 947 1522 ipse
978 1455 1108 1510 dicit
1142 1458 1209 1512 de
1236 1471 1337 1511 se:
1377 1476 1395 1507 ι
1428 1457 1565 1513 Ecce
1598 1458 1743 1512 venit

170 1541 417 1612 princeps
448 1544 637 1597 mundi
681 1545 872 1613 hujus,
903 1555 958 1600 et
998 1547 1052 1600 itt
1084 1562 1170 1601 me
1209 1562 1315 1601 non
1347 1548 1552 1602 invenit
1586 1549 1746 1618 quid-

170 1647 319 1701 quam
349 1633 420 1685 ⁸⁸.
469 1652 488 1684 ›
538 1633 669 1699 Quae
705 1637 886 1690 omnia
914 1638 1117 1691 nullum
1155 1640 1205 1692 in
1256 1655 1320 1693 eo
1350 1641 1563 1707 peccati
1615 1657 1743 1695 sen-

171 1741 278 1779 sum
311 1727 566 1781 indicant
615 1729 913 1784 exstitisse.
951 1730 1104 1796 Quod
1148 1741 1201 1783 ut
1232 1731 1490 1799 prepheta
1523 1732 1743 1786 eviden-

171 1818 269 1871 tius
298 1817 659 1887 designaret,
691 1820 818 1887 quia
850 1836 1131 1890 nunquam
1182 1822 1235 1875 in
1284 1837 1405 1876 eum
1443 1824 1745 1893 iniquitatis

1846 632 2014 698 frigus
2048 627 2336 696 aliquando
2369 623 2649 695 recipere?
2678 620 2929 689 Quinimo
2955 655 2970 682 ,
3026 616 3169 683 quod
3225 612 3408 666 verius

1845 732 1947 787 est,
1982 723 2152 791 magis
2182 734 2303 773 eam
2334 719 2477 775 sicut
2512 718 2563 771 in
2590 713 2903 772 fornacibus
2923 724 3063 779 saepe
3092 708 3208 762 fieri
3237 705 3408 761 oculis

1846 814 2349 884 deprehendimus,
2407 819 2571 863 totam
2634 807 2809 876 ignem
2868 801 3112 855 cil'ectam
3144 799 3409 861 dicimus,

1846 906 2103 975 quoniam
2158 918 2255 957 nec
2286 902 2432 955 aliud
2466 902 2517 955 in
2553 914 2616 953 ea
2660 898 2761 952 nisi
2806 894 2949 965 ignis
3004 893 3279 956 cernitur;
3316 892 3409 944 sed

1846 1009 1900 1053 et
1924 998 1968 1051 si
1997 997 2119 1067 quis
2146 996 2461 1063 contingere
2487 1002 2646 1060 atque
2668 997 2956 1043 attrectare
2972 985 3409 1057 (“20)tentaverit,

1847 1105 1952 1142 non
1986 1088 2155 1152 ferri,
2192 1087 2286 1141 sed
2324 1086 2463 1154 ignis
2493 1084 2601 1136 vim
2653 1080 2876 1135 sentiet.
2926 1078 3037 1133 Hoc
3085 1092 3216 1144 ergo
3254 1076 3413 1130 modo

1848 1181 2011 1233 etiam
2054 1179 2144 1232 illa
2192 1178 2375 1231 anima
2402 1190 2542 1244 quae,
2579 1173 2734 1242 quasi
2794 1172 2995 1225 ferrum
3037 1168 3091 1222 in
3140 1170 3301 1238 igne,
3335 1167 3415 1220 sic

1848 1287 2063 1340 semper
2096 1273 2146 1325 iu
2176 1269 2388 1332 Verbo,
2429 1279 2645 1334 semper
2688 1264 2742 1316 iu
2783 1261 3074 1330 sapientia,
3109 1275 3322 1329 semper
3355 1260 3407 1312 in

1850 1363 1960 1418 Deo
1994 1363 2170 1430 posita
2202 1369 2304 1423 est,
2342 1372 2502 1413 omne
2534 1355 2675 1426 quod
2701 1355 2831 1425 agit,
2863 1352 3006 1422 quod
3037 1352 3233 1413 sentit,
3266 1351 3409 1419 quod

1851 1454 2138 1523 intelligit,
2192 1454 2333 1507 Deus
2369 1459 2487 1516 est;
2544 1458 2599 1503 et
2628 1448 2749 1501 ideo
2788 1461 2887 1501 nec
2925 1442 3294 1500 convertibilis
3323 1452 3416 1494 aut

1851 1547 2129 1603 mutabilis
2160 1546 2264 1601 dici
2315 1551 2535 1613 potest,
2587 1556 2708 1611 quae
2742 1538 3319 1595 inconvertibilitatem
3348 1549 3413 1588 ex

1860 1640 2023 1696 Verbi
2064 1638 2161 1694 Dei
2187 1638 2397 1692 unitate
2427 1635 2801 1689 indesinenter
2842 1632 3010 1699 ignita
3041 1628 3298 1698 possedit.
3336 1627 3417 1680 Ad

1851 1744 2039 1785 omnes
2071 1727 2304 1795 denique
2343 1735 2564 1779 sanctos
2589 1728 2740 1778 calor
2767 1721 2967 1790 aliquis
3002 1718 3163 1773 Verbi
3197 1717 3291 1771 Dei
3318 1732 3417 1786 pu-

1851 1823 2045 1875 tandus
2089 1830 2171 1874 est
2205 1817 2551 1888 pervenisse;
2602 1816 2654 1869 in
2696 1816 2797 1869 hac
2849 1822 3028 1868 autem
3061 1811 3246 1865 anima
3303 1810 3421 1879 ipse

170 1923 350 1961 sensus
382 1910 679 1975 intrasset,
715 1912 789 1965 ztlt
819 1930 833 1965 :
870 1930 889 1962 ι
929 1912 1249 1981 Priusquam
1284 1915 1447 1969 sciret
1480 1932 1612 1984 puer
1643 1932 1740 1984 pa-
1778 1900 1819 1953 Β
1852 1913 1991 1983 ignis
2043 1912 2263 1965 divinus
2317 1908 2753 1965 substantialiter
2808 1904 3140 1974 requievisse
3188 1902 3418 1957 creden-

172 2009 297 2051 trem
350 2010 453 2053 aut
507 2012 738 2057 matrem
789 2019 1027 2070 vocare,
1080 2006 1277 2060 avertit
1329 2021 1387 2061 se
1430 2009 1498 2061 ab
1544 2008 1746 2078 iniqui-

172 2100 271 2144 tate
290 2092 358 2144 ".
393 2111 414 2144 ι

231 2183 280 2236 5.
313 2183 479 2249 Quod
507 2185 553 2239 si
593 2185 758 2240 alicui
787 2186 1003 2241 diﬂ‘ieile
1049 2189 1344 2254 videbitur,
1378 2204 1477 2258 pro
1506 2205 1569 2245 eo
1603 2192 1745 2260 quod

170 2276 550 2331 rationabilem
589 2279 823 2332 animam
857 2296 979 2335 esse
1020 2282 1071 2335 in
1104 2281 1321 2337 Christo
1361 2299 1523 2352 supra
1567 2294 1749 2337 osten-

170 2366 383 2431 dimus,
426 2384 556 2422 cum
611 2369 726 2438 (14)
761 2372 945 2437 utique
969 2373 1273 2426 animarum
1321 2385 1571 2430 naturam
1623 2377 1747 2430 boni

174 2458 405 2526 malique
446 2475 707 2528 capacem
756 2477 851 2531 per
880 2477 1070 2518 omnes
1103 2465 1492 2532 disputationes
1538 2477 1749 2522 nostras

172 2545 490 2616 frequenter
516 2551 880 2613 ostendimus.
911 2554 1012 2607 hoc
1057 2558 1216 2609 modo
1247 2557 1321 2610 rei
1369 2556 1523 2623 hujus
1556 2558 1747 2627 expla-

171 2638 382 2695 nabitur
410 2639 726 2695 difﬁcultas.
787 2642 1047 2697 Naturam
1097 2644 1313 2713 quidem
1363 2646 1556 2699 anima:
1606 2646 1749 2701 illius

176 2730 308 2784 hanc
333 2730 508 2785 fuisse
536 2746 661 2800 quze
683 2742 764 2787 est
785 2734 1028 2788 omnium
1062 2736 1392 2800 animarum,
1424 2751 1530 2789 non
1566 2745 1748 2806 potest

172 2822 399 2875 dubitari
430 2841 446 2888 ;
472 2824 714 2892 alioquin
750 2826 851 2879 nec
874 2826 975 2880 dici
999 2828 1177 2880 anima
1201 2829 1393 2896 potuit,
1418 2828 1461 2882 si
1492 2842 1619 2883 vere
1640 2844 1747 2883 non

172 2912 262 2967 fuit
278 2914 488 2968 anima.
508 2914 706 2969 Verum
722 2918 973 2985 quoniam
991 2918 1101 2986 (15)
1118 2920 1240 2973 boni
1262 2918 1496 2989 malique
1516 2919 1751 2990 eligendi

173 2996 396 3059 familias
425 3006 687 3061 omnibus
717 3018 916 3076 praesto
941 3019 1049 3075 est,
1076 3011 1189 3063 haec
1212 3012 1389 3064 anima
1413 3025 1532 3080 quae
1550 3012 1750 3068 Christi

172 3103 251 3147 est
270 3095 409 3163 (16),
437 3096 515 3148 ita
551 3095 713 3166 elegit
741 3097 967 3166 diligere
988 3099 1275 3168 justitiam,
1303 3108 1360 3153 ut
1382 3115 1481 3168 pro
1522 3099 1752 3154 immen-

173 3192 322 3240 sitate
348 3188 668 3241 dilectionis
693 3189 1177 3245 inconvertibiliter
1196 3190 1247 3244 ei
1278 3199 1440 3259 atque
1470 3194 1752 3260 insepara-

174 3277 346 3330 biliter
369 3277 490 3346 (l7)
510 3278 825 3341 inhaereret,
856 3279 927 3332 ita
960 3288 1017 3331 ut
1045 3279 1308 3348 propositi
1333 3279 1580 3343 ﬁrmitas,
1602 3279 1753 3333 etaf-

175 3366 339 3421 fectus
366 3368 738 3433 immensitas,
768 3378 821 3422 et
846 3369 1149 3423 dilectionis
1179 3371 1634 3439 inexstingnihilis
1659 3387 1751 3427 ca-

177 3458 267 3522 lor,
286 3475 507 3513 omnem
536 3474 755 3513 sensum
779 3461 1149 3515 conversionis
1174 3472 1332 3530 atque
1360 3463 1754 3519 itnmutationis

174 3551 540 3618 abscinderet,
570 3561 625 3605 et
659 3553 803 3621 quod
832 3553 887 3607 in
915 3554 1143 3608 arbitrio
1170 3562 1289 3609 erat
1318 3556 1575 3623 positum,
1606 3556 1752 3626 longi

177 3656 301 3696 usus
349 3641 553 3697 affectu
583 3641 699 3710 jam
750 3659 972 3699 versqu
1030 3647 1100 3699 sit
1137 3646 1189 3698 in
1225 3628 1531 3700 'naturam:
1589 3648 1664 3701 ita
1696 3660 1752 3704 et

179 3734 337 3789 fuisse
372 3737 679 3804 quidemiu
736 3735 955 3790 Christo
1012 3737 1245 3791 humana
1299 3748 1355 3791 et.
1405 3740 1752 3796 rationabiiis

180 3825 349 3878 anima
378 3826 661 3880 credenda
688 3836 772 3879 est
801 3826 937 3896 (l8),
958 3837 1015 3881 et
1035 3828 1241 3882 nullum
1273 3844 1490 3884 sensum
1517 3831 1598 3885 vel
1629 3848 1754 3902 pos-

182 3916 496 3970 sibilitatem
530 3933 653 3970 eam
687 3920 984 3986 putandum
1016 3929 1101 3974 est
1127 3921 1382 3975 habuisse
1414 3925 1643 3990 peccati.

245 4011 298 4064 6.
348 4011 431 4065 Ad
467 4012 766 4080 pleniorem
813 4018 992 4067 tamen
1045 4013 1121 4067 rei
1171 4013 1607 4082 explanationem
1646 4033 1751 4072 non

182 4101 396 4154 videtur
444 4103 744 4156 absurdum
773 4141 791 4168 ,
839 4104 883 4158 si
944 4103 1107 4158 etiam
1167 4105 1525 4161 similitudine
1572 4106 1752 4177 aliqua

183 4196 411 4256 utamur,
447 4193 577 4247 licet
614 4195 666 4247 in
697 4209 757 4248 re
787 4204 895 4248 tam
945 4198 1139 4261 ardua,
1180 4205 1396 4265 tamque
1423 4198 1649 4263 diflicili,
1683 4215 1751 4255 ne

186 4286 440 4355 exemplis
471 4288 693 4355 quidem
738 4286 815 4339 uti
855 4287 1153 4342 commodis
1184 4289 1340 4358 capia
1391 4299 1496 4344 est.
1546 4289 1750 4346 Tamen

188 4386 243 4429 ut
267 4382 468 4448 absque
489 4379 677 4447 aliquo
693 4378 1008 4449 prwjudicio
1027 4378 1290 4444 dicamus,
1325 4379 1452 4435 ferri
1478 4382 1751 4436 metallum

189 4481 349 4536 eaan
379 4480 458 4523 est
488 4469 711 4537 frigoris
742 4478 796 4522 et
825 4468 1045 4523 caloris.
1081 4469 1137 4523 Si
1168 4483 1300 4538 ergo
1336 4486 1517 4525 massa
1568 4472 1748 4541 aliqua

190 4558 309 4613 ferri
339 4576 556 4628 semper
586 4562 642 4614 in
670 4562 793 4630 igne
822 4563 895 4615 sit
927 4562 1130 4630 posita,
1157 4562 1408 4617 omnibus
1433 4564 1547 4617 suis
1579 4566 1749 4633 poris,

187 4650 541 4720 omnibusque
586 4654 738 4705 venis
778 4652 955 4721 ignem
998 4636 1305 4721 recipiens,
1338 4662 1394 4706 et
1444 4662 1554 4707 tota
1610 4657 1751 4726 ignis

188 4738 389 4804 eﬂecta,
417 4743 463 4796 si
495 4758 673 4810 neque
714 4743 852 4811 ignis
886 4742 956 4796 ab
1005 4757 1068 4795 ea
1102 4753 1279 4798 cesset
1307 4743 1615 4813 aliquando,
1654 4761 1749 4802 ne-

191 4844 290 4898 que
316 4832 425 4902 ipsa
475 4834 709 4902 ab-igue
735 4845 1039 4904 separetur,
1079 4834 1449 4904 nunquidnam
1504 4837 1616 4909 (i9)
1664 4840 1750 4895 di-

191 4935 369 4977 cemus
397 4925 558 4989 hanc,
595 4940 715 4993 quae
750 4935 940 4979 natura
997 4926 1213 4995 quidem
1254 4923 1384 4980 ferri
1427 4942 1604 4983 massa
1643 4941 1745 4997 est,

232 5035 300 5114 λ²³
344 5037 552 5114 ροιοςε.
578 5054 652 5097 ιι,
706 5038 759 5114 9.
836 5039 881 5071 “
906 5037 1276 5114 Psaim._su_v,
1307 5040 1361 5114 _8.
1438 5042 1483 5073 ’⁸
1514 5040 1615 5098 lsa.
1641 5063 1758 5110 LIII.
1791 5051 1844 5105 9.
1922 5052 1967 5086 ³⁸
1994 5050 2130 5104 lleh.
2164 5064 2239 5113 tv,
2270 5048 2357 5102 15.
2435 5049 2477 5079 ’⁷
2517 5045 2676 5104 Joan.
2719 5061 2837 5112 vui,
2869 5044 2956 5102 46.

1846 2004 1948 2057 dus
1970 2012 2055 2057 est
2076 2043 2090 2067 ,
2129 2018 2194 2056 ex
2249 2017 2354 2071 quo
2378 2002 2444 2055 ad
2502 2008 2729 2054 caeteros
2757 1998 2904 2051 calor
2928 1995 3127 2065 aliquis
3184 1992 3415 2046 venerit.

1851 2096 2091 2165 Denique
2143 2095 2286 2164 quod
2341 2093 2497 2155 dixit,
2543 2090 2670 2159 quia
2718 2107 2735 2139 ι
2773 2089 2943 2144 Unxit
2978 2098 3029 2140 te
3077 2089 3244 2149 Deus,
3280 2086 3420 2138 Deus

1852 2195 1975 2239 tuus
1998 2186 2117 2239 oleo
2147 2184 2342 2237 laetitiae
2363 2198 2470 2253 prae
2508 2181 2864 2250 participibus
2888 2180 2991 2234 tuis
3019 2178 3087 2242 ³⁸,
3125 2196 3144 2228 ι
3183 2177 3422 2237 ostendit

1857 2278 2003 2345 quod
2034 2276 2196 2329 aliter
2222 2275 2323 2328 ista
2355 2274 2535 2327 anima
2559 2272 2682 2326 oleo
2706 2271 2922 2337 lautitiae,
2952 2271 3003 2324 id
3021 2280 3105 2323 est
3124 2267 3303 2325 Verbo
3329 2268 3418 2321 Dei

1850 2379 1908 2422 et
1944 2367 2210 2436 sapientia
2244 2365 2357 2434 (Ἥ)
2390 2365 2630 2433 ungitur,
2661 2376 2715 2418 et
2751 2363 2912 2417 aliter
2952 2362 3242 2431 participes
3279 2360 3418 2429 ejus.

1853 2463 1904 2516 id
1935 2471 2015 2517 est
2041 2461 2214 2516 sancti
2240 2461 2517 2529 propheta:
2550 2467 2605 2511 et
2638 2455 2888 2525 apostoli.
2915 2455 2991 2508 1111
3012 2454 3156 2508 enim
3181 2453 3421 2507 iuodore

1853 2562 2248 2624 unguentorum
2280 2552 2397 2619 ejus
2420 2551 2733 2605 cucurrisse
2778 2548 3067 2602 dicuntur:
3103 2546 3203 2599 ista
3235 2554 3415 2599 autem

1854 2648 2036 2701 anima
2067 2644 2345 2699 vasculum
2380 2643 2637 2712 unguenti
2672 2641 2842 2711 ipsius
2868 2639 2988 2702 fuit,
3020 2652 3083 2691 ex
3119 2636 3273 2704 cujus
3313 2636 3421 2689 fra-

1852 2740 2064 2809 grantia
2093 2736 2481 2807 participautes
2514 2734 2659 2804 digni
2684 2734 2887 2804 quique
2910 2731 3184 2801 propheta:
3218 2730 3422 2783 fiebant

1853 2844 1907 2889 et
1933 2832 2187 2903 apostoli.
2210 2832 2363 2885 Sicut
2387 2842 2519 2899 ergo
2541 2828 2686 2881 aliud
2713 2835 2796 2881 est
2814 2825 3070 2894 unguenti
3093 2822 3417 2887 substantia,

1854 2926 1998 2978 aliud
2033 2925 2165 2979 odor
2203 2922 2354 2991 ejus;
2407 2922 2477 2974 ita
2527 2918 2678 2973 aliud
2709 2930 2793 2972 eSt
2830 2917 3115 2979 Christus,
3165 2922 3219 2968 et
3273 2912 3420 2965 aliud

1854 3015 2148 3085 participes
2174 3014 2276 3068 sui.
2307 3013 2372 3066 Et
2401 3012 2543 3065 sicut
2570 3025 2666 3064 vas
2689 3009 2861 3077 ipsum
2890 3008 3031 3078 quod
3061 2998 3418 3060 substantiam

1855 3107 2098 3162 continet
2127 3103 2391 3174 unguenti
2446 3102 2581 3173 (22),
2620 3099 2764 3155 ηιιΙΙο
2786 3112 2984 3169 genere
3013 3105 3187 3167 potest
3219 3094 3421 3163 aliquid

1857 3200 2095 3266 recipere
2121 3197 2366 3259 fauoris;
2395 3194 2446 3248 hi
2478 3208 2607 3248 vero
2634 3192 2725 3261 qui
2748 3204 2813 3244 ex
2845 3191 3014 3245 odore
3045 3189 3162 3259 ejus
3194 3188 3423 3257 partici-

1857 3299 1987 3357 pant
2009 3330 2024 3354 ,
2065 3290 2110 3343 si
2145 3302 2203 3342 se
2238 3286 2399 3357 paulo
2434 3284 2645 3353 longius
2675 3297 2703 3334 a
2759 3280 3060 3351 fragrantia
3094 3278 3212 3347 ejus
3248 3292 3425 3331 remo-

1854 3382 2052 3444 verint,
2086 3378 2343 3449 possibile
2390 3383 2473 3431 est
2514 3384 2572 3429 ut
2624 3373 2948 3449 incidentem
2977 3370 3240 3439 recipiant
3269 3368 3423 3423 foeto-

1856 3486 2007 3537 rem;
2036 3472 2108 3524 ita
2140 3469 2413 3533 Christus,
2448 3466 2590 3520 velut
2616 3480 2712 3518 vas
2748 3464 2923 3532 ipsum
2952 3464 3004 3515 in
3032 3476 3140 3531 quo
3166 3467 3283 3515 erat
3326 3474 3424 3513 un-

1861 3562 2047 3632 guenti
2081 3561 2382 3616 substantia
2412 3599 2427 3622 ,
2476 3556 2809 3627 impossibile
2857 3555 2957 3608 fuit
2996 3562 3054 3607 ut
3084 3552 3418 3608 contrarium

1857 3657 2126 3725 reciperet
2175 3655 2417 3710 odorem.
2444 3651 2747 3719 Participes
2787 3663 2916 3702 vero
2951 3646 3065 3715 ejus
3097 3660 3261 3716 quam
3292 3658 3423 3714 pro-

1816 3764 1821 3769 '
1855 3746 1989 3800 ximi
2020 3745 2221 3799 fuerint
2246 3743 2361 3815 (23)
2388 3742 2609 3798 vasculo
2636 3782 2650 3809 ,
2693 3749 2803 3795 tam
2844 3739 3030 3795 odoris
3063 3745 3225 3793 erunt
3253 3734 3422 3801 parti-

1852 3839 1999 3908 cipes
2032 3845 2087 3892 et
2118 3851 2364 3906 capaces.

1902 3929 2031 3999 '92
2067 3930 2119 3984 7.
2151 3929 2404 3984 Arbitror
2433 3942 2564 3981 sane
2593 3927 2757 3982 etiam
2790 3924 3076 3981 Jeremiam
3104 3922 3420 3992 prephetam

1853 4020 2238 4089 intelligentem
2279 4034 2397 4089 qua:
2440 4019 2511 4073 sit
2543 4019 2593 4072 in
2639 4034 2704 4074 eo
2752 4029 2944 4074 natura
2990 4015 3082 4071 Dei
3115 4013 3417 4083 sapientiae,

1853 4127 1972 4181 qua:
2002 4113 2165 4167 etiam
2199 4113 2312 4166 hate
2340 4121 2483 4166 esset
2507 4125 2669 4179 quam
2699 4126 2794 4180 pro
2820 4110 2995 4164 salute
3026 4108 3209 4163 mundi
3237 4122 3422 4162 susce-

1852 4213 2048 4274 perat,
2088 4204 2330 4261 dixisse:
2390 4223 2409 4256 ι
2441 4205 2677 4273 Spiritus
2719 4203 2903 4259 vultus
2942 4202 3114 4257 nostri
3170 4201 3423 4255 Christus

1854 4295 2136 4362 Dominus,
2168 4295 2255 4350 cui
2285 4295 2520 4349 diximus
2550 4296 2693 4366 quod
2722 4296 2776 4349 in
2806 4294 2995 4349 umbra
3025 4294 3143 4363 ejus
3176 4292 3420 4347 vivemus

1854 4393 1907 4448 in
1957 4393 2218 4462 gentibus
2248 4394 2313 4447 ³¹.
2370 4411 2387 4443 ι
2426 4392 2533 4448 Pro
2581 4392 2726 4447 enim
2757 4404 2822 4446 eo
2859 4390 3004 4460 quod
3049 4389 3190 4444 sicut
3226 4387 3420 4441 umbra

1856 4484 2100 4552 corporis
2131 4476 2301 4536 nostri
2327 4479 2706 4551 inseparabilis
2736 4487 2819 4533 est
2850 4490 3150 4546 acorpore,
3184 4484 3240 4529 et
3267 4473 3420 4526 inde-

1782 4570 1823 4624 ll
1857 4574 2186 4629 clinabiliter
2220 4582 2399 4628 motus
2425 4588 2489 4627 ac
2517 4581 2703 4642 gestus
2725 4569 2975 4638 corporis
3004 4563 3230 4633 suscipit
3250 4570 3305 4616 et
3331 4576 3423 4630 ge-

1858 4665 1949 4731 rit,
1981 4674 2110 4734 puto
2140 4679 2263 4718 eum
2296 4665 2490 4718 animae
2535 4662 2737 4717 Christi
2765 4676 2903 4730 opus
2928 4674 2991 4714 ac
3020 4666 3225 4711 motum
3249 4654 3340 4723 qui
3374 4655 3420 4705 ei

1858 4754 2304 4823 inseparabiliter
2333 4754 2652 4821 inluerehat,
2682 4761 2736 4808 et
2762 4765 2861 4822 pro
2888 4758 3036 4804 motu
3073 4745 3190 4814 ejus
3222 4760 3285 4799 ac
3326 4759 3421 4798 γοα

1857 4845 2064 4900 luntate
2144 4852 2339 4900 cuncta
2415 4844 2799 4913 perpetrabat,
2888 4840 3179 4894 ostendere
3232 4832 3421 4888 volen-

1860 4947 1969 4993 tem
2018 4936 2263 4989 umbram
2304 4934 2505 4992 Christi
2531 4934 2742 4989 Domini
2773 4935 2913 4989 hane
2937 4944 3180 4993 vocasse,
3228 4928 3279 4981 in
3317 4941 3422 4997 qua

3050 5044 3095 5075 ⁸⁸
3123 5041 3281 5101 Joau.
3312 5058 3420 5106 nr,

191 5101 273 5158 ⁵0-
345 5107 386 5138 ¹⁹
426 5109 530 5162 lsa.
578 5123 694 5173 vm,
734 5108 799 5175 4;
828 5125 925 5173 vn,
966 5101 1054 5163 1'6.
1124 5109 1167 5139 ³⁸
1200 5101 1399 5170 Ρέίιιιιι.
1429 5126 1570 5179 XLIV,
1605 5101 1664 5171 8.
1700 5101 2185 5187 νίθῐῚιΓθιιξϋιῖὴί.

261 5218 366 5290 (12)
393 5220 484 5275 Sic
516 5237 648 5276 mss.
676 5221 847 5290 Alias,
888 5241 907 5275 ι
941 5223 1169 5277 habitat.
1201 5242 1220 5274 ι

260 5290 367 5369 (1⁸5)
398 5292 490 5369 Sic
523 5307 652 5345 mss.
681 5293 851 5369 Alias,
884 5311 903 5343 ι
938 5292 1085 5369 illius
1111 5304 1195 5347 est
1234 5294 1301 5349 de
1329 5310 1437 5362 quo
1472 5294 1753 5369 Scriptura

195 5357 658 5433 diei_t_::qui...._et
694 5363 767 5433 de
788 5377 897 5433 quo
920 5363 1186 5433 scriptum
1216 5374 1300 5418 est
1337 5357 1622 5422 tentatum:
1660 5389 1678 5422 ι

396 5430 681 5503 ςτιιηηιιςι
706 5428 861 5503 editi.
887 5431 1016 5486 Mss.
1043 5428 1202 5503 ’γει-ο,
1245 5451 1263 5484 ι
1302 5450 1485 5503 quam.
1524 5455 1544 5489 ι

400 5501 530 5571 _\"ide
561 5501 599 5554 1.
636 5496 681 5553 tt
709 5499 1111 5571 Origeuian.,q.
1153 5496 1207 5563 ὅ.
1246 5496 1390 5558 nuru.
1425 5507 1478 5561 6.

263 5506 350 5562 (15
400 5506 530 5554 \‘ide
562 5506 599 5554 1.
636 5516 671 5553 tt
709 5506 1111 5571 Urigeuian.,q.
1153 5506 1207 5563 5.
1246 5520 1390 5558 num.
1425 5507 1478 5561 6.

199 5506 644 5689 Ευῼίξξίἰὲὲιιιίεε.
674 5570 842 5636 Alias,
880 5589 898 5622 ι
926 5583 1120 5640 praesto
1151 5581 1233 5626 est
1261 5574 1387 5630 huic
1418 5576 1609 5632 animre
1636 5594 1757 5648 quae

223 5649 390 5691 .hrtstt
412 5650 518 5693 est.
544 5658 563 5691 ι

205 5772 215 5783 .
268 5706 373 5775 (Π)
403 5707 470 5761 Ei
520 5720 676 5783 atque
724 5709 1327 5783 inseparabiliter.rﬂmc
1377 5714 1755 5772 desiderantur

205 5779 254 5895 i':
286 5788 435 5832 antea
470 5779 634 5835 editis
661 5820 677 5846 ,
730 5782 977 5849 quamvis
1023 5782 1365 5851 reperiantur
1399 5786 1452 5839 in
1504 5788 1755 5843 omnibus

258 5858 331 5895 ss.

258 5858 331 5899 SS.

1928 5236 2039 5307 (18)
2066 5236 2160 5291 Sic
2179 5250 2310 5289 mss.
2329 5233 2482 5289 Libb.
2516 5232 2671 5299 editi,
2698 5251 2716 5285 ι
2746 5234 2817 5287 ita
2852 5242 2909 5287 ut
2938 5231 3102 5287 fuisse
3129 5228 3418 5299 quidem...

1856 5308 2123 5361 credenda
2157 5309 2250 5359 sit.
2282 5323 2305 5357 ι

1960 5377 2044 5445 19)
2075 5374 2479 5445 Nunquidnam.
2517 5372 2594 5428 ita
2625 5386 2784 5438 mss.;
2815 5371 2968 5436 editi,
3002 5389 3020 5423 ι
3060 5384 3359 5437 nunquam.
3398 5386 3417 5419 ι

1953 5443 2043 5505 20)
2084 5446 2177 5499 Sic
2213 5443 2343 5498 inss.
2381 5443 2546 5505 Alias,
2590 5461 2608 5493 ι
2648 5452 2908 5498 tractare.
2945 5460 2963 5491 ι

1960 5377 2020 5430 19
2075 5377 2479 5445 Nunquidnam.
2517 5377 2594 5428 lta
2625 5386 2784 5438 mss.;
2815 5377 2968 5436 editi,
3002 5389 3020 5423 ι
3060 5384 3359 5437 nunquam.
3398 5386 3417 5419 ι

1932 5377 2047 5585 (2οξ
2084 5446 2177 5499 Sic
2213 5460 2343 5498 mss.
2381 5443 2546 5505 Alias,
2590 5461 2608 5493 ι
2648 5452 2908 5498 tractare.
2945 5460 2963 5491 ι
3294 5508 3303 5518 1
3339 5508 3347 5517 ι

1932 5516 2014 5583 (2i
2098 5513 2164 5566 Et
2213 5512 2493 5580 sapientia.
2548 5512 2896 5568 Desideratur
2944 5512 2999 5564 in
3029 5516 3187 5564 antea
3221 5508 3377 5563 editis
3410 5547 3423 5569 ,

1860 5589 1953 5639 sed
1983 5584 2213 5637 habetur
2249 5584 2300 5636 in
2330 5597 2459 5636 mss.

1934 5652 2047 5720 (2').)
2080 5652 2368 5721 Unguenti.
2403 5650 2493 5721 Sic
2517 5664 2646 5706 mss.
2678 5650 2846 5716 Alias,
2888 5669 2906 5702 ι
2936 5658 2990 5705 et
3020 5660 3370 5721 unguentum.
3402 5665 3422 5697 ι

1935 5719 2050 5795 (25)
2105 5719 2202 5795 Sic
2226 5737 2354 5795 mss.
2396 5720 2564 5787 Alias,
2606 5740 2623 5773 ι
2665 5722 2953 5793 participes
2986 5734 3113 5774 vero
3145 5719 3225 5772 sui
3262 5732 3425 5787 quam

1862 5791 2148 5863 ρι’(ψίιίᾳυὶ
2181 5791 2399 5846 fuerint.
2432 5809 2457 5844 ι,
