3988 6418
562 363 667 429 e15

1793 367 2112 426 ORIGENIS
2148 371 2303 425 ΠΕΡΙ
2344 371 2574 425 ΑΡΧΩΝ

3702 372 3795 427 ΞΜ

560 498 755 551 umbra
777 512 877 552 nos
903 497 1208 552 v-iveremus
1236 495 1287 548 in
1313 492 1586 562 genti-bus.
1624 492 1682 545 In
1712 492 1872 561 hujus
1896 510 2129 564 namque
2159 501 2204 555 Α
2232 495 2495 564 geliorum
2529 508 2671 546 unus
2694 499 2859 558 atque
2888 487 3029 542 idem
3062 484 3204 543 Deus
3231 504 3247 555 ;
3278 496 3395 542 tum
3420 487 3789 565 deinde'ctiam

560 589 948 657 assumptionis
984 593 1327 640 sacramento
1371 594 1560 655 gentes
1606 586 1816 650 vi-vunt,
1854 600 1972 654 qua:
2003 587 2126 640 imi-

566 689 744 732 tantes
778 693 896 732 eam
933 693 1030 746 per
1053 678 1209 731 ﬁdem
1251 676 1473 730 veniunt
1505 677 1571 730 ad
1616 676 1867 732 salutem.
1919 675 2023 729 Sed
2074 688 2129 731 et

565 770 732 823 David
762 770 983 823 dicens:
1015 787 1033 820 ι
1055 767 1257 822 Memor
1284 778 1400 822 esto
1423 768 1700 838 opprobrii
1728 768 1857 834 mei,
1883 767 2126 833 Domine,

564 873 676 926 quo
697 859 1167 926 exprobraverunt
1192 872 1277 912 me
1323 858 1376 910 in
1402 858 1909 912 commutationem-
1927 858 2125 913 Christi

565 946 642 999 tui
668 946 732 1012 η,
771 966 791 997 ι
822 945 1021 999 similia
1056 946 1184 999 mihi
1218 944 1432 998 videtur
1471 947 1780 1002 ostendere.
1837 945 1903 999 Et
1931 945 2129 1000 Paulus

560 1038 691 1105 quid
722 1038 866 1092 aliud
891 1039 1077 1101 sentit,
1117 1053 1237 1091 cum
1270 1038 1437 1091 dicit:
1479 1056 1497 1088 ι
1530 1038 1647 1091 V-ita
1683 1047 1862 1092 vestra
1895 1039 2127 1093 abscon-

558 1128 673 1182 dita
705 1138 788 1183 est
836 1145 957 1183 cum
990 1129 1211 1184 Christo
1240 1129 1292 1183 in
1326 1128 1436 1183 Deo
1486 1128 1577 1182 ³³2
1610 1149 1630 1182 ι
1684 1129 1749 1183 Et
1794 1129 2011 1197 quidem
2074 1129 2124 1181 in

561 1223 669 1275 alio
694 1221 813 1276 loco
843 1222 972 1276 dicit
998 1222 1142 1291 (‘24);
1171 1240 1189 1272 ι
1220 1223 1302 1275 An
1334 1221 1717 1275 documentum
1741 1222 1983 1291 quaeritis
2011 1221 2127 1289 ejus

558 1316 652 1384 qui
684 1314 737 1367 'rn
770 1330 856 1368 me
888 1314 1129 1382 loquitur
1154 1312 1403 1368 Christus
1427 1314 1509 1366 “?
1537 1333 1557 1366 ι
1589 1314 1652 1367 Ει
1683 1329 1826 1368 nunc
1848 1314 2123 1369 Christum

556 1406 611 1459 in
644 1405 754 1459 Deo
784 1405 914 1459 dicit
946 1405 1351 1460 absconditum.
1381 1405 1550 1474 Cujus
1583 1407 1657 1461 rei
1685 1406 1992 1462 intellectus
2020 1406 2124 1460 nisi

560 1496 685 1551 talis
730 1496 928 1566 aliquis
979 1497 1249 1551 indicetur
1293 1495 1404 1567 (25)
1432 1537 1447 1562 ,
1497 1498 1714 1567 qualem
1744 1512 1841 1565 per
1876 1496 2122 1550 umbram

555 1586 759 1641 Christi
785 1603 813 1640 a
838 1589 1099 1657 propheta
1129 1588 1490 1657 signiﬁcatum
1522 1604 1641 1644 esse
1672 1603 1836 1657 supra
1866 1588 2124 1655 diximus,

556 1677 806 1734 fortassis
835 1680 996 1734 ctiam
1031 1680 1179 1733 hunc
1209 1695 1425 1735 sensum
1456 1681 1706 1735 humanae
1745 1681 1941 1735 mentis
1964 1696 2125 1736 exce-

558 1769 657 1823 dit.
695 1768 800 1823 Sed
831 1778 885 1823 et
916 1770 1315 1837 quamplurima
1350 1770 1454 1823 alia
1501 1771 1554 1824 in
1593 1770 1893 1840 Scripturis
1928 1771 2128 1825 divinis

2238 587 2307 640 de
2336 585 2576 648 Christo,
2606 581 2748 652 quod
2783 582 2831 636 is
2858 580 2950 649 qui
2980 579 3210 635 Verbum
3234 590 3288 635 et
3308 581 3576 649 sapientia
3600 580 3693 634 Dei
3717 595 3793 634 su-

2235 677 2419 747 perius
2450 676 2622 728 fuerat
2645 681 2921 736 ostensus,
2954 672 3117 726 etiam
3147 673 3383 740 qualiter
3420 672 3583 725 homo
3627 671 3792 725 iactus

2232 777 2316 821 est
2347 766 2399 819 itt
2426 764 2883 833 consequentibus
2906 761 3088 817 debuit
3117 762 3519 826 demonstrari;
3552 769 3792 829 superest

2236 866 2292 912 ut
2317 857 2483 909 etiam
2513 858 2577 909 de
2610 854 2815 923 Spiritu
2839 859 3025 907 sancto
3056 867 3215 919 quam
3239 866 3530 920 possumus
3560 850 3792 907 breviter

2236 957 2562 1017 repetamus.
2606 944 2843 1013 Tempus
2889 958 3019 1012 ergo
3047 953 3132 997 est
3163 958 3309 997 nunc
3343 942 3410 995 de
3439 941 3641 1010 Spiritu
3671 956 3794 994 san-

2233 1049 2320 1093 cto
2352 1053 2451 1094 nos
2478 1054 2575 1107 pro
2603 1035 2808 1090 viribus
2838 1048 3010 1103 pauca
3041 1035 3313 1090 disserere
3345 1048 3504 1103 quem
3539 1031 3791 1087 Dominus

2232 1140 2284 1183 et
2318 1129 2569 1184 Salvator
2602 1140 2790 1186 noster
2820 1131 2875 1185 in
2902 1126 3195 1194 Evangelia
3219 1126 3512 1180 secundum
3536 1126 3791 1179 Joannem

2234 1221 2571 1277 Paracletum
2613 1222 2915 1276 nominavit
2966 1220 3033 1274 ”.
3098 1217 3251 1270 Sicut
3298 1217 3442 1271 enim
3492 1217 3633 1271 idem
3688 1216 3795 1283 ipse

2235 1312 2398 1380 Deus,
2433 1323 2595 1382 atque
2623 1313 2764 1368 idem
2817 1311 2936 1381 ipse
2970 1308 3244 1373 Christus,
3292 1308 3366 1362 ita
3395 1309 3534 1363 idem
3568 1309 3796 1377 Spiritus

2233 1417 2453 1460 sanctus
2484 1414 2564 1458 est
2594 1404 2687 1471 qui
2718 1405 2771 1457 in
2803 1399 3079 1473 prophetis
3109 1409 3164 1453 et
3198 1400 3249 1457 in
3289 1401 3552 1467 apostolis
3580 1401 3702 1465 fuit,
3746 1402 3793 1457 id

2232 1508 2315 1553 est
2340 1499 2454 1551 sive
2483 1497 2536 1549 in
2566 1496 2672 1549 illis
2698 1495 2787 1563 qui
2815 1504 2941 1549 ante
2966 1496 3253 1551 adventum
3296 1496 3499 1550 Christi
3542 1496 3654 1549 Deo
3681 1510 3798 1550 cre-

2233 1590 2508 1652 diderunt,
2540 1588 2657 1640 sive
2687 1587 2739 1640 in
2771 1587 2857 1640 his
2886 1586 2976 1655 qui
3006 1602 3101 1656 per
3128 1587 3405 1642 Christum
3439 1584 3797 1655 confugerunt

2234 1682 2301 1733 ad
2336 1679 2524 1733 Deutn.
2547 1678 2614 1732 Et
2638 1678 2770 1733 duos
2791 1679 3011 1746 quidem
3033 1678 3161 1732 deos
3188 1693 3347 1732 ausos
3379 1693 3498 1733 esse
3521 1679 3797 1733 haereticos

2236 1771 2455 1836 dicere,
2507 1780 2562 1823 et
2590 1769 2727 1824 duos
2761 1770 3008 1824 Christus
3056 1770 3362 1824 audivimus
3388 1810 3402 1831 .
3438 1770 3575 1825 duos
3619 1781 3795 1824 autem

555 1861 625 1914 de
658 1861 866 1915 umbrat
894 1860 1253 1930 signiﬁcantia
1278 1861 1522 1915 videmus
1552 1863 1780 1925 inserta,
1808 1872 1867 1915 ut
1898 1862 2031 1916 illud
2067 1864 2119 1917 in
2155 1863 2194 1917 Β
2225 1862 2461 1929 Spiritus
2476 1870 2690 1915 sanctos
2711 1876 2982 1929 nunquam
3000 1861 3348 1928 cognovimus
3370 1861 3438 1913 ab
3462 1860 3645 1929 aliquo
3671 1877 3800 1928 pra:-

557 1953 849 2023 Evangelio
875 1955 1175 2008 secundum
1207 1955 1434 2019 Lucam,
1484 1970 1608 2009 cum
1642 1955 1776 2010 dicit
1809 1955 2026 2010 Gabriel
2056 1956 2122 2010 ad

557 2040 829 2095 Mariam:
867 2060 887 2095 ι
918 2043 1155 2113 Spiritus
1186 2055 1362 2098 autem
1411 2044 1623 2099 Domini
1672 2045 2021 2114 superveniet
2061 2045 2117 2099 in

559 2143 632 2195 te,
658 2141 714 2185 et
747 2134 919 2187 virtus
945 2133 1207 2188 Altissimi
1240 2134 1589 2189 obumbrabit
1614 2135 1709 2190 tibi
1737 2136 1801 2192 ".
1833 2156 1851 2189 ι
1888 2136 1952 2189 Et
1981 2139 2123 2207 Apo-

556 2223 727 2277 stolus
753 2224 820 2278 de
868 2224 986 2293 lege
1020 2224 1188 2287 dicit,
1223 2224 1349 2293 quia
1396 2243 1415 2276 ι
1447 2225 1788 2280 similitudini
1836 2237 1891 2283 et
1920 2231 2125 2283 umbra:

558 2315 875 2370 deserviunt
924 2316 1225 2370 cmlestium
1262 2316 1309 2347 ³⁸
1338 2334 1357 2368 ι
1394 2317 1447 2373 hi
1473 2318 1562 2385 qui
1596 2320 1871 2373 carnalem
1924 2320 2125 2375 habent

557 2405 1058 2483 circumcisionem.
1108 2407 1175 2461 Et
1204 2405 1331 2460 alibi
1380 2405 1612 2459 dicitur:
1650 2425 1669 2459 ‹
1708 2408 1897 2464 Nonne
1935 2409 2122 2463 umbra

555 2506 641 2550 est
696 2497 807 2550 vita
858 2508 1043 2552 nostra
1094 2515 1257 2566 supra
1291 2510 1491 2555 terram
1522 2500 1567 2531 ³⁷
1590 2501 1613 2555 ?
1639 2520 1658 2553 ι
1711 2502 1767 2557 Si
1797 2517 1927 2570 ergo
1954 2512 2009 2557 et
2039 2502 2125 2556 lex

556 2603 679 2657 qua:
708 2603 870 2656 super
900 2598 1123 2657 terram,
1154 2595 1345 2648 umbra
1376 2603 1481 2660 est,
1516 2604 1571 2650 et
1598 2594 1649 2648 in
1698 2595 1889 2649 umbra
1920 2594 2124 2649 Christi

557 2680 792 2735 vivimus
826 2683 969 2737 inter
992 2684 1214 2751 gentesf;
1251 2686 1542 2741 videndum
1582 2697 1666 2742 est
1695 2702 1762 2741 ne
1789 2689 1981 2744 harum
2002 2703 2124 2742 om-

555 2774 705 2827 nium
739 2773 852 2847 (26)
880 2776 1083 2832 veritas
1106 2779 1432 2833 umbrarum
1459 2781 1511 2834 in
1545 2780 1634 2834 illa
1664 2780 1992 2834 rcvelatione
2021 2793 2121 2833 no-

554 2877 741 2921 scatur
767 2884 888 2923 cum
911 2867 1022 2937 jam
1051 2886 1159 2926 non
1190 2886 1288 2940 per
1327 2873 1604 2941 speculum
1637 2884 1692 2928 et
1734 2874 1786 2927 in
1814 2874 2121 2941 aenigmate,

555 2958 649 3012 sed
686 2958 826 3014 facie
854 2960 921 3013 ad
967 2960 1158 3016 faciem
1190 2964 1362 3018 sancti
1417 2964 1618 3033 quique
1665 2963 1894 3033 gloriam
1928 2964 2022 3018 Dei
2070 2973 2125 3017 et

556 3064 738 3103 rerum
773 3067 971 3107 causas
1021 3069 1085 3108 ac
1117 3055 1400 3109 veritatem
1440 3056 1709 3124 speculari
1746 3056 2119 3110 merebuntur.

556 3140 724 3209 Cujus
749 3143 999 3197 veritatis
1035 3155 1259 3211 accepto
1284 3143 1396 3213 jam
1446 3145 1673 3215 pignore
1720 3160 1817 3214 per
1861 3146 2122 3213 Spiritum

2229 1955 2348 2008 dimi
2359 1956 2398 2008 ri
2425 1953 2844 2024 (27).Quomodo
2856 1954 3000 2008 enim
3023 1954 3123 2007 hoc
3139 1954 3206 2008 de
3228 1954 3527 2022 Scripturis
3545 1963 3798 2022 poterunt

2232 2043 2520 2109 aliirmare,
2544 2052 2635 2097 aut
2660 2059 2819 2112 quam
2839 2043 3197 2099 ditl‘erentiam
3223 2044 3350 2097 dare
3377 2053 3629 2112 poterunt
3662 2045 3801 2100 inter

2233 2136 2489 2205 Spiritum
2512 2147 2759 2191 sanctum
2777 2147 2825 2191 et
2846 2138 3107 2204 Spiritum
3122 2138 3401 2191 sanctum?
3419 2137 3463 2190 si
3498 2145 3676 2190 tamen
3700 2136 3802 2189 dii-

2231 2227 2401 2282 ﬁuitio
2424 2229 2625 2297 aliqua,
2658 2236 2752 2281 aut
2787 2226 3082 2296 descriptio
3106 2226 3334 2281 inveniri
3359 2235 3537 2296 potest
3561 2225 3797 2295 Spiritus

2229 2323 2425 2377 sancti.
2456 2320 2591 2376 Nam
2620 2331 2677 2375 ut
2705 2321 3061 2376 concedamus
3108 2319 3365 2375 Marcioni
3398 2319 3483 2373 vel
3516 2317 3802 2372 Valentino

2230 2429 2394 2483 posse
2426 2412 2765 2469 diﬂ‘erentias
2792 2413 3011 2467 deitatis
3060 2412 3338 2475 inducere,
3388 2420 3443 2466 et
3478 2410 3641 2464 aliam
3675 2410 3798 2465 boni

2233 2515 2506 2571 naturam,
2538 2504 2700 2559 aliam
2728 2519 2861 2559 vero
2890 2503 3018 2571 justi
3043 2502 3155 2575 (28)
3193 2501 3523 2565 describere,
3556 2502 3687 2570 quid
3714 2518 3805 2556 ex-

2231 2598 2513 2667 cogitabit,
2549 2606 2711 2665 atque
2734 2596 2862 2666 quid
2897 2596 3157 2657 inveniet,
3187 2604 3245 2647 ut
3275 2594 3643 2649 diﬂ'erentiam
3668 2594 3795 2662 Spi-

2232 2686 2370 2739 ritus
2389 2685 2560 2739 sancti
2587 2684 2934 2739 introducat?
2968 2682 3113 2737 Nihil
3136 2698 3264 2754 ergo
3292 2683 3412 2738 illos
3439 2699 3599 2753 posse
3622 2686 3688 2737 ad
3715 2685 3799 2737 in-

2231 2777 2429 2832 dicium
2454 2777 2844 2845 qualiscunque
2874 2774 3192 2830 differentia:
3225 2774 3466 2828 arbitror
3502 2775 3772 2829 invenire.

2300 2870 2358 2923 2.
2388 2867 2498 2921 Nos
2539 2882 2667 2922 vero
2698 2869 3071 2921 existimamus
3102 2866 3217 2938 (29)
3249 2867 3390 2934 quod
3422 2867 3797 2937 participatio-

2232 2974 2356 3015 nem
2384 2959 2503 3029 ejus
2536 2960 2785 3013 similiter
2834 2970 2891 3013 ut
2921 2959 3203 3028 sapientiae
3253 2957 3346 3013 Dei
3392 2970 3447 3014 ct
3497 2960 3661 3015 Verbi
3704 2960 3799 3016 Dei

2232 3052 2435 3119 absque
2480 3051 2586 3105 ulla
2617 3050 2918 3106 diﬁ‘erentia
2965 3063 3213 3106 creatura
3245 3053 3586 3108 rationabilis
3618 3055 3799 3108 omnis

2233 3151 2497 3196 assumat.
2537 3141 2707 3196 Video
2736 3152 2917 3195 tamen
2943 3143 3085 3209 quod
3117 3145 3418 3214 praecipuus
3449 3146 3624 3199 sancti
3674 3144 3803 3213 Spi-

555 3241 831 3298 sanctum,
868 3233 1083 3288 dicebat
1110 3209 1399 3304 Apostolus
1423 3209 1463 3290 :_
1485 3209 1530 3289 ι’
1565 3209 1738 3290 Etiam
1777 3236 1824 3292 si
1871 3209 2128 3307 cognovi-
2153 3209 2199 3273 (ἶ
2233 3232 2369 3285 ritus
2392 3231 2659 3286 adventus
2683 3232 2748 3286 ad
2773 3232 3019 3288 homines
3052 3209 3174 3302 post
3198 3209 3571 3289 ascensionem
3594 3209 3798 3290 Christi

556 3328 679 3377 mus
730 3322 1008 3378 Christum
1041 3327 1338 3380 secundum
1372 3341 1591 3382 carnem
1644 3326 1976 3396 aliquando.
2032 3330 2127 3384 sed

555 3424 700 3467 nunc
719 3412 829 3481 jam
860 3431 963 3469 non
1005 3418 1256 3472 novimus
1313 3417 1380 3473 ³⁸.
1421 3438 1440 3471 ›
1475 3419 1599 3475 Haec
1630 3420 1845 3474 interim
1879 3421 2033 3476 nobis
2060 3422 2125 3475 ad

566 3518 809 3572 praesens
849 3504 917 3560 de
946 3506 1106 3561 rebus
1140 3517 1245 3561 tam
1277 3508 1583 3565 diﬁicilibus
1615 3511 2039 3579 disputantibus,
2072 3512 2125 3566 id

558 3604 643 3648 est
676 3594 746 3650 de
776 3595 1161 3653 incarnatione
1189 3608 1244 3653 et
1273 3599 1340 3653 de
1372 3599 1575 3655 deitate
1607 3600 1807 3656 Christi
1837 3618 2126 3659 occurrere

553 3692 872 3753 potuerunt.
901 3687 959 3742 Si
984 3687 1106 3757 quis
1136 3703 1266 3743 sane
1296 3688 1489 3745 melius
1513 3690 1713 3760 aliquid
1749 3693 1947 3760 poterit
1976 3695 2127 3749 inve-

556 3777 699 3843 nire,
726 3787 781 3833 et
821 3780 1253 3837 evidentioribus
1294 3783 1361 3838 de
1394 3784 1693 3853 Scripturis
1723 3785 1926 3839 sanctis
1947 3800 2126 3841 asser-

554 3868 795 3925 tionibus
818 3872 1145 3929 conﬁrmare
1169 3890 1289 3944 qua:
1318 3875 1473 3941 dicit,
1508 3875 1597 3930 illa
1626 3876 1808 3945 potius
1829 3891 1992 3948 quam
2012 3878 2125 3934 haec

553 3961 906 4031 recipiantur.

1141 4056 1368 4113 CAPUT
1422 4057 1532 4112 VII.

1048 4149 1125 4205 De
1181 4149 1381 4219 Spiritu
1421 4160 1627 4204 sancto.

622 4240 677 4293 1.
712 4238 849 4305 Quia
877 4256 1004 4311 ergo
1022 4248 1143 4312 post
1174 4241 1378 4311 primas
1410 4240 1531 4295 illas
1547 4241 1957 4297 dissertationes
1987 4256 2121 4311 quas

552 4330 621 4384 de
646 4328 813 4386 Patre
834 4340 891 4386 et
919 4330 1058 4387 Filio
1086 4340 1142 4386 et
1172 4331 1379 4401 Spiritu
1414 4338 1603 4386 sancto
1634 4330 1689 4385 in
1721 4330 1894 4387 initiis
1918 4347 2118 4387 secun-

551 4422 680 4475 dum
715 4422 859 4491 quod
912 4438 1000 4479 res
1047 4432 1387 4493 poposcerat,
1417 4426 1794 4495 exposuimus,
1827 4423 2002 4478 visum
2038 4432 2121 4478 est

2228 3322 2282 3377 in
2317 3322 2486 3377 caelos
2512 3324 2681 3393 magis
2707 3340 2871 3393 quam
2904 3336 3032 3379 ante
3074 3326 3360 3380 adventum
3402 3327 3521 3395 ejus
3550 3326 3803 3380 declare-

2230 3421 2336 3466 tur.
2364 3413 2535 3468 Antea
2560 3430 2789 3483 namque
2817 3416 2945 3470 solis
2966 3416 3264 3486 prophetis,
3294 3425 3348 3471 et
3373 3417 3581 3485 paucis,
3606 3417 3655 3470 si
3677 3417 3803 3486 quis

2230 3503 2375 3558 forte
2427 3505 2479 3559 in
2533 3506 2728 3575 populo
2775 3511 3063 3565 meruisset
3092 3508 3245 3580 (50),
3297 3508 3499 3563 donum
3557 3509 3803 3578 Spiritus

2232 3602 2403 3655 sancti
2434 3602 2809 3670 przebebatur;
2843 3613 2963 3672 post
2986 3606 3299 3656 adventum
3332 3618 3461 3656 vero
3492 3603 3805 3657 Salvatoris

2230 3692 2491 3757 scriptum
2543 3703 2629 3748 est
2673 3694 3027 3762 adimpletutn
3062 3709 3183 3749 esse
3223 3694 3374 3755 illud,
3406 3696 3551 3762 quod
3588 3696 3801 3750 dietunt

2227 3791 2314 3835 est
2365 3782 2419 3836 in
2451 3784 2711 3852 propheta
2744 3781 2894 3838 Joele
2921 3822 2937 3848 ,
2989 3786 3117 3852 quia
3176 3802 3194 3835 ι
3234 3786 3349 3839 Erit
3381 3786 3433 3838 in
3479 3787 3799 3841 novissimis

2227 3876 2453 3942 diebus,
2482 3886 2537 3931 et
2564 3876 2835 3931 eﬂ‘undatn
2867 3879 2934 3932 de
2969 3878 3176 3951 Spiritu
3210 3894 3329 3933 meo
3360 3896 3524 3949 super
3576 3897 3803 3936 onmem

2226 3981 2468 4031 carnem,
2495 3976 2550 4022 et
2581 3969 2982 4038 prophetabunt
3008 3971 3055 4001 ⁴⁰
3081 3988 3097 4037 ;
3133 3989 3152 4022 ι
3179 3971 3323 4039 quod
3360 3973 3550 4041 utique
3578 3973 3688 4027 tale
3713 3984 3806 4028 est

2225 4059 2369 4115 sicut
2394 4060 2523 4113 illud
2550 4063 2693 4129 quod
2714 4062 2825 4115 ait:
2856 4080 2875 4114 ι
2897 4060 3097 4117 Omnes
3122 4074 3309 4132 gentes
3330 4064 3575 4118 servient
3596 4066 3647 4119 ei
3678 4066 3747 4121 ⁸⁸.
3771 4084 3796 4117 ι

2225 4149 2331 4203 Per
2363 4150 2597 4219 gratiam
2623 4149 2731 4220 93
2764 4165 2893 4221 ergo
2926 4150 3161 4220 Spiritus
3194 4155 3365 4206 sancti
3407 4169 3530 4207 cum
3570 4156 3805 4225 reliquis

2224 4240 2642 4309 quamplurimis
2686 4241 2853 4295 etiam
2889 4242 3020 4296 illud
3054 4244 3651 4313 magnilicentissimum
3695 4250 3802 4302 de—

2225 4341 2581 4399 monstratur,
2607 4332 2747 4401 quod
2779 4347 2841 4387 ea
2867 4349 2987 4402 qua:
3017 4335 3070 4388 in
3104 4337 3381 4404 prophetis
3407 4337 3611 4405 scripta
3642 4350 3803 4405 Sunt,

2223 4421 2308 4476 vel
2341 4421 2457 4491 lege
2488 4420 2681 4492 Moysi,
2708 4424 2862 4490 pauci
2912 4433 3061 4489 tunc,
3093 4425 3144 4478 id
3175 4435 3257 4479 est
3279 4426 3390 4496 (51)
3428 4427 3529 4495 ipsi
3556 4430 3812 4496 prOphe-

548 4530 763 4570 rursum
787 4525 1030 4585 repetere
1056 4532 1154 4573 nos
1178 4516 1397 4583 debere,
1423 4527 1478 4572 et
1499 4518 1783 4573 ostendere
1805 4516 1949 4586 quod
1974 4516 2117 4570 Deus
2148 4539 2193 4597 ο
2223 4523 2313 4579 tae,
2365 4524 2421 4568 et
2454 4515 2546 4568 vix
2578 4515 2748 4569 sicubi
2784 4531 2925 4571 unus
2956 4533 3023 4572 ex
3072 4519 3219 4571 omni
3267 4520 3467 4587 pupulo
3524 4535 3812 4587 superare

547 4606 689 4660 idem
738 4617 887 4662 esset
919 4618 1136 4663 creator
1163 4608 1372 4673 mundi,
1399 4616 1453 4663 et
1504 4607 1667 4663 Pater
1695 4602 1909 4663 Domini
1945 4606 2115 4661 nostri

544 4695 674 4753 Jesu
695 4696 920 4765 Christi,
937 4700 989 4755 id
1010 4708 1095 4756 est
1114 4700 1248 4770 legis
1274 4712 1328 4756 et
1348 4700 1732 4770 prophetarum
1757 4708 1917 4769 atque
1941 4697 2119 4751 Evan-

2222 4614 2440 4675 poterat
2478 4606 2814 4660 intellectum
2851 4622 3211 4677 corporeum,
3242 4620 3299 4662 et
3342 4615 3520 4678 majus
3559 4612 3809 4680 aliquid,

2224 4697 2275 4751 id
2311 4707 2392 4751 est
2422 4697 2670 4767 spiritale
2698 4698 2823 4767 quid
2856 4710 3065 4768 poterat
3098 4701 3397 4770 intelligere
3437 4704 3490 4756 in
3546 4703 3663 4773 lege
3706 4706 3815 4759 vel

3704 4795 3810 4820 un

616 4836 826 4913 "Bsal.
862 4841 1242 4913 LAXXXVIII,§1,
1276 4842 1378 4913 59..
1442 4843 1488 4875 ⁸⁸
1514 4842 1630 4898 Col.
1668 4842 1834 4913 111.5.
1888 4838 2023 4913 _?‘_"
2058 4840 2122 4913 (Cl

2232 4855 2356 4913 at”,
2384 4838 2438 4913 5.
2460 4840 2513 4913 ξε
2542 4839 2669 4913 Luc.
2702 4857 2739 4904 ι,
2764 4840 2873 4913 '55.
2930 4841 2973 4872 ³⁸
2996 4841 3125 4897 lleb.
3158 4858 3275 4910 viti,
3304 4844 3359 4903 5.
3435 4844 3480 4876 ⁸⁷
3517 4843 3617 4901 Job
3666 4816 3815 4913 VIII;

544 4907 598 4961 9.
674 4904 721 4936 ⁸⁸
764 4905 808 4961 ll
870 4906 999 4963 Cor.
1029 4927 1081 4975 v,
1111 4910 1193 4965 16.
1229 4904 1235 4907 ⁷
1271 4912 1314 4944 ³ο
1352 4912 1508 4968 Joan.
1560 4928 1675 4978 xw,
1723 4910 1813 4965 26.
1885 4911 1930 4943 ⁵⁸
1957 4909 2072 4965 Joel

2232 4911 2310 4964 28.
2343 4904 2350 4906 ⁷
2386 4910 2429 4941 δί
2458 4908 2599 4965 Psal.
2625 4925 2776 4978 ωλι,
2822 4911 2907 4966 ll.

614 5044 730 5185 ᾔει)
756 5046 831 5101 lla
864 5062 993 5102 mss.
1026 5050 1196 5116 Alias,
1236 5069 1255 5102 ι
1296 5052 1517 5108 dicitur.
1557 5072 1576 5104 ι

639 5115 729 5185 25)
763 5116 854 5171 Sic
888 5133 1018 5171 mss.
1051 5119 1203 5172 Alias
1230 5161 1244 5184 ,
1303 5139 1322 5171 ι
1353 5121 1576 5185 judiceti

639 5115 729 5195 25)
763 5116 1018 5195 Sic_mss.
1051 5119 1203 5172 Alias
1230 5161 1244 5184 ,
1303 5139 1322 5171 ί
1353 5121 1650 5195 judicetur.
1686 5142 1703 5173 ι
1742 5121 1945 5195 Ibidgem
1982 5124 2114 5195 libb.

543 5186 674 5239 editi
707 5223 720 5247 ,
753 5203 799 5257 _«
831 5186 1108 5254 signatum
1160 5204 1280 5244 eSse
1313 5186 1475 5257 snpra
1533 5192 1791 5245 diximus.
1841 5192 2117 5247 Fortassis

544 5257 724 5334 etiam
750 5255 852 5334 hoc
886 5255 1434 5334 sensum......se_d_et
1474 5262 1873 5329 quamplurima
1908 5262 2014 5314 alia
2050 5264 2116 5334 de

545 5325 866 5390 Scripturis.
909 5343 927 5376 ι
958 5325 1067 5381 Mss
1095 5365 1112 5392 ,
1143 5344 1161 5378 ι
1193 5325 1554 5398 signiﬁcatum
1590 5325 1733 5397 esse,
1763 5351 1782 5384 ι
1811 5341 1940 5397 etc.,
1974 5340 2032 5384 ut
2062 5332 2115 5386 in

545 5402 734 5445 nostro
776 5403 945 5448 textu.

617 5461 732 5531 (26)
766 5463 858 5545 sic
888 5462 1015 5519 libb.
1057 5465 1193 5521 editi
1213 5505 1228 5527 .
1259 5466 1466 5537 aliquot
1493 5482 1624 5524 vero
1655 5485 1787 5527 mss.
1817 5511 1832 5537 ,
1870 5490 1890 5524 ι
1929 5480 1989 5526 ut
2017 5471 2118 5526 ha-

546 5546 666 5585 rum
694 5546 960 5585 omnium.
991 5554 1010 5586 ι

615 5590 1095 5681 (ἕηιξαοξμυιεηι
1119 5605 1358 5681 'Spiritus
1391 5620 1596 5681 sanctos
1628 5626 1892 5681 nunquam
1928 5628 2116 5679 cogno-

545 5671 723 5741 vimus
746 5671 809 5723 ab
842 5673 1019 5741 aliqua
1054 5671 1361 5741 prmdicari.
1389 5671 1947 5735 Contrarium'tamen
1979 5671 2115 5733 scri-

2226 5052 2391 5123 alium
2426 5051 2645 5121 quidem
2696 5052 2884 5123 dicant
2930 5068 3055 5123 esse
3092 5053 3182 5121 qui
3234 5053 3417 5123 fuitin
3453 5054 3749 5123 prophetis
3795 5095 3820 5118 ,

2226 5122 2391 5174 alium
2437 5132 2615 5175 autem
2648 5122 2738 5190 qui
2781 5122 2881 5175 fuit
2928 5121 2981 5174 in
3040 5125 3298 5190 apostolis
3332 5121 3572 5176 Dom—ini
3609 5128 3817 5178 nostri

2223 5191 2349 5245 Jesu
2381 5190 2605 5244 Christi.
2639 5211 2657 5242 ι
2696 5192 2855 5245 Certe
2888 5206 3096 5245 canone
3128 5192 3422 5259 apostolico
3460 5192 3525 5246 41
3561 5196 3823 5248 damna—

2225 5271 2315 5314 tur
2344 5261 2433 5328 qui
2465 5262 2820 5329 haptizavcrit
2851 5261 2901 5313 in
2936 5269 3046 5314 tres
3080 5261 3243 5315 Filios
3270 5271 3362 5315 aut
3393 5264 3443 5313 in
3478 5272 3589 5317 tres
3618 5262 3825 5316 Para-

2224 5330 2427 5394 cletos;
2465 5339 2519 5383 et
2543 5333 2717 5399 capite
2742 5331 2977 5399 secundo
3000 5331 3215 5383 concilii
3238 5330 3587 5385 Bracarcnsis
3615 5332 3817 5398 pritui

2222 5397 2889 5470 anathemate__'feriuntur
2934 5397 3175 5453 Gnostici
3218 5403 3359 5470 quod
3394 5402 3447 5454 in
3496 5397 3824 5459 divinitate

2218 5467 2541 5522 Trinitatem
2570 5468 2855 5522 Trinitatis
2882 5477 3162 5537 ponerent.

2284 5537 2397 5603 (28)
2442 5538 2530 5590 Sic
2558 5554 2746 5592 onmes
2776 5539 2931 5590 codd.
2957 5553 3088 5591 mss.
3118 5537 3287 5602 Alias,
3325 5558 3343 5591 ι
3370 5539 3519 5594 mali.
3552 5557 3571 5590 ι

2288 5538 2375 5603 (28
2442 5538 2530 5590 Sic
2558 5554 2746 5592 onmes
2776 5539 2931 5590 codd.
2957 5553 3088 5591 mss.
3118 5538 3287 5602 Alias,
3325 5558 3343 5591 ι
3370 5539 3519 5594 mali.
3552 5557 3571 5590 ι

2288 5538 2399 5677 ('29;
2446 5605 2579 5677 Vide
2612 5608 2643 5660 l.
2679 5622 2717 5660 tt
2753 5607 3062 5677 Origenian.
3087 5647 3101 5672 ,
3138 5625 3192 5677 q.
3226 5609 3281 5673 2,
3322 5626 3376 5663 ll.
3401 5610 3469 5663 ‘27
3500 5621 3555 5663 et
3577 5612 3670 5668 28.

2286 5676 2398 5754 (50)
2446 5676 2538 5754 Sic
2563 5678 2722 5730 iidem
2758 5692 2886 5732 mss.
2918 5676 3086 5741 Alias,
3126 5676 3225 5732 (si
3265 5681 3359 5749 qui
3395 5680 3539 5734 forte
3588 5685 3642 5739 iu
3674 5698 3829 5754 po-

547 5742 666 5818 psit‘
691 5737 955 5818 Origenes
989 5737 1064 5818 ad
1099 5746 1203 5799 Titi
1248 5762 1330 5810 Ill,
1384 5747 1471 5811 10,
1507 5748 1774 5803 referente
1834 5750 2114 5818 Pamphilo
2211 5737 2338 5818 pulo
2373 5737 2768 5818 meruissent.)

548 5811 603 5866 in
634 5809 924 5881 .lpoiogia:
959 5831 977 5867 (
1012 5815 1119 5872 Sed
1152 5826 1207 5871 et
1238 5828 1362 5871 sunt
1412 5809 1499 5886 qui
1548 5818 1809 5886 Spiritum
1862 5809 2109 5875 sanctum

2286 5816 2396 5889 (δι)
2437 5816 2512 5869 ita
2544 5832 2675 5870 mss.
2705 5816 2874 5881 Alias,
2899 5834 2917 5867 ι
2945 5817 3125 5871 iidem.
3155 5836 3174 5868 ι
