3880 6540
131 428 219 484 2ἐῖ

1394 402 1597 460 LIBER
1639 397 2029 456 SECUNDUS.

3251 377 3362 434 2l8

131 539 414 615 prophetis;
444 549 587 591 nunc
605 543 790 589 autem
814 530 1112 585 innumerae
1136 532 1266 580 sunt
1298 520 1675 576 multitudines
1704 516 1749 571 Α
1780 510 2015 581 Spiritus
2055 516 2314 569 sanctus,
2350 502 2556 558 docens
2601 495 2808 566 majora
2856 507 3019 564 quam
3060 504 3193 545 voce
3235 504 3365 558 pro-

1298 613 1307 615 ~
1613 610 1643 615 --
1790 605 1810 615 -ι
1902 602 1914 614 -
1961 600 2060 615 ι--κ
2392 604 2432 615 -.
2595 590 2664 615 ι...
2715 585 2940 615 .t:......:...
2998 599 3117 615 ιη...)
3171 579 3358 615 ςηοηεη,

131 610 465 693 credentium,
498 626 590 694 qui
633 624 761 678 licet
791 635 896 676 non
926 631 1115 675 omnes
1162 613 1377 685 possint
1399 626 1494 679 per
1525 610 1677 664 ordi-

133 742 235 781 nem
264 732 423 790 alque
456 719 527 772 ad
573 716 835 785 liquidum
876 707 1142 779 spiritalis
1176 702 1547 773 intelligentiae
1576 715 1675 755 ex-

131 820 328 888 planare
356 809 808 879 consequentiam
838 804 981 875 ('52),
1018 811 1198 854 tamen
1236 810 1423 850 omnes
1453 809 1679 865 persua-

130 926 229 966 sum
275 908 475 961 habent
503 943 520 966 ,
550 901 697 971 quod
729 913 901 966 neque
944 890 1291 949 circumcisio
1323 885 1681 956 corporaliter

132 1002 324 1070 intelligi
381 999 583 1053 debeat
638 1007 815 1061 neque
867 990 1034 1045 otium
1062 984 1309 1049 Sabbati,
1353 981 1437 1035 vel
1463 979 1681 1049 sangui-

132 1098 201 1149 nis
223 1092 406 1148 ellusio
457 1088 697 1159 pecoris,
733 1098 908 1151 neque
943 1080 1086 1149 quod
1120 1078 1187 1132 de
1238 1077 1322 1131 his
1370 1073 1538 1145 Moysi
1595 1086 1685 1126 re-

132 1200 300 1257 sponsa
332 1185 596 1237 darentur
648 1194 678 1232 a
709 1179 853 1232 Deo:
886 1172 977 1243 qui
1011 1172 1199 1238 utique
1226 1183 1420 1223 sensus
1459 1165 1682 1219 dubium

132 1294 218 1333 non
242 1284 318 1329 est
348 1273 496 1343 quod
533 1271 774 1340 Spiritus
803 1266 981 1324 sancti
1023 1264 1225 1319 virtute
1254 1259 1512 1316 omnibus
1549 1273 1681 1327 sng-

132 1381 339 1442 geratur.

189 1463 233 1515 5.
273 1460 423 1514 Sicut
458 1467 644 1512 autem
679 1454 831 1510 multi
860 1462 986 1509 sunt
1012 1449 1317 1506 intellectus
1342 1448 1410 1502 de
1436 1444 1684 1505 Christo,

134 1551 206 1623 qui
254 1550 434 1618 utique
472 1547 733 1617 quamvis
781 1541 1050 1613 sapientia
1104 1542 1204 1604 sit,
1239 1552 1345 1591 non
1399 1547 1578 1590 tamen
1635 1534 1687 1585 in

133 1645 351 1700 omnibus
390 1639 679 1709 sapientia:
730 1637 843 1705 agit
902 1644 995 1688 aut
1043 1632 1254 1686 obtinet
1293 1630 1441 1692 vim,
1486 1626 1589 1680 nisi
1635 1624 1688 1677 in

136 1741 205 1796 his
230 1736 314 1801 qui
342 1735 396 1789 in
423 1735 552 1803 ipso
580 1730 861 1798 sapientia:
903 1728 1159 1781 student:
1211 1735 1387 1792 neque
1420 1735 1543 1775 cum
1574 1732 1692 1771 me-

136 1832 264 1884 dicus
296 1827 542 1887 dicatur,
574 1836 705 1889 erga
746 1831 937 1873 omnes
966 1814 1121 1883 quasi
1161 1810 1406 1867 medicus
1434 1809 1565 1878 agit,
1599 1804 1691 1859 sed

136 1938 238 1992 erga
262 1920 376 1973 illos
403 1926 626 1969 tantum
649 1914 741 1982 qui
764 1907 1102 1980 aegritudinis
1126 1919 1237 1959 sua:
1275 1901 1549 1955 intellecto
1576 1898 1698 1951 lan-

138 1990 278 2081 guore
306 2007 631 2077 cnnfngiunt
656 2005 722 2056 ad
754 1996 1184 2056 misericordiam
1230 1992 1369 2060 ejus,
1404 2000 1461 2044 ut
1493 1990 1702 2057 possint

139 2080 368 2169 consequi
407 2099 752 2160 sanitatem;
795 2093 870 2148 ita
910 2089 1150 2145 arbitror
1188 2085 1353 2140 etiam
1395 2083 1461 2136 de
1493 2080 1699 2151 Spiritu

140 2202 297 2247 sancto
322 2193 373 2245 in
396 2205 513 2256 quo
537 2188 720 2243 omnis
743 2193 829 2239 est
854 2176 1519 2236 naturn’dottorum.Aliis
1548 2189 1704 2227 nam-

138 2300 224 2356 que
253 2284 527 2353 prmbetnr
562 2294 659 2347 per
690 2276 952 2346 Spiritum
1003 2287 1186 2327 sermo
1219 2269 1539 2338 sapientiae,
1582 2266 1704 2319 aliis

140 2392 295 2431 sermo
320 2372 739 2435 scientiae,aliis
770 2370 902 2423 ﬁdes
927 2365 996 2431 “,
1026 2372 1082 2416 et
1120 2362 1191 2414 ita
1226 2377 1323 2431 per
1347 2360 1592 2429 singulos
1610 2356 1703 2425 qui

143 2484 241 2522 curn
276 2480 466 2535 capere
505 2472 764 2534 possunt,
802 2462 905 2514 hoc
938 2457 1196 2520 elﬁcitur,
1230 2456 1317 2508 vel
1360 2454 1465 2508 boc
1504 2452 1705 2505 intelli-

144 2560 266 2627 gitur
292 2559 400 2625 ipse
434 2556 706 2624 Spiritus,
738 2568 845 2623 quo
871 2551 1078 2619 indiget
1122 2548 1208 2601 ille
1239 2546 1330 2615 qui
1368 2560 1490 2599 eum
1528 2544 1705 2611 parti-

144 2650 301 2719 cipare
322 2648 782 2714 meruerit.Quas
804 2643 1104 2699 divisiones
1137 2655 1200 2694 ac
1237 2638 1570 2693 diﬁ'erentias
1600 2651 1706 2690 non

145 2745 466 2799 advertentes
520 2742 578 2796 hi
629 2742 719 2809 qui
762 2755 886 2795 eum
933 2736 1279 2791 Paracletutu
1318 2733 1370 2787 in
1414 2727 1709 2797 Evangelio

147 2836 342 2889 audiunt
366 2832 673 2898 nominari,
701 2846 875 2901 neque
893 2829 1309 2885 considerantes
1328 2840 1395 2879 ex
1418 2837 1527 2892 quo
1548 2836 1713 2889 opere

147 2929 215 2983 vel
240 2938 353 2982 actu
389 2923 1086 2983 Paracletus-nominetur,
1120 2918 1323 2972 vilibus
1362 2930 1487 2970 eum
1527 2914 1714 2967 nescio

150 3020 317 3088 quibus
338 3017 635 3087 spiritibus
688 3023 1099 3083 compararunt,
1126 3023 1183 3066 et
1221 3026 1317 3081 per
1353 3010 1454 3063 hoc
1488 3015 1715 3062 contur—

151 3112 260 3167 bare
283 3110 461 3165 conati
492 3118 626 3162 sunt
674 3107 947 3161 Ecclesias
988 3102 1216 3167 Christi,
1272 3102 1342 3154 ita
1395 3109 1454 3152 ut
1499 3099 1711 3153 dissen-

153 3206 308 3261 siones
345 3202 618 3256 fratribus
653 3215 764 3253 non
811 3197 1053 3251 modicas
1084 3201 1429 3264 generarent.
1469 3191 1717 3259 Evange-
1748 3216 1791 3273 ρ

154 3298 261 3350 lium
283 3311 408 3350 vero
444 3304 620 3348 tanta!
649 3307 774 3346 eum
807 3291 1061 3361 potentias
1099 3304 1164 3342 ac
1194 3286 1495 3354 maiestatis
1534 3294 1741 3338 osten--

156 3389 243 3453 dit,
271 3398 325 3443 ut
373 3389 532 3443 dicat
563 3391 841 3455 apostolos
881 3399 987 3437 non
1029 3397 1189 3452 posse
1219 3396 1417 3449 capere
1451 3379 1627 3431 adhuc
1657 3391 1719 3429 ea

156 3494 257 3550 qua
274 3480 488 3534 volebat
533 3480 733 3531 docere
775 3492 871 3531 eos
910 3474 1185 3538 Salvator,
1231 3472 1336 3526 nisi
1386 3486 1508 3524 cum
1551 3470 1723 3522 adve-

160 3573 274 3625 nerit
303 3573 415 3642 (33)
444 3570 692 3639 Spiritus
719 3576 960 3630 sanctus,
993 3568 1085 3635 qui
1114 3582 1173 3621 se
1207 3580 1398 3620 eorum
1434 3563 1724 3616 animabus

162 3663 422 3718 infundens
454 3664 773 3718 illuminare
821 3676 914 3715 eos
955 3659 1127 3727 possit
1164 3658 1231 3710 de
1267 3656 1477 3709 ratione
1512 3669 1575 3708 ac
1623 3652 1727 3704 ﬁde

163 3755 443 3813 Trinitatis.
495 3755 592 3808 Isti
626 3768 758 3806 vero
805 3768 902 3820 pro
953 3749 1232 3819 imperitia
1278 3748 1359 3802 sui
1394 3745 1726 3806 intellectus,

166 3847 272 3912 quia
304 3861 405 3900 non
437 3845 622 3900 solum
652 3843 753 3911 ipsi
799 3840 943 3910 quod
977 3848 1183 3892 rectum
1214 3846 1296 3891 est
1328 3842 1731 3901 consequenter

168 3954 257 3991 non
305 3937 491 3992 valent
537 3947 836 4002 exponere,
886 3930 979 3984 sed
1030 3944 1097 3982 ne
1149 3928 1234 3981 his
1276 3924 1650 3993 quidemquae
1700 3934 1731 3972 a

170 4031 306 4084 nobis
348 4032 648 4090 dicuntur,
694 4033 923 4095 possunt.
969 4020 1304 4076 audientiam
1346 4015 1728 4077 commodare,

171 4126 356 4178 minora
387 4137 559 4193 quam
615 4121 840 4191 dignum
888 4129 975 4171 est
1007 4117 1074 4170 de
1120 4114 1237 4183 ejus
1277 4109 1561 4163 divinitate
1605 4121 1731 4160 sen—

174 4219 370 4282 tientes,
409 4216 699 4272 erroribus
726 4228 785 4266 se
818 4227 881 4265 ac
918 4203 1333 4277 deceptionibus
1374 4200 1733 4259 tradiderunt,

176 4312 390 4365 erratico
444 4308 625 4375 magis
696 4303 895 4371 spiritu
949 4295 1277 4369 depravati,
1330 4308 1494 4362 quam
1562 4289 1735 4345 sancti

180 4400 389 4470 Spiritus
441 4395 886 4453 institutionibus
947 4390 1185 4453 eruditi,
1235 4386 1531 4442 secundum
1594 4381 1737 4451 quod

180 4493 449 4560 Apostolus
493 4488 675 4544 dixit:
711 4508 729 4537 ι
765 4484 1076 4539 Doctrinatn
1113 4480 1398 4548 spirituum
1445 4475 1741 4530 daemonio—

183 4602 281 4638 rum
318 4592 610 4656 sequentes

184 4687 230 4731 ει
256 4678 459 4731 ruinam
496 4674 812 4733 multorum,
849 4680 905 4725 et
947 4670 1255 4737 importune
1302 4678 1362 4718 se
1408 4662 1681 4716 abstinere
1712 4674 1742 4713 a

183 4766 323 4831 cibis,
368 4778 427 4821 ut
488 4782 587 4836 per
641 4761 1063 4819 ostentationem
1098 4755 1331 4810 acrioris
1374 4750 1739 4808 observantiae

186 4858 428 4912 seducant
455 4859 677 4910 animas
708 4855 1058 4908 innocentum
1083 4847 1153 4903 ".
1186 4866 1206 4899 ι

247 4950 297 5002 4.
334 4949 565 5018 Oportet
613 4961 746 5017 ergo
795 4958 895 4998 nos
938 4941 1082 4996 scire
1130 4937 1257 5007 quia
1312 4936 1632 4992 Paraclelus
1665 4943 1746 4991 est

250 5114 289 5144 δ’
328 5113 347 5167 l
388 5108 705 5177 Cor.xu,8.
778 5106 824 5140 “
875 5105 896 5160 Ι
945 5102 1087 5157 Tim.
1151 5116 1226 5168 1v,
1282 5100 1335 5165 1,
1364 5097 1421 5153 2.
1495 5096 1544 5130 “
1595 5096 1639 5153 ll

1830 5136 1843 5151 .
1881 5114 1981 5165 xu,
2016 5093 2072 5149 4.

193 5182 239 5243 1,
266 5184 318 5237 2.

256 5328 361 5398 (32)
403 5327 495 5383 Sic
537 5341 670 5382 mss.
701 5323 871 5398 Alias,
904 5339 923 5372 ι
948 5331 1122 5387 neque
1163 5316 1230 5372 ad
1262 5314 1622 5384 liquidum...
1658 5326 1755 5365 ex-

197 5396 383 5464 P‘itare
414 5396 923 5465 consequentiautq

260 5467 364 5538 (35)
403 5467 559 5522 Libb.
597 5455 749 5529 editi,
782 5483 802 5515 ι
836 5458 1136 5517 adveniret.
1166 5476 1184 5509 ι
1216 5455 1325 5511 Sed
1363 5468 1550 5509 omnes
1599 5466 1756 5516 mss.,

204 5554 222 5587 ι
244 5540 527 5592 advenerit.
561 5557 586 5588 ι

263 5590 666 5679 (διδνγΡι-ὸῖεηὶ.
697 5605 775 5679 lta
812 5611 963 5679 recte
998 5613 1127 5679 mss.
1160 5596 1332 5677 Alias,
1366 5613 1383 5679 ε
1412 5593 1597 5679 ﬁeri.)
1636 5590 1756 5645 Mox

204 5663 397 5740 ms‘s.,'t
420 5663 538 5745 quae
569 5692 678 5731 non
709 5671 1075 5745 licetAhomini
1106 5667 1271 5736 loqui.
1310 5682 1329 5715 ι
1368 5664 1425 5718 In
1460 5663 1623 5717 editis
1663 5676 1760 5731 plO

208 5763 226 5796 ι
255 5740 472 5812 homini,
499 5768 517 5801 ι
555 5748 777 5815 legitur,
804 5761 833 5815 li
851 5740 1182 5815 hominibus.
1206 5758 1224 5790 ι

267 5816 374 5961 {55;
413 5804 562 5881 Mss"
599 5804 714 5871 «Vibi
748 5804 838 5867 tibi
868 5813 966 5866 ait.
998 5829 1018 5863 ι
1050 5809 1216 5870 Alias,
1241 5827 1259 5859 ε
1283 5805 1412 5862 alibi
1441 5804 1535 5859 ait.
1567 5821 1584 5854 ι

290 5892 352 5941 uti
412 5889 500 5944 Sic
532 5904 663 5945 mss.
691 5886 863 5951 Alias,
894 5901 911 5934 ι
939 5878 1174 5937 timoris.
1204 5900 1221 5929 ι

290 5886 374 5951 ολδ)
412 5889 500 5944 Sic
532 5904 663 5945 mss.
691 5886 863 5951 Alias,
894 5901 911 5934 ι
939 5886 1174 5937 timoris.
1204 5900 1221 5929 ι

656 4578 1063 4649 prohibentium
1107 4574 1312 4628 nubere
1357 4571 1424 4624 ad
1459 4568 1739 4623 interitum
1774 4569 1822 4627 D
1850 4569 2028 4622 anima
2085 4561 2416 4633 generaliter

1786 579 1917 657 ferri
1956 600 2065 671 (54)
2105 606 2354 668 possunt,
2385 604 2460 659 et,
2495 601 2555 646 ut
2595 590 2668 643 ita
2713 585 2966 651 dixerim,
2998 599 3118 654 quas
3171 579 3359 635 ineﬂ‘a-
3406 628 3413 631 _

1786 694 1915 751 bilia
1948 702 2097 759 sunt,
2123 701 2179 745 et
2221 708 2240 741 ι
2271 702 2390 757 qua:
2423 701 2527 739 non
2564 683 2692 736 licet
2742 681 2948 735 homini
2982 677 3128 745 loqui
3153 675 3219 741 “,
3252 694 3272 725 ι
3311 673 3363 729 id

1788 797 1871 840 est
1926 799 2047 853 qua:
2104 780 2337 835 indicari
2378 778 2614 831 humano
2650 785 2901 827 sermone
2955 785 3061 824 non
3115 772 3361 837 possunt.

1789 876 1942 944 Quod
1986 884 2167 929 autem
2214 872 2290 924 ait
2332 888 2351 920 ι
2380 884 2482 922 non
2531 866 2677 930 licet,
2706 883 2724 915 ι
2772 880 2868 933 pro
2906 877 2971 916 eo
3014 861 3156 930 quod
3204 877 3224 910 ι
3257 872 3363 912 non

1792 976 1992 1038 potest,
2027 982 2044 1015 ι
2084 963 2285 1015 dictum
2333 959 2593 1012 sentimus
2630 956 2696 1008 ab
2727 952 3005 1023 Apostolo,
3041 951 3182 1003 sicut
3209 958 3265 1003 et
3294 946 3364 1001 ibi

1792 1057 1884 1111 ubi
1918 1056 1994 1108 ait
2019 1052 2168 1124 (55):
2206 1069 2225 1101 ι
2258 1048 2451 1105 Omnia
2482 1047 2611 1101 mihi
2661 1046 2854 1108 licent,
2902 1044 2996 1099 sed
3047 1057 3153 1095 non
3184 1039 3367 1093 omnia

1792 1147 2130 1218 expediunt;
2163 1145 2346 1195 omnia
2382 1138 2513 1194 mihi
2555 1138 2738 1200 licent,
2771 1137 2865 1191 sed
2892 1151 2997 1190 non
3027 1135 3208 1187 omnia
3236 1132 3369 1186 aedi-

1795 1240 2099 1297 ﬁcant”.i
2150 1235 2223 1288 Ea
2278 1232 2422 1287 enim
2479 1247 2710 1303 quorum
2764 1237 3007 1297 potestas
3060 1224 3218 1278 nobis
3265 1230 3368 1284 est,

1797 1320 2017 1402 prOpter
2052 1330 2196 1398 quod
2244 1329 2451 1381 habere
2506 1339 2570 1378 ea
2620 1334 2946 1389 possumus,
3002 1317 3165 1370 licere
3217 1314 3376 1367 nobis

1795 1425 1955 1479 dicit.
1992 1421 2314 1476 Paracletns
2344 1432 2473 1472 vero
2515 1414 2659 1483 quod
2714 1411 2913 1465 dicitur
2960 1408 3198 1477 Spiritus
3246 1421 3375 1460 sau-

1796 1528 1937 1579 ctus,
1976 1532 2005 1568 a
2039 1512 2416 1567 consolatione
2447 1508 2668 1561 dicitur.
2698 1501 2999 1556 Paraclesis
3022 1499 3164 1554 enim
3186 1498 3381 1551 Latine

1798 1605 2101 1662 consolatio
2151 1600 2479 1671 appellatur.
2512 1597 2569 1652 Si
2604 1594 2726 1665 quis
2774 1605 3010 1657 namque
3059 1587 3125 1642 de
3175 1586 3379 1654 Spiritu

1798 1708 1989 1769 sancto
2029 1696 2361 1765 participare
2404 1690 2699 1749 meruerit,
2748 1683 2979 1754 cognitis
3018 1678 3381 1734 ineﬂ'abilibus

1803 1790 2166 1848 sacramentis
2207 1782 2637 1842 consolationem
2670 1780 2790 1835 sin..-
2837 1776 3002 1831 dubio
3038 1784 3096 1828 ct
3139 1772 3389 1827 laetitiam

1730 1876 1771 1933 Β
1802 1884 1986 1940 cordis
2028 1883 2280 1937 assumit.
2319 1880 2453 1934 Cum
2504 1877 2649 1932 enim
2690 1872 2927 1927 rationes
2971 1868 3213 1923 omnium
3264 1878 3384 1933 quae

1808 1979 1965 2041 ﬁunt,
2017 1990 2188 2044 quare
2240 1974 2323 2025 vel
2368 1971 2608 2042 qualiter
2645 1970 2807 2032 liant,
2857 1962 3061 2032 Spiritu
3107 1958 3386 2013 iudicante

1806 2066 2148 2139 cognoverit,
2183 2065 2237 2118 in
2290 2063 2436 2117 nullo
2479 2062 2681 2130 utique,
2709 2054 3024 2111 conturbari
3061 2050 3177 2119 ejus
3202 2049 3384 2102 anima

1807 2160 2027 2230 poterit,
2059 2167 2153 2211 aut
2200 2157 2366 2210 ullum
2405 2168 2625 2208 sensum
2671 2148 2927 2203 niteret-is
2956 2144 3068 2215 (56)
3100 2142 3385 2210 accipere;

1808 2270 1907 2309 nec
1938 2254 1990 2305 in
2016 2251 2196 2318 aliquo
2229 2258 2485 2311 terretur,
2505 2259 2627 2298 cum
2673 2240 2847 2296 Verbo
2897 2238 2996 2291 Dei
3027 2244 3082 2290 et
3108 2233 3390 2303 sapientiae

1818 2347 1940 2416 eius
1987 2344 2283 2405 inhaerens,
2339 2338 2627 2393 Dominum
2680 2332 2863 2388 Jesum
2914 2328 3050 2383 dicit
3079 2327 3133 2381 iu
3182 2324 3390 2393 Spiritu

1796 2450 1998 2493 salicto
2022 2434 2157 2507 (57).
2184 2433 2381 2487 Verum
2408 2429 2674 2500 quoniam
2696 2424 2965 2479 Paracleti
2993 2421 3219 2474 fecimus
3242 2432 3394 2470 meu-

1813 2535 2036 2593 tionem,
2074 2538 2128 2584 et
2160 2543 2258 2597 pro
2286 2527 2492 2580 viribus
2524 2520 2726 2577 nostris
2746 2516 2981 2586 qualiter
3015 2514 3081 2566 de
3108 2527 3172 2566 eo
3202 2508 3393 2563 sentiri

1814 2623 2027 2681 debeat,
2061 2618 2455 2689 exposuimus;
2507 2612 2703 2666 dicitur
2737 2618 2918 2661 autem
2948 2605 3113 2658 etiam
3143 2602 3397 2656 Salvator

1816 2726 2000 2767 noster
2037 2711 2355 2767 Paracletus
2405 2708 2457 2760 in
2507 2701 2745 2771 Epistula
2782 2698 3006 2753 Joannis
3044 2712 3169 2751 eum
3222 2695 3394 2749 dicit:

1822 2826 1839 2859 ι
1865 2805 1923 2859 Si
1950 2803 2075 2871 quis
2109 2809 2354 2854 nostrum
2394 2792 2723 2864 peccaverit,
2758 2787 3099 2841 Paracletum
3139 2787 3405 2841 habemus

1818 2898 1958 2968 apud
1984 2894 2199 2948 Patrem
2224 2889 2409 2943 Jesunt
2432 2886 2705 2939 Christum
2727 2884 2956 2953 justtt-m,
2976 2891 3030 2935 et
3053 2881 3165 2949 ipse
3186 2888 3266 2931 est
3286 2874 3400 2946 (38)

1819 2986 2131 3061 propitiatio
2173 2997 2268 3049 pro
2315 2977 2555 3047 peccatis
2601 2974 2897 3039 nostris“;
2932 2994 2950 3025 ι
2986 2972 3403 3027 consideremus

1821 3058 1888 3136 ne
1921 3082 2060 3135 forte
2079 3075 2222 3129 aliud
2253 3073 2341 3126 hic
2370 3070 2645 3136 signiﬁcet
2673 3069 2787 3121 hazc
2814 3065 3107 3136 appellatio
3130 3058 3401 3115 Paracleti

1824 3178 1890 3231 de
1921 3174 2227 3235 Salvatore,
2254 3165 2397 3219 aliud
2430 3164 2495 3216 de
2530 3160 2735 3230 Spiritu
2762 3168 2977 3213 sancto.
3010 3157 3233 3210 Videtur
3256 3152 3403 3207 enim

1829 3268 1895 3324 de
1919 3266 2203 3322 Salvatore
2241 3256 2557 3313 Paracletus
2591 3236 2693 3306 dici
2729 3252 3073 3319 deprecator.
3104 3246 3410 3312 Utrumque

1828 3362 1974 3416 enim
2013 3354 2285 3427 signiﬁcat
2342 3352 2395 3404 iu
2439 3348 2630 3404 Graeco
2674 3344 3006 3405 Paracletus,
3057 3352 3112 3394 et
3145 3340 3411 3405 depreca-

1834 3466 2043 3517 torem,
2089 3461 2144 3503 et
2196 3446 2617 3501 consolatorem.
2673 3441 2897 3506 Propter
2950 3447 3074 3486 eum
3127 3444 3258 3497 ergo
3316 3425 3412 3496 qui

1831 3542 2185 3613 subsequitur
2237 3550 2569 3599 sermonem,
2604 3547 2711 3603 quo
2745 3531 2822 3583 ait
2859 3544 2875 3581 :
2909 3544 2925 3577 ι
2953 3523 3019 3578 Et
3061 3524 3175 3591 ipse
3208 3530 3290 3574 est
3324 3534 3419 3573 re-

1835 3634 2153 3709 propitiatio
2188 3647 2287 3700 pro
2323 3633 2561 3698 peccatis
2591 3622 2818 3687 nostris,
2853 3638 2871 3670 ι
2909 3617 3083 3686 magis
3120 3616 3172 3669 in
3217 3614 3412 3667 Salva-

1840 3708 1955 3784 tore
1983 3741 2179 3781 nomen
2204 3721 2470 3777 Paracleti
2503 3733 2601 3787 pro
2626 3717 2979 3785 deprecatore
3008 3708 3415 3777 intelligendum

1836 3824 2086 3882 videtur;
2126 3814 2411 3886 deprecari
2457 3812 2603 3867 enim
2642 3809 2859 3862 Patrem
2908 3820 3005 3875 pro
3053 3801 3291 3872 peccatis
3322 3813 3412 3853 no-

1839 3912 2101 3981 stris(39)
2127 3911 2353 3963 dicitur.
2384 3907 2456 3959 De
2482 3902 2692 3973 Spiritu
2720 3908 2913 3952 sancto
2941 3894 3255 3949 Paracletus
3284 3906 3419 3945 con-

1840 4008 2042 4062 solator
2073 4000 2185 4072 (40)
2220 4000 2385 4053 debet
2414 3995 2639 4064 intelligi
2675 4008 2773 4061 pro
2813 4005 2878 4045 eo
2912 3986 3056 4057 quod
3090 3981 3420 4038 consolatio.

1842 4114 1967 4154 nem
2004 4103 2225 4164 prteslat
2253 4090 2573 4152 animabus,
2602 4087 2801 4156 quibus
2828 4087 3014 4152 aperte
3050 4075 3255 4131 revelat
3290 4087 3422 4127 seu-

1845 4206 1965 4247 sutn
1998 4187 2241 4244 scientiae
2268 4182 2551 4253 spiritalis.

2376 4277 2385 4291 ’
2430 4291 2659 4350 canor
2706 4288 2837 4344 vnt.

2479 4366 2556 4419 De
2585 4365 2785 4416 anima.

1918 4472 1971 4526 l.
2026 4469 2156 4523 Post
2210 4468 2325 4520 haec
2372 4461 2483 4528 jam
2519 4456 2653 4511 ordo
2698 4448 2943 4519 deposcit
2996 4460 3095 4499 nos
3147 4442 3313 4497 etiam
3360 4437 3429 4491 de

2482 4552 2797 4619 inquirere,
2850 4553 2906 4598 et
2962 4540 3032 4594 ab
3074 4532 3426 4591 inferioribus

1854 4629 2178 4724 iueipienies
2211 4649 2278 4702 ad
2302 4643 2584 4714 superiora
2616 4633 3006 4693 conscendere.
3031 4629 3163 4682 Esse
3191 4636 3427 4690 namque

1851 4715 2063 4804 animas
2094 4746 2146 4798 iu
2193 4738 2418 4808 singulis
2447 4732 2755 4804 quibusque
2783 4722 3126 4785 animalibus,
3176 4718 3341 4771 etiam
3375 4715 3427 4766 in

1854 4844 1940 4900 his
1973 4855 2092 4909 qua:
2126 4839 2178 4891 in
2209 4805 2364 4902 aquis
2398 4831 2622 4897 degunt,
2654 4838 2682 4875 a
2716 4819 2859 4874 nullo
2889 4816 3128 4871 arbitror
3172 4805 3429 4864 dubitari.

1854 4935 1989 4990 Nam
2024 4941 2078 4987 et
2105 4926 2217 4999 94
2252 4920 2559 4980 communis
2590 4913 2831 4971 omnium
2872 4910 2977 4964 hoc
3010 4913 3195 4961 servat
3225 4898 3430 4970 opinio,

3041 5064 3063 5119 Ι
3155 5062 3312 5119 Joau.

2194 5088 2239 5119 ⁸⁸
2312 5082 2586 5143 lCor.x,
2626 5075 2719 5142 22,
2761 5072 2853 5127 23.
2940 5069 2983 5101 ⁸⁸
3041 5069 3063 5119 l
3155 5069 3312 5119 Joan.
3372 5075 3433 5124 ιι,

1935 5300 2045 5375 ('57)
2087 5297 2301 5352 Sancto.
2352 5290 2516 5346 Deest
2562 5285 2615 5338 in
2648 5291 2808 5337 antea
2846 5275 3029 5340 editis,
3067 5271 3163 5328 sed
3210 5268 3440 5323 habetur

1864 5388 2162 5514 “.(Il'iltifdta
2196 5450 2328 5488 tnss.
2370 5429 2540 5514 Alias,
2580 5445 2599 5478 σ
2626 5422 2766 5495 apud
2798 5419 3015 5473 Patrem
3054 5420 3322 5473 nostrum,
3352 5405 3440 5461 Je-

1866 5502 1984 5569 sur‘n
2008 5502 2299 5565 Christum,
2329 5512 2384 5557 et
2412 5502 2526 5569 ipse
2562 5505 2665 5552 est.
2692 5515 2710 5569 ρ

1939 5549 2633 5654 (-56)"siéft'.i§si'ii{£s,"t
2671 5566 3002 5632 deprecatur
3028 5552 3172 5609 enim
3222 5549 3443 5605 Patrem

1870 5642 1971 5726 pro
2007 5642 2244 5718 peccatis
2280 5642 2503 5697 nostris.
2539 5659 2558 5692 ι
2770 5668 2781 5677 ε
3000 5696 3010 5705 .
3045 5696 3057 5707 ο
3426 5688 3431 5693 δ

1951 5722 1958 5726 ‘
2008 5721 2041 5726 "
2102 5720 2129 5726 ί·
2273 5714 2282 5726 ¹
2460 5712 2496 5726 '\
2601 5717 2616 5726 -
2648 5706 2697 5726 2-
2737 5710 2896 5726 Ana-..
2931 5698 3087 5726 λιιι-ιιι-
3145 5691 3236 5726 ,ωδ
3274 5685 3431 5726 Ιηιιὲβ.

2458 5712 2620 5764 Deest
2648 5706 2702 5760 in
2736 5710 2899 5794 anLtea
2929 5696 3117 5794 editis;
3145 5685 3449 5794 sed,

1873 5761 2052 5847 tui‘tiii
2087 5761 2594 5843 dissimulatus—si,
2644 5794 2662 5828 ι
2688 5774 2887 5843 quibus
2928 5774 3118 5847 aperte
3160 5761 3388 5820 revelat.
3416 5769 3448 5814 ὓ

1869 5840 2217 5924 bibi-editi,
2255 5874 2271 5905 ι
2298 5854 2497 5923 quibus
2531 5840 2782 5919 aperit-et
2815 5840 3044 5907 revelat.
3071 5855 3090 5887 ι
