3988 6418
493 316 600 377 ﬁli)

1728 323 2047 381 ORIGENIS
2087 325 2245 377 ΠΕΡΙ
2278 324 2507 377 ΑΡΧΩΝ

3639 324 3745 377 (ΞΞο

491 448 542 494 et
574 440 916 498 ennﬁrmatio
952 451 1156 499 saneta
1192 414 1491 511 Scriptnrte
1534 440 1876 494 auctoritatis
1909 455 2067 495 acee-
2100 444 2144 498 A
2174 439 2299 492 item
2330 437 2456 491 alibi
2486 455 2499 492 :
2540 455 2558 488 ι
2588 435 2912 491 Neomenias
2939 446 3148 491 vestras
3177 446 3229 491 et
3255 438 3481 494 sabbata
3510 430 3565 492 et
3600 440 3741 494 diem

493 527 596 591 dit,
632 542 755 583 cum
787 530 1010 597 di‘eitnr,
1054 532 1178 600 quia
1217 548 1236 581 ι
1264 531 1386 585 fecit
1447 532 1587 585 Dens
1639 541 1791 586 cetos
1821 545 2067 601 magnos,

495 626 552 669 et
600 633 813 671 omnem
871 621 1109 672 animam
1157 620 1515 673 animantium
1571 624 1908 690 repentium,
1950 636 2070 689 qua:

506 709 883 775 produxerunt
913 725 1063 777 aqum
1094 711 1387 764 secundum
1424 726 1589 779 genus
1626 727 1811 765 eorum
1838 711 1902 765 ν’.
1935 729 1953 762 ι
1992 711 2069 765 Ex

494 802 769 854 comnmni
826 817 954 855 vero
1020 804 1251 857 rationis
1307 804 1660 874 intelligentia
1718 805 2072 860 conﬁrmatur

491 893 656 947 etiam
690 895 756 947 ab
802 895 884 948 his
913 896 1004 964 qui
1041 897 1414 953 deﬁnitionem
1458 901 1654 959 anima:
1692 901 1856 954 certis
1887 901 2069 954 deler-

494 984 708 1038 minant
734 987 934 1040 verbis.
967 988 1232 1041 Delinitur
1258 1006 1492 1058 namque
1525 991 1705 1045 anima
1752 993 1851 1045 hoc
1887 992 2065 1059 modo,

490 1078 619 1144 quia
665 1077 734 1131 sit
762 1079 1059 1133 substantia
1096 1084 1432 1154 φανταστικὴ
1482 1093 1535 1137 et
1582 1085 1888 1156 ὁρμητική,
1922 1086 2067 1154 quod

491 1166 718 1233 Latine,
775 1170 901 1224 licet
954 1187 1058 1224 non
1110 1182 1219 1227 tam
1281 1176 1500 1244 proprie
1551 1177 1911 1242 explanetur,
1961 1176 2067 1231 diei

490 1266 673 1312 tamen
702 1268 877 1328 potest
937 1263 1213 1318 sensibilis
1258 1276 1314 1319 et
1371 1265 1605 1321 mobilis.
1660 1268 1813 1337 Quod
1884 1268 2069 1338 utique

488 1353 742 1406 convenit
774 1355 937 1407 etiam
966 1356 1032 1410 de
1065 1359 1317 1413 omnibus
1362 1361 1688 1416 animalibus
1725 1363 1852 1427 diei,
1894 1374 1947 1417 et
1984 1364 2069 1419 his

489 1456 612 1509 quae
641 1443 693 1496 in
743 1447 900 1515 aquis
930 1447 1167 1517 degunt;
1210 1452 1302 1504 sed
1338 1462 1391 1505 et
1437 1454 1489 1507 in
1523 1455 1840 1509 volucribus
1876 1456 2067 1510 eadem

491 1532 737 1589 deﬁnitio
788 1537 983 1591 anima:
1035 1541 1421 1595 convenienter
1472 1545 1800 1598 ostenditur.
1844 1545 2069 1599 Addidit

489 1637 625 1679 sane
656 1625 939 1695 Scriptura
978 1631 1141 1683 etiam
1173 1631 1401 1688 alterius
1442 1637 1730 1689 sententiae
1761 1638 2066 1690 auctorita-

493 1723 638 1782 tem,
691 1732 813 1771 cttm
845 1718 1021 1774 dicit:
1069 1740 1088 1772 ι
1119 1719 1237 1777 Νοιι
1275 1726 1674 1781 manducabitis
1717 1727 2064 1798 sanguinem,

2173 547 2427 600 magnum
2458 538 2734 597 acceptum
2784 543 2888 582 non
2924 529 3118 583 habeo.
3154 528 3366 599 Jejunia
3402 539 3457 585 et
3488 531 3657 585 ferias
3687 543 3742 585 et

2173 621 2290 674 dies
2331 620 2499 673 festos
2531 630 2738 673 vestros
2780 620 2895 673 odit
2936 621 3114 674 anima
3152 637 3269 675 mea
3295 621 3360 677 ".
3395 642 3413 674 ι
3446 622 3513 676 Ει
3558 624 3611 677 in
3650 639 3739 678 tm

2170 710 2379 779 psalmo
2407 710 2475 763 de
2505 709 2725 765 Christo
2754 714 2998 779 (certum
3046 723 3129 767 est
3160 715 3304 768 enim
3351 714 3477 783 quia
3515 729 3578 768 ex
3617 730 3744 784 per-

2170 815 2300 853 sona
2334 801 2502 868 ipsius
2544 800 2649 855 iste
2688 804 2930 869 psalmus
2961 805 3282 872 ascribitur,
3321 806 3463 860 sicut
3500 807 3746 875 Evange-

2171 893 2298 945 litnn
2329 896 2699 961 contestatur)
2739 894 2810 947 ita
2848 895 3045 949 dictum
3084 906 3167 950 est
3196 913 3210 951 :
3251 916 3268 948 ι
3297 897 3377 951 Tu
3405 908 3611 963 autent,
3639 898 3745 951 Do-

2170 986 2335 1050 mine,
2381 1001 2449 1039 ne
2498 985 2655 1057 longe
2696 986 2865 1040 facias
2907 988 3166 1042 auxilium
3208 999 3402 1053 tuum,
3439 991 3505 1044 ad
3557 991 3747 1044 defen-

2170 1078 2374 1133 sionem
2405 1094 2577 1134 meam
2614 1081 2839 1149 respice,
2858 1097 2985 1136 erue
3018 1098 3048 1135 a
3078 1083 3741 1150 framea,Deus,auimam

2169 1183 2369 1233 meam,
2391 1169 2532 1222 etde
2558 1184 2720 1222 manu
2749 1172 2898 1226 canis
2918 1171 3132 1225 unicam
3162 1188 3334 1227 meam
3357 1173 3421 1226 ⁸³.
3439 1192 3457 1225 ι
3480 1174 3744 1239 Quamvis

2169 1268 2226 1313 et
2274 1259 2437 1312 multa
2484 1258 2586 1312 alia
2633 1260 2743 1315 sint
2778 1262 3086 1316 testimonia
3132 1264 3197 1319 de
3240 1264 3420 1318 anima
3450 1263 3655 1320 Christi
3689 1265 3742 1319 in

2169 1364 2334 1403 carne
2360 1350 2541 1417 positi.
2584 1364 2587 1367 '

2238 1439 2294 1492 2.
2328 1440 2434 1493 Sed
2471 1441 2537 1495 de
2575 1440 2776 1495 Christi
2828 1442 3045 1510 quidem
3091 1444 3271 1498 anima
3318 1460 3536 1501 omnem
3586 1446 3745 1501 nobis

2170 1531 2369 1585 adimet
2400 1532 2750 1600 qnmstionem
2796 1534 2937 1588 ratio
2991 1535 3381 1590 incarnationis
3422 1550 3741 1591 occurrens.

2170 1622 2322 1676 Sicut
2356 1626 2498 1677 enim
2533 1639 2660 1679 vere
2680 1640 2899 1680 carnem
2933 1624 3143 1692 habuit,
3172 1628 3243 1680 ita
3268 1642 3394 1681 vere
3422 1640 3477 1683 et
3503 1628 3743 1682 animam

2172 1715 2382 1769 habuit.
2416 1716 2489 1770 De
2525 1731 2590 1769 eo
2638 1732 2766 1772 vero
2800 1717 2913 1788 (45)
2945 1720 3088 1787 quod
3121 1719 3211 1772 Dei
3256 1720 3436 1773 anima
3484 1720 3539 1773 in
3594 1718 3750 1775 Serio

489 1806 616 1872 quia
659 1806 839 1861 anima
889 1812 1053 1867 totius
1098 1814 1282 1869 carnis
1315 1818 1536 1886 sanguis
1578 1817 1697 1887 ejus
1738 1827 1843 1883 est,
1875 1828 1929 1874 et
1959 1835 2064 1874 non

2174 1807 2347 1875 pturis
2378 1808 2714 1873 nominatur,
2740 1811 2981 1876 qualiter
3022 1810 3250 1881 intelligi
3288 1811 3502 1878 debeat,
3533 1822 3589 1867 et
3620 1827 3747 1867 sen-

490 1896 890 1954 manducabitis
947 1903 1182 1956 animam
1227 1921 1350 1959 cum
1385 1909 1643 1965 carnibus
1667 1911 1741 1977 ‘3;
1779 1930 1800 1964 ι
1849 1912 1901 1965 in
1958 1927 2068 1980 quo

487 1988 902 2045 evidentissima
938 1996 1255 2063 sanguinem
1306 2000 1547 2052 omnium
1594 2001 1911 2057 animalium
1949 2006 2067 2057 aui—

490 2095 633 2134 mam
688 2097 873 2136 eorum
909 2101 1030 2141 esse
1080 2086 1345 2157 designat.
1395 2088 1513 2144 Jam
1545 2108 1675 2147 vero
1728 2095 1773 2148 si
1824 2097 1946 2163 quis
1984 2111 2070 2151 re-

488 2173 692 2241 quirat,
724 2179 994 2244 quomodo
1033 2182 1271 2234 animam
1305 2185 1486 2238 omnis
1517 2186 1699 2239 carnis
1737 2189 2065 2257 sanguinem

484 2266 604 2333 ejus
628 2280 749 2321 esse
771 2270 929 2337 dixit,
959 2272 1026 2326 de
1060 2273 1275 2341 apibus,
1307 2276 1511 2345 veSpis,
1542 2286 1597 2331 et
1619 2277 1883 2342 formicis,
1921 2289 1974 2334 et
2001 2283 2067 2335 de

485 2355 575 2410 his
620 2374 741 2427 quae
790 2362 842 2415 in
897 2363 1052 2430 aquis
1087 2375 1254 2432 sunt,
1291 2369 1521 2432 ostreis,
1581 2379 1635 2423 et
1683 2371 1960 2437 cochleis,
2013 2381 2068 2427 et

485 2463 827 2519 quaecunque
873 2463 1000 2508 sunt
1029 2456 1132 2509 alia
1160 2456 1271 2526 (4i)
1309 2474 1428 2527 quae
1468 2472 1658 2515 carent
1690 2466 1948 2532 sanguine
1969 2504 1982 2529 ,
2012 2473 2067 2518 et

487 2554 610 2596 esse
674 2545 971 2600 animantia
1056 2548 1504 2605 manifestissime
1578 2554 2063 2620 demonstrantur;

486 2636 922 2701 respondendum
959 2648 1079 2703 est,
1114 2643 1369 2708 Quoniam
1417 2644 1470 2696 in
1520 2644 1897 2712 hujuscemodi
1948 2649 2067 2700 ani-

485 2726 759 2781 mantibus
780 2744 939 2796 quam
967 2729 1019 2783 in
1057 2734 1270 2787 caeteris
1293 2733 1400 2786 vim
1425 2735 1584 2789 habet
1610 2736 1755 2790 rubri
1785 2739 2066 2806 sanguinis

482 2817 657 2885 vigor,
713 2818 849 2875 hanc
881 2822 988 2874 vim
1046 2824 1258 2878 obtinet
1308 2824 1361 2879 iu
1408 2826 1529 2880 istis
1576 2828 1770 2882 humor
1820 2830 1919 2883 iste
1969 2830 2063 2899 qui

484 2911 624 2964 inest
656 2911 707 2965 in
744 2913 860 2977 eis,
910 2914 1037 2968 licet
1083 2916 1306 2972 alterius
1340 2919 1409 2973 sit
1445 2919 1678 2985 coloris,
1724 2920 1858 2974 nihil
1918 2923 2063 2975 enim

483 3003 656 3059 refert
677 3007 768 3074 qui
797 3008 866 3060 sit
890 3008 1063 3073 color,
1092 3010 1385 3063 dummodo
1422 3011 1727 3065 substantia
1762 3013 1831 3066 sit
1857 3013 2061 3066 vitalis.

2173 1902 2276 1955 tire
2305 1910 2361 1955 et
2388 1901 2634 1970 proferre
2670 1902 2886 1957 ditﬁcile
2920 1914 3035 1969 est;
3077 1905 3243 1957 semel
3272 1905 3415 1958 enim
3440 1905 3744 1973 simplicem

2171 1994 2320 2047 illam
2350 2003 2637 2055 naturam,
2674 2002 2724 2049 et
2781 1994 2987 2065 absque
3034 1995 3198 2050 ullius
3243 1996 3565 2065 adiectionis
3612 2012 3745 2066 per-

2170 2086 2428 2141 mistione
2482 2086 2830 2156 profitemur;
2866 2095 3046 2140 tamen
3082 2088 3460 2155 quoquomodo
3499 2088 3745 2142 sentien-

2171 2179 2296 2231 dum
2322 2186 2429 2243 est,
2474 2178 2741 2231 nominari
2774 2178 2994 2231 interim
3032 2179 3124 2233 Dei
3166 2180 3345 2232 anima
3388 2180 3640 2246 videtur;
3682 2184 3748 2234 de

2167 2268 2389 2323 Christo
2435 2282 2564 2322 vero
2624 2282 2730 2321 non
2795 2267 3094 2323 dubitatur.
3145 2270 3212 2323 Et
3268 2270 3390 2325 ideo
3452 2286 3560 2325 non
3614 2272 3746 2327 mihi

2169 2360 2380 2414 videtur
2426 2360 2718 2414 absurdum
2770 2359 2888 2431 (46)
2934 2362 3098 2415 etiam
3147 2362 3214 2417 de
3262 2363 3473 2417 sanctis
3531 2362 3749 2433 angelis

2169 2453 2491 2520 czeterisque
2543 2454 2865 2510 cmlestibus
2910 2454 3202 2509 virtutibus
3249 2454 3357 2508 tale
3407 2454 3613 2524 aliquid
3660 2455 3746 2511 vel

2169 2543 2370 2607 dicere,
2406 2545 2491 2600 vel
2533 2546 2762 2599 sentire.
2815 2546 3095 2614 Siquidem
3150 2546 3392 2602 deﬁnitio
3421 2546 3512 2601 illa
3548 2549 3749 2603 animm

2167 2637 2332 2690 etiam
2362 2640 2415 2689 in
2456 2637 2605 2706 ipsos
2637 2638 2856 2692 videtur
2898 2638 3203 2693 incurrere.
3236 2638 3369 2705 Quis
3398 2640 3543 2692 enim
3578 2640 3753 2693 ratio-

2169 2728 2428 2783 nabiliter
2478 2729 2767 2785 sensibiles
2813 2745 2908 2785 eos
2957 2744 3077 2785 esse
3135 2730 3215 2784 vel
3266 2730 3494 2786 mobiles
3544 2732 3750 2801 poterit

2168 2819 2468 2889 denegare?
2496 2820 2650 2887 Quod
2688 2821 2732 2875 si
2766 2830 2913 2875 recta
2950 2822 3055 2875 ista
3085 2822 3300 2877 videtur
3323 2836 3446 2878 esse
3475 2824 3745 2890 definitio,

2166 2913 2310 2980 quod
2348 2912 2655 2967 substantia
2698 2911 3103 2967 rationabiliter
3130 2913 3402 2969 sensibilis
3431 2925 3489 2968 et
3526 2915 3747 2969 mobilis

2168 3004 2349 3057 anima
2404 3005 2637 3068 dicatur,
2683 3004 2903 3059 videtur
2952 3006 3065 3059 haec
3114 3006 3452 3075 eadem'(47)
3493 3004 3755 3063 definitio

484 3091 561 3147 De
599 3093 858 3161 jnmentis
900 3111 1030 3151 vero
1080 3097 1165 3151 vel
1217 3099 1512 3167 pecudibus
1569 3103 1710 3169 quod
1768 3103 2060 3156 animantia
2091 3129 2134 3185 Ο
2171 3095 2335 3148 etiam
2387 3095 2454 3148 ad
2506 3095 2726 3164 angelos
2774 3097 3067 3164 pertinere.
3107 3096 3244 3163 Quid
3296 3094 3440 3150 enim
3496 3096 3648 3149 aliud
3693 3097 3749 3150 ἱιὶ

483 3183 617 3250 sint,
642 3186 805 3239 etiam
842 3188 979 3256 apud
1004 3203 1348 3245 communem
1390 3192 1700 3261 opinionem
1732 3194 1873 3247 nulla
1906 3196 2064 3249 dubi-

484 3275 619 3330 tatio
648 3286 750 3331 est.
780 3276 1015 3335 Evidens
1048 3289 1229 3335 tamen
1262 3292 1346 3337 est
1374 3284 1573 3339 divinae
1600 3286 1898 3354 Scriptura:
1937 3303 2064 3341 sen-

487 3368 679 3432 tentia,
718 3384 843 3422 cum
892 3370 1024 3424 dicit
1075 3372 1254 3441 Deus_:
1290 3390 1311 3425 ι
1343 3374 1613 3431 Producat
1650 3388 1793 3431 terra
1827 3380 2062 3432 animam

483 3458 661 3512 vivam
693 3462 1000 3515 secundum’
1018 3478 1189 3533 genus
1210 3504 1225 3529 ,
1256 3467 1626 3534 quadrnpedia
1653 3478 1708 3522 et
1740 3472 1983 3538 repentia
2011 3480 2065 3525 et

491 3549 699 3604 bestias
732 3559 892 3604 terrae
910 3555 1203 3609 secundum
1235 3558 1609 3628 genus“(42).
1644 3579 1661 3612 ι
1688 3561 1805 3614 Jam
1839 3578 1970 3618 vero
1999 3565 2065 3621 de

487 3639 706 3697 homine
732 3645 980 3711 quamvis
1010 3647 1136 3700 nulli
1164 3648 1386 3703 dubium
1414 3650 1504 3714 sit,
1532 3667 1631 3705 nec
1657 3655 1934 3722 requirere
1966 3657 2066 3709 ali-

486 3731 608 3801 quis
630 3736 827 3801 possit;
854 3746 1032 3790 tamen
1054 3748 1104 3791 et
1123 3739 1397 3809 Scriptura
1422 3743 1601 3796 divina
1627 3743 1898 3814 designat,
1918 3748 2063 3815 quod

493 3824 665 3877 «Deus
694 3824 745 3877 in
772 3824 963 3879 faciem
986 3828 1102 3896 ejus
1130 3831 1475 3897 inspiraverit
1503 3834 2061 3903 spiramentuntvitae,

486 3925 544 3969 et
571 3916 744 3971 factus
765 3928 851 3971 est
878 3918 1036 3973 homo
1063 3922 1115 3974 in
1136 3924 1372 3976 animam
1392 3925 1661 3979 viventem
1683 3926 1750 3979 ⁸ο.
1766 3946 1784 3977 ›
1805 3928 2066 3996 Superest

489 4007 557 4059 de
590 4010 836 4077 angelico
868 4012 1057 4065 ordine
1101 4015 1401 4081 requirere,
1433 4024 1613 4071 utrum
1639 4027 1693 4071 et
1724 4019 1825 4088 ipsi
1857 4021 2065 4074 animas

491 4099 728 4153 habeant
748 4102 882 4173 (45),
909 4120 974 4158 an
1005 4106 1202 4159 animae
1233 4106 1365 4171 sint,
1408 4108 1487 4162 vel
1527 4110 1593 4163 de
1626 4112 1838 4165 caeteris
1866 4112 2065 4167 divinis

491 4190 917 4264 ccelcstibusque
966 4197 1278 4263 virtutibus,
1309 4199 1402 4252 sed
1451 4207 1505 4252 et
1526 4186 1598 4253 .de
1638 4202 1933 4256 contrariis
1971 4220 2067 4272 po-

495 4285 804 4341 testatibus.
843 4288 1235 4342 Auctoritatem
1288 4289 1507 4358 quidem
1542 4292 1735 4345 divina:
1770 4293 2067 4363 Scriptura:

490 4384 718 4443 usquam
758 4378 957 4431 nullam
1000 4378 1329 4442 invenimus,
1361 4381 1504 4446 quod
1536 4382 1617 4434 vel
1668 4383 1867 4452 angeli,
1904 4385 1987 4439 vel
2018 4386 2062 4439 si

2168 3186 2276 3240 illis
2314 3201 2478 3254 quam
2526 3200 2719 3241 sensus
2764 3186 3108 3241 rationabilis
3158 3196 3212 3242 et
3243 3196 3421 3241 motus
3462 3198 3547 3242 est
3588 3186 3703 3257 (48)
3729 3229 3748 3243 .

2165 3277 2409 3343 Quorum
2461 3288 2640 3332 autem
2672 3293 2782 3332 una
2837 3279 3167 3333 deﬁnitionis
3212 3279 3351 3333 ratio
3403 3286 3509 3345 est,
3548 3278 3745 3333 horum

2165 3370 2284 3424 sine
2322 3370 2488 3425 dubio
2522 3382 2577 3426 et
2625 3372 2815 3427 eadem
2858 3372 3165 3427 substantia
3205 3380 3310 3426 est.
3358 3370 3562 3425 Paulus
3612 3385 3751 3427 sane

2166 3473 2288 3514 esse
2340 3461 2633 3529 quemdam
2700 3461 2990 3516 animalem
3040 3461 3315 3516 hominem
3377 3461 3748 3532 signiﬁcat”,

2166 3566 2325 3620 quem
2362 3562 2522 3619 negat
2549 3567 2609 3605 ea
2649 3568 2769 3620 quas
2813 3565 2942 3607 sunt
2977 3552 3219 3623 Spiritus
3267 3553 3358 3607 Dei
3397 3569 3558 3623 posse
3606 3553 3754 3609 reci-

2164 3658 2323 3713 pere;
2355 3646 2450 3698 sed
2493 3644 2715 3698 stultam
2758 3645 2892 3700 dicit
2940 3646 2989 3699 ei
3051 3646 3219 3699 videri
3276 3645 3513 3714 Spiritus
3566 3646 3743 3700 sancti

2166 3734 2502 3799 doctrinam,
2546 3750 2646 3790 nec
2681 3750 2841 3805 posse
2886 3751 3010 3790 eum
3057 3736 3357 3805 intelligere
3398 3737 3542 3805 quod
3580 3739 3748 3806 spiri-

2169 3825 2391 3880 tualiter
2423 3827 2789 3880 discernatur.
2824 3826 2929 3882 Sed
2964 3837 3019 3882 et
3067 3828 3120 3882 in
3158 3828 3265 3881 alio
3307 3829 3431 3882 loco
3462 3829 3541 3881 ait
3581 3830 3748 3882 semi-

2168 3917 2285 3969 nari
2319 3931 2521 3987 corpus
2550 3917 2808 3983 animale,
2844 3927 2897 3972 et
2926 3932 3152 3987 surgere
3179 3933 3379 3989 corpus
3403 3919 3653 3988 spiritale
3675 3920 3747 3985 ⁸⁸,

2166 4008 2461 4062 ostendens
2489 4007 2541 4061 in
2574 4010 2971 4063 resurrectione
3006 4009 3273 4076 iustorum
3318 4011 3452 4063 nihil
3500 4012 3763 4067 animale‘

2168 4098 2430 4153 futurum.
2472 4098 2538 4153 Et
2587 4100 2708 4153 ideo
2761 4101 3091 4167 requirimus
3142 4114 3208 4153 ne
3249 4099 3388 4154 forte
3435 4103 3745 4155 substantia

2168 4192 2349 4259 aliqua
2383 4191 2453 4244 sit
2482 4206 2601 4259 qua:
2630 4192 2924 4245 secundum
2970 4191 3073 4246 hoc
3100 4194 3245 4259 quod
3289 4192 3467 4243 anima
3494 4202 3603 4250 est.
3648 4193 3754 4248 im-

2168 4281 2410 4352 perfecta
2447 4283 2537 4335 sit.
2582 4280 2781 4336 Verum
2829 4290 3008 4334 utrum
3055 4281 3167 4350 (49)
3219 4290 3504 4350 pr0pterea
3543 4282 3752 4352 imper-

2169 4374 2311 4429 fecta
2343 4373 2417 4427 sit
2445 4373 2589 4441 quod
2630 4388 2659 4425 a
2693 4372 3024 4441 perfectione
3056 4372 3283 4436 decidit,
3316 4387 3382 4425 an
3415 4372 3537 4427 talis
3569 4390 3598 4426 a
3639 4375 3751 4429 Deo

490 4467 582 4537 qui
628 4477 751 4522 sunt
791 4470 957 4524 divini
1011 4471 1234 4539 spiritus
1264 4472 1496 4525 ministri
1554 4472 1667 4536 Dei,
1726 4474 1811 4527 vel
1853 4476 2065 4532 animas

2174 4468 2317 4522 facta
2347 4467 2442 4530 sit,
2488 4482 2610 4521 cum
2644 4481 2742 4535 per
2774 4466 3021 4519 ordinem
3063 4467 3276 4535 singula
3323 4465 3522 4520 discuti
3564 4482 3753 4537 empe-

492 4559 713 4625 habere,
739 4562 819 4616 vel
861 4564 1051 4618 anima:
1083 4565 1360 4631 dicantur;
1393 4565 1689 4619 animantia
1726 4576 1904 4620 tamen
1944 4583 2067 4623 esse

487 4667 519 4704 a
553 4656 967 4723 quamplurimis
999 4659 1330 4711 sentiuntur.
1360 4658 1435 4711 De
1475 4656 1584 4710 Deo
1613 4669 1795 4710 autem
1834 4658 1945 4728 (44)
1984 4660 2069 4712 iu-

488 4746 735 4800 venitnus
792 4750 1054 4816 scriptum
1089 4766 1209 4804 esse
1264 4750 1377 4802 ita:
1427 4747 1537 4800 «Et
1582 4764 1779 4817 ponant
1823 4751 2059 4803 animam

492 4852 667 4890 tneam
700 4854 864 4907 super
897 4840 1131 4893 animum
1164 4841 1307 4894 illaut
1343 4858 1460 4910 qua:
1497 4842 1914 4897 manducaverit
1940 4857 2068 4895 san-

491 4928 727 4994 guinem,
764 4935 818 4981 et
873 4930 1164 4984 eradicabo
1214 4948 1331 4985 eam
1383 4935 1450 4989 de
1506 4934 1702 5005 populo
1733 4948 1833 4990 suo
1853 4934 1895 4964 “
1924 4948 1972 4998 ;»
2010 4940 2067 4988 et

564 5041 608 5115 ξ’
640 5042 777 5115 Gen.
808 5062 844 5107 t,
877 5046 967 5100 94.
1045 5047 1091 5078 ⁸⁸
1112 5048 1284 5102 chil.
1315 5067 1451 5115 xvu,
1490 5051 1576 5104 Μ.
1653 5052 1696 5082 ’δί’
1721 5049 1856 5104 Gen.
1887 5066 1927 5114 l,
1962 5051 2054 5104 24.

488 5110 539 5147 ⁸³
568 5112 712 5168 Psal.
743 5131 857 5180 ut,
885 5117 976 5185 20,
1003 5118 1093 5171 21.
1174 5120 1219 5151 ⁵⁷⁵
1245 5121 1260 5173 l
1288 5121 1411 5175 Cor.
1438 5110 1504 5186 ἰι,
1544 5122 1630 5176 l4.

566 5252 678 5326 (4|)
721 5254 813 5326 Sic
849 5271 978 5310 mss.
1015 5258 1186 5323 Alias,
1225 5278 1243 5311 ‹
1271 5259 1418 5317 talia.
1444 5279 1462 5312 ι

558 5324 671 5397 (42)
710 5324 1088 5398 Quadrupedia
1115 5338 1166 5381 et
1199 5332 1429 5398 repemia
1468 5343 1515 5385 et
1551 5331 1738 5385 bestias
1787 5342 1941 5387 terrae
1983 5348 2067 5386 se-

494 5401 726 5471 cundum
757 5397 1093 5471 genus._ila:c
1138 5400 1191 5471 in
1231 5397 1391 5453 antea
1440 5402 1599 5455 editis
1646 5406 1851 5458 omissa
1900 5411 2065 5471 sunt,

493 5466 1121 5538 quamvis_reperiantur
1150 5470 1202 5523 iu
1238 5471 1490 5524 omnibus
1526 5488 1656 5526 mss.

722 5534 909 5610 Utrum
961 5548 1007 5610 et
1054 5539 1153 5606 ipsi
1210 5540 1416 5593 animus
1463 5542 1717 5610 habeant,
1773 5553 1883 5597 etc.
1934 5541 2073 5598 Vide

495 5604 759 5679 Huiet‘ittnt
782 5604 1227 5679 origettianorum
1264 5610 1358 5662 lib.
1389 5627 1448 5675 ιι,
1485 5623 1676 5679 quaest.
1785 5628 1934 5666 num.
1966 5612 2020 5665 6.

591 5674 682 5742 44)
726 5674 799 5729 De
828 5674 933 5730 Deo
966 5688 1165 5742 autent,
1199 5690 1305 5734 etc.
1337 5674 1471 5736 Vide
1496 5674 1745 5737 lluetium
1780 5684 1999 5737 ibidem.

598 5744 685 5817 ιδ)
730 5744 861 5803 Vide
891 5747 1045 5805 lib."
1097 5751 1431 5821 Origeniatt.,
1459 5762 1655 5822 quaest.
1683 5755 1735 5819 5,
1772 5752 2001 5857 nunt;6.

2132 5051 2177 5083 ⁵ο
2218 5042 2358 5107 Gen.
2388 5065 2451 5116 tt,
2482 5036 2533 5101 7.

1708 5121 1753 5153 ⁸⁵
1786 5121 1805 5174 Ι
1836 5121 1958 5175 Cur.
1984 5138 2069 5187 xv,
2094 5122 2183 5175 44.

2176 4561 2319 4624 rint,
2383 4572 2742 4626 requiremus.
2798 4556 2855 4610 Si
2924 4556 3067 4610 enim
3124 4557 3374 4610 animalis
3418 4561 3583 4613 homo
3639 4574 3749 4613 non

2174 4649 2368 4718 recipit
2399 4664 2518 4718 qua:
2543 4658 2672 4702 sunt
2697 4646 2933 4717 Spiritus
2960 4648 3074 4709 Dei,
3114 4658 3170 4703 et
3209 4664 3305 4717 pro
3341 4663 3405 4701 eo
3439 4650 3583 4717 quod
3634 4649 3757 4702 ani-

2175 4742 2334 4796 malis
2366 4750 2471 4805 est,
2499 4740 2739 4794 melioris
2765 4751 2993 4805 natura,
3020 4740 3069 4792 id
3087 4749 3171 4793 est
3195 4740 3410 4806 divinae,
3434 4740 3756 4812 intelligen-

2177 4841 2304 4894 tiam
2341 4839 2585 4907 recipere
2616 4852 2723 4891 non
2773 4844 2975 4905 potest,
3029 4836 3129 4890 hac
3184 4834 3436 4890 fortassis
3478 4837 3547 4891 de
3582 4852 3753 4891 causa

2173 4932 2477 4988 evidentius
2518 4945 2615 4984 nos
2654 4928 2855 4985 Paulus
2890 4930 3089 4984 docere
3136 4929 3324 4983 volens
3356 4929 3487 4999 quid
3538 4930 3613 4985 sit
3656 4946 3758 5000 per

2612 5046 2654 5079 ⁸¹
2696 5040 2870 5104 Levii.
2913 5060 3064 5111 xm,
3100 5045 3186 5100 l'O.
3261 5046 3308 5077 "
3334 5046 3435 5101 lsa.
3472 5048 3627 5117 1,15,
3663 5047 3756 5104 l4.

2251 5261 2360 5331 (46)
2402 5259 2495 5314 Sic
2522 5272 2654 5313 mss.
2702 5256 2876 5322 Alias,
2907 5273 2925 5308 ι
2946 5265 3000 5311 et
3031 5255 3155 5311 ideo
3188 5272 3295 5313 non
3338 5256 3612 5314 videbitur
3655 5262 3765 5316 abs

2166 5335 2615 5484 .suw'i’)ml.£t:dem.
2661 5398 2821 5453 Deest
2853 5397 2908 5452 in
2956 5406 3115 5451 antea
3147 5396 3313 5452 editis
3334 5435 3351 5460 .
3385 5396 3479 5451 sed
3515 5397 3761 5457 habetur

2170 5487 2548 5613 m(‘;§)s.Mss.,
2600 5559 2619 5593 ‹
2650 5549 2703 5597 et
2740 5547 2920 5595 motus
2959 5546 3063 5591 est.
3093 5554 3111 5587 ι
3146 5536 3300 5591 Libb.
3338 5536 3507 5601 editi,
3546 5556 3565 5589 ι
3596 5496 3763 5593 com;

2172 5621 2348 5668 tnotus
2378 5623 2484 5664 est.
2520 5630 2538 5663 ι

2245 5681 2358 5753 (49)
2406 5679 2595 5733 Verum
2644 5688 2854 5753 utrum,
2887 5686 2994 5753 etc.
3041 5673 3173 5753 Yide
3222 5676 3316 5733 lib.
3387 5693 3422 5732 ιι
3468 5675 3764 5748 Origenio-

2175 5744 2383 5819 norunt,
2418 5759 2608 5819 quaast.
2640 5749 2696 5816 6,
2728 5764 2875 5821 nuru.
2902 5746 2933 5801 4
2969 5755 3023 5800 et
3049 5744 3100 5799 5.
