3880 6510
570 382 679 437 9.35

1801 391 2123 448 ORiGENfS
2163 349 2320 445 flEPl
2354 394 2585 447 ΑΡΧΩΝ

3704 405 3803 461 ω

572 496 702 552 inde
734 500 875 568 quod
904 516 969 556 es
999 506 1184 560 calore
1206 484 1313 562 illo
1360 490 1594 564 naturali
1648 520 1704 566 et
1754 512 1939 567 divino
1976 514 2131 568 refri-
2161 519 2206 575 Α
2237 512 2351 565 licet
2379 514 2552 567 inrin
2581 514 2861 583 compulsa:
2891 516 2995 571 sint
3019 503 3206 587 subjici
3219 521 3465 587 vanitati,
3490 523 3552 576 ob
3589 528 3804 592 premit!

568 590 715 644 xisse
735 592 985 648 videatur
1006 635 1022 661 ,
1053 607 1109 651 et
1153 598 1273 653 ideo
1313 601 1364 654 in
1398 602 1499 657 hoc
1533 618 1642 673 quo
1671 617 1809 658 nunc
1834 614 1920 660 est
1953 616 2129 671 statu,

567 689 624 733 et
688 684 944 740 vocabulo
981 688 1079 742 sita
1115 689 1202 746 sit.
1244 691 1482 766 Denique
1522 698 1733 769 proprie
1791 695 2133 751 laudabiliter

568 771 804 824 animam
836 776 957 841 poni
992 776 1042 827 itt
1070 776 1370 847 Seripturis
1401 785 1632 848 sanctis,
1661 786 1873 853 require
1894 786 1939 840 si
1976 787 2133 842 facile

567 859 850 929 invenias;
905 866 1249 934 culpabiliter
1287 880 1466 927 autem
1515 874 1827 943 frequenter
1872 879 2128 945 occurrit,

566 960 621 1004 ut
646 952 754 1005 ibi:
828 975 845 1006 ι
881 957 1071 1011 Anima
1104 961 1237 1013 tuala
1275 964 1449 1031 perdit
1476 964 1584 1036 (6|)
1608 982 1727 1020 cum
1762 968 1852 1036 qui
1889 971 2131 1037 possidet

561 1055 723 1108 eam;
757 1063 775 1096 ι
802 1057 856 1099 et
885 1049 1091 1103 «anima
1125 1068 1243 1120 qua:
1294 1065 1509 1122 peccat,
1562 1058 1673 1124 ipsa
1707 1060 1963 1113 morietur
1993 1061 2059 1112 ⁷⁰.
2105 1078 2125 1111 ι

561 1134 752 1189 Postea
785 1137 930 1190 enim
955 1155 1114 1206 quam
1145 1141 1346 1195 dictum
1367 1153 1483 1197 est:
1509 1163 1528 1195 ι
1560 1147 1757 1201 Omnes
1782 1147 1974 1201 anituze
1998 1163 2129 1203 mea:

560 1235 705 1286 sunt,
731 1226 871 1280 sicut
896 1230 1076 1282 anima
1109 1234 1299 1299 patris,
1325 1232 1395 1285 ita
1425 1235 1604 1288 anima
1631 1235 1724 1289 filii
1754 1251 1870 1290 mea
1895 1246 1975 1291 est
1996 1236 2076 1302 '1;
2104 1255 2122 1286 ι

559 1317 747 1383 utique
790 1332 1129 1387 consequens
1183 1322 1466 1376 videbatur
1516 1340 1572 1382 ut
1631 1328 1833 1383 diceret
1876 1349 1887 1382 :
1933 1326 2128 1405 Anima

555 1422 675 1475 quae
703 1407 814 1476 agit
840 1407 1130 1476 justitiam,
1178 1413 1291 1480 ipsa
1331 1414 1626 1468 salvabitur
1650 1433 1662 1481 ;
1688 1425 1742 1470 et
1779 1417 1960 1470 anima
2009 1433 2129 1486 qua:

553 1504 782 1563 peccat,
828 1496 941 1564 ipsa
990 1500 1272 1558 morietur.
1335 1502 1437 1557 Sed
1503 1522 1647 1559 nunc
1700 1506 1940 1561 videmus
1990 1523 2116 1576 quo-

554 1584 700 1638 niam
724 1588 866 1654 quod
902 1588 1172 1658 culpabile
1200 1594 1415 1661 quidem
1460 1604 1543 1649 est
1572 1636 1586 1662 ,
1629 1596 1877 1666 adjunxit
1907 1600 1973 1652 ad
2002 1600 2125 1654 ani-

553 1690 733 1730 mam:
786 1682 931 1747 quod
983 1691 1163 1736 autem
1209 1685 1369 1741 laude
1422 1688 1637 1757 dignum
1680 1700 1834 1755 erat,
1887 1692 2121 1746 reticuit.

552 1764 1306 1846 [Παρὰτὴνὰπόπτωσιν(6ἓ)
1377 1778 1488 1849 96
1513 1778 1808 1835 Videndum
1853 1795 1982 1851 ergo
2019 1795 2118 1848 est,

2240 605 2577 673 futurorum;
2613 623 2717 661 non
2748 623 2902 661 suam
2935 607 3129 676 facere,
3158 610 3247 663 sed
3278 610 3541 668 Creatoris
3567 616 3805 670 volunta-

2239 705 2362 757 tem,
2388 713 2418 747 a
2447 713 2547 765 quo
2570 696 2754 751 iniure
2786 698 2953 767 ofﬁcia
2980 700 3276 754 diatribam
3303 701 3487 775 sunt.]

2303 788 2358 841 4.
2392 789 2543 855 Quod
2569 791 2611 845 si
2645 790 2717 844 ita
2754 800 2859 855 est,
2893 792 3146 846 decessus
3171 792 3288 862 ipse
3322 798 3519 851 mentis
3550 813 3615 852 ac
3642 800 3804 854 devo-

2236 877 2367 934 lutio
2402 881 2615 935 videtur
2649 882 2779 936 mihi
2825 885 2968 952 quod
3018 902 3122 941 non
3157 888 3383 956 aequalis
3406 891 3646 944 omnium
3676 906 3802 943 sen-

2235 972 2448 1027 tiendus
2479 974 2569 1039 sit,
2597 974 2689 1029 sed
2726 976 2808 1029 vel
2832 976 2953 1046 plus
2977 977 3057 1031 vel
3090 978 3267 1034 mintts
3293 980 3342 1033 in
3374 981 3609 1035 animam
3642 984 3801 1047 verti,

2234 1071 2289 1116 ct
2327 1063 2534 1133 aliquas
2583 1067 2796 1133 quidem
2853 1079 3059 1124 mentes
3104 1085 3323 1125 servare
3383 1073 3585 1143 aliquid
3637 1074 3799 1127 etiam

2232 1154 2430 1221 prioris
2466 1157 2694 1221 vigoris,
2720 1158 2933 1229 aliquas
2960 1176 3088 1217 vero
3118 1175 3211 1215 aut
3242 1162 3398 1227 nihil,
3424 1175 3516 1219 aut
3545 1166 3799 1235 exiguum

2232 1246 2453 1314 aliquid.
2489 1247 2642 1304 Unde
2673 1251 3457 1323 inveniunturquidamstatim
3488 1258 3553 1311 ab
3584 1259 3803 1313 ineunte

2230 1346 2395 1393 attate
2428 1336 2754 1396 ardeniioris
2787 1345 3071 1407 acuminis,
3106 1347 3195 1400 alii
3221 1364 3346 1403 vero
3366 1351 3643 1419 tardioris,
3668 1369 3802 1407 non-

2232 1425 2361 1479 nulli
2399 1438 2577 1482 autctn
2612 1429 2939 1486 obtusissimi
2984 1444 3038 1487 et
3068 1437 3281 1503 penitus
3328 1441 3589 1497 indociles
3626 1444 3793 1498 nasci.

2230 1516 2615 1575 Verumtamen
2647 1525 2789 1589 quod
2852 1526 3090 1582 diximus
3139 1526 3271 1599 (65),
3305 1543 3536 1587 mentem
3592 1536 3643 1588 in
3682 1538 3798 1589 ani-

2229 1624 2370 1663 mam
2397 1612 2557 1675 verti,
2587 1614 2669 1666 vel
2701 1615 2747 1669 si
2775 1632 2879 1685 qua
2913 1618 3013 1671 alia
3043 1620 3092 1672 in
3120 1621 3222 1676 hoc
3254 1624 3510 1678 videntur
3536 1628 3797 1695 aspicere,

2229 1698 2484 1754 discutiat
2512 1708 2651 1772 apud
2676 1721 2735 1759 se
2770 1708 2859 1775 qui
2887 1708 3017 1778 legit
3046 1711 3357 1780 diligentius
3382 1725 3433 1768 et
3463 1727 3794 1784 pertractet;

2230 1805 2258 1842 a
2312 1794 2465 1847 nobis
2511 1805 2690 1850 tamen
2737 1815 2841 1852 non
2898 1811 3154 1869 putentur
3190 1805 3336 1859 velut
3386 1808 3640 1877 dogmata
3681 1825 3800 1865 esse

551 1857 757 1929 καὶτὴν
779 1861 937 1930 ψύξιν
968 1864 1064 1935 τὴν
1085 1866 1191 1918 ἀπὸ
1213 1866 1305 1918 τοῦ
1380 1887 1446 1925 ne
1490 1872 1631 1927 forte
1655 1914 1672 1939 ,
1717 1874 2107 1929 sicutdiximus

2898 1857 2912 1869 _
3299 1857 3330 1859 η
3394 1857 3640 1877 nunc---
3685 1857 3790 1865 π--

2229 1883 2455 1950 prolata,
2492 1890 2587 1941 sed
2618 1890 2879 1943 tractandi
2911 1907 3059 1946 more
3100 1910 3163 1947 ac
3210 1898 3519 1963 requirendi
3542 1901 3790 1960 essedis-

551 1947 651 2022 ζῇν
673 1952 749 2023 τῷ
778 1955 1068 2026 πνεύματι,
1087 1958 1307 2026 γέγονεν
1378 1976 1445 2014 ex
1484 1961 1851 2030 ipsonomine
1880 1964 2125 2019 declara-

547 2027 693 2113 ήῖοὖν
714 2048 976 2120 γεγομένη
992 2049 1305 2121 ψυχὴ,οὗσα
1379 2052 1443 2117 ri,
1475 2027 1543 2107 ab
1582 2070 1646 2108 eo
1673 2056 1815 2123 quod
1853 2058 2125 2111 refrixerit

546 2135 641 2186 καὶ
662 2135 881 2209 δεκτικὴ
912 2139 1012 2209 τῆς
1046 2142 1302 2196 ἐπανόδου
1375 2160 1402 2195 a
1462 2142 1675 2198 fervore
1736 2144 2009 2212 justorutn
2069 2159 2124 2203 et

545 2225 643 2295 τῆς
671 2228 755 2297 ἐφ’
789 2232 924 2301 ὅπερ
947 2228 1014 2303 ἦν
1049 2235 1104 2287 ὲν
1134 2235 1298 2307 ἀρχῇδ

542 2320 678 2393 ὅπερ
706 2324 911 2393 νομίζω
926 2326 1179 2395 λέγεσθαι
1196 2332 1299 2384 ὑπὸ

542 2412 635 2464 τοῦ
690 2415 980 2486 Προφήτου
1061 2421 1119 2472 ὲν
1186 2421 1293 2491 τῷ·

547 2523 569 2556 α
609 2507 1141 2585 Ἑπίστρεψον,ψυχή
1172 2532 1297 2585 μου,

540 2599 621 2661 εἰς
650 2600 745 2671 τὴν
779 2602 1081 2657 ἀνάπαυσίν
1118 2622 1210 2658 σου
1231 2624 1243 2635 ·
1272 2627 1290 2658 ι

539 2690 679 2744 ὥστε
709 2694 827 2748 ὅλον
859 2696 1010 2750 τοῦτο
1039 2694 1195 2753 εἶναι.

607 2782 630 2806 ³
650 2785 794 2848 Νοῦς
827 2805 943 2851 πως
991 2784 1081 2841 οὖν
1107 2790 1296 2858 γέγονε

535 2874 701 2946 ψυχὴ,
731 2878 825 2931 καὶ
851 2879 996 2952 ψυχὴ
1022 2882 1298 2955 κατορθω-

536 2964 690 3019 θεῖσα
721 2968 927 3035 γίνεται
950 2970 1091 3035 νοῦς.
1121 2973 1201 3025 Ea:
1234 2991 1293 3028 eo

535 3060 675 3125 quod
700 3059 888 3113 decidit
915 3073 960 3113 et
1010 3064 1214 3132 refrixit
1256 3083 1288 3118 a

533 3148 763 3215 spiritali
796 3155 925 3217 vita,
948 3155 1087 3222 facta
1122 3169 1196 3210 est
1224 3176 1287 3211 a-

536 3241 710 3303 nima,
758 3261 873 3312 qum
915 3248 1074 3300 etiam
1121 3249 1174 3301 iu
1232 3251 1288 3302 id

531 3340 671 3405 quod
704 3338 767 3391 ab
795 3340 942 3393 initio
962 3345 1089 3408 fuit,
1119 3346 1287 3398 redire

532 3437 720 3494 potest.
756 3429 910 3494 Quod
957 3449 988 3485 α
1028 3433 1286 3501 PrOpheta

531 3517 820 3588 significari
859 3523 1120 3589 arbitror,
1162 3529 1285 3581 dum

532 3611 638 3664 ait:
674 3630 691 3661 ι
741 3612 1046 3681 Revertere,
1108 3620 1283 3673 anima

1374 2231 1537 2285 divini
1573 2233 1709 2301 ignis
1748 2236 2126 2306 participatio-

1373 2336 1438 2375 ne
1470 2321 1581 2393 (65)
1607 2324 1775 2395 ψυχή.
1809 2325 1860 2379 id
1896 2338 1978 2381 est
2005 2330 2123 2382 aui-

1371 2429 1459 2467 ma
1493 2417 1756 2483 appellata
1784 2419 1874 2483 sit,
1910 2436 2007 2475 nec
2043 2433 2123 2476 ta-

1372 2524 1494 2563 men
1565 2511 1744 2565 amisit
1807 2513 2118 2572 facultatem

1371 2601 1685 2656 restituendi
1751 2619 1810 2658 se
1870 2608 1921 2658 in
1972 2607 2118 2663 illum

1368 2705 1565 2750 statum
1604 2698 1867 2768 fervoris,
1918 2703 1970 2756 in
2013 2720 2119 2773 quo

1368 2804 1433 2842 ex
1494 2791 1646 2845 initio
1692 2792 1811 2847 fuit.
1866 2795 2019 2851 llnde
2067 2811 2119 2853 et

1364 2879 1634 2949 Propheta
1670 2883 1774 2937 tale
1806 2886 2007 2955 aliqttid
2041 2891 2118 2942 vi-

1365 2972 1522 3023 detur
1547 2974 1855 3039 Ostendere,
1882 2991 2002 3029 cum
2034 2978 2116 3031 di-

1363 3059 1472 3112 cit:
1510 3077 1529 3109 σ
1573 3059 1887 3128 Revertere,
1930 3067 2111 3121 anima

1363 3167 1503 3213 mea,
1521 3154 1571 3204 in
1588 3154 1825 3222 requiem
1850 3168 1992 3210 tuatn
2011 3160 2076 3212 ⁷⁸.
2090 3180 2108 3211 ι

2228 1993 2377 2031 cuss.
2460 1978 2639 2031 Addat
2668 1990 2848 2034 autem
2872 1991 2928 2035 et
2970 1983 3072 2037 hoc
3099 1985 3190 2053 qtti
3228 1987 3358 2056 legit
3381 1992 3446 2041 ad
3481 1998 3798 2060 tractatum,

2226 2065 2367 2131 quod
2403 2066 2567 2121 etiam
2596 2070 2663 2122 de
2688 2071 2987 2128 Salvatoris
3019 2075 3198 2129 anima
3220 2093 3285 2131 ex
3323 2080 3407 2133 his
3431 2082 3649 2149 quidem
3677 2100 3797 2151 qua:

2227 2152 2278 2205 in
2338 2154 2622 2225 Evangelio
2663 2160 2863 2227 scripta
2921 2173 3068 2227 sunt,
3092 2166 3456 2235 observatur,
3503 2174 3644 2240 quod
3694 2174 3798 2227 alia

2224 2254 2350 2297 sunt
2384 2261 2503 2314 qua:
2536 2248 2582 2301 ei
2612 2250 2711 2303 sub
2742 2251 2936 2306 anima:
2967 2256 3187 2310 nomine
3218 2260 3586 2326 :tscribuntur,
3616 2275 3669 2317 ct
3694 2267 3801 2320 alia

2224 2352 2345 2404 qua:
2391 2339 2491 2391 sub
2527 2338 2763 2409 Spiritus
2816 2345 3036 2400 nomine
3070 2348 3420 2414 deputantur.
3489 2350 3622 2407 Nam
3671 2372 3797 2411 cum

2224 2425 2533 2492 passionem
2572 2428 2810 2498 aliquam
2846 2434 2929 2487 vel
2964 2439 3425 2504 perturbationem
3458 2445 3541 2497 sui
3574 2446 3690 2499 vult
3714 2447 3801 2501 in-

2223 2517 2424 2582 diCare,
2465 2520 2565 2572 sub
2593 2522 2787 2577 anima:
2837 2527 3053 2580 nomine
3081 2527 3309 2596 indicat,
3362 2541 3420 2586 ut
3472 2549 3594 2588 cum
3628 2536 3800 2595 dicit:

2227 2625 2246 2658 ε
2289 2607 2439 2664 Nunc
2465 2611 2641 2665 anima
2675 2628 2789 2666 mea
2817 2608 3025 2671 turbata
3054 2605 3272 2687 est'",t
3305 2633 3357 2676 et
3385 2640 3397 2676 :
3434 2641 3455 2675 ι
3493 2624 3689 2681 Tristis
3718 2638 3803 2684 est

2221 2702 2401 2755 anima
2436 2719 2551 2757 mea
2589 2707 2851 2772 usquead
2891 2719 3116 2763 mortem
3150 2710 3216 2774 7",
3262 2732 3281 2763 ι
3311 2723 3400 2767 et:
3439 2733 3458 2766 σ
3496 2714 3667 2769 Nemo
3698 2718 3796 2772 tol-

2220 2792 2281 2844 lit
2318 2793 2554 2846 animam
2577 2810 2748 2847 meam
2769 2794 2903 2868 (66);
2926 2800 3019 2852 sed
3039 2815 3139 2868 ego
3162 2817 3306 2870 pono
3331 2819 3450 2857 eam
3469 2806 3567 2859 abs
3591 2821 3675 2861 me
3689 2808 3792 2859 ⁷⁸.»

2220 2882 2274 2935 In
2314 2898 2505 2937 manus
2537 2896 2719 2938 autem
2759 2887 2935 2941 Patris
2978 2893 3326 2945 commendat
3369 2910 3475 2948 non
3525 2898 3793 2965 animam,

2220 2972 2311 3025 sed
2342 2974 2621 3040 spiritum;
2671 2986 2724 3028 et
2752 2992 2873 3028 cum
2904 2993 3125 3031 carnem
3160 2981 3303 3034 dicnt
3351 2983 3646 3051 infirmam,
3681 3003 3790 3041 non

2218 3064 2455 3115 animum
2485 3076 2787 3133 promptam
2823 3067 2979 3130 dicit,
3022 3070 3114 3121 sed
3148 3072 3434 3139 spiritum;
3468 3077 3609 3129 unde
3639 3078 3793 3131 vide-

2221 3163 2306 3208 tttr
2329 3157 2478 3222 quasi
2510 3158 2744 3209 medium
2766 3160 3037 3226 quoddam
3059 3174 3181 3215 eSse
3204 3163 3379 3217 anima
3404 3164 3545 3220 inter
3563 3182 3789 3223 carnem

1360 3246 1434 3299 Ex
1470 3247 1665 3315 quibus
1707 3249 1819 3322 (64)
1863 3255 2112 3310 omnibus
2141 3235 2182 3289 C
2217 3244 2485 3297 infirmam
2515 3255 2569 3299 et
2602 3247 2850 3325 Spiritum
2890 3260 3221 3317 promptum.

1362 3338 1489 3390 illud
1506 3339 1713 3393 videtur
1726 3345 2111 3412 ostendi,quod

1359 3445 1509 3485 mens
1537 3432 1604 3486 de
1635 3441 1777 3486 statu
1802 3449 1900 3490 suo
1932 3453 1993 3490 ac
2028 3439 2108 3491 di-

1358 3526 1562 3594 gnitate
1585 3527 1885 3596 declinans,
1919 3530 2108 3588 effecta

1356 3619 1439 3673 vel
1470 3633 1772 3690 nuncupata
1802 3628 2105 3693 estanima;

533 3684 667 3765 mea,
702 3703 755 3754 in
787 3710 1008 3774 requiem
1047 3716 1229 3778 tuam,
1257 3731 1275 3764 ι
1353 3725 1475 3789 quae
1506 3712 1550 3764 si
1576 3725 1823 3782 reparata
1850 3716 2011 3770 fuerit
2049 3728 2108 3773 et

530 3805 587 3848 ut
616 3805 779 3852 totum
805 3799 901 3854 ltoc
929 3802 1021 3855 sit.

1356 3816 1623 3868 correcta,
1659 3810 1800 3863 redit
1833 3812 1884 3864 in
1916 3811 2019 3866 boc
2050 3821 2106 3867 ut

1355 3901 1425 3954 sit
1449 3917 1618 3956 mens.

1134 4046 1327 4089 VERSIO
1354 4051 1498 4089 ιιιειι.

598 4138 620 4161 ⁴¹
636 4138 799 4203 Νοῦς,
819 4142 875 4194 id
892 4153 988 4209 est,
1022 4161 1165 4199 mens
1183 4163 1431 4202 corruens
1448 4149 1588 4217 facta
1608 4161 1681 4204 est
1699 4154 1899 4217 anima,
1919 4164 1967 4208 et
1982 4172 2102 4215 rure

528 4232 841 4283 cumanima
870 4234 1129 4287 instructa
1161 4236 1448 4290 virtutibus
1480 4256 1621 4293 mens
1648 4241 1757 4305 liet.
1790 4243 1942 4307 Quod
1958 4256 2006 4298 et
2037 4247 2099 4300 de

526 4317 700 4369 anima
720 4316 860 4373 Esau
875 4332 1167 4377 scrutantes
1184 4342 1457 4393 possumus
1473 4330 1720 4395 invenire,
1740 4347 1948 4402 propter
1960 4340 2099 4390 anti-

524 4422 630 4474 qua
648 4422 860 4477 peccata
886 4429 1001 4466 eum
1049 4416 1102 4468 in
1131 4416 1377 4470 deteriori
1404 4422 1508 4473 vita
1535 4437 1645 4474 esse
1670 4424 1998 4479 damnatum.
2030 4427 2097 4480 Et

522 4500 586 4553 de
605 4501 891 4557 mlestibus
908 4509 1271 4576 requirendum
1295 4520 1391 4573 est,
1405 4514 1540 4579 quod
1559 4530 1659 4567 non
1677 4531 1735 4568 eo
1754 4524 1979 4581 tempore
1998 4536 2096 4587 quo

2286 3334 2338 3387 5.
2371 3334 2475 3388 Sed
2507 3334 2760 3391 fortassis
2782 3350 3034 3392 occurrat
3074 3342 3226 3395 nobis
3258 3342 3454 3411 aliquis
3483 3360 3547 3399 ex
3584 3347 3671 3401 his
3723 3350 3793 3403 de

2212 3424 2409 3490 quibus
2447 3425 2543 3493 ipsi
2583 3425 2633 3476 in
2670 3428 2870 3480 nostris
2897 3431 3360 3496 propositionibus
3381 3434 3786 3501 admonuimus,

2210 3524 2266 3566 et
2299 3513 2480 3568 dicat:
2522 3514 2802 3579 Quomodo
2835 3531 2965 3586 ergo
3008 3520 3171 3571 etiam
3206 3519 3294 3573 Dei
3327 3523 3508 3575 aninta
3540 3526 3790 3581 dicitur!

2210 3602 2307 3657 Cui
2344 3605 2790 3673 respomlcbimus
2849 3608 2948 3662 hoc
2999 3610 3192 3663 modo:
3244 3611 3369 3679 quia
3405 3613 3546 3667 sicut
3593 3616 3784 3669 omnia

2210 3712 2329 3764 quae
2378 3698 2739 3765 corporaliter
2765 3698 2875 3770 (67)
2907 3701 2972 3755 de
3010 3703 3115 3755 Deo
3145 3701 3429 3768 dicunturf,
3482 3706 3533 3758 id
3582 3717 3667 3761 est
3698 3710 3788 3763 vel

2207 3787 2391 3857 digiti,
2423 3788 2506 3840 vel
2551 3805 2765 3852 manus,
2803 3790 2885 3845 vel
2920 3792 3162 3854 brachia,
3200 3793 3281 3846 vel
3315 3795 3498 3860 oculi,
3530 3796 3611 3851 vel
3661 3813 3787 3867 pes,

2207 3881 2287 3933 vel
2319 3894 2401 3946 os,
2430 3880 2661 3933 dicimus
2681 3897 2785 3934 non
2814 3883 2926 3935 haec
2962 3883 3193 3937 humana
3232 3889 3494 3949 membra,
3529 3891 3624 3943 sed
3666 3893 3785 3944 vir-

2207 3978 2347 4022 tutes
2373 3967 2489 4035 ejus
2510 3971 2770 4037 quasdam
2801 3971 2853 4023 in
2883 3972 2965 4025 his
2998 3987 3382 4041 COI'pOl‘COl‘lllll
3409 3978 3779 4035 membrorum

2204 4062 2650 4130 appellationibus
2679 4064 2939 4130 indicari;
2989 4065 3060 4117 ita
3095 4075 3148 4120 et
3204 4082 3324 4121 esse
3366 4068 3570 4137 aliquid
3628 4072 3779 4127 aliud

2204 4146 2517 4223 putandum
2552 4164 2671 4221 est,
2733 4156 2876 4224 quod
2930 4154 3039 4228 (68)
3087 4159 3450 4228 appellatione
3505 4164 3606 4217 hac
3653 4181 3783 4234 quae

2201 4248 2375 4301 anima
2412 4247 2503 4299 Dei
2554 4247 2774 4315 dicitur,
2822 4250 3112 4303 indicatur.
3163 4252 3229 4305 Et
3254 4254 3297 4305 si
3330 4254 3408 4307 fas
3447 4264 3529 4307 est
3566 4258 3779 4312 audere

2202 4354 2299 4392 nos
2338 4341 2388 4391 in
2448 4338 2536 4392 tali
2585 4354 2642 4392 re
2696 4340 2928 4408 amplius
2959 4342 3160 4409 aliquid
3216 4344 3399 4399 dicere
3438 4345 3569 4418 (69).
3597 4360 3782 4417 potest

2202 4429 2432 4483 fortasse
2463 4430 2643 4483 anima
2681 4430 2775 4485 Dei
2815 4432 3041 4503 intelligi
3076 4434 3384 4504 unigenitus
3427 4437 3597 4492 Filius
3631 4441 3777 4510 ejus.

2202 4524 2354 4577 Sicut
2379 4524 2522 4576 enim
2565 4523 2744 4576 anima
2775 4538 2871 4593 per
2901 4540 3062 4579 omne
3107 4541 3303 4594 corpus
3335 4527 3537 4583 inserta
3588 4543 3780 4603 movet

520 4589 692 4657 fut-tus
724 4605 795 4647 est
823 4601 1068 4659 mundus,
1095 4600 1220 4653 solis
1252 4603 1431 4655 anima
1454 4644 1468 4665 ,
1503 4606 1578 4656 vel
1607 4609 1949 4675 quodcunque
1975 4626 2089 4679 eam
2126 4582 2171 4637 ί)
2198 4614 2380 4666 omnia
2416 4621 2470 4666 et
2500 4614 2668 4683 agitat
2700 4629 2820 4683 quae
2838 4626 3097 4683 operatur
3126 4618 3411 4682 universa;
3454 4620 3526 4673 ita
3560 4632 3617 4675 et
3646 4626 3780 4679 uni-

517 4682 775 4747 appelluri
807 4698 1027 4749 oportet,
1061 4706 1170 4742 esse
1195 4694 1427 4758 coeperit,
1460 4694 1550 4745 sed
1587 4706 1866 4764 antequam
1905 4697 2083 4754 lucens

516 4766 649 4818 illud
675 4781 721 4822 et
768 4776 959 4827 ardens
990 4794 1176 4844 corpus
1214 4779 1456 4834 insraret.
1485 4781 1559 4834 De
1598 4784 1723 4836 luna
1742 4796 1787 4836 et
1825 4786 1987 4838 stellis
2013 4789 2089 4838 si-

516 4859 709 4919 militer
738 4867 1039 4921 sentiamus
1067 4911 1081 4934 ,
1117 4875 1256 4937 quod
1301 4890 1364 4925 ea;
1419 4876 1592 4942 causis
1649 4877 2083 4944 prwcedentibus,

2199 4703 2411 4769 genitus
2438 4702 2604 4757 Filius
2629 4703 2741 4767 Dei,
2760 4707 2850 4773 qui
2882 4715 2965 4759 est
2992 4704 3225 4761 Verbum
3250 4717 3304 4762 et
3332 4712 3594 4777 sapientia
3620 4705 3774 4783 ejus,

2194 4788 2453 4857 pertingit
2476 4799 2531 4843 et
2555 4792 2801 4859 pervenit
2822 4792 2888 4844 ad
2911 4806 3130 4845 onmem
3163 4794 3418 4848 virtutem
3448 4797 3561 4863 Dei,
3592 4800 3781 4855 inser-

2195 4888 2279 4930 tus
2340 4877 2413 4932 ei.
2470 4874 2537 4931 Et
2592 4877 2839 4931 fortassis
2893 4874 2962 4929 ob
3016 4874 3176 4944 hujus
3235 4886 3561 4940 sacramenti
3616 4889 3769 4942 indi-

584 4969 633 5064 ’ξ
650 4971 835 5064 οΕεοΙὶ.
870 4990 941 5043 vr,
974 4978 1029 5031 4.
1108 4982 1150 5012 τι
1192 4983 1389 5037 Ezeclt.
1414 5000 1571 5052 xvnt,
1597 4985 1650 5041 4.
1713 4987 1760 5019 ⁷⁸
1791 4988 1937 5043 Psal.
1968 5004 2107 5054 cxw1

2268 4990 2313 5021 ⁷³
2363 4989 2522 5047 Joan.
2554 5007 2653 5060 xu,
2688 4993 2781 5054 27.
2853 4994 2898 5028 ⁷⁸
2934 4996 3126 5053 Matth.
3164 5011 3315 5064 xxvr,
3349 4998 3438 5055 58.
3515 5002 3561 5032 ⁷⁵
3597 5000 3766 5059 Joan.

513 5051 569 5104 κ,
614 5041 701 5099 18.

581 5200 693 5280 (6.1)
732 5203 848 5280 Ibi;
875 5222 1052 5280 animo
1103 5215 1246 5263 mata
1286 5213 1476 5280 perdit.
1523 5214 1614 5268 Stc
1662 5231 1793 5271 mss.
1826 5217 1883 5270 In
1917 5219 2076 5273 editis

517 5287 535 5320 t
582 5273 1029 5355 itti‘agmittitur,
1061 5290 1114 5355 et
1145 5296 1244 5355 pro
1281 5273 1297 5331 ἆ
1329 5284 1467 5335 mala
1509 5304 1526 5335 ι
1565 5286 1757 5355 legitur
1799 5307 1817 5337 ι
1857 5287 2017 5344 male.
2053 5309 2070 5340 ι

2247 5212 2356 5285 (65)
2397 5213 2530 5285 [ide
2563 5215 2597 5270 Ι.
2626 5230 2669 5269 ιι
2702 5213 3034 5285 0rigenian.,
3065 5232 3117 5285 q.
3155 5217 3209 5279 6.
3240 5236 3293 5273 η.
3335 5221 3398 5274 l2
3421 5196 3489 5276 et.
3516 5223 3606 5278 15.

2243 5283 2353 5357 (66)
2395 5283 2461 5339 Et
2500 5302 2648 5339 nemo
2701 5283 2837 5339 tollit
2871 5283 3101 5340 animam
3156 5305 3341 5343 meant.
3403 5293 3527 5348 llaec
3577 5295 3759 5350 etiam

583 5341 691 5420 (62)
720 5344 885 5420 Παρὰ
910 5341 1412 5420 τὴν-ἀπόπτωσιν,
1437 5364 1545 5410 etc.
1580 5341 1701 5408 Hinc
1723 5341 2077 5411 ltabenturatl

2221 5341 2366 5411 astitit
2420 5358 2474 5411 in
2516 5367 2674 5411 antea
2713 5358 2901 5420 editis,
2949 5359 3044 5411 sed
3092 5359 3145 5414 itt
3178 5341 3763 5420 outnibuswltabentnr

510 5402 715 5489 calt-ein
744 5402 986 5489 epistola"
1016 5402 1309 5474 Justiniani
1342 5402 1412 5477 ad
1440 5424 1666 5489 Menam,
1689 5425 1871 5480 Latina
1893 5439 2075 5481 autem

512 5478 907 5579 infirme-talio
931 5490 1128 5551 partim
1163 5502 1344 5579 Ct'tstat
1392 5494 1442 5579 in
1492 5478 1722 5579 epistola
1766 5478 2076 5579 llicronytni

2170 5442 2300 5481 IIISS.

2236 5496 2346 5568 (67)
2376 5494 2756 5564 Corporaliter.
2790 5498 2950 5553 Deest
2995 5497 3049 5552 in
3084 5507 3239 5554 antea
3269 5500 3450 5567 editis,
3498 5503 3596 5557 sed
3653 5505 3760 5557 Ita-

511 5551 576 5630 ad
607 5550 844 5630 Avitum,
880 5550 944 5609 ex
980 5574 1100 5630 qua
1134 5560 1312 5630 palam
1345 5575 1428 5618 est
1464 5550 1633 5620 multa
1688 5568 1942 5621 liutinuut
1972 5550 2083 5621 diu?
2165 5550 2405 5619 beinr'in
2447 5550 2576 5621 ttiss.

512 5626 861 5685 terpretando
883 5626 1151 5684 omisisse;

584 5691 696 5772 (65)
729 5691 1173 5776 _l’artiripati_one.
1208 5699 1372 5755 Deest
1418 5703 1471 5757 in
1526 5714 1683 5761 antea
1715 5707 1896 5774 editis,
1950 5706 2053 5763 lice

511 5770 815 5826 reperiatur
846 5770 896 5817 in
923 5770 1172 5823 omnibus
1202 5784 1336 5825 mss.

584 5828 698 5903 (64)
729 5829 859 5888 Vide
882 5836 916 5889 Ι.
950 5854 985 5891 tt
1024 5837 1356 5911 Gargonium,
1382 5860 1433 5913 τι.
1469 5842 1521 5913 6,
1553 5860 1605 5900 η.
1636 5845 1690 5899 4.

2238 5632 2347 5710 (68)
2388 5636 2604 5706 Aliquid
2628 5638 2779 5710 aliud
2821 5640 3111 5710 putandum
3154 5648 3411 5710 estquod.
3463 5639 3559 5698 Sic
3609 5660 3756 5702 mss.

2167 5704 2286 5759 Lib.
2314 5704 2441 5761 vero
2469 5704 2621 5775 editi,
2657 5727 2675 5760 ι
2707 5709 2851 5764 aliud
2882 5709 3185 5780 putandum
3209 5704 3295 5767 est
3313 5726 3479 5783 quam
3520 5715 3694 5785 quod,
3722 5733 3755 5772 ι

2169 5787 2275 5830 etc.

2240 5844 2350 5915 (69)
2383 5843 2555 5901 Caute
2584 5847 2721 5921 lege.
