3880 6510
77 391 159 451 $.35

79 609 371 666 describitur.
395 610 847 668 Considerandum
878 626 1008 667 sane
1033 620 1133 675 est,
1160 625 1229 664 ne
1251 609 1389 663 forte
1413 607 1583 676 possit

78 708 206 757 etiam
251 719 337 772 pro
383 705 478 757 hoc
508 686 617 773 (τι)
645 703 821 754 anima
864 701 955 754 Dei
1011 699 1238 770 intelligi
1271 698 1596 765 Unigenitus

78 798 184 865 ejus,
209 795 436 864 quoniam
477 796 624 847 venit
647 803 702 848 et
727 796 844 860 ipse
878 794 931 846 iu
964 792 1141 846 locum
1171 792 1315 847 ltnnc
1352 791 1600 847 aﬂlictio-

81 891 159 954 nis,
187 898 232 940 et
274 888 320 940 in
348 886 644 941 convallem
694 884 854 939 ﬂetus
889 885 1189 947 descendit,
1231 894 1285 938 et
1314 885 1367 938 in
1416 884 1592 939 locum

79 979 406 1038 bttmiliationis
437 987 676 1041 nostrae;
706 979 999 1033 sicutdieit
1027 979 1079 1032 iu
1108 977 1362 1032 Psalmo:
1399 996 1418 1028 ι
1449 976 1595 1044 Quo-
1662 996 1668 1002 ·

78 1076 187 1127 niam
231 1072 509 1126 humiliasti
546 1087 644 1125 nos
679 1072 730 1125 in
763 1072 883 1126 loco
917 1068 1230 1125 aﬂictionis
1264 1071 1333 1123 ⁷⁸.
1379 1089 1398 1122 ι
1429 1069 1594 1124 Deni-

75 1179 155 1233 que
179 1165 274 1217 scio
295 1165 549 1233 quosdam
575 1172 914 1240 exponentes
945 1161 1078 1215 illud
1113 1162 1254 1230 quod
1275 1161 1326 1214 in
1354 1161 1596 1229 Evange-

77 1259 165 1311 lion
191 1255 449 1311 Salvatore
479 1255 591 1327 (72)
625 1257 829 1311 dictum
871 1263 986 1308 est:
1022 1273 1040 1305 ι
1070 1252 1268 1308 Tristis
1299 1263 1383 1306 est
1411 1253 1593 1306 anima

77 1363 160 1401 mea
187 1362 333 1416 usque
361 1347 425 1400 ad
470 1356 704 1400 mortem
732 1347 817 1411 ⁷τ;
853 1364 871 1396 ι
918 1346 1307 1414 interpretatos
1359 1361 1480 1401 esse
1527 1344 1594 1398 de

75 1440 315 1507 apostolis,
363 1453 499 1508 quos
566 1439 712 1492 velut
762 1437 1018 1494 meliores
1080 1442 1291 1509 reliquo
1360 1451 1594 1507 corpore

76 1537 262 1588 animam
320 1549 473 1589 suam
529 1534 749 1587 dixerit.
803 1532 936 1586 Nam
971 1533 1098 1602 quia
1140 1531 1431 1586 multitudo
1473 1547 1595 1586 cre-

78 1629 262 1681 dentium
297 1641 489 1696 corpus
526 1625 679 1700 illius
703 1625 921 1684 dicitur.
969 1625 1248 1694 apostolos
1284 1625 1434 1678 velut
1462 1625 1596 1679 reli-

76 1737 153 1790 quo
172 1734 368 1788 corpore
391 1718 652 1772 meliores
683 1717 920 1770 animam
946 1718 1172 1786 intelligi
1201 1718 1402 1772 debere
1435 1717 1593 1772 dixe-

74 1823 181 1866 runt.
212 1811 320 1865 ltec
344 1820 506 1880 prout
529 1811 810 1879 potuimus
844 1813 908 1866 de
944 1810 1250 1864 rationabili
1279 1811 1461 1864 anima
1506 1807 1590 1862 tli-

75 1905 290 1957 scutienda
318 1904 492 1974 magis
518 1919 547 1955 a
575 1903 880 1972 legentibus
919 1920 1081 1975 quam
1114 1912 1317 1957 statuta
1367 1917 1432 1957 ac
1461 1902 1594 1954 deﬁ-

75 1998 152 2048 nita
175 1997 494 2065 protulimus.
542 1997 620 2051 De
654 1999 942 2052 animabus
978 2013 1106 2050 vero
1138 1995 1406 2066 pecudum
1435 2003 1596 2048 caete-

77 2103 304 2156 rorutnque
356 2097 640 2144 mutorum
701 2089 969 2145 sufﬁciant
1021 2087 1110 2142 illa
1167 2101 1291 2157 quae
1345 2085 1594 2140 absolute

1629 1871 1666 1924 Β

1670 1743 1675 1748 .
1696 1705 1962 1758 continere
1983 1722 2000 1770 ;

1319 388 1523 445 LIBER
1561 386 1948 448 SECUNDUS.

78 518 192 569 cium
223 519 322 581 (70)
353 533 539 588 corpus
565 520 618 574 in
647 517 940 590 Scripturis
963 517 1048 573 vel
1072 515 1268 573 dicitur
1297 516 1458 579 Deus,
1496 515 1580 569 vel
1623 516 1668 572 Α
1702 528 1902 590 mrum

2030 513 2449 582 mretli’g‘i'bitm‘m

1697 581 2114 636 substantiarum
2189 581 2452 648 roluntatr

1697 670 1794 704 sua
1889 654 2163 705 constituit
2285 653 2444 716 heus,

1698 732 1897 790 quanto
1942 733 2148 792 poterat
2190 723 2443 790 sufﬁcere.

1701 793 1995 845 Dicendum
2046 795 2184 845 enim
2243 794 2444 859 [irritant

1662 907 1664 910 ,
1697 877 1810 916 esse
1854 862 1948 915 Dei
2002 865 2326 926 roteutiam;
2355 880 2447 917 nec

1698 933 1792 984 sub
1824 934 2038 985 obtentu
2096 932 2297 991 laudis,
2349 937 2447 986 tol-

1698 1002 1854 1055 lenda
1933 1003 2046 1070 ejus
2113 1005 2446 1056 circumscri-

1666 1073 1806 1136 ‘ptio
1851 1084 1950 1126 est.
1992 1074 2197 1126 Etenim
2244 1075 2288 1124 si
2335 1074 2452 1141 inﬁ-

1699 1144 1811 1194 nita
1845 1145 1914 1196 sit
1963 1145 2142 1197 dicina
2190 1145 2448 1212 potentia,

1702 1228 1911 1266 necesse
1961 1226 2036 1266 (’8!
2091 1231 2204 1266 eam
2254 1231 2316 1265 ne
2369 1231 2450 1266 88-

1695 1283 1862 1349 ipsam
1889 1286 2100 1353 quidem
2124 1283 2412 1348 intelligere
2430 1300 2448 1336 :

1700 1362 1892 1406 natura
1963 1357 2101 1407 enim
2178 1353 2448 1418 inﬁnitum

1697 1424 2067 1488 comprehendi
2126 1441 2228 1476 non
2260 1434 2448 1491 potest.

1702 1492 1873 1546 Tanta
1904 1496 2068 1560 igitur
2098 1496 2244 1562 fecit,
2273 1510 2452 1561 quan-

1697 1571 1750 1614 ta
1789 1575 1992 1628 poterat
2029 1566 2440 1631 apprchendere,

1695 1650 1756 1685 uc
1805 1636 1900 1687 sub
1949 1635 2278 1702 providentia
2350 1651 2447 1687 sua

2096 1707 2442 1775 quemadmo-

1695 1777 1820 1826 dum
1851 1786 1898 1827 et
1931 1788 2133 1829 tantam
2164 1775 2446 1827 materiam

1696 1847 1992 1910 apparavit,
2059 1860 2312 1916 quautam
2355 1860 2452 1913 po-

1697 1923 1830 1967 terat
1859 1915 2137 1970 exornare.
2160 1915 2180 1988 j

3173 392 3285 448 226

2529 526 2632 569 nec
2693 509 3004 576 contineri,
3043 517 3125 573 vel
3156 516 3274 575 dis-

2523 607 2740 678 pensari
2773 622 2804 660 a
2843 607 2954 662 Deo
2983 621 3104 677 quae
3135 607 3281 663 facta

2523 712 2671 768 sunt,
2697 713 2972 774 poterunt.
2994 702 3282 759 Naturali-

2525 810 2608 855 ter
2641 815 2833 869 nempe
2862 800 3127 869 quidquid
3160 798 3277 871 (76)

2521 892 2793 947 inﬁnitum
2843 891 3030 959 fuerit,
3082 903 3138 947 et
3194 893 3278 947 in-

2523 987 3019 1055 comprehensibilia
3132 987 3276 1044 erit.

2523 1080 2692 1135 Porro
2728 1091 2912 1135 autem
2945 1083 3089 1137 sicut
3120 1081 3274 1136 Seri-

2524 1185 2682 1243 ptura
2710 1176 2840 1229 dicit
2866 1192 2885 1230 :
2915 1194 2932 1226 ι
2955 1174 3012 1228 1η
3048 1191 3278 1230 numero

2523 1277 2578 1320 et
2620 1283 2882 1322 mensura
2917 1269 3169 1322 universa
3193 1269 3274 1322 "r

2524 1361 2766 1414 condidit
2797 1361 2961 1423 Deus,
2987 1371 3040 1415 et
3073 1362 3278 1416 idcirco

2526 1471 2785 1511 numerus
2837 1456 3060 1524 quidem
3130 1469 3278 1511 recte

2522 1551 2807 1619 aptabitur
2855 1549 3277 1604 rationabilibns

2523 1646 2812 1713 creaturis,
2852 1646 2936 1699 vel
2979 1645 3270 1705 mentibus,

2525 1750 2579 1792 ut
2621 1748 2784 1793 tanta:
2835 1739 2944 1792 sint
2990 1749 3206 1803 quantm
3249 1754 3277 1792 ι

2524 1832 2863 1900 providentia
2911 1830 3006 1885 Dei
3053 1831 3279 1900 dispen—

2525 1922 2670 1985 sari,
2729 1921 2840 1993 regi
2893 1933 2949 1976 et
3003 1923 3276 1978 comiucri

2524 2015 2756 2080 possint.
2818 2014 3074 2068 Mensura
3146 2029 3280 2069 vero

2525 2111 3052 2182 ntaterimcorporali
3079 2125 3282 2165 conse-

74 2180 267 2247 superius
295 2180 555 2236 diximus.

543 2377 658 2448 97
699 2375 926 2432 eam
969 2375 1061 2432 tx.

75 2490 448 2562 DemsndoUS)
485 2501 534 2544 et
589 2493 816 2544 motibus
867 2487 1263 2562 rationabiltnm
1313 2498 1590 2562 creatura-

124 2581 232 2624 runt,
266 2564 335 2616 rei
384 2569 676 2626 bonarum,
725 2562 800 2616 rel
857 2561 1145 2623 malarum,
1205 2568 1252 2611 et
1310 2561 1374 2612 de
1416 2561 1591 2611 causis

121 2649 283 2686 rerum.

123 2748 160 2801 l.
185 2745 273 2801 Sed
299 2761 435 2800 nunc
464 2746 534 2798 ad
567 2745 863 2815 propositae
894 2740 1292 2812 disputationis
1338 2739 1590 2795 ordinem

76 2849 366 2904 rrrertamur,
391 2847 444 2892 et
475 2839 798 2891 intueamur
864 2843 1130 2887 creatura:
1161 2832 1398 2892 initium,
1423 2833 1593 2902 quod-

75 2945 238 2999 cunque
286 2931 406 2985 illud
474 2929 701 2985 initium
753 2924 994 2983 creantis
1045 2923 1139 2978 Dei
1173 2937 1327 2978 mens
1359 2923 1593 2993 potuerit

77 3025 243 3079 intueri.

76 3161 226 3233 [Ἐντῇ
252 3159 624 3233 ἐπινρουμένη
647 3157 762 3233 (74)

77 3229 176 3314 ἆρχῇ
255 3229 494 3316 inscii-ton
588 3229 763 3316 ἆριθῖ

106 3301 146 3354 ὃν
170 3301 233 3373 τῷ
267 3302 416 3373 βουλή
425 3319 567 3373 putt.
599 3301 762 3352 αὑτοῦ

77 3371 310 3442 issisti-Isi:
348 3371 437 3425 τδιλ
467 3371 615 3442 Θεὸν
645 3386 764 3442 γοε-

77 3444 153 3510 ρών
174 3439 363 3506 etiam,
389 3445 515 3496 ὅσον
559 3439 765 3510 ἡδύνα-

74 3529 116 3564 το
142 3513 442 3586 intissam:
507 3528 766 3586 πεπερᾳ-

76 3581 346 3655 ᾳμένηνγὰρ
367 3581 516 3655 εἶναι
544 3583 644 3655 xci.
664 3581 764 3655 sip;

75 3653 248 3722 ὅᾶνιμζιν
299 3653 386 3708 ἑοῦ
459 3653 602 3707 Θεοῦ
666 3653 765 3705 λε-

75 3723 201 3796 πῖέςιν,
231 3727 314 3779 καὶ
351 3726 424 3796 μὴ
480 3739 764 3796 προφασει

77 3794 286 3880 sisquis;
327 3794 422 3867 τὴπι
484 3794 759 3894 πὲριγραο

78 3864 152 3938 Ἑν
170 3867 309 3937 αὐτῆς
356 3864 762 3938 ξὲεριαιρετέονς

85 3931 188 4010 Ἐάν,
205 3931 310 4010 itii?
353 3931 384 4010 ᾖ
422 3931 675 4010 Ῐᾶτῖεὶρος
708 3935 764 4010 ,ἡ

78 4001 160 4057 Bai:
170 4001 384 4076 δύίιαξιιιέξ
410 4001 632 4076 ἀνάγδὶη
663 4001 763 4057 ait;

78 4076 145 4143 τὴν
171 4077 282 4146 μηδὲ
326 4079 522 4146 ἑαυτὴν
586 4079 762 4128 νοεῖν*

155 4148 240 4216 γὰρ
262 4149 407 4216 φύσει
439 4147 502 4202 τὸ
534 4147 765 4217 ἄπειρον

78 4214 396 4298 ἀξερξῖηιέτονί
476 4214 763 4301 uindices

79 4282 206 4340 τςξνὺν
241 4282 473 4343 ’τοσαῦτα
521 4282 605 4341 ὧν
653 4282 766 4340 ἐδύ-

78 4373 170 4432 γιτο
203 4359 632 4432 εξριδράξᾳσθαι,
665 4358 761 4412 καὶ

80 4424 182 4500 ἔχειν
214 4424 352 4484 αὗτάί
375 4431 480 4484 ὑπὸ
544 4433 757 4500 χεῖρας,

80 4499 147 4572 lsi.
177 4504 458 4572 ςυγκρητείν
640 4499 643 4500 ⁷
662 4501 761 4570 τὴν

80 4566 199 4641 αὓςώ
240 4566 476 4641 πρόνοιαν
491 4589 505 4602 ο
573 4566 763 4641 ὥσπέρ

83 4637 146 4689 tu!
187 4637 421 4713 φσὰὐτην
441 4641 581 4713 ὓλην
613 4637 764 4713 *κατὲ

81 4709 311 4766 επεύισεν
335 4709 464 4784 δότ-,ν
502 4709 761 4784 Ῠῆδύνατο

84 4783 446 4854 iturarum-qaut.
499 4783 558 4837 ιιι
613 4792 700 4836 est
726 4797 758 4854 7:

87 4844 130 4926 In
151 4851 220 4903 illo
239 4844 361 4920 quod
393 4866 564 4907 mente
587 4853 734 4918 perci
756 4883 761 4887 -

85 4927 189 4976 Pttur
223 4925 372 4988 initio,
408 4934 615 4978 tantum
661 4938 763 4974 nn-

124 5014 564 5079 "Psal.st.ttt,?0.
625 5017 671 5047 ⁷⁷
693 5014 888 5069 Matth.
921 5031 1070 5080 xxvi,
1099 5014 1191 5068 '55.

839 3132 899 3186 ln
931 3130 1020 3186 illo
1052 3144 1182 3199 ergo
1205 3129 1364 3183 initio
1394 3137 1592 3199 putan-

1697 2207 1931 2266 qucntcr
1974 2198 2089 2270 (77)
2157 2199 2462 2269 aplabitur;
2513 2218 2678 2271 quam
2735 2203 2924 2271 utique
2986 2199 3191 2256 tantam
3246 2217 3277 2254 a

1677 2288 1807 2342 .Deo
1848 2304 1969 2343 esse
2018 2299 2258 2343 creatam
2313 2291 2642 2344 credendum
2691 2300 2813 2355 est,
2868 2301 3127 2359 qttantam
3171 2291 3277 2345 sibi

1696 2379 1864 2432 sciret
1893 2377 1961 2431 ad
1990 2388 2242 2432 ornatum
2276 2377 2389 2451 (78)
2427 2380 2607 2433 nmndi
2661 2395 2818 2447 posse
2863 2379 3130 2436 sullicere.
3156 2379 3281 2436 Haec

1697 2487 1829 2541 ergo
1888 2487 2013 2530 sunt
2086 2488 2206 2542 qua:
2254 2473 2306 2526 in
2362 2471 2542 2535 initio,
2598 2472 2650 2525 id
2701 2480 2785 2526 est
2837 2483 2964 2525 ante
3024 2473 3208 2527 omnia
3249 2489 3278 2526 a

1700 2563 1809 2616 Deo
1856 2572 2045 2617 creata
2100 2579 2223 2617 esse
2269 2563 2697 2618 existimandum
2746 2573 2846 2617 est.
2877 2563 3028 2631 Quod
3064 2565 3281 2634 quidem

1695 2657 1856 2711 etiam
1903 2657 1956 2710 in
2005 2657 2097 2711 illo
2135 2657 2295 2710 initio
2343 2658 2488 2727 quod
2523 2656 2735 2728 Moyses
2787 2657 3049 2712 latenlins
3094 2659 3272 2713 intro-

1696 2748 1868 2812 duxit,
1907 2747 2135 2801 iudicari
2173 2759 2433 2817 putamus
2481 2763 2606 2803 cum
2641 2747 2816 2801 dicit:
2850 2766 2868 2799 ι
2899 2747 2956 2800 lu
3004 2749 3281 2818 principio

1697 2839 1818 2893 fecit
1860 2840 2002 2893 Deus
2033 2839 2236 2892 caelum
2283 2849 2338 2892 et
2390 2847 2592 2892 terram
2613 2839 2679 2890 7’.
2709 2857 2726 2889 ι
2762 2837 2984 2893 Certum
3012 2851 3095 2893 est
3135 2841 3279 2894 enim

1695 2931 1822 2998 quia
1878 2945 1982 2983 non
2035 2932 2101 2983 de
2151 2929 2516 2992 (irritamento,
2555 2945 2731 2998 neque
2779 2929 2845 2982 de
2884 2930 3060 2993 arida,
3089 2932 3183 2984 sed
3216 2932 3282 2984 de

1698 3024 1788 3076 illo
1828 3021 1968 3077 caelo
2006 3037 2069 3075 ac
2107 3031 2253 3075 terra
2293 3023 2510 3075 dicatur
2544 3037 2774 3090 quorum
2827 3021 3028 3074 cmlutn
3075 3022 3177 3075 hoc
3225 3031 3281 3075 et

1699 3123 1844 3167 terra
1893 3128 2057 3183 quam
2127 3112 2417 3179 videmus,
2465 3112 2734 3167 vocabula
2780 3122 2971 3182 postea
3024 3121 3273 3168 mutuata

836 3229 964 3282 dum
1009 3234 1093 3281 est
1146 3235 1351 3279 tantum
1396 3210 1658 3280 nutne-C
1695 3217 1844 3263 δυηιο

838 3338 956 3377 rum
987 3320 1389 3376 ralionabilium
1427 3335 1588 3375 crea-

838 3427 1108 3484 turarum,
1129 3417 1211 3472 vel
1233 3416 1589 3470 intellectua-

837 3509 997 3571 littm,
1049 3509 1134 3564 vel
1203 3507 1588 3578 quoquoutodo

835 3601 1172 3672 appellanda:
1244 3613 1372 3655 sunt
1454 3615 1590 3669 quas

836 3705 1048 3750 mentes
1115 3695 1372 3762 superius
1441 3693 1589 3747 dixi-

837 3807 958 3845 mus
988 3791 1124 3863 (75),
1159 3790 1357 3844 iecisse
1417 3790 1587 3845 Deum

837 3896 1103 3956 quantum
1135 3885 1386 3941 suiﬁcere
1428 3901 1589 3953 posse

837 3982 1144 4052 prospexit.
1201 3981 1428 4036 Certum
1505 3991 1592 4036 est

835 4077 1035 4146 quippe
1098 4074 1246 4144 quod
1307 4074 1582 4144 praefinito

837 4169 1018 4238 aliquo
1058 4167 1202 4236 apud
1247 4181 1308 4222 se
1361 4182 1588 4222 numero

835 4277 928 4317 eas
962 4261 1092 4314 fecit
1125 4275 1275 4317 :uon
1323 4259 1492 4323 enim,
1531 4269 1590 4314 ut

836 4354 1054 4424 quidam
1119 4353 1312 4407 volunt
1337 4391 1356 4416 ,
1420 4352 1586 4407 tinem

838 4451 1136 4522 putandum
1171 4458 1251 4506 est
1277 4465 1382 4505 non
1414 4447 1589 4506 ha'be-

1762 3351 1819 3408 9..
1870 3349 2070 3406 Verum
2126 3351 2385 3420 quoniam
2460 3349 2818 3404 rationabiles
2880 3350 3001 3406 istm
3065 3361 3276 3406 natuta:

1692 3459 1834 3512 quas
1868 3445 1922 3497 in
1975 3444 2134 3498 initio
2169 3443 2344 3498 factas
2395 3459 2556 3512 supra
2616 3442 2873 3504 diximus,
2937 3441 3096 3497 facta:
3149 3455 3279 3500 sunt

1692 3549 1814 3589 cum
1865 3545 1994 3590 ante
2043 3551 2150 3589 non
2197 3544 2405 3600 essent,
2440 3538 2541 3590 hoc
2573 3537 2688 3607 ipso
2713 3539 2839 3606 quia
2871 3551 2978 3591 non
3006 3544 3191 3601 erant,
3223 3547 3280 3591 et

1694 3640 1819 3680 esse
1843 3635 2154 3694 creperum,
2183 3625 2496 3679 necessario
2528 3624 2918 3680 convertiliiles
2945 3636 3000 3678 et
3026 3622 3277 3678 mutabi—

1691 3716 1769 3771 les
1801 3716 1912 3790 (79)
1953 3716 2644 3784 substiterunt:quoniam
2707 3730 3046 3785 quamcunque
3094 3715 3276 3768 inerat

1692 3810 2010 3864 substantia:
2043 3824 2230 3864 earnm
2281 3810 2476 3874 virtus,
2532 3824 2636 3863 non
2692 3808 3017 3862 naturaliter
3070 3807 3270 3872 inerat,

1691 3903 1787 3958 sed
1836 3901 2104 3957 beneﬁcio
2153 3901 2458 3956 conditoris
2490 3899 2706 3955 ellecta.
2741 3900 2893 3966 Quod
2945 3914 3076 3969 ergo
3125 3908 3276 3965 sunt,

1693 4010 1801 4050 non
1852 4003 1938 4050 est
1992 3995 2297 4064 proprium,
2339 4009 2440 4047 nec
2494 3992 2913 4062 sempiterumn,
2972 3992 3126 4046 seda
3159 3990 3272 4046 Deo

1693 4089 1908 4143 datum.
1942 4083 2058 4140 Non
2089 4085 2233 4140 enim
2262 4098 2480 4153 semper
2512 4081 2616 4136 fuit
2641 4101 2656 4138 :
2681 4092 2737 4137 et
2777 4096 2938 4136 oume
2987 4084 3132 4150 quod
3179 4083 3279 4135 da-

1693 4189 1804 4234 tum
1833 4187 1939 4241 est,
1969 4179 2134 4233 etiam
2191 4175 2395 4230 auferri
2449 4185 2505 4230 et
2555 4177 2812 4230 recedere
2860 4163 3278 4243 potest.'Rcce-

1691 4272 1850 4327 dendi
1882 4280 2062 4325 autem
2095 4285 2261 4324 causa
2296 4269 2348 4321 in
2379 4282 2444 4322 eo
2477 4269 2605 4331 erit,
2634 4269 2679 4322 si
2708 4283 2812 4321 non
2841 4276 2990 4321 recte
3040 4276 3094 4321 et
3141 4281 3276 4336 pro-

1693 4364 1950 4418 babiliter
2008 4361 2263 4430 dirigitur
2307 4371 2488 4414 motus
2545 4360 2874 4414 animorum.
2923 4359 3276 4412 Voluntarins

1691 4455 1834 4510 enim
1864 4453 1977 4527 (80)
2006 4463 2061 4508 et
2095 4439 2301 4508 iiberos
2343 4461 2522 4507 motus
2552 4467 2581 4504 a
2610 4466 2668 4505 se
2716 4450 2954 4507 conditis
3003 4449 3277 4504 mentibus

839 4559 899 4598 re
955 4553 1271 4607 creaturas;
1326 4543 1452 4613 quia
1490 4545 1581 4599 ubi
1619 4543 1921 4606 DCreator
1980 4542 2226 4607 indulsit,
2284 4556 2395 4611 quo
2447 4541 2661 4595 scilicet
2714 4541 2912 4594 bonum
2943 4538 2994 4592 in
3023 4537 3103 4592 eis
3134 4553 3274 4606 pro—

837 4639 962 4693 linis
1009 4654 1117 4692 non
1172 4647 1402 4702 est,nec
1433 4655 1585 4695 com-

834 4731 1127 4803 prehensio
1168 4731 1298 4800 ulla,
1331 4747 1432 4787 nec
1480 4734 1586 4788 cir-

834 4825 1190 4893 cmuscriptio
1225 4840 1346 4880 esse
1383 4836 1582 4896 poteSI.

834 4921 987 4988 Quod
1049 4920 1094 4974 si
1164 4919 1346 4981 fuerit,
1396 4923 1582 4990 utique

108 5098 218 5175 _(70_)
246 5103 308 5175 Ita
338 5121 463 5175 mss.
485 5105 656 5167 Alias,
695 5122 716 5175 ι
750 5115 806 5175 et
830 5105 1073 5159 insertus
1099 5113 1184 5160 est
1213 5107 1282 5171 ei,
1304 5115 1355 5160 et
1385 5106 1586 5165 fortas-

87 5171 138 5217 sis
153 5171 203 5239 ad
232 5174 370 5239 hujus
408 5171 660 5227 Sacram.
693 5171 976 5236 indicium,
1004 5183 1147 5228 sete.

337 5261 462 5300 mss.
488 5245 650 5321 Libli.
673 5246 836 5321 editi,
868 5263 886 5294 ε
915 5254 1094 5321 potest
1112 5249 1275 5298 etiam
1307 5261 1406 5321 per
1426 5247 1548 5300 hoc.
1566 5268 1584 5300 ι

135 5311 222 5378 (72)
247 5316 378 5370 Alias
400 5355 418 5381 ,
453 5334 472 5368 ι
507 5317 576 5371 de
603 5311 957 5370 Salvatore.'s
990 5316 1096 5369 Sed
1140 5330 1272 5370 mss.
1305 5311 1358 5369 ut
1395 5316 1447 5370 in
1497 5334 1591 5374 uo-

89 5385 168 5428 ειη)
189 5393 335 5437 textu.

136 5450 317 5516 (Bibe
365 5456 598 5520 mundo,
661 5465 768 5511 etc.
821 5452 879 5510 lu
924 5454 1202 5524 prioribus
1246 5456 1580 5512 editionibus

90 5514 167 5572 haec
191 5527 328 5598 verba
357 5528 532 5582 series
556 5514 684 5582 sunt
715 5514 1075 5594 praecedentis
1103 5527 1316 5594 capitis,
1345 5539 1394 5581 et
1423 5541 1589 5598 caput

90 5601 234 5646 tot;qu
264 5595 332 5649 De
359 5601 555 5652 mundo
592 5599 664 5652 ibi
697 5607 908 5651 tantum
939 5599 1152 5666 incipit,
1185 5598 1450 5654 ubi’uunc
1480 5595 1584 5653 uu-

89 5671 223 5747 uterus
255 5670 450 5747 tsrlitts.
465 5670 705 5736 ponitur.

136 5731 222 5803 (74)
255 5724 920 5810 Ἐνντῇίὲπινοουμένῃ.
963 5745 1071 5793 etc.
1117 5724 1242 5794 Haec
1297 5741 1581 5810 desumpta

87 5808 867 5882 intlleiepi'stolaiJusrtiniaui
917 5811 1111 5882 imper.
1159 5812 1231 5882 ad
1279 5808 1576 5870 Meuam’in

90 5869 177 5925 ne.
220 5869 409 5935 Videsis
449 5879 760 5949 Origenian.
817 5880 908 5934 lib.
957 5869 1020 5945 n‘,
1052 5897 1109 5950 q.
1150 5881 1200 5950 l,
1245 5899 1299 5935 ιι.
1354 5882 1406 5946 l,
1449 5881 1503 5945 2,
1536 5869 1581 5935 ’3

1266 5015 1313 5047 ⁷⁸
1351 5014 1477 5085 Sap.
1527 5036 1606 5086 ιι,
1649 5021 1742 5076 2|.

1694 4639 1870 4707 prium
1905 4634 2015 4706 (81)
2055 4635 2233 4697 ﬁeret,
2274 4648 2396 4689 cum
2437 4633 2488 4686 id
2522 4633 2800 4685 voluntate
2833 4630 3049 4701 pr0pria
3085 4644 3276 4683 serva-

1692 4742 1879 4795 retur;
1911 4730 2004 4783 sed
2044 4727 2253 4782 desidia
2286 4735 2342 4779 et
2383 4725 2584 4779 laboris
2633 4724 2850 4777 taedium
2904 4722 2955 4775 in
3007 4719 3276 4777 servando

1689 4827 1853 4889 bono,
1877 4833 1933 4878 et
1983 4819 2198 4874 aversio
2238 4833 2302 4873 ac
2340 4817 2674 4887 negligentia
2716 4816 3024 4881 meliorum,
3058 4815 3272 4869 initium

1688 4920 1838 4976 dedit
1887 4914 2176 4971 recedendi
2223 4931 2253 4968 a
2299 4912 2470 4967 bono.
2522 4911 2797 4988 Recedere
2839 4918 3020 4964 autent
3047 4925 3074 4963 a
3106 4910 3273 4976 bono,

1819 5017 1862 5049 7°
1898 5013 2037 5069 Gen.
2071 5027 2121 5077 ι,
2156 5009 2208 5064 1.

1695 5107 1882 5249 αδδ)
1915 5173 2006 5230 Sic
2048 5171 2443 5249 mss._Alias,_c
2469 5167 2881 5239 quomodolibet
2931 5166 3275 5238 appellanda

1699 5241 1826 5306 sunt
1853 5241 1994 5316 quas
2026 5243 2278 5316 superius
2307 5241 2563 5316 diximus.
2593 5259 2612 5316 ι

1772 5312 1884 5390 (76)
1925 5316 2005 5390 lla
2030 5331 2159 5390 mss.
2190 5315 2362 5390 alias,
2404 5313 2483 5365 tsi
2518 5312 2842 5390 quidquam,
2869 5317 3026 5390 s_etc.

1765 5379 1886 5461 (77')
1928 5387 2084 5441 Libb.
2137 5385 2292 5450 editi,
2338 5379 2794 5438 «convenienter.
2824 5401 2844 5434 ι
2887 5379 3046 5447 Mss.,
3091 5396 3272 5437 scon-

1698 5467 2008 5529 sequenter.
2037 5475 2058 5509 ι

1767 5522 1887 5602 (78)
1919 5528 2010 5602 Sic
2039 5523 2379 5602 mss._.{_.ib-li._
2396 5522 2550 5602 editi,
2588 5541 2608 5574 ι
2633 5532 3044 5602 ornamentum.
3067 5540 3088 5575 ι

1767 5592 1882 5673 (79)
1917 5599 1983 5652 Et
2017 5597 2316 5651 mutabiles.
2347 5595 2508 5650 Deest
2533 5595 2590 5648 in
2617 5605 2780 5649 antea
2825 5594 3016 5656 editis,
3043 5592 3138 5648 sed
3171 5592 3276 5650 ha.

1730 5686 1853 5728 etur
1885 5673 1937 5725 in
1968 5683 2098 5722 mss.
3209 5679 3212 5681 ‘

1692 5673 1853 5728 betur
1885 5673 1937 5725 in
1968 5683 2098 5722 mss.

1763 5736 1877 5811 (80)
1921 5739 2053 5794 Vide
2088 5737 2397 5811 Origeuian.
2423 5735 2464 5792 l.
2488 5751 2549 5802 ιι,
2581 5753 2638 5808 q.
2670 5734 2726 5803 7,
2751 5751 2808 5790 n.
2847 5734 2938 5791 14.

1761 5809 1874 5883 (8³)
1909 5811 2078 5875 Alias,
2121 5827 2139 5859 ι
2168 5809 2529 5879 propositum.
2561 5824 2581 5858 ι
