3988 6418
649 358 761 416 227
1915 351 2224 412 ORICENIS

2304 354 2429 408 [ΕΡί
2463 354 2695 410 ΔΡΧΩΝ
3783 355 3879 414 22³

608 526 611 529 .
655 496 765 537 non
788 481 937 536 aliud
972 489 1055 536 est
1079 494 1243 549 quam
1268 477 1406 533 eﬁci
1436 477 1493 532 in
1528 476 1693 533 malo.
1724 476 1946 531 Certum
1986 491 2220 545 namque
2248 484 2297 539 Α
2322 486 2377 530 ει
2414 492 2470 531 tn
2504 474 2811 531 hominibus
2840 475 3130 532 invenitur.
3159 478 3305 532 Sane
3348 480 3627 548 apostolus
3678 481 3881 539 Paulus

654 580 739 626 est
774 569 971 625 malum
1001 580 1121 625 esse
1164 572 1306 623 bono
1345 583 1557 624 carere.
1587 568 1666 623 Ex
1688 583 1796 639 quo
1819 568 2033 632 accidit,
2062 578 2122 623 ut
2160 569 2213 623 in
2321 580 2444 621 esse
2494 568 2747 637 quzedam
2782 568 2945 622 etiam
2984 568 3197 622 inferna
3248 568 3517 637 designat,
3551 580 3608 626 et
3645 572 3700 626 in
3751 574 3880 644 ipsis

655 671 857 730 quanta
889 675 1138 716 mensura
1168 661 1291 729 quis
1334 659 1715 714 devolveretur
1760 675 1791 713 a
1825 660 1983 723 bono,
2019 662 2069 715 in
2100 669 2217 715 tan-
2322 658 2485 712 simili
2515 662 2674 713 modo
2710 658 2828 714 sin'e
2858 659 3022 713 dubio
3052 661 3335 714 varietatis
3361 676 3528 716 causa
3553 665 3881 734 requirenda

658 760 767 808 tain
829 767 1135 808 mensuram
1191 752 1416 807 malitia:
1479 752 1781 808 deveniret.
1835 751 1892 808 ln
1945 766 2055 821 quo
2104 754 2216 806 uti-
2252 794 2255 799 ν
2319 758 2422 803 εει.
2458 749 2533 804 De
2562 751 2725 804 mutis
2750 764 2880 804 vero
2902 751 3228 805 animalibus
3253 763 3310 806 et
3350 752 3695 819 volucribus,
3726 764 3885 824 atque

651 858 764 913 que
791 843 904 915 (82)
935 860 1031 913 pro
1059 843 1293 899 motibus
1322 846 1434 899 suis
1463 858 1792 913 unaquaeque
1819 858 1971 898 mens
1998 843 2082 897 vel
2108 858 2219 897 am-
2320 841 2388 895 de
2407 841 2495 895 his
2526 856 2647 912 quae
2682 843 2736 896 in
2772 844 2930 912 aquis
2953 843 3219 907 habitant,
3251 844 3528 912 requirere
3552 843 3880 913 superﬂuum

658 936 823 1001 plius,
851 936 933 989 vel
967 936 1184 1005 parcius
1211 935 1324 1007 (85)
1356 938 1551 991 bonum
1589 936 1889 1006 negligens,
1923 936 1975 988 in
2000 944 2218 990 contra-
2324 933 2577 987 videtur:
2606 949 2735 988 cum
2769 936 2883 990 haec
2918 950 3022 988 non
3051 934 3391 1005 principalia,
3422 936 3516 991 sed
3539 952 3886 1006 consequen-

658 1028 799 1080 rium
833 1028 958 1081 boui
990 1029 1131 1095 quod
1167 1030 1287 1083 sine
1320 1029 1485 1083 dubio
1513 1029 1710 1083 malum
1743 1037 1845 1091 est,
1878 1029 2215 1082 trahebatur.
2321 1025 2397 1079 tia
2434 1026 2606 1096 accipi
2638 1027 2837 1081 debere
2869 1036 3075 1081 certum
3103 1028 3200 1081 sit.

657 1118 872 1187 Exquo
902 1120 1116 1173 videtur
1148 1120 1357 1174 semina
1389 1120 1633 1189 quaedam
1669 1130 1723 1174 et
1747 1134 1938 1175 causas
1975 1119 2215 1172 varieta-
2388 1115 2443 1169 4.
2498 1116 2760 1183 Quoniam
2807 1132 2937 1187 ergo
2990 1119 3168 1172 omnia
3220 1134 3344 1189 quas
3390 1120 3534 1175 facta
3592 1129 3746 1185 sunt,
3786 1136 3885 1191 per

658 1211 727 1264 tis
758 1226 822 1264 ac
853 1211 1183 1265 diversitatis
1214 1212 1300 1265 ille
1328 1214 1572 1267 omnium
1623 1213 1868 1266 conditor
1914 1212 2210 1279 accepisse,
2320 1206 2595 1263 Christum
2648 1219 2703 1264 et
2760 1210 2813 1263 in
2866 1210 3085 1264 Christo
3116 1209 3257 1263 facta
3306 1225 3425 1265 esse
3456 1212 3717 1267 dicuntur
3746 1212 3893 1283 (87),

657 1310 715 1353 ut
759 1315 857 1369 pro
899 1302 1215 1356 diversitate
1255 1305 1535 1366 mentium,
1568 1302 1620 1357 id
1657 1311 1762 1367 est,
1806 1302 2212 1356 rationabilium
2322 1300 2469 1354 sicut
2502 1309 2557 1355 et
2586 1300 2863 1368 apostolus
2914 1299 3109 1356 Paulus
3161 1302 3602 1358 manifestissime
3637 1304 3889 1373 designat

656 1400 1055 1455 creaturarum,
1084 1407 1246 1461 quam
1287 1392 1654 1445 diversitatem
1678 1408 1743 1447 ex
1766 1406 1827 1445 ea
1858 1407 2019 1446 causa
2050 1406 2212 1459 quam
2320 1392 2506 1445 dicens
2535 1412 2546 1446 :
2590 1411 2607 1443 ι
2632 1392 2901 1458 Quoniam
2958 1394 3011 1446 in
3063 1393 3179 1462 ipso
3232 1403 3289 1447 et
3340 1409 3437 1461 per
3491 1394 3670 1461 ipsum
3701 1404 3886 1448 creata

657 1482 905 1552 superius
926 1483 1179 1548 diximus,
1221 1484 1468 1550 putanda:
1491 1494 1617 1536 sunt
1656 1484 1985 1550 concepisse,
2008 1484 2213 1536 varium
2319 1494 2447 1537 sunt
2497 1483 2702 1547 omnia,
2737 1484 2849 1538 sive
2904 1499 3022 1551 qua:
3058 1485 3109 1537 in
3147 1484 3284 1540 caelo
3331 1494 3476 1549 sunt,
3512 1486 3629 1539 sive
3665 1501 3785 1553 qua:
3838 1486 3888 1537 in

658 1588 721 1627 ac
744 1575 1011 1626 diversum
1037 1575 1289 1626 mundum
1313 1574 1699 1639 crcaret.()uod
1724 1582 1899 1627 autem
1922 1575 2126 1627 varium
2152 1588 2216 1628 ac
2322 1581 2490 1637 terra,
2517 1574 2751 1628 visibilia
2804 1584 2861 1628 et.
2912 1576 3231 1640 invisibilia,
3257 1578 3369 1631 sive
3405 1578 3609 1642 throni,
3641 1578 3755 1643 sive
3789 1592 3892 1646 po-

656 1663 929 1719 divcrsum
966 1666 1210 1731 dicimus,
1246 1667 1346 1719 hoc
1375 1674 1457 1719 est
1495 1666 1636 1735 quod
1681 1666 1924 1719 volumus
1950 1666 2212 1721 iudicare.
2323 1677 2562 1733 testates,
2596 1669 2711 1723 sive
2758 1669 3117 1738 principatus,
3144 1671 3258 1724 sive
3299 1671 3739 1734 dominationes;
3772 1686 3895 1723 om-

727 1757 781 1810 ὃ.
812 1756 1066 1809 Mundam
1105 1772 1247 1809 nunc
1276 1756 1526 1819 dicimus,
1556 1771 1716 1810 omne
1747 1756 1888 1824 quod
1919 1764 2002 1810 est
2050 1772 2215 1825 super
2323 1757 2409 1811 uia
2447 1772 2542 1825 per
2574 1757 2747 1825 ipsum
2774 1766 2828 1811 et
2870 1759 2922 1811 in
2955 1759 3069 1826 ipso
3102 1768 3283 1813 creata
3313 1759 3519 1812 sunt“.
3549 1778 3568 1810 ι
3600 1759 3710 1811 Sed
3741 1768 3796 1812 et
3836 1759 3890 1811 in

658 1846 849 1908 caelos,
884 1846 967 1900 vel
1002 1846 1055 1898 in
1105 1846 1282 1909 caelis,
1324 1847 1405 1900 vel
1442 1862 1603 1914 super
1641 1846 1870 1910 terram,
1894 1847 1977 1901 vel
2023 1848 2075 1900 in
2132 1848 2218 1903 his
2253 1832 2292 1887 Β
2323 1847 2621 1915 Evangelio
2653 1846 2886 1901 loaunes
2921 1848 3276 1902 nihilominus
3300 1847 3490 1901 eadem
3514 1847 3778 1912 ostendit,
3817 1847 3898 1899 di-

659 1940 747 2008 qui
778 1939 935 1992 inferi
969 1937 1079 2011 (84)
1114 1938 1469 2008 appellantur,
1499 1938 1584 1991 vel
1626 1953 1956 2008 qumcunque
1987 1955 2214 2009 usquam
2319 1951 2445 1993 cens
2478 1956 2493 1993 :
2531 1957 2549 1989 ι
2576 1937 2630 1991 In
2657 1940 2921 2009 principio
2967 1949 3085 1993 erat
3137 1937 3389 2003 Verbum,
3420 1947 3475 1992 et
3500 1938 3736 1992 Verbum
3765 1947 3900 1991 erat

658 2044 887 2101 prorsus
919 2029 1034 2083 loca
1066 2040 1215 2095 sunt,
1245 2039 1299 2083 et
1332 2029 1385 2083 hi
1411 2029 1500 2097 qui
1533 2030 1586 2081 in
1628 2028 1760 2097 ipsis
1800 2032 1996 2097 degere
2040 2029 2216 2083 nomi-
2317 2031 2459 2099 apud
2515 2030 2702 2094 Deum,
2749 2039 2803 2084 et
2844 2030 2984 2083 Deus
3021 2039 3144 2083 erat
3194 2029 3468 2093 Verbum;
3523 2030 3627 2084 hoc
3680 2038 3801 2083 erat
3842 2030 3897 2082 in

658 2132 876 2176 nantur.
905 2120 1100 2175 Totum
1140 2135 1267 2189 ergo
1303 2121 1431 2182 hoc,
1474 2121 1704 2174 mundus
1739 2131 1984 2173 vocatur.
2023 2120 2077 2173 In
2106 2136 2214 2189 quo
2318 2121 2587 2196 principio
2617 2121 2759 2190 apud
2793 2122 2955 2175 Deum
2984 2121 3131 2192 (88);
3166 2125 3342 2176 omnia
3382 2137 3477 2190 per
3522 2123 3699 2189 ipsum
3732 2119 3890 2173 facta

663 2212 862 2267 mundo
908 2214 1148 2280 quaedam
1197 2212 1451 2265 dicuntur
1499 2227 1619 2265 esse
1668 2211 2101 2280 supercmlestia,
2160 2212 2215 2266 id
2319 2223 2467 2277 sunt,
2506 2223 2562 2266 et
2610 2214 2727 2266 sine
2775 2214 2890 2280 ipso
2938 2212 3140 2267 factum
3186 2224 3271 2267 est
3318 2213 3571 2267 nihil".i
3614 2212 3724 2266 Sed
3747 2222 3808 2266 et
3844 2214 3900 2264 in

659 2312 766 2367 est,
795 2304 849 2355 in
883 2301 1304 2356 habitationibus
1344 2301 1674 2356 beatioribus
1706 2303 1901 2369 posita,
1937 2314 1993 2356 et
2025 2318 2219 2377 corpo-
2318 2305 2529 2374 psalmo
2572 2305 2833 2371 scriptmn
2864 2314 2945 2358 est
2974 2304 3097 2373 quia
3134 2303 3360 2359 «Omnia
3411 2306 3464 2358 in
3500 2304 3771 2374 sapientia
3827 2303 3907 2359 fe-

662 2393 811 2445 ribus
828 2390 1227 2444 coelestioribus
1257 2404 1318 2442 ac
1349 2389 1845 2458 splendentioribus
1870 2391 2053 2444 induta
2081 2389 2215 2464 (85),
2320 2394 2527 2449 eisti”.
2556 2414 2574 2445 ι
2611 2393 2749 2461 Quia
2782 2410 2913 2464 ergo
2938 2396 3192 2449 Christus
3228 2397 3371 2451 sicut
3406 2395 3646 2450 Verbum
3696 2406 3751 2450 et
3803 2411 3904 2450 sa-

660 2492 715 2537 et
748 2484 799 2536 in
828 2484 909 2535 his
936 2482 1064 2550 ipsis
1091 2481 1269 2533 multae
1300 2480 1620 2534 differentia:
1648 2483 2030 2547 ostenduntur;
2056 2482 2215 2546 sicut,
2322 2488 2525 2557 pientia
2558 2496 2663 2554 est,
2697 2487 2770 2541 ita
2802 2489 2963 2541 etiam
3004 2488 3219 2558 justitia
3265 2497 3367 2552 est,
3394 2502 3741 2557 consequens
3770 2491 3907 2544 sine

606 2576 609 2581 ’
663 2572 815 2624 verbi
838 2586 1030 2636 causa,
1061 2573 1221 2624 etiam
1252 2572 1537 2640 Apostolus
1570 2571 1719 2634 dicit,
1752 2572 1895 2642 quod
1950 2589 1968 2622 t
1992 2572 2095 2626 alia
2148 2573 2220 2625 sit
2322 2579 2484 2633 dubio
2508 2577 2633 2640 erit,
2669 2587 2727 2631 ut
2777 2593 2841 2631 ea
2884 2594 3004 2649 qua:
3048 2580 3101 2633 in
3148 2578 3325 2633 Verbo
3355 2589 3408 2633 et
3440 2579 3713 2648 sapientia
3744 2580 3904 2635 facta

663 2661 837 2730 gloria
867 2661 1017 2723 solis,
1042 2660 1142 2713 alia
1178 2661 1331 2723 lunae,
1370 2662 1475 2715 alia
1510 2662 1682 2732 gloria
1713 2662 2024 2729 stellarum;
2055 2664 2206 2718 stella
2324 2678 2470 2733 sunt,
2504 2669 2667 2722 etiam
2706 2683 2767 2723 ea
2806 2669 2858 2722 iu
2884 2668 3091 2737 justitta
3140 2685 3259 2739 qua:
3302 2681 3391 2731 est
3437 2670 3718 2735 Christus,
3750 2671 3908 2726 facta

606 2760 607 2763 ‘
659 2752 803 2805 enim
856 2767 885 2804 a
928 2751 1082 2805 stella
1140 2751 1322 2805 dilfert
1371 2752 1424 2805 in
1478 2753 1650 2821 gloria
1668 2754 1713 2785 ⁸⁸
1745 2752 1879 2824 (86).
1906 2776 1925 2805 ο
1958 2755 2213 2820 Quadam
2322 2777 2444 2816 esse
2489 2760 2745 2814 dicantur
2774 2760 2916 2829 (89);
2948 2762 3089 2831 quod
3126 2762 3337 2815 scilicet
3368 2761 3420 2814 in
3460 2763 3543 2815 his
3573 2778 3699 2830 quae
3746 2763 3907 2817 facta

659 2858 789 2897 vero
825 2854 1039 2898 terrena
1087 2845 1361 2909 dicuntur,
1393 2854 1446 2899 et
1474 2847 1613 2899 inter
1660 2847 1771 2914 ipsa
1805 2863 1909 2901 non
1937 2863 2100 2918 parva
2132 2858 2217 2901 est
2322 2864 2469 2919 sunt,
2506 2853 2639 2906 nihil
2682 2854 2962 2923 injustum.
3002 2854 3132 2907 nihil
3168 2853 3448 2907 fortuitum
3493 2856 3771 2917 videatur,
3802 2858 3908 2909 sed

660 2935 981 3001 differentia,
1017 2936 1067 2989 id
1108 2946 1213 3000 est,
1246 2940 1387 2991 inter
1434 2938 1715 3003 homines;
1739 2939 1832 2992 alii
1868 2954 2100 3009 namque
2128 2954 2219 2993 eo-
2320 2946 2498 3001 outnia
2519 2947 2589 2998 ita
2608 2960 2727 2999 esse
2748 2946 3093 3013 utzequitatis
3114 2962 3173 2999 ac
3200 2946 3424 3014 justitia:
3453 2948 3637 3009 regula
3660 2950 3911 3017 expetit,

661 3046 780 3083 Tum
821 3029 935 3100 98
979 3031 1221 3095 barbari.
1246 3032 1338 3083 alii
1368 3030 1573 3095 εἶηοίὶ
1602 3040 1657 3084 οι
1710 3031 2063 3085 barbarorum
2096 3033 2221 3101 qui-
2324 3038 2638 3093 doceantur.
2668 3038 2951 3103 Quomodo
2980 3052 3107 3104 ergo
3133 3046 3275 3089 tanta
3298 3037 3398 3091 ista
3426 3053 3606 3091 rerum
3625 3040 3912 3105 varietas,

614 3124 615 3129 “
662 3121 785 3174 dam
818 3124 1079 3175 imnianes
1100 3131 1156 3176 et
1199 3122 1319 3186 feri,
1356 3122 1446 3176 a'lii
1474 3124 1737 3178 mitiores.
1771 3123 1834 3176 Et
1862 3125 2079 3192 quidam
2103 3126 2219 3192 qui.
2246 3159 2291 3216 ε
2327 3139 2581 3199 tantaque
2612 3130 2896 3183 diversitas
2940 3129 3235 3196 justissima
3281 3140 3335 3184 et
3384 3133 3697 3200 arquissima
3724 3138 3921 3203 possit

663 3212 784 3265 dem
821 3212 1029 3280 legibus
1080 3212 1481 3282 probatissimis
1514 3225 1759 3280 utuntur,
1801 3216 1892 3268 alii
1931 3216 2213 3269 vilioribus
2260 3212 2289 3216 ν
2326 3221 2573 3291 intelligi,
2610 3230 2792 3275 certus
2833 3237 2949 3275 smn
2996 3221 3231 3276 humano
3270 3222 3480 3290 ingenio
3511 3224 3593 3277 vel
3640 3240 3920 3282 sermone

662 3304 750 3358 vel
793 3306 1183 3374 asperioribus,
1212 3304 1302 3358 alii
1344 3320 1557 3374 quoque
1589 3307 1898 3361 inhumanis
1931 3317 1986 3362 et
2031 3308 2223 3362 ferinis
2324 3311 2578 3379 explicari
2599 3327 2702 3365 non
2722 3326 2893 3379 posse,
2914 3312 3011 3364 nisi
3038 3313 3208 3381 ipsum
3230 3312 3458 3367 Verbum
3480 3329 3542 3367 ac
3560 3318 3921 3383 sapientiam

662 3396 836 3465 magis
866 3396 1107 3450 moribus
1154 3412 1314 3465 quam
1350 3397 1565 3467 legibus
1606 3407 1852 3452 utuntur.
1890 3398 1956 3451 Et
2002 3400 2221 3467 quidam
2324 3413 2379 3458 et
2402 3403 2671 3472 justitiam
2697 3404 2785 3471 qui
2814 3412 2895 3456 est
2923 3404 3233 3473 unigenitus
3268 3403 3436 3458 Filius
3466 3404 3583 3466 Dei,
3616 3410 3916 3475 prostrati

662 3489 879 3557 quidem
926 3488 1111 3542 statim
1147 3489 1215 3542 ab
1262 3489 1419 3542 initio
1456 3489 1762 3542 nativitatis
1793 3505 1904 3544 suae
1933 3490 2223 3544 humilian-
2325 3510 2387 3549 ac
2440 3495 2713 3565 supplices
2765 3497 3141 3564 deprecemur,
3189 3496 3278 3564 qui
3326 3512 3421 3565 per
3467 3499 3701 3565 gratiam
3740 3516 3927 3556 suam

664 3590 774 3643 tur,
810 3587 865 3633 et
896 3578 1129 3646 subjecti
1162 3588 1309 3643 sunt,
1368 3594 1431 3633 ac
1480 3580 1755 3634 serviliter
1781 3582 2101 3646 educantur,
2138 3582 2223 3635 vel
2324 3588 2575 3641 sensibus
2618 3603 2677 3640 se
2720 3587 2921 3641 nostris
2946 3585 3252 3652 infundens,
3284 3588 3515 3641 obscura
3552 3588 3923 3655 illuminare,

660 3671 765 3726 sub
793 3671 1048 3735 dominis,
1084 3670 1164 3725 vel
1196 3674 1298 3725 sub
1345 3672 1686 3741 principibus
1714 3672 1898 3740 positi,
1935 3672 2015 3726 vel
2044 3682 2225 3744 tyran-
2326 3679 2504 3732 clausa
2538 3677 2868 3747 patefacere,
2894 3679 3241 3747 pandereqne
3290 3678 3541 3743 dignetur
3568 3695 3783 3735 arcana
3824 3701 3844 3736 ε
3875 3686 3933 3738 si

618 3824 621 3825 ν
663 3766 772 3829 nis,
799 3765 895 3819 alii
937 3780 1066 3820 vero
1118 3764 1344 3819 liberius
1373 3776 1427 3818 et
1462 3765 1840 3819 rationabilius
1893 3765 2220 3830 educantur,
2329 3776 2509 3821 tamen
2562 3768 2903 3821 inveniamur
2940 3776 3045 3819 tam
3081 3767 3239 3835 digne
3270 3764 3384 3837 (90)
3429 3767 3513 3820 vel
3566 3779 3790 3837 petere,
3825 3772 3931 3825 vel

662 3857 759 3912 alii
782 3857 929 3910 sanis
955 3856 1295 3924 corporibus,
1326 3856 1570 3910 nonnulli
1598 3856 1761 3925 aegris
1785 3857 1969 3911 statim
1993 3872 2023 3911 a
2052 3859 2224 3928 prima
2326 3872 2587 3928 quaerere,
2614 3858 2695 3912 vel
2724 3857 2958 3925 pulsare,
2990 3865 3047 3909 ut
3078 3857 3161 3910 vel
3198 3866 3440 3925 petentes
3480 3863 3743 3929 accipere
3784 3879 3935 3917 me-

661 3959 843 4013 wtate,
877 3948 967 4001 alii
1014 3948 1153 4009 visu,
1182 3946 1272 4000 alii
1340 3948 1526 4000 auditu
1552 3956 1605 3999 et
1645 3963 1777 4002 voce
1818 3949 2055 4018 decepti,
2091 3965 2228 4003 non-
2325 3966 2568 4013 reamur,
2619 3949 2700 4002 vel
2742 3955 3048 4014 qumreules
3100 3948 3366 4012 invenire,
3419 3950 3504 4003 vel
3544 3953 3937 4019 pulsantibus

664 4042 793 4096 nulli
834 4044 905 4095 ita
958 4042 1093 4107 uati,
1142 4040 1234 4093 alii
1290 4040 1468 4093 statim
1509 4048 1628 4107 post
1667 4040 2000 4094 nativitatem
2047 4039 2230 4109 hujus-
2322 4042 2575 4111 jubeatur
2623 4042 2841 4109 aperiri.
2898 4040 3012 4093 Non
3065 4055 3194 4109 ergo
3228 4040 3351 4094 freti
3403 4052 3596 4097 nostro
3652 4045 3940 4114 ingenio,

663 4135 871 4190 cemodi
903 4134 1148 4188 sensibus
1191 4131 1503 4186 defraudati
1526 4170 1543 4194 ,
1576 4131 1660 4184 vel
1704 4142 1850 4184 certe
1886 4131 1996 4199 jam
2040 4132 2222 4187 adulta
2327 4136 2420 4189 sed
2455 4134 2626 4204 ipsius
2658 4134 2940 4201 sapientia:
2970 4133 3174 4186 auxilio
3208 4149 3328 4202 quas
3358 4133 3501 4188 fecit
3530 4136 3832 4201 universa,
3876 4150 3946 4193 ct

663 4234 822 4280 actate
857 4226 959 4279 tale
987 4224 1190 4293 aliquid
1228 4224 1395 4291 passi.
1426 4223 1494 4276 Et
1519 4221 1645 4290 quid
1674 4220 1840 4275 refert
1869 4223 2118 4277 evolvere
2141 4236 2225 4277 me
2321 4228 2546 4298 justitia:
2574 4226 2691 4294 ejus
2714 4242 2879 4296 quam
2906 4227 3081 4280 inesse
3124 4228 3391 4281 creaturis
3421 4230 3681 4284 omnibus
3717 4233 3945 4287 credi-

666 4333 855 4373 omncs
900 4327 1065 4385 atque
1107 4331 1426 4370 enumerare
1453 4316 1816 4368 humanarum
1847 4316 2031 4369 clades
2063 4318 2225 4371 mise-
2325 4335 2468 4382 mus,
2499 4319 2715 4372 interim
2748 4319 2959 4372 etiamsi
2988 4332 3240 4373 asserere
3276 4333 3380 4371 non
3409 4320 3687 4386 valemus,
3732 4323 3950 4392 ipsius

668 4412 895 4474 riarum,
922 4425 949 4461 a
983 4410 1179 4479 quibus
1210 4407 1299 4462 alii
1329 4407 1508 4473 liberi,
1542 4408 1633 4461 alii
1666 4407 1891 4461 involuti
1915 4419 2062 4472 sunt,
2098 4421 2221 4461 cum
2332 4417 2510 4463 tamen
2540 4409 2731 4463 conﬁsi
2771 4408 3147 4462 misericordia
3203 4408 3481 4477 inquirere
3528 4418 3949 4479 perscrutari-

607 4544 612 4549 .
665 4504 835 4573 possit
863 4503 1233 4572 unusquisque
1261 4501 1427 4554 etiam
1462 4500 1601 4569 apud
1645 4501 1994 4568 semetipsum
2044 4501 2224 4554 consi-
2258 4500 2299 4553 D
2329 4517 2432 4571 que
2458 4500 2785 4556 tentabimus
2811 4503 3083 4569 quomodo
3118 4502 3217 4554 ista
3254 4510 3405 4554 tanta
3436 4504 3679 4558 varietas
3710 4510 3955 4563 nmndi

664 4599 855 4650 derare
893 4596 959 4649 de
1000 4595 1084 4648 his
1129 4594 1360 4662 singulis
1404 4601 1571 4661 atque
1594 4592 1966 4661 perpendere?
2001 4592 2139 4645 Sunt
2168 4603 2223 4646 et
2331 4604 2490 4662 atque
2513 4593 2821 4658 diversitas,
2846 4593 2995 4646 omni
3025 4593 3241 4661 justitia
3272 4608 3336 4646 ac
3376 4595 3594 4648 ratione
3618 4596 3737 4665 (91)
3772 4614 3958 4654 con-

663 4688 909 4758 quadam
962 4686 1263 4743 invisibiles
1316 4686 1566 4750 virtutes,
1630 4683 1825 4751 quibus
1882 4698 2005 4751 qua:
2066 4697 2225 4750 super
2331 4697 2475 4741 stare
2519 4687 2787 4741 videatur.
2820 4685 3105 4739 Rationem
3148 4695 3329 4740 autem
3356 4686 3477 4739 dico
3508 4687 3791 4741 duntaxat
3828 4704 3963 4758 ge-

668 4790 871 4835 terram
916 4790 1062 4843 sunt,
1106 4778 1465 4847 dispensanda
1494 4777 1787 4831 commissa
1835 4784 1996 4839 sunt;
2035 4784 2089 4828 et
2118 4790 2222 4827 non
2331 4777 2609 4839 neralem;
2646 4791 2771 4830 nam
2819 4775 3103 4844 specialem
3156 4775 3519 4845 singulorum,
3550 4785 3608 4829 et
3654 4790 3971 4846 quaerere

667 4866 834 4941 parva
866 4872 1031 4925 etiam
1064 4872 1116 4925 in
1169 4871 1297 4940 ipsis
1321 4869 1625 4925 differentia
1659 4868 1929 4923 credenda
1952 4877 2053 4934 εει,
2085 4867 2227 4922 sicut
2332 4869 2561 4937 imperiti
2587 4877 2693 4934 est,
2720 4877 2773 4920 et
2799 4867 3022 4921 reddere
3048 4866 3183 4921 velle
3210 4867 3475 4921 dementis
3506 4875 3615 4921 est.

734 5014 779 5046 ⁸⁸
816 5013 837 5066 ι
880 5014 1003 5068 Cor.
1048 5028 1144 5078 xv,
1202 5014 1291 5066 41.
1366 5009 1639 5065 I“Coloss.
1673 5016 1709 5071 ι,
1756 5007 1840 5061 l6.
1916 5006 1960 5038 ⁸¹
2001 5004 2220 5071 Joan.t,
2258 5005 2308 5069 l,

1400 5009 1639 5065 lColoss.
1673 5016 1709 5071 ι,
1756 5007 1840 5061 l6.
1916 5006 1960 5038 ⁸¹
2001 5004 2156 5060 Joan.
2181 5022 2220 5071 ι,
2258 5005 2308 5069 l,
2334 5004 2389 5057 2.
2466 5004 2512 5035 ⁸³
2551 5004 2693 5077 Psal.
2725 5018 2845 5068 CIII,
2882 5002 2975 5057 24.

664 5144 665 5147 “
739 5136 850 5223 (8,2)
884 5150 1016 5223 Vide
1040 5150 1077 5203 l.
1104 5166 1141 5206 ιι
1198 5148 1529 5220 0rigenian.,
1553 5167 1610 5218 q.
1643 5150 1730 5214 l2,
1759 5166 1814 5203 n.
2059 5218 2070 5223 _
2335 5219 2347 5223 _
2393 5147 2503 5219 (88)
2525 5143 3010 5223 Inprincipiogral
3036 5146 3258 5223 Verbum
3285 5155 3332 5198 et
3365 5144 3593 5223 Verbum
3618 5159 3736 5223 erat
3772 5162 3985 5223 apud

739 5217 848 5297 (85)
883 5222 1101 5297 Priores
1149 5217 1420 5277 editiones
1472 5217 1731 5277 omittunt
1763 5240 1781 5272 ι
1803 5220 1886 5271 vel
1924 5218 2162 5286 parcius,
2191 5236 2209 5269 ›
2322 5217 2864 5297 geminetpeuserot
2885 5217 3256 5297 Verbumrhoc
3270 5218 3453 5297 erat
3472 5220 3745 5297 principio
3774 5217 3985 5297 gaqu

666 5287 1058 5364 qund'habetur
1090 5291 1141 5343 in
1172 5306 1305 5344 mss.
1612 5360 1624 5364 _
1656 5360 1666 5364 Δ
1739 5360 1789 5364 __
1996 5357 2008 5364 _
2059 5358 2078 5364 Δ
2141 5360 2152 5364 _
2325 5288 2511 5364 _l)emn_.
2554 5290 2680 5364 llaec
2714 5290 3097 5364 desiderant-ur
3137 5287 3190 5339 in
3239 5288 3513 5353 prioribus
3540 5287 3986 5364 editionilius,

737 5363 851 5433 (84)
874 5360 1046 5421 Alias.
1082 5379 1102 5413 ι
1127 5376 1290 5428 supra
1323 5368 1520 5416 terram
1539 5360 1629 5416 vel
1655 5360 1708 5414 in
1739 5360 1824 5416 his
1855 5372 1974 5429 qua:
1996 5357 2210 5413 inferi.»
2326 5360 2781 5433 licet__ltaheautur
2810 5358 3147 5433 ineuntibus
3166 5370 3298 5410 mss.
3407 5426 3419 5433 -
3522 5427 3535 5433 _
3562 5398 3567 5401 ς

667 5426 773 5486 Sed
810 5426 937 5486 mss.
966 5442 1022 5485 ut
1050 5434 1101 5486 in
1136 5426 1322 5484 nostro
1346 5442 1516 5487 textu.
1872 5426 1888 5429 ⁷
2332 5498 2337 5499 ί
2398 5430 2508 5499 (89)
2547 5430 2638 5483 Sic
2664 5444 2792 5485 mss.
2829 5428 3051 5499 Aliasht
3078 5426 3241 5480 etiam
3289 5439 3354 5479 ea
3400 5426 3620 5498 justitia
3668 5444 3825 5499 quae
3876 5449 3985 5493 est

760 5503 849 5571 85)
887 5503 979 5573 Sic
1004 5517 1135 5558 mss.
1169 5501 1340 5573 Alias,
1376 5518 1394 5550 ι
1418 5503 1643 5573 inclyta.
1666 5517 1691 5554 ι
2060 5568 2072 5573 _
2095 5570 2108 5573 _
2328 5498 2384 5552 in
2414 5498 2635 5573 Christo
2666 5500 2805 5553 facta
2835 5511 2956 5573 esse
2991 5497 3267 5573 dicantur.
3295 5514 3317 5547 ι

760 5508 849 5571 85)
887 5508 979 5554 Sic
1004 5517 1135 5558 mss.
1169 5508 1340 5566 Alias,
1376 5518 1394 5550 ι
1418 5508 1643 5573 inclyta.
1666 5517 1691 5554 ι

737 5508 851 5645 (86)
884 5572 1053 5645 Alias,
1096 5591 1113 5622 ι
1139 5571 1449 5645 claritate.)
1480 5572 1649 5645 Paulo
1671 5578 1795 5645 post
1825 5585 1981 5645 mss.,
2013 5568 2109 5645 «id
2141 5576 2225 5623 est

2414 5508 2635 5553 Christo
2666 5508 2805 5553 tacta
2835 5511 2956 5552 esse
2991 5508 3267 5550 dicantur.
3295 5514 3317 5547 ι

2410 5568 2512 5645 (99)
2548 5570 2703 5645 £55.,
2723 5569 3091 5645 «tantdigne._r
3117 5565 3273 5618 Libb.
3301 5565 3458 5645 editi,
3488 5586 3509 5620 ε
3535 5571 3985 5645 eamdigne.‘

737 5575 851 5645 (86)
884 5575 1053 5636 Alias,
1096 5591 1113 5622 ι
1139 5575 1404 5625 claritate.
1431 5590 1449 5622 ι
1481 5575 1649 5625 Paulo
1671 5578 1795 5639 post
1825 5585 1981 5632 mss.,
2013 5588 2034 5621 ‹
2059 5575 2109 5623 id
2141 5576 2225 5623 est
2423 5575 2512 5637 9U)
2548 5575 2703 5629 Mss.,
2723 5575 3091 5632 «tamdignea
3117 5575 3273 5618 Ltbb.
3301 5575 3458 5634 editi,
3488 5586 3509 5620 ε
3535 5583 3659 5623 eam
3685 5575 3945 5641 digne.
3968 5599 3986 5635 ι

668 5642 810 5697 inter
838 5644 1135 5696 homines.»
1174 5640 1329 5707 Libb.
1365 5641 1516 5707 editi,
1549 5660 1567 5692 ι
1592 5643 1732 5696 sicut
1756 5642 1896 5694 inter
1919 5641 2215 5695 homines.»
2401 5575 2515 5708 l9l)
2548 5638 2637 5693 Sic
2669 5650 2816 5693 recte
2848 5653 2976 5691 mss.
3012 5637 3178 5698 Alias,
3218 5651 3238 5684 ι
3263 5639 3506 5691 οιιιιιίυηι
3540 5640 3796 5707 justitia:
3878 5665 3986 5705 η.

740 5713 852 5781 (87)
882 5713 972 5769 Sic
1004 5728 1134 5772 mss.
1157 5710 1329 5783 Alias,
1366 5729 1383 5762 ι
1409 5714 1796 5782 quomodo.....
1833 5711 1972 5766 facta
1993 5726 2116 5767 esse
2140 5713 2217 5765 vi-
2332 5711 2499 5763 tione.
2526 5709 2775 5783 quaulu
2825 5718 2948 5776 post
3005 5721 3158 5767 mss.,
3200 5717 3301 5783 tet
3344 5722 3619 5783 quaerere
3665 5714 3975 5778 imperii

668 5776 918 5838 dentur.)
1308 5776 1325 5805 δ’
1424 5776 1443 5782 ’
2332 5789 2467 5837 εει.»
2508 5779 2682 5848 Alias,
2716 5796 2735 5830 ι
2757 5789 2811 5834 et
2849 5791 3095 5848 quaerere
3121 5776 3391 5832 rationem
3426 5780 3728 5849 imperitia:
3756 5776 3986 5850 63's.:
