3880 6514
168 388 254 443 229
1447 391 1651 447 LIBER
1690 392 2075 452 SECUNDUS.

3220 402 3225 411 ”
3258 413 3363 473 250

221 508 269 561 5.
292 503 583 560 Dicentihus
615 514 794 561 autem
824 507 981 563 nobis
1015 511 1277 565 mundum
1303 511 1469 566 istmn
1494 514 1550 568 in
1576 517 1679 569 hac
1708 521 1758 579 Α
1788 529 1981 572 natura
2014 519 2209 574 animae
2251 520 2320 575 ad
2350 530 2567 591 gentem
2612 525 2812 581 malam
2849 526 3179 599 destinetur,
3213 533 3363 592 bona

165 600 391 654 varietate
433 596 688 667 positum,
740 616 847 670 qua
913 617 1076 671 supra
1125 606 1474 673 exposuimus
1512 623 1542 662 a
1574 608 1683 664 Deo

156 693 349 770 factum,
379 705 533 760 quem
572 690 739 744 Deum
792 702 848 747 et
891 695 1091 748 bonum
1141 704 1194 750 et
1244 697 1453 764 justum
1521 711 1682 769 atque

160 787 482 855 zquissimum
526 789 775 854 dicimus,
807 789 1045 867 ohjicere
1094 793 1195 847 hoc
1238 795 1451 864 plurimi
1483 799 1680 864 solent,

158 890 202 933 et
228 879 272 932 hi
320 880 545 934 maxime
589 883 679 950 qui
729 898 795 937 ex
837 883 1022 936 schola
1062 884 1373 949 Marcionis,
1401 897 1452 941 et
1486 887 1681 943 Valen-

159 972 256 1035 tini,
284 979 333 1023 et
364 970 604 1026 Basilidte
633 975 934 1037 venientes,
964 976 1252 1035 audierunt
1283 978 1393 1047 (92)
1435 981 1680 1036 diversas

154 1072 251 1111 esse
276 1069 483 1111 naturas
509 1061 812 1113 animarum
842 1065 1391 1133 :quomodojustitiae
1421 1069 1510 1123 Dei
1541 1087 1675 1125 con-

154 1149 303 1203 veniat
332 1152 580 1203 mundum
617 1150 888 1218 facientis,
923 1165 979 1208 ut
1011 1156 1381 1212 habitaculum
1406 1162 1530 1215 aliis
1555 1164 1675 1231 qui-

152 1242 249 1293 dem
280 1241 325 1292 in
354 1240 501 1293 caelis
531 1242 794 1308 praebeat,
824 1254 878 1298 et
910 1260 1014 1298 non
1053 1247 1226 1301 solum
1272 1250 1357 1304 his
1388 1251 1674 1307 habitacu-

152 1332 238 1383 lum
270 1331 447 1384 melius
470 1342 716 1400 praestet,
751 1349 937 1389 verum
986 1338 1151 1391 etiam
1183 1341 1408 1409 gradum
1434 1343 1669 1412 aliquem

150 1427 389 1480 celsiorem
430 1428 977 1499 spectabilioremque
1008 1432 1118 1503 (95)
1148 1435 1435 1502 concedat,
1470 1438 1673 1505 princi-

148 1528 295 1588 patum
330 1520 445 1573 aliis
487 1520 788 1592 indulgeat,
833 1523 954 1578 aliis
989 1535 1308 1593 potestates,
1342 1530 1669 1585 dominatio-

146 1626 223 1665 nes
263 1627 459 1680 quoque
504 1612 637 1667 aliis
684 1612 907 1679 tribuat,
941 1618 1063 1671 aliis
1112 1620 1481 1686 amplissimas
1512 1625 1668 1679 sedes

144 1703 402 1757 cmicstium
445 1704 804 1760 tribunalium
841 1718 1082 1777 prmstet,
1114 1711 1362 1767 eluceant
1398 1714 1490 1768 alii
1530 1717 1666 1770 ruti-

143 1792 324 1851 lautius.
353 1801 403 1846 et
428 1804 724 1848 coruscent
770 1790 977 1866 fulgore
1008 1798 1254 1867 sidereo;
1290 1802 1412 1856 aliis
1450 1804 1522 1857 sit
1549 1805 1666 1874 glo-

144 1885 203 1937 ria
243 1886 378 1948 solis,
433 1886 558 1940 aliis
615 1887 786 1958 gloria
844 1890 1005 1954 lunze,
1070 1892 1193 1947 aliis
1239 1895 1408 1963 gloria
1468 1899 1660 1953 stella-

141 1973 379 2046 tanta”);
411 1977 563 2030 stella
614 1993 641 2031 a
682 1979 830 2033 stella
867 1980 918 2034 iu
945 1982 1111 2051 gloria
1143 1983 1455 2052 dill‘erat”;
1490 1998 1567 2051 et,
1604 1999 1662 2044 ut

138 2067 263 2118 simul
286 2082 344 2120 ac
378 2068 623 2122 breviter
656 2078 826 2124 totum
856 2072 1053 2139 dicam,
1086 2077 1129 2131 si
1156 2081 1385 2133 creatori
1420 2079 1529 2134 Deo
1563 2097 1661 2136 nec

137 2158 343 2213 voluntas
398 2162 598 2215 summi
653 2162 886 2232 bonique
933 2168 1140 2235 operis,
1178 2185 1278 2225 nec
1340 2174 1658 2241 perﬁciendi

135 2245 323 2300 facultas
349 2249 519 2312 deest,
560 2251 694 2317 quid
734 2264 910 2306 causa:
938 2256 1205 2311 exsistere
1237 2262 1434 2328 potuit,
1468 2271 1529 2314 ut
1566 2278 1660 2315 na-

136 2346 256 2392 turas
300 2340 652 2397 rationabiles
688 2358 901 2413 creans,
934 2349 985 2401 id
1021 2359 1126 2414 est,
1155 2351 1357 2418 quibus
1382 2362 1439 2405 ut
1469 2363 1657 2408 essent

135 2430 222 2497 ipse
253 2433 446 2486 exstitit
501 2447 694 2497 causa,
749 2436 1008 2492 celsiores
1060 2439 1195 2493 ali0s
1245 2441 1478 2508 faceret,
1511 2444 1649 2499 alios

133 2522 343 2587 secundo,
367 2532 456 2577 aut
493 2526 685 2590 tertio,
717 2536 770 2581 et
806 2529 1119 2597 multisjam
1155 2532 1443 2589 inferiores
1475 2538 1656 2604 gradi-

132 2615 208 2668 bus
245 2616 647 2687 deterioresque
694 2623 1041 2688 procrearet?
1071 2624 1204 2677 Tum
1268 2626 1464 2680 deinde
1523 2628 1656 2697 obji-

132 2706 248 2759 ciunt
274 2709 425 2761 etiam
458 2710 525 2763 de
562 2710 649 2764 his
684 2726 803 2780 qua:
836 2714 885 2766 in
921 2716 1081 2769 terris
1116 2726 1262 2780 sunt,
1315 2720 1461 2787 quod
1522 2721 1645 2775 aliis

132 2801 339 2852 nascendi
363 2816 480 2855 sors
515 2800 734 2857 felicior
764 2806 1032 2869 evenerit,
1063 2818 1120 2861 ut
1147 2809 1286 2875 quis,
1325 2811 1471 2863 verbi
1516 2827 1640 2878 gra-

134 2890 205 2954 tia,
230 2906 286 2945 ex
328 2892 605 2946 Abraham
639 2890 955 2961 generetur,
992 2905 1047 2950 et
1102 2913 1168 2950 ex
1220 2899 1650 2966 repromissione

130 2994 356 3048 nascatur,
375 2984 512 3039 alius
534 3000 760 3054 quoque
780 3002 846 3040 ex
874 2986 1021 3041 Isaac
1038 2998 1092 3041 et
1109 2988 1347 3043 Rebecca
1363 2990 1430 3055 ⁸⁸,
1453 2992 1653 3061 quique

129 3073 269 3129 adhuc
294 3075 341 3128 in
376 3085 569 3130 ventre
606 3077 812 3143 positus
855 3078 1172 3147 supplantat
1203 3078 1425 3153 fratrem
1471 3095 1647 3145 suum,

1785 619 1965 664 autem
2002 610 2067 664 ad
2114 613 2303 676 bonas,
2340 615 2471 683 quid
2523 616 2669 671 aliud
2719 632 2985 687 superest,
3014 623 3117 678 nisi
3153 635 3212 681 ut
3243 628 3359 683 for-

1785 702 1924 755 tuito
1958 702 2060 757 ista
2088 706 2170 774 agi
2216 716 2477 774 putentur
2503 717 2557 761 et
2592 710 2763 765 casu?
2796 710 2953 777 Quod
2988 716 3175 782 utique
3194 720 3238 772 si
3271 736 3359 775 re-

1782 792 2037 860 cipiatur,
2066 794 2180 863 jam
2214 811 2317 851 nec
2354 813 2382 849 ιι
2432 797 2544 853 Deo
2577 799 2751 855 factus
2802 818 2928 859 esse
2958 810 3213 875 mundus,
3241 826 3355 874 nec

1781 898 1809 936 a
1838 886 2176 953 pr0videntia
2211 888 2328 957 ejus
2365 892 2479 960 regi
2532 896 2803 959 credetur,
2841 906 2895 949 et
2948 911 3355 970 consequenter

1783 991 1883 1030 nec
1907 976 2000 1030 Dei
2026 972 2295 1045 judicium
2327 983 2393 1035 de
2425 985 2853 1055 uniuscujusque
2877 991 3044 1056 gestis
3074 993 3347 1049 videbitur

1779 1072 2223 1137 exspectandum.
2258 1072 2311 1125 lu
2345 1088 2448 1142 qua
2486 1090 2563 1128 re
2586 1093 2705 1144 qua:
2740 1081 2809 1131 sit
2839 1082 3057 1149 quidem
3089 1084 3155 1137 ad
3190 1084 3352 1154 liqui-

1778 1159 1907 1211 dum
1940 1162 2141 1214 veritas
2172 1176 2378 1225 rerum,
2405 1164 2552 1216 illius
2582 1175 2666 1219 est
2694 1183 2852 1223 nosse
2878 1170 3047 1227 solius
3068 1173 3159 1242 qui
3190 1188 3348 1230 scru-

1779 1261 1926 1304 tatur
1956 1252 2161 1315 omnia,
2197 1256 2362 1306 etiam
2401 1255 2505 1307 alta
2539 1256 2711 1311 Dei“.

1849 1344 1901 1396 6.
1935 1343 2044 1398 Nos
2079 1359 2206 1398 vero
2240 1346 2390 1414 quasi
2444 1347 2690 1403 homines
2720 1350 2811 1420 (ne
2851 1351 3225 1427 haereticorum
3259 1355 3345 1410 in-

1773 1432 2056 1487 solentiam
2110 1435 2384 1488 reticendo
2422 1438 2768 1507 nutriamus),
2813 1456 2933 1509 quae
2988 1460 3086 1511 pro
3138 1447 3344 1503 viribus

1773 1525 1974 1578 nostris
1995 1540 2282 1578 occurrere
2317 1528 2468 1581 nobis
2492 1541 2736 1596 possunt,
2778 1534 2842 1584 ad
2884 1549 2947 1586 ea
3000 1551 3121 1603 qua:
3153 1539 3345 1591 obten-

1771 1616 1985 1677 derunt,
2022 1618 2121 1671 hoc
2164 1621 2324 1671 modo
2357 1622 2820 1687 resliondehimus.
2870 1622 3074 1679 Bonum
3130 1641 3251 1681 esse
3288 1636 3343 1681 et

1762 1704 1965 1773 justum
1997 1718 2050 1761 et
2073 1709 2501 1777 omnipotentem
2540 1710 2707 1763 Deum
2765 1722 3066 1769 creatorem
3107 1704 3340 1773 xuniver-

1768 1814 1973 1861 sorum,
2008 1800 2205 1867 quibus
2247 1800 2515 1854 valuimus
2554 1816 2619 1855 ex
2664 1801 2861 1858 divinis
2903 1806 3199 1877 Scriptnris
3245 1825 3337 1863 as-

1766 1892 2095 1946 sertionibus
2152 1892 2465 1962 frequenter
2531 1897 2886 1951 ostendimus.
2947 1897 3044 1953 Hic
3100 1915 3223 1954 cum
3280 1901 3336 1955 in

1764 1983 2029 2053 princioio
2071 1995 2284 2055 crearet
2327 2002 2389 2039 ea
2433 2001 2555 2054 qum
2591 2004 2778 2043 creare
2810 1990 2979 2045 voluit
3006 1993 3138 2062 (98).
3171 1994 3221 2049 id
3251 2004 3336 2050 est

1764 2076 2116 2130 rationabiles
2143 2089 2384 2141 naturas,
2429 2080 2630 2133 nullam
2684 2081 2871 2135 habuit
2902 2084 3063 2137 aliam
3113 2088 3333 2143 creandi

1761 2181 1979 2220 causam
2006 2168 2104 2221 nisi
2139 2180 2358 2237 promer
2387 2170 2622 2239 seipsum
2652 2172 2791 2241 (99),
2830 2174 2879 2225 id
2916 2184 2999 2227 est
3029 2174 3328 2249 bonitatem

1760 2272 1935 2311 suam.
1968 2256 2100 2324 Quia
2139 2273 2265 2328 ergo
2314 2273 2500 2314 eorum
2544 2276 2663 2330 quae
2709 2265 2939 2317 creanda
2988 2276 3161 2329 erant,
3218 2266 3335 2337 ipse

1762 2350 1968 2401 exstitit
1997 2364 2159 2403 causa
2194 2368 2208 2404 :
2243 2351 2294 2404 in
2328 2367 2438 2418 quo
2486 2366 2659 2420 neque
2707 2354 2944 2408 varietas
2982 2356 3185 2425 aliqua,
3232 2374 3332 2413 ne-

1722 2446 1727 2515 ς
1759 2454 1864 2508 que
1892 2442 2239 2508 permutatio,
2274 2454 2450 2509 neque
2472 2442 2873 2510 impossibilitas
2906 2445 3106 2510 iuerat,
3147 2462 3331 2516 acqua-

1757 2529 1834 2583 les
1892 2530 2104 2583 creavit
2148 2530 2231 2600 (l)
2286 2546 2480 2586 omnes
2525 2548 2589 2587 ac
2663 2534 2868 2588 similes
2920 2550 3057 2604 quos
3099 2541 3325 2602 creavit,

1756 2623 1953 2691 quippe
1980 2638 2102 2676 cum
2138 2624 2283 2676 nulla
2329 2625 2378 2678 ei
2409 2639 2570 2678 causa
2601 2626 2881 2680 varietatis
2909 2643 2971 2680 ac
2997 2630 3329 2707 diversitatil

1757 2716 2069 2767 exsisteret.
2102 2714 2306 2768 Verum
2339 2716 2593 2783 quoniam
2621 2719 2975 2773 rationabiles
3008 2721 3134 2788 ipsa:
3174 2736 3328 2776 crea-

1757 2810 1914 2865 turae,
1963 2804 2102 2857 sicut
2144 2803 2457 2871 frequenter
2513 2807 2869 2871 ostendimus,
2912 2818 2966 2860 et
2996 2808 3047 2860 in
3079 2809 3195 2863 loco
3226 2824 3327 2863 suo

1756 2892 2117 2947 nihilominus
2172 2896 2539 2961 ostendemus,
2575 2896 2785 2949 arbitrii
2828 2896 3084 2953 facultate
3114 2900 3326 2955 donatae
3384 2942 3394 2951 .

1754 2992 1917 3047 sunt;
1946 2983 2167 3040 libertas
2188 3001 2629 3056 unumquemque
2664 2987 2742 3057 (2)
2775 2988 3069 3043 voluntatis
3099 3006 3207 3045 sum
3235 2992 3323 3048 vel

1754 3075 1819 3128 ad
1848 3076 2145 3143 profectum
2178 3091 2273 3147 per
2314 3078 2667 3132 imitationem
2719 3081 2807 3134 Dei
2854 3084 3166 3148 provocavit
3220 3081 3323 3153 ('5),

125 3174 169 3216 et
193 3176 449 3234 antequam
484 3176 773 3230 nascatur,
808 3168 1173 3237 diligidicitur
1203 3185 1232 3222 a
1267 3171 1395 3224 Deo.
1425 3169 1515 3225 Vel
1549 3173 1648 3227 hoc
1675 3190 1719 3248 (ς
1751 3167 1836 3220 νει
1866 3167 1931 3220 ad
1969 3167 2236 3223 deleclulll
2279 3184 2374 3237 per
2434 3171 2820 3240 negligentiam
2878 3172 3060 3224 ll‘axil.
3101 3172 3166 3225 Et
3208 3174 3324 3229 haec

129 3259 264 3325 ipsum
287 3259 386 3331 (95)
412 3261 665 3324 omnino,
688 3261 830 3328 quod
859 3259 912 3313 iu
946 3258 1190 3315 Hebraeis
1224 3263 1347 3330 quis
1381 3263 1644 3331 nascitur,

127 3354 234 3418 apud
258 3367 379 3420 quos
418 3352 791 3405 eruditionem
821 3352 1017 3405 divina:
1043 3352 1473 3420 legisinveniat;
1506 3354 1647 3409 alius

128 3456 226 3495 vero
254 3443 379 3510 apud
404 3442 632 3498 Graecos
665 3451 721 3496 et
740 3443 886 3511 ipsos
915 3443 1214 3512 sapientes,
1247 3454 1302 3497 et
1329 3460 1435 3498 non
1463 3460 1645 3514 parva:

126 3532 394 3587 entditiouis
458 3533 716 3586 homines
751 3570 767 3598 ,
828 3531 939 3602 99
982 3532 1093 3602 jam
1146 3548 1277 3586 vero
1313 3533 1454 3588 alius
1504 3535 1646 3603 apud

128 3623 383 3693 Ethiopes,
442 3626 654 3694 quibus
712 3626 856 3678 vesci
909 3624 1023 3695 (96)
1086 3624 1339 3677 humanis
1390 3627 1648 3679 carnibus

126 3734 226 3773 usus
245 3729 353 3787 est;
388 3727 481 3773 aut
506 3717 657 3789 apud
690 3716 921 3787 Scythas
963 3718 1103 3784 apud
1134 3732 1270 3785 quos
1297 3718 1644 3785 parricidium

126 3813 245 3877 quasi
272 3825 331 3864 ex
363 3811 477 3882 lege
531 3809 790 3880 geritur;
830 3808 916 3861 vel
968 3807 1109 3878 apud
1142 3806 1379 3869 Tauros,
1414 3808 1505 3860 ubi
1548 3808 1645 3861 ho-

125 3900 255 3967 spites
283 3901 654 3954 immolantur.
684 3897 850 3950 Aiunt
883 3908 1014 3964 ergo
1047 3895 1203 3949 nobis
1235 3911 1250 3948 :
1283 3896 1337 3949 Si
1377 3898 1492 3950 haec
1530 3906 1644 3949 tan-

130 4006 165 4045 ta
192 4008 344 4047 rerum
383 3992 707 4055 diversitas,
747 3991 1116 4059 nascendique
1146 3989 1386 4043 conditio
1420 3999 1526 4041 tam
1551 4003 1645 4041 va-

128 4084 202 4150 ria,
242 4095 448 4154 tamque
494 4085 738 4149 diversa,
774 4083 828 4136 in
856 4096 963 4151 qua
993 4095 1157 4136 causa
1191 4081 1379 4149 utique
1415 4079 1643 4134 facultas

124 4173 245 4229 liberi
267 4178 464 4231 arbitrii
496 4176 683 4231 locum
721 4189 827 4227 non
857 4174 1020 4227 habet
1045 4177 1174 4236 (non
1209 4172 1352 4224 enim
1379 4173 1499 4239 quis
1530 4171 1643 4238 ipse

127 4270 204 4323 sibi
230 4270 381 4341 eligit,
410 4269 495 4324 vel
531 4268 648 4335 ubi,
682 4266 766 4321 vel
794 4267 933 4335 apud
985 4280 1143 4335 quos,
1171 4263 1255 4318 vel
1288 4278 1396 4331 qua
1444 4263 1636 4317 condi-

129 4361 242 4415 tione
287 4359 569 4431 nascatur)
596 4358 679 4427 ',si
712 4374 863 4427 ergo,
898 4358 1170 4425 inquiunt,
1206 4356 1307 4410 hoc
1351 4370 1456 4409 non
1510 4352 1645 4407 facit

127 4463 292 4508 natura!
333 4453 625 4510 diversitas
664 4452 968 4505 animarum
1005 4446 1138 4521 (97),
1162 4446 1217 4502 id
1255 4454 1358 4512 est,
1400 4452 1460 4498 ut
1486 4442 1628 4498 mala

178 4619 214 4651 ⁸⁸
239 4620 385 4690 l_Cor.
406 4636 497 4687 xv,
528 4620 624 4675 ιι.
698 4618 744 4650 ⁸⁸
774 4618 909 4673 Gen.
937 4631 1065 4670 xxv.
1138 4615 1185 4648 ⁸⁸
1220 4614 1239 4670 l
1266 4614 1395 4671 Cor.
1423 4628 1484 4680 ιι,
1514 4612 1607 4669 1οε

181 4763 269 4831 (θῖ)
294 4763 363 4818 Ita
397 4779 530 4820 mss.
556 4762 728 4825 Alias,
765 4779 783 4813 ι
815 4768 1092 4815 asserunt.
1119 4778 1138 4811 ι

179 4827 271 4903 (93)
296 4832 539 4909 Ριίεείιιἱ
554 4849 754 4909 Διθιενιιηι
787 4835 961 4909 etimit
999 4831 1220 4909 gradum
1250 4829 1481 4909 aliquem
1512 4827 1631 4909 "cel-

130 4898 277 4977 tierent
318 4904 856 4977 spectabilioremque.
909 4898 1195 4965 Sic’mssi;
1250 4903 1301 4952 in
1355 4898 1633 4977 prioribus

132 4968 407 5027 editionib'us
450 4976 607 5028 deest
646 4990 666 5024 ι
689 4968 927 5040 pra-stet,
955 4990 973 5021 ι
1000 4979 1054 5024 et
1104 4987 1198 5039 pro
1241 4986 1258 5019 ι
1283 4968 1633 5038 spectabilio-

134 5042 995 5121 reiqilegitur«spectaculutn._a
1052 5120 1055 5121 ν
1148 5115 1159 5121 ᾔ
1474 5108 1507 5121 Δ.

185 5112 275 5183 (94)
302 5106 384 5167 Sic
432 5131 566 5167 mss.
593 5106 780 5187 'Alias,
815 5130 833 5161 ι
858 5121 912 5166 et
952 5110 1165 5187 luceant
1190 5108 1351 5187 {aliis
1389 5106 1634 5187 rutilan-

135 5178 631 5241 tiam.'etcoruscent
682 5182 888 5250 fulgore
921 5181 1154 5234 sidereo.
1191 5178 1310 5232 Alia
1359 5182 1431 5243 sit
1461 5178 1633 5247 gloria

133 5250 249 5312 solis,
276 5254 367 5305 alia
394 5254 555 5318 lunae,
588 5253 693 5305 alia
724 5252 1021 5321 stellarum.
1049 5266 1068 5299 ι

185 5320 275 5390 (95)
302 5322 407 5375 Hoc
431 5317 629 5389 ipsum.
662 5321 751 5375 Sic
783 5338 912 5373 mss.
947 5317 1116 5381 A'lias,
1150 5336 1171 5367 ι
1196 5317 1323 5386 quid
1351 5317 1464 5390 hoc
1496 5317 1583 5370 sit.
1611 5334 1629 5390 ι

185 5386 275 5459 (96)
323 5386 482 5444 Vesci.
531 5394 689 5447 Deest
725 5392 777 5445 in
828 5390 1099 5461 prioribus
1139 5388 1491 5450 editionibus,
1541 5386 1638 5441 sed

134 5456 549 5537 habetur_intuss.
693 5531 742 5537 η
828 5456 843 5461 ⁷
937 5528 978 5537 __
1374 5525 1387 5537 .
1536 5524 1595 5537 ..

185 5529 274 5606 (97)
309 5533 645 5606 Animarum,
790 5540 886 5606 est.
936 5528 1057 5606 Haec
1104 5541 1322 5606 quoque
1351 5525 1551 5606 desunt
1582 5525 1635 5578 in

132 5595 233 5654 libb.
252 5595 391 5653 antea
411 5603 594 5665 editis,
617 5595 707 5657 sed
731 5601 1003 5655 habentur
1022 5601 1073 5652 in
1097 5613 1224 5651 mss.
1252 5596 1451 5649 Ibidem
1480 5611 1630 5655 mss.,

132 5684 183 5788 ἐϋ
177 5667 291 5721 bona
312 5680 484 5723 autem
521 5674 589 5726 ad
620 5678 810 5727 bonas.
844 5689 862 5724 ι
894 5670 1067 5745 Alias,
1093 5685 1136 5740 σι
1184 5669 1322 5723 bona
1357 5677 1536 5721 autem
1568 5666 1635 5720 ad

186 5752 281 5788 nos.
308 5756 325 5787 ι
1234 5756 1238 5760 -

186 5752 281 5790 1108.
308 5756 325 5787 1
1234 5756 1238 5760 ’

185 5808 277 5876 (98)
301 5806 421 5865 Vide
453 5814 489 5864 1.
518 5828 555 5865 ιι
584 5811 910 5883 0n'genian.,
941 5825 998 5878 q.
1038 5808 1124 5875 l2,
1155 5823 1209 5862 n.
1247 5808 1304 5861 2.
1352 5846 1359 5847 κ

1752 3258 1960 3314 exstitit
1985 3273 2170 3321 causa,
2198 3259 2339 3312 sicut
2368 3269 2422 3313 et
2453 3271 2609 3314 antea
2644 3262 2755 3329 jam
2802 3262 3067 3323 diximus,
3100 3263 3325 3319 diversi-

1754 3349 2041 3403 tatisinter
2074 3348 2423 3402 rationabiles
2476 3358 2776 3415 creaturas,
2826 3365 2932 3403 non
2978 3365 3044 3403 ex
3077 3351 3324 3404 condito-
3402 3376 3407 3379 τ

1754 3442 1829 3494 ris
1858 3440 2133 3494 voluntate
2160 3440 2239 3493 vel
2271 3440 2477 3508 judicio
2511 3442 2778 3510 originem
2812 3442 3052 3505 trahens,
3080 3443 3172 3495 sed
3199 3457 3325 3510 pto-

1752 3529 1887 3597 priaa
1912 3528 2179 3583 libertatis
2206 3531 2457 3584 arbitrio.
2496 3530 2640 3585 Deus
2681 3546 2814 3585 vero
2842 3533 2926 3586 cui
2961 3532 3070 3600 jam
3105 3546 3323 3587 creatu-

1753 3636 1867 3674 ram
1896 3635 2050 3675 suatn
2082 3635 2180 3690 pro
2213 3624 2405 3675 merito
2438 3623 2754 3690 dispensare
2778 3624 2983 3692 justum
3016 3625 3321 3694 videbatur,

1753 3713 2096 3767 diversitates
2125 3715 2385 3767 mentium
2416 3716 2469 3768 in
2507 3718 2666 3769 unius
2698 3718 2880 3770 mundi
2906 3722 3321 3774 consonantium

1751 3801 1935 3862 traxit,
1964 3817 2070 3869 quo
2093 3803 2239 3855 velut
2265 3817 2427 3856 unam
2476 3806 2694 3857 domum
2730 3804 2781 3857 in
2811 3819 2915 3872 qua
2948 3804 3127 3859 inesse
3160 3808 3321 3862 debe-

1750 3901 1872 3945 rent
1918 3907 2021 3946 nou
2074 3892 2246 3946 solum
2300 3908 2423 3946 vasa
2451 3908 2616 3946 aurea
2660 3903 2713 3947 et
2756 3903 3010 3962 argentea
3039 3937 3054 3960 ,
3114 3900 3207 3951 sed
3266 3905 3321 3952 et

1750 3983 1925 4051 lignea
1958 3984 2239 4048 etiictilia,
2280 3994 2332 4038 et
2372 3985 2477 4037 alia
2511 3985 2727 4053 quidem
2784 3987 2849 4038 ad
2898 3987 3180 4052 honorem,
3210 3988 3318 4042 alia

1749 4083 1926 4127 autem
1952 4075 2016 4127 ad
2051 4074 2454 4140 contumeliam,
2499 4090 2565 4129 ex
2611 4076 2731 4130 istis
2768 4076 2843 4146 (4)
2880 4077 3114 4132 diversis
3146 4082 3316 4146 vasis,

1750 4166 1830 4219 vel
1860 4165 2077 4229 animis,
2105 4165 2188 4219 vel
2218 4167 2487 4221 mentibus
2516 4176 2758 4232 ornaret,
2793 4176 2846 4221 et
2876 4168 2973 4221 has
3005 4182 3221 4235 causas,
3261 4179 3319 4223 ut

1749 4276 1852 4331 ego
1882 4261 2142 4329 arbitror,
2179 4262 2413 4315 mundus
2464 4261 2564 4315 iste
2602 4276 2714 4316 sua:
2780 4263 3114 4318 diversitatis
3158 4280 3320 4320 accc-

1752 4356 1850 4423 pit,
1909 4355 2034 4408 dum
2067 4368 2505 4422 unumquemque
2530 4355 2708 4409 divina
2741 4356 3074 4423 providentia
3114 4358 3195 4426 (5)
3220 4373 3317 4425 pro

1752 4444 2014 4499 varietate
2050 4453 2291 4499 motuum
2330 4460 2577 4509 suorum,
2603 4445 2687 4500 vel
2716 4446 3018 4500 animorum
3069 4446 3319 4516 preposi-

1818 4752 1928 4826 (99)
1955 4751 2126 4805 Aliam
2155 4750 2365 4826 creandi
2405 4765 2652 4826 censum,
2692 4747 2792 4826 nisi
2824 4753 3041 4826 propter
3063 4744 3311 4812 seipsum.

1744 4816 1836 4879 Sic
1865 4816 2055 4877 omnes
2093 4823 2248 4874 codd.
2285 4836 2414 4875 mss.
2442 4821 2495 4872 In
2526 4821 2684 4895 editis
2714 4820 2864 4895 deest
2908 4834 2926 4866 ι
2974 4816 3159 4880 aliam,
3202 4827 3311 4895 r'et

1740 4910 1837 4963 pro
1876 4912 1894 4944 ι
1934 4892 2032 4946 nisi
2058 4901 2277 4960 propter
2304 4894 2539 4959 seipsum
2574 4909 2591 4941 ι
2632 4888 2831 4955 legitur
2875 4904 2893 4936 ι
2939 4895 3139 4953 praeter
3166 4888 3311 4954 seip-

1739 4978 1886 5102 suili.)
1918 4982 2076 5112 bibl).
2113 5028 2264 5095 editi,
2312 5045 2332 5081 ι
2375 5029 2609 5098 aequales
2658 5026 2900 5091 creavit,
2951 5044 2970 5076 ι
3012 5026 3106 5080 sed
3156 5040 3308 5088 mss.,

1746 5120 1766 5155 ι
1798 5102 2100 5169 ωιμιιιιίιετ.
2134 5119 2153 5151 ι

1813 5172 1890 5243 (2)
1921 5172 2013 5226 Sic
2040 5183 2170 5224 mss.
2207 5167 2381 5243 Alias,
2414 5185 2433 5221 ι
2465 5165 2909 5243 unumquodque.
2946 5162 3162 5243 apaula
3192 5170 3316 5230 post

1742 5234 1901 5307 mss},
1930 5260 1949 5292 ι
1992 5255 2095 5294 nou
2124 5255 2188 5292 ex
2227 5240 2525 5301 conditoris
2553 5234 2853 5291 voluntate.
2883 5253 2900 5287 ι
2933 5234 3101 5296 Alias,
3140 5250 3159 5283 ι
3202 5247 3311 5285 ιιοιι

1744 5327 1808 5366 ex
1846 5311 2112 5372 creatoris
2148 5308 2445 5365 voluntate.
2478 5328 2496 5361 ι

1815 5380 1891 5451 (5)
1924 5369 2061 5451 γνίιίνθ
2090 5378 2423 5447 0rigem'an.,
2458 5378 2549 5451 lib.
2574 5391 2645 5438 tt,
2681 5372 2827 5451 q._7,
2856 5390 2909 5426 ιι.
2939 5369 3029 5425 12.

1816 5444 1894 5533 ιι)
1920 5450 2075 5533 mw-
2110 5444 2262 5533 ειιιιεο
2303 5467 2321 5498 ε
2368 5450 2614 5533 quedam
2654 5444 3007 5533 satietate“
3152 5449 3212 5495 ιιι
3243 5454 3310 5495 ει

1744 5520 1882 5584 istis,
1925 5540 1963 5593 r_
1987 5529 2115 5577 etc..
2148 5520 2240 5571 sed
2275 5527 2491 5593 mss._nt_
2521 5524 2571 5569 in
2606 5523 2791 5593 nostro
2821 5522 3019 5593 textu...

1814 5579 1891 5660 (5)
1919 5589 2345 5661 Utrumquemque
2386 5588 2564 5640 divina
2595 5582 2938 5661 providentia.
2966 5579 3057 5633 Sic
3090 5591 3223 5634 mss.
3248 5579 3309 5632 In

1750 5652 1914 5715 au'te'a
1942 5652 2218 5730 editis'pro
2254 5652 2271 5708 ι
2304 5670 2742 5730 unumquemque
2776 5652 3021 5730 {legitur
3052 5667 3071 5699 ι
3115 5664 3315 5730 ultum-

1747 5733 2015 5800 quodque,
2052 5748 2070 5780 ι
2104 5717 2158 5800 et
2185 5726 2338 5800 deest
2367 5717 2602 5800 «(divina
2637 5717 3019 5800 providentia.
3070 5736 3091 5800 ι
3139 5717 3311 5771 Paulo

1746 5794 1868 5872 post
1906 5794 2038 5855 iibb.
2072 5796 2221 5862 editi,
2264 5814 2281 5847 ι
2320 5797 2415 5853 sed
2448 5796 2743 5851 secundum
2777 5794 3147 5865 praecedentes
3177 5801 3310 5841 cau-
