3988 6418
563 366 662 424 ἳΖὶ

1830 353 2153 414 ORIGENIS
2191 357 2350 412 ΠΕΡΙ
2381 356 2610 413 ΔΡΧΩΝ

3693 354 3804 410 23?.

565 481 716 548 tique
739 477 1040 543 dispensat.
1064 475 1186 544 Qua
1208 475 1419 531 ratione
1446 487 1624 543 neque
1647 472 1879 528 Creator
1905 473 2139 544 iujustus
2167 477 2212 530 A
2240 475 2532 538 creaturis,
2583 474 2628 527 si
2677 471 3026 528 advertamus
3054 473 3178 544 quia
3225 471 3330 527 ista
3372 467 3666 524 diversitas
3702 484 3808 526 non

563 571 836 627 videbitur
878 569 978 642 (6),
1024 584 1145 624 cum
1177 569 1472 623 secundum
1527 567 1893 635 praecedentes
1939 580 2135 622 causas

519 720 522 722 _
567 677 671 733 pro
699 663 893 715 merito
931 674 1373 730 unumquemque
1403 656 1712 725 distribuit;
1738 674 1913 728 neque
1944 659 2138 714 fortui-

571 767 625 812 ta
653 751 1078 829 uniuscujusque
1108 753 1364 808 nascendi
1409 752 1494 806 vel
1542 751 1774 806 felicitas
1793 751 1880 807 vel
1907 752 2137 807 infelici-

571 858 655 910 tas
677 847 975 917 putabitur,
1009 847 1086 900 vel
1127 845 1519 913 qualiscunque
1571 843 1833 897 acciderit
1871 843 1955 897 illa
2003 859 2136 898 cons

529 981 531 986 ι
571 940 732 1003 ditio,
797 952 972 1006 neque
1009 936 1213 990 diversi
1239 946 1541 1001 creatures,
1568 933 1650 990 vel
1673 934 1900 989 diversa:
1931 943 2140 989 natura:

571 1031 862 1086 credentur
885 1029 1188 1083 animarum
1217 1026 1317 1100 (7).

560 1189 562 1191 ·
643 1165 698 1220 7.
727 1163 929 1220 Verum
956 1179 1024 1218 ne
1045 1161 1329 1230 Scriptura
1358 1160 1576 1230 quidem
1606 1170 1792 1216 saneta
1821 1161 2037 1216 videtur
2059 1160 2139 1231 (8)

571 1258 702 1312 mihi
752 1257 966 1325 penitus
1017 1257 1202 1309 arcani
1233 1253 1307 1324 (9)
1341 1254 1498 1324 hujus
1558 1256 1794 1310 tacuisse
1843 1255 2138 1321 rationem;

570 1350 715 1404 sicut
744 1364 864 1402 eum
897 1347 1177 1418 apostolus
1217 1347 1415 1402 Paulus
1446 1349 1511 1401 de
1549 1347 1714 1403 Jaeob
1766 1358 1824 1402 et
1857 1347 1995 1401 Esau
2028 1349 2142 1400 dis-

568 1451 766 1510 putans
808 1441 884 1492 ait
931 1457 946 1493 :
987 1458 1005 1491 ι
1059 1439 1193 1493 Cum
1237 1439 1381 1492 enim
1428 1441 1662 1493 nondum
1717 1439 1830 1493 nati
1891 1439 2142 1503 fuissent,

570 1548 746 1602 neque
776 1533 1014 1602 egissent
1049 1531 1249 1600 aliquid
1281 1531 1405 1584 boni
1435 1531 1518 1585 vel
1549 1532 1696 1597 mali,
1729 1541 1786 1585 ut
1814 1531 2142 1600 propositum

532 1638 534 1642 '
572 1626 716 1694 quod
763 1625 1060 1679 secundum
1091 1624 1406 1678 electionem
1431 1624 1524 1678 Dei
1557 1625 1756 1678 factum
1784 1634 1889 1689 est,
1927 1639 2140 1693 perma-

539 1718 542 1720 ’
573 1724 750 1778 neret,
780 1729 884 1767 non
910 1729 975 1767 ex
1001 1715 1280 1783 cperibus,
1308 1714 1400 1768 sed
1435 1731 1501 1768 ex
1532 1731 1597 1769 eo
1628 1716 1721 1785 qui
1766 1717 2002 1780 vocavit,
2034 1716 2143 1769 dic-

2240 577 2508 621 creatnrze
2535 565 2883 634 principium,
2913 564 3006 619 sed
3035 579 3101 618 ex
3146 561 3575 634 praecedentibus
3631 558 3808 616 causis

2240 674 2338 729 pro
2375 659 2530 728 100
2562 658 2739 712 meriti
2774 657 3039 726 dignitate
3059 658 3333 713 diversum
3361 654 3590 725 singulis
3616 667 3647 706 a
3678 667 3811 704 con-

2243 751 2416 805 ditore
2445 749 2731 803 ministerii
2781 759 3004 817 paratur
3051 748 3308 811 ofﬁcium,
3357 761 3422 800 ex
3469 760 3536 800 eo
3569 743 3815 812 profecto

2243 841 2384 910 quod
2426 841 2798 909 unusquisque
2837 841 2887 893 in
2922 856 2986 895 eo
3020 841 3161 908 quod
3206 854 3357 911 mens
3386 847 3613 893 creatus
3636 850 3669 886 a
3705 833 3812 885 Deo

2244 941 2327 987 est
2353 931 2463 1002 (14)
2494 932 2576 984 vel
2618 931 2952 984 rationabilis
2984 932 3227 1000 spiritus,
3259 945 3358 998 pro
3401 926 3638 980 motibus
3664 938 3816 976 meu-

2249 1024 2315 1077 tis
2338 1035 2391 1077 et
2417 1022 2666 1077 sensibus
2689 1022 3021 1086 animorum,
3064 1021 3150 1076 vel
3182 1020 3303 1088 plus
3349 1017 3433 1072 vel
3481 1017 3664 1071 minus
3711 1013 3813 1066 sibi

2246 1115 2424 1169 meriti
2454 1115 2746 1184 paraverit,
2774 1115 2858 1168 vel
2883 1113 3136 1168 amabilis
3165 1113 3300 1175 Deo,
3327 1111 3412 1165 vel
3438 1109 3604 1163 etiam
3629 1106 3812 1160 odibi-

2245 1208 2316 1259 lis
2349 1206 2658 1271 exstiterit;
2689 1222 2811 1260 eum
2840 1217 3016 1259 tamen
3063 1203 3224 1273 aliqui
3273 1216 3339 1257 ex
3380 1201 3463 1256 bis
3506 1201 3599 1270 qui
3633 1199 3823 1254 melio-

2251 1297 2399 1350 ribus
2426 1297 2632 1351 meritis
2687 1304 2813 1350 sunt
2856 1297 2921 1348 ad
2954 1296 3325 1348 exornantlum
3377 1293 3564 1346 mttndi
3612 1301 3820 1344 statum

2251 1387 2486 1454 compati
2523 1386 2768 1456 reliquis,
2808 1394 2861 1440 et
2890 1382 3125 1438 officium
3174 1383 3415 1450 prmbere
3465 1380 3824 1434 inferioribus

2250 1478 2572 1533 ordinentur
2603 1478 2742 1546 (15),
2767 1492 2876 1545 quo,
2903 1491 2996 1544 per
3029 1477 3132 1530 hoc
3163 1473 3274 1544 (16)
3305 1483 3360 1528 ct
3387 1473 3485 1539 ipsi
3519 1471 3825 1540 participes

2251 1571 2516 1623 exsistant
2541 1569 2822 1637 patientize
2843 1568 3152 1634 Creatoris;
3178 1566 3472 1622 secundum
3505 1561 3654 1632 quod
3683 1563 3824 1627 Apo-

2251 1662 2420 1718 stolus
2447 1663 2559 1731 ipse
2590 1661 2723 1715 dicit
2758 1679 2771 1714 :
2802 1680 2819 1712 ι
2850 1657 3087 1714 Vanitati
3122 1660 3265 1713 enim
3297 1667 3549 1712 creatura
3579 1653 3826 1720 subjecta

2255 1762 2338 1810 cst
2367 1769 2471 1807 non
2499 1753 2703 1817 volens,
2753 1752 2846 1806 sed
2880 1762 3100 1822 propter
3129 1767 3253 1806 eum
3290 1749 3382 1819 qui
3438 1746 3733 1815 sulijeeerit
3765 1743 3825 1798 iu

574 1818 685 1864 tum
710 1809 939 1877 estquia
967 1806 1141 1874 major
1181 1811 1384 1862 serviet
1428 1808 1645 1870 minori,
1691 1808 1836 1862 sicut
1884 1810 2144 1878 scriptum
2181 1836 2221 1891 Β
2250 1806 2400 1918 ὧραι
2455 1806 2589 1903 ,9."
2646 1806 3010 1902 Observa'me;
3054 1846 3220 1914 igimr
3276 1806 3432 1898 ﬁam
3497 1806 3829 1894 sénlemiam

576 1908 652 1918 --.
688 1914 703 1918 -
736 1897 888 1918 .-μμ
928 1897 1083 1918 ...μ-ε
1542 1915 1556 1918 _
1905 1900 1950 1918 ..
2083 1901 2142 1918 η,

571 1908 656 1952 est
688 1897 894 1952 :Jaeob
921 1897 1109 1965 dilexi,
1154 1898 1294 1953 Esau
1324 1908 1501 1953 autem
1533 1902 1655 1954 odio
1695 1900 1859 1954 habui
1905 1900 1972 1955 ⁸⁷.
2024 1920 2042 1953 ι
2081 1901 2148 1954 Ει

571 1996 696 2058 post
726 1988 841 2042 haec
877 1989 980 2042 sibi
1034 1991 1148 2058 ipse
1179 1992 1465 2061 respondet
1498 2002 1552 2047 et
1593 1992 1761 2046 dicit:
1799 2009 1819 2042 t
1853 1992 1994 2058 Quid
2017 2008 2148 2062 ergo

575 2080 856 2134 dicemus?
907 2079 1159 2146 Nunquid
1205 2083 1464 2151 injustitia
1506 2095 1593 2138 est
1644 2083 1786 2151 apud
1831 2082 2092 2137 Deum"?
2123 2102 2141 2134 ι

572 2165 642 2222 Et
677 2178 733 2222 ut
765 2170 919 2224 nobis
943 2173 1283 2226 occasionem
1309 2183 1595 2242 praestaret
1631 2174 1933 2244 inquirendi
1969 2177 2034 2229 de
2067 2176 2150 2228 his

575 2271 633 2316 et
666 2262 1048 2330 perscrutandi
1078 2265 1347 2329 quomodo
1395 2264 1510 2318 haec
1550 2279 1656 2317 non
1689 2275 1846 2318 extra
1880 2265 2148 2319 rationem

577 2351 730 2418 fiant,
759 2357 1049 2426 respondet
1080 2358 1182 2411 sibi
1211 2358 1337 2426 ipsi,
1359 2369 1413 2412 et
1434 2358 1869 2431 ait(9‘).Eadem
1893 2375 2147 2428 namque,
2220 2370 2223 2373 '

542 2441 787 2500 'utmihi
818 2448 1190 2520 videtur,qua:
1219 2449 1285 2502 de
1313 2447 1481 2504 Jacob
1505 2459 1558 2504 et
1590 2451 1730 2504 Esau
1761 2452 1988 2520 quaestio
2026 2465 2152 2516 pro—

575 2544 820 2612 ponitur,
871 2545 1062 2600 haberi
1116 2548 1282 2600 etiam
1328 2549 1394 2602 de
1446 2548 1758 2603 caelestibus
1805 2550 2055 2604 omnibus
2097 2558 2152 2603 et

575 2636 933 2690 terrestribus
971 2640 1240 2692 creaturis
1264 2649 1317 2692 et
1342 2640 1412 2694 de
1451 2640 1682 2695 infernis
1718 2641 1831 2712 (l0)
1863 2651 2064 2712 potest.
2085 2641 2153 2697 Et

574 2727 825 2782 similiter
859 2729 991 2783 tnihi
1023 2731 1256 2796 videtur,
1309 2733 1450 2786 sicut
1496 2734 1568 2786 ibi
1603 2735 1679 2786 ait
1711 2753 1724 2788 :
1761 2752 1780 2786 t
1817 2734 1953 2790 Cum
2006 2736 2151 2792 enim

580 2819 820 2872 nondum
847 2820 956 2873 nati
992 2819 1243 2887 fuissent,
1280 2839 1455 2892 neque
1493 2825 1696 2894 aliquid
1743 2827 1980 2896 egissent
2025 2829 2152 2885 boui

577 2909 660 2964 vel
694 2912 840 2977 ntali,
884 2930 904 2964 ι
941 2913 1014 2966 ita
1037 2915 1202 2969 etiam
1228 2915 1296 2970 de
1312 2918 1525 2971 caeteris
1551 2918 1805 2974 omnibus
1830 2922 1935 2976 diei
1960 2936 2149 2990 posse,

581 3020 602 3053 ς
631 3018 752 3056 eum
787 3004 930 3056 enim
963 3007 1200 3059 nondum
1224 3015 1408 3061 creata
1436 3018 1639 3070 essent,
1671 3025 1847 3080 neque
1913 3017 2153 3084 egissent

547 3090 784 3166 'aliquid
815 3100 938 3153 boni
979 3100 1064 3154 vel
1096 3101 1222 3154 mali
1253 3100 1362 3173 (11)
1396 3114 1454 3158 ut
1486 3106 1779 3160 secundum
1829 3105 2148 3161 electionem

546 3187 916 3266 propositum
965 3189 1056 3243 Dei
1105 3202 1320 3246 maneat
1353 3211 1370 3244 ι
1407 3194 1578 3260 (sicut
1634 3204 1829 3264 putant
1879 3197 2147 3268 quidam),

580 3276 725 3330 facta
760 3289 887 3333 sunt
920 3279 1008 3333 illa
1032 3281 1250 3350 quidem
1274 3283 1543 3349 caelestia,
1569 3285 1686 3340 hare
1749 3296 1928 3356 autem
1978 3299 2153 3347 terre-

547 3439 550 3442 ί
582 3369 740 3458 stria,
777 3381 832 3428 et
851 3372 958 3427 alia
979 3372 1189 3428 inferna
1211 3375 1474 3445 (12)(ῐιοη
1494 3392 1558 3431 ex
1579 3379 1834 3448 operibus
1855 3381 1937 3447 (ut
1965 3393 2154 3458 putant

547 3532 554 3538 .
583 3457 707 3525 illi),
733 3459 828 3514 sed
863 3477 930 3514 ex
954 3476 1018 3515 eo
1045 3463 1138 3531 qui
1175 3465 1408 3518 vocavit.
1462 3464 1599 3532 Quid
1650 3483 1780 3538 ergo
1821 3470 2089 3538 dicemus,
2131 3497 2148 3529 ι

582 3551 628 3603 si
661 3550 777 3625 haec
809 3551 880 3604 ita
913 3554 1072 3606 sunt?
1102 3572 1120 3604 ι
1163 3554 1301 3624 Ergo
1350 3556 1615 3625 iujustitia
1649 3571 1730 3614 est
1761 3563 1900 3630 apud
1955 3563 2156 3622 Deum?

550 3634 761 3724 "Ahslt.
800 3663 819 3696 ι
850 3643 1021 3714 Igitur
1066 3646 1210 3701 sicut
1241 3649 1306 3702 de
1339 3649 1484 3704 Esau
1536 3663 1589 3707 et
1630 3652 1802 3710 Jacob
1849 3657 2156 3728 diligentius

585 3736 939 3815 perscrutatis
976 3736 1274 3804 Scripturis
1312 3739 1607 3806 invenitur,
1641 3747 1767 3812 quia
1802 3763 1910 3802 non
1942 3761 2026 3804 est
2074 3752 2160 3805 iu-

577 3822 786 3890 justitia
818 3827 956 3894 apud
989 3825 1184 3892 Deum,
1215 3838 1273 3882 ιιι
1294 3840 1583 3901 antequam
1627 3852 2008 3906 nascerentur,
2071 3843 2158 3898 vel

587 3926 816 3984 agerent
841 3916 1042 3986 aliquid
1073 3919 1126 3971 in
1159 3920 1267 3973 vita
1299 3921 1421 3985 hac,
1455 3923 1733 3981 diceretur
1759 3947 1780 3980 ‹
1813 3933 1938 4000 quia
1973 3934 2150 4004 major

585 4010 788 4061 serviet
820 4009 1052 4076 minori;
1091 4030 1109 4063 ι
1139 4021 1198 4065 et
1246 4023 1304 4068 ut
1349 4016 1626 4073 invenitur
1653 4036 1759 4075 non
1789 4038 1910 4079 esse
1943 4026 2159 4095 injusti-

587 4099 685 4166 tia,
719 4104 861 4171 quod
891 4112 946 4157 et
981 4105 1032 4158 in
1080 4115 1269 4162 ventre
1308 4107 1528 4164 fratrem
1585 4127 1745 4167 suum
1794 4118 2160 4186 supplantavit

582 4190 773 4257 Iacob,
803 4194 849 4248 si
881 4211 948 4250 ex
984 4200 1342 4266 praecedentis
1371 4203 1485 4272 (l3)
1515 4203 1769 4260 videlicet
1798 4207 1921 4263 vita:
1945 4213 2157 4268 meritis

586 4284 746 4352 digne
767 4303 888 4340 eum
917 4288 1170 4344 dilectum
1208 4305 1330 4345 esse
1373 4295 1670 4349 sentiamus
1710 4311 1740 4349 a
1791 4297 1920 4362 Deo,
1968 4302 2042 4354 ita
2101 4315 2159 4357 ut

2249 1957 2410 2011 quam
2449 1940 2737 2006 Apostolus
2772 1940 2838 1993 de
2868 1941 3156 1994 nativitate
3185 1937 3325 1992 Esau
3359 1933 3626 1990 etJacob
3651 1946 3832 2001 expo-

2253 2049 2388 2088 nens
2414 2034 2550 2088 dixit
2589 2050 2604 2087 :
2648 2052 2669 2087 t
2711 2032 2962 2102 Nunquid
3005 2029 3270 2100 iujustitia
3311 2036 3395 2082 est
3431 2026 3575 2094 apud
3616 2020 3834 2078 Deum?

2249 2124 2406 2178 Absit
2432 2126 2511 2192 9°;
2548 2143 2566 2176 ι
2599 2126 2766 2180 etiam
2803 2125 2856 2177 in
2890 2123 3142 2178 omnibus
3191 2121 3459 2175 creaturis
3492 2126 3709 2174 rectum
3735 2133 3832 2171 ar-

2210 2262 2215 2266 .
2249 2215 2428 2269 hitror
2465 2216 2607 2270 hanc
2635 2215 2884 2270 eamdem
2921 2213 3123 2268 debere
3155 2211 3484 2266 sententiam
3528 2209 3838 2274 custodiri;

2250 2308 2530 2376 quoniam.
2578 2305 2719 2360 sicut
2775 2305 3029 2374 superius
3088 2303 3348 2364 diximus.
3398 2300 3613 2369 iustitia
3668 2303 3842 2357 debet

2253 2397 2531 2452 Creatoris
2560 2398 2612 2451 iu
2641 2396 2898 2451 omnibus
2931 2409 3221 2464 apparere.
3265 2392 3418 2460 Quae,
3474 2403 3532 2448 ut
3575 2392 3711 2448 mihi
3752 2393 3846 2448 vi-

2253 2491 2430 2554 detur,
2477 2491 2549 2543 ita
2593 2492 2810 2544 demum
2863 2487 3098 2544 lucidius
3147 2487 3489 2551 ostendetur,
3537 2486 3584 2541 si
3634 2500 3845 2540 causas

2255 2582 2590 2636 dirersitatis
2621 2579 3000 2654 unusquisque
3034 2582 3117 2638 vel
3146 2582 3478 2647 caalesdum,
3504 2584 3594 2638 vel
3662 2593 3851 2639 terre-

2254 2674 2472 2736 strium,
2511 2672 2596 2727 vel
2655 2674 2986 2729 infernarum
3044 2675 3094 2729 in
3129 2675 3421 2745 semetipso
3464 2675 3852 2744 prarcedentcs

2255 2766 2593 2820 nativitatem
2621 2781 2937 2833 corpoream
2963 2767 3166 2822 habere
3195 2767 3429 2822 dicatur.
3469 2765 3656 2822 Verbo
3687 2768 3845 2822 enim

2257 2856 2351 2910 Dei
2383 2865 2438 2911 et
2468 2857 2736 2925 sapientia
2767 2857 2886 2927 ejus
2917 2858 3031 2927 (l7)
3067 2869 3251 2913 creata
3303 2868 3431 2913 sunt
3467 2860 3749 2922 universa,
3788 2870 3854 2913 et

2252 2961 2353 3016 per
2398 2948 2567 3016 ipsius
2615 2948 2865 3002 ordinata
2910 2957 3039 3016 sunt
3083 2947 3370 3018 justitiam.
3434 2947 3542 3004 Per
3599 2951 3850 3017 gratiam

2254 3051 2384 3092 vero
2414 3036 2526 3106 (18)
2563 3037 2951 3094 misericordiae
2981 3031 3096 3094 sua:
3126 3040 3382 3094 omnibus
3423 3039 3715 3109 providet,
3749 3049 3858 3093 at~

2258 3143 2363 3195 que
2391 3111 2580 3183 omnes
2621 3129 3032 3199 qnibuscunque
3075 3131 3256 3185 curari
3306 3140 3532 3198 possunt
3577 3130 3855 3186 remediis

2225 3281 2231 3290 ι
2261 3218 2534 3280 hortatur,
2561 3228 2615 3273 et
2642 3230 2900 3288 provocat
2929 3223 2994 3274 ad
3026 3221 3280 3276 salutem.

2327 3309 2380 3364 8.
2409 3308 2561 3364 Sicut
2589 3324 2720 3379 ergo
2744 3311 2969 3367 dubium
3004 3329 3108 3367 non
3141 3323 3222 3368 est
3258 3313 3308 3366 in
3346 3313 3434 3368 die
3455 3313 3657 3381 judieii
3691 3313 3857 3376 futu-

2259 3414 2376 3452 rum
2403 3401 2546 3469 quod
2585 3411 2904 3469 separentur
2935 3403 3060 3456 boni
3107 3419 3134 3456 a
3173 3403 3349 3468 malis,
3393 3413 3449 3459 et
3491 3404 3624 3471 justi
3657 3405 3728 3460 ab
3767 3407 3868 3459 iu-

2252 3489 2434 3557 jnstis,
2489 3500 2542 3545 et
2592 3491 2794 3561 singuli
2831 3493 3034 3562 quique
3080 3508 3181 3563 pro
3214 3495 3410 3548 merito
3445 3510 3544 3564 per
3589 3509 3656 3549 ea
3722 3495 3860 3550 loca

2258 3582 2454 3650 quibus
2483 3582 2630 3651 digni
2662 3593 2810 3647 sunt,
2860 3585 3256 3640 distribuantur
3301 3585 3511 3652 judicio
3543 3586 3664 3652 Dei,
3697 3588 3868 3650 sicut.

2262 3673 2372 3726 Deo
2416 3674 2628 3729 volente
2674 3676 2725 3728 in
2769 3676 3232 3744 consequentibus
3275 3677 3673 3744 ostendemus;
3739 3677 3869 3733 tale

2260 3765 2460 3834 aliquid
2485 3767 2678 3835 opiuor
2708 3768 2875 3843 etiam
2914 3779 3042 3823 ante
3070 3769 3183 3840 (19)
3223 3767 3336 3837 jam
3373 3768 3602 3824 factum.
3638 3770 3865 3825 Omnia

2261 3858 2405 3910 enim
2439 3857 2579 3912 Deus
2603 3867 2658 3914 et
2687 3875 2903 3928 semper
2928 3860 3140 3930 judicio
3194 3875 3358 3929 agere
3406 3875 3472 3916 ac
3523 3860 3875 3930 dispensare

2253 3948 2566 4003 credendus
2594 3958 2699 4004 est.
2733 3948 2868 4004 Illud
2903 3965 3118 4019 quoque
3152 3952 3294 4020 quod
3329 3951 3629 4020 Apostolus
3652 3954 3867 4019 docet,

2263 4039 2450 4093 dicens
2485 4057 2498 4092 :
2537 4056 2557 4089 ι
2591 4037 2649 4092 In
2688 4041 2846 4095 domo
2904 4057 3098 4111 magna
3145 4059 3252 4096 non
3292 4053 3420 4096 sunt
3464 4047 3878 4100 tantummodo

2262 4145 2396 4184 vasa
2429 4145 2598 4186 aurea
2633 4140 2687 4185 et
2719 4141 2998 4202 argentea,
3030 4133 3122 4186 sed
3145 4145 3198 4186 et
3221 4133 3395 4202 lignea
3443 4141 3499 4187 et
3535 4132 3756 4199 ﬁctilia,
3795 4149 3873 4190 ct

2262 4219 2364 4273 alia
2393 4220 2612 4288 quidem
2645 4221 2711 4275 ad
2753 4221 3040 4286 honorem,
3083 4223 3188 4277 alia
3221 4235 3402 4278 autem
3457 4225 3524 4279 ad
3557 4237 3886 4292 contume-

2265 4310 2392 4364 liam
2415 4311 2444 4379 ξε
2495 4330 2514 4364 ι
2563 4321 2622 4366 et
2661 4312 2808 4379 quod
2852 4313 3002 4368 addit
3039 4314 3224 4368 dicens
3255 4336 3269 4370 ε
3304 4333 3325 4368 t
3361 4315 3497 4382 Quia
3531 4317 3582 4370 si
3613 4319 3746 4385 quis
3795 4335 3885 4375 se

551 4439 557 4447 .
589 4376 742 4430 fratri
776 4379 1012 4448 praspoui
1053 4392 1388 4447 mereretur;
1438 4384 1508 4437 ita
1546 4386 1710 4440 etiam
1743 4387 1809 4443 de
1845 4389 2157 4458 caelestibus
2190 4376 2804 4470 D,expurgaverit,-erit
2850 4418 2948 4458 vas
2979 4403 3033 4458 in
3076 4403 3340 4460 honorem
3372 4376 3492 4476 (20)
3534 4376 3890 4464 sancitum-

656 4538 700 4571 ⁸⁷
727 4537 884 4594 Rom.
911 4558 988 4608 ix,
1039 4543 1127 4607 11,
1161 4543 1254 4598 12.
1325 4544 1527 4599 “Ibid.
1555 4546 1643 4600 14.
1717 4545 1762 4579 ⁸⁸
1818 4547 1978 4606 Rom.
2012 4566 2128 4618 vttt,

2267 4625 2272 4633 _
2321 4554 2367 4587 ὀ
2404 4555 2563 4615 Rom.
2603 4557 2808 4629 tx,’_l4.

592 4693 680 4733 sas
709 4693 806 4746 pro
846 4681 1041 4734 merito
1070 4681 1385 4751 unicuique
1435 4681 1740 4740 distribuit.
1776 4704 1794 4736 ι
1833 4701 1965 4744 mss.
2007 4695 2068 4742 ut
2104 4687 2158 4742 in

592 4760 777 4802 ηοδιτο
809 4759 976 4803 103111.

666 4820 742 4893 (εξ)
773 4817 905 4893 Yide
944 4820 978 4872 1.
1008 4835 1044 4872 tt
1077 4819 1403 4893 Origeniun..
1425 4839 1484 4893 q.
1514 4825 1568 4888 7,
1594 4842 1650 4878 n.
1685 4823 1771 4878 H.

666 4826 719 4883 (ti
775 4826 905 4872 Vide
945 4826 978 4872 1.
1008 4835 1044 4872 tt
1077 4826 1403 4886 0rigenian..
1425 4839 1484 4893 q.
1514 4826 1568 4888 7,
1594 4842 1650 4878 n.
1685 4826 1771 4878 H.

665 4826 742 4956 (⁸7)
779 4885 869 4940 Sic
895 4900 1041 4942 recte
1086 4906 1216 4942 mss.
1261 4892 1407 4945 Alias
1453 4897 1733 4956 mendose,
1777 4911 1796 4944 ε
1836 4893 1924 4947 illa
1972 4897 2160 4950 condi-

597 4956 743 5016 tione
791 4975 894 5024 qua
941 4960 1144 5013 diversi
1186 4973 1465 5019 creatores
1512 4975 1568 5018 et
1605 4966 1837 5018 diversa:
1893 4977 2161 5022 creatura:

592 5028 889 5080 creduntur
917 5030 1236 5082 animarum,
1281 5047 1300 5079 ι

667 5096 740 5168 (8)
775 5095 903 5171 Vide
931 5099 966 5149 I.
1000 5113 1036 5150 tl
1066 5098 1398 5171 Qrigenian.,
1431 5116 1485 5171 q.
1515 5103 1572 5170 7,
1600 5121 1654 5158 n.
1680 5103 1735 5157 8.

665 5166 740 5237 (9)
794 5166 866 5219 Ita
913 5182 1045 5220 mss.
1100 5169 1252 5222 Libb.
1305 5166 1463 5234 editi,
1518 5166 1869 5232 (arcanam.
1904 5195 1923 5229 ι
1958 5176 2158 5233 Ibidem

596 5253 708 5307 mss
743 5281 752 5294 ,
789 5254 807 5285 t
844 5239 1127 5302 disputans
1161 5241 1254 5292 ait.
1287 5259 1305 5291 ι
1338 5239 1392 5294 In
1429 5245 1590 5296 editis
1616 5246 1788 5307 deest,
1821 5262 1838 5295 ε
1885 5248 1984 5300 ait.
2023 5267 2043 5300 ι

805 5307 990 5386 ilapca
1017 5309 1232 5386 phrasis
1268 5312 1501 5368 videtur.
1531 5313 1693 5368 Forte
1722 5306 1826 5386 leg.
1850 5345 1922 5356 --
1946 5328 1994 5371 et
2035 5321 2109 5373 ait
2142 5336 2161 5374 :

600 5375 844 5441 r.t'bsit._i'
869 5375 1028 5433 Εοιτ.
1063 5379 1302 5434 ΡΑτιιοι..
1775 5375 1804 5386 ’⁷
2140 5405 2144 5412 ·

661 5445 776 5568 Ι(111)
809 5447 886 5530 _l)e
911 5449 1152 5516 infernis.
1189 5463 1333 5506 recte
1360 5468 1490 5520 mss,
1530 5454 1799 5527 Corrupte
1835 5473 1966 5515 vero
2007 5460 2160 5527 editi,

683 5533 868 5568 til‘llllS.
907 5537 925 5568 ι

600 5535 619 5567 1
661 5533 868 5569 1111⁸11119.
907 5537 925 5568 ι

669 5587 716 5664 (1
735 5587 777 5658 1)
803 5587 1072 5668 Ita‘etiam
1103 5591 1165 5644 de
1189 5592 1388 5646 cwteris
1424 5597 1666 5650 omnibus
1695 5599 1798 5652 dici
1818 5617 1969 5668 posse
1995 5617 2014 5655 :
2046 5619 2164 5655 cum

556 5706 558 5708 τ
595 5661 734 5742 {nm}
769 5661 1000 5742 nonduin
1041 5671 1448 5742 c_r_eata_esse_nt,
1499 5683 1662 5742 neque
1687 5661 1925 5742 egissent
1962 5673 2162 5742 aliquid

599 5728 719 5810 {toni
743 5728 824 5810 pel
871 5730 1018 5810 mali.
1064 5730 1189 5784 llzec
1220 5728 1598 5810 desiderantur
1647 5728 2016 5810 iu'prioril‘itts
2047 5728 2161 5798 cili-

602 5797 862 5866 tiouzbns,
897 5801 1020 5854 licet
1056 5803 1403 5872 reperiantur
1434 5808 1486 5860 in
1513 5797 1766 5865 omnibus
1804 5801 1934 5864 mss.

2081 5915 2112 5926 ο-

2059 5930 2108 5948 Δ,

2346 4690 2460 4760 (12)
2493 4692 2568 4747 Ita
2602 4704 2749 4766 recte
2784 4709 2916 4750 mss.
2971 4694 3132 4753 Libb.
3186 4703 3368 4752 autem
3405 4697 3562 4766 editi,
3597 4716 3618 4751 ι
3653 4714 3897 4762 sancta

2236 4772 2392 4826 sunt
2538 4775 2594 4818 et
2623 4765 2936 4819 iufernalia.
2977 4786 2996 4818 ι

2341 4832 2450 4902 (15)
2480 4832 2542 4887 Si
2565 4852 2640 4908 ea:
2670 4839 3027 4908 pra’cedentis,
3062 4845 3172 4896 etc.
3204 4837 3278 4890 Ita
3309 4852 3442 4893 mss.
3480 4837 3657 4908 Alias,
3695 4857 3720 4893 ‹
3761 4849 3905 4906 sed

2267 4915 2332 4956 ex
2369 4903 2750 4970 pnecedentis,
2785 4923 2803 4955 ι
2843 4918 2949 4960 etc.

2340 4971 2451 5040 (H)
2482 4974 2559 5025 Ita
2597 4989 2729 5027 mss.
2759 4975 2929 5037 Alias,
2954 4974 3065 5027 «vel
3095 4990 3247 5030 mens
3270 4991 3298 5029 a
3326 4976 3434 5031 Deo
3461 4988 3682 5033 creatus
3715 4993 3845 5036 est.
3873 5006 3903 5038 ι

2344 5042 2456 5113 (15)
2487 5040 2579 5113 Sic
2607 5053 2755 5100 recte
2793 5060 2922 5100 mss.
2957 5047 3112 5102 Libb.
3165 5047 3295 5100 editi
3342 5051 3622 5112 mendose,
3661 5068 3679 5100 α
3735 5068 3914 5111 eam

2268 5112 2448 5165 tamen
2495 5112 2692 5181 aliquis
2857 5117 2922 5168 ad
2980 5117 3354 5168 exornandum
3406 5119 3594 5171 tunndi
3646 5129 3813 5173 statu
3833 5145 3912 5180 lu

2267 5196 2491 5260 compar
2544 5185 2762 5252 reliquis
2813 5197 2870 5239 et
2906 5185 3142 5240 ollieium
3193 5187 3440 5255 praebere
3501 5188 3918 5252 inferioribus

2267 5263 2575 5319 opinentur.
2620 5272 2638 5304 ι
3797 5276 3814 5283 ο

2485 5322 2617 5396 Yide
2650 5323 2688 5396 1.
2722 5339 2758 5377 tt
2798 5323 3131 5394 0rigem’an.,
3167 5341 3220 5396 q.
3253 5325 3306 5392 8,
3337 5344 3396 5383 ιι.
3435 5330 3489 5383 1.

2370 5392 2451 5464 1-7)
2482 5392 2634 5460 Ejus.
2673 5395 2827 5448 Deest
2859 5392 2911 5448 in
2946 5399 3137 5463 ;editis,
3183 5392 3280 5450 sed
3327 5399 3561 5453 habetur
3612 5400 3665 5454 in
3723 5419 3922 5464 mss.

2271 5459 2441 5538 Paulo
2479 5459 2602 5532 pust
2623 5464 2742 5518 libri
2774 5459 2982 5530 editi,'t
3019 5459 3269 5522 hortatur
3300 5470 3429 5536 quia
3480 5483 3756 5538 provocat
3797 5459 3927 5534 ’δέ

2272 5531 2526 5596 salutem;
2568 5552 2587 5585 ι
2628 5550 2757 5588 mss.
2795 5544 2852 5586 ut
2888 5539 2938 5588 itt
2969 5547 3152 5590 nostro
3177 5531 3346 5594 textu'.

2371 5602 2458 5738 18)
2493 5603 2623 5659 Vide
2650 5606 2686 5658 l.
2728 5619 2764 5658 ll
2806 5603 3137 5674 0rigem‘an..
3169 5623 3225 5674 q.
3261 5609 3312 5669 7,
3349 5625 3400 5662 n.
3444 5607 3531 5664 16.

2371 5672 2434 5724 19
2480 5674 2630 5728 Ante.
2654 5673 2880 5728 Deestin
2902 5687 3057 5731 antea
3078 5677 3259 5738 editis.
3278 5681 3373 5732 sed
3395 5679 3531 5733 habe

2480 5674 2630 5746 ᾼηιε.
2654 5673 2814 5728 Deest
2830 5672 3057 5746 inrautea
3078 5672 3259 5738 editis,
3278 5681 3373 5732 sed
3395 5679 3630 5733 habetur
3647 5682 3703 5733 in
3727 5699 3938 5746 mss.

2579 5746 2849 5829 (tenorem.
2885 5745 2938 5798 Id
2973 5762 3188 5818 quoque
3225 5749 3378 5805 deest
3401 5750 3453 5805 in
3479 5754 3643 5805 antea
3665 5741 3941 5829 editis;

2271 5808 2398 5866 licet
2425 5808 2725 5884 reperiatur
2758 5816 2812 5869 in
2842 5831 2971 5872 mss.
