3880 6514
147 378 234 436 233
1383 379 1585 438 LIBER
1626 380 2012 441 SECUNDUS.

3214 393 3321 449 234

149 507 253 555 tum,
279 489 485 545 Domine
513 490 640 546 utile
670 493 733 547 ad
759 506 919 548 omne
958 509 1096 564 opus
1127 494 1328 550 bonum
1352 498 1434 563 ";
1474 517 1491 549 ι
1535 501 1651 554 sine
1681 504 1726 561 A
1755 502 1922 557 rectio
1953 502 2024 558 sit
2072 511 2427 565 mortuorum,
2479 504 2837 573 respondeant
2887 505 3041 561 nobis
3076 508 3203 575 quid
3235 521 3318 566 est

144 581 275 636 dubio
300 579 414 633 illud
464 580 723 645 ostendit,
769 580 891 650 quia
940 582 1029 650 qui
1058 596 1118 636 se
1156 584 1539 653 expurgaverit
1597 585 1648 636 in

144 674 223 728 hac
245 671 335 725 vita
356 672 579 738 positus,
616 671 683 724 ad
706 687 869 727 omne
895 673 1098 727 bonum
1129 687 1267 743 opus
1297 674 1400 729 erit
1428 684 1650 743 paratus

142 766 181 820 in
212 762 400 821 futuro;
427 762 514 832 qui
548 771 726 815 autem
754 778 858 817 non
894 778 953 817 se
988 763 1321 835 purgaverit,
1353 766 1647 820 secundum

138 855 440 925 quantitatem
476 853 825 923 imniunditite
852 869 963 909 sua:
985 856 1091 910 erit
1124 871 1219 913 vas
1259 857 1324 909 ad
1368 866 1649 911 contume-

138 948 256 1007 liam,
277 944 322 999 id
343 952 438 1009 est,
466 944 768 1014 indignum.
809 945 887 999 Ita
920 960 1050 1014 ergo
1081 947 1335 1016 possibile
1364 956 1449 1002 est
1493 948 1651 1002 intel—

135 1040 205 1109 ligi
233 1039 377 1092 etiam
399 1046 552 1091 antea
588 1035 760 1092 fuisse
795 1053 920 1093 vasa
955 1038 1299 1093 rationabilia
1340 1040 1421 1094 vel
1456 1055 1649 1110 purga-

138 1140 195 1197 ta,
214 1128 285 1183 vel
310 1128 475 1182 minus
507 1140 758 1199 purgata,
794 1130 845 1183 id
885 1139 969 1184 est
1006 1145 1125 1200 qua:
1158 1131 1338 1200 seipsa
1386 1129 1471 1185 vel
1518 1146 1649 1199 pur-

132 1223 353 1291 gaverint,
404 1221 486 1274 vel
535 1238 642 1276 non
676 1225 1062 1292 purgaverint;
1115 1234 1168 1277 et
1202 1239 1267 1278 ex
1304 1225 1406 1278 hoc
1454 1239 1649 1277 unum-

132 1311 337 1380 quodque
381 1325 472 1363 vas
515 1314 811 1366 secundum
870 1327 1179 1366 mensuram
1232 1311 1341 1384 (21)
1394 1312 1648 1383 puritatis

131 1401 528 1469 antimpuritatis
552 1416 665 1457 sua:
710 1403 885 1457 locum
919 1403 1001 1457 vel
1046 1405 1346 1474 regionem,
1397 1404 1479 1458 vel
1520 1419 1646 1458 con-

131 1493 339 1546 ditionem
390 1495 644 1548 nascendi
710 1495 793 1549 vel
851 1496 1105 1565 eXplendi
1170 1496 1370 1566 aliquid
1437 1498 1489 1550 in
1545 1498 1647 1551 hoc

130 1585 289 1639 mundo
316 1587 617 1654 accepisse;
671 1603 789 1655 qua:
842 1589 1023 1643 omnia
1063 1589 1202 1644 Deus
1237 1605 1403 1658 usque
1438 1592 1504 1643 ad
1542 1589 1644 1643 tui-

130 1675 291 1727 nimum
313 1676 417 1745 (22)
456 1679 663 1733 virtute
690 1680 974 1749 sapientia:
1008 1696 1118 1735 sure
1163 1682 1452 1751 providens
1482 1689 1645 1750 atque

130 1770 411 1839 dignoscens,
447 1770 820 1825 moderamine
861 1770 1053 1839 judicii
1101 1774 1183 1826 sui
1222 1773 1530 1841 aequissima
1562 1788 1645 1828 re-

131 1864 370 1916 tributione
399 1864 654 1919 universa
714 1867 972 1935 disponit,
1022 1860 1288 1935 quatenus
1348 1870 1643 1939 unicuique

128 1970 202 2024 pro
225 1957 393 2009 merito
426 1956 505 2011 vel
541 1959 788 2011 succurri
820 1959 902 2012 vel
936 1960 1142 2014 consuli
1174 1961 1397 2015 deberet
1421 1960 1554 2033 (25).
1589 1962 1643 2017 In

128 2061 207 2114 quo
230 2047 453 2115 proiecto
484 2048 667 2102 omnis
692 2050 833 2103 ratio
856 2052 1128 2118 tequitatis
1159 2053 1485 2119 ostenditur,
1518 2054 1641 2107 dum

128 2138 413 2207 intequalitas
462 2155 650 2195 rerum
704 2142 1084 2198 retributionis
1160 2145 1480 2199 meritorum
1528 2145 1641 2217 (24)
1690 2210 1703 2222 ‘

128 2241 265 2285 servat
285 2233 613 2300 aequitatem.
645 2235 890 2299 Quorum
921 2235 1244 2290 meritorum
1284 2237 1528 2291 rationes
1549 2252 1645 2307 per

124 2321 317 2392 singulos
344 2337 592 2393 quosque
616 2325 908 2378 secundum
959 2326 1242 2381 veritatem
1288 2336 1343 2383 et
1381 2328 1447 2381 ad
1480 2328 1643 2398 liqui-

125 2413 220 2466 dum
243 2414 373 2469 solus
412 2417 527 2483 ipse
565 2430 689 2469 cum
727 2416 1005 2486 unigenito
1047 2416 1227 2473 Verbo
1268 2434 1331 2474 ac
1377 2419 1643 2490 sapientia

125 2519 197 2560 sua
223 2514 268 2560 et
287 2505 484 2577 Spiritu
514 2516 709 2563 sancto
738 2509 1098 2580 recognoscit.

685 2643 909 2700 CAPUT
959 2643 1033 2700 Χ.

174 2753 236 2810 De
279 2760 652 2814 resurrectione
704 2770 753 2813 et
788 2760 1028 2842 judicio,
1086 2761 1150 2815 de
1198 2762 1317 2832 igne
1365 2760 1564 2832 inferni

724 2839 774 2883 et
815 2839 999 2897 panis.

175 2939 217 2995 l.
244 2940 335 2997 Sed
362 2945 620 3014 quoniam
651 2959 749 3000 nos
784 2962 963 3002 sermo
986 2950 1321 3004 commonuit
1343 2949 1407 3004 de
1437 2948 1642 3017 judicio

124 3030 281 3097 futuro,
303 3036 429 3090 etde
458 3040 845 3097 retributione.
877 3056 940 3095 ac
972 3042 1248 3112 suppliciis
1270 3052 1641 3111 peccatorum,

124 3133 365 3185 secundum
393 3132 540 3201 quod
569 3133 972 3188 comminantur
994 3145 1199 3189 sanctae
1234 3133 1551 3203 Scripturaz,
1585 3147 1639 3191 et

123 3221 433 3276 ecclesiastica
476 3222 801 3291 praedicatio
849 3224 1112 3287 continet,
1169 3239 1235 3279 eo
1263 3224 1407 3294 quod
1439 3223 1634 3293 judicii

123 3320 313 3383 tempore
391 3315 531 3385 ignis
610 3324 849 3369 aeternus
913 3325 967 3370 et
1040 3315 1277 3371 tenebrae
1338 3318 1637 3373 exteriores

124 3410 162 3455 et
202 3418 365 3458 carcer
419 3415 471 3460 et
520 3406 795 3470 caminus,
852 3413 907 3461 et
956 3404 1059 3459 alia
1110 3407 1196 3461 his
1257 3408 1458 3462 similia
1508 3422 1636 3477 pec-

121 3501 344 3556 catoribus
388 3511 697 3572 praeparata
757 3503 896 3569 sint;
969 3483 1428 3573 videamusquid
1472 3506 1636 3559 etiam

121 3589 171 3644 de
217 3594 287 3647 his
327 3597 530 3651 sentire
595 3605 864 3665 oporteat.
936 3596 1040 3651 Sed
1090 3607 1148 3651 ut
1197 3597 1263 3650 ad
1321 3599 1434 3652 lucc
1490 3612 1639 3653 com~

123 3688 280 3751 petenti
326 3690 508 3744 ordine
583 3690 858 3755 veniatur,
904 3690 1056 3758 prius
1109 3690 1241 3743 tnihi
1300 3689 1513 3745 videtur
1569 3692 1636 3745 de

123 3782 464 3835 resurrectione
526 3794 713 3835 sermo
752 3783 1069 3847 movendus,
1118 3791 1178 3835 ut
1220 3782 1455 3837 sciamus
1505 3782 1635 3851 quid

121 3880 182 3925 est
226 3873 336 3927 illud
395 3875 542 3944 quod
604 3876 687 3930 vel
746 3875 811 3929 ad
861 3874 1219 3943 supplicium,
1282 3874 1365 3928 vel
1414 3873 1482 3928 ad
1552 3887 1638 3927 re-

122 3963 279 4030 quiem,
303 3967 378 4020 vel
408 3969 473 4021 ad
507 3966 899 4021 beatitudinem
927 3967 1132 4031 veniet;
1176 3965 1241 4021 de
1278 3980 1386 4035 quo
1420 3966 1470 4019 in
1516 3966 1637 4020 aliis

123 4057 289 4123 quidem
326 4058 473 4114 libris
522 4074 663 4129 quos
714 4058 781 4113 de
839 4058 1240 4112 resurrectione
1296 4056 1634 4124 scripsimus,

122 4147 286 4213 plenius
313 4150 733 4219 disputavimus,
758 4158 809 4203 et
842 4149 971 4220 quid
1000 4149 1157 4203 nobis
1190 4149 1255 4201 de
1293 4148 1393 4203 hoc
1425 4148 1637 4202 videre-

124 4246 203 4306 tur,
224 4244 561 4298 ostendimus.
601 4242 705 4297 Sed
739 4252 793 4296 et
840 4256 984 4295 nunc
1038 4249 1260 4310 propter
1293 4255 1637 4308 consequen-

124 4331 220 4383 tiam
250 4344 493 4389 tractatus
521 4349 695 4404 pauca
725 4333 848 4387 inde
880 4342 1124 4400 repetere
1170 4347 1273 4385 non
1303 4332 1514 4385 videtur
1538 4331 1633 4385 ab-

124 4422 296 4475 surdum
338 4443 351 4479 :
393 4426 633 4480 maxime
684 4434 903 4492 pmpter
953 4425 1055 4477 hoc
1098 4422 1240 4490 quod
1293 4420 1635 4475 olTeitdunlur

1714 648 1719 651 _
1754 595 1894 661 quod
1933 604 2198 649 mortuum
2242 602 2343 649 est.
2375 592 2564 648 Nonne
2610 597 2843 664 corpus?
2879 595 3133 667 Corporis
3182 613 3317 670 ergo

1753 684 2077 738 resurrectio
2103 683 2209 738 ﬂet.
2240 683 2375 738 Tum
2407 685 2597 739 deinde
2633 684 2817 740 dicant
2861 686 2903 740 si
2940 689 3196 742 utendum
3221 705 3320 744 no-

1752 773 1834 827 bis
1865 783 2055 843 putant
2090 774 2199 847 (26)
2231 790 2349 830 esse
2395 777 2710 845 corporibus
2760 792 2827 831 an
2878 779 3025 833 non?
3068 780 3319 838 Arbitror

1751 865 1994 933 apostolo
2036 865 2202 920 Paulo
2256 867 2463 921 dicente
2514 868 2640 936 quia
2696 885 2715 919 ι
2763 870 3068 923 seminatur
3117 886 3316 937 corpus

1751 955 2006 1021 animule,
2062 966 2305 1025 resurget
2352 972 2548 1026 corpus
2598 958 2841 1027 Spiritale
2873 962 2941 1023 θ’,
2984 980 3002 1013 ι
3042 962 3174 1018 istos
3222 980 3318 1019 ne—

1751 1061 1877 1115 gare
1906 1062 2007 1099 non
2034 1061 2188 1116 posse
2214 1048 2353 1116 quod
2376 1063 2571 1117 corpus
2596 1060 2858 1120 resurgat,
2889 1052 2970 1106 vel
2998 1054 3121 1121 quia
3151 1056 3202 1108 in
3231 1071 3317 1111 re-

1751 1138 2087 1192 surrectione
2124 1138 2439 1207 corporibus
2485 1149 2717 1195 utamur.
2756 1140 2896 1207 Quid
2915 1144 3078 1213 ergo?
3114 1145 3165 1199 Si
3187 1161 3310 1200 cer—

1753 1236 1861 1281 tttm
1921 1238 2004 1282 est
2061 1230 2203 1298 quod
2256 1231 2569 1297 corporibus
2625 1232 2779 1286 nobis
2840 1236 3093 1289 utendum
3140 1238 3232 1303 sit,
3259 1251 3314 1296 et

1751 1332 1975 1385 corpora
2016 1334 2133 1388 quae
2159 1318 2491 1386 ceciderunt,
2512 1335 2791 1391 resurgere
2805 1323 3164 1391 praedicantur
3183 1330 3312 1397 (non

1749 1407 1893 1460 enim
1931 1409 2146 1478 proprie
2186 1424 2471 1476 resurgere
2513 1410 2732 1475 dicitur,
2767 1410 2869 1465 nisi
2914 1412 2964 1465 id
3011 1418 3151 1483 quod
3191 1426 3316 1472 ante

1748 1499 2052 1565 ceciderit),
2089 1500 2218 1553 nulli
2257 1501 2475 1553 dubium
2530 1512 2611 1555 est
2652 1502 2850 1557 idcirco
2880 1520 2943 1558 ea
2998 1521 3311 1576 resurgere,

1749 1600 1804 1644 ut
1832 1592 1915 1645 his
1946 1592 2141 1645 iterum
2180 1608 2241 1646 ex
2283 1594 2679 1648 resurrectione
2716 1596 3021 1650 induamnr.
3070 1597 3313 1653 Alterum

1748 1696 1876 1751 ergo
1892 1682 2055 1737 lueret
2087 1698 2152 1737 ex
2176 1684 2356 1737 ullcrt).
2384 1686 2535 1754 101
2562 1686 2689 1739 Nam
2716 1696 2767 1740 et
2796 1688 2840 1740 si
2878 1698 3163 1760 resurgunt
3200 1690 3311 1761 (Υ)

1749 1788 1995 1845 corpora,
2028 1776 2147 1829 sine
2188 1775 2348 1830 dubio
2387 1778 2452 1830 ad
2494 1777 2867 1833 indumentum
2911 1783 3083 1835 nostri
3126 1797 3313 1837 resur-

1745 1877 1916 1935 gunt;
1957 1877 2011 1921 et
2070 1869 2112 1921 si
2151 1884 2374 1923 necesse
2419 1880 2501 1925 est
2546 1885 2643 1925 nos
2694 1885 2818 1926 esse
2867 1873 2919 1926 in
2968 1875 3313 1943 corporibus,

1749 1958 1890 2013 sient
1921 1970 2071 2014 certe
2100 1975 2323 2016 necesse
2353 1971 2453 2028 est,
2484 1978 2587 2017 non
2616 1963 2666 2016 in
2702 1962 2825 2018 aliis
2847 1979 3004 2033 quam
3036 1965 3088 2019 in
3114 1968 3313 2021 nostris

1746 2046 2058 2114 cerporibns
2087 2062 2203 2103 esse
2229 2051 2504 2104 debemus.
2538 2050 2666 2116 Quae
2691 2050 2734 2104 si
2752 2067 2940 2106 verum
2960 2061 3040 2108 cst
3062 2054 3203 2121 quod
3229 2069 3314 2108 re-

1746 2147 1970 2207 surgunt
1990 2148 2043 2192 et
2070 2140 2334 2209 spiritalia
2368 2152 2682 2211 resurgunt,
2705 2143 2921 2196 dubium
2948 2159 3051 2197 non
3070 2152 3151 2200 est
3180 2146 3310 2214 quin

1746 2226 1951 2296 abjeeta
1983 2232 2353 2300 corruptione,
2384 2243 2436 2287 et
2474 2235 2716 2303 deposita
2765 2235 3099 2291 mortalitate
3128 2250 3311 2291 resur-

1746 2333 1872 2385 gere
1898 2320 2149 2375 dicantur
2178 2338 2207 2376 a
2260 2326 2520 2391 mortuis;
2566 2326 2802 2395 alioquin
2856 2342 3053 2381 vanum
3100 2328 3311 2382 videbi-

1748 2420 1835 2463 tur
1861 2420 1912 2465 et
1938 2412 2267 2481 superﬂuum
2308 2430 2596 2485 resurgere
2626 2431 2953 2487 quemquam
3001 2434 3029 2472 a
3060 2422 3307 2485 mortuis,

1746 2510 1803 2554 ut
1838 2502 2030 2557 iterum
2059 2506 2339 2559 moriatur.
2379 2504 2531 2572 Quod
2563 2506 2632 2559 ita
2664 2507 2880 2562 demum
2922 2510 3142 2581 intelligi
3190 2513 3309 2567 evi—

1746 2591 1959 2649 dentius
1994 2605 2187 2665 potest,
2222 2597 2265 2651 si
2298 2598 2419 2665 quis
2445 2597 2730 2667 diligenter
2759 2600 3007 2655 advertat
3029 2602 3162 2675 ($8),
3188 2620 3309 2675 quae

1744 2686 1815 2739 sit
1843 2686 2089 2742 animalis
2117 2690 2356 2757 corporis
2381 2689 2637 2757 qualitas,
2668 2706 2790 2759 qua:
2827 2692 2881 2745 in
2912 2702 3110 2748 terram
3141 2697 3309 2751 semi-

1746 2785 1868 2829 nata
1921 2777 2182 2845 Spiritalis
2251 2781 2497 2849 corporis
2542 2792 2762 2848 reparet
2826 2784 3164 2850 qualitatem.
3230 2787 3309 2843 Ex

1746 2867 1964 2921 animali
2021 2883 2254 2937 namque
2297 2884 2527 2938 corpore
2569 2871 2683 2939 ipsa
2715 2871 2827 2943 (29)
2870 2873 3040 2929 virtus
3071 2890 3309 2930 resurre-

1744 2958 1941 3013 ctionis
1969 2967 2021 3013 et
2061 2961 2233 3029 gratia
2258 2962 2506 3030 spiritale
2550 2978 2743 3033 corpus
2772 2965 2971 3032 educit,
2995 2982 3116 3024 cum
3159 2968 3211 3024 id
3242 2968 3309 3024 ab

1745 3049 2063 3121 indignitate
2090 3062 2414 3109 transmutat
2443 3056 2507 3110 ad
2547 3056 2794 3125 gloriam.

1812 3142 1867 3197 2.
1904 3143 2165 3211 Quoniam
2199 3160 2327 3214 ergo
2376 3148 2614 3204 haeretici
2669 3150 3021 3204 eruditissimi
3069 3153 3173 3207 sibi
3226 3155 3308 3208 vi-

1742 3232 1939 3289 dentur
1994 3245 2048 3291 et
2100 3237 2518 3308 sapientissimi,
2590 3239 3046 3311 interrogabimus
3107 3259 3219 3309 eos,
3261 3248 3306 3301 si

1740 3340 1901 3381 omne
1929 3341 2131 3397 corpus
2176 3330 2396 3384 schema
2446 3330 2661 3399 aliquod
2713 3331 2897 3399 habet,
2928 3334 2978 3387 id
3010 3344 3091 3389 est
3120 3336 3305 3389 habitu

1740 3415 1921 3486 aliquo
1969 3415 2080 3489 (50)
2121 3417 2477 3474 deformetur.
2512 3419 2580 3472 Et
2604 3420 2647 3474 si
2679 3421 2895 3490 quidem
2928 3424 3165 3479 dixerint
3188 3441 3309 3480 esse

1739 3523 1934 3578 corpus
1957 3512 2101 3579 quod
2135 3527 2239 3566 non
2264 3512 2445 3581 aliquo
2480 3511 2670 3566 habitu
2695 3513 3053 3581 deformetur,
3088 3518 3307 3585 imperi.

1740 3600 1932 3656 tissimi
1980 3603 2220 3657 omnium
2270 3616 2433 3674 atque
2480 3606 2906 3676 insipientissimi
2956 3606 3305 3663 videbuntur.

1738 3692 1931 3748 Nullus
1974 3696 2120 3749 enim
2154 3696 2259 3751 hoc
2304 3698 2542 3768 negabit,
2578 3699 2680 3752 nisi
2729 3699 2800 3753 sit
2846 3699 2915 3753 ab
2942 3700 3090 3754 omni
3121 3701 3310 3755 erudi-

1740 3784 1885 3840 tione
1931 3786 2149 3854 penitus
2195 3788 2424 3842 alienus.
2459 3787 2516 3842 Si
2562 3803 2693 3843 vero
2744 3789 3043 3844 secundum
3083 3789 3134 3844 id
3163 3791 3307 3858 quod

1738 3890 2079 3947 consequens
2123 3888 2206 3933 est
2248 3879 2506 3945 dixerint,
2543 3881 2668 3949 quia
2700 3895 2860 3936 omne
2910 3895 3107 3949 corpus
3154 3891 3309 3937 certo

1738 3967 1919 4036 aliquo
1954 3966 2062 4040 (5|)
2099 3969 2283 4023 habitu
2310 3970 2665 4035 deformatur,
2698 3972 3038 4039 requiremus
3062 3972 3128 4025 ab
3153 3970 3231 4025 eis
3259 3972 3307 4026 si

1738 4068 1965 4125 possunt
2010 4061 2167 4115 nobis
2213 4052 2473 4129 spiritalis
2509 4062 2753 4131 corporis
2796 4062 3041 4115 habitum
3080 4062 3305 4117 demon-

1738 4160 1913 4206 strare
1956 4158 2121 4221 atque
2152 4154 2493 4217 describere;
2546 4154 2689 4220 quod
2734 4152 2918 4223 utique
2964 4153 3110 4207 nullo
3145 4154 3306 4208 modo

1737 4243 1920 4297 facere
1949 4252 2220 4312 poterunt.
2259 4243 2364 4297 Sed
2392 4254 2446 4299 et
2489 4243 2829 4299 differentias
2864 4259 3053 4300 eorum
3095 4245 3188 4314 qui
3220 4259 3307 4300 re-

1740 4343 1966 4404 surgunt
1992 4334 2326 4403 inquiremus
2357 4336 2424 4389 ab
2451 4337 2554 4399 eis.
2581 4335 2863 4403 Quomodo
2894 4337 3179 4391 ostendent
3212 4351 3306 4391 ve-

1740 4440 1858 4478 rum
1892 4439 2011 4479 esse
2039 4425 2166 4479 illud
2199 4428 2339 4494 quod
2367 4426 2567 4480 dictum
2601 4435 2682 4479 est
2711 4426 2835 4492 quia
2873 4443 2891 4476 ι
2917 4426 3020 4479 alia
3055 4440 3183 4481 caro
3214 4440 3308 4479 vo-

124 4514 294 4579 qnidam
323 4518 371 4571 in
397 4518 767 4572 ecclesiastica
823 4517 945 4583 lide,
990 4515 1145 4584 quasi
1194 4514 1339 4567 velut
1378 4513 1541 4568 stulte
1583 4523 1637 4567 et
1669 4519 1712 4573 D
1743 4513 1975 4579 lucrum,
1999 4513 2101 4567 alia
2131 4514 2378 4593 piscium,
2404 4524 2455 4568 et
2478 4529 2704 4583 corpora
2729 4515 2969 4568 cmlestia
2995 4523 3050 4569 et
3077 4530 3306 4583 corpora

127 4608 288 4671 penitus
314 4609 628 4679 insipienter
658 4611 723 4662 de
752 4609 1151 4662 resurrectione
1176 4607 1465 4661 credamus
1495 4604 1633 4678 (25);

125 4698 338 4766 hmipue
380 4700 648 4762 haeretici,
680 4700 876 4768 quibus
924 4698 1028 4750 hoc
1081 4698 1237 4749 modo
1272 4696 1507 4748 arbitror
1557 4709 1643 4748 re-

127 4788 453 4851 spondendum.
497 4792 559 4846 Si
598 4791 921 4844 conﬁtentur
975 4789 1137 4842 etiam
1169 4788 1264 4853 ipsi
1302 4785 1428 4856 quia
1458 4799 1641 4841 resur-

176 4882 253 4936 "ll
277 4884 405 4941 Tim.
433 4902 494 4951 lt,
516 4888 607 4949 '20.
635 4888 728 4940 2i.
801 4888 844 4917 ”
880 4885 1047 4942 lCor.
1081 4900 1172 4949 xv,
1209 4882 1297 4937 44.

179 4976 355 5050 (mlta
377 4998 508 5037 mss.
539 4984 710 5049 Alias,
747 5001 765 5034 ι
802 4992 1076 5036 naturam.
1119 5000 1140 5033 ι

290 5050 369 5106 Sic
393 5069 519 5107 mss.
554 5054 722 5116 Alias,
764 5071 782 5104 t
814 5067 1119 5105 numerum.
1161 5069 1180 5103 ι

294 5121 412 5199 [ide
442 5123 770 5199 Origeniun.,
804 5122 892 5199 lib.
926 5136 985 5183 tt,
1020 5137 1077 5199 _q.
1103 5122 1161 5199 Ξ.
1192 5137 1244 5174 n.
1278 5120 1403 5199 Mf...

180 5188 607 5258 (ﬂiﬂeritoruz'n.
648 5192 805 5246 Deest
853 5192 905 5243 in
954 5188 1222 5260 prioribus
1273 5188 1626 5255 editionibus,

132 5254 224 5330 licet
252 5263 296 5313 in
321 5264 571 5317 erunibus
607 5265 904 5330 reperiatur
932 5254 1061 5315 mss.

181 5328 269 5400 (25)
297 5331 450 5396 Ωιιαεὶ
486 5334 619 5385 velut
643 5328 797 5385 stulte
822 5342 867 5385 et
891 5333 1094 5399 penitus
1118 5330 1423 5393 insipienter
1451 5330 1515 5382 de
1543 5344 1625 5400 re-

132 5405 392 5455 surrectione
430 5405 726 5456 credamus.
783 5403 918 5469 Quid
963 5403 1030 5455 de
1074 5401 1472 5455 resurrectione
1529 5399 1626 5452 do-

132 5470 263 5541 cuerit
304 5473 591 5541 Origenes,
654 5473 769 5526 fuse
820 5474 1131 5541 disputatur
1181 5469 1625 5538 Origenianorum

136 5532 324 5611 librati,
350 5532 641 5611 quaestione
670 5558 831 5595 noua.

182 5606 501 5680 (26)Dicant,
540 5613 583 5666 si
632 5616 878 5666 utendum
928 5612 1074 5665 nobis
1122 5618 1330 5678 putant.
1380 5606 1454 5660 Ita
1485 5614 1631 5661 recte

136 5688 234 5730 mss.
275 5682 324 5734 ln
356 5684 619 5749 prioribus
659 5684 985 5737 editionibus
1038 5683 1189 5736 deest
1232 5697 1250 5731 ι
1287 5679 1491 5746 dicunt,
1530 5695 1550 5730 ι
1579 5686 1633 5731 et

138 5755 250 5822 iter
278 5762 452 5819 potant
492 5771 512 5805 ι
549 5753 739 5821 legitur
778 5770 797 5802 ς
836 5762 1076 5822 putatur.
1122 5768 1139 5801 ι

186 5815 290 5889 (9.7)
306 5822 389 5877 Sic
423 5838 549 5876 mss.
581 5815 746 5881 A'lias.
773 5841 791 5871 ι
831 5815 1041 5877 etiamsi
1071 5829 1373 5891 resurgant.
1412 5838 1430 5872 ι
1460 5815 1634 5873 Paulo

420 5902 688 5961 PATROL.
723 5900 832 5961 Gn.
874 5903 985 5968 ΧΙ.

1750 4603 2050 4667 terrestria,
2099 4605 2192 4657 sed
2237 4604 2339 4657 alia
2384 4605 2599 4674 quidem
2638 4604 2940 4658 caalestium
2981 4603 3171 4673 gloria,
3202 4604 3307 4657 alia

1747 4711 1879 4750 vero
1909 4698 2272 4761 terrestrium,
2305 4698 2407 4751 alia
2457 4697 2625 4766 gloria
2671 4695 2822 4761 solis,
2858 4695 2963 4748 alia
3012 4696 3170 4761 lnnze,
3202 4694 3308 4750 alia

1748 4785 2066 4854 stellarum;
2100 4788 2253 4844 stella
2287 4805 2315 4842 a
2368 4788 2524 4842 stella
2570 4784 2750 4841 diﬂ‘ert
2783 4786 2837 4840 in
2886 4786 3081 4856 gloria,
3133 4787 3209 4842 ita
3253 4796 3308 4842 et

1740 4986 1883 5044 post,
1924 4992 1943 5023 ι
1976 4975 2117 5027 sicut
2149 4980 2295 5029 certe
2331 4986 2549 5027 necesse
2580 4978 2683 5044 est,
2726 4990 2745 5023 ι
2788 4970 2899 5044 litec
2930 4969 3211 5044 desun_t_i_n_
3242 4970 3308 5044 li-

1740 5039 1853 5099 bris
1881 5044 2063 5107 editis,
2091 5044 2214 5098 licet
2249 5044 2545 5096 habeantur
2579 5043 2630 5094 in
2654 5040 2906 5093 omnibus
2944 5054 3076 5095 mss.
3099 5039 3308 5094 Ibidem

1739 5129 1891 5178 mss.,
1926 5132 1945 5164 ‹
1979 5113 2109 5179 Qua:
2135 5116 2178 5168 si
2224 5128 2410 5168 verum
2460 5120 2542 5167 est
2570 5112 2712 5181 quod
2742 5117 3049 5180 resurgunt.
3084 5126 3105 5161 ι
3137 5110 3306 5174 Alias,

1742 5200 1760 5234 ι
1796 5187 1937 5246 quod
1971 5186 2040 5246 si,
2078 5201 2096 5234 ι
2138 5194 2246 5237 etc.

1796 5200 1937 5252 quou
1971 5200 2040 5246 su,
2078 5201 2096 5234 ι
2138 5200 2246 5237 etc.

1807 5252 1919 5325 (28)
1952 5253 2044 5308 Sic
2081 5269 2210 5308 mss.
2239 5250 2397 5307 Libb.
2435 5249 2593 5315 editi,
2632 5268 2650 5302 ‹
2704 5250 2749 5305 si
2773 5249 2865 5320 qui
2895 5249 3183 5319 diligenter
3212 5249 3306 5302 ad-

1734 5332 1972 5380 vertant.
2010 5343 2030 5375 ι

1825 5393 1913 5463 29)
1934 5393 2079 5465 Ipsa.
2118 5393 2277 5465 Deest
2302 5389 2352 5443 in
2373 5390 2503 5465 libb.
2526 5389 2707 5465 editis,
2729 5390 2822 5445 sed
2844 5389 3081 5465 ‘babetur
3103 5387 3155 5440 in
3176 5402 3308 5465 mss.

1825 5398 1913 5463 29)
1934 5398 2079 5459 Ipsa.
2118 5398 2277 5447 Deest
2302 5398 2352 5443 in
2373 5398 2503 5444 libb.
2526 5398 2707 5457 editis,
2729 5398 2822 5445 sed
2855 5398 3081 5443 habetur
3103 5398 3155 5440 in
3176 5402 3307 5465 mss.

1804 5398 1917 5537 (ὅθ)
1955 5464 2163 5533 Aliquo.
2203 5462 2376 5537 Dees_t_
2404 5463 2456 5537 in
2489 5461 2761 5529 prioribus
2791 5459 3146 5537 editionibus,
3170 5457 3307 5537 licet

1734 5528 2000 5592 habeatur
2053 5528 2103 5587 in
2161 5548 2293 5588 mss.
2339 5528 2543 5587 Ibidem
2599 5545 2754 5595 mss.,
2810 5547 2829 5579 (
2880 5540 2933 5582 et
2986 5528 3030 5582 si
3088 5528 3306 5597 quidem

1735 5604 1974 5660 dixerint
2000 5618 2121 5659 esse
2164 5618 2383 5673 corpus.
2423 5619 2443 5652 ›
2482 5601 2538 5655 ιη
2573 5600 2705 5660 libb.
2739 5600 2902 5654 editis
2936 5613 3034 5667 pro
3065 5616 3083 5649 ι
3116 5610 3240 5651 esse
3283 5613 3304 5647 ι

1736 5675 1931 5750 138.539?
1967 5674 2353 5750 {Piiamﬂu
2462 5749 2465 5750 ν
2577 5740 2589 5750 .
2721 5738 2733 5750 .
2805 5738 2840 5750 ..
3002 5702 3083 5750 ...‘
3164 5736 3175 5747 .

1833 5745 1923 5815 51)
1960 5744 2169 5815 Aliquo.
2197 5741 2544 5796 Desideratur
2576 5740 2629 5795 in
2654 5738 2926 5811 prioribus
2951 5736 3308 5805 editionibus,

1740 5814 1836 5874 sed
1865 5814 2094 5872 habetur
2129 5814 2186 5869 in
2224 5827 2355 5868 mss.
2955 5877 2995 5939 8
