3988 6418
623 379 735 436 εδδ
1860 366 2179 426 ORIGENIS

2304 370 2379 423 IPI
2414 370 2647 424 APXQN
3778 371 3879 427 256

624 495 954 551 resurrectio
987 500 1326 548 mortuorum
1356 491 1446 544 ”?
1478 508 1495 542 ι
1534 488 1841 544 Secundum
1872 489 2030 544 istam
2063 503 2193 557 ergo
2222 493 2268 549 Α
2301 488 2351 542 in
2400 503 2507 556 qua
2563 489 2681 543 sine
2730 486 2894 543 dubio
2946 485 3162 559 dignum
3216 486 3420 557 aliquid
3479 486 3658 541 divina
3708 491 3877 557 gratia

623 586 1067 656 censequcntiam
1112 580 1415 636 caelestium
1463 595 1749 648 corporum
1777 581 2067 634 ostendant
2096 596 2194 635 no-
2303 590 2527 645 sperare
2573 591 2673 630 nos
2728 577 2982 632 convenit
3034 577 3180 647 (36);
3216 580 3360 648 quod
3410 578 3653 633 futurum
3702 583 3877 636 credi-

625 679 711 733 bis
747 676 1081 732 diﬂ'ercntias
1111 672 1298 741 gloria:
1323 670 1435 741 (5‘2)
1460 685 1645 725 eorum
1684 671 1777 741 qui
1808 680 2117 741 resurgunt,
2141 679 2196 725 ct
2304 681 2423 718 mus
2463 667 2563 721 hoc
2586 668 2776 720 ordine
2807 683 2915 737 quo
2946 687 2963 719 ι
3000 669 3198 723 nudum
3237 686 3461 740 granum
3497 670 3755 726 frumenti
3785 680 3878 725 aut

623 775 668 827 si
706 773 814 826 ullo
842 784 1035 840 genere
1068 766 1248 821 conati
1296 766 1495 822 fuerint
1540 767 1839 821 secundum
1889 765 2192 821 caelestium
2303 756 2536 823 alicujus
2568 768 2895 813 czetcrorum
2937 779 2955 811 ›
3002 761 3051 813 in
3077 769 3217 814 terra
3246 761 3575 816 seminatum
3616 762 3880 818 describit

624 877 911 931 corporum
938 857 1276 913 differentias
1308 859 1541 929 aliquam
1564 860 1877 928 excogitare
1905 858 2191 920 rationem,
2298 846 2609 914 Αβυείοιηει
2634 851 2719 904 συί
2738 868 2756 901 ι
2778 850 2919 905 Deus
2953 850 3042 905 (Ῑίιῐ
3066 866 3262 921 ροτρυδ
3298 851 3407 923 (37)
3435 863 3595 922 PI‘OUl
3628 854 3741 908 \‘Ull
3762 854 3828 922 ’⁸,
3854 874 3872 907 ι

621 966 924 1023 quaeremus
962 952 1030 1005 ab
1072 951 1151 1005 eis
1193 960 1250 1004 ut
1303 952 1465 1005 etiam
1521 951 1820 1004 secundum
1857 957 2192 1002 terrenorum
2300 955 2423 994 cum
2474 943 2706 1009 primum
2762 959 2989 1013 granum
3054 944 3226 1013 ipsum
3285 946 3537 1001 frumenti
3601 955 3876 1002 mortuum

623 1058 917 1113 corporum
956 1042 1422 1110 comparationem
1464 1039 1804 1095 differentias
1836 1040 2191 1094 rcsurrectio-
2301 1031 2483 1086 fuerit.
2519 1033 2591 1087 l'a
2640 1052 2871 1105 namque
2899 1035 3063 1089 etiam
3102 1046 3283 1092 nostra
3317 1052 3544 1106 corpora
3579 1038 3727 1092 velut
3753 1056 3878 1109 gra-

614 1134 705 1189 uis
728 1134 1011 1203 assignent
1044 1132 1178 1205 ('55).
1217 1131 1326 1187 Nos
1361 1146 1488 1186 vero
1518 1132 1591 1185 ita
1642 1131 2015 1199 intelligimus,
2048 1128 2191 1199 quod
2300 1141 2427 1178 num
2466 1129 2662 1183 cadere
2697 1129 2747 1181 itt
2800 1139 3002 1183 terram
3043 1130 3278 1198 putanda
3331 1140 3493 1194 sunt;
3548 1132 3751 1199 quibus
3796 1132 3879 1185 in-

616 1225 808 1282 volens
831 1225 1120 1296 Apostolus
1152 1223 1462 1280 describere
1487 1235 1688 1293 quanta
1718 1235 1859 1279 esset
1882 1222 2188 1277 diil‘crcntia
2298 1218 2400 1271 sita
2442 1221 2578 1273 ratio
2608 1220 2718 1291 ('58)
2748 1236 2809 1276 ea
2840 1238 2961 1291 qua:
2987 1222 3349 1276 substantiam
3381 1225 3631 1277 continet
3682 1237 3879 1292 corpo-

618 1335 807 1376 eorum
853 1318 942 1388 qui
984 1328 1269 1386 resurgent
1300 1318 1353 1371 in
1401 1317 1591 1387 gloria,
1641 1316 1694 1370 id
1742 1326 1825 1370 est
1854 1327 2187 1380 sanctorum,
2298 1309 2493 1375 ralem,
2524 1313 2775 1380 quamvis
2808 1322 3055 1367 emortua
3086 1311 3287 1366 fuerint
3334 1327 3560 1382 corpora
3604 1322 3660 1367 et
3688 1328 3880 1367 corru-

616 1411 1081 1480 comparationem
1133 1408 1438 1464 caelestium
1497 1422 1784 1476 corrorum
1834 1407 2064 1476 sumpsit
2112 1406 2193 1459 di-
2298 1411 2385 1470 pta
2415 1414 2581 1471 atque
2609 1403 2880 1471 dispersa,
2916 1405 3082 1459 verbo
3128 1416 3307 1460 tamen
3337 1404 3428 1458 Dci
3464 1405 3606 1460 ratio
3636 1404 3725 1458 illa
3759 1405 3878 1475 ipsa

622 1518 797 1558 cens:
836 1521 853 1553 ι
908 1501 1027 1557 A'lia
1075 1499 1243 1571 gloria
1294 1498 1445 1563 solis,
1496 1500 1599 1553 alia
1648 1498 1818 1569 gloria
1874 1498 2034 1561 lunae,
2084 1497 2188 1551 alia
2297 1508 2418 1562 qua:
2448 1506 2660 1563 semper
2691 1497 2743 1549 in
2776 1497 3082 1551 substantia
3130 1498 3378 1566 corporis
3420 1496 3567 1550 salva
3618 1507 3722 1561 est,
3767 1500 3880 1551 eri-

616 1595 789 1665 gloria
852 1592 1129 1647 stellarum
1165 1591 1232 1645 ’⁸.
1286 1611 1305 1644 ›
1362 1590 1427 1645 Ει
1476 1590 1672 1644 iterum
1704 1588 1890 1643 volens
1937 1586 2191 1642 dﬁcrcn—
2298 1596 2390 1655 gat
2430 1600 2493 1639 ea
2542 1584 2607 1640 de
2651 1595 2817 1647 terra.
2850 1598 2906 1641 et
2942 1590 3190 1643 restituat
3241 1604 3305 1642 ac
3350 1599 3586 1657 reparet,
3632 1588 3774 1640 sicut
3813 1603 3877 1643 ea

617 1686 719 1739 tias
747 1699 933 1739 eorum
958 1682 1153 1736 docere
1188 1681 1324 1753 (35),
1356 1681 1448 1748 qui
1488 1681 1539 1734 in
1574 1680 1674 1734 ltac
1710 1680 1818 1733 vita
1856 1693 1960 1733 non
1991 1693 2190 1748 expur-
2296 1675 2470 1728 virtus
2506 1691 2624 1743 quae
2663 1686 2746 1731 est
2792 1677 2844 1730 in
2879 1693 3051 1747 grano
3095 1679 3370 1744 frumenti,
3417 1691 3540 1747 post
3565 1679 3879 1748 corruptio-

615 1774 724 1843 gati
763 1772 829 1827 ad
878 1772 1332 1827 resurrectionem
1367 1769 1613 1833 venient,
1657 1768 1709 1822 id
1741 1778 1824 1823 est
1851 1777 2185 1838 peccatores,
2298 1780 2419 1820 nent
2456 1766 2571 1833 ejus
2621 1779 2676 1821 et
2720 1779 2949 1823 mortem
2996 1779 3211 1839 reparat
3248 1784 3313 1824 ac
3352 1770 3591 1825 restituit
3645 1785 3876 1840 granum

618 1865 685 1917 de
720 1862 953 1918 terrenis
981 1862 1146 1916 sumit
1188 1860 1518 1930 exemplum,
1572 1862 1757 1915 dicens
1792 1878 1805 1913 :
1843 1877 1860 1910 t
1900 1860 2019 1912 Alia
2066 1874 2187 1913 cor—
2220 1851 2263 1910 Β
2293 1856 2345 1911 itt
2378 1858 2539 1912 culmi
2588 1874 2785 1928 corpus
2828 1869 2884 1914 et
2932 1862 3095 1927 spica:
3131 1860 3263 1933 (39).
3298 1861 3361 1915 Et
3408 1862 3482 1916 ita
3526 1863 3611 1915 Itis
3655 1861 3877 1931 quidem

615 1971 745 2027 pora
786 1955 1090 2018 volucrum,
1146 1953 1252 2007 alia
1302 1953 1534 2018 piscium
1566 1953 1635 2005 ".
1691 1971 1711 2004 ι
1769 1951 1935 2022 Digne
1986 1951 2187 2006 etenim
2296 1947 2387 2015 qui
2440 1949 2589 2018 regni
2636 1950 2900 2004 cmlorum
2955 1951 3328 2005 lia-reditatem
3386 1952 3645 2019 consequi
3698 1967 3882 2005 mere-

610 2048 822 2102 sanctis
867 2046 1131 2110 cwlestia,
1192 2054 1404 2099 terrena
1438 2044 1821 2113 peccatoribus
1867 2056 2189 2112 comparan-
2296 2039 2519 2105 buntur,
2552 2041 2690 2095 ratio
2735 2041 2823 2094 illa
2864 2043 3145 2111 reparandi
3192 2044 3438 2111 corporis
3487 2057 3655 2111 quam
3707 2058 3880 2113 supra

616 2146 723 2192 tur.
762 2136 1134 2206 “mequidem
1183 2134 1322 2189 dicta
1369 2134 1479 2188 sint
1526 2133 1789 2189 adversus
1821 2148 1916 2189 eos
1957 2135 2048 2203 qui
2098 2148 2187 2187 re-
2294 2129 2552 2195 diximus,
2584 2130 2675 2184 Dei
2715 2131 2871 2199 jussu
2908 2147 2972 2186 ex
3027 2143 3240 2188 terreno
3282 2144 3337 2189 et
3382 2135 3602 2189 animali
3639 2149 3884 2204 corpore

614 2227 1009 2284 surrectionem
1060 2236 1424 2289 mortuorum,
1478 2225 1531 2279 id
1577 2233 1663 2279 est
1732 2226 2185 2279 resurrectionem
2294 2236 2491 2290 corpus
2536 2232 2749 2290 reparat
2792 2222 3060 2292 spiritale,
3107 2223 3249 2292 quod
3299 2225 3546 2279 habitare
3593 2225 3771 2294 possit
3822 2226 3883 2280 in

613 2336 903 2390 corporum
935 2328 1157 2389 negant.
2294 2314 2448 2369 ctelis
2477 2331 2491 2379 ;
2525 2314 2609 2367 bis
2650 2329 2781 2368 vero
2818 2315 2909 2383 qui
2952 2314 3227 2369 inferioris
3274 2315 3452 2370 meriti
3505 2314 3733 2383 fuerint,
3792 2316 3885 2371 vel

683 2413 739 2466 5.
835 2410 991 2463 Nunc
1070 2422 1197 2461 vero
1282 2419 1589 2461 sermonem
1674 2404 2042 2460 convertimus
2119 2405 2187 2460 ad
2294 2405 2640 2473 abjectioris,
2702 2405 2787 2460 vel
2859 2405 3021 2460 etiam
3093 2405 3264 2460 ultimi
3322 2414 3379 2462 et
3436 2408 3718 2473 abstrusi,
3774 2424 3887 2479 pra

612 2502 901 2559 nonnullos
972 2511 1318 2563 nostrorum,
1391 2500 1481 2568 qui
1551 2498 1634 2551 vel
1700 2514 1797 2569 pro
1880 2499 2187 2555 intellectus
2293 2497 2721 2567 uniuscujusque
2770 2498 2895 2553 vitae
2945 2509 3108 2569 atque
3154 2500 3352 2554 anima:
3381 2499 3669 2569 dignitate,
3705 2501 3887 2556 etiam

600 2595 927 2665 exiguitate,
980 2594 1063 2649 vel
1121 2592 1523 2661 explanationis
1574 2593 1777 2662 inopia,
1821 2591 1977 2645 valde
2024 2592 2184 2645 vilem
2292 2591 2463 2660 gloria
2515 2594 2763 2662 corporis
2813 2600 2871 2646 et
2915 2591 3156 2662 dignitas
3209 2593 3403 2659 datur;
3455 2593 3526 2647 ita
3585 2602 3768 2665 tamen
3824 2606 3891 2648 ut

610 2695 669 2739 et
734 2683 1001 2752 abiectum
1067 2698 1289 2738 sensum
1352 2682 1419 2737 de
1479 2682 1879 2737 resurrectione
1943 2683 2186 2750 corporis
2297 2682 2451 2751 102
2485 2684 2646 2736 etiam
2677 2697 2865 2737 eorum
2898 2684 2988 2751 qui
3024 2684 3091 2737 ad
3123 2684 3298 2752 ignem
3330 2695 3614 2750 aeternum,
3670 2685 3756 2741 vel
3815 2686 3890 2739 ad

612 2776 981 2831 introducunt.
1059 2775 1203 2841 Quos
1280 2775 1715 2843 interrogamus,
1779 2775 2046 2843 quomodo
2105 2773 2187 2828 in-
2292 2774 2557 2843 supplicia
2590 2773 2897 2829 destinandi
2924 2783 3071 2838 sunt,
3105 2789 3202 2843 per
3234 2776 3405 2843 ipsam
3450 2778 3891 2832 resurrectionis

612 2866 860 2936 telligant
887 2864 1119 2920 animale
1167 2879 1364 2935 corpus
1397 2864 1571 2935 gratia
1622 2865 2039 2920 resurrectionis
2085 2865 2186 2919 itu-
2292 2864 2748 2933 permutationem
2828 2865 2902 2919 ita
2949 2879 3145 2933 corpus
3187 2865 3557 2934 incorruptum
3608 2866 3682 2921 sit
3729 2868 3893 2937 quod

610 2958 927 3011 mutandum
951 2995 966 3019 ,
1031 2963 1086 3009 et
1150 2954 1396 3025 spiritale
1458 2954 1735 3020 futurum;
1801 2963 1857 3008 et
1915 2954 2186 3025 quomodo
2292 2955 2526 3025 resurgit
2557 2953 2693 3026 (Ml),
2724 2964 2780 3008 ut
2817 2970 2882 3010 ne
2904 2957 3184 3026 suppliciis
3220 2957 3436 3026 quidem
3465 2957 3743 3027 corrumpi
3781 2973 3886 3011 va-

608 3049 752 3119 quod
786 3048 840 3103 in
885 3047 1199 3102 infirmitate
1228 3048 1550 3111 seminatur,
1576 3057 2013 3101 resurrecturum
2057 3061 2184 3101 sen-
2292 3040 2399 3095 leal
2426 3051 2481 3096 el
2515 3042 2756 3096 dissolvi.
2806 3043 2864 3098 Si
2902 3057 3031 3114 ergo
3068 3045 3139 3099 ita
3181 3059 3239 3099 se
3279 3044 3440 3099 habet
3470 3044 3710 3113 qualitas
3757 3046 3893 3116 ejus

611 3140 751 3195 tiant
799 3139 851 3192 in
895 3138 1133 3202 virtute;
1187 3138 1328 3207 quod
1384 3138 1437 3191 itt
1499 3138 1861 3207 ignobilitate,
1912 3138 2184 3207 quomodo
2291 3134 2542 3201 corporis
2572 3135 2714 3203 quod
2746 3144 2996 3206 resurget
3029 3151 3056 3189 a
3107 3138 3356 3202 mortuis,
3407 3137 3694 3193 videamus
3724 3152 3895 3193 nunc

611 3238 865 3299 resurgat
907 3229 958 3281 in
992 3227 1191 3296 gloria;
1246 3236 1303 3281 et
1352 3228 1495 3297 quod
1552 3228 1601 3280 in
1635 3230 2007 3298 corruptione,
2040 3246 2181 3299 quo-
2210 3209 2255 3269 ε
2286 3223 2413 3292 quid
2442 3225 2546 3279 sibi
2585 3226 2714 3280 velit
2749 3226 2888 3296 ignis
2913 3228 3103 3281 retenti
3135 3225 3494 3283 c‘omminatio
3529 3228 3668 3300 (41).

611 3319 773 3375 modo
802 3318 867 3372 ad
902 3318 1367 3386 incorruptionem
1404 3319 1787 3374 transferatur.
1813 3320 1965 3386 Quod
1998 3322 2181 3392 utique
2360 3315 2471 3387 (42)
2506 3317 2559 3370 4.
2607 3316 2922 3373 Invenimus
2952 3333 3180 3389 namque
3213 3320 3266 3373 in
3309 3317 3449 3374 Isaia
3484 3321 3756 3389 propheta
3789 3320 3901 3377 de-

610 3408 658 3464 si
706 3407 935 3462 credunt
965 3406 1245 3476 Apostolo,
1279 3407 1406 3476 quia
1437 3422 1636 3477 corpus
1678 3410 1729 3462 in
1769 3409 1940 3480 gloria
1983 3419 2037 3465 et
2073 3411 2183 3465 vir—
2289 3410 2491 3478 signari
2543 3409 2970 3480 uniuscujusque
3020 3411 3295 3479 proprium
3348 3426 3471 3466 esse
3526 3412 3711 3481 ignem
3771 3427 3899 3484 quo

612 3509 729 3555 tute
760 3507 814 3554 et
865 3498 1383 3567 incorruptibilitate
1429 3508 1738 3568 resurgens,
1787 3502 2034 3570 Spiritale
2069 3502 2180 3571 jam
2286 3499 2542 3569 punitur;
2594 3501 2669 3552 ait
2719 3502 2862 3555 enim
2918 3502 3029 3572 (£5)
3074 3518 3087 3554 :
3137 3521 3155 3553 ι
3209 3502 3501 3558 Ambulate
3561 3505 3617 3558 in
3672 3506 3903 3560 lumine

610 3588 865 3644 etfectum
914 3588 1005 3655 sit,
1043 3588 1339 3643 absurdum
1369 3590 1582 3643 videtur
1616 3599 1669 3643 et
1723 3600 1911 3644 contra
1960 3606 2180 3646 sensum
2286 3590 2427 3659 ignis
2457 3590 2643 3654 vestri,
2678 3599 2724 3644 et
2777 3591 2829 3644 in
2880 3590 3096 3645 flamma
3148 3608 3310 3662 quam
3343 3593 3680 3647 accendistis
3713 3595 3789 3647 θ’.
3867 3614 3891 3647 ι

609 3676 852 3747 Apostoli
886 3675 1069 3731 dicere
1102 3675 1153 3729 id
1187 3690 1399 3730 rursum
1435 3675 1618 3730 carnis
1649 3687 1695 3731 et
1738 3679 2021 3748 sanguinis
2054 3694 2183 3748 pas—
2287 3678 2393 3734 Per
2445 3694 2582 3748 quos
2639 3694 2921 3735 sermones
2982 3681 3083 3736 hoc
3141 3684 3354 3737 videtur
3418 3684 3680 3751 indicari,
3731 3688 3902 3758 quod

611 3767 857 3823 sionibus
891 3766 1182 3836 implicari,
1217 3782 1339 3820 cum
1366 3768 1650 3823 manifeste
1682 3768 1824 3822 dicat
1854 3770 2179 3838 Apostolus:
2287 3769 2660 3837 unusquisque
2708 3780 3059 3841 peccatorum
3109 3772 3381 3828 flammam
3430 3772 3543 3845 (14)
3599 3776 3708 3830 sibi
3764 3778 3905 3847 ipse

598 3879 636 3914 ις
676 3860 1105 3928 Quoniam-caro
1148 3869 1203 3913 et
1244 3862 1464 3929 sanguis
1491 3876 1714 3930 regnum
1746 3859 1838 3914 Dei
1873 3876 1978 3914 non
2010 3863 2183 3930 possi-
2288 3861 2490 3928 proprii
2548 3860 2690 3929 ignis
2744 3862 3006 3917 accendat
3059 3862 3206 3934 (45).
3258 3873 3311 3918 et
3362 3879 3466 3917 non
3519 3865 3573 3917 in
3630 3866 3903 3936 aliquem

608 3952 846 4019 debunt;
875 3953 1352 4023 nequecorrnptio
1379 3953 1843 4023 incorruptionem
1874 3951 1987 4023 (55)
2013 3952 2185 4022 possi-
2289 3952 2493 4021 ignem,
2530 3953 2624 4022 qui
2659 3962 2814 4007 antea
2841 3953 2955 4023 jam
3005 3956 3167 4010 fuerit
3198 3972 3460 4011 accensus
3502 3957 3572 4011 ab
3623 3961 3763 4025 alio,
3804 3962 3906 4015 vel

610 4044 843 4100 debit“.
879 4065 897 4098 ι
929 4046 1037 4101 Sed
1084 4046 1213 4100 illud
1255 4046 1525 4115 quomodo
1576 4045 2020 4115 accipiuntqnod
2052 4045 2184 4099 dicit
2289 4054 2416 4099 ante
2466 4044 2643 4113 ipsum
2694 4046 3033 4112 substiterit,
3080 4049 3449 4115 demergatur.
3501 4050 3678 4120 Cujus
3738 4052 3911 4121 ignis

610 4133 903 4205 Apostolus
945 4152 960 4188 :
1010 4153 1030 4186 t
1088 4133 1288 4191 Omnes
1337 4144 1521 4190 autem
1570 4135 1981 4189 imumtabituur
2019 4134 2106 4187 '7?
2160 4154 2179 4188 ι
2290 4137 2516 4191 materia
2568 4145 2730 4206 atque
2765 4152 2887 4191 esca
2931 4150 3113 4194 nostra
3166 4150 3293 4195 sunt
3335 4148 3579 4212 peccata,
3631 4158 3765 4211 qua:
3822 4148 3908 4199 ab

609 4224 741 4291 Quae
810 4226 993 4295 utique
1069 4227 1379 4282 immutatio
1463 4228 1758 4282 secundum
1829 4227 1977 4281 illum
2040 4228 2186 4283 ordi-
2290 4227 2532 4297 apostolo
2585 4226 2751 4283 Paulo
2805 4227 2950 4298 ligna
2984 4239 3038 4283 et
3093 4228 3275 4284 fenum
3326 4239 3381 4285 et
3432 4233 3634 4300 stipula
3696 4235 3909 4288 nomi-

608 4333 757 4384 nem,
808 4333 964 4388 quem
1021 4321 1266 4389 superius
1312 4321 1616 4385 docuimus,
1666 4321 2032 4390 exspectanda
2057 4329 2181 4385 est;
2293 4328 2491 4373 nautur
2528 4321 2569 4374 ¹.
2610 4319 2675 4374 Ει
2710 4322 2948 4376 arbitror
2982 4322 3125 4389 quod
3159 4322 3301 4376 sicut
3351 4322 3404 4375 in
3452 4336 3689 4391 corpore
3737 4340 3912 4380 esca

676 4411 725 4487 ’ξ
757 4411 773 4465 l
813 4411 945 4487 Cor.
968 4413 1325 4487 _xv,75_9,_40,
1358 4413 1448 4480 4i,
1484 4414 1572 4487 42.
1652 4415 1694 4447 ⁹⁴
1717 4415 1878 4481 Ibid.,
1906 4415 1995 4469 41.
2084 4417 2129 4448 ⁸⁵
2160 4415 2251 4471 Ibit

2343 4414 2433 4470 59.
2504 4415 2550 4447 ⁰⁶
2576 4416 2730 4480 lbid.,
2765 4415 2853 4470 50.
2928 4417 2971 4449 97
2997 4418 3154 4483 lbid.,
3195 4417 3282 4471 5L
3391 4416 3436 4448 ⁹⁸
3464 4415 3622 4487 lbid.,
3658 4419 3757 4487 37,
3790 4422 3908 4477 ‘58.

609 4482 660 4513 "
700 4482 806 4539 lsa.
838 4497 890 4547 L,
925 4482 1011 4541 Η.
1089 4485 1104 4514 ¹
1139 4484 1159 4536 l
1189 4485 1314 4539 Cor.
1348 4500 1426 4550 tu,
1472 4484 1558 4538 12.

678 4572 790 4649 (ὖςὶ)
812 4572 1041 4649 Glorue.
1069 4572 1231 4629 Deest
1260 4576 1421 4629 etiam
1452 4575 1503 4629 in
1528 4575 1804 4645 prioribus
1831 4574 2178 4643 coitionibus,
2212 4580 2253 4636 D

1890 4574 2178 4643 titionibus,
2212 4580 2257 4636 ῐ)
2359 4574 2473 4649 (40)
2505 4574 2607 4649 stic
2628 4591 2758 4633 mss.
2794 4577 2966 4642 Alias,
3002 4597 3019 4629 t
3059 4587 3117 4632 ut
3146 4588 3411 4649 resurgat.
3448 4598 3465 4631 ι

609 4645 963 4717 sett_t_tabe7tur
997 4647 1049 4697 in
1086 4660 1214 4699 mss.
1490 4713 1535 4717 77
1806 4715 1840 4717 _7
2358 4647 2469 4717 (41)
2517 4646 2765 4717 Origenis
2814 4650 3143 4717 sententiam
3193 4652 3259 4703 de
3306 4645 3486 4717 poenis
3535 4648 3747 4707 inferni
3793 4653 3913 4709 in-

681 4711 795 4789 _(755)
832 4711 923 4768 Sic
976 4722 1121 4789 recte
1148 4713 1558 4789 7omnes_codd.
1619 4730 1747 4769 mss.
1801 4715 1944 4769 Editi
1996 4730 2175 4769 vero:
2282 4711 2513 4789 vestigat
2541 4711 2765 4789 liuetius
2793 4716 3234 4786 Origettinnorum
3281 4711 3373 4773 lib.
3420 4735 3479 4782 ll,
3535 4732 3744 4789 quaest.
3790 4727 3911 4779 11.

615 4801 637 4834 ι
671 4784 987 4859 Quazramus
1015 4784 1083 4835 ab
1114 4785 1280 4859 eiiut
1311 4784 1474 4859 etiam
1521 4795 1861 4859 terrenorum
1892 4800 2176 4855 corporum
2282 4784 2686 4859 lllutn'videsis.
2740 4784 2954 4840 Interim
3010 4804 3207 4843 moneo
3255 4790 3369 4843 litec
3414 4784 3629 4844 verba:
3671 4808 3690 4841 ι
3732 4792 3914 4859 Quid

612 4852 1076 4929 comparationum
1107 4852 1445 4929 differentias
1480 4855 1773 4929 assigucnt.
1819 4872 1838 4905 ι
1989 4852 1999 4855 ⁷
2281 4856 2554 4929 sibivelit
2600 4857 2740 4927 ignis
2794 4860 2980 4910 aeterni
3019 4860 3394 4924 comminatio,
3432 4877 3451 4910 ι
3485 4861 3538 4913 in
3578 4852 3915 4929 prioribus

684 4922 793 4997 (ξᾴ)
830 4920 903 4997 ita
934 4936 1064 4974 mss.
1093 4921 1315 4997 Alias,7t
1355 4920 1661 4997 ostendere.
1700 4941 1717 4973 ι
1960 4995 1969 4997 _
2284 4920 2821 4981 editionibus'linem
2872 4942 2993 4981 esse
3015 4929 3211 4997 capitis
3243 4920 3462 4992 decimi,
3507 4920 3593 4982 cui
3644 4935 3925 4989 undeci-

682 4989 795 5070 (ᾅὸ)
981 5004 1137 5070 mss.
1167 4989 1323 5045 Libb.
1374 4993 1524 5070 editi,
1565 5011 1584 5043 t
1645 4994 2085 5070 incorruptelam.
2152 5013 2171 5045 ι
2283 5011 2428 5048 mum
2456 4998 2798 5070 subnectitur
2826 5012 2948 5050 cum
2986 4989 3095 5070 line
3114 4999 3270 5053 titulo
3303 5017 3315 5052 :
3354 5018 3370 5050 ι
3406 4989 3632 5070 lleigue
3663 5002 3921 5059 inferni

610 5059 980 5137 lbideindibb.
1003 5061 1164 5137 editi,
1197 5077 1215 5109 ι
1258 5064 1525 5137 quomodo
1558 5064 1831 5137 accipiunt
1860 5059 2005 5137 {sed
2061 5080 2171 5117 non
2281 5075 2333 5117 et
2370 5066 2543 5132 poenis
2570 5066 2846 5135 ejusdem;
2879 5085 2897 5118 ι
2927 5069 3019 5121 scd
3046 5068 3099 5120 itt
3132 5070 3386 5123 omnibus
3418 5059 3555 5123 mss:
3583 5079 3927 5137 sequentia

607 5145 798 5208 omnes
824 5128 1251 5183 immutabimur.
1276 5128 1412 5195 Quae
1460 5128 1783 5187 immutatio.
1825 5154 1841 5183 ι
1890 5135 1996 5187 Sed
2042 5150 2173 5188 mss.
2281 5128 2465 5208 verba,
2534 5153 2551 5185 ι
2597 5128 2902 5190 invenimus
2950 5153 3181 5206 namque
3230 5139 3280 5192 irt
3326 5139 3466 5192 Isaia
3518 5128 3850 5208 prapiteta,
3894 5165 3919 5196 ›

613 5210 671 5253 ut
692 5202 983 5274 Δῃιωιιᾳξινο.
1006 5208 1173 5274 textu.
1495 5270 1523 5274 77
1562 5273 1566 5274 7
1649 5273 1654 5274 7
1735 5272 1743 5274 7
2283 5206 2536 5258 continua
2556 5208 2695 5259 serie
2728 5215 2846 5274 post
2867 5225 2884 5256 ι
2909 5202 3257 5262 comminatio
3279 5228 3298 5259 ι
3318 5202 3595 5272 βοιιιιιιιύτ
3614 5202 3744 5265 sine
3772 5202 3929 5271 uilo

683 5267 1085 5349 (236)7Mendos7e
1133 5269 1183 5321 in
1241 5279 1396 5348 antea
1443 5270 1602 5326 editis
1647 5272 1859 5342 legitur,
1900 5291 1919 5324 ‹
1958 5274 2175 5349 dignum
2283 5276 2482 5349 praevio
2506 5276 2683 5349 titulo,
2717 5267 2875 5349 quem
2902 5279 3102 5332 idcirco
3126 5267 3541 5349 expungendum
3566 5294 3690 5336 esse
3715 5267 3929 5342 duxit:

611 5339 816 5414 aliquid
844 5352 912 5390 ex
944 5338 1137 5414 divina
1158 5341 1328 5414 gratia
1364 5352 1647 5409 Sperantes
1677 5338 1781 5397 rion
1823 5338 2101 5399 convenit.
2153 5362 2171 5395 ι
2284 5338 2299 5342 ⁷
2354 5343 2467 5413 (42)
2504 5338 2677 5406 Alias,
2704 5338 2828 5414 cap.
2853 5346 2940 5400 λι.

612 5410 880 5486 Settinss.
916 5409 1406 5486 veram7lectionem
1442 5413 1759 5467 restituunt.
1887 5482 1897 5486 _
1953 5481 1962 5486 _
2024 5480 2036 5486 _
2287 5483 2298 5486 _
2355 5409 2468 5486 (45)
2503 5417 2589 5469 Ait
2622 5409 2789 5469 enim:
2818 5417 2978 5471 Deest
3007 5417 3060 5470 in
3096 5428 3257 5474 antea
3305 5418 3486 5486 editis,
3536 5420 3637 5475 sed
3668 5420 3764 5478 sic
3793 5424 3936 5483 ha-

683 5477 796 5549 (37)
840 5477 1062 5548 Corpus.
1100 5478 1261 5533 Deest
1308 5480 1359 5532 itt
1403 5493 1557 5535 antea
1590 5485 1770 5546 editis,
1805 5482 1899 5538 sed
1951 5480 2179 5536 habetur
2286 5477 2527 5536 betur'in
2560 5501 2689 5539 mss.

612 5546 882 5628 in,i3{§§-n_
945 5546 952 5548 '
1639 5623 1648 5628 _
2353 5553 2463 5624 (44)
2503 5553 2593 5609 Sic
2645 5566 2793 5610 recte
2839 5571 2967 5611 mss.
3022 5556 3201 5623 Alias,
3248 5559 3528 5624 mendose,
3566 5579 3587 5613 ι
3631 5562 3933 5625 indicari

680 5616 795 5697 (ξε)
950 5633 1080 5697 mss.
1112 5617 1268 5673 Libb.
1302 5619 1459 5685 editi,
1492 5639 1510 5671 ι
1550 5623 1781 5697 ratione.
1820 5639 1839 5673 ι
2068 5696 2073 5697 7
2274 5616 2537 5697 peccator
2591 5638 2647 5679 ut
2700 5627 2992 5689 flammam,
3052 5646 3069 5678 ι
3108 5616 3217 5685 etc.
3271 5630 3471 5684 ibidem
3514 5616 3655 5685 libb.
3706 5616 3937 5697 erit};

680 5691 793 5759 (59)
829 5693 929 5767 _S_i7c_
962 5690 1163 5767 optime
1216 5705 1404 5745 omnes
1458 5694 1618 5767 codd.
1669 5708 1842 5767 mss.;
1916 5696 2177 5746 mendose
2283 5690 2436 5758 editi,
2484 5715 2500 5744 ε
2555 5700 2645 5766 qui
2692 5700 2871 5752 fuerat
2914 5713 3180 5757 accensus
3221 5703 3290 5758 ab
3319 5700 3444 5756 alio.
3488 5718 3508 5752 ι
3543 5701 3675 5759 Mss.
3731 5690 3937 5767 “liii;

607 5770 789 5815 autem
836 5760 968 5816 libb.
1019 5762 1182 5827 editi,
1260 5777 1279 5811 ι
1338 5763 1580 5823 restituit
1631 5764 1811 5819 vivum
1871 5778 2069 5832 corpus
2120 5775 2175 5817 et
2281 5775 2466 5820 nostro
2497 5760 2665 5822 lex-tu.

610 5832 790 5901 spicae.
826 5850 844 5883 ι

2356 5837 2466 5907 (45)
2499 5838 2661 5894 Cave.
