3880 6518
170 396 262 456 257

1442 397 1647 455 LIBER
1689 400 2078 461 SECUNDUS.

3295 419 3403 479 238

170 515 472 573 abundantia
521 522 579 569 et
631 515 864 585 qualitas
900 522 953 568 et
980 516 1257 586 quantitas
1284 517 1389 571 cibi
1438 520 1710 574 contraria
1744 528 1785 580 A
1815 534 1932 587 est;
1985 541 2053 580 an
2111 528 2195 582 his
2244 528 2529 584 affectibus
2571 530 2871 590 immutatis
2905 539 3181 604 generalis
3212 557 3391 610 pinnae

170 606 263 681 (ιθ)
305 605 473 662 febres
526 615 811 677 generant,
861 615 916 661 et
964 606 1147 663 febres
1198 608 1400 664 diversi
1450 612 1591 665 modi
1629 611 1710 665 vel

170 699 397 769 temporis
429 699 724 753 secundum
774 713 894 754 eam
947 714 1258 755 mensuram
1293 716 1399 770 qua
1446 700 1711 772 intempe—

169 794 258 848 ries
282 791 497 847 collecta
531 790 815 845 materiam
859 793 1196 863 suggesserit
1241 808 1305 849 ac
1341 794 1585 850 fomitem
1627 796 1709 851 fe-

166 885 349 948 brium;
377 897 495 951 quae
536 883 778 936 materia!
802 883 1045 952 qualitas
1072 899 1138 938 ex
1188 885 1402 940 diversa
1440 886 1709 957 intempe-

165 975 233 1030 rie
272 980 610 1042 congregata,
663 987 828 1027 causa
883 972 965 1027 vel
1027 974 1327 1031 acerbioris
1374 978 1570 1040 morbi,
1622 977 1711 1033 vel

165 1062 437 1134 prolixioris
472 1062 724 1124 exsistit;
782 1064 853 1117 ita
899 1064 1080 1118 anima
1136 1080 1260 1120 cum
1306 1066 1710 1123 multitudinem

168 1154 403 1206 malorum
443 1166 672 1221 operum
720 1150 832 1222 (47)
882 1163 937 1209 et
971 1156 1359 1211 abundantiam
1392 1158 1446 1211 in
1478 1174 1536 1214 se
1582 1176 1713 1214 con-

162 1246 441 1316 gregaverit
484 1255 858 1315 peccatorum,
888 1250 1219 1318 competenti
1255 1258 1501 1318 tempore
1533 1253 1711 1306 omnis

162 1340 233 1393 illa
260 1338 512 1392 malorum
535 1340 890 1412 congregatio
912 1340 1224 1396 effervescit
1252 1344 1319 1395 ad
1353 1344 1702 1414 supplicium,

160 1446 295 1503 atque
322 1431 689 1487 inflammatur
720 1433 834 1504 (48)
866 1434 935 1488 ad
963 1446 1191 1504 pmnas;
1226 1450 1349 1489 cum
1387 1451 1540 1490 mens
1568 1437 1709 1506 ipsa,

159 1526 226 1580 vel
263 1526 594 1580 conscientia
649 1541 748 1594 per
805 1526 1047 1580 divinam
1106 1527 1367 1584 virtutem
1419 1530 1603 1584 omnia
1652 1531 1709 1585 in

161 1618 445 1670 memoriam
492 1616 787 1686 recipiens,
812 1631 1045 1685 quorum
1097 1618 1154 1672 in
1210 1623 1509 1690 semetipsa
1556 1622 1710 1692 signa

159 1706 371 1777 quaedam
403 1716 457 1761 et
481 1705 715 1772 formas,
767 1722 890 1762 cum
932 1717 1211 1779 peccaret,
1252 1722 1622 1780 expresserat,
1656 1725 1712 1768 et

157 1798 459 1868 singulorum
497 1814 623 1867 qua:
651 1799 737 1853 vel
778 1798 923 1855 ftede
968 1816 1031 1855 ac
1065 1803 1297 1871 turpiter
1324 1814 1590 1871 gesserat,
1627 1806 1710 1860 vel

1819 619 2052 673 stimulis
2080 622 2439 679 vexabuntur.
2498 623 2602 679 Sed
2639 634 2695 680 et
2740 627 2899 682 aliam
2948 629 3062 702 (5|)
3110 635 3400 704 supplicio-

1820 728 1938 765 rum
1987 715 2221 784 speciem
2275 717 2501 788 intelligi
2562 711 2804 776 arbitror
2851 739 3028 793 posse,
3079 730 3205 799 quia
3258 733 3401 788 sicut

1818 805 2036 873 quidem
2074 809 2341 865 sentimus
2373 811 2546 883 soluta
2579 814 2834 883 corporis
2882 818 3123 874 membra
3172 832 3334 892 atque
3368 839 3399 878 a

1819 899 1932 951 suis
1976 899 2204 952 invicem
2253 901 2462 954 divulsa
2507 905 2861 973 compagibus
2908 908 3158 964 immensi
3196 913 3403 969 doloris

1822 1003 2088 1059 generare
2126 991 2455 1056 cruciatum,
2492 993 2567 1048 ita
2596 1010 2718 1048 cum
2756 997 2936 1052 anima
2971 1011 3124 1055 extra
3153 1004 3399 1060 ordinem

1821 1090 1983 1151 atque
2015 1096 2358 1152 compagem,
2386 1083 2469 1135 vel
2494 1098 2614 1137 eam
2653 1085 2993 1141 harmoniam
3020 1106 3123 1159 qua
3158 1093 3224 1146 ad
3260 1094 3401 1148 bene

1820 1174 2091 1243 agendum
2127 1185 2182 1228 et
2215 1174 2416 1227 utiliter
2451 1176 2796 1230 sentiendum
2846 1193 2876 1231 a
2923 1180 3030 1236 Deo
3074 1195 3253 1238 eaeata
3288 1196 3396 1251 est,

1821 1263 1985 1321 fuerit
2032 1266 2275 1331 inventa,
2314 1282 2413 1321 nec
2456 1267 2778 1337 sibimetipsi
2826 1274 3225 1329 rationabilium
3279 1293 3396 1333 mo-

1821 1366 1970 1410 tuum
2012 1359 2331 1427 compagiue
2376 1374 2697 1423 consonare,
2733 1374 2949 1429 poenam
2985 1368 3398 1439 cruciatumque

1818 1450 2060 1518 putanda
2107 1450 2178 1505 sit
2221 1450 2594 1521 suimetipsius
2635 1452 2779 1507 ferre
2828 1454 3057 1525 dissidii,
3106 1467 3162 1513 et
3213 1461 3398 1517 incon-

1818 1544 2030 1595 stantia:
2047 1557 2176 1606 suae,
2197 1552 2360 1612 atque
2380 1544 2797 1600 inordinationis
2826 1548 3029 1605 sentire
3046 1552 3394 1619 supplicium.

1818 1632 1950 1700 Qua:
1984 1634 2179 1689 animae
2207 1634 2492 1691 dissolutio
2519 1646 2682 1706 atque
2731 1639 2964 1694 divulsio
3011 1656 3133 1695 cum
3166 1643 3397 1700 adhibiti

1818 1724 1957 1792 ignis
1993 1725 2202 1779 ratione
2258 1724 2421 1780 fuerit
2464 1727 2773 1796 explorata,
2825 1728 2944 1783 sine
2992 1730 3154 1784 dubio
3188 1733 3254 1787 ad
3306 1733 3399 1787 fir-

1820 1815 2048 1869 miorem
2100 1815 2181 1869 sui
2227 1817 2605 1887 compaginem
2660 1818 3223 1890 iustauratiouemque
3269 1824 3399 1879 soli-

158 1893 294 1947 etiam
327 1892 484 1961 impie
519 1893 898 1959 commiserat,
933 1893 1215 1949 historiam
1262 1898 1553 1964 quamdam
1590 1913 1708 1953 sce-
1739 1896 1782 1951 B
1811 1906 1992 1965 datur,

157 1986 299 2040 lerum
328 2001 555 2041 suorum
591 1994 717 2040 ante
749 1987 937 2042 oculos
964 2002 1092 2042 suos
1124 1988 1331 2042 videbit
1364 1990 1705 2058 expositam;

159 2086 263 2132 tunc
286 2088 336 2133 et
363 2080 475 2148 ipsa
508 2078 857 2135 conscientia
899 2080 1139 2150 propriis
1184 2081 1424 2136 stimulis
1470 2084 1709 2154 agitatur

156 2179 288 2239 atque
316 2172 727 2241 compungitur,
763 2180 817 2225 et
864 2172 948 2224 sui
984 2172 1096 2242 ipsa
1130 2171 1364 2228 efficitur
1396 2175 1707 2230 accusatrix

154 2271 197 2315 et
235 2263 395 2317 testis.
453 2255 625 2331 Quod
676 2263 746 2317 ita
802 2264 1045 2319 sensisse
1093 2275 1220 2335 puto
1262 2267 1426 2320 etiam
1481 2267 1704 2323 Paulum

154 2354 416 2421 apostolum
446 2369 581 2409 cum
615 2354 746 2408 dicit
800 2370 815 2407 :
854 2372 872 2405 ‹
912 2354 1059 2408 inter
1108 2370 1166 2410 se
1214 2356 1448 2411 invicem
1498 2360 1710 2429 cogita-

154 2445 357 2500 tionibus
384 2444 797 2510 accusantibus,
834 2455 932 2500 aut
965 2446 1132 2501 etiam
1182 2447 1603 2506 defendentibus
1649 2451 1705 2505 in

154 2537 223 2593 die
260 2553 355 2609 qua
393 2537 670 2608 iudicabit
717 2539 859 2595 Deus
918 2539 1131 2595 occulta
1167 2541 1471 2607 hominum,
1510 2559 1707 2598 secun-

153 2630 256 2684 dum
288 2631 642 2700 Evangelium
675 2644 851 2684 meum
882 2645 979 2700 per
1006 2628 1193 2687 Jesum
1222 2633 1553 2689 Christum'.
1583 2653 1602 2687 ο
1627 2636 1709 2692 Ex

152 2733 237 2791 quo
263 2714 582 2790 intelligitur
613 2722 757 2789 quod
803 2721 949 2776 circa
1003 2726 1175 2793 ipsam
1206 2724 1405 2781 animm
1448 2728 1711 2797 substan-

154 2812 258 2864 tiam
291 2822 559 2866 tormenta
597 2810 843 2881 quaedam
883 2826 951 2868 ex
986 2813 1119 2884 ipsis
1148 2825 1496 2886 peccatorum
1530 2820 1711 2876 noxiis

152 2900 398 2959 affectibus
428 2914 795 2974 generantur.

209 3012 251 3067 5.
282 3013 342 3068 Ει
368 3030 436 3070 ne
484 3015 631 3071 satis
664 3016 760 3071 tibi
790 3016 951 3087 hujus
984 3018 1063 3071 rei
1117 3020 1427 3078 intellectus
1458 3021 1702 3078 difficilis

153 3117 388 3175 appareat,
442 3108 790 3163 considerari
836 3111 1097 3178 possibile
1134 3121 1217 3165 est
1251 3127 1318 3168 ex
1369 3113 1453 3169 his
1488 3116 1698 3185 passio-

1880 2020 1935 2075 ε.
1973 2021 2135 2076 Multa
2184 2035 2311 2077 sunt
2343 2024 2505 2078 etiam
2538 2025 2643 2078 alia
2672 2039 2790 2093 qua:
2821 2041 2918 2082 nos
2944 2026 3137 2094 latent,
3169 2043 3287 2097 qua:
3323 2030 3397 2084 illi

1811 2113 1912 2167 soli
1954 2115 2167 2184 cognita
2223 2126 2372 2180 sunt,
2405 2118 2495 2186 qui
2536 2127 2619 2172 est
2661 2114 2901 2172 medicus
2944 2119 3250 2174 animarum
3294 2135 3397 2175 no~

1811 2213 2074 2259 strarum.
2117 2204 2177 2260 Si
2213 2209 2355 2261 enim
2410 2209 2475 2263 ad
2528 2211 2777 2279 corporis
2822 2212 3111 2266 sanitatem
3173 2226 3272 2282 pro
3312 2212 3398 2267 bis

1811 2296 1957 2351 vitiis
1985 2313 2103 2366 quae
2138 2313 2233 2367 per
2266 2313 2446 2354 escam
2496 2312 2794 2371 potumque
2835 2302 3171 2371 collegimus,
3205 2316 3399 2358 neces-

1812 2390 2012 2445 sariam
2069 2392 2333 2445 habemus
2381 2392 2653 2448 interdum
2702 2395 3021 2451 austerioris
3075 2410 3140 2450 ac
3176 2398 3396 2450 morda-

1812 2482 1978 2537 cioris
2013 2481 2125 2553 (5‘2)
2159 2482 2539 2539 medicamenti
2569 2500 2793 2551 curam;
2826 2502 3210 2559 nonnunquam
3241 2504 3395 2553 vero,

1811 2572 1857 2628 si
1908 2573 1962 2627 id
2016 2574 2134 2627 vitii
2183 2574 2416 2643 qualitas
2460 2577 2862 2645 depoposcerit,
2927 2580 3108 2650 rigore
3160 2579 3289 2634 ferri
3337 2593 3397 2636 et

1813 2666 2072 2722 sectionis
2114 2668 2410 2737 asperitate
2438 2670 2775 2737 indigemus;
2825 2673 2969 2743 quod
3007 2675 3051 2729 si
3082 2675 3247 2729 etiam
3280 2675 3398 2730 haec

1813 2772 2198 2827 supergressus
2258 2757 2427 2812 fuerit
2489 2762 2663 2815 morbi
2727 2763 2952 2828 modus,
3002 2764 3069 2817 ad
3141 2764 3396 2818 ultimum

1813 2860 2135 2919 conceptum
2161 2848 2356 2904 vitium
2389 2850 2553 2905 etiam
2596 2851 2737 2920 ignis
2774 2855 2997 2919 exurit;
3044 2866 3247 2925 quanto
3280 2872 3397 2910 ma-

1813 2942 1896 3013 gis
1947 2941 2359 3011 intelligendum
2409 2950 2493 2996 est
2532 2954 2586 2997 et
2640 2943 2784 2999 hunc
2835 2946 3101 3001 medicum
3147 2958 3395 3003 nostrum

1814 3034 1981 3089 Deum
2013 3034 2284 3089 volentem
2314 3033 2525 3089 diluere
2553 3034 2684 3088 vitia
2718 3036 3021 3091 animarum
3055 3047 3392 3106 nostrarum,

1814 3139 1935 3195 qua:
1962 3141 2030 3180 ex
2068 3133 2416 3195 peccatorum
2464 3134 2519 3179 et
2560 3125 2829 3180 scelerum
2865 3127 3181 3183 diversitate
3231 3128 3398 3183 colle-

154 3210 257 3249 nam
283 3196 441 3300 vitiis:
471 3214 605 3268 qua:
634 3197 921 3300 animabus
967 3201 1218 3256 accidere
1265 3202 1462 3300 solent,
1512 3205 1565 3259 id
1596 3215 1703 3269 est.
1734 3238 1774 3295 ρ
1816 3232 2031 3287 seram,
2066 3218 2142 3271 uti
2190 3216 2560 3287 hujuscemodi
2597 3218 2906 3286 poenalibus
2952 3221 3119 3300 curis,
3168 3222 3395 3288 insuper

150 3298 250 3339 cum
286 3286 360 3341 vel
404 3287 653 3343 ﬂammis
696 3290 899 3345 amoris
922 3291 1194 3360 ;exuritur
1237 3291 1349 3365 (49)
1384 3295 1586 3363 anima,
1617 3297 1703 3351 vel

158 3379 257 3446 zeli,
298 3379 377 3434 vel
422 3381 624 3437 livoris
678 3383 899 3453 ignibus
930 3393 1270 3451 maceratur;
1322 3395 1416 3440 aut
1465 3402 1586 3440 cum
1622 3390 1703 3443 ira

153 3472 375 3541 agitatur,
403 3473 486 3529 vel
509 3490 641 3529 cum
672 3475 919 3543 insaniae,
946 3476 1031 3531 vel
1066 3476 1303 3532 tristitia:
1330 3478 1705 3536 immensitate

151 3566 473 3633 consumitur,
514 3567 796 3636 quomodo
828 3567 1021 3621 horum
1070 3568 1337 3623 malorum
1392 3571 1703 3629 nimieta'tes

154 3653 377 3726 aliquanti
426 3659 857 3715 intolerabiliter
904 3659 1170 3728 ferentes,
1211 3675 1443 3717 mortem
1498 3666 1701 3730 subire,

152 3760 286 3817 quam
315 3750 423 3823 (50)
452 3752 837 3823 hujuscemodi
871 3757 1146 3811 cruciatus
1176 3760 1406 3827 perpeti,
1449 3759 1703 3814 tolerabi-

154 3836 238 3894 lius
267 3842 513 3899 babuere.
574 3843 843 3914 Requires
891 3862 1027 3902 sane
1068 3848 1112 3902 si
1167 3849 1251 3903 his
1293 3850 1383 3918 qui
1443 3851 1701 3906 vitiorum

156 3932 283 3988 malis
313 3936 423 3991 istis
469 3952 599 4007 quae
646 3953 809 4008 supra
857 3938 1116 4007 diximus,
1155 3940 1350 3995 irretiti
1407 3953 1555 4009 sunt,
1602 3959 1703 3999 nec

155 4027 512 4084 emendationis
542 4028 753 4099 aliquid
782 4029 835 4083 in
865 4028 969 4086 hac
996 4032 1109 4086 vita
1137 4033 1315 4088 adhuc
1342 4034 1507 4104 positi
1553 4051 1703 4089 com-

156 4131 315 4184 parare
363 4123 586 4177 sibimet
624 4133 939 4192 potuerunt,
991 4134 1046 4179 et
1095 4124 1167 4180 ita
1216 4139 1283 4179 ex
1337 4126 1441 4180 hoc
1496 4126 1700 4180 mundo

157 4209 523 4283 abscesserunt,
582 4216 815 4273 sufﬁciat
863 4210 970 4272 illis
1019 4218 1085 4272 ad
1135 4230 1349 4287 pcenam
1400 4217 1541 4285 quod
1592 4218 1699 4272 illis

157 4302 262 4371 ipsis
286 4310 704 4374 perdurantibus
745 4310 799 4365 in
846 4326 903 4365 se
929 4311 1107 4366 noxiis
1139 4309 1423 4364 affectibus
1450 4310 1700 4364 crucian-

158 4401 243 4459 tur,
284 4398 331 4453 id
370 4410 472 4466 est,
505 4401 596 4456 vel
645 4402 762 4466 irae,
808 4401 890 4457 vel
941 4401 1164 4466 furoris,
1198 4402 1283 4455 vel
1324 4401 1571 4469 insaniae,
1614 4400 1697 4456 vel

159 4493 389 4557 mmroris,
419 4510 659 4565 quorum
702 4492 889 4562 utique
952 4491 1296 4547 mortiferum
1351 4494 1501 4547 virus
1549 4492 1697 4548 nullo

161 4579 202 4634 in
226 4583 316 4639 hac
353 4587 457 4641 vita
492 4587 900 4643 emendationis
948 4586 1347 4641 medicamento
1395 4584 1693 4654 mitigatum

212 4723 229 4753 ²
255 4721 484 4791 Rom.1t,
514 4726 606 4792 15,
648 4726 737 4785 16.
830 4726 850 4758 ³
895 4727 1052 4782 Deut.
1088 4740 1277 4780 xxviii.

215 4862 309 4935 (£6)
351 4864 656 4921 Contraria.
708 4867 869 4921 Deest
918 4864 971 4918 in
1019 4864 1290 4934 prioribus
1336 4864 1688 4929 editionibus,

162 4939 234 4986 sed
260 4935 472 4991 habetur
502 4939 557 4991 in
588 4953 719 4992 mss.
751 4937 917 4991 Paulo
943 4944 1059 5004 post
1093 4951 1250 5000 mss.,
1287 4953 1305 4985 ι
1344 4935 1691 5003 intemperies

161 5003 347 5077 collecta
392 5009 675 5061 materiam
732 5003 1085 5077 suggesSerit.
1148 5024 1167 5056 ι
1219 5006 1368 5059 Alias
1390 5022 1491 5075 pro
1522 5024 1540 5055 ι
1580 5006 1691 5059 col-

164 5070 273 5145 lecta
305 5096 321 5127 ι
350 5077 548 5145 legitur
578 5098 595 5129 ι
636 5070 940 5131 collectam.
980 5095 998 5126 ι

218 5144 313 5216 (47)
354 5144 439 5200 Ito
482 5149 665 5201 anima
710 5164 825 5201 cum
854 5145 1237 5200 multitudinem
1280 5145 1540 5216 nmlorum
1574 5162 1692 5214 ape-

165 5227 274 5278 ntm,
300 5215 403 5273 etc.
435 5217 587 5272 llune
632 5218 811 5269 locum
855 5219 1166 5273 summatim
1204 5216 1369 5269 refert
1420 5215 1691 5285 Hierony-

165 5298 258 5356 mus
279 5288 425 5356 epist.
453 5289 523 5343 94
549 5288 615 5351 ad
643 5287 857 5342 Avitum
889 5288 971 5341 his
996 5286 1171 5340 verbis
1194 5301 1210 5340 :
1244 5305 1261 5337 ι
1302 5285 1456 5355 ignes
1478 5300 1694 5355 quoque

166 5354 383 5426 gehennae
407 5370 460 5413 et
489 5368 757 5413 tormenta
797 5373 916 5426 qua:
943 5358 1225 5425 Scriptura
1269 5354 1456 5410 sancta
1500 5354 1690 5424 pecea-

167 5425 340 5498 toribus
388 5429 768 5493 comminatur,
805 5425 910 5482 non
944 5428 1094 5495 pauit
1122 5426 1424 5498 (Origenes)
1469 5426 1521 5498 in
1565 5441 1693 5498 sup:

167 5491 326 5571 pliciis,
360 5501 450 5553 sed
478 5500 528 5554 iu
559 5491 894 5571 conscientia
940 5491 1553 5571 peccatorut'n_,_qu'ando
1592 5491 1688 5552 Dei

166 5567 334 5638 Virtute
366 5579 418 5622 et
452 5570 687 5638 potentia
719 5568 898 5623 omnis
930 5568 1189 5638 memoria
1215 5567 1534 5638 delictorum
1560 5576 1689 5623 ante

165 5635 317 5711 oculos
340 5635 545 5711 nostros
584 5640 901 5711 ponitur,et
936 5637 1116 5711 veluti
1137 5654 1205 5692 ex
1236 5636 1557 5711 quibusdam
1598 5652 1686 5691 se-

168 5706 365 5762 minibus
398 5710 452 5762 in
478 5706 656 5764 anima
696 5709 998 5774 derelictis,
1029 5708 1280 5763 universa
1313 5706 1570 5762 vitiorum
1603 5722 1690 5762 se-

166 5784 240 5850 ges
275 5778 535 5850 exoritur,
587 5789 643 5835 et
682 5779 947 5850 quidquid
996 5778 1301 5850 feceramus
1350 5778 1403 5832 in
1448 5777 1559 5831 vita
1606 5776 1691 5832 vel

168 5849 296 5913 turpe
319 5849 399 5903 vel
426 5850 663 5923 impium,
691 5848 869 5907 omnis
892 5864 1081 5907 eorum
1104 5848 1158 5905 in
1180 5858 1474 5919 conspectu
1503 5856 1691 5906 nostro

1812 3306 1975 3361 etiam
2013 3306 2150 3374 ignis
2182 3305 2388 3359 inferre
2439 3304 2769 3374 supplicium
2822 3304 2907 3361 bis
2951 3306 3044 3374 qui
3098 3306 3394 3362 sanitatem

1812 3398 2008 3452 animae
2083 3395 2477 3466 perdiderunt?
2537 3390 2703 3462 Cujus
2753 3397 2830 3451 rei
2899 3397 3055 3468 103
3125 3397 3396 3468 imagines

1812 3490 1973 3546 etiam
2007 3490 2059 3544 in
2098 3488 2394 3560 Scripturis
2433 3490 2641 3543 sanctis
2688 3488 3022 3545 referuntur.
3061 3489 3303 3560 Denique
3334 3490 3394 3544 in

1812 3580 2230 3635 Deuteronomio
2276 3593 2455 3635 sermo
2490 3579 2705 3635 divinus
2745 3579 3120 3649 peccatoribus
3166 3580 3396 3635 commi-

1813 3673 2031 3738 natur‘,
2055 3672 2196 3742 quod
2232 3671 2474 3729 febribus
2508 3684 2564 3729 et
2593 3675 2890 3744 frigoribus
2919 3683 2973 3728 et
3007 3673 3253 3742 aurigine
3293 3690 3393 3744 pu-

1811 3766 2050 3831 nientur,
2070 3772 2127 3818 et
2158 3763 2437 3819 oculorum
2464 3764 2919 3829 vacillationibus,
2948 3771 3003 3818 et
3037 3765 3232 3821 mentis
3261 3765 3394 3820 alie-

1812 3857 2056 3922 natione,
2100 3866 2157 3911 et
2209 3857 2546 3928 paraplexia,
2578 3867 2633 3912 et
2684 3857 2951 3918 crecitate.
3002 3872 3066 3912 ac
3112 3857 3392 3913 debilitate

1812 3965 2004 4004 renum
2024 3949 2305 4004 cruciandi
2329 3951 2459 4007 sint.
2481 3949 2536 4005 Si
2564 3949 2687 4019 quis
2714 3949 2879 4019 igitur
2905 3965 2974 4004 ex
3001 3950 3111 4006 otio
3142 3949 3209 4005 de
3238 3951 3391 4007 omni

1808 4041 2091 4111 Scriptura
2132 4051 2423 4112 congreget
2463 4058 2652 4099 omnes
2682 4043 3002 4113 languorum
3049 4057 3391 4097 commemo-

1811 4135 2071 4199 rationes,
2098 4148 2219 4203 quae
2278 4135 2330 4188 in
2394 4134 2813 4190 comminatione
2844 4133 2953 4205 (53)
3008 4135 3389 4203 peccatoribus

1808 4224 1956 4278 velut
2014 4239 2401 4294 corporearum
2474 4225 2857 4296 aegritudinum
2929 4226 3387 4296 appellationibus

1809 4327 2211 4381 memorantur,
2245 4316 2486 4372 inveniet
2515 4318 2655 4387 quod
2687 4317 2990 4373 animarum
3021 4318 3105 4374 vel
3133 4320 3390 4386 vitia,vel

1807 4409 2067 4479 supplicia
2114 4424 2211 4479 per
2258 4411 2360 4464 hoc
2394 4409 2696 4479 figuraliter
2732 4412 3064 4465 iudicentur.
3097 4411 3168 4467 Ut
3202 4422 3384 4469 autem

1808 4498 2173 4569 intelligamus
2222 4500 2345 4569 quia
2381 4514 2444 4553 ea
2480 4499 2692 4553 ratione
2726 4514 2829 4568 qua
2868 4499 3064 4555 medici
3114 4500 3386 4568 adjutoria

1734 4603 1779 4657 ι)
1810 4588 2185 4659 languentibus
2225 4590 2506 4655 adhibent,
2539 4600 2598 4644 ut
2628 4604 2724 4661 per
2755 4605 2918 4646 curas
2957 4601 3209 4661 reparent
3237 4596 3386 4649 sani~

1802 4861 2013 4943 pictura
2044 4861 2393 4943 describitur,
2427 4875 2489 4915 ac
2522 4860 2832 4943 prmteritas
2881 4858 3190 4943 voluptates
3229 4875 3384 4943 meus

1802 4928 2019 4986 intuens
2054 4931 2400 4986 conscientiae
2432 4928 2653 5000 punitur
2677 4931 2895 4997 ardore,
2934 4937 2988 4983 et
3026 4928 3383 4999 pteuitudinis

1802 5002 2041 5057 stimulis
2074 5001 2402 5056 confoditur.
2443 5020 2461 5052 ι

1874 5073 1986 5142 (48)
2039 5070 2131 5128 Sic
2167 5086 2298 5126 mss.
2348 5072 2516 5135 Alias,
2551 5089 2570 5122 ς
2606 5080 2767 5141 atque
2809 5069 3134 5139 supplicium
3169 5070 3381 5125 inflam-

1802 5152 2004 5198 matur.
2047 5161 2065 5192 ι

1873 5210 2139 5285 (49)Αγει
2186 5212 2420 5285 ﬂammis
2467 5212 2666 5285 amoris
2710 5212 2972 5265 exuritur.
3018 5208 3094 5264 Ita
3142 5226 3276 5267 mss.
3322 5213 3381 5266 In

1799 5282 1961 5338 editis
1990 5282 2143 5336 deest
2172 5284 2254 5334 vel
2280 5292 2333 5335 et
2357 5283 2579 5335 amoris.

1868 5350 1981 5423 (50)
2023 5350 2102 5406 Ita
2156 5366 2305 5423 mss.,
2334 5354 2502 5417 Alias,
2551 5371 2568 5403 ι
2626 5355 2722 5405 irae
2766 5350 3007 5419 agitatur
3051 5350 3263 5405 insania
3297 5351 3379 5405 vel

1799 5422 2428 5476 tristiticeinunensitate
2471 5423 2837 5484 consumitur,
2885 5423 3139 5488 quoniam
3183 5423 3376 5488 horum

1796 5495 2065 5547 malorum
2104 5492 2333 5547 durities
2364 5493 2627 5564 aliquanti
2677 5491 3097 5548 intolerabiliter
3142 5492 3377 5547 ferentes

1796 5564 1932 5617 mori
1961 5578 2144 5633 quam,
2182 5581 2202 5614 ι
2242 5573 2349 5617 etc.

1869 5632 1995 5705 (iiii
2025 5632 2117 5705 Sic
2149 5649 2278 5689 mss.
2317 5633 2485 5696 Alias,
2527 5651 2546 5685 ι
2583 5634 2835 5688 aliorum.
2874 5652 2893 5685 ι

1871 5703 1987 5774 (δι’.)
2034 5703 2111 5757 lta
2148 5720 2282 5759 mss.
2316 5705 2487 5770 Alias,
2521 5722 2540 5755 ‹
2578 5705 2985 5760 moderatioris.
3017 5723 3036 5756 ›

1870 5774 1982 5846 (55)
2013 5775 2069 5829 In
2106 5775 2265 5846 editis
2295 5774 2449 5829 deest
2484 5793 2501 5825 ‹
2530 5774 2598 5846 in
2631 5775 3072 5839 comminatione,
3106 5794 3126 5825 ι
3164 5783 3218 5829 et
3248 5774 3381 5843 logi-

1801 5857 1913 5914 tur,
1949 5845 1969 5898 ‹
2000 5860 2122 5917 quae
2146 5845 2213 5902 de
2244 5845 2644 5916 peccatoribus.
2682 5863 2702 5896 ο
