  <div class='ocr_page' id='page_1' title='image "/cluster/home/n/w/nwhite01/storage/ocr_20150623/11/hvd.32044024345175/125.png"; bbox 0 0 3988 6418; ppageno 0'>
   <div class='ocr_carea' id='block_1_1' title="bbox 568 370 676 427">
    <p class='ocr_par' dir='ltr' id='par_1_1' title="bbox 568 370 676 427">
     <span class='ocr_line' id='line_1_1' title="bbox 568 370 676 427; baseline -0.019 0"><span class='ocrx_word' id='word_1_1' title='bbox 568 370 676 427; x_wconf 71' lang='grc'><strong>259</strong></span> 
     </span>
    </p>
   </div>
   <div class='ocr_carea' id='block_1_2' title="bbox 1800 362 2586 422">
    <p class='ocr_par' dir='ltr' id='par_1_2' title="bbox 1800 362 2586 422">
     <span class='ocr_line' id='line_1_2' title="bbox 1800 362 2586 422; baseline 0.005 -3"><span class='ocrx_word' id='word_1_2' title='bbox 1800 362 2117 421; x_wconf 75' lang='lat' dir='ltr'><strong>ORIGENIS</strong></span> <span class='ocrx_word' id='word_1_3' title='bbox 2155 367 2315 422; x_wconf 80' lang='grc' dir='ltr'><strong>ΠΕΡΙ</strong></span> <span class='ocrx_word' id='word_1_4' title='bbox 2355 368 2586 422; x_wconf 76' lang='grc' dir='ltr'><strong>ΑΡΧΩΝ</strong></span> 
     </span>
    </p>
   </div>
   <div class='ocr_carea' id='block_1_3' title="bbox 3714 371 3818 429">
    <p class='ocr_par' dir='ltr' id='par_1_3' title="bbox 3714 371 3818 429">
     <span class='ocr_line' id='line_1_3' title="bbox 3714 371 3818 429; baseline 0.019 -2"><span class='ocrx_word' id='word_1_5' title='bbox 3714 371 3818 429; x_wconf 65' lang='grc'><strong>246</strong></span> 
     </span>
    </p>
   </div>
   <div class='ocr_carea' id='block_1_4' title="bbox 574 488 3819 564">
    <p class='ocr_par' dir='ltr' id='par_1_4' title="bbox 574 488 3819 564">
     <span class='ocr_line' id='line_1_4' title="bbox 574 488 3819 564; baseline 0.001 -17"><span class='ocrx_word' id='word_1_6' title='bbox 574 500 761 555; x_wconf 81' lang='lat' dir='ltr'><strong>tatem,</strong></span> <span class='ocrx_word' id='word_1_7' title='bbox 800 490 962 544; x_wconf 86' lang='lat' dir='ltr'><strong>etiam</strong></span> <span class='ocrx_word' id='word_1_8' title='bbox 1005 489 1142 543; x_wconf 89' lang='lat' dir='ltr'><strong>Deus</strong></span> <span class='ocrx_word' id='word_1_9' title='bbox 1174 488 1287 555; x_wconf 81' lang='lat' dir='ltr'><strong>agit</strong></span> <span class='ocrx_word' id='word_1_10' title='bbox 1315 488 1460 542; x_wconf 80' lang='lat' dir='ltr'><strong>circa</strong></span> <span class='ocrx_word' id='word_1_11' title='bbox 1499 504 1596 543; x_wconf 82' lang='lat' dir='ltr'><strong>eos</strong></span> <span class='ocrx_word' id='word_1_12' title='bbox 1628 488 1717 559; x_wconf 87' lang='lat' dir='ltr'><strong>qtti</strong></span> <span class='ocrx_word' id='word_1_13' title='bbox 1751 488 1888 557; x_wconf 83' lang='lat' dir='ltr'><strong>lapsi</strong></span> <span class='ocrx_word' id='word_1_14' title='bbox 1918 500 2066 549; x_wconf 83' lang='lat' dir='ltr'><strong>sunt.</strong></span> <span class='ocrx_word' id='word_1_15' title='bbox 2091 498 2146 543; x_wconf 89' lang='lat' dir='ltr'><strong>et</strong></span> <span class='ocrx_word' id='word_1_16' title='bbox 2174 496 2219 551; x_wconf 79' lang='grc' dir='ltr'><strong>Α</strong></span> <span class='ocrx_word' id='word_1_17' title='bbox 2254 490 2505 557; x_wconf 73' lang='lat' dir='ltr'><strong>puritatis</strong></span> <span class='ocrx_word' id='word_1_18' title='bbox 2534 500 2805 561; x_wconf 87' lang='lat' dir='ltr'><strong>assumpta</strong></span> <span class='ocrx_word' id='word_1_19' title='bbox 2826 498 2930 557; x_wconf 89' lang='lat' dir='ltr'><strong>est,</strong></span> <span class='ocrx_word' id='word_1_20' title='bbox 2950 505 3069 561; x_wconf 85' lang='lat' dir='ltr'><strong>quae</strong></span> <span class='ocrx_word' id='word_1_21' title='bbox 3091 491 3277 562; x_wconf 82' lang='lat' dir='ltr'><strong>utique</strong></span> <span class='ocrx_word' id='word_1_22' title='bbox 3301 508 3427 563; x_wconf 84' lang='lat' dir='ltr'><strong>pars</strong></span> <span class='ocrx_word' id='word_1_23' title='bbox 3450 502 3635 564; x_wconf 85' lang='lat' dir='ltr'><strong>utpote</strong></span> <span class='ocrx_word' id='word_1_24' title='bbox 3653 493 3819 552; x_wconf 80' lang='lat' dir='ltr'><strong>amics</strong></span> 
     </span>
    </p>
   </div>
   <div class='ocr_carea' id='block_1_5' title="bbox 571 582 2138 653">
    <p class='ocr_par' dir='ltr' id='par_1_5' title="bbox 571 582 2138 653">
     <span class='ocr_line' id='line_1_5' title="bbox 571 582 2138 653; baseline -0.001 -15"><span class='ocrx_word' id='word_1_25' title='bbox 571 586 892 639; x_wconf 84' lang='lat' dir='ltr'><strong>deciderunt</strong></span> <span class='ocrx_word' id='word_1_26' title='bbox 945 585 996 637; x_wconf 93' lang='lat' dir='ltr'><strong>in</strong></span> <span class='ocrx_word' id='word_1_27' title='bbox 1058 594 1298 653; x_wconf 89' lang='lat' dir='ltr'><strong>peccata,</strong></span> <span class='ocrx_word' id='word_1_28' title='bbox 1352 583 1555 637; x_wconf 88' lang='lat' dir='ltr'><strong>indicio</strong></span> <span class='ocrx_word' id='word_1_29' title='bbox 1600 593 1679 636; x_wconf 89' lang='lat' dir='ltr'><strong>est</strong></span> <span class='ocrx_word' id='word_1_30' title='bbox 1728 592 1782 637; x_wconf 89' lang='lat' dir='ltr'><strong>et</strong></span> <span class='ocrx_word' id='word_1_31' title='bbox 1828 582 1957 637; x_wconf 88' lang='lat' dir='ltr'><strong>illud</strong></span> <span class='ocrx_word' id='word_1_32' title='bbox 2004 583 2138 652; x_wconf 67' lang='lat'><strong>(54),</strong></span> 
     </span>
    </p>
   </div>
   <div class='ocr_carea' id='block_1_6' title="bbox 569 674 2137 746">
    <p class='ocr_par' dir='ltr' id='par_1_6' title="bbox 569 674 2137 746">
     <span class='ocr_line' id='line_1_6' title="bbox 569 674 2137 746; baseline 0.001 -17"><span class='ocrx_word' id='word_1_33' title='bbox 569 677 712 746; x_wconf 88' lang='lat' dir='ltr'><strong>quod</strong></span> <span class='ocrx_word' id='word_1_34' title='bbox 744 693 841 745; x_wconf 91' lang='lat' dir='ltr'><strong>per</strong></span> <span class='ocrx_word' id='word_1_35' title='bbox 871 674 1161 730; x_wconf 83' lang='lat' dir='ltr'><strong>.Ieremiam</strong></span> <span class='ocrx_word' id='word_1_36' title='bbox 1209 676 1529 745; x_wconf 83' lang='lat' dir='ltr'><strong>prophetam</strong></span> <span class='ocrx_word' id='word_1_37' title='bbox 1572 674 1793 743; x_wconf 87' lang='lat' dir='ltr'><strong>jubctur</strong></span> <span class='ocrx_word' id='word_1_38' title='bbox 1818 674 1955 729; x_wconf 83' lang='lat' dir='ltr'><strong>calix</strong></span> <span class='ocrx_word' id='word_1_39' title='bbox 1992 676 2137 730; x_wconf 77' lang='lat' dir='ltr'><strong>luro~</strong></span> 
     </span>
    </p>
   </div>
   <div class='ocr_carea' id='block_1_7' title="bbox 573 767 2137 837">
    <p class='ocr_par' dir='ltr' id='par_1_7' title="bbox 573 767 2137 837">
     <span class='ocr_line' id='line_1_7' title="bbox 573 767 2137 837; baseline -0.003 -14"><span class='ocrx_word' id='word_1_40' title='bbox 573 771 648 823; x_wconf 84' lang='lat' dir='ltr'><strong>ris</strong></span> <span class='ocrx_word' id='word_1_41' title='bbox 678 769 791 837; x_wconf 85' lang='lat'><strong>(55)</strong></span> <span class='ocrx_word' id='word_1_42' title='bbox 828 769 917 821; x_wconf 87' lang='lat' dir='ltr'><strong>Dei</strong></span> <span class='ocrx_word' id='word_1_43' title='bbox 966 768 1237 837; x_wconf 82' lang='lat' dir='ltr'><strong>propitiari</strong></span> <span class='ocrx_word' id='word_1_44' title='bbox 1274 767 1528 821; x_wconf 90' lang='lat' dir='ltr'><strong>omnibus</strong></span> <span class='ocrx_word' id='word_1_45' title='bbox 1558 768 1805 837; x_wconf 75' lang='lat' dir='ltr'><strong>gentibus</strong></span> <span class='ocrx_word' id='word_1_46' title='bbox 1842 777 1901 821; x_wconf 89' lang='grc' dir='ltr'><strong>ιιι</strong></span> <span class='ocrx_word' id='word_1_47' title='bbox 1932 768 2137 829; x_wconf 91' lang='lat' dir='ltr'><strong>bibant,</strong></span> 
     </span>
    </p>
   </div>
   <div class='ocr_carea' id='block_1_8' title="bbox 568 861 2141 931">
    <p class='ocr_par' dir='ltr' id='par_1_8' title="bbox 568 861 2141 931">
     <span class='ocr_line' id='line_1_8' title="bbox 568 861 2141 931; baseline -0.001 -16"><span class='ocrx_word' id='word_1_48' title='bbox 568 872 621 915; x_wconf 90' lang='lat' dir='ltr'><strong>et</strong></span> <span class='ocrx_word' id='word_1_49' title='bbox 680 862 973 924; x_wconf 84' lang='lat' dir='ltr'><strong>insaniant,</strong></span> <span class='ocrx_word' id='word_1_50' title='bbox 1022 870 1076 915; x_wconf 91' lang='lat' dir='ltr'><strong>et</strong></span> <span class='ocrx_word' id='word_1_51' title='bbox 1133 861 1445 915; x_wconf 60' lang='lat' dir='ltr'><strong>evomant‘.</strong></span> <span class='ocrx_word' id='word_1_52' title='bbox 1492 861 1545 913; x_wconf 88' lang='lat' dir='ltr'><strong>Itt</strong></span> <span class='ocrx_word' id='word_1_53' title='bbox 1609 878 1719 931; x_wconf 83' lang='lat' dir='ltr'><strong>quo</strong></span> <span class='ocrx_word' id='word_1_54' title='bbox 1780 863 2141 915; x_wconf 83' lang='lat' dir='ltr'><strong>comminatur</strong></span> 
     </span>
    </p>
   </div>
   <div class='ocr_carea' id='block_1_9' title="bbox 569 954 2139 1021">
    <p class='ocr_par' dir='ltr' id='par_1_9' title="bbox 569 954 2139 1021">
     <span class='ocr_line' id='line_1_9' title="bbox 569 954 2139 1021; baseline 0 -16"><span class='ocrx_word' id='word_1_55' title='bbox 569 954 814 1015; x_wconf 66' lang='lat' dir='ltr'><strong>dicens“,</strong></span> <span class='ocrx_word' id='word_1_56' title='bbox 849 954 972 1021; x_wconf 82' lang='lat' dir='ltr'><strong>quia</strong></span> <span class='ocrx_word' id='word_1_57' title='bbox 998 954 1041 1007; x_wconf 90' lang='lat' dir='ltr'><strong>si</strong></span> <span class='ocrx_word' id='word_1_58' title='bbox 1072 954 1193 1021; x_wconf 84' lang='lat' dir='ltr'><strong>quis</strong></span> <span class='ocrx_word' id='word_1_59' title='bbox 1238 955 1467 1007; x_wconf 82' lang='lat' dir='ltr'><strong>noluerit</strong></span> <span class='ocrx_word' id='word_1_60' title='bbox 1511 954 1715 1017; x_wconf 86' lang='lat' dir='ltr'><strong>bibere,</strong></span> <span class='ocrx_word' id='word_1_61' title='bbox 1756 968 1860 1005; x_wconf 91' lang='lat' dir='ltr'><strong>non</strong></span> <span class='ocrx_word' id='word_1_62' title='bbox 1914 955 2139 1006; x_wconf 88' lang='lat' dir='ltr'><strong>munda-</strong></span> 
     </span>
    </p>
   </div>
   <div class='ocr_carea' id='block_1_10' title="bbox 568 1044 2139 1115">
    <p class='ocr_par' dir='ltr' id='par_1_10' title="bbox 568 1044 2139 1115">
     <span class='ocr_line' id='line_1_10' title="bbox 568 1044 2139 1115; baseline 0 -17"><span class='ocrx_word' id='word_1_63' title='bbox 568 1046 731 1098; x_wconf 88' lang='lat' dir='ltr'><strong>bitur.</strong></span> <span class='ocrx_word' id='word_1_64' title='bbox 778 1044 851 1098; x_wconf 74' lang='lat' dir='ltr'><strong>Ex</strong></span> <span class='ocrx_word' id='word_1_65' title='bbox 908 1060 1015 1112; x_wconf 89' lang='lat' dir='ltr'><strong>quo</strong></span> <span class='ocrx_word' id='word_1_66' title='bbox 1058 1047 1248 1115; x_wconf 73' lang='lat' dir='ltr'><strong>utique</strong></span> <span class='ocrx_word' id='word_1_67' title='bbox 1297 1046 1615 1113; x_wconf 72' lang='lat' dir='ltr'><strong>intelligitur</strong></span> <span class='ocrx_word' id='word_1_68' title='bbox 1642 1048 1783 1115; x_wconf 90' lang='lat' dir='ltr'><strong>quod</strong></span> <span class='ocrx_word' id='word_1_69' title='bbox 1838 1044 1989 1099; x_wconf 82' lang='lat' dir='ltr'><strong>furor</strong></span> <span class='ocrx_word' id='word_1_70' title='bbox 2023 1046 2139 1099; x_wconf 85' lang='lat' dir='ltr'><strong>vin--</strong></span> 
     </span>
    </p>
   </div>
   <div class='ocr_carea' id='block_1_11' title="bbox 567 1134 2139 1204">
    <p class='ocr_par' dir='ltr' id='par_1_11' title="bbox 567 1134 2139 1204">
     <span class='ocr_line' id='line_1_11' title="bbox 567 1134 2139 1204; baseline 0.001 -17"><span class='ocrx_word' id='word_1_71' title='bbox 567 1136 721 1187; x_wconf 66' lang='lat' dir='ltr'><strong>dicta:</strong></span> <span class='ocrx_word' id='word_1_72' title='bbox 760 1134 847 1187; x_wconf 85' lang='lat' dir='ltr'><strong>Dei</strong></span> <span class='ocrx_word' id='word_1_73' title='bbox 885 1135 950 1186; x_wconf 90' lang='lat' dir='ltr'><strong>ad</strong></span> <span class='ocrx_word' id='word_1_74' title='bbox 990 1135 1364 1204; x_wconf 78' lang='lat' dir='ltr'><strong>purgationem</strong></span> <span class='ocrx_word' id='word_1_75' title='bbox 1398 1136 1615 1204; x_wconf 91' lang='lat' dir='ltr'><strong>proﬁcit</strong></span> <span class='ocrx_word' id='word_1_76' title='bbox 1642 1136 1967 1190; x_wconf 86' lang='lat' dir='ltr'><strong>animarum.</strong></span> <span class='ocrx_word' id='word_1_77' title='bbox 1996 1137 2139 1201; x_wconf 81' lang='lat' dir='ltr'><strong>Quo-</strong></span> 
     </span>
    </p>
   </div>
   <div class='ocr_carea' id='block_1_12' title="bbox 569 1226 2137 1296">
    <p class='ocr_par' dir='ltr' id='par_1_12' title="bbox 569 1226 2137 1296">
     <span class='ocr_line' id='line_1_12' title="bbox 569 1226 2137 1296; baseline 0.003 -18"><span class='ocrx_word' id='word_1_78' title='bbox 569 1226 712 1279; x_wconf 86' lang='lat' dir='ltr'><strong>niam</strong></span> <span class='ocrx_word' id='word_1_79' title='bbox 752 1236 929 1278; x_wconf 90' lang='lat' dir='ltr'><strong>atttem</strong></span> <span class='ocrx_word' id='word_1_80' title='bbox 954 1226 1064 1295; x_wconf 87' lang='lat'><strong>(56)</strong></span> <span class='ocrx_word' id='word_1_81' title='bbox 1091 1239 1142 1279; x_wconf 89' lang='lat' dir='ltr'><strong>et</strong></span> <span class='ocrx_word' id='word_1_82' title='bbox 1171 1242 1232 1279; x_wconf 91' lang='lat' dir='ltr'><strong>ea</strong></span> <span class='ocrx_word' id='word_1_83' title='bbox 1272 1242 1425 1296; x_wconf 64' lang='lat' dir='ltr'><strong>posita</strong></span> <span class='ocrx_word' id='word_1_84' title='bbox 1457 1243 1573 1296; x_wconf 70' lang='lat' dir='ltr'><strong>qua:</strong></span> <span class='ocrx_word' id='word_1_85' title='bbox 1614 1244 1709 1296; x_wconf 89' lang='lat' dir='ltr'><strong>per</strong></span> <span class='ocrx_word' id='word_1_86' title='bbox 1737 1228 1911 1296; x_wconf 82' lang='lat' dir='ltr'><strong>ignem</strong></span> <span class='ocrx_word' id='word_1_87' title='bbox 1951 1228 2137 1282; x_wconf 82' lang='lat' dir='ltr'><strong>inferri</strong></span> 
     </span>
    </p>
   </div>
   <div class='ocr_carea' id='block_1_13' title="bbox 566 1316 2131 1390">
    <p class='ocr_par' dir='ltr' id='par_1_13' title="bbox 566 1316 2131 1390">
     <span class='ocr_line' id='line_1_13' title="bbox 566 1316 2131 1390; baseline 0.001 -20"><span class='ocrx_word' id='word_1_88' title='bbox 566 1316 761 1371; x_wconf 89' lang='lat' dir='ltr'><strong>dicitur</strong></span> <span class='ocrx_word' id='word_1_89' title='bbox 809 1318 946 1389; x_wconf 83' lang='lat'><strong>(57),</strong></span> <span class='ocrx_word' id='word_1_90' title='bbox 1000 1334 1095 1386; x_wconf 91' lang='lat' dir='ltr'><strong>pro</strong></span> <span class='ocrx_word' id='word_1_91' title='bbox 1138 1320 1407 1388; x_wconf 88' lang='lat' dir='ltr'><strong>adjutorio</strong></span> <span class='ocrx_word' id='word_1_92' title='bbox 1482 1320 1801 1390; x_wconf 89' lang='lat' dir='ltr'><strong>intelligitur</strong></span> <span class='ocrx_word' id='word_1_93' title='bbox 1865 1322 2131 1384; x_wconf 82' lang='lat' dir='ltr'><strong>adhiberi,</strong></span> 
     </span>
    </p>
   </div>
   <div class='ocr_carea' id='block_1_14' title="bbox 516 1408 2137 1479">
    <p class='ocr_par' dir='ltr' id='par_1_14' title="bbox 516 1408 2137 1479">
     <span class='ocr_line' id='line_1_14' title="bbox 516 1408 2137 1479; baseline 0.002 -18"><span class='ocrx_word' id='word_1_94' title='bbox 516 1452 519 1455; x_wconf 40' lang='grc' dir='ltr'><strong><em>γ</em></strong></span> <span class='ocrx_word' id='word_1_95' title='bbox 566 1408 732 1464; x_wconf 91' lang='lat' dir='ltr'><strong>Isaias</strong></span> <span class='ocrx_word' id='word_1_96' title='bbox 764 1408 945 1475; x_wconf 90' lang='lat' dir='ltr'><strong>docet,</strong></span> <span class='ocrx_word' id='word_1_97' title='bbox 964 1410 1054 1478; x_wconf 91' lang='lat' dir='ltr'><strong>qui</strong></span> <span class='ocrx_word' id='word_1_98' title='bbox 1084 1409 1148 1462; x_wconf 91' lang='lat' dir='ltr'><strong>de</strong></span> <span class='ocrx_word' id='word_1_99' title='bbox 1178 1410 1343 1464; x_wconf 88' lang='lat' dir='ltr'><strong>Israel</strong></span> <span class='ocrx_word' id='word_1_100' title='bbox 1371 1412 1586 1479; x_wconf 81' lang='lat' dir='ltr'><strong>quidem</strong></span> <span class='ocrx_word' id='word_1_101' title='bbox 1616 1412 1692 1465; x_wconf 93' lang='lat' dir='ltr'><strong>sic</strong></span> <span class='ocrx_word' id='word_1_102' title='bbox 1719 1411 1843 1465; x_wconf 91' lang='lat' dir='ltr'><strong>dicit</strong></span> <span class='ocrx_word' id='word_1_103' title='bbox 1869 1430 1881 1464; x_wconf 91' lang='lat'><strong>:</strong></span> <span class='ocrx_word' id='word_1_104' title='bbox 1910 1411 2137 1465; x_wconf 68' lang='lat' dir='ltr'><strong>«Abluet</strong></span> 
     </span>
    </p>
   </div>
   <div class='ocr_carea' id='block_1_15' title="bbox 566 1500 2135 1569">
    <p class='ocr_par' dir='ltr' id='par_1_15' title="bbox 566 1500 2135 1569">
     <span class='ocr_line' id='line_1_15' title="bbox 566 1500 2135 1569; baseline 0.003 -15"><span class='ocrx_word' id='word_1_105' title='bbox 566 1500 826 1556; x_wconf 89' lang='lat' dir='ltr'><strong>Dominus</strong></span> <span class='ocrx_word' id='word_1_106' title='bbox 857 1502 1045 1556; x_wconf 81' lang='lat' dir='ltr'><strong>sordes</strong></span> <span class='ocrx_word' id='word_1_107' title='bbox 1078 1501 1332 1568; x_wconf 90' lang='lat' dir='ltr'><strong>ﬁliorum,</strong></span> <span class='ocrx_word' id='word_1_108' title='bbox 1368 1503 1449 1556; x_wconf 76' lang='lat' dir='ltr'><strong>vel</strong></span> <span class='ocrx_word' id='word_1_109' title='bbox 1483 1504 1710 1556; x_wconf 87' lang='lat' dir='ltr'><strong>ﬁliarum</strong></span> <span class='ocrx_word' id='word_1_110' title='bbox 1749 1504 1899 1569; x_wconf 89' lang='lat' dir='ltr'><strong>Sion,</strong></span> <span class='ocrx_word' id='word_1_111' title='bbox 1927 1515 1981 1559; x_wconf 89' lang='lat' dir='ltr'><strong>et</strong></span> <span class='ocrx_word' id='word_1_112' title='bbox 2013 1522 2135 1560; x_wconf 84' lang='lat' dir='ltr'><strong>sau-</strong></span> 
     </span>
    </p>
   </div>
   <div class='ocr_carea' id='block_1_16' title="bbox 565 1594 2135 1666">
    <p class='ocr_par' dir='ltr' id='par_1_16' title="bbox 565 1594 2135 1666">
     <span class='ocr_line' id='line_1_16' title="bbox 565 1594 2135 1666; baseline 0.004 -21"><span class='ocrx_word' id='word_1_113' title='bbox 565 1594 781 1663; x_wconf 82' lang='lat' dir='ltr'><strong>guinem</strong></span> <span class='ocrx_word' id='word_1_114' title='bbox 828 1595 1148 1664; x_wconf 80' lang='lat' dir='ltr'><strong>cxpttrgabit</strong></span> <span class='ocrx_word' id='word_1_115' title='bbox 1186 1610 1213 1646; x_wconf 91' lang='lat' dir='ltr'><strong>e</strong></span> <span class='ocrx_word' id='word_1_116' title='bbox 1252 1596 1429 1648; x_wconf 87' lang='lat' dir='ltr'><strong>medio</strong></span> <span class='ocrx_word' id='word_1_117' title='bbox 1462 1595 1701 1664; x_wconf 88' lang='lat' dir='ltr'><strong>ipsorum</strong></span> <span class='ocrx_word' id='word_1_118' title='bbox 1730 1598 1921 1666; x_wconf 86' lang='lat' dir='ltr'><strong>spiritu</strong></span> <span class='ocrx_word' id='word_1_119' title='bbox 1945 1599 2135 1664; x_wconf 88' lang='lat' dir='ltr'><strong>jndicii</strong></span> 
     </span>
    </p>
   </div>
   <div class='ocr_carea' id='block_1_17' title="bbox 562 1685 2136 1754">
    <p class='ocr_par' dir='ltr' id='par_1_17' title="bbox 562 1685 2136 1754">
     <span class='ocr_line' id='line_1_17' title="bbox 562 1685 2136 1754; baseline 0.003 -14"><span class='ocrx_word' id='word_1_120' title='bbox 562 1696 617 1740; x_wconf 89' lang='lat' dir='ltr'><strong>et</strong></span> <span class='ocrx_word' id='word_1_121' title='bbox 656 1685 850 1754; x_wconf 85' lang='lat' dir='ltr'><strong>spiritu</strong></span> <span class='ocrx_word' id='word_1_122' title='bbox 895 1687 1185 1747; x_wconf 50' lang='lat' dir='ltr'><strong>ustiouisﬂ</strong></span> <span class='ocrx_word' id='word_1_123' title='bbox 1229 1707 1247 1739; x_wconf 85' lang='grc' dir='ltr'><strong>ι</strong></span> <span class='ocrx_word' id='word_1_124' title='bbox 1292 1688 1363 1742; x_wconf 88' lang='lat' dir='ltr'><strong>De</strong></span> <span class='ocrx_word' id='word_1_125' title='bbox 1393 1687 1662 1743; x_wconf 68' lang='lat' dir='ltr'><strong>Cbaldaais</strong></span> <span class='ocrx_word' id='word_1_126' title='bbox 1716 1698 1894 1742; x_wconf 85' lang='lat' dir='ltr'><strong>autem</strong></span> <span class='ocrx_word' id='word_1_127' title='bbox 1926 1690 2005 1745; x_wconf 89' lang='lat' dir='ltr'><strong>sic</strong></span> <span class='ocrx_word' id='word_1_128' title='bbox 2058 1691 2136 1745; x_wconf 91' lang='lat' dir='ltr'><strong>di-</strong></span> 
     </span>
    </p>
   </div>
   <div class='ocr_carea' id='block_1_18' title="bbox 562 1778 2131 1852">
    <p class='ocr_par' dir='ltr' id='par_1_18' title="bbox 562 1778 2131 1852">
     <span class='ocr_line' id='line_1_18' title="bbox 562 1778 2131 1852; baseline 0.003 -19"><span class='ocrx_word' id='word_1_129' title='bbox 562 1780 635 1833; x_wconf 91' lang='lat' dir='ltr'><strong>cit</strong></span> <span class='ocrx_word' id='word_1_130' title='bbox 682 1778 836 1848; x_wconf 84' lang='lat'><strong>(58):</strong></span> <span class='ocrx_word' id='word_1_131' title='bbox 868 1797 885 1829; x_wconf 84' lang='lat' dir='ltr'><strong>t</strong></span> <span class='ocrx_word' id='word_1_132' title='bbox 924 1778 1097 1833; x_wconf 87' lang='lat' dir='ltr'><strong>Ilabes</strong></span> <span class='ocrx_word' id='word_1_133' title='bbox 1144 1780 1408 1833; x_wconf 89' lang='lat' dir='ltr'><strong>carbones</strong></span> <span class='ocrx_word' id='word_1_134' title='bbox 1462 1782 1620 1847; x_wconf 81' lang='lat' dir='ltr'><strong>ignis,</strong></span> <span class='ocrx_word' id='word_1_135' title='bbox 1650 1782 1774 1835; x_wconf 80' lang='lat' dir='ltr'><strong>sede</strong></span> <span class='ocrx_word' id='word_1_136' title='bbox 1822 1798 1983 1852; x_wconf 89' lang='lat' dir='ltr'><strong>super</strong></span> <span class='ocrx_word' id='word_1_137' title='bbox 2016 1798 2131 1847; x_wconf 85' lang='lat' dir='ltr'><strong>eos,</strong></span> 
     </span>
    </p>
   </div>
   <div class='ocr_carea' id='block_1_19' title="bbox 562 1870 2128 1938">
    <p class='ocr_par' dir='ltr' id='par_1_19' title="bbox 562 1870 2128 1938">
     <span class='ocr_line' id='line_1_19' title="bbox 562 1870 2128 1938; baseline 0.004 -15"><span class='ocrx_word' id='word_1_138' title='bbox 562 1870 614 1923; x_wconf 90' lang='lat' dir='ltr'><strong>hi</strong></span> <span class='ocrx_word' id='word_1_139' title='bbox 671 1882 829 1924; x_wconf 91' lang='lat' dir='ltr'><strong>erunt</strong></span> <span class='ocrx_word' id='word_1_140' title='bbox 881 1870 973 1923; x_wconf 91' lang='lat' dir='ltr'><strong>tibi</strong></span> <span class='ocrx_word' id='word_1_141' title='bbox 1030 1872 1082 1924; x_wconf 89' lang='lat' dir='ltr'><strong>itt</strong></span> <span class='ocrx_word' id='word_1_142' title='bbox 1144 1870 1465 1938; x_wconf 77' lang='lat' dir='ltr'><strong>adjutorio7.</strong></span> <span class='ocrx_word' id='word_1_143' title='bbox 1499 1893 1515 1924; x_wconf 85' lang='grc' dir='ltr'><strong>ι</strong></span> <span class='ocrx_word' id='word_1_144' title='bbox 1557 1874 1619 1927; x_wconf 82' lang='lat' dir='ltr'><strong>Et</strong></span> <span class='ocrx_word' id='word_1_145' title='bbox 1673 1877 1724 1927; x_wconf 91' lang='lat' dir='ltr'><strong>in</strong></span> <span class='ocrx_word' id='word_1_146' title='bbox 1777 1874 1898 1928; x_wconf 85' lang='lat' dir='ltr'><strong>aliis</strong></span> <span class='ocrx_word' id='word_1_147' title='bbox 1952 1876 2128 1930; x_wconf 88' lang='lat' dir='ltr'><strong>dicit:</strong></span> 
     </span>
    </p>
   </div>
   <div class='ocr_carea' id='block_1_20' title="bbox 565 1962 2132 2035">
    <p class='ocr_par' dir='ltr' id='par_1_20' title="bbox 565 1962 2132 2035">
     <span class='ocr_line' id='line_1_20' title="bbox 565 1962 2132 2035; baseline 0.006 -22"><span class='ocrx_word' id='word_1_148' title='bbox 565 1980 585 2013; x_wconf 76' lang='grc' dir='ltr'><strong>ι</strong></span> <span class='ocrx_word' id='word_1_149' title='bbox 622 1962 996 2018; x_wconf 80' lang='lat' dir='ltr'><strong>Sanctiﬁcabit</strong></span> <span class='ocrx_word' id='word_1_150' title='bbox 1028 1964 1283 2018; x_wconf 90' lang='lat' dir='ltr'><strong>Dominus</strong></span> <span class='ocrx_word' id='word_1_151' title='bbox 1316 1966 1367 2019; x_wconf 91' lang='lat' dir='ltr'><strong>in</strong></span> <span class='ocrx_word' id='word_1_152' title='bbox 1386 1966 1505 2035; x_wconf 85' lang='lat' dir='ltr'><strong>igne</strong></span> <span class='ocrx_word' id='word_1_153' title='bbox 1567 1968 1793 2019; x_wconf 83' lang='lat' dir='ltr'><strong>ardenti.</strong></span> <span class='ocrx_word' id='word_1_154' title='bbox 1827 1968 1889 2021; x_wconf 87' lang='lat' dir='ltr'><strong>Et</strong></span> <span class='ocrx_word' id='word_1_155' title='bbox 1936 1969 1985 2021; x_wconf 90' lang='lat' dir='ltr'><strong>in</strong></span> <span class='ocrx_word' id='word_1_156' title='bbox 2019 1969 2132 2022; x_wconf 81' lang='lat' dir='ltr'><strong>Ma—</strong></span> 
     </span>
    </p>
   </div>
   <div class='ocr_carea' id='block_1_21' title="bbox 562 2052 2132 2129">
    <p class='ocr_par' dir='ltr' id='par_1_21' title="bbox 562 2052 2132 2129">
     <span class='ocr_line' id='line_1_21' title="bbox 562 2052 2132 2129; baseline 0.005 -24"><span class='ocrx_word' id='word_1_157' title='bbox 562 2052 741 2107; x_wconf 90' lang='lat' dir='ltr'><strong>lachia</strong></span> <span class='ocrx_word' id='word_1_158' title='bbox 775 2054 1034 2124; x_wconf 81' lang='lat' dir='ltr'><strong>prOpheta</strong></span> <span class='ocrx_word' id='word_1_159' title='bbox 1069 2056 1201 2108; x_wconf 85' lang='lat' dir='ltr'><strong>dicit</strong></span> <span class='ocrx_word' id='word_1_160' title='bbox 1233 2073 1246 2109; x_wconf 92' lang='lat'>:</span> <span class='ocrx_word' id='word_1_161' title='bbox 1286 2075 1303 2105; x_wconf 82' lang='grc' dir='ltr'><strong>ι</strong></span> <span class='ocrx_word' id='word_1_162' title='bbox 1340 2055 1545 2111; x_wconf 89' lang='lat' dir='ltr'><strong>Sedens</strong></span> <span class='ocrx_word' id='word_1_163' title='bbox 1573 2056 1831 2112; x_wconf 88' lang='lat' dir='ltr'><strong>Dominus</strong></span> <span class='ocrx_word' id='word_1_164' title='bbox 1860 2060 1972 2129; x_wconf 88' lang='lat'><strong>(59)</strong></span> <span class='ocrx_word' id='word_1_165' title='bbox 2005 2075 2132 2113; x_wconf 76' lang='lat' dir='ltr'><strong>ron-</strong></span> 
     </span>
    </p>
   </div>
   <div class='ocr_carea' id='block_1_22' title="bbox 558 2143 2125 2218">
    <p class='ocr_par' dir='ltr' id='par_1_22' title="bbox 558 2143 2125 2218">
     <span class='ocr_line' id='line_1_22' title="bbox 558 2143 2125 2218; baseline 0.003 -22"><span class='ocrx_word' id='word_1_166' title='bbox 558 2143 803 2208; x_wconf 83' lang='lat' dir='ltr'><strong>ﬁabit,et</strong></span> <span class='ocrx_word' id='word_1_167' title='bbox 832 2148 1104 2215; x_wconf 82' lang='lat' dir='ltr'><strong>purgnhit,</strong></span> <span class='ocrx_word' id='word_1_168' title='bbox 1146 2157 1199 2199; x_wconf 89' lang='lat' dir='ltr'><strong>et</strong></span> <span class='ocrx_word' id='word_1_169' title='bbox 1234 2146 1420 2200; x_wconf 81' lang='lat' dir='ltr'><strong>fundet</strong></span> <span class='ocrx_word' id='word_1_170' title='bbox 1449 2163 1699 2218; x_wconf 86' lang='lat' dir='ltr'><strong>purgatos</strong></span> <span class='ocrx_word' id='word_1_171' title='bbox 1720 2150 1857 2203; x_wconf 87' lang='lat' dir='ltr'><strong>ﬁlios</strong></span> <span class='ocrx_word' id='word_1_172' title='bbox 1886 2149 2024 2204; x_wconf 73' lang='grc' dir='ltr'><strong>,Ιιιάει</strong></span> <span class='ocrx_word' id='word_1_173' title='bbox 2040 2151 2079 2204; x_wconf 76' lang='grc'><strong>⁸.</strong></span> <span class='ocrx_word' id='word_1_174' title='bbox 2108 2170 2125 2201; x_wconf 85' lang='grc' dir='ltr'><strong>ι</strong></span> 
     </span>
    </p>
   </div>
   <div class='ocr_carea' id='block_1_23' title="bbox 630 2236 2131 2306">
    <p class='ocr_par' dir='ltr' id='par_1_23' title="bbox 630 2236 2131 2306">
     <span class='ocr_line' id='line_1_23' title="bbox 630 2236 2131 2306; baseline 0.007 -18"><span class='ocrx_word' id='word_1_175' title='bbox 630 2236 683 2290; x_wconf 85' lang='grc'><strong>7.</strong></span> <span class='ocrx_word' id='word_1_176' title='bbox 720 2236 823 2291; x_wconf 88' lang='lat' dir='ltr'><strong>Sed</strong></span> <span class='ocrx_word' id='word_1_177' title='bbox 849 2248 899 2290; x_wconf 89' lang='lat' dir='ltr'><strong>et</strong></span> <span class='ocrx_word' id='word_1_178' title='bbox 924 2239 1054 2290; x_wconf 87' lang='lat' dir='ltr'><strong>illud</strong></span> <span class='ocrx_word' id='word_1_179' title='bbox 1083 2239 1222 2304; x_wconf 74' lang='lat' dir='ltr'><strong>quod</strong></span> <span class='ocrx_word' id='word_1_180' title='bbox 1251 2240 1314 2291; x_wconf 86' lang='lat' dir='ltr'><strong>de</strong></span> <span class='ocrx_word' id='word_1_181' title='bbox 1344 2240 1811 2306; x_wconf 65' lang='lat' dir='ltr'><strong>tiiSllCllSHltll‘lbllS</strong></span> <span class='ocrx_word' id='word_1_182' title='bbox 1839 2258 1940 2294; x_wconf 91' lang='lat' dir='ltr'><strong>non</strong></span> <span class='ocrx_word' id='word_1_183' title='bbox 1970 2244 2131 2298; x_wconf 82' lang='lat' dir='ltr'><strong>bonis</strong></span> 
     </span>
    </p>
   </div>
   <div class='ocr_carea' id='block_1_24' title="bbox 559 2329 2127 2398">
    <p class='ocr_par' dir='ltr' id='par_1_24' title="bbox 559 2329 2127 2398">
     <span class='ocr_line' id='line_1_24' title="bbox 559 2329 2127 2398; baseline 0.002 -16"><span class='ocrx_word' id='word_1_184' title='bbox 559 2329 613 2382; x_wconf 90' lang='lat' dir='ltr'><strong>in</strong></span> <span class='ocrx_word' id='word_1_185' title='bbox 645 2329 932 2398; x_wconf 83' lang='lat' dir='ltr'><strong>Evangelio</strong></span> <span class='ocrx_word' id='word_1_186' title='bbox 972 2332 1171 2385; x_wconf 86' lang='lat' dir='ltr'><strong>dictum</strong></span> <span class='ocrx_word' id='word_1_187' title='bbox 1229 2332 1367 2395; x_wconf 69' lang='lat' dir='ltr'><strong>est”,</strong></span> <span class='ocrx_word' id='word_1_188' title='bbox 1402 2332 1489 2398; x_wconf 86' lang='lat' dir='ltr'><strong>qui</strong></span> <span class='ocrx_word' id='word_1_189' title='bbox 1542 2332 1813 2385; x_wconf 79' lang='lat' dir='ltr'><strong>dividendi</strong></span> <span class='ocrx_word' id='word_1_190' title='bbox 1853 2334 2127 2397; x_wconf 86' lang='lat' dir='ltr'><strong>dicuntur,</strong></span> 
     </span>
    </p>
   </div>
   <div class='ocr_carea' id='block_1_25' title="bbox 555 2422 2127 2494">
    <p class='ocr_par' dir='ltr' id='par_1_25' title="bbox 555 2422 2127 2494">
     <span class='ocr_line' id='line_1_25' title="bbox 555 2422 2127 2494; baseline 0.004 -21"><span class='ocrx_word' id='word_1_191' title='bbox 555 2428 610 2473; x_wconf 88' lang='lat' dir='ltr'><strong>et</strong></span> <span class='ocrx_word' id='word_1_192' title='bbox 653 2436 779 2488; x_wconf 88' lang='lat' dir='ltr'><strong>pars</strong></span> <span class='ocrx_word' id='word_1_193' title='bbox 827 2436 1011 2473; x_wconf 91' lang='lat' dir='ltr'><strong>eorum</strong></span> <span class='ocrx_word' id='word_1_194' title='bbox 1050 2437 1173 2475; x_wconf 90' lang='lat' dir='ltr'><strong>cum</strong></span> <span class='ocrx_word' id='word_1_195' title='bbox 1218 2422 1526 2475; x_wconf 88' lang='lat' dir='ltr'><strong>inﬁdelibus</strong></span> <span class='ocrx_word' id='word_1_196' title='bbox 1578 2424 1723 2492; x_wconf 91' lang='lat' dir='ltr'><strong>poni,</strong></span> <span class='ocrx_word' id='word_1_197' title='bbox 1760 2434 2015 2494; x_wconf 86' lang='lat' dir='ltr'><strong>tanquam</strong></span> <span class='ocrx_word' id='word_1_198' title='bbox 2066 2442 2127 2479; x_wconf 89' lang='lat' dir='ltr'><strong>ea</strong></span> 
     </span>
    </p>
   </div>
   <div class='ocr_carea' id='block_1_26' title="bbox 557 2510 2132 2582">
    <p class='ocr_par' dir='ltr' id='par_1_26' title="bbox 557 2510 2132 2582">
     <span class='ocr_line' id='line_1_26' title="bbox 557 2510 2132 2582; baseline 0.004 -19"><span class='ocrx_word' id='word_1_199' title='bbox 557 2527 687 2580; x_wconf 89' lang='lat' dir='ltr'><strong>pars</strong></span> <span class='ocrx_word' id='word_1_200' title='bbox 716 2528 835 2581; x_wconf 77' lang='lat' dir='ltr'><strong>qua:</strong></span> <span class='ocrx_word' id='word_1_201' title='bbox 858 2510 1096 2582; x_wconf 89' lang='lat' dir='ltr'><strong>ipsorum</strong></span> <span class='ocrx_word' id='word_1_202' title='bbox 1124 2514 1335 2581; x_wconf 85' lang='lat' dir='ltr'><strong>propria</strong></span> <span class='ocrx_word' id='word_1_203' title='bbox 1369 2528 1473 2566; x_wconf 88' lang='lat' dir='ltr'><strong>non</strong></span> <span class='ocrx_word' id='word_1_204' title='bbox 1500 2514 1588 2577; x_wconf 79' lang='lat' dir='ltr'><strong>sit,</strong></span> <span class='ocrx_word' id='word_1_205' title='bbox 1618 2515 1876 2569; x_wconf 87' lang='lat' dir='ltr'><strong>aliorsum</strong></span> <span class='ocrx_word' id='word_1_206' title='bbox 1908 2518 1979 2570; x_wconf 92' lang='lat' dir='ltr'><strong>sit</strong></span> <span class='ocrx_word' id='word_1_207' title='bbox 2006 2518 2132 2570; x_wconf 83' lang='grc' dir='ltr'><strong>ιιιίι-</strong></span> 
     </span>
    </p>
   </div>
   <div class='ocr_carea' id='block_1_27' title="bbox 558 2603 2129 2678">
    <p class='ocr_par' dir='ltr' id='par_1_27' title="bbox 558 2603 2129 2678">
     <span class='ocr_line' id='line_1_27' title="bbox 558 2603 2129 2678; baseline 0.004 -22"><span class='ocrx_word' id='word_1_208' title='bbox 558 2604 719 2657; x_wconf 89' lang='lat' dir='ltr'><strong>tenda</strong></span> <span class='ocrx_word' id='word_1_209' title='bbox 743 2603 853 2673; x_wconf 82' lang='lat'><strong>(60)</strong></span> <span class='ocrx_word' id='word_1_210' title='bbox 877 2645 889 2665; x_wconf 97' lang='lat'><strong>,</strong></span> <span class='ocrx_word' id='word_1_211' title='bbox 922 2604 1040 2657; x_wconf 90' lang='lat' dir='ltr'><strong>sine</strong></span> <span class='ocrx_word' id='word_1_212' title='bbox 1075 2604 1236 2657; x_wconf 90' lang='lat' dir='ltr'><strong>dubio</strong></span> <span class='ocrx_word' id='word_1_213' title='bbox 1272 2620 1439 2673; x_wconf 83' lang='lat' dir='ltr'><strong>genus</strong></span> <span class='ocrx_word' id='word_1_214' title='bbox 1480 2606 1693 2674; x_wconf 86' lang='lat' dir='ltr'><strong>aliquod</strong></span> <span class='ocrx_word' id='word_1_215' title='bbox 1727 2608 1925 2663; x_wconf 90' lang='lat' dir='ltr'><strong>indicat</strong></span> <span class='ocrx_word' id='word_1_216' title='bbox 1958 2625 2129 2678; x_wconf 71' lang='lat' dir='ltr'><strong>preme</strong></span> 
     </span>
    </p>
   </div>
   <div class='ocr_carea' id='block_1_28' title="bbox 551 2697 2127 2768">
    <p class='ocr_par' dir='ltr' id='par_1_28' title="bbox 551 2697 2127 2768">
     <span class='ocr_line' id='line_1_28' title="bbox 551 2697 2127 2768; baseline 0.003 -17"><span class='ocrx_word' id='word_1_217' title='bbox 551 2711 761 2762; x_wconf 89' lang='lat' dir='ltr'><strong>eorum,</strong></span> <span class='ocrx_word' id='word_1_218' title='bbox 819 2712 1071 2763; x_wconf 84' lang='lat' dir='ltr'><strong>quorum,</strong></span> <span class='ocrx_word' id='word_1_219' title='bbox 1113 2706 1169 2747; x_wconf 89' lang='grc' dir='ltr'><strong>ιιι</strong></span> <span class='ocrx_word' id='word_1_220' title='bbox 1227 2697 1356 2749; x_wconf 91' lang='lat' dir='ltr'><strong>mihi</strong></span> <span class='ocrx_word' id='word_1_221' title='bbox 1412 2697 2013 2768; x_wconf 88' lang='lat' dir='ltr'><strong>videtur,separandus</strong></span> <span class='ocrx_word' id='word_1_222' title='bbox 2060 2703 2127 2757; x_wconf 89' lang='lat' dir='ltr'><strong>ab</strong></span> 
     </span>
    </p>
   </div>
   <div class='ocr_carea' id='block_1_29' title="bbox 552 2786 2124 2857">
    <p class='ocr_par' dir='ltr' id='par_1_29' title="bbox 552 2786 2124 2857">
     <span class='ocr_line' id='line_1_29' title="bbox 552 2786 2124 2857; baseline 0.004 -17"><span class='ocrx_word' id='word_1_223' title='bbox 552 2787 735 2840; x_wconf 85' lang='lat' dir='ltr'><strong>anima</strong></span> <span class='ocrx_word' id='word_1_224' title='bbox 793 2786 1012 2855; x_wconf 90' lang='lat' dir='ltr'><strong>spiritus</strong></span> <span class='ocrx_word' id='word_1_225' title='bbox 1074 2786 1365 2841; x_wconf 88' lang='lat' dir='ltr'><strong>indicatur.</strong></span> <span class='ocrx_word' id='word_1_226' title='bbox 1414 2786 1513 2852; x_wconf 88' lang='lat' dir='ltr'><strong>Qui</strong></span> <span class='ocrx_word' id='word_1_227' title='bbox 1558 2790 1780 2857; x_wconf 86' lang='lat' dir='ltr'><strong>spiritus</strong></span> <span class='ocrx_word' id='word_1_228' title='bbox 1820 2792 1863 2844; x_wconf 93' lang='lat' dir='ltr'><strong>si</strong></span> <span class='ocrx_word' id='word_1_229' title='bbox 1906 2794 2124 2856; x_wconf 79' lang='lat' dir='ltr'><strong>quidem</strong></span> 
     </span>
    </p>
   </div>
   <div class='ocr_carea' id='block_1_30' title="bbox 554 2878 2126 2951">
    <p class='ocr_par' dir='ltr' id='par_1_30' title="bbox 554 2878 2126 2951">
     <span class='ocr_line' id='line_1_30' title="bbox 554 2878 2126 2951; baseline 0 -16"><span class='ocrx_word' id='word_1_230' title='bbox 554 2878 750 2935; x_wconf 78' lang='lat' dir='ltr'><strong>divinze</strong></span> <span class='ocrx_word' id='word_1_231' title='bbox 782 2891 1009 2944; x_wconf 66' lang='lat' dir='ltr'><strong>naturae,</strong></span> <span class='ocrx_word' id='word_1_232' title='bbox 1041 2879 1091 2933; x_wconf 90' lang='lat' dir='ltr'><strong>id</strong></span> <span class='ocrx_word' id='word_1_233' title='bbox 1119 2888 1201 2933; x_wconf 88' lang='lat' dir='ltr'><strong>est</strong></span> <span class='ocrx_word' id='word_1_234' title='bbox 1236 2879 1472 2949; x_wconf 82' lang='lat' dir='ltr'><strong>Spiritus</strong></span> <span class='ocrx_word' id='word_1_235' title='bbox 1500 2892 1723 2935; x_wconf 86' lang='lat' dir='ltr'><strong>sanctus</strong></span> <span class='ocrx_word' id='word_1_236' title='bbox 1750 2880 2126 2951; x_wconf 87' lang='lat' dir='ltr'><strong>intelligendus</strong></span> 
     </span>
    </p>
   </div>
   <div class='ocr_carea' id='block_1_31' title="bbox 553 2970 2122 3041">
    <p class='ocr_par' dir='ltr' id='par_1_31' title="bbox 553 2970 2122 3041">
     <span class='ocr_line' id='line_1_31' title="bbox 553 2970 2122 3041; baseline 0.002 -17"><span class='ocrx_word' id='word_1_237' title='bbox 553 2980 665 3035; x_wconf 85' lang='lat' dir='ltr'><strong>est,</strong></span> <span class='ocrx_word' id='word_1_238' title='bbox 703 2972 1002 3024; x_wconf 86' lang='lat' dir='ltr'><strong>sentiemus</strong></span> <span class='ocrx_word' id='word_1_239' title='bbox 1036 2971 1138 3025; x_wconf 91' lang='lat' dir='ltr'><strong>hoc</strong></span> <span class='ocrx_word' id='word_1_240' title='bbox 1167 2970 1370 3024; x_wconf 88' lang='lat' dir='ltr'><strong>dictum</strong></span> <span class='ocrx_word' id='word_1_241' title='bbox 1401 2971 1464 3024; x_wconf 88' lang='lat' dir='ltr'><strong>de</strong></span> <span class='ocrx_word' id='word_1_242' title='bbox 1498 2974 1639 3025; x_wconf 85' lang='lat' dir='ltr'><strong>dono</strong></span> <span class='ocrx_word' id='word_1_243' title='bbox 1664 2972 1893 3041; x_wconf 89' lang='lat' dir='ltr'><strong>Spiritus</strong></span> <span class='ocrx_word' id='word_1_244' title='bbox 1920 2972 2122 3039; x_wconf 82' lang='lat' dir='ltr'><strong>sancti;</strong></span> 
     </span>
    </p>
   </div>
   <div class='ocr_carea' id='block_1_32' title="bbox 551 3062 2124 3134">
    <p class='ocr_par' dir='ltr' id='par_1_32' title="bbox 551 3062 2124 3134">
     <span class='ocr_line' id='line_1_32' title="bbox 551 3062 2124 3134; baseline 0.004 -21"><span class='ocrx_word' id='word_1_245' title='bbox 551 3065 716 3134; x_wconf 85' lang='lat' dir='ltr'><strong>quod,</strong></span> <span class='ocrx_word' id='word_1_246' title='bbox 743 3063 857 3117; x_wconf 81' lang='lat' dir='ltr'><strong>sive</strong></span> <span class='ocrx_word' id='word_1_247' title='bbox 882 3078 976 3131; x_wconf 90' lang='lat' dir='ltr'><strong>per</strong></span> <span class='ocrx_word' id='word_1_248' title='bbox 1013 3062 1360 3131; x_wconf 85' lang='lat' dir='ltr'><strong>baptismum,</strong></span> <span class='ocrx_word' id='word_1_249' title='bbox 1388 3063 1502 3116; x_wconf 84' lang='lat' dir='ltr'><strong>sive</strong></span> <span class='ocrx_word' id='word_1_250' title='bbox 1524 3078 1617 3131; x_wconf 91' lang='lat' dir='ltr'><strong>per</strong></span> <span class='ocrx_word' id='word_1_251' title='bbox 1641 3064 1868 3131; x_wconf 80' lang='lat' dir='ltr'><strong>gratiam</strong></span> <span class='ocrx_word' id='word_1_252' title='bbox 1887 3064 2124 3132; x_wconf 86' lang='lat' dir='ltr'><strong>Spiritus</strong></span> 
     </span>
    </p>
   </div>
   <div class='ocr_carea' id='block_1_33' title="bbox 2245 581 3817 643">
    <p class='ocr_par' dir='ltr' id='par_1_33' title="bbox 2245 581 3817 643">
     <span class='ocr_line' id='line_1_33' title="bbox 2245 581 3817 643; baseline 0.006 -10"><span class='ocrx_word' id='word_1_253' title='bbox 2245 590 2297 633; x_wconf 90' lang='lat' dir='ltr'><strong>et</strong></span> <span class='ocrx_word' id='word_1_254' title='bbox 2342 581 2507 634; x_wconf 82' lang='lat' dir='ltr'><strong>chara</strong></span> <span class='ocrx_word' id='word_1_255' title='bbox 2563 584 2802 635; x_wconf 68' lang='lat' dir='ltr'><strong>materiae</strong></span> <span class='ocrx_word' id='word_1_256' title='bbox 2842 597 2962 635; x_wconf 92' lang='lat' dir='ltr'><strong>cum</strong></span> <span class='ocrx_word' id='word_1_257' title='bbox 2996 582 3292 637; x_wconf 90' lang='lat' dir='ltr'><strong>inﬁdelium</strong></span> <span class='ocrx_word' id='word_1_258' title='bbox 3334 591 3478 638; x_wconf 84' lang='lat' dir='ltr'><strong>sorte</strong></span> <span class='ocrx_word' id='word_1_259' title='bbox 3512 585 3817 643; x_wconf 83' lang='lat' dir='ltr'><strong>mulctatur.</strong></span> 
     </span>
    </p>
   </div>
   <div class='ocr_carea' id='block_1_34' title="bbox 2248 674 3847 745">
    <p class='ocr_par' dir='ltr' id='par_1_34' title="bbox 2248 674 3847 745">
     <span class='ocr_line' id='line_1_34' title="bbox 2248 674 3847 745; baseline 0.003 -18"><span class='ocrx_word' id='word_1_260' title='bbox 2248 675 2441 727; x_wconf 84' lang='lat' dir='ltr'><strong>Potest</strong></span> <span class='ocrx_word' id='word_1_261' title='bbox 2483 684 2661 728; x_wconf 89' lang='lat' dir='ltr'><strong>autem</strong></span> <span class='ocrx_word' id='word_1_262' title='bbox 2696 682 2747 727; x_wconf 94' lang='lat' dir='ltr'><strong>et</strong></span> <span class='ocrx_word' id='word_1_263' title='bbox 2785 675 2950 728; x_wconf 91' lang='lat' dir='ltr'><strong>tertio</strong></span> <span class='ocrx_word' id='word_1_264' title='bbox 2981 690 3138 729; x_wconf 84' lang='lat' dir='ltr'><strong>sensu</strong></span> <span class='ocrx_word' id='word_1_265' title='bbox 3179 674 3309 728; x_wconf 89' lang='lat' dir='ltr'><strong>illud</strong></span> <span class='ocrx_word' id='word_1_266' title='bbox 3340 676 3562 745; x_wconf 79' lang='lat' dir='ltr'><strong>intelligi</strong></span> <span class='ocrx_word' id='word_1_267' title='bbox 3590 678 3656 731; x_wconf 88' lang='lat' dir='ltr'><strong>de</strong></span> <span class='ocrx_word' id='word_1_268' title='bbox 3689 679 3847 733; x_wconf 68' lang='lat' dir='ltr'><strong>divi-&#39;</strong></span> 
     </span>
    </p>
   </div>
   <div class='ocr_carea' id='block_1_35' title="bbox 2245 764 3819 836">
    <p class='ocr_par' dir='ltr' id='par_1_35' title="bbox 2245 764 3819 836">
     <span class='ocr_line' id='line_1_35' title="bbox 2245 764 3819 836; baseline 0.004 -18"><span class='ocrx_word' id='word_1_269' title='bbox 2245 764 2397 819; x_wconf 89' lang='lat' dir='ltr'><strong>sione</strong></span> <span class='ocrx_word' id='word_1_270' title='bbox 2419 765 2662 835; x_wconf 72' lang='lat' dir='ltr'><strong>ista(62),</strong></span> <span class='ocrx_word' id='word_1_271' title='bbox 2683 774 2737 818; x_wconf 94' lang='lat' dir='ltr'><strong>ut</strong></span> <span class='ocrx_word' id='word_1_272' title='bbox 2756 766 3008 833; x_wconf 90' lang='lat' dir='ltr'><strong>quoniam</strong></span> <span class='ocrx_word' id='word_1_273' title='bbox 3031 766 3325 836; x_wconf 87' lang='lat' dir='ltr'><strong>unicuique</strong></span> <span class='ocrx_word' id='word_1_274' title='bbox 3349 765 3588 821; x_wconf 87' lang='lat' dir='ltr'><strong>ﬁdelium</strong></span> <span class='ocrx_word' id='word_1_275' title='bbox 3610 768 3819 825; x_wconf 86' lang='lat' dir='ltr'><strong>etiamsi</strong></span> 
     </span>
    </p>
   </div>
   <div class='ocr_carea' id='block_1_36' title="bbox 2244 856 3816 929">
    <p class='ocr_par' dir='ltr' id='par_1_36' title="bbox 2244 856 3816 929">
     <span class='ocr_line' id='line_1_36' title="bbox 2244 856 3816 929; baseline 0.003 -19"><span class='ocrx_word' id='word_1_276' title='bbox 2244 856 2499 910; x_wconf 90' lang='lat' dir='ltr'><strong>minimus</strong></span> <span class='ocrx_word' id='word_1_277' title='bbox 2528 856 2599 909; x_wconf 88' lang='lat' dir='ltr'><strong>sit</strong></span> <span class='ocrx_word' id='word_1_278' title='bbox 2634 858 2685 909; x_wconf 88' lang='lat' dir='ltr'><strong>in</strong></span> <span class='ocrx_word' id='word_1_279' title='bbox 2724 857 2984 922; x_wconf 77' lang='lat' dir='ltr'><strong>Ecclesia,</strong></span> <span class='ocrx_word' id='word_1_280' title='bbox 3028 859 3219 911; x_wconf 84' lang='lat' dir='ltr'><strong>adesse</strong></span> <span class='ocrx_word' id='word_1_281' title='bbox 3250 859 3484 929; x_wconf 79' lang='lat' dir='ltr'><strong>angelus</strong></span> <span class='ocrx_word' id='word_1_282' title='bbox 3511 860 3707 913; x_wconf 76' lang='lat' dir='ltr'><strong>dicitur</strong></span> <span class='ocrx_word' id='word_1_283' title='bbox 3731 863 3816 929; x_wconf 89' lang='lat' dir='ltr'><strong>qui</strong></span> 
     </span>
    </p>
   </div>
   <div class='ocr_carea' id='block_1_37' title="bbox 2242 948 3821 1017">
    <p class='ocr_par' dir='ltr' id='par_1_37' title="bbox 2242 948 3821 1017">
     <span class='ocr_line' id='line_1_37' title="bbox 2242 948 3821 1017; baseline 0.005 -17"><span class='ocrx_word' id='word_1_284' title='bbox 2242 950 2404 1001; x_wconf 88' lang='lat' dir='ltr'><strong>etiam</strong></span> <span class='ocrx_word' id='word_1_285' title='bbox 2438 964 2652 1017; x_wconf 87' lang='lat' dir='ltr'><strong>semper</strong></span> <span class='ocrx_word' id='word_1_286' title='bbox 2682 950 2865 1003; x_wconf 77' lang='lat' dir='ltr'><strong>videre</strong></span> <span class='ocrx_word' id='word_1_287' title='bbox 2893 948 3085 1004; x_wconf 77' lang='lat' dir='ltr'><strong>faciem</strong></span> <span class='ocrx_word' id='word_1_288' title='bbox 3131 952 3223 1004; x_wconf 87' lang='lat' dir='ltr'><strong>Dei</strong></span> <span class='ocrx_word' id='word_1_289' title='bbox 3258 951 3441 1005; x_wconf 87' lang='lat' dir='ltr'><strong>Patris</strong></span> <span class='ocrx_word' id='word_1_290' title='bbox 3476 968 3503 1005; x_wconf 94' lang='lat' dir='ltr'><strong>a</strong></span> <span class='ocrx_word' id='word_1_291' title='bbox 3543 951 3821 1008; x_wconf 74' lang='lat' dir='ltr'><strong>Salvatore</strong></span> 
     </span>
    </p>
   </div>
   <div class='ocr_carea' id='block_1_38' title="bbox 2243 1039 3817 1114">
    <p class='ocr_par' dir='ltr' id='par_1_38' title="bbox 2243 1039 3817 1114">
     <span class='ocr_line' id='line_1_38' title="bbox 2243 1039 3817 1114; baseline 0.005 -21"><span class='ocrx_word' id='word_1_292' title='bbox 2243 1040 2560 1107; x_wconf 90' lang='lat' dir='ltr'><strong>perhibetur</strong></span> <span class='ocrx_word' id='word_1_293' title='bbox 2591 1040 2657 1104; x_wconf 83' lang='grc'><strong>¹⁰,</strong></span> <span class='ocrx_word' id='word_1_294' title='bbox 2693 1048 2745 1093; x_wconf 92' lang='lat' dir='ltr'><strong>et</strong></span> <span class='ocrx_word' id='word_1_295' title='bbox 2779 1039 2865 1093; x_wconf 88' lang='lat' dir='ltr'><strong>hic</strong></span> <span class='ocrx_word' id='word_1_296' title='bbox 2897 1042 3082 1111; x_wconf 91' lang='lat' dir='ltr'><strong>utique</strong></span> <span class='ocrx_word' id='word_1_297' title='bbox 3107 1058 3275 1096; x_wconf 90' lang='lat' dir='ltr'><strong>unum</strong></span> <span class='ocrx_word' id='word_1_298' title='bbox 3304 1053 3423 1097; x_wconf 89' lang='lat' dir='ltr'><strong>erat</strong></span> <span class='ocrx_word' id='word_1_299' title='bbox 3467 1059 3587 1097; x_wconf 91' lang='lat' dir='ltr'><strong>cum</strong></span> <span class='ocrx_word' id='word_1_300' title='bbox 3634 1059 3697 1099; x_wconf 90' lang='lat' dir='ltr'><strong>eo</strong></span> <span class='ocrx_word' id='word_1_301' title='bbox 3730 1047 3817 1114; x_wconf 90' lang='lat' dir='ltr'><strong>qui</strong></span> 
     </span>
    </p>
   </div>
   <div class='ocr_carea' id='block_1_39' title="bbox 2242 1130 3818 1200">
    <p class='ocr_par' dir='ltr' id='par_1_39' title="bbox 2242 1130 3818 1200">
     <span class='ocr_line' id='line_1_39' title="bbox 2242 1130 3818 1200; baseline 0.002 -16"><span class='ocrx_word' id='word_1_302' title='bbox 2242 1140 2494 1200; x_wconf 70' lang='lat' dir='ltr'><strong>prmerat,</strong></span> <span class='ocrx_word' id='word_1_303' title='bbox 2535 1131 2579 1183; x_wconf 91' lang='lat' dir='ltr'><strong>si</strong></span> <span class='ocrx_word' id='word_1_304' title='bbox 2638 1132 2683 1184; x_wconf 90' lang='lat' dir='ltr'><strong>is</strong></span> <span class='ocrx_word' id='word_1_305' title='bbox 2738 1144 2833 1199; x_wconf 91' lang='lat' dir='ltr'><strong>per</strong></span> <span class='ocrx_word' id='word_1_306' title='bbox 2893 1130 3313 1185; x_wconf 86' lang='lat' dir='ltr'><strong>inobedientiam</strong></span> <span class='ocrx_word' id='word_1_307' title='bbox 3365 1134 3635 1187; x_wconf 84' lang='lat' dir='ltr'><strong>cﬁiciatur</strong></span> <span class='ocrx_word' id='word_1_308' title='bbox 3680 1134 3818 1188; x_wconf 81' lang='lat' dir='ltr'><strong>iudi-</strong></span> 
     </span>
    </p>
   </div>
   <div class='ocr_carea' id='block_1_40' title="bbox 2241 1220 3819 1291">
    <p class='ocr_par' dir='ltr' id='par_1_40' title="bbox 2241 1220 3819 1291">
     <span class='ocr_line' id='line_1_40' title="bbox 2241 1220 3819 1291; baseline 0.003 -18"><span class='ocrx_word' id='word_1_309' title='bbox 2241 1238 2399 1291; x_wconf 69' lang='lat' dir='ltr'><strong>guns,</strong></span> <span class='ocrx_word' id='word_1_310' title='bbox 2424 1220 2625 1274; x_wconf 80' lang='lat' dir='ltr'><strong>auferri</strong></span> <span class='ocrx_word' id='word_1_311' title='bbox 2652 1220 2721 1273; x_wconf 82' lang='lat' dir='ltr'><strong>ab</strong></span> <span class='ocrx_word' id='word_1_312' title='bbox 2748 1234 2813 1274; x_wconf 91' lang='lat' dir='ltr'><strong>eo</strong></span> <span class='ocrx_word' id='word_1_313' title='bbox 2842 1220 2931 1273; x_wconf 90' lang='lat' dir='ltr'><strong>Dei</strong></span> <span class='ocrx_word' id='word_1_314' title='bbox 2954 1220 3067 1291; x_wconf 78' lang='grc'>(65)</span> <span class='ocrx_word' id='word_1_315' title='bbox 3087 1222 3313 1290; x_wconf 88' lang='lat' dir='ltr'><strong>angelus</strong></span> <span class='ocrx_word' id='word_1_316' title='bbox 3344 1222 3578 1286; x_wconf 87' lang='lat' dir='ltr'><strong>dicatur,</strong></span> <span class='ocrx_word' id='word_1_317' title='bbox 3615 1232 3667 1276; x_wconf 88' lang='lat' dir='ltr'><strong>et</strong></span> <span class='ocrx_word' id='word_1_318' title='bbox 3696 1234 3819 1277; x_wconf 88' lang='lat' dir='ltr'><strong>tunc</strong></span> 
     </span>
    </p>
   </div>
   <div class='ocr_carea' id='block_1_41' title="bbox 2246 1313 3811 1384">
    <p class='ocr_par' dir='ltr' id='par_1_41' title="bbox 2246 1313 3811 1384">
     <span class='ocr_line' id='line_1_41' title="bbox 2246 1313 3811 1384; baseline 0.003 -18"><span class='ocrx_word' id='word_1_319' title='bbox 2246 1329 2372 1383; x_wconf 86' lang='lat' dir='ltr'><strong>pars</strong></span> <span class='ocrx_word' id='word_1_320' title='bbox 2405 1316 2545 1383; x_wconf 86' lang='lat' dir='ltr'><strong>ejus,</strong></span> <span class='ocrx_word' id='word_1_321' title='bbox 2584 1314 2633 1367; x_wconf 90' lang='lat' dir='ltr'><strong>id</strong></span> <span class='ocrx_word' id='word_1_322' title='bbox 2658 1324 2739 1367; x_wconf 90' lang='lat' dir='ltr'><strong>est</strong></span> <span class='ocrx_word' id='word_1_323' title='bbox 2766 1313 3015 1366; x_wconf 78' lang='lat' dir='ltr'><strong>humana:</strong></span> <span class='ocrx_word' id='word_1_324' title='bbox 3046 1323 3252 1368; x_wconf 76' lang='lat' dir='ltr'><strong>natura:</strong></span> <span class='ocrx_word' id='word_1_325' title='bbox 3283 1330 3408 1384; x_wconf 90' lang='lat' dir='ltr'><strong>pars</strong></span> <span class='ocrx_word' id='word_1_326' title='bbox 3430 1315 3622 1368; x_wconf 81' lang='lat' dir='ltr'><strong>avolsa</strong></span> <span class='ocrx_word' id='word_1_327' title='bbox 3653 1331 3681 1368; x_wconf 92' lang='lat' dir='ltr'><strong>a</strong></span> <span class='ocrx_word' id='word_1_328' title='bbox 3716 1315 3811 1370; x_wconf 92' lang='lat' dir='ltr'><strong>Dei</strong></span> 
     </span>
    </p>
   </div>
   <div class='ocr_carea' id='block_1_42' title="bbox 2246 1405 3812 1475">
    <p class='ocr_par' dir='ltr' id='par_1_42' title="bbox 2246 1405 3812 1475">
     <span class='ocr_line' id='line_1_42' title="bbox 2246 1405 3812 1475; baseline 0.003 -17"><span class='ocrx_word' id='word_1_329' title='bbox 2246 1416 2397 1473; x_wconf 87' lang='lat' dir='ltr'><strong>parte</strong></span> <span class='ocrx_word' id='word_1_330' title='bbox 2429 1420 2552 1460; x_wconf 89' lang='lat' dir='ltr'><strong>cum</strong></span> <span class='ocrx_word' id='word_1_331' title='bbox 2594 1405 2899 1460; x_wconf 89' lang='lat' dir='ltr'><strong>inﬁdelibus</strong></span> <span class='ocrx_word' id='word_1_332' title='bbox 2940 1406 3253 1475; x_wconf 88' lang='lat' dir='ltr'><strong>deputetur,</strong></span> <span class='ocrx_word' id='word_1_333' title='bbox 3282 1408 3537 1475; x_wconf 86' lang='lat' dir='ltr'><strong>quoniam</strong></span> <span class='ocrx_word' id='word_1_334' title='bbox 3570 1422 3812 1464; x_wconf 84' lang='lat' dir='ltr'><strong>commo-</strong></span> 
     </span>
    </p>
   </div>
   <div class='ocr_carea' id='block_1_43' title="bbox 2240 1491 3811 1568">
    <p class='ocr_par' dir='ltr' id='par_1_43' title="bbox 2240 1491 3811 1568">
     <span class='ocr_line' id='line_1_43' title="bbox 2240 1491 3811 1568; baseline 0.001 -15"><span class='ocrx_word' id='word_1_335' title='bbox 2240 1500 2473 1553; x_wconf 89' lang='lat' dir='ltr'><strong>nitiones</strong></span> <span class='ocrx_word' id='word_1_336' title='bbox 2530 1491 2758 1567; x_wconf 72' lang='lat' dir='ltr'><strong>appositi</strong></span> <span class='ocrx_word' id='word_1_337' title='bbox 2816 1497 2915 1551; x_wconf 89' lang='lat' dir='ltr'><strong>sibi</strong></span> <span class='ocrx_word' id='word_1_338' title='bbox 2969 1512 2997 1550; x_wconf 87' lang='lat' dir='ltr'><strong>a</strong></span> <span class='ocrx_word' id='word_1_339' title='bbox 3051 1498 3159 1551; x_wconf 91' lang='lat' dir='ltr'><strong>Deo</strong></span> <span class='ocrx_word' id='word_1_340' title='bbox 3211 1500 3385 1568; x_wconf 84' lang='lat' dir='ltr'><strong>angeli</strong></span> <span class='ocrx_word' id='word_1_341' title='bbox 3426 1515 3531 1552; x_wconf 90' lang='lat' dir='ltr'><strong>non</strong></span> <span class='ocrx_word' id='word_1_342' title='bbox 3581 1500 3811 1555; x_wconf 88' lang='lat' dir='ltr'><strong>lideliter</strong></span> 
     </span>
    </p>
   </div>
   <div class='ocr_carea' id='block_1_44' title="bbox 2237 1591 2556 1644">
    <p class='ocr_par' dir='ltr' id='par_1_44' title="bbox 2237 1591 2556 1644">
     <span class='ocr_line' id='line_1_44' title="bbox 2237 1591 2556 1644; baseline -0.009 0"><span class='ocrx_word' id='word_1_343' title='bbox 2237 1591 2556 1644; x_wconf 81' lang='lat' dir='ltr'><strong>custotlivit.</strong></span> 
     </span>
    </p>
   </div>
   <div class='ocr_carea' id='block_1_45' title="bbox 2307 1700 3813 1770">
    <p class='ocr_par' dir='ltr' id='par_1_45' title="bbox 2307 1700 3813 1770">
     <span class='ocr_line' id='line_1_45' title="bbox 2307 1700 3813 1770; baseline -0.003 -12"><span class='ocrx_word' id='word_1_344' title='bbox 2307 1703 2358 1758; x_wconf 92' lang='lat'><strong>8.</strong></span> <span class='ocrx_word' id='word_1_345' title='bbox 2388 1703 2491 1757; x_wconf 90' lang='lat' dir='ltr'><strong>Sed</strong></span> <span class='ocrx_word' id='word_1_346' title='bbox 2519 1713 2570 1757; x_wconf 91' lang='lat' dir='ltr'><strong>et</strong></span> <span class='ocrx_word' id='word_1_347' title='bbox 2604 1704 2909 1759; x_wconf 79' lang='lat' dir='ltr'><strong>exteriores</strong></span> <span class='ocrx_word' id='word_1_348' title='bbox 2945 1700 3220 1766; x_wconf 83' lang='lat' dir='ltr'><strong>tenebras,</strong></span> <span class='ocrx_word' id='word_1_349' title='bbox 3244 1710 3299 1753; x_wconf 91' lang='lat' dir='ltr'><strong>ut</strong></span> <span class='ocrx_word' id='word_1_350' title='bbox 3329 1716 3428 1770; x_wconf 85' lang='lat' dir='ltr'><strong>ego</strong></span> <span class='ocrx_word' id='word_1_351' title='bbox 3470 1701 3687 1770; x_wconf 88' lang='lat' dir='ltr'><strong>opinor,</strong></span> <span class='ocrx_word' id='word_1_352' title='bbox 3711 1716 3813 1755; x_wconf 90' lang='lat' dir='ltr'><strong>non</strong></span> 
     </span>
    </p>
   </div>
   <div class='ocr_carea' id='block_1_46' title="bbox 2239 1792 3817 1865">
    <p class='ocr_par' dir='ltr' id='par_1_46' title="bbox 2239 1792 3817 1865">
     <span class='ocr_line' id='line_1_46' title="bbox 2239 1792 3817 1865; baseline 0 -17"><span class='ocrx_word' id='word_1_353' title='bbox 2239 1805 2343 1848; x_wconf 87' lang='lat' dir='ltr'><strong>tam</strong></span> <span class='ocrx_word' id='word_1_354' title='bbox 2386 1811 2566 1850; x_wconf 89' lang='lat' dir='ltr'><strong>aerem</strong></span> <span class='ocrx_word' id='word_1_355' title='bbox 2612 1796 2844 1865; x_wconf 84' lang='lat' dir='ltr'><strong>aliquem</strong></span> <span class='ocrx_word' id='word_1_356' title='bbox 2896 1796 3187 1849; x_wconf 90' lang='lat' dir='ltr'><strong>obscurum</strong></span> <span class='ocrx_word' id='word_1_357' title='bbox 3219 1802 3272 1847; x_wconf 91' lang='lat' dir='ltr'><strong>et</strong></span> <span class='ocrx_word' id='word_1_358' title='bbox 3305 1792 3421 1847; x_wconf 91' lang='lat' dir='ltr'><strong>sine</strong></span> <span class='ocrx_word' id='word_1_359' title='bbox 3462 1792 3569 1847; x_wconf 91' lang='lat' dir='ltr'><strong>ullo</strong></span> <span class='ocrx_word' id='word_1_360' title='bbox 3616 1792 3817 1848; x_wconf 84' lang='lat' dir='ltr'><strong>lumine</strong></span> 
     </span>
    </p>
   </div>
   <div class='ocr_carea' id='block_1_47' title="bbox 2240 1883 3816 1955">
    <p class='ocr_par' dir='ltr' id='par_1_47' title="bbox 2240 1883 3816 1955">
     <span class='ocr_line' id='line_1_47' title="bbox 2240 1883 3816 1955; baseline 0.001 -17"><span class='ocrx_word' id='word_1_361' title='bbox 2240 1885 2639 1955; x_wconf 84' lang='lat' dir='ltr'><strong>intelligendum</strong></span> <span class='ocrx_word' id='word_1_362' title='bbox 2707 1895 2859 1954; x_wconf 86' lang='lat' dir='ltr'><strong>puto,</strong></span> <span class='ocrx_word' id='word_1_363' title='bbox 2912 1901 3073 1954; x_wconf 83' lang='lat' dir='ltr'><strong>quant</strong></span> <span class='ocrx_word' id='word_1_364' title='bbox 3141 1884 3206 1937; x_wconf 90' lang='lat' dir='ltr'><strong>de</strong></span> <span class='ocrx_word' id='word_1_365' title='bbox 3271 1883 3355 1937; x_wconf 88' lang='lat' dir='ltr'><strong>bis</strong></span> <span class='ocrx_word' id='word_1_366' title='bbox 3395 1885 3487 1952; x_wconf 85' lang='lat' dir='ltr'><strong>qui</strong></span> <span class='ocrx_word' id='word_1_367' title='bbox 3536 1884 3816 1954; x_wconf 72' lang='lat' dir='ltr'><strong>profunda:</strong></span> 
     </span>
    </p>
   </div>
   <div class='ocr_carea' id='block_1_48' title="bbox 2237 1976 3815 2046">
    <p class='ocr_par' dir='ltr' id='par_1_48' title="bbox 2237 1976 3815 2046">
     <span class='ocr_line' id='line_1_48' title="bbox 2237 1976 3815 2046; baseline 0.003 -18"><span class='ocrx_word' id='word_1_368' title='bbox 2237 1976 2554 2045; x_wconf 69' lang='lat' dir='ltr'><strong>ignorantia:</strong></span> <span class='ocrx_word' id='word_1_369' title='bbox 2586 1980 2825 2032; x_wconf 86' lang='lat' dir='ltr'><strong>tenebris</strong></span> <span class='ocrx_word' id='word_1_370' title='bbox 2855 1978 3091 2031; x_wconf 87' lang='lat' dir='ltr'><strong>immersi</strong></span> <span class='ocrx_word' id='word_1_371' title='bbox 3126 1985 3277 2030; x_wconf 78' lang='lat' dir='ltr'><strong>extra</strong></span> <span class='ocrx_word' id='word_1_372' title='bbox 3316 1990 3476 2030; x_wconf 90' lang='lat' dir='ltr'><strong>omne</strong></span> <span class='ocrx_word' id='word_1_373' title='bbox 3510 1976 3815 2046; x_wconf 54' lang='lat' dir='ltr'><strong>intelligen-</strong></span> 
     </span>
    </p>
   </div>
   <div class='ocr_carea' id='block_1_49' title="bbox 2236 2070 3809 2141">
    <p class='ocr_par' dir='ltr' id='par_1_49' title="bbox 2236 2070 3809 2141">
     <span class='ocr_line' id='line_1_49' title="bbox 2236 2070 3809 2141; baseline 0.001 -19"><span class='ocrx_word' id='word_1_374' title='bbox 2236 2071 2322 2123; x_wconf 69' lang='lat' dir='ltr'><strong>tia:</strong></span> <span class='ocrx_word' id='word_1_375' title='bbox 2367 2070 2547 2124; x_wconf 90' lang='lat' dir='ltr'><strong>lumen</strong></span> <span class='ocrx_word' id='word_1_376' title='bbox 2583 2070 2694 2141; x_wconf 70' lang='grc'>(64)</span> <span class='ocrx_word' id='word_1_377' title='bbox 2734 2070 2913 2125; x_wconf 81' lang='lat' dir='ltr'><strong>eﬁ‘ecti</strong></span> <span class='ocrx_word' id='word_1_378' title='bbox 2950 2079 3091 2123; x_wconf 89' lang='lat' dir='ltr'><strong>sunt.</strong></span> <span class='ocrx_word' id='word_1_379' title='bbox 3123 2070 3420 2124; x_wconf 82' lang='lat' dir='ltr'><strong>Videndum</strong></span> <span class='ocrx_word' id='word_1_380' title='bbox 3458 2085 3673 2139; x_wconf 89' lang='lat' dir='ltr'><strong>quoque</strong></span> <span class='ocrx_word' id='word_1_381' title='bbox 3703 2078 3809 2136; x_wconf 87' lang='lat' dir='ltr'><strong>est,</strong></span> 
     </span>
    </p>
   </div>
   <div class='ocr_carea' id='block_1_50' title="bbox 2236 2161 3814 2231">
    <p class='ocr_par' dir='ltr' id='par_1_50' title="bbox 2236 2161 3814 2231">
     <span class='ocr_line' id='line_1_50' title="bbox 2236 2161 3814 2231; baseline 0 -16"><span class='ocrx_word' id='word_1_382' title='bbox 2236 2177 2301 2215; x_wconf 92' lang='lat' dir='ltr'><strong>ne</strong></span> <span class='ocrx_word' id='word_1_383' title='bbox 2348 2161 2483 2216; x_wconf 85' lang='lat' dir='ltr'><strong>forte</strong></span> <span class='ocrx_word' id='word_1_384' title='bbox 2542 2162 2706 2217; x_wconf 76' lang='lat' dir='ltr'><strong>etiam</strong></span> <span class='ocrx_word' id='word_1_385' title='bbox 2763 2163 2892 2215; x_wconf 91' lang='lat' dir='ltr'><strong>illud</strong></span> <span class='ocrx_word' id='word_1_386' title='bbox 2951 2163 3052 2215; x_wconf 93' lang='lat' dir='ltr'><strong>iste</strong></span> <span class='ocrx_word' id='word_1_387' title='bbox 3112 2176 3289 2215; x_wconf 87' lang='lat' dir='ltr'><strong>sermo</strong></span> <span class='ocrx_word' id='word_1_388' title='bbox 3345 2162 3634 2231; x_wconf 85' lang='lat' dir='ltr'><strong>signiﬁcet,</strong></span> <span class='ocrx_word' id='word_1_389' title='bbox 3670 2163 3814 2230; x_wconf 87' lang='lat' dir='ltr'><strong>quod</strong></span> 
     </span>
    </p>
   </div>
   <div class='ocr_carea' id='block_1_51' title="bbox 2234 2257 3815 2325">
    <p class='ocr_par' dir='ltr' id='par_1_51' title="bbox 2234 2257 3815 2325">
     <span class='ocr_line' id='line_1_51' title="bbox 2234 2257 3815 2325; baseline -0.004 -14"><span class='ocrx_word' id='word_1_390' title='bbox 2234 2257 2374 2311; x_wconf 89' lang='lat' dir='ltr'><strong>sicut</strong></span> <span class='ocrx_word' id='word_1_391' title='bbox 2426 2257 2598 2311; x_wconf 81' lang='lat' dir='ltr'><strong>sancti</strong></span> <span class='ocrx_word' id='word_1_392' title='bbox 2647 2272 2871 2325; x_wconf 89' lang='lat' dir='ltr'><strong>corpora</strong></span> <span class='ocrx_word' id='word_1_393' title='bbox 2910 2272 3026 2322; x_wconf 86' lang='lat' dir='ltr'><strong>sua,</strong></span> <span class='ocrx_word' id='word_1_394' title='bbox 3061 2258 3111 2310; x_wconf 90' lang='lat' dir='ltr'><strong>in</strong></span> <span class='ocrx_word' id='word_1_395' title='bbox 3151 2257 3345 2325; x_wconf 88' lang='lat' dir='ltr'><strong>quibus</strong></span> <span class='ocrx_word' id='word_1_396' title='bbox 3371 2262 3554 2309; x_wconf 88' lang='lat' dir='ltr'><strong>sancte</strong></span> <span class='ocrx_word' id='word_1_397' title='bbox 3586 2266 3639 2309; x_wconf 88' lang='lat' dir='ltr'><strong>et</strong></span> <span class='ocrx_word' id='word_1_398' title='bbox 3678 2270 3815 2324; x_wconf 86' lang='lat' dir='ltr'><strong>pure</strong></span> 
     </span>
    </p>
   </div>
   <div class='ocr_carea' id='block_1_52' title="bbox 2234 2346 3818 2417">
    <p class='ocr_par' dir='ltr' id='par_1_52' title="bbox 2234 2346 3818 2417">
     <span class='ocr_line' id='line_1_52' title="bbox 2234 2346 3818 2417; baseline 0 -18"><span class='ocrx_word' id='word_1_399' title='bbox 2234 2346 2285 2399; x_wconf 93' lang='lat' dir='ltr'><strong>in</strong></span> <span class='ocrx_word' id='word_1_400' title='bbox 2338 2346 2504 2417; x_wconf 85' lang='lat' dir='ltr'><strong>hujus</strong></span> <span class='ocrx_word' id='word_1_401' title='bbox 2560 2347 2683 2401; x_wconf 72' lang='lat' dir='ltr'><strong>vita:</strong></span> <span class='ocrx_word' id='word_1_402' title='bbox 2742 2347 3172 2401; x_wconf 86' lang='lat' dir='ltr'><strong>habitationibus</strong></span> <span class='ocrx_word' id='word_1_403' title='bbox 3222 2346 3494 2409; x_wconf 78' lang='lat' dir='ltr'><strong>vixerunt,</strong></span> <span class='ocrx_word' id='word_1_404' title='bbox 3542 2346 3719 2399; x_wconf 85' lang='lat' dir='ltr'><strong>lucida</strong></span> <span class='ocrx_word' id='word_1_405' title='bbox 3754 2357 3818 2400; x_wconf 87' lang='lat' dir='ltr'><strong>et</strong></span> 
     </span>
    </p>
   </div>
   <div class='ocr_carea' id='block_1_53' title="bbox 2232 2436 3819 2506">
    <p class='ocr_par' dir='ltr' id='par_1_53' title="bbox 2232 2436 3819 2506">
     <span class='ocr_line' id='line_1_53' title="bbox 2232 2436 3819 2506; baseline 0 -18"><span class='ocrx_word' id='word_1_406' title='bbox 2232 2436 2462 2506; x_wconf 83' lang='lat' dir='ltr'><strong>gloriosa</strong></span> <span class='ocrx_word' id='word_1_407' title='bbox 2489 2453 2552 2490; x_wconf 81' lang='lat' dir='ltr'><strong>ex</strong></span> <span class='ocrx_word' id='word_1_408' title='bbox 2582 2438 2980 2492; x_wconf 86' lang='lat' dir='ltr'><strong>resurrectione</strong></span> <span class='ocrx_word' id='word_1_409' title='bbox 3000 2438 3318 2506; x_wconf 85' lang='lat' dir='ltr'><strong>suscipieut,</strong></span> <span class='ocrx_word' id='word_1_410' title='bbox 3339 2438 3409 2491; x_wconf 92' lang='lat' dir='ltr'><strong>ita</strong></span> <span class='ocrx_word' id='word_1_411' title='bbox 3432 2445 3486 2490; x_wconf 88' lang='lat' dir='ltr'><strong>et</strong></span> <span class='ocrx_word' id='word_1_412' title='bbox 3523 2437 3668 2505; x_wconf 89' lang='lat' dir='ltr'><strong>impii</strong></span> <span class='ocrx_word' id='word_1_413' title='bbox 3700 2436 3819 2505; x_wconf 85' lang='lat' dir='ltr'><strong>qui-</strong></span> 
     </span>
    </p>
   </div>
   <div class='ocr_carea' id='block_1_54' title="bbox 2232 2527 3813 2597">
    <p class='ocr_par' dir='ltr' id='par_1_54' title="bbox 2232 2527 3813 2597">
     <span class='ocr_line' id='line_1_54' title="bbox 2232 2527 3813 2597; baseline 0.004 -22"><span class='ocrx_word' id='word_1_414' title='bbox 2232 2543 2335 2595; x_wconf 90' lang='lat' dir='ltr'><strong>que</strong></span> <span class='ocrx_word' id='word_1_415' title='bbox 2372 2530 2460 2597; x_wconf 89' lang='lat' dir='ltr'><strong>qui</strong></span> <span class='ocrx_word' id='word_1_416' title='bbox 2500 2529 2553 2582; x_wconf 91' lang='lat' dir='ltr'><strong>in</strong></span> <span class='ocrx_word' id='word_1_417' title='bbox 2580 2530 2684 2583; x_wconf 85' lang='lat' dir='ltr'><strong>hac</strong></span> <span class='ocrx_word' id='word_1_418' title='bbox 2710 2530 2819 2582; x_wconf 83' lang='lat' dir='ltr'><strong>vita</strong></span> <span class='ocrx_word' id='word_1_419' title='bbox 2845 2545 3089 2583; x_wconf 87' lang='lat' dir='ltr'><strong>errorum</strong></span> <span class='ocrx_word' id='word_1_420' title='bbox 3117 2531 3367 2584; x_wconf 85' lang='lat' dir='ltr'><strong>tenebras</strong></span> <span class='ocrx_word' id='word_1_421' title='bbox 3384 2538 3438 2583; x_wconf 91' lang='lat' dir='ltr'><strong>et</strong></span> <span class='ocrx_word' id='word_1_422' title='bbox 3472 2538 3680 2581; x_wconf 89' lang='lat' dir='ltr'><strong>noctem</strong></span> <span class='ocrx_word' id='word_1_423' title='bbox 3695 2527 3813 2597; x_wconf 82' lang='lat'><strong>(65)</strong></span> 
     </span>
    </p>
   </div>
   <div class='ocr_carea' id='block_1_55' title="bbox 2233 2620 3813 2689">
    <p class='ocr_par' dir='ltr' id='par_1_55' title="bbox 2233 2620 3813 2689">
     <span class='ocr_line' id='line_1_55' title="bbox 2233 2620 3813 2689; baseline 0.001 -16"><span class='ocrx_word' id='word_1_424' title='bbox 2233 2620 2553 2688; x_wconf 67' lang='lat' dir='ltr'><strong>ignorantiae</strong></span> <span class='ocrx_word' id='word_1_425' title='bbox 2597 2621 2925 2688; x_wconf 64' lang='lat' dir='ltr'><strong>dilexerunt,</strong></span> <span class='ocrx_word' id='word_1_426' title='bbox 2955 2623 3203 2677; x_wconf 88' lang='lat' dir='ltr'><strong>obscuris</strong></span> <span class='ocrx_word' id='word_1_427' title='bbox 3236 2631 3289 2677; x_wconf 87' lang='lat' dir='ltr'><strong>et</strong></span> <span class='ocrx_word' id='word_1_428' title='bbox 3322 2623 3455 2677; x_wconf 87' lang='lat' dir='ltr'><strong>atris</strong></span> <span class='ocrx_word' id='word_1_429' title='bbox 3478 2631 3600 2689; x_wconf 89' lang='lat' dir='ltr'><strong>post</strong></span> <span class='ocrx_word' id='word_1_430' title='bbox 3634 2638 3813 2677; x_wconf 80' lang='lat' dir='ltr'><strong>resur-</strong></span> 
     </span>
    </p>
   </div>
   <div class='ocr_carea' id='block_1_56' title="bbox 2235 2711 3815 2781">
    <p class='ocr_par' dir='ltr' id='par_1_56' title="bbox 2235 2711 3815 2781">
     <span class='ocr_line' id='line_1_56' title="bbox 2235 2711 3815 2781; baseline 0.003 -20"><span class='ocrx_word' id='word_1_431' title='bbox 2235 2711 2529 2763; x_wconf 69' lang='lat' dir='ltr'><strong>rectionem</strong></span> <span class='ocrx_word' id='word_1_432' title='bbox 2587 2711 2904 2781; x_wconf 88' lang='lat' dir='ltr'><strong>corporibus</strong></span> <span class='ocrx_word' id='word_1_433' title='bbox 2941 2712 3258 2777; x_wconf 89' lang='lat' dir='ltr'><strong>induantur,</strong></span> <span class='ocrx_word' id='word_1_434' title='bbox 3296 2724 3351 2765; x_wconf 85' lang='grc' dir='ltr'><strong>ιιι</strong></span> <span class='ocrx_word' id='word_1_435' title='bbox 3376 2728 3436 2765; x_wconf 89' lang='lat' dir='ltr'><strong>ea</strong></span> <span class='ocrx_word' id='word_1_436' title='bbox 3476 2713 3590 2781; x_wconf 90' lang='lat' dir='ltr'><strong>ipsa</strong></span> <span class='ocrx_word' id='word_1_437' title='bbox 3629 2713 3815 2779; x_wconf 84' lang='lat' dir='ltr'><strong>caligo</strong></span> 
     </span>
    </p>
   </div>
   <div class='ocr_carea' id='block_1_57' title="bbox 2302 2796 3816 2872">
    <p class='ocr_par' dir='ltr' id='par_1_57' title="bbox 2302 2796 3816 2872">
     <span class='ocr_line' id='line_1_57' title="bbox 2302 2796 3816 2872; baseline 0.005 -22"><span class='ocrx_word' id='word_1_438' title='bbox 2302 2796 2601 2855; x_wconf 69' lang='lat' dir='ltr'><strong>Ilienoxrut</strong></span> <span class='ocrx_word' id='word_1_439' title='bbox 2630 2816 2834 2858; x_wconf 75' lang='lat' dir='ltr'><strong>rsnsro.</strong></span> <span class='ocrx_word' id='word_1_440' title='bbox 2875 2800 3000 2855; x_wconf 82' lang='lat' dir='ltr'><strong>Nisi</strong></span> <span class='ocrx_word' id='word_1_441' title='bbox 3074 2804 3388 2872; x_wconf 77' lang='lat' dir='ltr'><strong>ignorantia:</strong></span> <span class='ocrx_word' id='word_1_442' title='bbox 3436 2818 3554 2872; x_wconf 63' lang='lat' dir='ltr'><strong>quae</strong></span> <span class='ocrx_word' id='word_1_443' title='bbox 3606 2804 3659 2857; x_wconf 90' lang='lat' dir='ltr'><strong>in</strong></span> <span class='ocrx_word' id='word_1_444' title='bbox 3710 2804 3816 2858; x_wconf 89' lang='lat' dir='ltr'><strong>hoc</strong></span> 
     </span>
    </p>
   </div>
   <div class='ocr_carea' id='block_1_58' title="bbox 2231 2890 3812 2963">
    <p class='ocr_par' dir='ltr' id='par_1_58' title="bbox 2231 2890 3812 2963">
     <span class='ocr_line' id='line_1_58' title="bbox 2231 2890 3812 2963; baseline 0.005 -22"><span class='ocrx_word' id='word_1_445' title='bbox 2231 2890 2365 2958; x_wconf 79' lang='lat' dir='ltr'><strong>forte</strong></span> <span class='ocrx_word' id='word_1_446' title='bbox 2389 2908 2575 2956; x_wconf 82' lang='lat' dir='ltr'><strong>corpus</strong></span> <span class='ocrx_word' id='word_1_447' title='bbox 2614 2893 2837 2963; x_wconf 81' lang='grc' dir='ltr'>Ιιοε(66)</span> <span class='ocrx_word' id='word_1_448' title='bbox 2856 2896 2974 2962; x_wconf 81' lang='lat' dir='ltr'><strong>piu-</strong></span> <span class='ocrx_word' id='word_1_449' title='bbox 3050 2894 3249 2949; x_wconf 92' lang='lat' dir='ltr'><strong>mundo</strong></span> <span class='ocrx_word' id='word_1_450' title='bbox 3282 2896 3571 2949; x_wconf 88' lang='lat' dir='ltr'><strong>interiores</strong></span> <span class='ocrx_word' id='word_1_451' title='bbox 3616 2909 3812 2949; x_wconf 79' lang='lat' dir='ltr'><strong>earum</strong></span> 
     </span>
    </p>
   </div>
   <div class='ocr_carea' id='block_1_59' title="bbox 2228 2984 3810 3057">
    <p class='ocr_par' dir='ltr' id='par_1_59' title="bbox 2228 2984 3810 3057">
     <span class='ocr_line' id='line_1_59' title="bbox 2228 2984 3810 3057; baseline 0.006 -28"><span class='ocrx_word' id='word_1_452' title='bbox 2228 2995 2323 3047; x_wconf 82' lang='lat' dir='ltr'><strong>gue</strong></span> <span class='ocrx_word' id='word_1_453' title='bbox 2344 2992 2495 3048; x_wconf 75' lang='lat' dir='ltr'><strong>atque</strong></span> <span class='ocrx_word' id='word_1_454' title='bbox 2518 2992 2778 3036; x_wconf 82' lang='lat' dir='ltr'><strong>terrenum</strong></span> <span class='ocrx_word' id='word_1_455' title='bbox 2805 2984 2975 3053; x_wconf 86' lang='lat' dir='ltr'><strong>caligo</strong></span> <span class='ocrx_word' id='word_1_456' title='bbox 3051 2995 3265 3040; x_wconf 90' lang='lat' dir='ltr'><strong>mentes</strong></span> <span class='ocrx_word' id='word_1_457' title='bbox 3317 2986 3613 3038; x_wconf 84' lang='lat' dir='ltr'><strong>obsederat</strong></span> <span class='ocrx_word' id='word_1_458' title='bbox 3670 2985 3810 3057; x_wconf 82' lang='lat'><strong>(67),</strong></span> 
     </span>
    </p>
   </div>
   <div class='ocr_carea' id='block_1_60' title="bbox 2228 3076 3813 3148">
    <p class='ocr_par' dir='ltr' id='par_1_60' title="bbox 2228 3076 3813 3148">
     <span class='ocr_line' id='line_1_60' title="bbox 2228 3076 3813 3148; baseline 0.004 -22"><span class='ocrx_word' id='word_1_459' title='bbox 2228 3085 2273 3127; x_wconf 85' lang='lat' dir='ltr'><strong>et</strong></span> <span class='ocrx_word' id='word_1_460' title='bbox 2350 3076 2575 3128; x_wconf 73' lang='lat' dir='ltr'><strong>teneone</strong></span> <span class='ocrx_word' id='word_1_461' title='bbox 2641 3078 2977 3131; x_wconf 73' lang='lat' dir='ltr'><strong>nominanda:</strong></span> <span class='ocrx_word' id='word_1_462' title='bbox 3052 3077 3103 3132; x_wconf 92' lang='lat' dir='ltr'><strong>in</strong></span> <span class='ocrx_word' id='word_1_463' title='bbox 3175 3078 3355 3132; x_wconf 85' lang='lat' dir='ltr'><strong>l’uturo</strong></span> <span class='ocrx_word' id='word_1_464' title='bbox 3412 3093 3509 3148; x_wconf 89' lang='lat' dir='ltr'><strong>per</strong></span> <span class='ocrx_word' id='word_1_465' title='bbox 3565 3078 3813 3133; x_wconf 78' lang='lat' dir='ltr'><strong>exterius</strong></span> 
     </span>
    </p>
   </div>
   <div class='ocr_carea' id='block_1_61' title="bbox 551 3154 3811 3239">
    <p class='ocr_par' dir='ltr' id='par_1_61' title="bbox 551 3154 3811 3239">
     <span class='ocr_line' id='line_1_61' title="bbox 551 3154 3811 3239; baseline 0.002 -31"><span class='ocrx_word' id='word_1_466' title='bbox 551 3170 672 3237; x_wconf 84' lang='lat' dir='ltr'><strong>cum</strong></span> <span class='ocrx_word' id='word_1_467' title='bbox 710 3154 867 3207; x_wconf 78' lang='lat' dir='ltr'><strong>alicui</strong></span> <span class='ocrx_word' id='word_1_468' title='bbox 898 3168 1082 3207; x_wconf 91' lang='lat' dir='ltr'><strong>sermo</strong></span> <span class='ocrx_word' id='word_1_469' title='bbox 1110 3154 1514 3221; x_wconf 70' lang='lat' dir='ltr'><strong>sapietttim,vel</strong></span> <span class='ocrx_word' id='word_1_470' title='bbox 1538 3169 1714 3208; x_wconf 88' lang='lat' dir='ltr'><strong>sermo</strong></span> <span class='ocrx_word' id='word_1_471' title='bbox 1753 3157 2008 3219; x_wconf 67' lang='lat' dir='ltr'><strong>scientia},</strong></span> <span class='ocrx_word' id='word_1_472' title='bbox 2051 3160 2129 3211; x_wconf 84' lang='lat' dir='ltr'><strong>vel</strong></span> <span class='ocrx_word' id='word_1_473' title='bbox 2158 3168 2198 3225; x_wconf 77' lang='grc' dir='ltr'>ο</span> <span class='ocrx_word' id='word_1_474' title='bbox 2231 3178 2371 3229; x_wconf 78' lang='lat' dir='ltr'><strong>sum,</strong></span> <span class='ocrx_word' id='word_1_475' title='bbox 2418 3184 2509 3235; x_wconf 82' lang='lat' dir='ltr'><strong>per</strong></span> <span class='ocrx_word' id='word_1_476' title='bbox 2553 3167 2692 3236; x_wconf 86' lang='lat' dir='ltr'><strong>quod</strong></span> <span class='ocrx_word' id='word_1_477' title='bbox 2744 3184 2987 3221; x_wconf 81' lang='lat' dir='ltr'><strong>consum-</strong></span> <span class='ocrx_word' id='word_1_478' title='bbox 3059 3169 3304 3239; x_wconf 91' lang='lat' dir='ltr'><strong>corporis</strong></span> <span class='ocrx_word' id='word_1_479' title='bbox 3339 3178 3601 3239; x_wconf 80' lang='lat' dir='ltr'><strong>appareat</strong></span> <span class='ocrx_word' id='word_1_480' title='bbox 3644 3170 3811 3224; x_wconf 78' lang='lat' dir='ltr'><strong>indu-</strong></span> 
     </span>
    </p>
   </div>
   <div class='ocr_carea' id='block_1_62' title="bbox 550 3230 2125 3315">
    <p class='ocr_par' dir='ltr' id='par_1_62' title="bbox 550 3230 2125 3315">
     <span class='ocr_line' id='line_1_62' title="bbox 550 3230 2125 3315; baseline 0.004 -17"><span class='ocrx_word' id='word_1_481' title='bbox 550 3230 771 3299; x_wconf 81' lang='lat' dir='ltr'><strong>alterius</strong></span> <span class='ocrx_word' id='word_1_482' title='bbox 819 3245 1078 3313; x_wconf 88' lang='lat' dir='ltr'><strong>cujusque</strong></span> <span class='ocrx_word' id='word_1_483' title='bbox 1111 3246 1273 3299; x_wconf 84' lang='lat' dir='ltr'><strong>datus</strong></span> <span class='ocrx_word' id='word_1_484' title='bbox 1327 3256 1409 3299; x_wconf 88' lang='lat' dir='ltr'><strong>est</strong></span> <span class='ocrx_word' id='word_1_485' title='bbox 1444 3245 1555 3315; x_wconf 78' lang='grc'>(61)</span> <span class='ocrx_word' id='word_1_486' title='bbox 1587 3247 1737 3312; x_wconf 87' lang='lat' dir='ltr'><strong>doni,</strong></span> <span class='ocrx_word' id='word_1_487' title='bbox 1770 3257 1948 3303; x_wconf 89' lang='lat' dir='ltr'><strong>etnon</strong></span> <span class='ocrx_word' id='word_1_488' title='bbox 1983 3260 2125 3305; x_wconf 79' lang='lat' dir='ltr'><strong>reete</strong></span> 
     </span>
    </p>
   </div>
   <div class='ocr_carea' id='block_1_63' title="bbox 554 3336 2123 3405">
    <p class='ocr_par' dir='ltr' id='par_1_63' title="bbox 554 3336 2123 3405">
     <span class='ocr_line' id='line_1_63' title="bbox 554 3336 2123 3405; baseline 0.004 -16"><span class='ocrx_word' id='word_1_489' title='bbox 554 3336 987 3397; x_wconf 85' lang='lat' dir='ltr'><strong>adtninistratus,</strong></span> <span class='ocrx_word' id='word_1_490' title='bbox 1031 3337 1081 3388; x_wconf 91' lang='lat' dir='ltr'><strong>id</strong></span> <span class='ocrx_word' id='word_1_491' title='bbox 1136 3346 1214 3389; x_wconf 88' lang='lat' dir='ltr'><strong>est</strong></span> <span class='ocrx_word' id='word_1_492' title='bbox 1269 3346 1362 3390; x_wconf 93' lang='lat' dir='ltr'><strong>aut</strong></span> <span class='ocrx_word' id='word_1_493' title='bbox 1392 3338 1456 3390; x_wconf 89' lang='lat' dir='ltr'><strong>ad</strong></span> <span class='ocrx_word' id='word_1_494' title='bbox 1495 3348 1693 3391; x_wconf 90' lang='lat' dir='ltr'><strong>terram</strong></span> <span class='ocrx_word' id='word_1_495' title='bbox 1741 3340 1983 3395; x_wconf 67' lang='lat' dir='ltr'><strong>delosws</strong></span> <span class='ocrx_word' id='word_1_496' title='bbox 2018 3353 2123 3405; x_wconf 91' lang='lat' dir='ltr'><strong>est,</strong></span> 
     </span>
    </p>
   </div>
   <div class='ocr_carea' id='block_1_64' title="bbox 549 3426 2122 3497">
    <p class='ocr_par' dir='ltr' id='par_1_64' title="bbox 549 3426 2122 3497">
     <span class='ocr_line' id='line_1_64' title="bbox 549 3426 2122 3497; baseline 0.003 -16"><span class='ocrx_word' id='word_1_497' title='bbox 549 3436 642 3481; x_wconf 91' lang='lat' dir='ltr'><strong>aut</strong></span> <span class='ocrx_word' id='word_1_498' title='bbox 695 3426 747 3480; x_wconf 91' lang='lat' dir='ltr'><strong>in</strong></span> <span class='ocrx_word' id='word_1_499' title='bbox 799 3426 1015 3481; x_wconf 80' lang='lat' dir='ltr'><strong>sudario</strong></span> <span class='ocrx_word' id='word_1_500' title='bbox 1074 3426 1378 3497; x_wconf 84' lang='lat' dir='ltr'><strong>colligatus,</strong></span> <span class='ocrx_word' id='word_1_501' title='bbox 1441 3426 1715 3483; x_wconf 78' lang='lat' dir='ltr'><strong>auferetur</strong></span> <span class='ocrx_word' id='word_1_502' title='bbox 1765 3429 2007 3497; x_wconf 80' lang='lat' dir='ltr'><strong>profecto</strong></span> <span class='ocrx_word' id='word_1_503' title='bbox 2055 3434 2122 3486; x_wconf 91' lang='lat' dir='ltr'><strong>ab</strong></span> 
     </span>
    </p>
   </div>
   <div class='ocr_carea' id='block_1_65' title="bbox 548 3516 2122 3592">
    <p class='ocr_par' dir='ltr' id='par_1_65' title="bbox 548 3516 2122 3592">
     <span class='ocr_line' id='line_1_65' title="bbox 548 3516 2122 3592; baseline 0.003 -21"><span class='ocrx_word' id='word_1_504' title='bbox 548 3518 725 3571; x_wconf 87' lang='lat' dir='ltr'><strong>anima</strong></span> <span class='ocrx_word' id='word_1_505' title='bbox 759 3518 955 3570; x_wconf 91' lang='lat' dir='ltr'><strong>donum</strong></span> <span class='ocrx_word' id='word_1_506' title='bbox 1001 3516 1255 3583; x_wconf 88' lang='lat' dir='ltr'><strong>Spiritus,</strong></span> <span class='ocrx_word' id='word_1_507' title='bbox 1306 3528 1357 3570; x_wconf 89' lang='lat' dir='ltr'><strong>et.</strong></span> <span class='ocrx_word' id='word_1_508' title='bbox 1384 3534 1508 3587; x_wconf 87' lang='lat' dir='ltr'><strong>pars</strong></span> <span class='ocrx_word' id='word_1_509' title='bbox 1542 3520 1745 3588; x_wconf 70' lang='lat' dir='ltr'><strong>reliqua</strong></span> <span class='ocrx_word' id='word_1_510' title='bbox 1779 3536 1898 3589; x_wconf 76' lang='lat' dir='ltr'><strong>qua:</strong></span> <span class='ocrx_word' id='word_1_511' title='bbox 1932 3536 2122 3592; x_wconf 80' lang='lat' dir='ltr'><strong>Super—</strong></span> 
     </span>
    </p>
   </div>
   <div class='ocr_carea' id='block_1_66' title="bbox 548 3606 2118 3682">
    <p class='ocr_par' dir='ltr' id='par_1_66' title="bbox 548 3606 2118 3682">
     <span class='ocr_line' id='line_1_66' title="bbox 548 3606 2118 3682; baseline 0.004 -20"><span class='ocrx_word' id='word_1_512' title='bbox 548 3618 649 3669; x_wconf 86' lang='lat' dir='ltr'><strong>est,</strong></span> <span class='ocrx_word' id='word_1_513' title='bbox 706 3606 756 3659; x_wconf 88' lang='lat' dir='ltr'><strong>id</strong></span> <span class='ocrx_word' id='word_1_514' title='bbox 789 3616 868 3660; x_wconf 82' lang='lat' dir='ltr'><strong>est</strong></span> <span class='ocrx_word' id='word_1_515' title='bbox 901 3606 1094 3660; x_wconf 69' lang='lat' dir='ltr'><strong>anima:</strong></span> <span class='ocrx_word' id='word_1_516' title='bbox 1141 3608 1445 3662; x_wconf 86' lang='lat' dir='ltr'><strong>substa:.tia</strong></span> <span class='ocrx_word' id='word_1_517' title='bbox 1474 3626 1591 3662; x_wconf 89' lang='lat' dir='ltr'><strong>cum</strong></span> <span class='ocrx_word' id='word_1_518' title='bbox 1628 3610 1929 3667; x_wconf 89' lang='lat' dir='ltr'><strong>inﬁdelibus</strong></span> <span class='ocrx_word' id='word_1_519' title='bbox 1953 3628 2118 3682; x_wconf 88' lang='lat' dir='ltr'><strong>pone-</strong></span> 
     </span>
    </p>
   </div>
   <div class='ocr_carea' id='block_1_67' title="bbox 550 3695 2116 3772">
    <p class='ocr_par' dir='ltr' id='par_1_67' title="bbox 550 3695 2116 3772">
     <span class='ocr_line' id='line_1_67' title="bbox 550 3695 2116 3772; baseline 0.007 -25"><span class='ocrx_word' id='word_1_520' title='bbox 550 3706 658 3759; x_wconf 86' lang='lat' dir='ltr'><strong>tur,</strong></span> <span class='ocrx_word' id='word_1_521' title='bbox 691 3695 860 3748; x_wconf 85' lang='lat' dir='ltr'><strong>divisa</strong></span> <span class='ocrx_word' id='word_1_522' title='bbox 915 3712 976 3748; x_wconf 89' lang='lat' dir='ltr'><strong>ac</strong></span> <span class='ocrx_word' id='word_1_523' title='bbox 1030 3706 1276 3767; x_wconf 82' lang='lat' dir='ltr'><strong>separata</strong></span> <span class='ocrx_word' id='word_1_524' title='bbox 1310 3702 1375 3752; x_wconf 88' lang='lat' dir='ltr'><strong>ab</strong></span> <span class='ocrx_word' id='word_1_525' title='bbox 1404 3714 1466 3752; x_wconf 90' lang='lat' dir='ltr'><strong>eo</strong></span> <span class='ocrx_word' id='word_1_526' title='bbox 1499 3699 1701 3767; x_wconf 88' lang='lat' dir='ltr'><strong>Spiritu</strong></span> <span class='ocrx_word' id='word_1_527' title='bbox 1728 3717 1848 3755; x_wconf 88' lang='lat' dir='ltr'><strong>cunt</strong></span> <span class='ocrx_word' id='word_1_528' title='bbox 1881 3720 1989 3772; x_wconf 87' lang='lat' dir='ltr'><strong>quo</strong></span> <span class='ocrx_word' id='word_1_529' title='bbox 2017 3706 2116 3758; x_wconf 83' lang='lat' dir='ltr'><strong>ad-</strong></span> 
     </span>
    </p>
   </div>
   <div class='ocr_carea' id='block_1_68' title="bbox 537 3787 2112 3858">
    <p class='ocr_par' dir='ltr' id='par_1_68' title="bbox 537 3787 2112 3858">
     <span class='ocr_line' id='line_1_68' title="bbox 537 3787 2112 3858; baseline 0.005 -16"><span class='ocrx_word' id='word_1_530' title='bbox 537 3787 771 3857; x_wconf 86' lang='lat' dir='ltr'><strong>jungens</strong></span> <span class='ocrx_word' id='word_1_531' title='bbox 804 3801 862 3840; x_wconf 89' lang='lat' dir='ltr'><strong>se</strong></span> <span class='ocrx_word' id='word_1_532' title='bbox 897 3787 1126 3843; x_wconf 88' lang='lat' dir='ltr'><strong>Domino</strong></span> <span class='ocrx_word' id='word_1_533' title='bbox 1168 3803 1308 3843; x_wconf 90' lang='lat' dir='ltr'><strong>unus</strong></span> <span class='ocrx_word' id='word_1_534' title='bbox 1343 3788 1575 3858; x_wconf 84' lang='lat' dir='ltr'><strong>Spiritus</strong></span> <span class='ocrx_word' id='word_1_535' title='bbox 1604 3805 1723 3847; x_wconf 88' lang='lat' dir='ltr'><strong>esse</strong></span> <span class='ocrx_word' id='word_1_536' title='bbox 1750 3792 2030 3849; x_wconf 88' lang='lat' dir='ltr'><strong>debuerat.</strong></span> <span class='ocrx_word' id='word_1_537' title='bbox 2057 3794 2112 3850; x_wconf 91' lang='lat' dir='ltr'><strong>Si</strong></span> 
     </span>
    </p>
   </div>
   <div class='ocr_carea' id='block_1_69' title="bbox 546 3880 2113 3955">
    <p class='ocr_par' dir='ltr' id='par_1_69' title="bbox 546 3880 2113 3955">
     <span class='ocr_line' id='line_1_69' title="bbox 546 3880 2113 3955; baseline 0.006 -25"><span class='ocrx_word' id='word_1_538' title='bbox 546 3892 675 3933; x_wconf 86' lang='lat' dir='ltr'><strong>vero</strong></span> <span class='ocrx_word' id='word_1_539' title='bbox 707 3880 808 3933; x_wconf 91' lang='lat' dir='ltr'><strong>hoc</strong></span> <span class='ocrx_word' id='word_1_540' title='bbox 838 3897 940 3933; x_wconf 90' lang='lat' dir='ltr'><strong>non</strong></span> <span class='ocrx_word' id='word_1_541' title='bbox 974 3881 1038 3935; x_wconf 90' lang='lat' dir='ltr'><strong>de</strong></span> <span class='ocrx_word' id='word_1_542' title='bbox 1069 3880 1159 3934; x_wconf 89' lang='lat' dir='ltr'><strong>Dei</strong></span> <span class='ocrx_word' id='word_1_543' title='bbox 1202 3881 1431 3952; x_wconf 91' lang='lat' dir='ltr'><strong>Spiritu,</strong></span> <span class='ocrx_word' id='word_1_544' title='bbox 1474 3884 1568 3936; x_wconf 85' lang='lat' dir='ltr'><strong>sed</strong></span> <span class='ocrx_word' id='word_1_545' title='bbox 1606 3885 1670 3936; x_wconf 90' lang='lat' dir='ltr'><strong>de</strong></span> <span class='ocrx_word' id='word_1_546' title='bbox 1709 3885 1899 3939; x_wconf 75' lang='lat' dir='ltr'><strong>anima:</strong></span> <span class='ocrx_word' id='word_1_547' title='bbox 1948 3887 2113 3955; x_wconf 89' lang='lat' dir='ltr'><strong>ipsius</strong></span> 
     </span>
    </p>
   </div>
   <div class='ocr_carea' id='block_1_70' title="bbox 547 3971 2111 4043">
    <p class='ocr_par' dir='ltr' id='par_1_70' title="bbox 547 3971 2111 4043">
     <span class='ocr_line' id='line_1_70' title="bbox 547 3971 2111 4043; baseline 0.004 -19"><span class='ocrx_word' id='word_1_548' title='bbox 547 3979 739 4024; x_wconf 90' lang='lat' dir='ltr'><strong>natura</strong></span> <span class='ocrx_word' id='word_1_549' title='bbox 771 3971 1176 4041; x_wconf 84' lang='lat' dir='ltr'><strong>intelligendum</strong></span> <span class='ocrx_word' id='word_1_550' title='bbox 1200 3984 1301 4036; x_wconf 90' lang='lat' dir='ltr'><strong>est,</strong></span> <span class='ocrx_word' id='word_1_551' title='bbox 1332 3989 1458 4041; x_wconf 92' lang='lat' dir='ltr'><strong>pars</strong></span> <span class='ocrx_word' id='word_1_552' title='bbox 1488 3974 1603 4043; x_wconf 88' lang='lat' dir='ltr'><strong>ejus</strong></span> <span class='ocrx_word' id='word_1_553' title='bbox 1632 3975 1821 4028; x_wconf 82' lang='lat' dir='ltr'><strong>melior</strong></span> <span class='ocrx_word' id='word_1_554' title='bbox 1848 3976 1936 4030; x_wconf 90' lang='lat' dir='ltr'><strong>illa</strong></span> <span class='ocrx_word' id='word_1_555' title='bbox 1963 3977 2111 4032; x_wconf 88' lang='lat' dir='ltr'><strong>dice-</strong></span> 
     </span>
    </p>
   </div>
   <div class='ocr_carea' id='block_1_71' title="bbox 546 4063 2112 4134">
    <p class='ocr_par' dir='ltr' id='par_1_71' title="bbox 546 4063 2112 4134">
     <span class='ocr_line' id='line_1_71' title="bbox 546 4063 2112 4134; baseline 0.003 -18"><span class='ocrx_word' id='word_1_556' title='bbox 546 4069 637 4116; x_wconf 81' lang='lat' dir='ltr'><strong>tur</strong></span> <span class='ocrx_word' id='word_1_557' title='bbox 659 4076 775 4130; x_wconf 66' lang='lat' dir='ltr'><strong>qum</strong></span> <span class='ocrx_word' id='word_1_558' title='bbox 796 4063 860 4116; x_wconf 87' lang='lat' dir='ltr'><strong>ad</strong></span> <span class='ocrx_word' id='word_1_559' title='bbox 889 4064 1179 4132; x_wconf 85' lang='lat' dir='ltr'><strong>imaginem</strong></span> <span class='ocrx_word' id='word_1_560' title='bbox 1207 4064 1297 4117; x_wconf 89' lang='lat' dir='ltr'><strong>Dei</strong></span> <span class='ocrx_word' id='word_1_561' title='bbox 1328 4074 1382 4117; x_wconf 91' lang='lat' dir='ltr'><strong>et</strong></span> <span class='ocrx_word' id='word_1_562' title='bbox 1415 4064 1822 4119; x_wconf 90' lang='lat' dir='ltr'><strong>similitudinem</strong></span> <span class='ocrx_word' id='word_1_563' title='bbox 1850 4066 1983 4120; x_wconf 73' lang='lat' dir='ltr'><strong>facta</strong></span> <span class='ocrx_word' id='word_1_564' title='bbox 2003 4078 2112 4134; x_wconf 85' lang='lat' dir='ltr'><strong>est;</strong></span> 
     </span>
    </p>
   </div>
   <div class='ocr_carea' id='block_1_72' title="bbox 543 4154 2111 4227">
    <p class='ocr_par' dir='ltr' id='par_1_72' title="bbox 543 4154 2111 4227">
     <span class='ocr_line' id='line_1_72' title="bbox 543 4154 2111 4227; baseline 0.004 -21"><span class='ocrx_word' id='word_1_565' title='bbox 543 4154 649 4209; x_wconf 87' lang='lat' dir='ltr'><strong>alia</strong></span> <span class='ocrx_word' id='word_1_566' title='bbox 683 4166 860 4209; x_wconf 90' lang='lat' dir='ltr'><strong>autem</strong></span> <span class='ocrx_word' id='word_1_567' title='bbox 906 4173 1047 4225; x_wconf 86' lang='lat' dir='ltr'><strong>pars,</strong></span> <span class='ocrx_word' id='word_1_568' title='bbox 1077 4174 1135 4211; x_wconf 86' lang='lat' dir='ltr'><strong>ea</strong></span> <span class='ocrx_word' id='word_1_569' title='bbox 1171 4173 1287 4227; x_wconf 80' lang='lat' dir='ltr'><strong>qua:</strong></span> <span class='ocrx_word' id='word_1_570' title='bbox 1335 4158 1675 4227; x_wconf 89' lang='lat' dir='ltr'><strong>postmodum</strong></span> <span class='ocrx_word' id='word_1_571' title='bbox 1712 4174 1807 4227; x_wconf 92' lang='lat' dir='ltr'><strong>per</strong></span> <span class='ocrx_word' id='word_1_572' title='bbox 1836 4158 1987 4213; x_wconf 88' lang='lat' dir='ltr'><strong>liberi</strong></span> <span class='ocrx_word' id='word_1_573' title='bbox 2022 4176 2111 4213; x_wconf 85' lang='lat' dir='ltr'><strong>ar-</strong></span> 
     </span>
    </p>
   </div>
   <div class='ocr_carea' id='block_1_73' title="bbox 541 4243 2114 4314">
    <p class='ocr_par' dir='ltr' id='par_1_73' title="bbox 541 4243 2114 4314">
     <span class='ocr_line' id='line_1_73' title="bbox 541 4243 2114 4314; baseline 0.004 -16"><span class='ocrx_word' id='word_1_574' title='bbox 541 4243 689 4299; x_wconf 86' lang='lat' dir='ltr'><strong>bitrii</strong></span> <span class='ocrx_word' id='word_1_575' title='bbox 725 4244 927 4314; x_wconf 89' lang='lat' dir='ltr'><strong>lapsum</strong></span> <span class='ocrx_word' id='word_1_576' title='bbox 967 4256 1159 4300; x_wconf 89' lang='lat' dir='ltr'><strong>contra</strong></span> <span class='ocrx_word' id='word_1_577' title='bbox 1187 4256 1433 4299; x_wconf 88' lang='lat' dir='ltr'><strong>naturam</strong></span> <span class='ocrx_word' id='word_1_578' title='bbox 1474 4247 1658 4313; x_wconf 74' lang='lat' dir='ltr'><strong>prima:</strong></span> <span class='ocrx_word' id='word_1_579' title='bbox 1692 4248 2019 4303; x_wconf 85' lang='lat' dir='ltr'><strong>conditionis</strong></span> <span class='ocrx_word' id='word_1_580' title='bbox 2059 4260 2114 4304; x_wconf 89' lang='lat' dir='ltr'><strong>et</strong></span> 
     </span>
    </p>
   </div>
   <div class='ocr_carea' id='block_1_74' title="bbox 612 4335 1962 4403">
    <p class='ocr_par' dir='ltr' id='par_1_74' title="bbox 612 4335 1962 4403">
     <span class='ocr_line' id='line_1_74' title="bbox 612 4335 1962 4403; baseline 0.002 -14"><span class='ocrx_word' id='word_1_581' title='bbox 612 4336 633 4366; x_wconf 77' lang='grc'><strong><em>⁸</em></strong></span> <span class='ocrx_word' id='word_1_582' title='bbox 667 4335 777 4389; x_wconf 90' lang='lat' dir='ltr'><strong>.Ier.</strong></span> <span class='ocrx_word' id='word_1_583' title='bbox 809 4351 935 4398; x_wconf 80' lang='lat' dir='ltr'><strong>xxv,</strong></span> <span class='ocrx_word' id='word_1_584' title='bbox 974 4337 1059 4390; x_wconf 88' lang='lat' dir='ltr'><strong>I5.</strong></span> <span class='ocrx_word' id='word_1_585' title='bbox 1164 4336 1184 4367; x_wconf 84' lang='grc'><strong><em>⁵</em></strong></span> <span class='ocrx_word' id='word_1_586' title='bbox 1227 4336 1384 4403; x_wconf 90' lang='lat' dir='ltr'><strong>Ibid.,</strong></span> <span class='ocrx_word' id='word_1_587' title='bbox 1414 4336 1503 4390; x_wconf 73' lang='lat'><strong>28.</strong></span> <span class='ocrx_word' id='word_1_588' title='bbox 1608 4336 1627 4365; x_wconf 78' lang='grc'>⁸</span> <span class='ocrx_word' id='word_1_589' title='bbox 1655 4336 1758 4391; x_wconf 86' lang='lat' dir='ltr'><strong>lsa.</strong></span> <span class='ocrx_word' id='word_1_590' title='bbox 1802 4353 1877 4403; x_wconf 86' lang='lat' dir='ltr'><strong>tv,</strong></span> <span class='ocrx_word' id='word_1_591' title='bbox 1909 4338 1962 4392; x_wconf 68' lang='grc'><strong>4.</strong></span> 
     </span>
    </p>
   </div>
   <div class='ocr_carea' id='block_1_75' title="bbox 542 4404 1249 4472">
    <p class='ocr_par' dir='ltr' id='par_1_75' title="bbox 542 4404 1249 4472">
     <span class='ocr_line' id='line_1_75' title="bbox 542 4404 1249 4472; baseline 0 -13"><span class='ocrx_word' id='word_1_592' title='bbox 542 4406 584 4437; x_wconf 86' lang='grc'><strong>¹⁰</strong></span> <span class='ocrx_word' id='word_1_593' title='bbox 634 4404 823 4459; x_wconf 81' lang='lat' dir='ltr'><strong>Matth.</strong></span> <span class='ocrx_word' id='word_1_594' title='bbox 865 4407 1123 4472; x_wconf 77' lang='lat' dir='ltr'><strong>xrltt,lO,</strong></span> <span class='ocrx_word' id='word_1_595' title='bbox 1164 4408 1249 4460; x_wconf 86' lang='lat' dir='ltr'><strong>II.</strong></span> 
     </span>
    </p>
   </div>
   <div class='ocr_carea' id='block_1_76' title="bbox 2071 4340 2601 4409">
    <p class='ocr_par' dir='ltr' id='par_1_76' title="bbox 2071 4340 2601 4409">
     <span class='ocr_line' id='line_1_76' title="bbox 2071 4340 2601 4409; baseline 0.008 -16"><span class='ocrx_word' id='word_1_596' title='bbox 2071 4341 2089 4369; x_wconf 91' lang='grc'><strong>⁷</strong></span> <span class='ocrx_word' id='word_1_597' title='bbox 2135 4340 2238 4396; x_wconf 87' lang='lat' dir='ltr'><strong>Isa.</strong></span> <span class='ocrx_word' id='word_1_598' title='bbox 2299 4358 2464 4409; x_wconf 74' lang='lat' dir='ltr'><strong>XLVII,</strong></span> <span class='ocrx_word' id='word_1_599' title='bbox 2516 4344 2601 4397; x_wconf 74' lang='grc'><strong>14.</strong></span> 
     </span>
    </p>
   </div>
   <div class='ocr_carea' id='block_1_77' title="bbox 2228 3258 3814 3332">
    <p class='ocr_par' dir='ltr' id='par_1_77' title="bbox 2228 3258 3814 3332">
     <span class='ocr_line' id='line_1_77' title="bbox 2228 3258 3814 3332; baseline 0.006 -24"><span class='ocrx_word' id='word_1_600' title='bbox 2228 3268 2367 3309; x_wconf 85' lang='lat' dir='ltr'><strong>mqu</strong></span> <span class='ocrx_word' id='word_1_601' title='bbox 2394 3258 2490 3311; x_wconf 82' lang='lat' dir='ltr'><strong>hoc</strong></span> <span class='ocrx_word' id='word_1_602' title='bbox 2522 3258 2723 3311; x_wconf 88' lang='lat' dir='ltr'><strong>mundo</strong></span> <span class='ocrx_word' id='word_1_603' title='bbox 2750 3274 2865 3311; x_wconf 87' lang='lat' dir='ltr'><strong>cum</strong></span> <span class='ocrx_word' id='word_1_604' title='bbox 2894 3276 2987 3313; x_wconf 82' lang='lat' dir='ltr'><strong>ne—</strong></span> <span class='ocrx_word' id='word_1_605' title='bbox 3062 3269 3324 3315; x_wconf 90' lang='lat' dir='ltr'><strong>mentum.</strong></span> <span class='ocrx_word' id='word_1_606' title='bbox 3362 3262 3649 3315; x_wconf 63' lang='lat' dir='ltr'><strong>Similiter</strong></span> <span class='ocrx_word' id='word_1_607' title='bbox 3672 3276 3814 3332; x_wconf 88' lang='lat' dir='ltr'><strong>quo-</strong></span> 
     </span>
    </p>
   </div>
   <div class='ocr_carea' id='block_1_78' title="bbox 2225 3348 3813 3420">
    <p class='ocr_par' dir='ltr' id='par_1_78' title="bbox 2225 3348 3813 3420">
     <span class='ocr_line' id='line_1_78' title="bbox 2225 3348 3813 3420; baseline 0.005 -21"><span class='ocrx_word' id='word_1_608' title='bbox 2225 3364 2363 3401; x_wconf 82' lang='lat' dir='ltr'><strong>cesse</strong></span> <span class='ocrx_word' id='word_1_609' title='bbox 2380 3348 2537 3417; x_wconf 79' lang='lat' dir='ltr'><strong>fuerit</strong></span> <span class='ocrx_word' id='word_1_610' title='bbox 2559 3350 2611 3401; x_wconf 84' lang='lat' dir='ltr'><strong>in</strong></span> <span class='ocrx_word' id='word_1_611' title='bbox 2630 3348 2790 3402; x_wconf 86' lang='lat' dir='ltr'><strong>alium</strong></span> <span class='ocrx_word' id='word_1_612' title='bbox 2813 3360 2987 3404; x_wconf 84' lang='lat' dir='ltr'><strong>lrans-</strong></span> <span class='ocrx_word' id='word_1_613' title='bbox 3063 3366 3169 3420; x_wconf 90' lang='lat' dir='ltr'><strong>que</strong></span> <span class='ocrx_word' id='word_1_614' title='bbox 3210 3364 3264 3406; x_wconf 91' lang='lat' dir='ltr'><strong>et</strong></span> <span class='ocrx_word' id='word_1_615' title='bbox 3316 3352 3383 3407; x_wconf 91' lang='lat' dir='ltr'><strong>de</strong></span> <span class='ocrx_word' id='word_1_616' title='bbox 3423 3366 3650 3408; x_wconf 88' lang='lat' dir='ltr'><strong>carcere</strong></span> <span class='ocrx_word' id='word_1_617' title='bbox 3683 3366 3813 3407; x_wconf 81' lang='lat' dir='ltr'><strong>sen-</strong></span> 
     </span>
    </p>
   </div>
   <div class='ocr_carea' id='block_1_79' title="bbox 2225 3440 3813 3503">
    <p class='ocr_par' dir='ltr' id='par_1_79' title="bbox 2225 3440 3813 3503">
     <span class='ocr_line' id='line_1_79' title="bbox 2225 3440 3813 3503; baseline 0.005 -14"><span class='ocrx_word' id='word_1_618' title='bbox 2225 3440 2299 3491; x_wconf 78' lang='lat' dir='ltr'><strong>ire</strong></span> <span class='ocrx_word' id='word_1_619' title='bbox 2388 3440 2679 3503; x_wconf 86' lang='lat' dir='ltr'><strong>mundum,</strong></span> <span class='ocrx_word' id='word_1_620' title='bbox 2774 3457 2982 3494; x_wconf 78' lang='lat' dir='ltr'><strong>rursum</strong></span> <span class='ocrx_word' id='word_1_621' title='bbox 3060 3444 3298 3497; x_wconf 89' lang='lat' dir='ltr'><strong>tiendum</strong></span> <span class='ocrx_word' id='word_1_622' title='bbox 3360 3453 3465 3498; x_wconf 90' lang='lat' dir='ltr'><strong>est.</strong></span> <span class='ocrx_word' id='word_1_623' title='bbox 3508 3443 3617 3499; x_wconf 88' lang='lat' dir='ltr'><strong>Sed</strong></span> <span class='ocrx_word' id='word_1_624' title='bbox 3694 3443 3813 3498; x_wconf 82' lang='lat' dir='ltr'><strong>suf-</strong></span> 
     </span>
    </p>
   </div>
   <div class='ocr_carea' id='block_1_80' title="bbox 2222 3532 3812 3606">
    <p class='ocr_par' dir='ltr' id='par_1_80' title="bbox 2222 3532 3812 3606">
     <span class='ocr_line' id='line_1_80' title="bbox 2222 3532 3812 3606; baseline 0.005 -24"><span class='ocrx_word' id='word_1_625' title='bbox 2222 3532 2470 3583; x_wconf 74' lang='lat' dir='ltr'><strong>nascendi</strong></span> <span class='ocrx_word' id='word_1_626' title='bbox 2533 3542 2698 3585; x_wconf 82' lang='lat' dir='ltr'><strong>sumet</strong></span> <span class='ocrx_word' id='word_1_627' title='bbox 2732 3534 2969 3587; x_wconf 76' lang='lat' dir='ltr'><strong>exordia.</strong></span> <span class='ocrx_word' id='word_1_628' title='bbox 3047 3535 3234 3588; x_wconf 89' lang='lat' dir='ltr'><strong>ﬁciant</strong></span> <span class='ocrx_word' id='word_1_629' title='bbox 3338 3535 3437 3589; x_wconf 87' lang='lat' dir='ltr'><strong>ista</strong></span> <span class='ocrx_word' id='word_1_630' title='bbox 3523 3536 3576 3589; x_wconf 91' lang='lat' dir='ltr'><strong>in</strong></span> <span class='ocrx_word' id='word_1_631' title='bbox 3672 3551 3812 3606; x_wconf 67' lang='lat' dir='ltr'><strong>pra:-</strong></span> 
     </span>
    </p>
   </div>
   <div class='ocr_carea' id='block_1_81' title="bbox 2220 3622 3810 3693">
    <p class='ocr_par' dir='ltr' id='par_1_81' title="bbox 2220 3622 3810 3693">
     <span class='ocr_line' id='line_1_81' title="bbox 2220 3622 3810 3693; baseline 0.006 -18"><span class='ocrx_word' id='word_1_632' title='bbox 2220 3622 2357 3676; x_wconf 89' lang='lat' dir='ltr'><strong>seuti</strong></span> <span class='ocrx_word' id='word_1_633' title='bbox 2400 3622 2545 3688; x_wconf 90' lang='lat' dir='ltr'><strong>loco,</strong></span> <span class='ocrx_word' id='word_1_634' title='bbox 2574 3638 2693 3693; x_wconf 68' lang='lat' dir='ltr'><strong>quae</strong></span> <span class='ocrx_word' id='word_1_635' title='bbox 2737 3624 2954 3679; x_wconf 90' lang='lat' dir='ltr'><strong>interim</strong></span> <span class='ocrx_word' id='word_1_636' title='bbox 2999 3642 3142 3681; x_wconf 83' lang='lat' dir='ltr'><strong>nune</strong></span> <span class='ocrx_word' id='word_1_637' title='bbox 3171 3636 3229 3680; x_wconf 92' lang='lat' dir='ltr'><strong>ut</strong></span> <span class='ocrx_word' id='word_1_638' title='bbox 3263 3628 3476 3681; x_wconf 90' lang='lat' dir='ltr'><strong>dicendi</strong></span> <span class='ocrx_word' id='word_1_639' title='bbox 3508 3628 3645 3684; x_wconf 88' lang='lat' dir='ltr'><strong>ordo</strong></span> <span class='ocrx_word' id='word_1_640' title='bbox 3679 3644 3810 3684; x_wconf 81' lang='lat' dir='ltr'><strong>ser-</strong></span> 
     </span>
    </p>
   </div>
   <div class='ocr_carea' id='block_1_82' title="bbox 2222 3709 3442 3784">
    <p class='ocr_par' dir='ltr' id='par_1_82' title="bbox 2222 3709 3442 3784">
     <span class='ocr_line' id='line_1_82' title="bbox 2222 3709 3442 3784; baseline 0.011 -21"><span class='ocrx_word' id='word_1_641' title='bbox 2222 3722 2465 3777; x_wconf 83' lang='lat' dir='ltr'><strong>varetur,</strong></span> <span class='ocrx_word' id='word_1_642' title='bbox 2487 3729 2650 3783; x_wconf 83' lang='lat' dir='ltr'><strong>quam</strong></span> <span class='ocrx_word' id='word_1_643' title='bbox 2680 3716 3028 3784; x_wconf 90' lang='lat' dir='ltr'><strong>paucissimis</strong></span> <span class='ocrx_word' id='word_1_644' title='bbox 3051 3718 3193 3772; x_wconf 88' lang='lat' dir='ltr'><strong>dicta</strong></span> <span class='ocrx_word' id='word_1_645' title='bbox 3234 3727 3379 3775; x_wconf 90' lang='lat' dir='ltr'><strong>sunt.</strong></span> <span class='ocrx_word' id='word_1_646' title='bbox 3438 3709 3442 3712; x_wconf 11' lang='lat' dir='ltr'><strong>i</strong></span> 
     </span>
    </p>
   </div>
   <div class='ocr_carea' id='block_1_83' title="bbox 2730 3895 3291 3968">
    <p class='ocr_par' dir='ltr' id='par_1_83' title="bbox 2730 3895 3291 3968">
     <span class='ocr_line' id='line_1_83' title="bbox 2730 3895 3291 3968; baseline 0.005 -18"><span class='ocrx_word' id='word_1_647' title='bbox 2730 3895 2888 3968; x_wconf 65' lang='grc'><strong>104</strong></span> <span class='ocrx_word' id='word_1_648' title='bbox 2930 3896 3159 3954; x_wconf 85' lang='lat' dir='ltr'><strong>CAPUT</strong></span> <span class='ocrx_word' id='word_1_649' title='bbox 3201 3898 3291 3953; x_wconf 80' lang='lat' dir='ltr'><strong>XI.</strong></span> 
     </span>
    </p>
   </div>
   <div class='ocr_carea' id='block_1_84' title="bbox 2692 4028 3317 4097">
    <p class='ocr_par' dir='ltr' id='par_1_84' title="bbox 2692 4028 3317 4097">
     <span class='ocr_line' id='line_1_84' title="bbox 2692 4028 3317 4097; baseline 0 -15"><span class='ocrx_word' id='word_1_650' title='bbox 2692 4028 2769 4083; x_wconf 86' lang='lat' dir='ltr'><strong>De</strong></span> <span class='ocrx_word' id='word_1_651' title='bbox 2802 4030 3317 4097; x_wconf 81' lang='lat' dir='ltr'><strong>repromissionibus.</strong></span> 
     </span>
    </p>
   </div>
   <div class='ocr_carea' id='block_1_85' title="bbox 2292 4160 3805 4235">
    <p class='ocr_par' dir='ltr' id='par_1_85' title="bbox 2292 4160 3805 4235">
     <span class='ocr_line' id='line_1_85' title="bbox 2292 4160 3805 4235; baseline 0.006 -22"><span class='ocrx_word' id='word_1_652' title='bbox 2292 4160 2344 4213; x_wconf 77' lang='grc'><strong>1.</strong></span> <span class='ocrx_word' id='word_1_653' title='bbox 2368 4160 2659 4217; x_wconf 80' lang='lat' dir='ltr'><strong>Videamus</strong></span> <span class='ocrx_word' id='word_1_654' title='bbox 2677 4178 2818 4217; x_wconf 92' lang='lat' dir='ltr'><strong>nunc</strong></span> <span class='ocrx_word' id='word_1_655' title='bbox 2839 4164 3076 4218; x_wconf 85' lang='lat' dir='ltr'><strong>breviter</strong></span> <span class='ocrx_word' id='word_1_656' title='bbox 3091 4164 3220 4234; x_wconf 88' lang='lat' dir='ltr'><strong>quid</strong></span> <span class='ocrx_word' id='word_1_657' title='bbox 3251 4174 3305 4219; x_wconf 89' lang='lat' dir='ltr'><strong>et</strong></span> <span class='ocrx_word' id='word_1_658' title='bbox 3331 4163 3397 4220; x_wconf 91' lang='lat' dir='ltr'><strong>de</strong></span> <span class='ocrx_word' id='word_1_659' title='bbox 3414 4166 3805 4235; x_wconf 88' lang='lat' dir='ltr'><strong>repromissio-</strong></span> 
     </span>
    </p>
   </div>
   <div class='ocr_carea' id='block_1_86' title="bbox 2223 4252 3800 4325">
    <p class='ocr_par' dir='ltr' id='par_1_86' title="bbox 2223 4252 3800 4325">
     <span class='ocr_line' id='line_1_86' title="bbox 2223 4252 3800 4325; baseline 0.006 -22"><span class='ocrx_word' id='word_1_660' title='bbox 2223 4252 2378 4305; x_wconf 91' lang='lat' dir='ltr'><strong>nibus</strong></span> <span class='ocrx_word' id='word_1_661' title='bbox 2410 4254 2754 4308; x_wconf 90' lang='lat' dir='ltr'><strong>sentiendum</strong></span> <span class='ocrx_word' id='word_1_662' title='bbox 2788 4255 2861 4309; x_wconf 87' lang='lat' dir='ltr'><strong>sit</strong></span> <span class='ocrx_word' id='word_1_663' title='bbox 2885 4255 3015 4325; x_wconf 87' lang='lat'><strong>(68).</strong></span> <span class='ocrx_word' id='word_1_664' title='bbox 3044 4256 3265 4310; x_wconf 77' lang='lat' dir='ltr'><strong>Certum</strong></span> <span class='ocrx_word' id='word_1_665' title='bbox 3297 4266 3380 4309; x_wconf 90' lang='lat' dir='ltr'><strong>est</strong></span> <span class='ocrx_word' id='word_1_666' title='bbox 3408 4256 3537 4325; x_wconf 84' lang='lat' dir='ltr'><strong>quia</strong></span> <span class='ocrx_word' id='word_1_667' title='bbox 3584 4257 3800 4313; x_wconf 87' lang='lat' dir='ltr'><strong>nullum</strong></span> 
     </span>
    </p>
   </div>
   <div class='ocr_carea' id='block_1_87' title="bbox 2706 4343 3797 4414">
    <p class='ocr_par' dir='ltr' id='par_1_87' title="bbox 2706 4343 3797 4414">
     <span class='ocr_line' id='line_1_87' title="bbox 2706 4343 3797 4414; baseline 0.004 -17"><span class='ocrx_word' id='word_1_668' title='bbox 2706 4344 2727 4375; x_wconf 81' lang='grc'>⁸</span> <span class='ocrx_word' id='word_1_669' title='bbox 2758 4343 2989 4400; x_wconf 78' lang='lat' dir='ltr'><strong>Malacb.</strong></span> <span class='ocrx_word' id='word_1_670' title='bbox 3043 4361 3122 4411; x_wconf 88' lang='grc' dir='ltr'><strong>ιιι,</strong></span> <span class='ocrx_word' id='word_1_671' title='bbox 3162 4346 3217 4400; x_wconf 79' lang='grc'><strong>5.</strong></span> <span class='ocrx_word' id='word_1_672' title='bbox 3318 4345 3338 4376; x_wconf 88' lang='grc'><strong><em>⁹</em></strong></span> <span class='ocrx_word' id='word_1_673' title='bbox 3370 4344 3501 4401; x_wconf 89' lang='lat' dir='ltr'><strong>Luc.</strong></span> <span class='ocrx_word' id='word_1_674' title='bbox 3552 4363 3655 4414; x_wconf 81' lang='lat' dir='ltr'><strong>xu,</strong></span> <span class='ocrx_word' id='word_1_675' title='bbox 3699 4348 3797 4403; x_wconf 63' lang='lat'><strong>£6.</strong></span> 
     </span>
    </p>
   </div>
   <div class='ocr_carea' id='block_1_88' title="bbox 609 4500 2481 4581">
    <p class='ocr_par' dir='ltr' id='par_1_88' title="bbox 609 4500 2481 4581">
     <span class='ocr_line' id='line_1_88' title="bbox 609 4500 2481 4581; baseline 0.001 -27"><span class='ocrx_word' id='word_1_676' title='bbox 609 4500 731 4581; x_wconf 62' lang='lat' dir='ltr'><strong>(5t)</strong></span> <span class='ocrx_word' id='word_1_677' title='bbox 754 4502 843 4581; x_wconf 85' lang='lat' dir='ltr'><strong>S_ic</strong></span> <span class='ocrx_word' id='word_1_678' title='bbox 867 4504 1256 4581; x_wconf 60' lang='lat' dir='ltr'><strong>onmescodd.</strong></span> <span class='ocrx_word' id='word_1_679' title='bbox 1292 4518 1424 4557; x_wconf 90' lang='lat' dir='ltr'><strong>mss.</strong></span> <span class='ocrx_word' id='word_1_680' title='bbox 1450 4500 1619 4569; x_wconf 86' lang='lat' dir='ltr'><strong>Alias,</strong></span> <span class='ocrx_word' id='word_1_681' title='bbox 1652 4519 1669 4553; x_wconf 90' lang='grc' dir='ltr'><strong>ι</strong></span> <span class='ocrx_word' id='word_1_682' title='bbox 1707 4512 1761 4557; x_wconf 86' lang='lat' dir='ltr'><strong>et</strong></span> <span class='ocrx_word' id='word_1_683' title='bbox 1784 4503 2100 4558; x_wconf 89' lang='lat' dir='ltr'><strong>deciderunt</strong></span> <span class='ocrx_word' id='word_1_684' title='bbox 2135 4508 2178 4562; x_wconf 85' lang='grc' dir='ltr'>Ι)</span> <span class='ocrx_word' id='word_1_685' title='bbox 2212 4504 2415 4581; x_wconf 67' lang='lat' dir='ltr'><strong>anima.</strong></span> <span class='ocrx_word' id='word_1_686' title='bbox 2436 4522 2481 4581; x_wconf 40' lang='grc' dir='ltr'><em>’ρ</em></span> 
     </span>
    </p>
   </div>
   <div class='ocr_carea' id='block_1_89' title="bbox 537 4570 1420 4639">
    <p class='ocr_par' dir='ltr' id='par_1_89' title="bbox 537 4570 1420 4639">
     <span class='ocr_line' id='line_1_89' title="bbox 537 4570 1420 4639; baseline -0.003 -14"><span class='ocrx_word' id='word_1_687' title='bbox 537 4570 592 4625; x_wconf 87' lang='lat' dir='ltr'><strong>in</strong></span> <span class='ocrx_word' id='word_1_688' title='bbox 622 4570 842 4639; x_wconf 78' lang='lat' dir='ltr'><strong>iudicio.</strong></span> <span class='ocrx_word' id='word_1_689' title='bbox 867 4573 958 4626; x_wconf 84' lang='lat' dir='ltr'><strong>Est</strong></span> <span class='ocrx_word' id='word_1_690' title='bbox 990 4581 1041 4626; x_wconf 89' lang='lat' dir='ltr'><strong>et</strong></span> <span class='ocrx_word' id='word_1_691' title='bbox 1078 4574 1225 4635; x_wconf 84' lang='lat' dir='ltr'><strong>illud,</strong></span> <span class='ocrx_word' id='word_1_692' title='bbox 1266 4594 1281 4625; x_wconf 78' lang='grc' dir='ltr'><strong>ι</strong></span> <span class='ocrx_word' id='word_1_693' title='bbox 1316 4585 1420 4627; x_wconf 85' lang='lat' dir='ltr'><strong>etc.</strong></span> 
     </span>
    </p>
   </div>
   <div class='ocr_carea' id='block_1_90' title="bbox 608 4641 2101 4715">
    <p class='ocr_par' dir='ltr' id='par_1_90' title="bbox 608 4641 2101 4715">
     <span class='ocr_line' id='line_1_90' title="bbox 608 4641 2101 4715; baseline 0.004 -20"><span class='ocrx_word' id='word_1_694' title='bbox 608 4642 719 4715; x_wconf 89' lang='lat'><strong>(55)</strong></span> <span class='ocrx_word' id='word_1_695' title='bbox 760 4641 1000 4715; x_wconf 82' lang='lat' dir='ltr'><strong>Furoris.</strong></span> <span class='ocrx_word' id='word_1_696' title='bbox 1039 4646 1198 4698; x_wconf 83' lang='lat' dir='ltr'><strong>Deest</strong></span> <span class='ocrx_word' id='word_1_697' title='bbox 1227 4646 1277 4697; x_wconf 78' lang='grc' dir='ltr'><strong>ιιι</strong></span> <span class='ocrx_word' id='word_1_698' title='bbox 1311 4642 1584 4715; x_wconf 90' lang='lat' dir='ltr'><strong>prioribus</strong></span> <span class='ocrx_word' id='word_1_699' title='bbox 1625 4643 1975 4709; x_wconf 86' lang='lat' dir='ltr'><strong>editionibus,</strong></span> <span class='ocrx_word' id='word_1_700' title='bbox 2006 4646 2101 4701; x_wconf 86' lang='lat' dir='ltr'><strong>sed</strong></span> 
     </span>
    </p>
   </div>
   <div class='ocr_carea' id='block_1_91' title="bbox 535 4709 1010 4767">
    <p class='ocr_par' dir='ltr' id='par_1_91' title="bbox 535 4709 1010 4767">
     <span class='ocr_line' id='line_1_91' title="bbox 535 4709 1010 4767; baseline 0.004 -4"><span class='ocrx_word' id='word_1_701' title='bbox 535 4709 771 4765; x_wconf 87' lang='lat' dir='ltr'><strong>habetur</strong></span> <span class='ocrx_word' id='word_1_702' title='bbox 802 4714 851 4764; x_wconf 91' lang='lat' dir='ltr'><strong>in</strong></span> <span class='ocrx_word' id='word_1_703' title='bbox 884 4728 1010 4767; x_wconf 86' lang='lat' dir='ltr'><strong>mss.</strong></span> 
     </span>
    </p>
   </div>
   <div class='ocr_carea' id='block_1_92' title="bbox 608 4781 2097 4853">
    <p class='ocr_par' dir='ltr' id='par_1_92' title="bbox 608 4781 2097 4853">
     <span class='ocr_line' id='line_1_92' title="bbox 608 4781 2097 4853; baseline 0.003 -20"><span class='ocrx_word' id='word_1_704' title='bbox 608 4781 719 4853; x_wconf 84' lang='lat'><strong>(56)</strong></span> <span class='ocrx_word' id='word_1_705' title='bbox 762 4782 850 4835; x_wconf 90' lang='lat' dir='ltr'><strong>Sic</strong></span> <span class='ocrx_word' id='word_1_706' title='bbox 890 4797 1018 4837; x_wconf 91' lang='lat' dir='ltr'><strong>mss.</strong></span> <span class='ocrx_word' id='word_1_707' title='bbox 1052 4782 1219 4847; x_wconf 89' lang='lat' dir='ltr'><strong>Alias,</strong></span> <span class='ocrx_word' id='word_1_708' title='bbox 1258 4802 1277 4835; x_wconf 80' lang='grc' dir='ltr'><strong>ι</strong></span> <span class='ocrx_word' id='word_1_709' title='bbox 1314 4782 1558 4853; x_wconf 87' lang='lat' dir='ltr'><strong>proﬁciet</strong></span> <span class='ocrx_word' id='word_1_710' title='bbox 1598 4792 1921 4838; x_wconf 79' lang='lat' dir='ltr'><strong>animarum.</strong></span> <span class='ocrx_word' id='word_1_711' title='bbox 1955 4784 2097 4850; x_wconf 85' lang='lat' dir='ltr'><strong>Quo-</strong></span> 
     </span>
    </p>
   </div>
   <div class='ocr_carea' id='block_1_93' title="bbox 535 4851 1107 4914">
    <p class='ocr_par' dir='ltr' id='par_1_93' title="bbox 535 4851 1107 4914">
     <span class='ocr_line' id='line_1_93' title="bbox 535 4851 1107 4914; baseline 0.005 -13"><span class='ocrx_word' id='word_1_712' title='bbox 535 4851 695 4905; x_wconf 91' lang='lat' dir='ltr'><strong>modo</strong></span> <span class='ocrx_word' id='word_1_713' title='bbox 721 4861 923 4914; x_wconf 89' lang='lat' dir='ltr'><strong>autem,</strong></span> <span class='ocrx_word' id='word_1_714' title='bbox 953 4870 970 4902; x_wconf 80' lang='grc' dir='ltr'><strong>ι</strong></span> <span class='ocrx_word' id='word_1_715' title='bbox 1002 4865 1107 4906; x_wconf 89' lang='lat' dir='ltr'><strong>etc.</strong></span> 
     </span>
    </p>
   </div>
   <div class='ocr_carea' id='block_1_94' title="bbox 606 4919 911 4987">
    <p class='ocr_par' dir='ltr' id='par_1_94' title="bbox 606 4919 911 4987">
     <span class='ocr_line' id='line_1_94' title="bbox 606 4919 911 4987; baseline 0 -16"><span class='ocrx_word' id='word_1_716' title='bbox 606 4919 720 4987; x_wconf 83' lang='lat'><strong>(57)</strong></span> <span class='ocrx_word' id='word_1_717' title='bbox 751 4920 911 4973; x_wconf 88' lang='lat' dir='ltr'><strong>Cave.</strong></span> 
     </span>
    </p>
   </div>
   <div class='ocr_carea' id='block_1_95' title="bbox 603 4988 2093 5061">
    <p class='ocr_par' dir='ltr' id='par_1_95' title="bbox 603 4988 2093 5061">
     <span class='ocr_line' id='line_1_95' title="bbox 603 4988 2093 5061; baseline 0.004 -20"><span class='ocrx_word' id='word_1_718' title='bbox 603 4988 715 5060; x_wconf 88' lang='lat'><strong>(58)</strong></span> <span class='ocrx_word' id='word_1_719' title='bbox 748 4990 935 5043; x_wconf 81' lang='lat' dir='ltr'><strong>Abluet</strong></span> <span class='ocrx_word' id='word_1_720' title='bbox 964 4990 1239 5061; x_wconf 83' lang='lat' dir='ltr'><strong>Dominus</strong></span> <span class='ocrx_word' id='word_1_721' title='bbox 1267 4992 1446 5046; x_wconf 82' lang='lat' dir='ltr'><strong>sordes</strong></span> <span class='ocrx_word' id='word_1_722' title='bbox 1481 4992 1713 5059; x_wconf 77' lang='lat' dir='ltr'><strong>ﬁliorum</strong></span> <span class='ocrx_word' id='word_1_723' title='bbox 1741 4992 1816 5045; x_wconf 84' lang='lat' dir='ltr'><strong>rel</strong></span> <span class='ocrx_word' id='word_1_724' title='bbox 1856 4992 2093 5061; x_wconf 79' lang='lat' dir='ltr'><strong>ﬁliarum</strong></span> 
     </span>
    </p>
   </div>
   <div class='ocr_carea' id='block_1_96' title="bbox 532 5057 2093 5131">
    <p class='ocr_par' dir='ltr' id='par_1_96' title="bbox 532 5057 2093 5131">
     <span class='ocr_line' id='line_1_96' title="bbox 532 5057 2093 5131; baseline 0 -18"><span class='ocrx_word' id='word_1_725' title='bbox 532 5057 687 5131; x_wconf 82' lang='lat' dir='ltr'><strong>Sion,</strong></span> <span class='ocrx_word' id='word_1_726' title='bbox 698 5057 752 5113; x_wconf 77' lang='lat' dir='ltr'><strong>et</strong></span> <span class='ocrx_word' id='word_1_727' title='bbox 774 5060 1089 5131; x_wconf 12' lang='lat' dir='ltr'><strong>isqitguinem</strong></span> <span class='ocrx_word' id='word_1_728' title='bbox 1120 5063 1424 5131; x_wconf 75' lang='lat' dir='ltr'><strong>expurgabit</strong></span> <span class='ocrx_word' id='word_1_729' title='bbox 1461 5057 1488 5114; x_wconf 71' lang='grc' dir='ltr'><em>ἐ</em></span> <span class='ocrx_word' id='word_1_730' title='bbox 1514 5064 1684 5115; x_wconf 87' lang='lat' dir='ltr'><strong>medio</strong></span> <span class='ocrx_word' id='word_1_731' title='bbox 1729 5057 1960 5125; x_wconf 77' lang='lat' dir='ltr'><strong>ipsorum</strong></span> <span class='ocrx_word' id='word_1_732' title='bbox 1987 5065 2093 5130; x_wconf 82' lang='lat' dir='ltr'><strong>spi-</strong></span> 
     </span>
    </p>
   </div>
   <div class='ocr_carea' id='block_1_97' title="bbox 531 5130 2091 5198">
    <p class='ocr_par' dir='ltr' id='par_1_97' title="bbox 531 5130 2091 5198">
     <span class='ocr_line' id='line_1_97' title="bbox 531 5130 2091 5198; baseline 0.003 -17"><span class='ocrx_word' id='word_1_733' title='bbox 531 5132 635 5182; x_wconf 80' lang='lat' dir='ltr'><strong>ritu</strong></span> <span class='ocrx_word' id='word_1_734' title='bbox 658 5130 854 5198; x_wconf 84' lang='lat' dir='ltr'><strong>judicii</strong></span> <span class='ocrx_word' id='word_1_735' title='bbox 893 5140 939 5182; x_wconf 79' lang='lat' dir='ltr'><strong>et</strong></span> <span class='ocrx_word' id='word_1_736' title='bbox 989 5133 1177 5198; x_wconf 81' lang='lat' dir='ltr'><strong>spiritu</strong></span> <span class='ocrx_word' id='word_1_737' title='bbox 1215 5134 1453 5185; x_wconf 77' lang='lat' dir='ltr'><strong>ustiom‘s.</strong></span> <span class='ocrx_word' id='word_1_738' title='bbox 1485 5131 1561 5184; x_wconf 85' lang='lat' dir='ltr'><strong>De</strong></span> <span class='ocrx_word' id='word_1_739' title='bbox 1603 5132 1865 5185; x_wconf 66' lang='lat' dir='ltr'><strong>Chalda’is</strong></span> <span class='ocrx_word' id='word_1_740' title='bbox 1919 5144 2091 5185; x_wconf 87' lang='lat' dir='ltr'><strong>autem</strong></span> 
     </span>
    </p>
   </div>
   <div class='ocr_carea' id='block_1_98' title="bbox 528 5198 2087 5272">
    <p class='ocr_par' dir='ltr' id='par_1_98' title="bbox 528 5198 2087 5272">
     <span class='ocr_line' id='line_1_98' title="bbox 528 5198 2087 5272; baseline 0.001 -21"><span class='ocrx_word' id='word_1_741' title='bbox 528 5200 603 5272; x_wconf 64' lang='lat' dir='ltr'><strong>sic</strong></span> <span class='ocrx_word' id='word_1_742' title='bbox 632 5201 778 5272; x_wconf 79' lang='lat' dir='ltr'><strong>dicit.</strong></span> <span class='ocrx_word' id='word_1_743' title='bbox 815 5198 938 5272; x_wconf 69' lang='lat' dir='ltr'><strong>Haec</strong></span> <span class='ocrx_word' id='word_1_744' title='bbox 972 5200 1023 5252; x_wconf 87' lang='lat' dir='ltr'><strong>itt</strong></span> <span class='ocrx_word' id='word_1_745' title='bbox 1051 5201 1327 5272; x_wconf 88' lang='lat' dir='ltr'><strong>prioribus</strong></span> <span class='ocrx_word' id='word_1_746' title='bbox 1354 5201 1680 5257; x_wconf 90' lang='lat' dir='ltr'><strong>editionibus</strong></span> <span class='ocrx_word' id='word_1_747' title='bbox 1711 5205 1910 5256; x_wconf 90' lang='lat' dir='ltr'><strong>omissa</strong></span> <span class='ocrx_word' id='word_1_748' title='bbox 1931 5212 2087 5272; x_wconf 41' lang='lat' dir='ltr'><strong>.sunt,</strong></span> 
     </span>
    </p>
   </div>
   <div class='ocr_carea' id='block_1_99' title="bbox 527 5270 1511 5325">
    <p class='ocr_par' dir='ltr' id='par_1_99' title="bbox 527 5270 1511 5325">
     <span class='ocr_line' id='line_1_99' title="bbox 527 5270 1511 5325; baseline -0.001 -1"><span class='ocrx_word' id='word_1_749' title='bbox 527 5270 655 5324; x_wconf 85' lang='lat' dir='ltr'><strong>licet</strong></span> <span class='ocrx_word' id='word_1_750' title='bbox 681 5270 734 5323; x_wconf 89' lang='lat' dir='ltr'><strong>itt</strong></span> <span class='ocrx_word' id='word_1_751' title='bbox 772 5270 1024 5323; x_wconf 92' lang='lat' dir='ltr'><strong>omnibus</strong></span> <span class='ocrx_word' id='word_1_752' title='bbox 1048 5271 1345 5325; x_wconf 86' lang='lat' dir='ltr'><strong>habeantur</strong></span> <span class='ocrx_word' id='word_1_753' title='bbox 1381 5286 1511 5325; x_wconf 90' lang='lat' dir='ltr'><strong>mss.</strong></span> 
     </span>
    </p>
   </div>
   <div class='ocr_carea' id='block_1_100' title="bbox 526 5339 2090 5421">
    <p class='ocr_par' dir='ltr' id='par_1_100' title="bbox 526 5339 2090 5421">
     <span class='ocr_line' id='line_1_100' title="bbox 526 5339 2090 5421; baseline 0.001 -27"><span class='ocrx_word' id='word_1_754' title='bbox 526 5409 537 5421; x_wconf 42' lang='lat'><strong>.</strong></span> <span class='ocrx_word' id='word_1_755' title='bbox 594 5339 706 5407; x_wconf 85' lang='lat'><strong>(59)</strong></span> <span class='ocrx_word' id='word_1_756' title='bbox 735 5339 1010 5394; x_wconf 78' lang='lat' dir='ltr'><strong>Dominus.</strong></span> <span class='ocrx_word' id='word_1_757' title='bbox 1045 5339 1205 5395; x_wconf 88' lang='lat' dir='ltr'><strong>Deest</strong></span> <span class='ocrx_word' id='word_1_758' title='bbox 1232 5340 1284 5394; x_wconf 92' lang='lat' dir='ltr'><strong>in</strong></span> <span class='ocrx_word' id='word_1_759' title='bbox 1309 5351 1468 5395; x_wconf 84' lang='lat' dir='ltr'><strong>antea</strong></span> <span class='ocrx_word' id='word_1_760' title='bbox 1500 5341 1683 5410; x_wconf 88' lang='lat' dir='ltr'><strong>editis,</strong></span> <span class='ocrx_word' id='word_1_761' title='bbox 1698 5341 1791 5397; x_wconf 91' lang='lat' dir='ltr'><strong>sed</strong></span> <span class='ocrx_word' id='word_1_762' title='bbox 1820 5341 2090 5410; x_wconf 87' lang='lat' dir='ltr'><strong>reperitur</strong></span> 
     </span>
    </p>
   </div>
   <div class='ocr_carea' id='block_1_101' title="bbox 526 5425 746 5466">
    <p class='ocr_par' dir='ltr' id='par_1_101' title="bbox 526 5425 746 5466">
     <span class='ocr_line' id='line_1_101' title="bbox 526 5425 746 5466; baseline 0.014 -3"><span class='ocrx_word' id='word_1_763' title='bbox 526 5425 577 5463; x_wconf 81' lang='lat' dir='ltr'><strong>In</strong></span> <span class='ocrx_word' id='word_1_764' title='bbox 616 5427 746 5466; x_wconf 65' lang='lat' dir='ltr'><strong>&quot;ISS-</strong></span> 
     </span>
    </p>
   </div>
   <div class='ocr_carea' id='block_1_102' title="bbox 592 5479 2085 5551">
    <p class='ocr_par' dir='ltr' id='par_1_102' title="bbox 592 5479 2085 5551">
     <span class='ocr_line' id='line_1_102' title="bbox 592 5479 2085 5551; baseline 0 -18"><span class='ocrx_word' id='word_1_765' title='bbox 592 5479 703 5551; x_wconf 88' lang='lat'><strong>(60)</strong></span> <span class='ocrx_word' id='word_1_766' title='bbox 734 5482 810 5535; x_wconf 90' lang='lat' dir='ltr'><strong>Ita</strong></span> <span class='ocrx_word' id='word_1_767' title='bbox 848 5496 977 5535; x_wconf 92' lang='lat' dir='ltr'><strong>mss.</strong></span> <span class='ocrx_word' id='word_1_768' title='bbox 1004 5482 1170 5546; x_wconf 85' lang='lat' dir='ltr'><strong>Alias,</strong></span> <span class='ocrx_word' id='word_1_769' title='bbox 1206 5498 1224 5533; x_wconf 80' lang='grc' dir='ltr'><strong>ι</strong></span> <span class='ocrx_word' id='word_1_770' title='bbox 1261 5494 1383 5535; x_wconf 92' lang='lat' dir='ltr'><strong>cum</strong></span> <span class='ocrx_word' id='word_1_771' title='bbox 1431 5480 1733 5534; x_wconf 89' lang='lat' dir='ltr'><strong>inﬁdelibus</strong></span> <span class='ocrx_word' id='word_1_772' title='bbox 1773 5488 1932 5534; x_wconf 43' lang='lat' dir='ltr'><strong>terra.</strong></span> <span class='ocrx_word' id='word_1_773' title='bbox 1960 5480 2085 5551; x_wconf 85' lang='lat' dir='ltr'><strong>poni</strong></span> 
     </span>
    </p>
   </div>
   <div class='ocr_carea' id='block_1_103' title="bbox 524 5550 2090 5622">
    <p class='ocr_par' dir='ltr' id='par_1_103' title="bbox 524 5550 2090 5622">
     <span class='ocr_line' id='line_1_103' title="bbox 524 5550 2090 5622; baseline 0.003 -21"><span class='ocrx_word' id='word_1_774' title='bbox 524 5550 776 5619; x_wconf 84' lang='lat' dir='ltr'><strong>tanquam</strong></span> <span class='ocrx_word' id='word_1_775' title='bbox 805 5566 867 5606; x_wconf 91' lang='lat' dir='ltr'><strong>ea</strong></span> <span class='ocrx_word' id='word_1_776' title='bbox 889 5567 1009 5621; x_wconf 71' lang='lat' dir='ltr'><strong>qua:</strong></span> <span class='ocrx_word' id='word_1_777' title='bbox 1044 5555 1281 5622; x_wconf 92' lang='lat' dir='ltr'><strong>ipsorum</strong></span> <span class='ocrx_word' id='word_1_778' title='bbox 1312 5551 1529 5621; x_wconf 89' lang='lat' dir='ltr'><strong>propria</strong></span> <span class='ocrx_word' id='word_1_779' title='bbox 1561 5568 1665 5606; x_wconf 93' lang='lat' dir='ltr'><strong>non</strong></span> <span class='ocrx_word' id='word_1_780' title='bbox 1701 5551 1793 5617; x_wconf 83' lang='lat' dir='ltr'><strong>sit,</strong></span> <span class='ocrx_word' id='word_1_781' title='bbox 1814 5566 1937 5606; x_wconf 90' lang='lat' dir='ltr'><strong>cum</strong></span> <span class='ocrx_word' id='word_1_782' title='bbox 1962 5550 2090 5605; x_wconf 85' lang='lat' dir='ltr'><strong>alio-</strong></span> 
     </span>
    </p>
   </div>
   <div class='ocr_carea' id='block_1_104' title="bbox 522 5622 1381 5690">
    <p class='ocr_par' dir='ltr' id='par_1_104' title="bbox 522 5622 1381 5690">
     <span class='ocr_line' id='line_1_104' title="bbox 522 5622 1381 5690; baseline 0.002 -20"><span class='ocrx_word' id='word_1_783' title='bbox 522 5635 639 5671; x_wconf 85' lang='lat' dir='ltr'><strong>rum</strong></span> <span class='ocrx_word' id='word_1_784' title='bbox 666 5622 912 5690; x_wconf 86' lang='lat' dir='ltr'><strong>partibus</strong></span> <span class='ocrx_word' id='word_1_785' title='bbox 938 5623 1008 5676; x_wconf 87' lang='lat' dir='ltr'><strong>sit</strong></span> <span class='ocrx_word' id='word_1_786' title='bbox 1044 5622 1322 5676; x_wconf 84' lang='lat' dir='ltr'><strong>mittenda.</strong></span> <span class='ocrx_word' id='word_1_787' title='bbox 1360 5638 1381 5672; x_wconf 74' lang='grc' dir='ltr'><strong>ι</strong></span> 
     </span>
    </p>
   </div>
   <div class='ocr_carea' id='block_1_105' title="bbox 591 5687 2095 5761">
    <p class='ocr_par' dir='ltr' id='par_1_105' title="bbox 591 5687 2095 5761">
     <span class='ocr_line' id='line_1_105' title="bbox 591 5687 2095 5761; baseline -0.001 -18"><span class='ocrx_word' id='word_1_788' title='bbox 591 5687 703 5761; x_wconf 72' lang='lat' dir='ltr'><strong>(6f)</strong></span> <span class='ocrx_word' id='word_1_789' title='bbox 729 5691 819 5746; x_wconf 89' lang='lat' dir='ltr'><strong>Sic</strong></span> <span class='ocrx_word' id='word_1_790' title='bbox 852 5708 980 5747; x_wconf 76' lang='lat' dir='ltr'><strong>mss.</strong></span> <span class='ocrx_word' id='word_1_791' title='bbox 1008 5692 1176 5758; x_wconf 82' lang='lat' dir='ltr'><strong>Alias,</strong></span> <span class='ocrx_word' id='word_1_792' title='bbox 1209 5710 1226 5743; x_wconf 88' lang='grc' dir='ltr'><strong>ι</strong></span> <span class='ocrx_word' id='word_1_793' title='bbox 1265 5700 1319 5744; x_wconf 90' lang='lat' dir='ltr'><strong>et</strong></span> <span class='ocrx_word' id='word_1_794' title='bbox 1344 5705 1527 5761; x_wconf 73' lang='lat' dir='ltr'><strong>sermo</strong></span> <span class='ocrx_word' id='word_1_795' title='bbox 1566 5691 1806 5745; x_wconf 69' lang='lat' dir='ltr'><strong>scientia:</strong></span> <span class='ocrx_word' id='word_1_796' title='bbox 1852 5687 1934 5743; x_wconf 89' lang='lat' dir='ltr'><strong>vel</strong></span> <span class='ocrx_word' id='word_1_797' title='bbox 1985 5688 2095 5761; x_wconf 47' lang='lat' dir='ltr'><strong>a_Ii-,</strong></span> 
     </span>
    </p>
   </div>
   <div class='ocr_carea' id='block_1_106' title="bbox 515 5757 2083 5830">
    <p class='ocr_par' dir='ltr' id='par_1_106' title="bbox 515 5757 2083 5830">
     <span class='ocr_line' id='line_1_106' title="bbox 515 5757 2083 5830; baseline -0.001 -16"><span class='ocrx_word' id='word_1_798' title='bbox 515 5757 924 5825; x_wconf 55' lang='lat' dir='ltr'><strong>cujus&#39;alterius</strong></span> <span class='ocrx_word' id='word_1_799' title='bbox 956 5764 1112 5818; x_wconf 90' lang='lat' dir='ltr'><strong>datus</strong></span> <span class='ocrx_word' id='word_1_800' title='bbox 1147 5757 1250 5816; x_wconf 89' lang='lat' dir='ltr'><strong>est.</strong></span> <span class='ocrx_word' id='word_1_801' title='bbox 1299 5779 1317 5813; x_wconf 79' lang='grc' dir='ltr'><strong>ι</strong></span> <span class='ocrx_word' id='word_1_802' title='bbox 1342 5759 1508 5815; x_wconf 86' lang='lat' dir='ltr'><strong>Paulo</strong></span> <span class='ocrx_word' id='word_1_803' title='bbox 1540 5770 1659 5830; x_wconf 87' lang='lat' dir='ltr'><strong>post</strong></span> <span class='ocrx_word' id='word_1_804' title='bbox 1686 5776 1842 5823; x_wconf 86' lang='lat' dir='ltr'><strong>mss.,</strong></span> <span class='ocrx_word' id='word_1_805' title='bbox 1876 5776 1895 5810; x_wconf 79' lang='grc' dir='ltr'><strong>ι</strong></span> <span class='ocrx_word' id='word_1_806' title='bbox 1930 5759 2083 5813; x_wconf 84' lang='lat' dir='ltr'><strong>aule-</strong></span> 
     </span>
    </p>
   </div>
   <div class='ocr_carea' id='block_1_107' title="bbox 517 5830 2083 5899">
    <p class='ocr_par' dir='ltr' id='par_1_107' title="bbox 517 5830 2083 5899">
     <span class='ocr_line' id='line_1_107' title="bbox 517 5830 2083 5899; baseline 0.003 -16"><span class='ocrx_word' id='word_1_807' title='bbox 517 5841 667 5887; x_wconf 85' lang='lat' dir='ltr'><strong>rctur</strong></span> <span class='ocrx_word' id='word_1_808' title='bbox 716 5832 956 5895; x_wconf 81' lang='lat' dir='ltr'><strong>profecto</strong></span> <span class='ocrx_word' id='word_1_809' title='bbox 1012 5833 1081 5887; x_wconf 87' lang='lat' dir='ltr'><strong>ab</strong></span> <span class='ocrx_word' id='word_1_810' title='bbox 1130 5833 1331 5889; x_wconf 87' lang='lat' dir='ltr'><strong>attitua.</strong></span> <span class='ocrx_word' id='word_1_811' title='bbox 1364 5850 1384 5886; x_wconf 75' lang='grc' dir='ltr'><strong>ι</strong></span> <span class='ocrx_word' id='word_1_812' title='bbox 1412 5830 1581 5899; x_wconf 86' lang='lat' dir='ltr'><strong>Alias,</strong></span> <span class='ocrx_word' id='word_1_813' title='bbox 1624 5850 1643 5884; x_wconf 80' lang='grc' dir='ltr'><strong>ι</strong></span> <span class='ocrx_word' id='word_1_814' title='bbox 1695 5830 1973 5887; x_wconf 78' lang='lat' dir='ltr'><strong>auferatur</strong></span> <span class='ocrx_word' id='word_1_815' title='bbox 2016 5831 2083 5887; x_wconf 78' lang='lat' dir='ltr'><strong>ab</strong></span> 
     </span>
    </p>
   </div>
   <div class='ocr_carea' id='block_1_108' title="bbox 2282 4571 3523 4643">
    <p class='ocr_par' dir='ltr' id='par_1_108' title="bbox 2282 4571 3523 4643">
     <span class='ocr_line' id='line_1_108' title="bbox 2282 4571 3523 4643; baseline 0.002 -17"><span class='ocrx_word' id='word_1_816' title='bbox 2282 4574 2393 4642; x_wconf 61' lang='grc' dir='ltr'>(δὲ)</span> <span class='ocrx_word' id='word_1_817' title='bbox 2436 4573 2563 4643; x_wconf 72' lang='lat' dir='ltr'><strong>Vide</strong></span> <span class='ocrx_word' id='word_1_818' title='bbox 2588 4571 2681 4643; x_wconf 84' lang='lat' dir='ltr'><strong>li_b.</strong></span> <span class='ocrx_word' id='word_1_819' title='bbox 2717 4588 2755 4625; x_wconf 84' lang='grc' dir='ltr'><strong>ιι</strong></span> <span class='ocrx_word' id='word_1_820' title='bbox 2781 4571 3111 4643; x_wconf 84' lang='lat' dir='ltr'><strong>0rigenian.,</strong></span> <span class='ocrx_word' id='word_1_821' title='bbox 3145 4588 3199 4642; x_wconf 79' lang='grc' dir='ltr'><strong>ιι.</strong></span> <span class='ocrx_word' id='word_1_822' title='bbox 3233 4574 3310 4639; x_wconf 88' lang='lat'><strong>5.,</strong></span> <span class='ocrx_word' id='word_1_823' title='bbox 3346 4591 3398 4627; x_wconf 93' lang='lat' dir='ltr'><strong>n.</strong></span> <span class='ocrx_word' id='word_1_824' title='bbox 3435 4574 3523 4630; x_wconf 71' lang='grc'><strong>28.</strong></span> 
     </span>
    </p>
   </div>
   <div class='ocr_carea' id='block_1_109' title="bbox 2278 4641 3793 4713">
    <p class='ocr_par' dir='ltr' id='par_1_109' title="bbox 2278 4641 3793 4713">
     <span class='ocr_line' id='line_1_109' title="bbox 2278 4641 3793 4713; baseline 0.004 -18"><span class='ocrx_word' id='word_1_825' title='bbox 2278 4641 2388 4710; x_wconf 71' lang='lat'><strong>(63)</strong></span> <span class='ocrx_word' id='word_1_826' title='bbox 2443 4642 2556 4713; x_wconf 84' lang='lat' dir='ltr'><strong>Dei.</strong></span> <span class='ocrx_word' id='word_1_827' title='bbox 2616 4641 2775 4696; x_wconf 85' lang='lat' dir='ltr'><strong>Deest</strong></span> <span class='ocrx_word' id='word_1_828' title='bbox 2816 4641 2890 4713; x_wconf 10' lang='lat' dir='ltr'><strong>riu-</strong></span> <span class='ocrx_word' id='word_1_829' title='bbox 2944 4641 3215 4711; x_wconf 88' lang='lat' dir='ltr'><strong>prioribus</strong></span> <span class='ocrx_word' id='word_1_830' title='bbox 3281 4646 3637 4713; x_wconf 88' lang='lat' dir='ltr'><strong>editionibus,</strong></span> <span class='ocrx_word' id='word_1_831' title='bbox 3692 4648 3793 4701; x_wconf 88' lang='lat' dir='ltr'><strong>sed</strong></span> 
     </span>
    </p>
   </div>
   <div class='ocr_carea' id='block_1_110' title="bbox 2200 4712 3797 4780">
    <p class='ocr_par' dir='ltr' id='par_1_110' title="bbox 2200 4712 3797 4780">
     <span class='ocr_line' id='line_1_110' title="bbox 2200 4712 3797 4780; baseline 0.003 -14"><span class='ocrx_word' id='word_1_832' title='bbox 2200 4712 2428 4766; x_wconf 86' lang='lat' dir='ltr'><strong>habetur</strong></span> <span class='ocrx_word' id='word_1_833' title='bbox 2456 4712 2509 4764; x_wconf 90' lang='lat' dir='ltr'><strong>in</strong></span> <span class='ocrx_word' id='word_1_834' title='bbox 2539 4727 2663 4765; x_wconf 90' lang='lat' dir='ltr'><strong>mss.</strong></span> <span class='ocrx_word' id='word_1_835' title='bbox 2696 4712 2861 4765; x_wconf 89' lang='lat' dir='ltr'><strong>Paulo</strong></span> <span class='ocrx_word' id='word_1_836' title='bbox 2892 4723 3011 4780; x_wconf 91' lang='lat' dir='ltr'><strong>post</strong></span> <span class='ocrx_word' id='word_1_837' title='bbox 3046 4714 3175 4767; x_wconf 89' lang='lat' dir='ltr'><strong>libb.</strong></span> <span class='ocrx_word' id='word_1_838' title='bbox 3209 4714 3363 4777; x_wconf 87' lang='lat' dir='ltr'><strong>editi,</strong></span> <span class='ocrx_word' id='word_1_839' title='bbox 3389 4733 3406 4764; x_wconf 84' lang='grc' dir='ltr'><strong>ι</strong></span> <span class='ocrx_word' id='word_1_840' title='bbox 3432 4712 3797 4770; x_wconf 81' lang='lat' dir='ltr'><strong>commenitio</strong></span> 
     </span>
    </p>
   </div>
   <div class='ocr_carea' id='block_1_111' title="bbox 2200 4781 3791 4851">
    <p class='ocr_par' dir='ltr' id='par_1_111' title="bbox 2200 4781 3791 4851">
     <span class='ocr_line' id='line_1_111' title="bbox 2200 4781 3791 4851; baseline 0.003 -16"><span class='ocrx_word' id='word_1_841' title='bbox 2200 4782 2426 4851; x_wconf 91' lang='lat' dir='ltr'><strong>appositi</strong></span> <span class='ocrx_word' id='word_1_842' title='bbox 2457 4781 2556 4834; x_wconf 81' lang='lat' dir='ltr'><strong>sibi</strong></span> <span class='ocrx_word' id='word_1_843' title='bbox 2584 4799 2612 4833; x_wconf 87' lang='lat' dir='ltr'><strong>a</strong></span> <span class='ocrx_word' id='word_1_844' title='bbox 2639 4782 2746 4836; x_wconf 84' lang='lat' dir='ltr'><strong>Deo</strong></span> <span class='ocrx_word' id='word_1_845' title='bbox 2764 4784 2937 4850; x_wconf 89' lang='lat' dir='ltr'><strong>angeli</strong></span> <span class='ocrx_word' id='word_1_846' title='bbox 2975 4798 3077 4835; x_wconf 93' lang='lat' dir='ltr'><strong>non</strong></span> <span class='ocrx_word' id='word_1_847' title='bbox 3122 4784 3349 4838; x_wconf 88' lang='lat' dir='ltr'><strong>lideliter</strong></span> <span class='ocrx_word' id='word_1_848' title='bbox 3382 4799 3505 4838; x_wconf 84' lang='lat' dir='ltr'><strong>eunt</strong></span> <span class='ocrx_word' id='word_1_849' title='bbox 3535 4788 3791 4841; x_wconf 87' lang='lat' dir='ltr'><strong>custodi-</strong></span> 
     </span>
    </p>
   </div>
   <div class='ocr_carea' id='block_1_112' title="bbox 2198 4850 3796 4916">
    <p class='ocr_par' dir='ltr' id='par_1_112' title="bbox 2198 4850 3796 4916">
     <span class='ocr_line' id='line_1_112' title="bbox 2198 4850 3796 4916; baseline 0.004 -12"><span class='ocrx_word' id='word_1_850' title='bbox 2198 4850 2294 4907; x_wconf 90' lang='lat' dir='ltr'><strong>vit.</strong></span> <span class='ocrx_word' id='word_1_851' title='bbox 2322 4850 2475 4905; x_wconf 76' lang='lat' dir='ltr'><strong>)MSS.</strong></span> <span class='ocrx_word' id='word_1_852' title='bbox 2493 4862 2546 4905; x_wconf 92' lang='lat' dir='ltr'><strong>ut</strong></span> <span class='ocrx_word' id='word_1_853' title='bbox 2564 4853 2611 4904; x_wconf 89' lang='lat' dir='ltr'><strong>in</strong></span> <span class='ocrx_word' id='word_1_854' title='bbox 2632 4862 2813 4905; x_wconf 86' lang='lat' dir='ltr'><strong>nostro</strong></span> <span class='ocrx_word' id='word_1_855' title='bbox 2834 4862 2999 4907; x_wconf 81' lang='lat' dir='ltr'><strong>textu.</strong></span> <span class='ocrx_word' id='word_1_856' title='bbox 3020 4852 3217 4907; x_wconf 85' lang='lat' dir='ltr'><strong>Ibidem</strong></span> <span class='ocrx_word' id='word_1_857' title='bbox 3236 4868 3394 4916; x_wconf 89' lang='lat' dir='ltr'><strong>mss.,</strong></span> <span class='ocrx_word' id='word_1_858' title='bbox 3420 4872 3439 4903; x_wconf 77' lang='grc' dir='ltr'><strong>ι</strong></span> <span class='ocrx_word' id='word_1_859' title='bbox 3469 4867 3521 4909; x_wconf 87' lang='lat' dir='ltr'><strong>et</strong></span> <span class='ocrx_word' id='word_1_860' title='bbox 3539 4858 3659 4911; x_wconf 87' lang='lat' dir='ltr'><strong>sine</strong></span> <span class='ocrx_word' id='word_1_861' title='bbox 3678 4857 3796 4911; x_wconf 89' lang='lat' dir='ltr'><strong>ullo</strong></span> 
     </span>
    </p>
   </div>
   <div class='ocr_carea' id='block_1_113' title="bbox 2204 4922 3789 4990">
    <p class='ocr_par' dir='ltr' id='par_1_113' title="bbox 2204 4922 3789 4990">
     <span class='ocr_line' id='line_1_113' title="bbox 2204 4922 3789 4990; baseline 0.003 -15"><span class='ocrx_word' id='word_1_862' title='bbox 2204 4922 2425 4975; x_wconf 90' lang='lat' dir='ltr'><strong>lumine.</strong></span> <span class='ocrx_word' id='word_1_863' title='bbox 2467 4941 2484 4973; x_wconf 76' lang='grc' dir='ltr'><strong>ι</strong></span> <span class='ocrx_word' id='word_1_864' title='bbox 2522 4923 2576 4975; x_wconf 92' lang='lat' dir='ltr'><strong>In</strong></span> <span class='ocrx_word' id='word_1_865' title='bbox 2629 4924 2897 4990; x_wconf 91' lang='lat' dir='ltr'><strong>prioribus</strong></span> <span class='ocrx_word' id='word_1_866' title='bbox 2942 4924 3277 4977; x_wconf 88' lang='lat' dir='ltr'><strong>editionibus</strong></span> <span class='ocrx_word' id='word_1_867' title='bbox 3309 4926 3480 4990; x_wconf 85' lang='lat' dir='ltr'><strong>deest,</strong></span> <span class='ocrx_word' id='word_1_868' title='bbox 3524 4943 3544 4975; x_wconf 79' lang='grc' dir='ltr'><strong>ι</strong></span> <span class='ocrx_word' id='word_1_869' title='bbox 3587 4928 3718 4980; x_wconf 89' lang='lat' dir='ltr'><strong>ullo.</strong></span> <span class='ocrx_word' id='word_1_870' title='bbox 3764 4944 3789 4980; x_wconf 74' lang='grc' dir='ltr'><strong>ι</strong></span> 
     </span>
    </p>
   </div>
   <div class='ocr_carea' id='block_1_114' title="bbox 2268 4991 3791 5065">
    <p class='ocr_par' dir='ltr' id='par_1_114' title="bbox 2268 4991 3791 5065">
     <span class='ocr_line' id='line_1_114' title="bbox 2268 4991 3791 5065; baseline 0.005 -22"><span class='ocrx_word' id='word_1_871' title='bbox 2268 4991 2379 5065; x_wconf 69' lang='grc'>(64)</span> <span class='ocrx_word' id='word_1_872' title='bbox 2415 4992 2980 5065; x_wconf 67' lang='lat' dir='ltr'><strong>Omneintelligentiw</strong></span> <span class='ocrx_word' id='word_1_873' title='bbox 3032 4993 3229 5046; x_wconf 80' lang='lat' dir='ltr'><strong>lumen.</strong></span> <span class='ocrx_word' id='word_1_874' title='bbox 3283 4992 3374 5048; x_wconf 89' lang='lat' dir='ltr'><strong>Sic</strong></span> <span class='ocrx_word' id='word_1_875' title='bbox 3422 5010 3558 5050; x_wconf 84' lang='lat' dir='ltr'><strong>mss.</strong></span> <span class='ocrx_word' id='word_1_876' title='bbox 3608 4997 3791 5065; x_wconf 84' lang='lat' dir='ltr'><strong>Alias,</strong></span> 
     </span>
    </p>
   </div>
   <div class='ocr_carea' id='block_1_115' title="bbox 2207 5062 3143 5131">
    <p class='ocr_par' dir='ltr' id='par_1_115' title="bbox 2207 5062 3143 5131">
     <span class='ocr_line' id='line_1_115' title="bbox 2207 5062 3143 5131; baseline 0 -18"><span class='ocrx_word' id='word_1_877' title='bbox 2207 5079 2225 5113; x_wconf 79' lang='grc' dir='ltr'><strong>ι</strong></span> <span class='ocrx_word' id='word_1_878' title='bbox 2264 5062 2853 5131; x_wconf 49' lang='lat' dir='ltr'><strong>divinarintelligentia:</strong></span> <span class='ocrx_word' id='word_1_879' title='bbox 2885 5062 3085 5116; x_wconf 89' lang='lat' dir='ltr'><strong>lumen.</strong></span> <span class='ocrx_word' id='word_1_880' title='bbox 3124 5081 3143 5113; x_wconf 75' lang='grc' dir='ltr'><strong>ι</strong></span> 
     </span>
    </p>
   </div>
   <div class='ocr_carea' id='block_1_116' title="bbox 2275 5128 3794 5202">
    <p class='ocr_par' dir='ltr' id='par_1_116' title="bbox 2275 5128 3794 5202">
     <span class='ocr_line' id='line_1_116' title="bbox 2275 5128 3794 5202; baseline 0.005 -18"><span class='ocrx_word' id='word_1_881' title='bbox 2275 5132 2387 5202; x_wconf 83' lang='grc'>(65)</span> <span class='ocrx_word' id='word_1_882' title='bbox 2426 5128 2854 5202; x_wconf 59' lang='grc' dir='ltr'><strong>Νοειειιιξυεεει</strong></span> <span class='ocrx_word' id='word_1_883' title='bbox 2894 5133 2945 5185; x_wconf 92' lang='lat' dir='ltr'><strong>in</strong></span> <span class='ocrx_word' id='word_1_884' title='bbox 2991 5140 3150 5186; x_wconf 86' lang='lat' dir='ltr'><strong>antea</strong></span> <span class='ocrx_word' id='word_1_885' title='bbox 3185 5132 3365 5197; x_wconf 89' lang='lat' dir='ltr'><strong>editis,</strong></span> <span class='ocrx_word' id='word_1_886' title='bbox 3397 5134 3494 5188; x_wconf 90' lang='lat' dir='ltr'><strong>sed</strong></span> <span class='ocrx_word' id='word_1_887' title='bbox 3551 5134 3794 5192; x_wconf 84' lang='lat' dir='ltr'><strong>habetur</strong></span> 
     </span>
    </p>
   </div>
   <div class='ocr_carea' id='block_1_117' title="bbox 2202 5200 3786 5269">
    <p class='ocr_par' dir='ltr' id='par_1_117' title="bbox 2202 5200 3786 5269">
     <span class='ocr_line' id='line_1_117' title="bbox 2202 5200 3786 5269; baseline 0.003 -14"><span class='ocrx_word' id='word_1_888' title='bbox 2202 5202 2255 5255; x_wconf 89' lang='lat' dir='ltr'><strong>in</strong></span> <span class='ocrx_word' id='word_1_889' title='bbox 2286 5200 2416 5254; x_wconf 83' lang='lat' dir='ltr'><strong>inss.</strong></span> <span class='ocrx_word' id='word_1_890' title='bbox 2447 5200 2643 5269; x_wconf 85' lang='lat' dir='ltr'><strong>Ibidem</strong></span> <span class='ocrx_word' id='word_1_891' title='bbox 2676 5216 2807 5256; x_wconf 90' lang='lat' dir='ltr'><strong>mss.</strong></span> <span class='ocrx_word' id='word_1_892' title='bbox 2844 5220 2862 5253; x_wconf 79' lang='grc' dir='ltr'><strong>ι</strong></span> <span class='ocrx_word' id='word_1_893' title='bbox 2895 5210 2949 5256; x_wconf 90' lang='lat' dir='ltr'><strong>et</strong></span> <span class='ocrx_word' id='word_1_894' title='bbox 2973 5203 3126 5256; x_wconf 89' lang='lat' dir='ltr'><strong>atris.</strong></span> <span class='ocrx_word' id='word_1_895' title='bbox 3153 5221 3174 5254; x_wconf 73' lang='grc' dir='ltr'><strong>ι</strong></span> <span class='ocrx_word' id='word_1_896' title='bbox 3199 5202 3358 5269; x_wconf 82' lang='lat' dir='ltr'><strong>Editi,</strong></span> <span class='ocrx_word' id='word_1_897' title='bbox 3395 5221 3414 5253; x_wconf 79' lang='grc' dir='ltr'><strong>ι</strong></span> <span class='ocrx_word' id='word_1_898' title='bbox 3448 5214 3502 5259; x_wconf 92' lang='lat' dir='ltr'><strong>et</strong></span> <span class='ocrx_word' id='word_1_899' title='bbox 3553 5206 3737 5259; x_wconf 78' lang='lat' dir='ltr'><strong>tetris.</strong></span> <span class='ocrx_word' id='word_1_900' title='bbox 3762 5224 3786 5260; x_wconf 75' lang='grc' dir='ltr'><strong>ι</strong></span> 
     </span>
    </p>
   </div>
   <div class='ocr_carea' id='block_1_118' title="bbox 2271 5268 3791 5346">
    <p class='ocr_par' dir='ltr' id='par_1_118' title="bbox 2271 5268 3791 5346">
     <span class='ocr_line' id='line_1_118' title="bbox 2271 5268 3791 5346; baseline 0.006 -23"><span class='ocrx_word' id='word_1_901' title='bbox 2271 5271 2388 5346; x_wconf 82' lang='grc'>(66)</span> <span class='ocrx_word' id='word_1_902' title='bbox 2419 5268 2540 5346; x_wconf 62' lang='grc' dir='ltr'><strong>Νιίὲ</strong></span> <span class='ocrx_word' id='word_1_903' title='bbox 2572 5275 2706 5346; x_wconf 65' lang='lat' dir='ltr'><strong>forte</strong></span> <span class='ocrx_word' id='word_1_904' title='bbox 2737 5278 3075 5346; x_wconf 63' lang='lat' dir='ltr'><strong>cqrpueroc,</strong></span> <span class='ocrx_word' id='word_1_905' title='bbox 3107 5283 3228 5346; x_wconf 3' lang='lat' dir='ltr'><strong>etc.)</strong></span> <span class='ocrx_word' id='word_1_906' title='bbox 3256 5268 3379 5326; x_wconf 58' lang='lat' dir='ltr'><strong>Hice</strong></span> <span class='ocrx_word' id='word_1_907' title='bbox 3412 5273 3791 5346; x_wconf 84' lang='lat' dir='ltr'><strong>Hieronymus</strong></span> 
     </span>
    </p>
   </div>
   <div class='ocr_carea' id='block_1_119' title="bbox 2197 5340 3784 5414">
    <p class='ocr_par' dir='ltr' id='par_1_119' title="bbox 2197 5340 3784 5414">
     <span class='ocr_line' id='line_1_119' title="bbox 2197 5340 3784 5414; baseline 0.003 -20"><span class='ocrx_word' id='word_1_908' title='bbox 2197 5355 2227 5395; x_wconf 92' lang='lat' dir='ltr'><strong>e</strong></span> <span class='ocrx_word' id='word_1_909' title='bbox 2260 5342 2430 5414; x_wconf 62' lang='lat' dir='ltr'><strong>lib._tt</strong></span> <span class='ocrx_word' id='word_1_910' title='bbox 2474 5340 2615 5408; x_wconf 81' lang='grc' dir='ltr'><strong>Περὶ</strong></span> <span class='ocrx_word' id='word_1_911' title='bbox 2644 5340 2847 5410; x_wconf 76' lang='grc' dir='ltr'><strong>ἀρχῶν</strong></span> <span class='ocrx_word' id='word_1_912' title='bbox 2878 5340 3036 5414; x_wconf 73' lang='lat' dir='ltr'><strong>aﬁert</strong></span> <span class='ocrx_word' id='word_1_913' title='bbox 3064 5342 3116 5395; x_wconf 93' lang='lat' dir='ltr'><strong>in</strong></span> <span class='ocrx_word' id='word_1_914' title='bbox 3146 5344 3378 5414; x_wconf 88' lang='lat' dir='ltr'><strong>epistola</strong></span> <span class='ocrx_word' id='word_1_915' title='bbox 3428 5346 3495 5396; x_wconf 90' lang='lat' dir='ltr'><strong>ad</strong></span> <span class='ocrx_word' id='word_1_916' title='bbox 3533 5340 3784 5414; x_wconf 79' lang='lat' dir='ltr'><strong>Avitum,</strong></span> 
     </span>
    </p>
   </div>
   <div class='ocr_carea' id='block_1_120' title="bbox 2197 5410 3786 5480">
    <p class='ocr_par' dir='ltr' id='par_1_120' title="bbox 2197 5410 3786 5480">
     <span class='ocr_line' id='line_1_120' title="bbox 2197 5410 3786 5480; baseline 0.005 -16"><span class='ocrx_word' id='word_1_917' title='bbox 2197 5426 2227 5464; x_wconf 91' lang='lat' dir='ltr'><strong>a</strong></span> <span class='ocrx_word' id='word_1_918' title='bbox 2261 5410 2456 5464; x_wconf 82' lang='lat' dir='ltr'><strong>Ruﬁno</strong></span> <span class='ocrx_word' id='word_1_919' title='bbox 2486 5424 2664 5464; x_wconf 87' lang='lat' dir='ltr'><strong>autent</strong></span> <span class='ocrx_word' id='word_1_920' title='bbox 2697 5412 3019 5480; x_wconf 84' lang='lat' dir='ltr'><strong>interpolata</strong></span> <span class='ocrx_word' id='word_1_921' title='bbox 3050 5425 3104 5466; x_wconf 87' lang='lat' dir='ltr'><strong>et</strong></span> <span class='ocrx_word' id='word_1_922' title='bbox 3148 5414 3201 5467; x_wconf 88' lang='lat' dir='ltr'><strong>in</strong></span> <span class='ocrx_word' id='word_1_923' title='bbox 3230 5412 3395 5467; x_wconf 87' lang='lat' dir='ltr'><strong>alium</strong></span> <span class='ocrx_word' id='word_1_924' title='bbox 3431 5428 3654 5469; x_wconf 72' lang='lat' dir='ltr'><strong>sensum</strong></span> <span class='ocrx_word' id='word_1_925' title='bbox 3684 5410 3786 5472; x_wconf 56' lang='lat' dir='ltr'><strong>de;</strong></span> 
     </span>
    </p>
   </div>
   <div class='ocr_carea' id='block_1_121' title="bbox 2197 5481 2888 5549">
    <p class='ocr_par' dir='ltr' id='par_1_121' title="bbox 2197 5481 2888 5549">
     <span class='ocr_line' id='line_1_121' title="bbox 2197 5481 2888 5549; baseline -0.001 -16"><span class='ocrx_word' id='word_1_926' title='bbox 2197 5488 2333 5533; x_wconf 89' lang='lat' dir='ltr'><strong>torta</strong></span> <span class='ocrx_word' id='word_1_927' title='bbox 2374 5481 2541 5534; x_wconf 79' lang='lat' dir='ltr'><strong>fuisse</strong></span> <span class='ocrx_word' id='word_1_928' title='bbox 2572 5481 2746 5549; x_wconf 88' lang='lat' dir='ltr'><strong>palam</strong></span> <span class='ocrx_word' id='word_1_929' title='bbox 2788 5490 2888 5535; x_wconf 88' lang='lat' dir='ltr'><strong>est.</strong></span> 
     </span>
    </p>
   </div>
   <div class='ocr_carea' id='block_1_122' title="bbox 2255 5550 3784 5621">
    <p class='ocr_par' dir='ltr' id='par_1_122' title="bbox 2255 5550 3784 5621">
     <span class='ocr_line' id='line_1_122' title="bbox 2255 5550 3784 5621; baseline 0.006 -18"><span class='ocrx_word' id='word_1_930' title='bbox 2255 5551 2367 5621; x_wconf 88' lang='grc'>(67)</span> <span class='ocrx_word' id='word_1_931' title='bbox 2400 5550 2490 5606; x_wconf 87' lang='lat' dir='ltr'><strong>Sic</strong></span> <span class='ocrx_word' id='word_1_932' title='bbox 2527 5567 2657 5606; x_wconf 87' lang='lat' dir='ltr'><strong>mss.</strong></span> <span class='ocrx_word' id='word_1_933' title='bbox 2709 5552 2880 5619; x_wconf 85' lang='lat' dir='ltr'><strong>Alias,</strong></span> <span class='ocrx_word' id='word_1_934' title='bbox 2937 5569 2957 5603; x_wconf 74' lang='lat' dir='ltr'><strong>c</strong></span> <span class='ocrx_word' id='word_1_935' title='bbox 3019 5550 3279 5606; x_wconf 86' lang='lat' dir='ltr'><strong>interiora</strong></span> <span class='ocrx_word' id='word_1_936' title='bbox 3329 5565 3522 5608; x_wconf 88' lang='lat' dir='ltr'><strong>eorum</strong></span> <span class='ocrx_word' id='word_1_937' title='bbox 3574 5557 3784 5612; x_wconf 79' lang='lat' dir='ltr'><strong>mentis</strong></span> 
     </span>
    </p>
   </div>
   <div class='ocr_carea' id='block_1_123' title="bbox 2185 5620 2553 5674">
    <p class='ocr_par' dir='ltr' id='par_1_123' title="bbox 2185 5620 2553 5674">
     <span class='ocr_line' id='line_1_123' title="bbox 2185 5620 2553 5674; baseline -0.005 0"><span class='ocrx_word' id='word_1_938' title='bbox 2185 5620 2493 5674; x_wconf 31' lang='lat' dir='ltr'><strong>obSed’erat.</strong></span> <span class='ocrx_word' id='word_1_939' title='bbox 2534 5639 2553 5672; x_wconf 83' lang='grc' dir='ltr'><strong>ι</strong></span> 
     </span>
    </p>
   </div>
   <div class='ocr_carea' id='block_1_124' title="bbox 2254 5690 3781 5763">
    <p class='ocr_par' dir='ltr' id='par_1_124' title="bbox 2254 5690 3781 5763">
     <span class='ocr_line' id='line_1_124' title="bbox 2254 5690 3781 5763; baseline 0.006 -18"><span class='ocrx_word' id='word_1_940' title='bbox 2254 5691 2388 5763; x_wconf 45' lang='grc'>(68)-</span> <span class='ocrx_word' id='word_1_941' title='bbox 2406 5691 2546 5756; x_wconf 82' lang='lat' dir='ltr'><strong>Quid</strong></span> <span class='ocrx_word' id='word_1_942' title='bbox 2571 5700 2621 5746; x_wconf 78' lang='lat' dir='ltr'><strong>et</strong></span> <span class='ocrx_word' id='word_1_943' title='bbox 2655 5692 2719 5745; x_wconf 80' lang='lat' dir='ltr'><strong>de</strong></span> <span class='ocrx_word' id='word_1_944' title='bbox 2751 5690 3241 5761; x_wconf 80' lang='lat' dir='ltr'><strong>repromissionibus</strong></span> <span class='ocrx_word' id='word_1_945' title='bbox 3289 5693 3630 5750; x_wconf 81' lang='lat' dir='ltr'><strong>sentiendum</strong></span> <span class='ocrx_word' id='word_1_946' title='bbox 3671 5696 3781 5754; x_wconf 70' lang='lat' dir='ltr'><strong>sit.</strong></span> 
     </span>
    </p>
   </div>
   <div class='ocr_carea' id='block_1_125' title="bbox 2184 5759 3367 5839">
    <p class='ocr_par' dir='ltr' id='par_1_125' title="bbox 2184 5759 3367 5839">
     <span class='ocr_line' id='line_1_125' title="bbox 2184 5759 3367 5839; baseline 0 -21"><span class='ocrx_word' id='word_1_947' title='bbox 2184 5759 2318 5827; x_wconf 73' lang='lat' dir='ltr'><strong>Vide</strong></span> <span class='ocrx_word' id='word_1_948' title='bbox 2351 5759 2918 5833; x_wconf 81' lang='lat' dir='ltr'><strong>Origenianorumlib.</strong></span> <span class='ocrx_word' id='word_1_949' title='bbox 2945 5779 3005 5822; x_wconf 88' lang='lat' dir='ltr'><strong>tt.</strong></span> <span class='ocrx_word' id='word_1_950' title='bbox 3031 5774 3222 5839; x_wconf 62' lang='lat' dir='ltr'><strong>quiest.</strong></span> <span class='ocrx_word' id='word_1_951' title='bbox 3258 5764 3367 5834; x_wconf 63' lang='lat' dir='ltr'><strong>1L.</strong></span> 
     </span>
    </p>
   </div>
  </div>
