3988 6418
200 351 267 408 ω
282 410 302 431 ν
1501 349 1701 409 LIBER
1737 353 2113 414 SECUNDUS.

3327 362 3439 420 2ιῖ

200 467 357 525 animal
382 469 542 522 omni
570 468 760 526 modo
790 471 1022 527 otiosum
1044 480 1206 539 atque
1230 471 1503 529 immobile
1528 488 1647 529 esse
1672 490 1768 545 po-
1795 480 1844 539 Α
1872 477 2124 548 habeant,
2150 476 2235 535 vel
2268 488 2564 537 structores
2611 481 2900 551 parietum,
2930 496 2960 536 a
3011 482 3209 553 quibus
3250 482 3432 539 diruta

202 568 294 623 test,
323 559 415 614 sed
477 562 642 614 omni
703 577 918 633 genere
951 564 1151 618 moveri
1183 574 1239 619 et
1278 580 1439 634 agere
1474 579 1686 637 semper
1714 576 1769 622 et

200 653 300 709 velle
340 651 556 721 aliquid
592 642 815 724 gestit;
847 665 900 711 et
932 658 1065 711 hanc
1096 657 1270 710 inesse
1317 668 1567 712 naturam
1598 658 1770 712 omni-

102 816 107 825 .
198 742 707 809 busauimantibus,
776 747 1123 802 manifestum
1175 758 1327 818 puto.
1382 746 1547 803 Multo
1598 752 1769 819 magis

198 851 292 908 ergo
331 836 678 892 rationabile
741 840 967 906 animal,
1013 842 1060 894 id
1096 849 1209 907 est,
1242 840 1476 896 hominis
1521 850 1768 895 naturam

196 942 374 983 necesse
404 937 489 981 est
525 944 775 998 semper
807 931 1010 1000 aliquid
1044 946 1259 986 movere
1292 931 1379 985 vel
1409 946 1589 1000 agere.
1616 932 1683 985 Et
1724 933 1767 985 si

196 1022 363 1091 quidem
405 1022 721 1076 immemor
749 1024 835 1076 sui
870 1024 957 1085 sit,
990 1031 1042 1077 et
1067 1024 1193 1092 quid
1223 1038 1281 1077 se
1304 1025 1492 1078 deceat
1538 1023 1767 1093 ignoret,

201 1116 308 1171 circa
341 1130 478 1168 usus
519 1117 874 1183 corporales
906 1118 1079 1172 onmis
1120 1132 1215 1171 sua
1248 1126 1493 1171 movetur
1520 1117 1768 1184 intentio,

195 1216 235 1260 et
267 1219 343 1273 per
392 1218 602 1260 omnes
660 1216 860 1262 motus
892 1223 1018 1262 suos
1047 1222 1169 1276 erga
1212 1207 1519 1277 voluptates
1549 1224 1675 1263 suas
1706 1224 1769 1264 ac

197 1296 407 1350 libidines
465 1298 755 1367 corporis
788 1311 1122 1367 occupatur;
1155 1300 1197 1353 si
1236 1315 1364 1355 vero
1410 1300 1530 1355 talis
1576 1301 1647 1355 sit
1678 1301 1768 1369 qui

196 1388 234 1439 in
267 1399 555 1441 commune
612 1388 840 1457 aliquid
882 1405 1072 1444 curare
1097 1390 1179 1445 vel
1212 1391 1500 1460 providere
1529 1392 1766 1458 studeat,

192 1484 256 1528 aut
279 1476 589 1545 reipublicae
628 1480 959 1544 consulens,
985 1490 1075 1534 aut
1108 1483 1517 1555 magistratibus
1552 1498 1766 1551 parens,

190 1579 257 1623 aut
279 1569 537 1638 quidquid
572 1571 714 1624 illud
743 1582 834 1626 est
863 1573 1004 1641 quod
1046 1573 1099 1626 iu
1133 1589 1415 1628 commune
1443 1586 1590 1629 certe
1630 1589 1754 1642 pro-

190 1661 307 1715 desse
332 1661 625 1742 videatur,
667 1675 922 1721 exercet.
975 1664 1090 1719 Jam
1125 1680 1251 1719 vero
1282 1667 1324 1719 si
1358 1668 1482 1735 quis
1522 1667 1645 1720 talis
1692 1666 1765 1721 sit

189 1760 232 1804 ut
254 1751 440 1821 aliquid
466 1753 688 1808 melius
718 1770 890 1822 quam
924 1756 1034 1810 [nec
1057 1772 1173 1825 quae
1199 1771 1464 1826 corporea
1488 1759 1759 1824 videntur,

186 1845 423 1913 intelligat,
466 1855 531 1899 et
564 1845 875 1914 sapientia:
905 1856 958 1902 et
1010 1849 1251 1903 scientiae
1282 1864 1504 1917 operam
1542 1851 1762 1915 habeat,
1800 1828 1841 1887 Β

185 1938 273 1991 sine
293 1937 449 1991 dubio
475 1950 625 2007 erga
661 1938 1045 2005 hujuscemodi
1080 1940 1252 1994 studia
1285 1956 1497 1995 omnem
1525 1942 1763 1995 declina-

186 2030 245 2081 bit
287 2028 652 2093 industriam,
683 2045 802 2099 quo
836 2032 1007 2098 possit
1035 2030 1290 2101 inquisita
1320 2032 1551 2087 veritate
1579 2049 1760 2088 rerum

179 2136 333 2176 causas
364 2123 785 2191 rationemque
817 2122 931 2193 (69)
958 2139 1303 2193 cognoscere.
1353 2125 1529 2179 Sicut.
1549 2142 1677 2197 ergo
1705 2129 1755 2181 in

182 2214 260 2266 bac
306 2214 406 2267 vita
453 2214 619 2268 alios
687 2214 923 2282 quidem
982 2230 1249 2269 summum
1291 2217 1487 2271 bonum
1513 2222 1758 2289 corporis

174 2302 345 2371 iudicat
380 2306 747 2375 voluptatem
813 2307 954 2360 alius
991 2324 1117 2362 vero
1146 2309 1197 2362 in
1233 2324 1518 2365 commune
1551 2326 1749 2366 consu-

180 2395 283 2457 lere,
308 2394 439 2450 alius
487 2396 716 2449 studiis
749 2404 810 2450 et
838 2396 1201 2467 intelligentia:
1237 2415 1458 2468 operam
1490 2401 1651 2468 dare;
1689 2403 1761 2457 ita

178 2489 488 2555 requiramus
545 2488 607 2540 in
658 2486 761 2540 illa
800 2487 910 2541 vita
942 2504 1061 2557 quae
1097 2505 1223 2544 vera
1253 2503 1357 2554 est,
1387 2506 1505 2559 quae
1534 2492 1762 2548 abscon-

174 2577 260 2631 dita
302 2593 416 2633 esse
472 2579 705 2634 dicitur
756 2594 883 2632 cum
942 2579 1157 2636 Christo
1210 2583 1260 2635 in
1320 2582 1512 2651 Deo“,
1571 2586 1621 2640 id
1680 2598 1763 2641 est

174 2671 215 2722 in
242 2669 318 2724 illa
350 2683 565 2726 aeterna
600 2672 750 2735 vita,
789 2670 839 2725 si
872 2671 1068 2741 aliquis
1091 2673 1210 2728 talis
1229 2675 1501 2731 eritnobis
1534 2677 1749 2732 vivendi

172 2764 278 2817 ordo
307 2764 383 2818 vel
412 2774 500 2819 sta
513 2774 632 2818 tus.

226 2855 271 2908 2.
294 2856 525 2924 Quidam
567 2871 721 2928 ergo
746 2856 998 2911 laborem
1024 2858 1420 2926 quodammodo
1456 2859 1758 2931 intelligen-

172 2946 244 2998 tiae
276 2958 638 3010 recusantes,
670 2958 735 3001 et
768 2946 1124 3015 superﬁciem
1175 2952 1465 3017 quamdam
1499 2951 1633 3021 legis
1676 2952 1763 3006 Iit-

172 3044 280 3090 tera:
309 3049 741 3104 consectantes,
776 3048 837 3092 et
886 3039 1060 3108 magis
1098 3039 1445 3096 delectationi
1477 3032 1589 3097 suae
1622 3058 1759 3112 quo—

168 3125 423 3183 dammodo
456 3145 527 3184 ac
578 3129 813 3183 libidini
856 3128 1221 3199 indulgentes,
1249 3130 1417 3187 solius
1450 3132 1642 3187 litterae
1671 3133 1759 3187 di-

168 3220 349 3288 scipuli,
380 3222 755 3275 arbitrantur
797 3222 1250 3290 repromissioues
1274 3225 1495 3293 futuras,
1518 3227 1569 3280 in
1604 3228 1761 3282 volu-

164 3322 281 3379 ptate
296 3315 595 3368 etluxuria
623 3315 889 3383 corporis
906 3316 1300 3381 exspectandas
1330 3315 1476 3385 (70);
1514 3328 1568 3370 et
1608 3334 1764 3386 prop-

166 3411 286 3455 terea
300 3406 589 3475 prazcipue
631 3420 695 3460 ca
710 3420 847 3459 rnes
867 3405 1063 3459 iterum
1079 3406 1383 3476 desiderant
1400 3419 1516 3477 post
1536 3416 1767 3464 resurre‘

158 3494 361 3549 ctioneui
429 3498 580 3552 tales
640 3496 859 3566 quibus
928 3498 1309 3564 manducandi,
1359 3510 1411 3554 et
1445 3501 1664 3555 bibendi
1712 3508 1767 3555 et

158 3581 306 3632 omnia
325 3597 447 3650 quae
470 3586 678 3638 carnis
700 3593 759 3637 et
781 3584 1072 3653 sanguinis
1101 3595 1246 3653 sunt,
1266 3590 1457 3656 agendi
1485 3586 1761 3658 uunq'uant

156 3670 269 3725 desit
312 3672 579 3739 facultas,
629 3675 875 3743 apostoli
920 3674 1071 3729 Pauli
1114 3676 1179 3731 de
1222 3679 1619 3733 resurrectione
1652 3681 1763 3748 spi-

158 3764 299 3817 ritalis
329 3767 594 3835 corporis
630 3768 978 3821 sententiam
1013 3781 1114 3821 non
1144 3772 1515 3836 sequentes“.
1550 3770 1759 3837 Quibus

156 3866 535 3923 consequenter
577 3860 804 3912 addunt
838 3868 896 3912 et
930 3859 1239 3926 nuptiarum
1269 3864 1681 3927 conventioues,
1706 3872 1762 3917 et

157 3948 361 4004 illorum
412 3953 866 4021 procreationes
913 3952 1078 4005 etiam
1132 3962 1251 4020 post
1302 3955 1757 4007 resurrectionem

157 4035 362 4107 laturas,
398 4042 691 4113 tingentes
743 4041 1109 4109 sibimetipsis
1138 4039 1436 4096 Jerusalem
1484 4054 1754 4097 terrenam

155 4131 317 4184 urbem
356 4134 844 4188 reaediﬁcandam
876 4132 1148 4198 lapidibus
1192 4132 1441 4201 pretiosis
1484 4133 1535 4185 in
1567 4131 1758 4186 funda—

153 4234 304 4277 menta
334 4226 453 4295 ejus
479 4226 783 4295 jaciendis
810 4223 946 4294 (7i),
968 4232 1020 4277 et
1047 4224 1113 4279 de
1140 4224 1313 4293 lapide
1337 4223 1549 4292 iaspide
1571 4240 1758 4281 muros

152 4310 246 4377 eius
269 4317 601 4385 erigendos,
629 4325 691 4369 et
736 4314 1155 4384 propugnacula
1190 4311 1305 4381 ejus
1332 4329 1396 4367 ex
1425 4312 1603 4383 lapide
1629 4330 1754 4386 cry-

157 4402 324 4471 stallo;
393 4408 734 4478 peribolum
782 4418 1006 4473 quoque
1048 4402 1352 4457 habituram
1396 4420 1461 4457 ex
1492 4404 1758 4473 lapidibus

153 4492 315 4549 electis
339 4506 392 4551 et
426 4498 644 4562 variis,
684 4496 741 4549 id
776 4492 1098 4562 estjaspide
1134 4503 1183 4549 et
1213 4494 1488 4563 sapphiro,
1523 4503 1576 4547 et
1607 4496 1756 4548 chal-

155 4585 376 4652 cedonio,
408 4598 468 4643 et
500 4585 859 4656 smaragdo,
904 4594 958 4639 et
995 4586 1174 4639 sardio
1197 4586 1335 4655 (72),
1366 4596 1421 4640 et
1457 4586 1752 4657 onychino,

150 4678 572 4749 etchrysolitho,
602 4688 666 4733 et
690 4678 1057 4748 cbrysopaso,
1104 4687 1157 4731 et
1195 4677 1513 4747 hyacintho,
1539 4688 1592 4732 et
1615 4694 1760 4731 ame-

153 4765 331 4838 thysto.
359 4772 511 4839 Quin
567 4773 754 4826 etiam
821 4770 1106 4824 ministros
1161 4770 1477 4824 deliciarum
1538 4784 1759 4824 suarum

155 4859 340 4917 dandos
391 4868 501 4919 sibi
565 4864 937 4932 alienigenas
984 4871 1199 4931 putant,
1231 4878 1366 4931 quos
1396 4864 1477 4916 vel
1514 4872 1761 4918 aratores

212 4952 247 5027 Ἰ
292 4956 510 5013 Coloss-
579 4974 675 5020 tu.
732 4957 789 5009 5.
840 5026 843 5027 ί
900 4957 942 5027 ’ξ
992 4956 1007 5008 I
1058 4956 1183 5011 Cor.
1235 4957 1455 5027 “,1”.

154 5024 190 5053 “
216 5023 367 5083 Prov.
404 5047 486 5091 ix,
523 5031 581 5095 1,
626 5029 692 5093 ‘2,
729 5027 789 5089 5,
818 5026 878 5089 4,
914 5026 965 5077 5.

209 5119 311 5205 (69.)
337 5124 779 5205 Rationem/lue.
814 5121 976 5175 Deest
1010 5121 1062 5205 in
1093 5120 1222 5175 libb.
1251 5131 1407 5177 antea
1447 5122 1628 5186 editis,
1653 5124 1747 5177 sed

154 5197 397 5258 reperitur
425 5198 483 5251 in
524 5212 685 5250 mss.

211 5263 313 5331 (70)
344 5265 458 5321 Sic.
490 5282 641 5321 mss.
682 5262 862 5323 Alias,
896 5277 919 5332 «γ
949 5258 1154 5315 futuras
1188 5262 1490 5332 voluptates
1518 5271 1571 5317 et
1597 5261 1753 5316 luxu-

153 5331 513 5407 riaseorporis
555 5331 1007 5407 exspectandas.
1045 5349 1062 5381 ι

206 5402 303 5475 (7i)
333 5399 410 5461 lia
441 5423 590 5462 mss.
628 5399 815 5475 Libb.
832 5399 989 5462 editi,
1028 5400 1452 5475 naediﬁcandam
1486 5402 1752 5471 lapidibus

152 5469 398 5538 pretiosis,
432 5495 538 5531 eos
576 5478 637 5530 in
670 5469 1325 5536 {ntidamentajacentes.
1367 5490 1385 5523 ι

156 5612 166 5619 _
211 5543 311 5612 (iit
336 5545 405 5601 Et
445 5548 682 5602 sardio.
721 5543 892 5595 Deest
927 5540 978 5593 in
1007 5551 1162 5595 antea
1192 5543 1371 5607 editis,
1399 5544 1493 5597 sed
1528 5543 1757 5597 habetur

156 5628 197 5663 ιη
224 5633 347 5670 [ηδε.

212 5684 315 5755 (75)
363 5687 440 5741 ιω
500 5700 659 5740 mss.
702 5681 887 5755 Alias,
921 5697 963 5755 t__
994 5691 1204 5755 eorum;
1247 5699 1281 5755 _D
1335 5681 1533 5755 Ibidem
1596 5696 1749 5755 mss_.,

159 5748 253 5809 tut
297 5748 470 5813 etiam
530 5752 757 5810 cameli
820 5748 1036 5803 Madiau
1066 5758 1119 5801 et
1154 5749 1326 5804 Cedar
1373 5753 1609 5811 veniant.
1645 5771 1662 5803 ι
1695 5752 1752 5807 lu

159 5825 298 5888 editis
333 5829 514 5899 deest,
554 5846 578 5881 ι
634 5824 821 5883 etiam
852 5819 1043 5876 cameli
1071 5818 1285 5876 Madian
1312 5832 1365 5878 et
1390 5823 1580 5880 Cedar.
1621 5841 1639 5873 ι

1588 4957 1629 4989 ¹³
1678 4956 1868 5013 Matth.
1924 4977 2071 5026 xm,
2125 4960 2213 5017 29.

1873 572 2111 642 ipsorum
2147 583 2201 628 et
2228 574 2463 643 collapsa
2492 572 2682 628 civitas
2710 584 3054 640 exstruatur;
3085 585 3135 629 et
3164 575 3434 629 arbitran-

1875 671 1962 717 tur
1992 666 2135 733 quod
2164 664 2452 721 facultates
2476 666 2717 736 gentium
2747 666 2857 738 (7'5)
2888 668 3157 736 accipiant
3179 667 3245 721 ad
3273 668 3435 721 eden-

1872 758 2021 823 dum,
2074 765 2128 811 et
2184 758 2234 811 in
2288 758 2490 812 divitiis
2534 773 2719 814 eorum
2779 759 3144 823 dominentur,
3184 758 3434 813 utetiam

1872 847 2063 905 cameli
2120 848 2330 905 Madian
2389 861 2442 905 et
2486 852 2659 906 Cedar
2708 853 2945 914 veniant,
2983 862 3038 905 et
3098 850 3326 906 aﬂ‘erant
3355 851 3436 905 eis

1872 951 2156 1007 aurum,et
2180 942 2319 1006 thus,
2356 954 2408 998 et
2438 944 2639 1012 lapides
2668 944 2955 1013 pretiosos.
2998 945 3208 1010 Etglizcc
3232 960 3436 998 conan-

1873 1044 1959 1088 tur
2006 1037 2331 1091 auctoritate
2364 1039 2675 1106 prophetica
2733 1040 3057 1094 conﬁrmare
3104 1056 3168 1094 ex
3201 1040 3283 1092 his
3315 1053 3435 1108 quae

1870 1123 1937 1178 de
1987 1123 2286 1179 Jerusalem
2347 1128 2860 1195 repromissionihus
2910 1128 3109 1196 scripta
3154 1137 3311 1193 sunt;
3345 1127 3434 1181 ubi

1871 1217 2035 1270 ctiam
2089 1218 2289 1271 dicitur
2338 1219 2463 1287 quia
2504 1218 2593 1286 qui
2642 1220 2881 1271 serviunt
2918 1220 3163 1282 Domino,
3199 1220 3435 1273 mandu-

1871 1310 2077 1364 cabunt
2137 1321 2190 1365 et
2237 1310 2442 1375 bibent,
2488 1318 2806 1378 peccatores
2869 1323 3047 1364 autem
3094 1315 3331 1365 esurient
3380 1320 3437 1364 et

1870 1396 2055 1450 sitient
2086 1415 2099 1451 ι
2135 1406 2188 1450 et
2229 1398 2371 1467 quod
2423 1399 2660 1451 lzrtitiam
2708 1411 2866 1467 agent
2893 1398 3047 1466 justi,
3080 1399 3272 1467 impios
3305 1413 3436 1453 vero

1873 1499 2073 1539 mceror
2110 1486 2421 1554 possidebit.
2449 1487 2515 1540 Et
2548 1488 2613 1540 de
2656 1486 2803 1540 Novo
2834 1503 3045 1556 quoque
3087 1488 3436 1541 Testamento

1871 1593 2059 1633 vocem
2090 1579 2373 1648 proferunt
2404 1579 2846 1648 Salvatoris,qua
2868 1579 3141 1649 discipulis
3172 1578 3437 1647 promittit

1871 1671 1937 1724 de
1991 1672 2098 1724 vini
2157 1670 2341 1724 laetitia
2400 1672 2585 1725 dicens
2637 1689 2652 1726 :
2720 1692 2736 1723 ι
2798 1670 2929 1736 Quia
2982 1688 3086 1725 non
3138 1672 3316 1725 bibam
3372 1686 3439 1724 ex

1873 1763 1975 1816 hoc
2000 1762 2111 1832 jam
2145 1778 2425 1832 usquequo
2455 1763 2639 1817 bibam
2684 1764 2808 1816 illud
2844 1764 3116 1818 vobiscum
3156 1779 3350 1817 novum
3384 1763 3437 1817 in

1873 1870 2036 1924 regno
2070 1854 2246 1909 Patris
2275 1856 2375 1909 mei
2408 1856 2505 1907 ¹³.›
2542 1856 2757 1909 Addunt
2792 1872 3007 1926 quoque
3033 1867 3085 1910 et
3115 1856 3262 1919 illud,
3290 1856 3437 1924 quod

1873 1947 2121 2003 Salvator
2139 1948 2328 2001 beatos
2348 1948 2479 2001 dicit
2505 1963 2596 2000 eos
2611 1948 2699 2017 qui
2728 1964 2868 2001 nunc
2884 1950 3131 2002 csuriuut
3150 1957 3203 2001 et
3222 1949 3437 2013 sitiunt,

1872 2039 2130 2107 pollicens
2161 2040 2238 2093 eis
2267 2040 2392 2109 quia
2443 2040 2920 2103 saturabunlur”;
2953 2050 3003 2093 et
3041 2040 3206 2093 multa
3237 2040 3342 2093 alia
3370 2054 3438 2095 ex

1873 2129 2168 2197 Scripturis
2214 2131 2455 2200 exempla
2494 2131 2796 2199 proferupt,
2835 2146 3061 2200 quorum
3096 2131 3200 2183 vim
3238 2132 3436 2197 ﬁgura-

1872 2221 1993 2275 liter
2021 2221 2239 2292 iulelligi
2274 2223 2471 2275 debere
2496 2237 2598 2274 non
2626 2221 2887 2275 sentiunt.
2914 2220 3049 2274 Tum
3080 2236 3213 2276 vero
3240 2235 3435 2274 secuu-
3476 2261 3482 2266 .

1871 2312 1995 2365 dum
2057 2313 2284 2365 formam
2344 2326 2463 2380 qua:
2522 2312 2573 2364 in
2624 2312 2726 2365 hac
2762 2312 2870 2364 vita
2904 2321 3010 2375 est,
3049 2319 3103 2365 et
3144 2311 3436 2365 secundum

1874 2403 2059 2457 mundi
2099 2402 2258 2472 hujus
2286 2402 2668 2470 dispositiones
2698 2402 3036 2471 dignitatum,
3063 2399 3144 2453 vel
3164 2401 3437 2464 ordinum,

1871 2495 1955 2549 vel
1996 2495 2323 2549 eminentias
2354 2504 2702 2563 potestatum,
2733 2509 2887 2563 reges
2917 2509 2976 2547 se
3001 2493 3116 2548 fore
3146 2501 3199 2546 et
3234 2493 3437 2561 princi-

1872 2601 1965 2653 pes
2015 2585 2370 2648 arhitrantur,
2422 2585 2567 2643 sicut,
2623 2594 2747 2637 sunt
2800 2585 2889 2639 isti
2950 2585 3173 2653 terreni,
3222 2594 3439 2654 propter

1872 2675 1999 2729 illud
2072 2673 2332 2729 videlicet
2400 2675 2545 2741 quod
2601 2676 2652 2727 in
2719 2673 3008 2743 Evangelio
3067 2674 3270 2727 dictum
3325 2683 3438 2728 est:

1879 2784 1897 2816 ι
1936 2765 2056 2821 Eris
2086 2766 2201 2837 ('74)
2238 2776 2560 2835 potestatem
2610 2766 2816 2820 habens
2847 2781 3008 2834 super
3034 2766 3270 2834 quinque
3299 2766 3439 2820 civi-

1874 2858 2093 2911 tates”.
2130 2878 2148 2909 ι
2185 2859 2269 2917 Ει.
2312 2869 2371 2911 ut
2420 2857 2656 2910 breviter
2714 2859 2915 2920 dicam,
2972 2858 3264 2910 secundum
3316 2857 3443 2911 vitae

1873 2949 2031 3017 hujus
2054 2950 2524 3005 conversationem
2557 2963 2650 3018 per
2678 2948 2856 3002 omnia
2890 2948 3081 3021 similia
3108 2949 3289 3001 volunt
3317 2964 3439 3003 esse

1870 3041 2048 3095 omnia
2077 3056 2192 3109 qua:
2217 3039 2281 3093 de
2308 3040 2814 3108 repromissionibus
2840 3047 3243 3109 exspectantur,
3270 3040 3320 3092 id
3352 3048 3441 3093 est

1874 3141 1931 3184 ut
1988 3131 2180 3184 iterum
2237 3130 2307 3184 sit
2368 3130 2467 3184 hoc
2518 3131 2659 3198 quod
2690 3140 2789 3184 est.
2822 3129 2929 3183 Hoc
2965 3130 3035 3183 ita
3079 3130 3319 3183 sentiunt
3347 3129 3439 3197 qui

1875 3222 2090 3276 Christo
2132 3220 2348 3289 quidem
2403 3221 2704 3285 credentes,
2734 3220 2959 3275 Iudaico
2992 3218 3167 3274 autém
3207 3220 3437 3289 quodam

1877 3325 2037 3363 sensu
2069 3308 2380 3376 Scripturas
2412 3309 2623 3363 divinas
2661 3310 2773 3379 (75)
2799 3310 3179 3381 iutelligentes,
3209 3309 3339 3363 nihil
3371 3326 3437 3364 ex

1875 3399 1958 3452 his
2010 3399 2228 3470 dignum
2298 3400 2495 3455 divinis
2555 3401 3029 3470 pollicitationibus
3080 3418 3439 3473 prazsumpse-
3488 3461 3492 3466 ,

1873 3497 2015 3543 runt.

1941 3673 1994 3729 5.
2031 3670 2093 3725 Ηί
2146 3687 2273 3726 vero
2324 3672 2414 3741 qui
2480 3673 2776 3725 secundum
2822 3672 3184 3741 apostolorum
3219 3687 3435 3728 sensiuu

1872 3761 2133 3815 theoriam
2187 3758 2592 3828 Scripturarum
2630 3761 2914 3829 recipiunt,
2952 3770 3169 3829 sperant
3216 3764 3438 3814 mandu-

1870 3864 2087 3907 caturos
2134 3852 2349 3921 quidem
2387 3868 2505 3907 esse
2544 3861 2782 3917 sanctos,
2817 3853 2908 3906 sed
2950 3868 3141 3923 panem
3191 3854 3311 3905 vitae
3343 3856 3436 3923 qni

1870 3945 2118 3998 veritatis
2155 3955 2208 3997 et
2242 3944 2519 4011 sapientiae
2548 3944 2683 3998 cibis
2711 3944 2911 3997 nutriat
2941 3945 3200 4007 animam,
3231 3953 3283 3999 et
3315 3940 3434 3998 illu-

1867 4036 2035 4089 minet
2086 4045 2341 4097 mentem,
2375 4046 2428 4089 et
2469 4044 2619 4104 potet
2652 4050 2769 4089 eam
2808 4036 3003 4088 divina:
3038 4036 3316 4104 sapientite
3345 4051 3439 4105 po-

1868 4128 2024 4192 culis,
2080 4128 2223 4182 sicut
2279 4128 2411 4181 dicit
2470 4126 2753 4196 Scriptura
2814 4128 2992 4181 divina
3027 4128 3136 4199 (76)
3173 4147 3185 4182 :
3229 4146 3247 4179 ι
3300 4128 3437 4195 Quia

1865 4219 2128 4287 sapientia
2174 4220 2497 4288 praeparavit
2533 4235 2777 4275 mensam
2827 4235 3001 4285 suam,
3051 4220 3312 4293 iugulavit
3360 4222 3439 4275 vi-

1865 4312 2056 4365 ctimas
2114 4327 2259 4378 suas,
2300 4312 2517 4366 miscuit
2575 4313 2628 4365 in
2683 4322 2896 4366 cratere
2940 4313 3121 4366 vinum
3168 4328 3345 4379 sumu,
3383 4324 3439 4369 et

1865 4418 2074 4457 summa
2108 4418 2236 4458 voce
2286 4403 2483 4458 clamat
2521 4423 2533 4458 :
2575 4404 2832 4459 Divertite
2867 4405 2933 4457 ad
2970 4419 3076 4468 me,
3113 4407 3437 4460 manducate

1866 4510 2035 4564 panes
2099 4510 2234 4564 quos
2294 4496 2477 4563 paravi
2547 4497 2718 4563 vobis,
2769 4506 2823 4551 et
2871 4497 3038 4551 bibite
3082 4497 3265 4549 vinum
3296 4497 3438 4566 quod

1865 4585 2059 4639 miscui
2109 4585 2342 4638 vobis”.
2380 4605 2398 4636 ι
2448 4585 2658 4651 Quibus
2703 4586 2980 4653 sapientire
3033 4586 3172 4641 cscis
3233 4587 3436 4640 nutrita

1867 4693 2019 4732 mens
2051 4678 2115 4731 nd
2153 4677 2414 4748 integrum
2455 4687 2509 4730 et
2553 4676 2875 4744 perfectum,
2906 4678 3047 4731 sicut
3069 4693 3133 4731 ex
3171 4677 3326 4731 initio
3358 4677 3438 4731 fa-

1868 4780 1988 4824 ctus
2013 4780 2095 4823 est
2126 4770 2306 4836 homo,
2341 4770 2405 4823 ad
2438 4768 2593 4839 105
2623 4769 2908 4837 imaginem
2944 4779 2997 4822 et
3024 4769 3435 4823 similitudinem

1868 4864 1960 4917 Dei
2001 4875 2308 4932 rep-aretur;
2345 4875 2397 4915 ut
2453 4865 2663 4917 etiamsi
2713 4866 2833 4933 quis
2863 4879 2927 4919 ex
2981 4864 3081 4917 hac
3112 4864 3221 4917 vita
3259 4863 3438 4916 minus

2324 4960 2365 4991 “
2396 4960 2586 5014 Matth.
2642 4975 2697 5027 v,
2746 4961 2797 5016 6.
2906 4961 2950 4996 ¹⁸
2984 4960 3115 5015 Luc.
3177 4973 3291 5025 XIX,
3351 4958 3435 5011 l7.

1923 5125 2034 5197 (74)
2067 5127 2140 5180 Ita
2179 5143 2336 5189 mss.;
2390 5128 2440 5179 in
2498 5127 2660 5181 editis
2700 5129 2872 5193 deest,
2933 5146 2951 5178 ί
3023 5126 3152 5179 eris.
3195 5144 3212 5176 ι
3254 5121 3439 5197 Paulo

1852 5193 1973 5265 post
2002 5193 2131 5251 mss.
2171 5216 2189 5248 ε
2228 5208 2633 5264 exspectantur,
2664 5198 2714 5251 id
2764 5208 2847 5250 est
2900 5205 2956 5250 ut
2992 5198 3187 5249 iterum
3223 5194 3294 5265 sit
3334 5193 3437 5265 hoc

1852 5263 1992 5335 quod
2025 5278 2129 5321 est.
2161 5287 2178 5319 ι
2208 5268 2373 5330 Editi,
2406 5286 2425 5319 ι
2468 5276 2796 5336 exspectant
2835 5277 2891 5321 ut
2929 5268 3144 5320 interim
3194 5263 3263 5319 sit
3293 5263 3438 5331 quod

1854 5347 1956 5392 est.
2000 5359 2016 5390 ι

1934 5408 2048 5477 (75)
2088 5405 2327 5464 Divinas.
2367 5410 2529 5464 Deest
2571 5409 2625 5462 in
2656 5406 2929 5478 prioribus
2958 5404 3314 5469 editiouibus,
3343 5402 3438 5457 sed

1838 5479 2096 5541 ,habetur
2127 5478 2176 5530 in
2210 5492 2338 5533 mss.

1936 5549 2050 5617 (76)
2074 5546 2288 5599 Divina.
2324 5548 2678 5603 Desideratur
2713 5548 2877 5602 etiam
2913 5547 2962 5599 in
3001 5545 3278 5617 prioribus
3315 5541 3434 5617 edi-

1865 5611 2121 5679 thlllbllS,
2167 5617 2292 5670 licet
2323 5620 2584 5672 habeatur
2626 5620 2677 5672 in
2724 5634 2854 5672 mss.
2902 5611 3124 5677 Ibidem,
3170 5632 3187 5666 t
3220 5611 3437 5683 jugula-

1862 5691 1939 5742 vit
1975 5690 2223 5742 victimas
2265 5702 2425 5753 suas;
2466 5710 2484 5740 ι
2521 5691 2632 5743 Ι)ωο
2681 5703 2895 5756 quoque
2935 5689 3128 5741 desunt
3176 5686 3230 5738 in
3267 5690 3429 5735 antea

1862 5760 2039 5828 editis,
2066 5761 2158 5813 sed
2203 5760 2545 5828 reperiuntur
2579 5759 2630 5814 in
2655 5760 2912 5813 omnibus
2941 5770 3074 5812 mss.
