3880 6544
507 399 618 466 243

1747 397 2071 456 ORIGENIS
2112 400 2271 453 ΠΕΡΙ
2312 398 2538 453 ΑΡΧΩΝ

3621 401 3701 458 2-H

503 495 753 579 eruditus
787 520 900 592 (77)
933 519 1149 587 abierit,
1185 517 1488 590 probabilia
1527 525 1704 573 tamen
1736 532 1902 588 opera
1928 518 2081 573 detu-
2109 523 2153 582 Α
2187 518 2391 573 faciunt
2436 518 2502 570 ad
2550 514 2883 571 eruditionis
2927 513 3121 568 futurae
3176 515 3549 585 capacitatem;
3590 519 3706 574 sicut

506 617 652 684 Ierit,
687 615 880 669 instrui
936 613 1137 684 poterit
1193 611 1246 666 in
1308 611 1396 666 illa
1427 609 1724 667 Jerusalem
1762 620 2076 666 sanctorum

505 707 750 769 civitate,
805 703 859 758 id
905 712 986 758 est
1029 702 1242 759 edoceri
1273 701 1387 774 (78)
1421 711 1476 757 et
1510 700 1815 769 informari,
1853 709 1909 756 et
1941 701 2077 758 ellici

508 797 649 867 lapis
695 797 872 860 vivus,
903 795 1037 864 lapis
1067 795 1336 865 pretiosus
1365 803 1416 849 et
1448 793 1675 861 electus,
1705 809 1804 864 pro
1831 809 1896 850 eo
1935 797 2077 864 quod

511 888 727 942 fortiter
759 896 811 940 et
837 895 1152 941 constanter
1182 883 1466 954 pertulerit
1488 897 1686 954 agones
1715 884 1858 948 vitae,
1889 891 1936 939 et
1967 897 2078 938 cer-

506 980 706 1032 lamina
741 978 990 1047 pietatis;
1023 978 1205 1046 ibique
1224 978 1324 1032 hoc
1357 974 1623 1046 quodjam
1649 976 1738 1030 hic
1759 976 2075 1044 praedictum

501 1085 604 1136 est,
631 1072 810 1125 verius
837 1071 1288 1140 manifestiusqne
1313 1078 1627 1140 cognoscet,
1653 1088 1672 1122 ι
1712 1068 1854 1138 quod
1885 1083 1989 1122 non
2020 1069 2072 1122 in

500 1179 638 1232 pane
674 1161 790 1218 solo
816 1163 951 1216 vivit
987 1161 1168 1227 homo,
1204 1163 1296 1216 sed
1331 1161 1382 1213 in
1419 1161 1563 1214 omni
1592 1159 1754 1214 verbo
1778 1159 1918 1230 quod
1951 1173 2077 1228 pro-

394 1294 401 1304 ,
497 1254 643 1309 cedit
676 1255 744 1310 de
783 1269 878 1310 ore
908 1253 1026 1309 Dei.
1049 1255 1088 1286 "
1134 1271 1153 1306 ι
1195 1252 1301 1308 Sed
1357 1260 1411 1307 et
1445 1250 1717 1322 principes
1742 1259 1795 1305 et
1837 1259 2074 1305 rectores

497 1345 830 1415 intelligendi
885 1354 1010 1400 sunt
1066 1346 1118 1400 bi
1166 1346 1259 1416 qui
1307 1344 1590 1400 inferiores
1625 1351 1679 1398 et
1731 1353 1948 1412 regunt,
2019 1353 2075 1395 et

494 1437 770 1502 erudiunt,
803 1447 859 1492 et
881 1437 1106 1492 edocent
1135 1447 1300 1508 atque
1329 1436 1615 1490 instituunt
1644 1434 1756 1505 (79)
1787 1436 1853 1489 ad
1870 1434 2070 1488 divina.

561 1529 616 1583 4.
661 1527 858 1583 Verum
893 1529 937 1582 si
969 1527 1146 1583 minus
1173 1529 1425 1583 videntur
1455 1528 1568 1582 haec
1616 1526 1964 1596 sperantibus
1995 1541 2061 1581 ea

493 1622 716 1691 dignum
776 1620 1051 1675 mentibus
1099 1620 1346 1674 incutere
1384 1618 1742 1684 desiderium,
1791 1618 2070 1687 paululum

492 1720 822 1781 repetentes,
853 1726 1159 1781 quanquam
1211 1709 1474 1764 naturalis
1501 1709 1572 1764 sit
1601 1719 1654 1763 et
1680 1709 1841 1764 insita
1875 1709 2070 1764 animae

492 1804 569 1858 rei
601 1803 774 1872 ipsius
799 1803 1087 1872 cupiditas,
1120 1803 1483 1871 inquiramtts,
1514 1809 1572 1855 ttt
1602 1801 1673 1855 ita
1703 1801 1922 1856 demum
1955 1801 2067 1872 (80)

2181 625 2306 665 cum
2335 609 2532 678 aliquis
2558 607 2688 662 velit
2717 607 3010 678 imaginem
3045 607 3291 678 pingere,
3325 607 3368 660 si
3397 617 3516 662 ante
3547 608 3708 667 futurae

2181 701 2369 756 formae
2426 700 2757 754 lineamenta
2827 700 3006 752 tenuis
3071 700 3198 769 styli
3268 699 3588 754 adumbratio
3635 703 3711 755 de-

2180 793 2355 864 signet
2385 791 2520 861 (84),
2550 800 2605 844 et
2629 789 3061 860 superponendis
3091 789 3331 845 vultibus
3359 805 3571 859 capaces
3595 807 3709 860 pra:-

2181 893 2333 954 paret
2356 893 2534 949 notas,
2555 883 2674 938 siue
2696 881 2858 936 dubio
2880 896 2980 951 per
3001 881 3468 938 adumbrationem
3491 883 3706 952 imposita

2179 975 2548 1046 prmformatio
2593 974 2661 1028 ad
2711 974 3088 1044 suscipiendos
3141 989 3304 1030 veros
3363 974 3480 1030 illos
3531 975 3708 1030 colores

2171 1065 2284 1136 jam
2316 1069 2560 1138 paratior
2590 1069 2903 1135 invenitur;
2935 1069 3014 1124 sic
3063 1071 3223 1122 modo
3259 1068 3590 1123 adumbratio
3615 1069 3708 1136 ipsa

2177 1175 2243 1216 ac
2273 1160 2603 1216 deformatio
2629 1162 2768 1231 ston
2797 1162 2911 1230 (85)
2953 1161 3166 1216 Domini
3206 1161 3376 1216 nostri
3398 1159 3518 1216 .Iesu
3543 1161 3708 1216 Christi

2177 1253 2231 1306 in
2286 1253 2464 1308 cordis
2523 1253 2694 1307 nostri
2751 1252 2950 1307 tabulis
2999 1253 3390 1323 perscribatur.
3432 1252 3491 1306 Et
3537 1253 3710 1308 idcirco

2177 1343 2406 1398 fortasse
2438 1343 2657 1407 dicitur,
2698 1363 2720 1396 ι
2753 1344 2878 1412 quia
2901 1345 3048 1399 omni
3075 1345 3296 1399 babenti
3328 1335 3538 1398 dabitur
3565 1353 3613 1398 et
3630 1345 3709 1398 ad-

2169 1437 2472 1506 jicietur“.
2502 1456 2520 1489 ι
2564 1435 2718 1492 Unde
2761 1447 2974 1492 constat
3017 1439 3346 1492 habentibus
3397 1435 3713 1490 deformatio-

2176 1543 2297 1582 nem
2327 1529 2615 1596 quamdam
2651 1530 2705 1584 in
2732 1531 2833 1584 hac
2858 1531 2967 1584 vita
2999 1531 3251 1585 veritatis
3272 1539 3326 1585 et
3358 1530 3603 1596 scientiae,
3632 1529 3712 1583 ad-

2173 1620 2403 1674 dendam
2438 1620 2602 1676 etiam
2629 1635 2748 1677 esse
2780 1622 3238 1692 pulchritudinem
3273 1622 3523 1692 perfecta:
3545 1622 3712 1693 imagi-

2174 1711 2258 1767 nis
2288 1712 2340 1766 in
2374 1712 2576 1769 futuro.

2243 1804 2296 1858 5.
2342 1802 2493 1870 Tale,
2534 1805 2748 1874 Opinor,
2797 1805 3068 1862 indicabat
3098 1805 3428 1861 desiderium
3452 1820 3594 1861 suum
3639 1804 3713 1861 ille

489 1894 640 1949 velut
682 1895 889 1965 species
939 1894 1085 1962 ipsas
1133 1896 1290 1964 panis
1343 1892 1470 1947 vitae
1515 1901 1570 1947 et
1607 1893 1922 1962 qualitatem
1956 1894 2064 1949 vini
2100 1877 2140 1931 Β
2175 1897 2265 1966 qui
2290 1896 2541 1952 dicebat:
2579 1916 2597 1948 ι
2629 1898 2892 1954 Coarctor
2941 1910 3120 1955 autem
3155 1914 3222 1953 ex
3260 1898 3503 1962 duobus,
3531 1897 3713 1952 deside-

488 1985 606 2054 ejus
661 2001 726 2041 ac
781 1985 1165 2056 proprietatem
1226 1985 1648 2056 principatunm,
1691 1999 1790 2055 per
1842 1986 2066 2041 lheorize

487 2075 932 2145 consequentiam
963 2075 1355 2130 describamus.
1394 2076 1560 2146 Igitur
1591 2076 1731 2131 sicut
1771 2077 1822 2130 in
1854 2078 2063 2142 artibus

486 2167 572 2223 his
604 2182 722 2238 quae
759 2183 917 2222 manu
953 2167 1241 2237 aditnpler-i
1274 2169 1476 2234 solent,
1501 2169 1646 2224 ratio
1667 2169 1881 2238 quidem
1911 2170 2060 2238 quid,

481 2258 569 2313 vel
597 2259 854 2330 qualiter,
892 2259 977 2314 vel
1007 2261 1070 2313 ad
1097 2276 1236 2330 quos
1260 2276 1391 2316 usus
1416 2261 1533 2327 fiat,
1568 2271 1820 2315 versatur
1848 2262 1901 2315 in
1941 2276 2065 2314 sen-

482 2364 570 2416 su,
609 2349 845 2405 ellicaeia
889 2366 1018 2406 vero
1057 2351 1237 2420 operis
1265 2368 1524 2406 manuum
1561 2353 1869 2407 ministerio
1899 2354 2063 2423 expli-

480 2444 668 2508 catur';
703 2443 775 2497 ita
811 2444 862 2498 in
908 2444 1160 2514 operibus
1197 2444 1286 2498 Dci
1319 2461 1440 2514 qua:
1473 2446 1540 2501 ab
1579 2447 1694 2516 ipso
1728 2445 1868 2501 facta
1913 2455 2058 2512 sunt,

479 2537 823 2592 sen'ieadntn
866 2545 970 2604 est,
1017 2538 1162 2605 quod
1212 2552 1400 2591 eorum
1453 2553 1572 2606 qum
1608 2539 1852 2593 videmus
1889 2537 1958 2593 ab
1995 2552 2063 2593 eo

479 2628 645 2695 facta,
678 2631 816 2684 ratio
841 2640 896 2686 et
932 2629 1289 2702 intelligentia
1316 2638 1502 2683 manet
1529 2631 1578 2683 in
1608 2629 1842 2685 occulto.
1865 2629 1930 2683 Et
1957 2630 2059 2685 sic.

479 2730 538 2775 ut
573 2736 636 2778 ea
659 2738 779 2792 quae
809 2724 877 2778 ab
908 2724 1116 2780 artifice
1147 2725 1286 2778 facta
1325 2732 1470 2787 sunt,
1505 2738 1627 2779 cum
1659 2724 1849 2778 oculos
1875 2732 2060 2778 noster

475 2814 694 2878 viderit,
726 2816 770 2869 si
803 2815 929 2885 quid
973 2817 1240 2887 praecipue
1271 2817 1631 2873 fabrefactum
1684 2820 2053 2889 prospexerit,

477 2910 737 2964 continuo
768 2910 1025 2979 qualiter,
1060 2909 1142 2964 vel
1174 2911 1467 2979 quomodo,
1505 2910 1590 2965 vel
1629 2912 1696 2965 ad
1738 2926 1878 2980 quos
1918 2927 2053 2968 usus

474 2999 680 3057 faetutn
713 3003 802 3068 sit,
832 3004 986 3058 ardet
1030 3003 1242 3058 animus
1281 3005 1585 3068 sciscitari;
1622 3005 1794 3059 multo
1821 3006 2056 3074 amplius

474 3102 530 3147 et
560 3109 724 3164 super
753 3111 968 3150 omnem
1001 3096 1487 3164 comparationem,
1515 3110 1704 3149 eorum
1731 3112 1850 3164 qua:
1882 3113 1910 3150 ει
1947 3099 2054 3153 Deo

477 3183 621 3240 facta
650 3187 1016 3254 pervidemus,
1054 3185 1306 3241 ineffabili
1343 3187 1615 3242 desiderio
1653 3188 1808 3243 ardet
1839 3190 2052 3243 animus

475 3289 771 3344 agnoscere
803 3277 1092 3331 rationem.
1128 3277 1279 3344 Quod
1319 3278 1672 3346 desiderium,
1705 3296 1868 3352 quem
1901 3297 2053 3338 amo-

473 3381 589 3420 rem
637 3367 756 3422 sine
800 3368 962 3423 dubio
1005 3384 1035 3423 a
1070 3369 1178 3424 Deo
1207 3371 1363 3425 nobis
1396 3371 1616 3425 insitum
1656 3373 1965 3438 credimus;
1999 3384 2052 3428 et

473 3459 616 3514 sicut
649 3459 838 3515 oculus
873 3460 1198 3515 naturaliter
1228 3460 1402 3516 lucem
1442 3461 1670 3531 requirit
1700 3471 1752 3516 et
1775 3462 1971 3530 visum,
1999 3473 2052 3518 et

472 3567 674 3620 corpus
714 3562 960 3607 nostrum
1007 3567 1164 3607 escas
1198 3552 1309 3623 (81)
1341 3563 1396 3607 et
1433 3563 1617 3622 potum
1649 3553 1924 3609 desiderat
1957 3571 2054 3624 per

474 3651 757 3706 naturam;
793 3642 863 3696 ita
899 3657 1054 3697 mens
1083 3654 1267 3709 nostra
1295 3643 1532 3698 scienda
1574 3644 1824 3698 veritatis
1857 3644 1952 3700 Dei
1998 3656 2054 3702 et

471 3750 656 3789 rerum
688 3750 883 3790 causas
909 3736 1170 3790 noscendi
1205 3736 1486 3806 proprium
1521 3751 1584 3791 ac
1629 3737 1874 3792 naturale
1906 3739 2051 3794 desi-

471 3827 683 3882 derium
709 3827 870 3898 gerit.
909 3828 1230 3897 Accepimus
1260 3839 1445 3882 autem
1475 3844 1501 3880 a
1530 3829 1640 3882 Deo
1667 3829 1807 3884 istud
1838 3831 2051 3886 deside-

474 3919 636 3988 rium,
671 3936 778 3975 non
805 3920 870 3974 ad
897 3921 998 3974 hoc
1029 3930 1087 3974 nt
1118 3934 1216 3974 nec
1246 3919 1438 3974 debeat
1467 3936 1729 3992 unquam,
1755 3936 1855 3976 nec
1884 3923 2053 3992 possit

469 4010 708 4079 expleri;
746 4011 983 4078 alioquin
1009 4026 1036 4062 a
1061 4010 1342 4064 conditore
1374 4011 1484 4065 Deo
1517 4014 1682 4067 menti
1711 4023 1910 4068 nostra:
1937 4013 2050 4085 (82)

472 4101 670 4158 frustra
729 4105 1001 4158 videbitur
1051 4119 1204 4158 amor
1247 4104 1496 4159 veritatis
1534 4105 1793 4170 insertus,
1829 4106 1873 4160 si
1911 4123 2052 4160 nun-

468 4210 630 4263 quam
683 4195 937 4250 desiderii
984 4209 1208 4264 compos
1239 4193 1489 4251 cllicilur.
1529 4196 1681 4252 Unde
1731 4206 1787 4252 et
1841 4198 1896 4252 in
1947 4199 2050 4254 Itac

467 4287 579 4341 vita
613 4286 704 4356 qui
737 4301 949 4341 summo
969 4285 1152 4341 labore
1184 4286 1288 4356 piis
1318 4287 1512 4342 studiis
1550 4301 1614 4342 ac
1639 4287 1905 4360 religiosis
1937 4289 2048 4361 (85)

468 4393 689 4446 operam
721 4378 987 4444 dederint,
1019 4393 1328 4448 quanquam
1360 4395 1523 4449 parva
1551 4381 1799 4450 qutedam
1823 4398 1890 4436 ex
1915 4382 2052 4438 mul-

469 4470 538 4525 tis
580 4477 635 4525 et
669 4470 950 4525 immensis
998 4471 1196 4525 divinae
1231 4471 1471 4526 scientia:
1508 4473 1728 4542 capiant
1755 4474 2045 4541 thesauris,

2172 1988 2311 2041 rium
2352 1988 2559 2042 habens
2589 1988 2807 2043 dissolvi
2858 1999 2913 2042 et
2961 2003 3084 2042 cum
3127 1987 3348 2044 Christo
3399 2001 3538 2053 esse,
3571 1984 3713 2040 multo

2169 2079 2313 2133 enim
2363 2079 2556 2134 melius
2576 2079 2649 2146 '9;
2686 2098 2705 2131 ι
2737 2081 2915 2135 sciens
2948 2081 3090 2150 quod
3129 2090 3254 2135 tunc
3301 2095 3425 2134 cum
3468 2093 3714 2149 regressus

2170 2181 2318 2226 esset
2348 2173 2413 2225 ad
2445 2172 2744 2238 Christum,
2775 2176 3020 2229 omnium
3049 2189 3170 2244 qua:
3205 2184 3467 2244 geruntur
3492 2173 3543 2226 in
3580 2169 3714 2225 terris

2171 2262 2518 2317 manifestius
2549 2273 2871 2332 agnosceret
2899 2264 3160 2332 rationes,
3196 2264 3281 2318 vel
3311 2263 3378 2318 de
3404 2263 3612 2316 homine
3643 2259 3711 2314 vel

2169 2352 2236 2406 de
2279 2356 2464 2407 anima
2512 2354 2772 2423 hominis,
2811 2355 2894 2410 vel
2943 2357 3009 2410 de
3056 2365 3262 2421 mente,
3293 2354 3380 2410 vel
3425 2370 3490 2410 ex
3521 2352 3714 2423 quibus-

2169 2458 2379 2514 cunque
2410 2446 2516 2501 illis
2544 2449 2636 2517 qui
2682 2449 2754 2502 sit
2786 2448 3014 2517 spiritus
3049 2449 3140 2518 qui
3174 2448 3512 2518 inoperetur,
3541 2446 3627 2517 qui
3657 2446 3715 2500 sit

2167 2552 2380 2606 quoque
2406 2539 2582 2594 vitalis
2616 2539 2727 2610 (86)
2763 2541 3012 2610 spiritus,
3047 2540 3130 2594 vel
3165 2555 3282 2611 qua:
3314 2540 3387 2596 sit
3423 2541 3588 2612 gratia
3614 2553 3714 2608 qua:

2167 2627 2326 2680 datur
2356 2626 2606 2683 fidelibus
2634 2629 2874 2698 Spiritus
2897 2633 3095 2686 sancti.
3125 2631 3276 2684 Tunc
3299 2644 3518 2700 quoque
3542 2627 3716 2684 intelli-

2164 2725 2257 2786 get
2282 2718 2371 2786 qui
2400 2719 2501 2772 sibi
2531 2720 2780 2774 videatur
2815 2719 3000 2783 Israel,
3035 2721 3117 2775 vel
3153 2735 3273 2789 qua
3300 2721 3581 2776 diversitas
3606 2734 3715 2788 gen-

2167 2807 2320 2876 tium,
2353 2811 2482 2878 quid
2511 2811 2671 2864 etiam
2703 2811 2805 2866 sibi
2835 2812 3002 2866 velint
3030 2811 3193 2866 Israel
3221 2812 3510 2867 duodecim
3540 2811 3715 2875 tribus,

2163 2910 2217 2954 et
2241 2901 2371 2970 quid
2407 2902 2604 2972 singuli
2631 2902 2814 2972 populi
2854 2919 2948 2973 per
2981 2904 3221 2975 singulas
3254 2903 3454 2958 tribus.
3490 2901 3714 2956 Tnucin~

2164 2991 2368 3062 telligct
2412 2993 2576 3047 etiam
2617 2995 2682 3048 de
2728 2994 3112 3051 sacerdotibus
3143 3005 3202 3051 et
3247 2995 3454 3059 levitis,
3481 3003 3534 3048 et
3564 2993 3624 3048 de
3648 2991 3715 3045 di-

2162 3087 2333 3142 versis
2362 3086 2788 3142 sacerdotalibus
2830 3086 3116 3143 ordinibus
3143 3088 3408 3142 rationem
3429 3128 3444 3151 ,
3480 3095 3534 3140 et
3587 3081 3716 3150 cujus

2166 3178 2336 3234 forma
2369 3191 2490 3235 erat
2521 3182 2573 3235 in
2605 3181 2806 3254 Moyse,
2835 3191 2888 3237 et
2914 3181 3268 3236 nihilominus
3294 3196 3418 3251 quae
3441 3181 3511 3234 sit
3542 3176 3717 3232 veritas

2161 3273 2304 3343 apud
2321 3272 2487 3327 Deum
2512 3273 2885 3341 jubiheorum,
2900 3283 2955 3329 et
2970 3273 3299 3343 septimanas
3317 3284 3581 3326 annorum
3599 3265 3714 3339 (87);

2157 3367 2250 3421 sed
2293 3373 2349 3420 et
2396 3365 2660 3421 festorum
2690 3365 2902 3420 dierum
2936 3374 2990 3418 et
3022 3363 3286 3420 feriarum
3320 3363 3563 3418 rationes
3583 3358 3715 3414 vide-

2156 3457 2271 3523 bit;
2311 3466 2366 3511 et
2396 3458 2640 3512 omnium
2671 3457 3073 3514 sacrificiorum
3108 3466 3161 3510 et
3186 3455 3620 3526 purificationum
3647 3451 3718 3504 in-

2157 3551 2400 3630 tuebitur
2427 3566 2659 3618 causas;
2693 3566 2814 3621 qua:
2839 3552 2912 3606 sit
2935 3565 3154 3620 quoque
3182 3550 3318 3604 ratio
3350 3549 3518 3619 lepra:
3545 3559 3718 3616 purga-

2159 3645 2343 3708 tionis,
2377 3653 2430 3699 et
2465 3658 2585 3713 qure
2634 3643 2798 3713 leprae
2840 3643 3090 3708 diversae,
3119 3652 3175 3696 et
3217 3657 3338 3713 quae
3388 3639 3633 3724 purgatio
3659 3637 3718 3691 sit

2155 3752 2341 3791 eorum
2375 3737 2465 3806 qui
2499 3737 2725 3793 seminis
2754 3734 3080 3806 profluvium
3115 3736 3422 3807 patiuntur,
3454 3717 3716 3796 advertet;

2155 3841 2208 3885 et
2239 3837 2497 3902 agnoscet
2523 3844 2739 3900 quoque
2768 3843 2889 3898 quae
2920 3839 2976 3884 et
3003 3838 3218 3898 quanta:
3244 3828 3545 3897 qualesque
3565 3826 3718 3879 virtu-

2157 3933 2237 3978 tes
2289 3923 2397 3978 sint
2453 3922 2628 3988 boum,
2661 3935 2889 3992 quaeque
2941 3920 3301 3976 nihilominus
3343 3917 3720 3981 contrarim,et

2153 4016 2242 4085 qui
2275 4016 2359 4071 vel
2393 4015 2500 4070 illis
2533 4013 2759 4069 affectus
2785 4014 2858 4068 sit
2882 4013 3216 4080 hominibus,
3240 4012 3323 4068 vel
3360 4013 3719 4068 istis’conten-

2156 4107 2292 4162 tiosa
2343 4107 2641 4162 annulatio.
2688 4105 2996 4160 Intuebitur
3048 4119 3262 4174 quoque
3311 4119 3435 4174 qua:
3483 4103 3553 4159 sit
3594 4099 3717 4157 ratio

2155 4199 2485 4261 animarum,
2516 4210 2706 4266 quaeve
2731 4196 3022 4251 diversitas
3053 4195 3392 4262 animalium,
3419 4194 3502 4249 vel
3545 4205 3716 4248 eorum

2153 4303 2275 4358 quae
2303 4290 2355 4343 in
2377 4289 2538 4357 aquis
2567 4289 2777 4350 vivunt,
2807 4285 2891 4341 vel
2913 4287 3119 4351 avium,
3141 4285 3224 4340 vel
3253 4285 3520 4352 ferarum,
3539 4268 3718 4354 quidve

2154 4384 2224 4437 sit
2251 4383 2392 4452 quod
2447 4384 2498 4437 in
2551 4391 2658 4436 tam
2694 4381 2898 4436 multas
2926 4381 3133 4451 species
3162 4381 3375 4451 singula
3408 4393 3606 4451 genera
3634 4377 3717 4432 de-

2153 4475 2446 4540 ducuntur,
2495 4474 2588 4543 qui
2628 4473 2905 4529 Creatoris
2957 4483 3293 4544 prospectus,
3344 4473 3431 4527 vel
3470 4473 3590 4542 quis
3633 4485 3717 4539 per

468 4571 647 4618 tamen
702 4563 806 4618 hoc
858 4562 1033 4632 ipsum
1089 4567 1232 4633 quod
1273 4563 1487 4619 animos
1525 4579 1652 4620 suos
1704 4575 2046 4635 mentemque
2078 4590 2125 4650 ι)
2155 4568 2268 4622 haec
2321 4567 2534 4638 singula
2585 4567 2867 4636 sapientia;
2909 4555 3027 4638 ejus
3057 4568 3256 4639 tegitur
3283 4581 3500 4622 sensus.
3538 4566 3639 4622 Sed
3670 4575 3718 4620 et

465 4670 591 4726 erga
635 4655 749 4709 haec
792 4665 1082 4723 occupant,
1110 4664 1272 4725 atque
1305 4657 1356 4709 in
1401 4657 1502 4710 hac
1531 4660 1855 4726 semetipsos
1890 4659 2041 4728 cupi-

465 4747 636 4800 ditate
677 4749 1041 4815 preveniunt,
1073 4747 1299 4803 multum
1352 4747 1602 4803 utilitatis
1651 4749 1928 4818 accipiunt
1975 4766 2042 4804 ex

463 4836 565 4893 hoc
599 4837 716 4905 ipso
749 4839 892 4905 quod
928 4837 1142 4892 animos
1167 4851 1294 4892 suos
1327 4837 1394 4891 ad
1427 4837 1766 4906 inquirenda:
1798 4838 2044 4894 veritatis

459 4928 704 4985 studium
757 4943 1108 4998 amoremque
1144 4937 1489 4993 convertunt,
1529 4939 1583 4983 ct
1616 4929 1919 4999 paratiores
1946 4945 2040 4984 eos

536 5018 578 5050 ”
621 5015 780 5072 Deut.
819 5019 1018 5082 vm,3.
1099 5018 1140 5048 ³⁸
1183 5019 1312 5073 Luc.
1345 5035 1460 5086 xtx,
1493 5019 1586 5073 26.

531 5107 646 5232 (77?
690 5108 773 5162 Ea:
796 5108 893 5162 hac
923 5110 1024 5163 rita
1070 5111 1243 5165 minus
1281 5114 1544 5167 eruditus.
1579 5111 1670 5167 Sic
1703 5128 1832 5168 mss.
1862 5116 2032 5183 Alias,

531 5195 584 5232 ex
642 5195 724 5232 IOC
750 5181 930 5232 minus
953 5181 1226 5232 eruditus-
1268 5201 1286 5232 ι

468 5199 484 5232 t
522 5195 584 5232 ex
623 5181 724 5232 hoc
750 5181 930 5233 tttitttts
953 5181 1226 5238 eruditus.
1268 5201 1286 5234 ι

532 5249 644 5317 (78)
683 5250 732 5303 In
755 5251 1034 5317 prioribus
1057 5252 1387 5307 editionihtts
1410 5251 1585 5318 deest,
1618 5271 1637 5304 t
1675 5253 1729 5306 id
1760 5263 1842 5309 est
1866 5253 1944 5318 ;ἰ
1986 5266 2044 5311 et

458 5335 610 5394 ιιι-ολ
653 5319 866 5394 edoceri
901 5339 919 5370 ι
947 5319 1140 5394 legitur
1177 5339 1195 5372 ι
1233 5323 1437 5394 doceri.
1473 5342 1492 5375 ι
1600 5387 1618 5394 _

527 5390 640 5528 (79)
683 5390 775 5445 Sic
805 5406 935 5444 mss.
971 5392 1140 5456 Alias,
1193 5410 1210 5443 ι
1246 5390 1638 5463 docent’atque
1676 5396 1970 5451 instruunt.
2013 5407 2034 5448 δ

555 5461 645 5526 80)
689 5460 845 5522 Mss.,
881 5479 899 5510 t
939 5461 1179 5516 demum.
1220 5481 1244 5512 ι·
1276 5463 1440 5523 Editi,
1481 5481 1499 5513 t
1539 5465 1752 5521 deinde.
1798 5486 1815 5518 ι

555 5461 645 5526 80)
689 5460 845 5522 Mss.,
881 5479 899 5510 t
939 5461 1179 5516 demum.
1220 5481 1244 5512 ι·
1276 5463 1440 5523 Editi,
1481 5481 1499 5513 t
1539 5460 1752 5521 deinde.
1798 5486 1815 5518 ι

527 5529 638 5601 (81)
683 5530 774 5584 Sic
801 5547 932 5584 mss.
963 5531 1131 5600 Alias,
1160 5550 1177 5583 t
1198 5534 1263 5587 ad
1291 5533 1465 5586 visum
1496 5542 1550 5589 et
1569 5550 1769 5605 corpus
1797 5545 2037 5592 nostrum

457 5616 662 5664 escam,
699 5620 718 5653 ι
753 5609 865 5656 etc.

529 5669 640 5745 (δὲ)
684 5672 737 5724 In
774 5673 1120 5745 anteaeditis
1145 5688 1242 5741 pro
1271 5692 1289 5725 ‹
1313 5673 1419 5729 Deo
1451 5693 1470 5726 ι
1501 5674 1696 5745 legitur
1725 5693 1743 5727 t
1789 5686 2032 5743 nostro,»

455 5747 510 5794 et
543 5742 693 5795 deest
731 5761 749 5792 ι
793 5743 956 5797 menti
982 5753 1180 5798 nostrze
1242 5763 1257 5799 ι

679 5811 832 5887 Iussu
865 5830 882 5863 t
919 5815 1212 5887 religiosis.
1249 5833 1264 5866 ι
1296 5814 1456 5887 Libb.
1486 5815 1639 5880 editi,
1672 5833 1691 5867 ι
1729 5815 2031 5887 religioni»

525 5882 638 5954 (8t)
679 5882 839 5940 Libb.
865 5882 1060 5952 etliti,’t
1087 5885 1130 5942 si
1167 5894 1292 5941 ante
1321 5885 1513 5944 forma:
1541 5882 1864 5943 lineamenta
1891 5888 2034 5943 tenui

2153 4667 2409 4728 agnoscet
2443 4673 2548 4728 qua
2589 4658 2797 4712 ratione
2832 4657 3103 4712 radicibus
3126 4659 3454 4728 quibusdam
3491 4659 3577 4712 vel
3607 4658 3718 4711 her-

2153 4748 2238 4802 bis
2277 4749 2622 4802 associantur
2647 4749 2895 4816 qutedant
2931 4747 3184 4811 virtutes,
3219 4753 3275 4800 et
3320 4747 3443 4802 aliis
3484 4754 3719 4802 econtra-

2153 4841 2235 4894 rio
2285 4839 2466 4894 herbis
2532 4838 2613 4894 vel
2668 4838 2943 4893 radicibus
2995 4837 3368 4906 depelluntur;
3421 4851 3544 4906 quae
3590 4834 3716 4889 ratio

2149 4941 2518 5002 apostatarum
2570 4931 2910 5001 angelorum,
2935 4945 3122 5002 quaeve
3158 4945 3324 4986 causa
3356 4931 3502 5002 quod
3537 4930 3604 4986 iis
3635 4926 3714 4998 qui

1663 5021 1708 5051 ιν
1739 5019 1974 5091 Philipp.
2008 5038 2046 5086 I,
2077 5021 2168 5076 es.

2152 5117 2276 5188 styli
2309 5116 2728 5172 adumbratione
2770 5117 3036 5189 designet.
3076 5137 3094 5170 ι
3132 5116 3240 5175 Sed
3280 5131 3472 5174 omnes
3505 5132 3635 5174 mss.
3665 5124 3716 5170 ut

2151 5190 2205 5242 in
2242 5199 2430 5242 nostro
2467 5197 2636 5242 textu.
2755 5210 2763 5222 -

2221 5259 2334 5382 (85)
2381 5257 2533 5313 Libb.
2569 5258 2722 5350 editi,
2775 5276 2793 5309 ι
2841 5258 2981 5313 sicut
3026 5259 3184 5314 modo
3215 5257 3560 5315 adumbratio
3609 5257 3714 5328 ipsa

2244 5339 2455 5382 ortnata
2499 5327 2661 5382 slvlo.
2689 5347 2706 5377 ι
2736 5340 2840 5382 etc.

2150 5326 2455 5383 deformata
2499 5327 2706 5398 sty‘loLr
2736 5340 2840 5383 etc.

2224 5399 2333 5470 (86)
2377 5399 2466 5452 Sic
2502 5395 2644 5470 ittss.
2672 5397 2826 5452 Libb.
2864 5398 3022 5462 editi,
3059 5417 3079 5450 α
3113 5397 3208 5468 qui
3234 5397 3344 5454 sint
3377 5399 3607 5469 spiritus
3632 5395 3714 5466 qui

2147 5469 2455 5537 operentur,
2479 5469 2570 5537 qui
2605 5469 2733 5529 sint,
2772 5471 2931 5537 quive
2962 5470 3172 5523 vitales.
3204 5488 3222 5521 ι

2221 5539 2331 5611 (87)
2373 5538 2446 5592 Ita
2479 5555 2610 5592 mss.
2639 5539 2808 5611 Alias,
2843 5539 3083 5611 rformte
3114 5549 3273 5594 erant
3315 5555 3329 5591 :
3366 5539 3476 5593 imo
3521 5537 3714 5611 sentiet

2149 5607 2502 5664 nihilominus
2535 5625 2655 5678 qua:
2672 5610 2742 5662 sit
2770 5610 2973 5680 veritas
3003 5611 3350 5680 jnbiltcoruut
3383 5620 3436 5664 et
3463 5607 3714 5680 septima-

2147 5695 2344 5734 narum
2392 5676 2679 5733 annorum.
2719 5698 2738 5731 ι
2773 5678 2940 5734 Pattlo
2987 5676 3108 5750 post
3156 5681 3294 5734 infra
3337 5694 3493 5744 mss.,
3530 5676 3713 5750 [Quae

2145 5760 2201 5805 et
2251 5760 2468 5820 quanta:
2519 5751 2820 5819 qualesque
2865 5747 3092 5807 virtutes
3139 5752 3250 5804 sint
3287 5752 3520 5820 bonaeat
3559 5747 3709 5801 Libb.

2145 5819 2279 5878 editi
2321 5820 2494 5877 solum
2545 5820 2766 5890 habent,
2799 5839 2818 5873 ι
2855 5824 3044 5892 quales
3084 5823 3314 5878 virtutes
3345 5821 3452 5878 sint
3483 5819 3658 5877 boote.
3685 5831 3708 5871 ι
