3880 6566
112 372 203 432 ᾖξε
1386 353 1595 413 LIBER
1633 352 2017 411 SECUNDUS.

3233 347 3339 403 246

113 510 191 551 cos
217 505 313 546 non
345 496 451 544 tota
482 486 587 541 fide
620 483 1073 553 contempserint,
1101 480 1187 535 vel
1226 478 1433 534 adulari
1467 479 1520 531 in
1559 476 1657 531 ali-
1687 478 1733 536 Α
1762 463 1936 529 sancti
1993 471 2193 542 quique
2242 467 2588 524 discedentes
2648 467 2714 522 de
2763 465 2868 522 hac
2919 463 3025 519 vita
3061 478 3344 534 permane-

113 584 279 655 quibus
310 585 530 649 possunt
564 575 702 646 (88),
734 573 816 629 vel
843 572 1047 628 erroris
1079 585 1243 626 causa
1274 569 1432 640 106
1459 584 1521 623 ac
1556 568 1649 622 de-

112 672 346 745 ceptionis
376 670 662 724 exsistere.
710 665 814 722 Sed
849 675 903 719 et
938 668 1003 720 de
1041 664 1267 733 singulis
1299 662 1493 716 divina:
1530 674 1655 729 pro-

114 766 329 821 videntia:
360 760 623 832 judicium
653 760 845 823 discet,
890 759 955 812 de
1001 758 1085 812 his
1120 771 1241 826 quae
1276 754 1529 809 accidunt
1560 752 1655 807 ho-

120 858 340 920 minibus,
370 855 514 924 quod
562 868 667 908 non
716 852 940 906 fortuito
971 850 1055 904 vel
1100 865 1227 904 casu
1254 847 1529 909 accidunt,
1560 847 1653 900 sed

116 955 294 1009 ratione
324 952 555 1021 quadam
590 959 696 1004 tam
729 944 1060 1008 examinata,
1090 951 1199 996 tam
1237 940 1425 1001 ardua,
1450 946 1509 991 ut
1533 952 1651 990 eam

112 1062 203 1101 non
231 1045 389 1100 solum
420 1052 757 1105 sanctormn,
786 1037 889 1103 sed,
915 1036 1162 1091 fortassis
1193 1032 1436 1087 omnium
1478 1029 1653 1084 homi-

111 1156 242 1203 num,
290 1152 352 1191 ne
400 1150 663 1189 numerus
715 1132 933 1201 quidem
982 1134 1273 1197 prmtereat
1309 1120 1649 1192 capillorum,

109 1230 239 1298 cujus
266 1226 612 1298 providentia:
654 1226 796 1279 ratio
830 1222 1160 1292 perducatur
1204 1230 1374 1286 usque
1417 1216 1483 1269 ad
1519 1215 1653 1269 duos

110 1335 325 1392 passeres
349 1320 439 1390 qui
475 1317 700 1373 denario
733 1315 1134 1375 distrahuntur,
1168 1312 1280 1364 sive
1309 1308 1651 1378 spiritaliter,

106 1419 205 1473 sive
222 1415 373 1470 etiam
397 1411 702 1466 secundum
732 1409 967 1462 litteram
997 1408 1307 1479 passeribus
1337 1401 1647 1465 intellec1is.

106 1510 233 1563 b'ttuc
260 1506 395 1561 enim
419 1504 601 1558 adhuc
636 1503 851 1555 interim
887 1502 1171 1570 qumritur,
1208 1509 1335 1551 tunc
1364 1508 1543 1548 autem
1577 1493 1649 1546 ibi

102 1603 192 1668 jam
239 1598 515 1653 manifeste
561 1596 834 1650 videbitur
868 1592 1002 1667 (89).
1040 1594 1114 1646 Ex
1159 1592 1357 1661 quibus
1399 1586 1652 1642 omnibus

105 1690 369 1759 putandum
420 1697 526 1752 est,
555 1686 698 1755 quod
744 1686 961 1738 interim
1007 1700 1113 1738 non
1164 1696 1351 1752 parum
1393 1677 1653 1747 temporis

107 1788 314 1833 transeat
346 1793 633 1847 usquequo
671 1793 860 1831 eorum
917 1773 1295 1829 tantummodo
1336 1788 1454 1839 qua:
1488 1782 1652 1837 super

1760 569 1895 623 bunt
1923 566 2033 641 (95)
2062 567 2114 620 in
2142 566 2260 621 loco
2288 565 2472 636 aliquo
2501 566 2552 618 in
2586 573 2729 618 terra
2763 562 2959 631 posito,
2992 578 3150 632 quem
3182 577 3345 632 para-

1763 660 1935 713 disum
1976 657 2105 711 dicit
2132 655 2414 725 Scriptura
2450 657 2657 721 divina,
2699 656 2846 711 velut
2874 656 2925 709 in
2953 656 3183 725 quodam
3216 671 3344 709 eru-

1762 750 1987 807 ditionis
2012 750 2151 815 loco,
2179 758 2253 818 et,
2285 760 2342 805 ttt
2367 750 2437 804 ita
2464 751 2718 817 dixerim,
2745 749 3015 804 auditorio
3041 750 3123 803 vel
3157 749 3342 804 schola

1762 844 2065 898 animarum
2102 843 2154 895 in
2201 856 2310 911 quo
2356 842 2421 895 de
2450 845 2702 899 omnibus
2731 844 2815 898 his
2845 859 2961 911 qua:
2993 844 3043 897 in
3073 844 3235 899 terris
3268 844 3345 895 vi-

1762 936 1972 999 derant,
2004 935 2330 999 doceantur,
2355 935 2550 989 indicia
2582 934 2692 1007 (91)
2726 950 2939 1005 quoque
2974 936 3219 1004 qutedam
3254 951 3346 988 ac-

1762 1029 1966 1098 cipiant
1994 1027 2156 1080 etiam
2189 1025 2255 1081 de
2285 1028 2745 1096 consequentibus
2774 1036 2827 1080 et
2861 1028 3073 1088 futuris.
3108 1028 3250 1081 sicut
3288 1028 3349 1081 in

1762 1120 1865 1175 hac
1892 1136 2107 1190 quoque
2143 1122 2245 1175 vita
2281 1119 2439 1189 positi
2479 1118 2678 1172 indicia
2714 1116 2824 1188 (95)
2852 1119 3098 1186 quaedam
3135 1116 3345 1172 futuro-

1761 1228 1902 1277 rum,
1934 1213 2057 1267 licet
2083 1228 2175 1281 per
2203 1212 2479 1281 speculum
2513 1219 2566 1264 et
2592 1210 2902 1279 aenigmata,
2937 1220 3114 1263 tamen
3148 1226 3215 1264 ex
3245 1210 3345 1263 alio

1761 1320 1864 1373 qua
1902 1312 2054 1373 parte
2082 1312 2469 1373 conceperant,
2502 1316 2623 1371 quae
2654 1300 2997 1355 manifestius
3027 1310 3081 1355 et
3110 1301 3341 1357 lucidius

1763 1396 1971 1450 sanctis
2002 1396 2053 1450 in
2084 1396 2198 1449 suis
2229 1403 2282 1450 et
2324 1394 2460 1450 locis
2506 1403 2560 1448 et
2609 1394 2949 1464 temporibus
3003 1393 3338 1449 revelantur.

1762 1486 1818 1541 Si
1854 1487 1975 1555 quis
2023 1500 2156 1540 sane
2203 1485 2437 1539 mundus
2479 1485 2665 1548 corde,
2706 1494 2761 1538 et
2804 1485 2987 1553 purior
3022 1495 3203 1538 mente
3229 1527 3245 1552 ,
3288 1496 3343 1539 et

1760 1578 2121 1632 exercitatior
2160 1592 2323 1632 sensu
2363 1577 2562 1639 fuerit,
2606 1577 2845 1631 velocius
2876 1578 3190 1647 proliciens,
3231 1578 3342 1633 cito

1761 1668 1826 1720 ad
1855 1667 1999 1721 aeris
2028 1667 2207 1721 locum
2234 1668 2518 1729 ascendet,
2550 1675 2605 1720 et
2633 1666 2697 1719 ad
2728 1669 2991 1724 caelorum
3024 1684 3191 1740 regna
3219 1683 3345 1738 per-

1760 1760 1946 1814 veniet
1979 1774 2077 1828 per
2114 1758 2363 1815 locorum
2420 1761 2786 1831 singulorum,
2843 1771 2900 1815 ut
2956 1762 3029 1815 ita
3084 1761 3339 1828 dixerim,

108 1882 277 1924 terram
310 1880 436 1923 sunt
461 1871 600 1923 ratio
630 1875 749 1936 post
774 1868 897 1921 vita:
926 1869 1240 1920 abscessum
1271 1862 1447 1932 dignis
1472 1869 1525 1913 et
1558 1861 1652 1913 be-

1769 1850 2103 1915 mansiones;
2154 1864 2289 1918 quas
2339 1850 2514 1906 Graeci
2567 1854 2780 1921 quidem
2836 1854 3103 1921 sphaeras,
3156 1854 3209 1909 id
3258 1864 3343 1908 est

107 1959 350 2014 uemeritis
382 1961 729 2021 ostendatur,
758 1967 819 2012 ut
867 1973 964 2026 per
998 1972 1187 2011 eorum
1224 1955 1464 2010 omnium
1505 1953 1657 2024 agni-

105 2052 272 2104 tionem
322 2060 377 2105 et
423 2051 603 2120 plenae
645 2050 894 2105 scientiae
925 2049 1181 2119 gratiam,
1218 2046 1403 2101 laetitia
1442 2048 1659 2099 inenar-

74 2138 232 2191 .rabili
265 2138 635 2204 perfruantur.
666 2138 802 2193 Tum
842 2139 1036 2192 deinde
1083 2140 1125 2192 si
1167 2153 1260 2191 aer
1299 2136 1403 2191 iste
1445 2135 1535 2205 qui
1575 2135 1661 2187 in-

108 2242 173 2283 ter
210 2231 400 2284 caelum
447 2242 501 2285 et
549 2242 754 2286 terram
800 2242 903 2299 est,
942 2248 1049 2285 non
1090 2238 1172 2285 est
1205 2244 1409 2284 vacuus
1440 2230 1507 2282 ab
1538 2227 1656 2281 ani-

104 2321 363 2387 ulantibus,
401 2331 455 2375 et
504 2322 875 2377 animantibus
926 2320 1366 2381 rationabilibus.
1418 2320 1562 2373 sicut
1606 2328 1660 2375 et

101 2412 363 2479 Apostolus
394 2413 535 2467 dixit
570 2434 581 2468 :
625 2433 643 2465 ι
672 2413 728 2468 1η
770 2415 967 2483 quibus
1016 2413 1309 2483 aliquando
1340 2412 1657 2467 ambulastis

103 2506 365 2559 secundum
398 2507 663 2561 Steculutn
714 2508 894 2560 mundi
922 2506 1102 2573 hujus,
1127 2507 1423 2560 secundum
1456 2506 1654 2575 princi-

104 2610 201 2663 pem
245 2597 525 2664 potestatis
572 2597 718 2651 aeris
762 2597 919 2665 hujus
954 2594 1069 2665 (90)
1107 2595 1333 2665 spiritus
1376 2596 1468 2665 qui
1514 2611 1657 2649 nunc

103 2696 328 2754 cperatur
377 2687 431 2740 in
480 2687 608 2742 filiis
666 2686 1070 2748 difﬁdentiae”;
1106 2706 1124 2739 ι
1181 2697 1232 2742 et
1284 2688 1480 2741 iterum
1538 2688 1655 2740 ait:

107 2778 423 2848 tRapiemur
454 2780 517 2833 in
560 2780 798 2834 nubibus
828 2781 1045 2834 obviam
1071 2781 1290 2836 Christo
1324 2781 1378 2834 in
1414 2794 1565 2840 aera.
1605 2787 1658 2834 et

105 2873 159 2924 ita
185 2884 389 2940 semper
414 2887 543 2927 cum
573 2872 803 2927 Domino
834 2874 1122 2928 erimus“.
1155 2893 1173 2925 ι

157 2963 202 3015 6.
238 2962 377 3033 (90')
413 2962 723 3019 Putandum
771 2974 853 3021 est
898 2966 1066 3035 igitur
1103 2966 1245 3034 quod
1273 2965 1454 3021 tandiu
1483 2965 1655 3019 sancti

104 3056 161 3109 ibi
189 3067 561 3125 permaneant,
587 3073 868 3127 usquequo
893 3059 1177 3128 utriusque
1211 3059 1355 3113 modi
1388 3061 1655 3114 rationem

104 3148 502 3218 dispensationis
534 3165 723 3204 eorum
750 3167 871 3220 qua}
915 3153 969 3206 in
1004 3166 1130 3207 aere
1156 3160 1456 3220 geruntur,
1489 3168 1655 3221 agno-

1761 1943 1949 2014 globos
1980 1943 2413 2012 appellaverunt,
2448 1944 2737 2013 Scriptura
2780 1959 2908 1998 vero
2944 1944 3126 2001 divina
3172 1945 3343 2000 caelos

1762 2034 2051 2101 nominat;
2078 2034 2130 2086 in
2171 2034 2372 2103 quibus
2400 2034 2628 2105 singulis
2656 2034 2833 2103 primo
2880 2035 3099 2104 quidem
3132 2036 3344 2104 perspi-

1760 2125 1869 2179 ciet
1895 2140 1960 2179 ea
2000 2140 2122 2195 quae
2173 2125 2245 2178 ibi
2280 2134 2568 2195 geruntur,
2620 2126 2859 2180 secundo
2897 2141 3025 2180 vero
3058 2127 3222 2181 etiam
3258 2142 3343 2182 ra-

1767 2217 1972 2270 tionem
2003 2231 2171 2285 quare
2200 2226 2461 2286 gerantur
2482 2226 2765 2288 agnoscet;
2798 2226 2853 2272 et
2880 2216 2953 2271 ita
2978 2233 3072 2287 per
3089 2219 3340 2274 ordinem

1762 2307 2101 2378 digredietur
2139 2308 2252 2380 (96)
2285 2309 2524 2379 singula,
2575 2325 2813 2379 sequens
2846 2325 2969 2364 eum
3017 2310 3109 2381 qui
3156 2319 3338 2364 trans-

1762 2413 1978 2465 gressus
2029 2408 2115 2452 est
2179 2398 2348 2453 caelos
2385 2398 2569 2453 Iesum
2607 2399 2806 2453 Filium
2861 2400 2953 2454 Dei
3013 2400 3339 2455 dicentem:

1768 2506 1786 2538 ι
1824 2487 1953 2543 Volo
2014 2499 2072 2543 ut
2108 2491 2196 2543 ubi
2238 2506 2357 2544 sum
2407 2507 2529 2561 ego,
2568 2500 2620 2545 et
2676 2491 2761 2545 isti
2810 2492 2919 2545 sint
2967 2506 3178 2546 mecum
3208 2493 3272 2544 ".
3315 2511 3333 2543 ο

1762 2579 1869 2635 Sed
1902 2590 1955 2634 et
1988 2582 2055 2635 de
2102 2582 2187 2637 his
2228 2582 2473 2638 locormn
2513 2582 2920 2639 diversitatibus
2960 2583 3168 2639 indicat
3215 2598 3342 2638 cum

1762 2672 1894 2725 dicit
1944 2689 1958 2726 :
2019 2690 2037 2723 ι
2104 2671 2289 2728 Multa:
2354 2675 2665 2729 mansiones
2731 2683 2862 2729 sunt
2920 2676 3059 2745 apud
3117 2675 3335 2731 Patrem

1763 2777 1941 2815 meum
1962 2764 2029 2817 ’³.
2056 2783 2074 2815 ι
2097 2762 2217 2833 Ipse
2250 2774 2426 2819 tamen
2463 2765 2660 2835 ubique
2690 2776 2795 2828 est,
2832 2775 2887 2819 et
2919 2767 3171 2821 Universa
3215 2780 3341 2835 per-

1764 2855 1954 2907 currit.
1981 2854 2089 2907 Nec
2121 2855 2261 2909 ultra
2292 2856 2655 2926 intelligamus
2680 2874 2801 2911 eum
2828 2859 2878 2910 itt
2911 2872 2972 2912 ea
3004 2857 3114 2928 (97)
3138 2860 3341 2930 exigui-

1766 2955 1874 2996 tate
1906 2946 1956 2998 in
1992 2962 2098 3015 qua
2133 2947 2289 3002 nobis
2316 2958 2537 3017 prepter
2569 2962 2669 3001 nos
2707 2946 2933 3002 effectus
2980 2960 3101 3009 est;
3138 2948 3192 3001 id
3235 2957 3337 3015 est,

1764 3050 1869 3087 non
1914 3034 2001 3087 illa
2045 3036 2555 3105 circumscriptione
2583 3051 2746 3105 quam
2796 3038 2849 3090 in
2893 3045 3081 3092 nostro
3104 3052 3340 3109 corpore

1764 3126 1816 3179 in
1848 3127 2008 3179 terris
2038 3128 2244 3195 positus
2270 3127 2413 3181 inter
2443 3128 2691 3183 homines
2722 3129 2931 3193 habuit,
2965 3146 3075 3201 quo
3107 3132 3260 3187 velut
3285 3132 3339 3187 in

110 3198 499 3218 —~.----—-------
538 3198 722 3204 -ν---η
752 3198 871 3220 -ι--σ
1005 3198 1128 3207 --η
1156 3198 1456 3220 anu-mu.
1490 3198 1626 3221 τεν-ν

104 3252 246 3297 sunt.
280 3241 435 3309 Quod
481 3253 666 3298 autem
699 3243 811 3298 dixi
846 3245 1132 3315 utriusque
1168 3246 1338 3309 modi,
1374 3245 1477 3299 hoc
1523 3258 1603 3299 ρει
1636 3263 1648 3297 :

1769 3233 1870 3271 uno
1904 3217 2084 3287 aliquo
2116 3218 2515 3288 circumseptus
2543 3219 2662 3276 loco
2692 3230 2932 3289 putetur.

104 3333 222 3387 verbi
258 3334 457 3403 gratia,
502 3349 626 3388 cum
672 3336 725 3389 in
772 3337 930 3391 terris
972 3351 1242 3402 essemus,
1280 3336 1514 3390 vidimus
1566 3335 1653 3392 vel

106 3426 340 3492 animalia,
375 3428 464 3482 vel
510 3427 758 3493 arbores,
786 3439 841 3483 et
894 3427 1233 3485 differentias
1281 3445 1472 3484 eorum
1529 3446 1654 3499 pro-

104 3518 369 3586 speximus,
407 3517 508 3575 sed
541 3528 596 3573 et
629 3518 1004 3574 diversitatem
1057 3519 1521 3590 quamplurimam
1576 3523 1655 3576 in-

108 3618 170 3660 ter
188 3609 464 3675 homines;
499 3625 689 3665 verunt
716 3612 962 3666 videntes
992 3611 1130 3677 haec,
1165 3612 1432 3668 rationem
1465 3628 1654 3670 eorum

107 3713 189 3752 non
235 3701 624 3768 intelleximus,
661 3704 756 3757 sed
802 3704 906 3757 hoc
952 3702 1107 3757 nobis
1152 3713 1356 3759 tantum
1419 3719 1485 3758 ex
1538 3707 1652 3774 ipsa

108 3806 235 3855 quam
267 3792 507 3847 vidimus
536 3793 853 3849 diversitate
879 3805 1189 3867 suggestum
1213 3807 1316 3861 est,
1340 3805 1396 3850 ut
1424 3798 1660 3866 inquira-

108 3895 201 3934 ntus
245 3894 294 3937 et
342 3895 765 3953 'perscrutemur
796 3902 900 3956 qua
952 3889 1162 3943 ratione
1212 3891 1312 3944 ista
1353 3889 1536 3943 omnia
1570 3890 1655 3944 vel

110 3972 281 4030 diversa
327 3976 539 4031 fuerint
587 3989 791 4044 creata,
829 3980 911 4034 vel
963 3983 1109 4035 varie
1154 3982 1560 4050 dispensentur,
1602 3991 1656 4035 et

109 4075 333 4136 concepto
380 4067 433 4121 in
485 4071 649 4125 terris
682 4070 1058 4139 hujuscemodi
1088 4072 1386 4143 agnitionis
1425 4072 1537 4145 (91)
1573 4075 1656 4128 vel

109 4159 272 4222 studio,
298 4160 383 4213 vel
413 4176 627 4225 amore,
664 4162 884 4217 dabitur
917 4163 1073 4219 nobis
1107 4175 1230 4233 post
1264 4166 1465 4219 exitum
1492 4167 1657 4221 etiam

111 4251 308 4317 cognitio
337 4252 458 4321 ejus
489 4264 542 4307 et
574 4253 962 4323 intelligentia;
1000 4254 1042 4309 si
1072 4265 1251 4310 tamen
1282 4271 1372 4311 res
1399 4259 1659 4326 procedat

112 4354 161 4390 ex
189 4353 316 4395 voto.
350 4343 489 4397 Cum
520 4360 653 4414 ergo
686 4346 1266 4414 corttpreltenderitnus
1296 4349 1505 4419 integre
1544 4348 1658 4420 ejus

114 4429 357 4498 rationem,
406 4445 534 4490 tunc
570 4445 799 4505 utroque
844 4438 1005 4491 modo
1037 4440 1564 4509 catttprehendemus
1593 4456 1659 4497 ea

1835 3336 1883 3391 7.
1914 3337 2049 3391 Cum
2076 3351 2209 3407 ergo
2246 3336 2379 3407 (98),
2415 3336 2565 3390 verbi
2597 3335 2794 3405 gratia,
2833 3335 2899 3389 ad
2929 3334 3177 3391 cmlestia
3217 3337 3341 3392 loca

1764 3431 2113 3498 pervenerint
2167 3431 2362 3493 sancti,
2410 3438 2536 3483 tunc
2587 3431 2701 3499 jam
2738 3429 3009 3482 rationem
3062 3439 3337 3483 astrorum

1764 3536 1858 3589 per
1878 3521 2089 3590 singula
2116 3522 2496 3589 pervidebunt,
2516 3530 2570 3575 et
2596 3522 2709 3576 sive
2733 3520 3027 3574 animantia
3058 3530 3205 3585 sunt,
3227 3521 3343 3575 sive

1764 3612 2025 3681 quidquid
2062 3611 2192 3666 illud
2224 3622 2332 3677 est,
2357 3612 2849 3681 comprehendent.
2881 3612 2987 3666 Sed
3021 3621 3074 3666 et
3097 3612 3232 3667 alias
3256 3628 3345 3665 ras

1764 3705 1941 3760 tiones
1964 3718 2187 3774 Operum
2218 3704 2311 3758 Dei
2347 3720 2483 3774 quas
2515 3705 2599 3759 eis
2649 3705 2771 3771 ipse
2815 3704 3099 3770 revelabit,
3143 3705 3349 3759 intelli-

1763 3804 1912 3867 gent.
1957 3795 2073 3850 Jam
2117 3796 2263 3851 enim
2312 3805 2569 3865 tanquam
2626 3784 2773 3851 filiis;
2803 3811 2984 3849 rerum
3020 3811 3237 3861 causas,
3287 3806 3343 3852 et

1762 3888 2018 3942 virtutem
2060 3902 2172 3942 suae
2221 3888 2547 3942 conditionis
2585 3889 2866 3953 ostendet;
2895 3900 2953 3943 et
2992 3889 3204 3943 docebit
3243 3903 3349 3944 eos

1764 3994 1934 4049 quare
1954 3978 2043 4033 illa
2069 3978 2224 4033 stella
2257 3979 2307 4032 in
2341 3978 2431 4033 illo
2462 3979 2582 4033 loco
2610 3979 2735 4034 cmli
2769 3980 2943 4049 posita
2972 3988 3341 4049 est.etqnare

1764 4070 1832 4123 ab
1874 4069 1979 4123 alia
2034 4080 2184 4125 tanto
2223 4069 2513 4124 dirimente
2566 4070 2745 4139 spatio
2803 4080 3132 4139 separatur;
3189 4070 3339 4125 verbi

1764 4165 1960 4233 gratia,
1990 4164 2032 4216 si
2056 4163 2413 4231 propinquior
2441 4161 2656 4227 fuisset,
2680 4163 2808 4232 quid
2844 4176 2911 4216 ex
2939 4164 3040 4216 hor.
3077 4170 3221 4217 esset
3256 4162 3342 4217 fu-

1768 4263 1984 4320 turum;
2022 4256 2065 4309 si
2099 4271 2227 4310 vero
2257 4256 2488 4326 longius,
2521 4255 2648 4324 quid
2686 4255 2990 4320 accideret;
3023 4264 3115 4308 aut
3141 4253 3187 4308 si
3220 4269 3338 4308 ma-

1759 4346 1846 4416 jor
1873 4347 2062 4402 fuisset
2090 4348 2177 4401 illa
2200 4348 2351 4402 stella
2379 4363 2541 4417 quam
2566 4347 2675 4412 illa,
2707 4347 2980 4415 quomodo
3006 4346 3198 4399 similis
3233 4360 3342 4400 non

1765 4446 2078 4494 servaretur
2105 4439 2455 4505 universitas,
2488 4441 2581 4492 sed
2617 4436 2668 4490 in
2714 4436 2874 4489 aliam
2904 4437 3193 4505 quamdam
3229 4436 3341 4489 for-

116 4533 207 4585 qute
229 4524 456 4580 vidimus
491 4541 656 4595 super
689 4538 913 4586 terram.
942 4530 1074 4584 Tale
1111 4546 1241 4602 ergo
1270 4531 1470 4600 aliquid
1495 4534 1659 4587 etiam
1692 4553 1736 4608 ι)
1768 4542 2112 4585 mameuucta
2141 4540 2495 4586 mutarentur.
2523 4532 2612 4588 Sic
2635 4548 2761 4602 ergo
2779 4533 3020 4587 decursis
3044 4529 3155 4601 (99)
3174 4529 3344 4584 omni-

116 4610 166 4663 de
189 4626 333 4669 aerea
364 4617 496 4671 sede
535 4618 825 4674 dicendum
855 4629 958 4679 est.
1001 4620 1140 4675 Puto
1186 4622 1330 4676 enim
1363 4622 1473 4693 (9:2)
1519 4625 1663 4692 quod

169 4728 208 4759 ”
242 4730 435 4800 Ephes.
469 4749 531 4799 tt,
563 4734 620 4800 9.,
654 4735 709 4791 5.
788 4736 830 4767 ²¹
866 4736 887 4787 Ι
928 4733 1091 4791 Thes.
1140 4752 1212 4805 tv,
1244 4736 1330 4791 lG.

170 4845 265 4925 (88)
300 4850 387 4925 Sic
415 4868 559 4925 mss.
587 4854 752 4917 Alias,
793 4872 811 4905 ι
854 4866 1003 4911 tanta
1050 4857 1156 4910 fide
1202 4856 1651 4925 contempserint,

120 4920 396 4995 vetuaﬁttulari
428 4924 483 4977 in
512 4924 784 4990 aliquibus
814 4940 1057 4994 possent.
1108 4945 1127 4977 ι

173 4988 265 5064 (89)
305 4991 457 5064 Lihh.
492 4988 652 5058 editi,
686 5015 703 5045 ι
740 4988 1169 5060 Subtrahuntur,
1204 4997 1317 5050 sive
1350 4995 1656 5064 spirituali~

120 5060 199 5137 let",
227 5063 330 5137 sive
353 5063 464 5137 jam
490 5066 789 5118 secnndum
822 5068 1059 5120 litteram
1106 5060 1421 5137 passeribus
1450 5067 1659 5123 intelle-

121 5129 214 5207 gis.
242 5129 383 5195 Quod
423 5137 570 5189 enim
602 5152 743 5191 nunc
770 5138 987 5190 itttt't‘ittt
1017 5129 1302 5205 qumritur,
1331 5148 1442 5189 tuttt
1474 5150 1654 5191 autem

125 5196 179 5316 ibi
201 5198 295 5316 ialm
325 5207 674 5316 ptattifestum
701 5208 997 5262 videbitur.
1032 5196 1052 5259 ἱ
1085 5207 1192 5261 Sed
1226 5196 1357 5262 mss.
1394 5218 1452 5260 ut
1478 5208 1533 5261 in
1566 5224 1658 5264 no-

130 5306 147 5316 .
171 5283 218 5316 τι)
262 5288 316 5316 ex
346 5290 397 5316 ιι,

130 5280 218 5321 ειτο
244 5281 398 5326 textu.

179 5340 274 5409 (90)
311 5344 610 5423 Secundum
631 5418 641 5423 Δ
664 5349 975 5423 principem
1001 5350 1274 5423 potestatis
1308 5350 1446 5423 aeris
1475 5349 1653 5423 hujus.

128 5403 435 5490 Mentissa
472 5426 599 5472 sunt
630 5403 683 5471 in
710 5403 871 5473 antea
894 5403 1077 5485 editis,
1107 5420 1235 5474 licet
1262 5403 1573 5475 habeantur
1601 5403 1657 5475 in

129 5482 337 5536 omnibus
359 5503 484 5540 mss.

153 5548 299 5625 _(90’)
323 5554 443 5611 Haec
474 5558 538 5610 ad
565 5560 960 5624 prteeedentem
998 5559 1263 5629 phrasim,
1287 5575 1407 5627 qua?
1430 5562 1656 5616 conclu-

132 5631 250 5702 tfone
278 5638 453 5702 carere
487 5629 718 5694 videtur,
739 5630 1018 5702 referenda
1043 5640 1190 5692 sunt,
1218 5632 1267 5683 ιιι
1299 5631 1474 5695 fallor,
1495 5633 1566 5684 ita
1598 5642 1655 5685 ut.

133 5696 437 5772 seperiotlus
458 5712 810 5772 construatur
841 5718 854 5754 :
893 5699 1025 5754 Tum
1041 5703 1289 5755 deindesi
1325 5719 1480 5758 aer...
1505 5720 1524 5768 ,'
1549 5719 1651 5772 pu-

133 5763 311 5816 tandum
333 5778 428 5830 est,
450 5779 555 5822 etc.
591 5768 749 5824 Enn.
772 5771 1012 5826 ΡΑτιιοι..

185 5829 281 5904 (9i)
317 5840 620 5907 Agnitionis.
654 5842 814 5900 Deest
842 5846 1002 5901 etiam
1032 5845 1084 5900 iu
1109 5844 1383 5916 prioribus
1410 5844 1661 5904 editioni-

1408 4737 1452 4767 “
1478 4735 1634 4791 Joan.
1668 4751 1805 4801 xvtt,
1832 4732 1923 4787 ‘24.

1771 4624 1873 4677 bus
1903 4636 2023 4690 quae
2042 4620 2096 4673 in
2118 4630 2390 4674 astrorum
2409 4624 2621 4678 ratione
2643 4634 2698 4678 et
2717 4625 2767 4677 in
2792 4624 2874 4677 his
2896 4619 3346 4676 conversionibus

2001 4731 2046 4763 ³³
2079 4730 2235 4789 Joan.
2276 4750 2385 4804 XIV,
2418 4737 2474 4794 2.

1756 4852 1879 4912 bus.
1907 4850 1999 4905 sed
2029 4852 2262 4906 habetur
2290 4855 2341 4907 in
2377 4868 2507 4909 mss.

1828 4920 1937 4995 (92)
1987 4922 2119 4995 Vide
2147 4923 2181 4977 ι.
2212 4940 2250 4978 ιι
2282 4922 2617 4995 0rigenian.,
2646 4941 2701 4995 q.
2731 4925 2819 4989 11,
2852 4940 2913 4979 n.
2942 4922 3002 4978 11
3029 4933 3084 4979 et
3114 4923 3197 4982 1‘2.

1836 4994 1947 5063 (95)
1990 4992 2064 5065 l_ta
2096 5010 2221 5047 mss.
2258 4992 2426 5059 Alias,
2465 5013 2483 5046 ι
2516 4992 2898 5065 ρῡιίιιίιιιρειιιι.
2924 5012 2943 5045 ι

1838 5065 1952 5135 (97’s)
1995 5062 2087 5135 Sic
2115 5080 2241 5118 mss.
2270 5065 2440 5129 Alias,
2478 5062 2750 5135 t'judieia.
2786 5087 2804 5118 ι

1840 5134 1952 5204 (95)
1996 5134 2089 5187 Sic
2140 5135 2331 5187 itcrtttn
2371 5150 2501 5189 tttss.
2528 5134 2735 5199 (Alias,
2790 5158 2809 5189 ι
2854 5134 3082 5205 judicia,
3121 5154 3141 5186 ι
3174 5135 3337 5191 male.

1771 5203 1972 5276 ibidem
2007 5204 2153 5276 libb.
2182 5206 2334 5269 editi,
2374 5226 2390 5256 ι
2435 5222 2531 5274 per
2565 5203 2933 5275 speculum—iu
2968 5206 3275 5276 aenigmate.
3317 5224 3341 5259 ι

1770 5272 1902 5327 Mss.
1940 5284 1995 5326 ut
2022 5274 2075 5326 itt
2102 5286 2288 5331 nostro
2321 5272 2492 5331 textu.

1766 5344 1952 5465 “15.99)
1997 5344 2148 5410 Mss,
2191 5363 2209 5395 ι
2246 5348 2568 5417 digreditur.
2611 5366 2630 5398 ι
2674 5348 2834 5403 Lihb.
2863 5346 3036 5415 editi,
3071 5365 3089 5399 t
3126 5347 3342 5415 egredi-

1791 5429 1874 5467 ur.
1912 5434 1929 5465 ι

1838 5484 1948 5565 (9Ῑ)
1993 5483 2085 5538 Sic
2119 5500 2250 5540 mss.
2282 5487 2451 5552 Alias,
2481 5505 2500 5539 ι
2538 5488 2622 5543 vel
2651 5489 2791 5543 ultra
2821 5488 3192 5557 intelligamus
3217 5503 3342 5543 eum

1765 5569 1870 5608 non
1903 5572 1956 5607 ιιι
1993 5571 2077 5616 ea,
2114 5573 2132 5606 ι
2171 5566 2279 5610 etc.

1992 5621 2127 5705 yide
2158 5625 2194 5679 ι.
2224 5643 2261 5683 ιι
2292 5625 2618 5705 Origenian.,
2643 5646 2696 5699 q.
2725 5630 2778 5705 8,
2804 5645 2951 5683 num.
2974 5630 3006 5705 l
3037 5639 3091 5705 et
3114 5631 3167 5684 5.

1838 5694 1965 5767 (99)
1993 5695 2083 5750 Sic
2116 5713 2248 5751 mss.
2304 5694 2477 5763 Alias,
2512 5719 2529 5750 ι
2569 5694 2876 5767 diversitas,
2915 5702 3008 5754 sed
3071 5701 3122 5753 iu
3178 5698 3342 5754 aliam

1770 5766 2061 5846 quamdam
2107 5767 2334 5837 fortnam
2384 5782 2581 5826 cuncta
2626 5766 3021 5837 formarentur,
3057 5772 3101 5826 si
3150 5771 3343 5827 decur-

1769 5845 1863 5906 sis,
1895 5853 1915 5891 ι
1954 5845 2061 5894 etc.
