3988 6418
520 333 625 392 247
1757 312 2083 373 ORIGENIS

2190 314 2273 368 ΞΡΙ
2307 313 2533 368 ΑΡΧΩΝ
3663 294 3765 350 238

521 471 645 530 qua:
678 454 732 509 in
777 449 912 508 cmlo
937 458 1062 505 sunt
1095 445 1460 505 continentur,
1488 438 1709 494 venient
1740 438 1906 493 etiam
1936 437 2003 492 ad
2030 451 2094 491 ea
2124 442 2170 501 Α
2200 435 2381 490 ctione
2424 432 2601 503 primo
2637 427 2727 484 illa
2760 440 2865 498 qua
2900 426 2952 480 in
2987 423 3040 478 id
3085 417 3356 530 ascendit,
3390 412 3634 530 selcundo
3664 428 3767 482 qua

524 510 645 619 qua:
672 561 776 601 non
822 542 1100 605 videntur,
1133 534 1219 591 vel
1252 533 1319 588 ad
1349 547 1409 588 ea
1444 545 1674 602 quorum
1723 530 1857 610 sola
1878 528 2097 583 nomina
2204 535 2505 599 permanet,
2533 524 2686 580 cibos
2708 521 2901 592 quibus
2930 524 3177 573 vescatur
3198 512 3401 567 habens
3428 510 3768 619 theoremata

524 599 671 695 nunc
736 633 1074 695 audivimus,
1135 635 1189 682 et
1265 625 1332 680 ad
1392 599 1717 678 invisibilia:
1760 602 1880 692 quae
1931 622 2098 675 multa
2203 628 2259 674 ct
2308 617 2613 673 intellectus
2659 627 2839 668 rerum
2886 609 3237 675 rationesque
3274 599 3771 695 cattsarnm.‘Sicut

526 730 740 800 quidem
783 739 901 779 esse
952 692 1145 775 Paulus
1176 714 1449 786 apostolus
1487 713 1713 779 docuit,‘
1742 727 1864 784 quae
1918 722 2097 766 autem
2205 711 2351 767 enim
2374 711 2427 764 in
2456 709 2558 764 hac
2579 707 2687 761 vita
2722 711 3153 789 corporanostra
3173 698 3351 798 primp
3380 696 3429 749 in
3455 692 3771 800 boc‘ipslurn

524 784 657 885 sint,
694 817 776 873 vel
835 829 999 884 quam
1051 784 1283 865 habeant
1333 805 1720 872 differentiam,
1785 819 1851 857 ne
1907 806 2099 873 exiguo
2207 802 2350 873 quod
2394 814 2577 854 sumus
2611 786 2969 865 corporaliter
3014 797 3287 853 crescunt,
3324 787 3377 840 in
3406 784 3579 853 prima
3615 788 3774 834 mtate

526 882 743 981 quidem
801 882 976 975 aliquo
1028 902 1301 958 intellectu
1356 899 1627 968 conjicere
1684 910 1972 968 possumus
2031 894 2097 947 “.
2207 896 2453 950 ciborum
2483 889 2801 947 sullicientia
2834 886 2991 941 nobis
3016 886 3407 939 incrementum
3439 882 3771 981 prmstante}

527 962 593 1058 ἐι
628 1004 700 1057 ita
740 1013 1012 1066 crescens;
1035 1012 1132 1066 per
1161 995 1276 1049 sin-
1348 991 1652 1046 HIERONYMl
1686 1004 1891 1043 \ERSIO.
1936 987 2101 1041 Cum-
2207 997 2391 1057 postea
2426 1000 2549 1038 vero
2577 996 2739 1051 quam
2769 976 3046 1034 crescendi
3069 975 3134 1028 ad
3157 984 3461 1066 mensuram
3493 964 3579 1020 sui
3616 962 3779 1016 luerit

526 1094 646 1165 gula
690 1061 1051 1147 rationabilis
1081 1095 1274 1143 natura
1347 1103 1445 1154 que
1478 1088 1529 1140 in
1559 1093 1762 1138 tantum
1805 1080 2095 1150 profeceri-
2208 1075 2417 1144 expleta
2448 1070 2772 1141 proceritas,
2812 1067 3018 1121 utimur
3049 1064 3185 1118 cibis
3211 1061 3321 1129 jam
3352 1073 3456 1159 non
3488 1066 3781 1158 incresca-

527 1156 753 1255 (“mon
772 1180 915 1237 sicut
938 1181 988 1234 in
1009 1190 1170 1232 carne
1195 1176 1276 1229 vel
1350 1195 1465 1231 mus
1505 1177 1611 1249 (2)
1665 1186 1719 1228 ut
1776 1188 2101 1241 nequaquam
2211 1182 2352 1230 mus,
2393 1164 2483 1219 sed
2527 1172 2584 1216 ut
2629 1161 2877 1215 vivamus
2918 1165 2973 1211 et
3015 1165 3404 1210 conserventur
3436 1156 3487 1201 in
3532 1156 3645 1199 vita
3686 1157 3783 1248 per

526 1245 753 1344 corpore
784 1282 840 1327 et
870 1271 1050 1326 anima
1080 1270 1132 1322 in
1179 1269 1280 1323 bac
1354 1245 1536 1323 carnes
1570 1245 1616 1321 et
1653 1281 1895 1329 corpora,
1948 1262 2107 1330 forsi-
2211 1278 2367 1317 escas
2403 1277 2417 1313 :
2448 1262 2525 1314 ita
2573 1258 2815 1311 arbitror
2843 1261 2896 1308 et
2928 1260 3163 1306 mentem
3199 1248 3360 1301 etiam
3406 1256 3528 1344 cum
3567 1245 3780 1293 venerit

533 1335 687 1437 167
718 1366 826 1420 vita
854 1364 1160 1424 crescebat,
1189 1360 1281 1414 sed
1355 1374 1443 1417 tan
1472 1379 1532 1414 ne
1549 1356 1739 1413 anima:
1761 1358 1965 1428 quidem
1991 1354 2106 1423 fue-
2212 1354 2275 1408 ad
2313 1351 2635 1423 perfectum,
2668 1347 2813 1401 vesci
2850 1354 3026 1399 tamen
3064 1352 3118 1396 et
3146 1338 3221 1393 uti
3269 1335 3501 1437 propriis
3538 1339 3785 1437 et-com-

531 1427 710 1515 t—nente
773 1473 836 1513 ac
904 1471 1062 1511 sensu
1125 1462 1281 1507 aucta
1356 1455 1546 1518 rimus,
1565 1453 1653 1505 sed
1680 1466 1820 1502 mens
1849 1456 1897 1501 et
1924 1464 2104 1500 sensus
2213 1446 2518 1515 petentibus
2550 1441 2687 1497 cibis
2730 1440 2785 1493 in
2832 1453 2896 1492 ea
2939 1449 3219 1496 mensura,
3262 1430 3345 1485 cui
3383 1441 3559 1496 neque
3594 1427 3785 1479 deesse

532 1552 599 1606 ad
658 1551 953 1620 perlectam
1000 1546 1283 1603 silentiam
1357 1546 1425 1600 ad
1501 1544 1790 1614 perfectum
1857 1542 2062 1593 veniens
2090 1578 2103 1601 ,
2213 1537 2418 1605 aliquid
2450 1535 2663 1596 debeat,
2701 1544 2875 1600 neque
2904 1525 3200 1580 abundare.
3238 1519 3573 1620 ineuntibus
3600 1522 3782 1620 au't‘etn

534 1604 687 1698 mens
729 1645 838 1713 jam
880 1641 1117 1712 perlecta
1161 1654 1285 1708 per-
1358 1604 1604 1707 nullaque
1651 1630 2105 1703 perturbationum
2214 1604 2365 1683 cibus
2391 1627 2479 1680 hic
2508 1621 2894 1693 intelligendus
2916 1626 2999 1673 est
3026 1615 3233 1670 tlieoria
3259 1621 3311 1668 et
3338 1604 3786 1713 intellectusIDei,

536 1696 772 1799 ducitur,
803 1748 1144 1803 nequaquam
1175 1731 1283 1800 jam
1360 1730 1540 1785 nubilo
1569 1728 1828 1797 caligans,
1882 1725 2108 1778 intuebi-
2215 1719 2423 1772 habens
2479 1727 2764 1768 mensuras
2811 1708 3062 1779 proprias
3112 1715 3167 1757 et
3234 1706 3606 1769 competentes
3662 1696 3787 1798 little

533 1824 676 1878 ultra
701 1826 820 1881 istis
840 1802 1151 1880 carnalibus
1170 1838 1289 1877 sen-
1362 1835 1448 1877 tur
1476 1821 1550 1891 (ὅ)
1586 1817 1927 1873 rationabiles
1953 1815 2110 1869 intel-
2147 1802 2185 1855 Β
2217 1820 2422 1865 natura:
2446 1821 2563 1878 qum
2597 1805 2734 1858 facta
2764 1812 2850 1857 est
2881 1810 2938 1856 et
2965 1808 3147 1892 creata
3170 1808 3348 1892 aquas
3370 1802 3793 1892 ittensurasism-r

536 1918 687 1973 sibus
715 1918 1284 1988 impedita,sedintel-
1356 1878 2111 1985 ligibilesquesubstantiasfa—
2219 1901 2375 1973 gulos
2429 1911 2674 1968 quosque
2728 1891 3105 1964 incipientium
3158 1889 3342 1988 videre
3396 1885 3593 1985 Deum,
3628 1878 3679 1988 iLd
3712 1886 3794 1931 est

538 1971 1283 2066 lectua‘lib‘usﬂincrementis
1355 1971 1432 2061 cf.
1455 2006 1523 2058 ad
1548 1971 1756 2073 faciem.
2035 1971 2044 1975 '
2220 1971 2531 2063 intelligere
2581 2004 2677 2062 per
2725 1987 3014 2058 puritatem
3056 1983 3235 2037 cordis
3286 1974 3547 2047 competit
3601 1971 3794 2027 obser-

536 2109 718 2166 aueta,
744 2116 960 2170 semper
994 2101 1059 2155 ad
1107 2114 1321 2169 purum,
1349 2107 1423 2163 et,
1455 2104 1513 2149 ut
1539 2095 1610 2147 ita
1651 2092 1904 2154 dixerint,
1974 2086 2109 2141 facie
2216 2100 2361 2139 vare.

536 2187 605 2242 ad
652 2189 846 2246 faciem
891 2206 1067 2244 rerum
1103 2204 1295 2244 causas
1329 2186 1649 2256 inspiciens,
1698 2183 1904 2252 potitur
1929 2177 2106 2249 perfe-

553 2290 3771 2340 __—__"__—__——————————-———-———_—"—_——_—_

1579 2478 1999 2593 LIBER
2064 2470 2733 2585 TERTIUS.

2120 2703 2194 2719 .-

1382 2841 2219 2939 PRIEFATIO
2329 2842 2966 2933 RUFINI.

616 3161 717 3228 Qui
744 3161 900 3232 legis,
944 3172 1152 3213 memor
1183 3166 1303 3212 esto
1327 3157 1433 3211 mei
1476 3156 1529 3209 in
1561 3155 1668 3208 tuis
1695 3153 1903 3208 sanctis
1933 3153 2296 3215 orationibus,
2321 3160 2380 3205 ut
2407 3160 2462 3206 et
2499 3165 2598 3204 nos
2646 3147 2782 3203 eiIici
2822 3160 3131 3201 mercamur
3161 3142 3510 3198 aemulatores
3547 3140 3800 3212 spiritus.

549 3252 875 3323 Superiores
914 3252 1050 3306 duos
1078 3249 1218 3317 Περὶ
1257 3246 1460 3316 ἀρχῶν
1493 3245 1704 3301 libellos
1736 3254 1789 3299 te
1829 3259 1935 3300 non
1968 3244 2142 3298 solum
2174 3244 2484 3307 insistente,
2527 3255 2715 3295 verum
2744 3239 2904 3295 etiam
2946 3246 3178 3305 cogente
3202 3275 3215 3300 ,
3242 3236 3433 3316 diebus
3477 3232 3806 3302 Quadrage-

545 3345 702 3398 simae
734 3350 1126 3411 interpretatus
1162 3355 1305 3393 sum.
1338 3339 1442 3393 Sed
1466 3337 1722 3406 quoniam
1759 3336 1865 3391 illis
1912 3336 2105 3390 diebus
2156 3334 2320 3389 etiam
2366 3343 2420 3387 tu
2450 3376 2464 3399 ,
2500 3333 2755 3399 religiose
2785 3330 2956 3385 frater
2993 3330 3232 3393 Macari,
3263 3336 3317 3382 et
3352 3327 3567 3381 vicinus
3617 3338 3811 3379 mane-

550 3436 649 3490 bas
676 3434 778 3504 (4),
809 3444 864 3489 et
887 3432 1117 3501 amplius
1153 3432 1411 3493 vacabas,
1444 3430 1605 3483 etiam
1639 3442 1742 3497 ego
1773 3426 2005 3496 amplius
2036 3426 2341 3495 nperabar;
2372 3425 2472 3479 bos
2496 3438 2622 3477 vero
2646 3424 2980 3491 posteriores
3006 3421 3145 3475 duos
3183 3418 3390 3473 tardius
3414 3419 3807 3489 explicuimus,

552 3528 681 3581 dum
703 3534 759 3578 tu
799 3526 865 3579 ad
891 3538 990 3577 nos
1025 3523 1094 3575 ab
1127 3530 1369 3575 extrema
1402 3529 1458 3575 et
1482 3520 1674 3573 ultima
1702 3520 1854 3572 urbis
1886 3517 1964 3589 (5)
1990 3528 2147 3586 parte
2179 3517 2359 3571 rarior
2395 3523 2621 3571 exactor
2653 3514 2889 3569 accedis.
2926 3511 3125 3566 Verum
3162 3512 3209 3565 si
3243 3508 3543 3564 meministi
3577 3508 3718 3577 quod
3752 3507 3807 3560 in

551 3616 965 3687 praefatiuncula
1005 3615 1189 3685 priore
1212 3614 1546 3678 cmnmonui,
1582 3613 1707 3682 quia
1737 3613 2068 3681 indignaturi
2095 3620 2280 3666 essent
2308 3611 2528 3679 quidam
2571 3612 2615 3663 si
2659 3622 2759 3662 nos
2796 3607 3077 3660 audissent
3131 3619 3237 3659 non
3293 3603 3500 3673 aliquid
3555 3603 3622 3655 de
3673 3600 3809 3656 Ori-

552 3727 690 3783 gene
721 3712 798 3781 (6)
836 3711 974 3766 male
1008 3710 1173 3779 loqui,
1204 3710 1462 3764 continuo
1496 3710 1571 3775 id,
1598 3718 1656 3763 ut
1686 3707 1940 3772 arbitrdr,
1973 3718 2325 3778 prosecutum
2347 3707 2621 3776 probasti.
2675 3705 2830 3771 Quod
2873 3705 2916 3759 si
2948 3705 3001 3758 in
3038 3704 3128 3757 illo
3158 3717 3325 3772 opere
3353 3702 3426 3755 ita
3478 3698 3808 3754 inﬂammati

550 3814 678 3859 sunt
709 3805 761 3859 bi
785 3804 876 3874 qui
908 3805 1189 3859 hominum
1223 3805 1432 3872 linguas
1466 3805 1531 3857 ad
1560 3804 1696 3858 male
1725 3804 2056 3873 loquendum
2089 3805 2335 3858 excitant
2369 3804 2648 3857 daemones
2676 3841 2691 3864 ,
2722 3802 2776 3854 in
2823 3815 2932 3869 quo
2964 3802 3198 3853 nondum
3248 3813 3437 3852 eorum
3484 3805 3699 3874 secreta
3736 3796 3807 3848 ad

553 3899 774 3967 plenum
812 3896 1109 3951 nudaverat
1132 3913 1147 3960 ;
1169 3895 1298 3965 quid
1322 3895 1373 3949 in
1400 3895 1502 3949 hoc
1532 3895 1771 3949 futurum
1792 3906 1968 3966 putas,
1999 3897 2050 3949 in
2080 3910 2189 3964 quo
2216 3910 2405 3950 omnes
2436 3908 2621 3949 eorum
2647 3907 2820 3948 caecas
2841 3900 2896 3947 et
2924 3892 3169 3947 occultas
3195 3890 3335 3957 vias,
3369 3890 3568 3958 quibus
3609 3871 3815 3944 buma-

553 3993 640 4046 nis
671 3991 926 4049 cordibus
959 3990 1226 4057 irrepant,
1255 3997 1309 4043 et
1339 3990 1553 4042 animas
1583 3987 1829 4043 infirmas
1862 4004 1925 4043 ac
1961 3988 2184 4057 fragiles
2215 3987 2514 4056 decipiunt,
2557 3986 2856 4042 revelabit?
2898 3986 3122 4041 Videbis
3153 3986 3299 4039 illico
3338 3986 3650 4053 perturbari
3685 3999 3812 4037 om-

554 4087 666 4150 nia,
692 4083 991 4139 seditiones
1015 4083 1240 4147 moveri,
1274 4081 1541 4136 clamores
1583 4091 1690 4135 tota
1732 4082 1867 4137 urbe
1900 4082 2149 4147 dilfundi,
2183 4080 2249 4134 ad
2279 4082 2686 4136 damnationem
2714 4080 2895 4136 vocari
2918 4094 3039 4133 etim
3077 4079 3167 4148 qui
3203 4076 3532 4147 evangeliea
3566 4076 3811 4129 lucernm

555 4174 759 4228 lumine
786 4173 1081 4227 diabolicas
1115 4171 1437 4240 ignorantiae
1469 4172 1543 4243 (7)
1578 4174 1830 4227 tenebras
1864 4172 2051 4242 fugare
2081 4181 2311 4226 conatus
2358 4180 2463 4227 est.
2503 4171 2703 4228 Verum
2736 4174 2851 4227 haec
2904 4171 3262 4240 parvipendat
3308 4170 3400 4239 qui
3452 4170 3606 4238 cupit
3654 4168 3811 4222 salva

560 4264 685 4317 tldei
714 4261 994 4317 catholicae
1026 4261 1208 4331 regula
1238 4260 1291 4313 in
1319 4260 1518 4314 divinis
1548 4260 1950 4314 eruditionibus
1980 4261 2262 4326 exerceri;
2296 4262 2425 4316 illud
2462 4271 2640 4317 autem
2672 4262 2983 4318 necessario
3011 4273 3365 4324 commoneo,
3394 4260 3540 4328 quod
3575 4260 3720 4315 sicut
3756 4260 3815 4315 in

556 4356 833 4424 prioribus
854 4346 1010 4410 libris
1037 4355 1287 4418 fecimus,
1311 4356 1471 4408 etiam
1505 4354 1559 4407 in
1594 4355 1715 4409 istis
1740 4356 2184 4422 observavimus,
2216 4372 2284 4411 ne
2300 4372 2361 4411 ea
2387 4373 2506 4428 quae
2537 4358 2764 4429 reliquis
2808 4357 2925 4424 ejus
2968 4356 3282 4421 sententiis,
3330 4364 3386 4409 et
3424 4366 3630 4411 nostrae
3680 4354 3815 4411 ﬁdei

559 4447 835 4500 contraria
863 4446 1215 4502 videbantur.
1241 4445 1657 4514 interpretarer,
1684 4447 1777 4500 sed
1805 4446 1952 4500 velut
1981 4448 2184 4501 inserta
2210 4462 2271 4501 ea
2306 4449 2374 4501 ab
2402 4449 2526 4504 aliis
2553 4458 2608 4503 et
2644 4449 2949 4503 adulterata
2990 4448 3348 4517 prieterircm.
3406 4446 3482 4501 De
3534 4448 3820 4502 creaturis

554 4554 686 4595 vero
708 4541 1118 4595 rationabilibus
1143 4542 1185 4595 si
1212 4541 1341 4609 quid
1371 4543 1492 4595 novi
1526 4542 1732 4597 dixisse
1761 4543 1908 4598 visus
1932 4552 2043 4610 est,
2069 4546 2192 4613 quia
2216 4560 2322 4601 non
2354 4547 2407 4601 in
2425 4547 2529 4602 hoc
2558 4555 2642 4602 est
2665 4561 2875 4601 summa
2900 4544 3041 4609 lidei,
3077 4545 3318 4599 scientiae
3347 4545 3523 4612 gratia
3567 4554 3622 4599 et
3647 4559 3818 4599 exer-

558 4635 696 4698 citii,
732 4651 855 4689 cum
888 4635 1027 4689 forte
1050 4635 1207 4689 nobis
1233 4636 1523 4689 adversum
1553 4638 1844 4692 nonnullas
1870 4639 2108 4694 haereses
2146 4639 2237 4695 tali
2266 4642 2463 4697 ordine
2492 4642 2803 4697 necessario
2840 4640 3277 4710 respondendum
3306 4650 3410 4707 est,
3435 4654 3617 4710 neque
3646 4640 3699 4693 in
3724 4640 3821 4695 bis

558 4729 775 4795 libellis,
812 4747 987 4800 neque
1011 4732 1062 4785 in
1093 4732 1465 4800 superioribus
1501 4735 1845 4802 prmlertnisi,
1877 4736 1984 4790 nisi
2019 4736 2063 4790 si
2100 4752 2207 4806 qua
2250 4737 2393 4794 forte
2419 4737 2532 4807 jam
2563 4739 2617 4793 in
2661 4738 3034 4807 superioribus
3062 4737 3204 4791 dicta
3247 4745 3497 4806 repetere
3538 4736 3713 4791 etiam
3762 4738 3821 4790 in

558 4822 642 4875 bis
666 4826 1061 4892 posterioribus
1093 4825 1285 4889 voluit,
1318 4836 1370 4881 et
1401 4827 1691 4884 brevitatis
1718 4824 1899 4899 gratia
1921 4831 2096 4900 aliqua
2122 4848 2189 4887 ex
2220 4835 2305 4889 bis
2327 4850 2581 4890 resecare
2612 4835 2956 4891 commodum
2982 4834 3133 4889 duxi.
3163 4834 3220 4888 Si
3262 4834 3389 4902 quis
3428 4842 3609 4887 tamen
3644 4834 3826 4901 proﬁ-

556 4918 732 4972 ciendi
764 4930 816 4973 et
842 4934 944 4973 non
974 4920 1309 4974 obtrectandi
1339 4923 1517 4976 studio
1547 4924 1661 4978 haec
1693 4924 1851 4995 leget,
1876 4928 2085 4982 rectius
2115 4927 2276 4983 faciet
2300 4930 2342 4985 si
2377 4933 2575 5001 exponi
2601 4932 2701 4986 sibi
2731 4931 2846 4986 brec
2871 4945 2899 4983 a
2930 4929 3281 4999 peritioribus
3311 4928 3462 4983 velit.
3494 4930 3819 4984 Absurdum

560 5023 793 5078 namque
823 5021 905 5064 est
925 5018 1210 5078 poetarum
1253 5011 1377 5066 [icta
1408 5014 1648 5067 carmina
1679 5024 1731 5068 et
1756 5018 2148 5071 commdiarum
2176 5020 2434 5076 ridiculas
2462 5021 2674 5076 fabulas
2720 5038 2748 5074 a
2785 5020 3154 5090 grammaticis
3196 5021 3433 5089 exponi;
3481 5028 3540 5076 et
3579 5036 3647 5074 ea
3686 5036 3822 5091 quae

556 5098 639 5153 vel
664 5100 729 5157 de,
758 5101 891 5161 Deo,
925 5100 1004 5154 vel
1034 5100 1101 5155 de
1124 5101 1440 5159 caelestibus
1464 5106 1782 5173 virtutibus,
1816 5122 1880 5162 ac
1906 5108 1973 5162 de
1999 5110 2146 5163 omni
2184 5112 2541 5168 universitate
2579 5115 2857 5178 dicuntur,
2891 5114 2942 5166 in
2982 5113 3181 5182 quibus
3222 5114 3399 5170 omnis
3428 5116 3507 5187 (8)
3539 5114 3623 5169 vel
3647 5130 3822 5187 paga-

629 5216 671 5245 ²³
706 5214 904 5284 Ειῐιιεε.
939 5230 975 5279 t,
1022 5214 1114 5279 ‘20,
1142 5214 1232 5269 21.

748 5325 940 5411 Xidel.
977 5342 1016 5406 ll
1050 5325 1379 5411 Qrigenian.,
1410 5344 1466 5411 q.
1506 5329 1593 5411 ll,
1632 5346 1782 5411 num.
1820 5330 1906 5411 id:
2311 5333 2388 5411 (ξ)
2417 5334 2504 5411 §ic
2533 5334 2736 5411 gptime
2771 5350 2904 5411 mss.
2929 5336 3095 5411 Alias,
3135 5356 3153 5387 ι
3186 5335 3354 5392 orbis.
3387 5353 3410 5411 ρ

651 5396 1278 5482 :ZlCumquein'tantum
1304 5396 1833 5482 profecerirnus,_etc.
1862 5401 1983 5456 Haac
2005 5418 2123 5482 qua;
2304 5396 2388 5482 (6)_
2410 5404 2484 5456 De
2512 5396 2766 5482 _0r_igene.
2814 5407 2975 5482 Deest
3025 5396 3660 5482 i_n'_antea__editis,_ubi
3710 5424 3825 5482 pro

558 5482 589 5521 e
621 5468 813 5549 Graeco
846 5468 911 5549 ad
948 5468 1185 5549 .Velblllll
1225 5484 1382 5549 versa
1430 5470 1654 5549 suntnab
1698 5468 2117 5549 Hieronymo—in
2235 5491 2260 5549 e
2286 5468 2423 5549 male
2444 5492 2484 5549 _i
2512 5468 2708 5549 legitur
2741 5494 2759 5525 ι
2793 5476 2942 5530 mali.
2985 5495 3003 5528 ι
3031 5475 3232 5531 Ibidem
3264 5476 3392 5532 libb.
3415 5468 3548 5531 edi—ti
3576 5517 3595 5545 ,
3625 5500 3643 5533 ι
3674 5468 3823 5538 can;

557 5536 783 5620 cpistola
834 5537 1174 5620 adAvitum,
1198 5538 1673 5620 AfuissegaJRuﬁno
1704 5536 2004 5620 adulterata
2049 5543 2117 5596 li-
2228 5547 2376 5597 tinuo
2405 5544 2454 5597 id
2484 5536 2719 5599 arb'itror
2747 5556 3089 5613 persecutum
3140 5549 3364 5615 putasti.
3401 5566 3423 5600 ι
3452 5536 3591 5605 Mss.
3641 5536 3821 5612 uti—in

558 5616 699 5677 qnet
729 5621 793 5677 ex
822 5611 1103 5677 utriusque
1133 5611 1643 5677 interpretationum
1668 5612 1979 5666 collatione.
2226 5624 2414 5669 nostro
2445 5623 2613 5669 textu.

739 5675 1076 5759 jnmebitar.
1122 5675 1304 5759 Forte.
1320 5678 1605 5759 legendum
1653 5682 2061 5759 «intuebimur.
2088 5700 2106 5735 ι
2292 5684 2371 5759 (ἶ)
2404 5683 2478 5759 l_t_a
2518 5699 2644 5738 mss.
2685 5683 2853 5759 Alias,
2885 5702 2905 5737 ι
2948 5686 3225 5759 diabolica:
3251 5685 3597 5754 ignorantia.
3637 5708 3657 5744 ι

634 5745 710 5818 (4)
737 5745 810 5802 lta
840 5764 967 5804 mss.
995 5747 1162 5811 Alias,
1201 5765 1219 5799 ι
1257 5745 1485 5803 vicinius
1517 5752 1795 5807 monebas.
1838 5771 1858 5803 ι
2288 5745 2367 5825 (8)
2400 5756 2491 5811 Sic
2516 5770 2645 5811 mss.
2680 5745 2858 5825 Alias,
2884 5774 2904 5808 ί
2943 5758 3214 5813 omnibus.
3260 5745 3282 5810 ἑ
