3880 6518
155 399 250 458 249

1445 399 1649 458 LIBER
1687 399 2008 462 TERTIUS.

3247 411 3355 470 250

149 539 317 584 norum
341 521 810 596 philosophorum,
842 521 929 579 vel
955 520 1333 580 haereticorum
1365 537 1569 595 pravus
1613 539 1772 580 error
1798 527 2066 596 arguitur,
2097 526 2220 584 sine
2253 527 2517 601 magistro
2547 535 2603 586 et
2632 529 2987 600 explanatore
3023 537 3216 599 putare
3247 531 3348 586 all-

148 633 278 689 quem
304 631 456 688 posse
490 631 553 674 se
581 618 794 674 discere
816 615 897 691 (9)
930 633 945 672 :
976 624 1030 672 et
1053 616 1129 671 ita
1165 617 1222 671 tit
1251 626 1309 671 ut
1336 631 1424 672 res
1454 616 1695 672 difﬁciles
1719 626 1774 674 et
1799 619 2070 675 obscuras
2116 621 2308 678 malint
2359 622 2611 679 homines
2660 637 2757 693 per
2785 624 3152 679 temeritatem
3186 630 3240 678 et
3268 623 3354 679 in-

148 711 396 767 scientiam
433 711 822 781 condemnare,
846 726 1007 783 quam
1034 725 1133 784 per
1155 711 1488 784 diligentiam
1521 723 1580 769 et
1615 713 1855 768 studium
1887 715 2124 772 discere.

1676 853 1742 872 -ο

717 975 966 1033 ΚΕΦΑΛ.
1005 979 1082 1031 A'.

144 1074 256 1142 Περὶ
277 1073 666 1137 αὐτεξουσὶου
685 1113 700 1138 ,
751 1074 850 1128 καὶ
886 1073 1004 1127 τῶν
1042 1073 1380 1128 δοκούντων
1417 1073 1685 1143 ἀναιρεῖν

227 1145 387 1198 τοῦτο
407 1143 727 1213 Γραφικῶν
742 1143 940 1214 ῥητῶν
959 1144 1141 1210 λύσις
1164 1146 1258 1199 καὶ
1283 1145 1589 1213 ἑρμηνεία.

209 1257 343 1311 Ἐπεὶ
368 1257 421 1310 δὲ
448 1260 506 1310 ὲν
531 1257 609 1328 τῷ
639 1256 954 1330 κηρύγματι
993 1255 1071 1327 τῷ
1107 1255 1545 1328 ἐκκλησιαστικῷ
1587 1275 1682 1311 πε-

147 1349 346 1422 ριέχεται
372 1350 400 1401 ὁ
436 1351 568 1421 περὶ
591 1351 829 1422 κρίσεως
870 1349 1084 1413 δικαίας
1124 1348 1259 1402 Θεοῦ
1295 1349 1485 1415 λόγος,
1535 1352 1682 1415 ὅστις

143 1443 217 1493 καὶ
243 1443 358 1504 τοὺς
399 1440 702 1504 ἀκούοντας
725 1440 1034 1505 πιστευθεὶς
1068 1436 1206 1494 εἶναι
1243 1441 1446 1512 ἀληθὴς
1477 1460 1686 1513 προκα-

150 1532 291 1585 λεῖται
315 1532 404 1584 ἐπὶ
435 1533 497 1585 τὸ
527 1532 711 1597 καλῶς
751 1533 934 1604 βιοῦν,
975 1533 1072 1587 καὶ
1113 1533 1276 1588 παντὶ
1317 1534 1504 1605 τρόπῳ
1553 1535 1685 1604 φεύ-

142 1641 235 1692 γειν
256 1623 344 1693 τὴν
375 1623 684 1695 ἁμαρτίαν,
727 1623 970 1695 δηλονότι
1012 1623 1577 1695 συγκατατιθεμένους
1625 1625 1684 1678 τὸ

142 1716 344 1786 ἐφ’ἡμῖν
373 1711 512 1768 εἶναι
549 1715 619 1768 τὰ
646 1716 868 1768 ἐπαίνου
891 1715 986 1768 καὶ
1006 1715 1173 1785 ψόγου
1205 1714 1327 1780 ἄξια
1350 1732 1364 1746 ο
1405 1715 1542 1786 φέρε
1589 1717 1684 1769 καὶ

143 1806 342 1877 περὶτοῦ
377 1807 732 1873 αὖτεξουσίου
765 1806 870 1878 ἰδίᾳ
907 1807 1064 1875 ὀλίγα
1102 1806 1474 1877 διαλάϐωμεν,
1519 1808 1687 1876 ἀναγ-

141 1901 385 1952 καιοτάτου
411 1900 489 1964 ὡς
518 1900 602 1953 ἔνι
634 1900 870 1970 μάλιστα
900 1899 1302 1971 προϐλήματος.
1345 1901 1460 1953 Ἵνα
1483 1899 1538 1952 δὲ
1562 1900 1688 1969 νοή-

143 2009 290 2061 σωμεν
316 1991 364 2065 τί
396 1991 455 2046 τὺ
486 1992 857 2059 αὐτεξούσιον,
887 1991 985 2064 τὴν
1016 1992 1221 2046 ἔννοιαν
1255 1991 1418 2045 αὐτοῦ
1448 1991 1687 2045 ἀναπτύ-

142 2079 324 2146 ξαιδεῖ,
351 2083 435 2136 ἵνα
466 2082 682 2154 ταύτης
719 2083 1145 2154 σαφηνισῦείσης
1184 2081 1429 2155 ἀκριὸῶς
1455 2123 1468 2148 ,
1505 2101 1683 2154 παρα-

143 2172 278 2242 σταίὶῇ
306 2173 413 2245 (10)
442 2173 506 2227 τὸ
532 2173 890 2246 ζητούμενον.

1712 986 1759 1045 Α

2313 988 2474 1058 103
2513 988 2740 1045 CAPUT
2781 990 2821 1045 l.

2270 1079 2348 1134 De
2379 1080 2584 1134 arbitrii
2605 1080 2858 1135 libertate.

1862 1169 1912 1222 i.
1958 1166 2108 1222 Talia
2167 1169 2410 1238 quaedam
2476 1170 2541 1223 de
2600 1170 3106 1239 repromissionibus
3154 1171 3355 1229 divinis

1789 1260 2062 1314 credimus
2090 1258 2394 1325 sentieuda,
2421 1275 2542 1313 cum
2577 1259 2989 1330 intelligentiam
3023 1270 3262 1316 nostram
3284 1263 3352 1316 ad

1789 1347 2304 1418 contemplationem
2337 1350 2527 1404 aeterni
2574 1349 2746 1414 illius,
2789 1360 2843 1404 et
2881 1351 3026 1405 nullo
3066 1351 3173 1406 iine
3205 1353 3355 1406 clau-

1792 1440 1954 1496 dendi
1991 1441 2174 1496 saeculi
2197 1441 2528 1511 jaculamur,
2557 1452 2722 1512 atque
2754 1439 3078 1497 ineffabilem
3127 1441 3244 1510 ejus
3265 1443 3358 1499 lm-

1790 1531 1963 1586 titiam
1991 1545 2056 1586 ac
2079 1532 2471 1587 beatitudinem
2501 1531 2953 1602 contemplamur.
2985 1532 3185 1586 Verum
3213 1547 3356 1601 quo-

1788 1625 1932 1680 niam
1981 1626 2034 1679 in
2073 1624 2442 1680 ecclesiastica
2489 1625 2875 1694 praedicatione
2916 1624 3061 1678 inest
3099 1624 3263 1678 etiam
3294 1624 3359 1678 de

1787 1715 1968 1770 futuro
1993 1715 2086 1770 Dei
2122 1716 2272 1786 justo
2297 1715 2502 1786 judicio
2525 1715 2679 1780 ﬁdes,
2704 1731 2828 1784 quae
2851 1714 3038 1784 judicii
3063 1713 3360 1769 credulitas

1789 1817 2047 1879 provocat
2099 1808 2349 1862 homines
2377 1817 2432 1862 et
2479 1807 2669 1860 suadet
2711 1809 2776 1860 ad
2813 1808 2949 1860 bene
2993 1805 3360 1876 praeclareque

1791 1897 2101 1962 vivendum,
2138 1907 2194 1950 et
2220 1897 2367 1952 omni
2397 1910 2598 1966 genere
2647 1893 2895 1965 refugere
2935 1904 3254 1964 peccatum,
3305 1903 3361 1949 et

1788 2003 1884 2057 per
1913 1987 2015 2043 hoc
2040 1989 2156 2042 sine
2179 1988 2342 2044 dubio
2374 1987 2648 2041 indicatur
2681 1989 2822 2055 quod
2860 1987 2912 2041 in
2946 1999 3134 2041 nostra
3161 1987 3232 2041 sit
3264 2000 3361 2055 po-

1789 2081 1952 2134 situm
1983 2089 2251 2150 potestate
2285 2080 2366 2134 vel
2395 2080 2654 2134 laudabili
2692 2095 2792 2134 nos
2827 2080 2950 2134 vita:
2981 2080 3064 2134 vel
3109 2077 3362 2148 culpabili

1787 2172 2009 2236 dedere,
2039 2182 2321 2242 propterea
2345 2173 2710 2227 necessarium
2741 2188 2865 2227 reor
2893 2187 3065 2242 pauca
3104 2172 3267 2226 etiam
3298 2169 3363 2227 de

141 2268 318 2323 arbitrii
340 2272 506 2325 nostri
542 2272 796 2326 libertate
821 2271 1107 2336 disserere,
1166 2283 1232 2324 eo
1287 2270 1429 2340 quod
1483 2287 1588 2326 non
1649 2269 1961 2340 ignobiliter
1988 2271 2099 2324 hac
2123 2285 2337 2339 quoque
2359 2271 2632 2340 quarstioa
2659 2271 3074 2340 quamplurimis
3109 2271 3364 2340 agitetur.

143 2363 374 2420 Utautem
406 2364 632 2420 facilius
663 2366 788 2435 quid
816 2366 1135 2421 sitlibertas
1188 2365 1402 2420 arbitrii
1439 2377 1856 2433 cognoscamus,
1907 2364 2034 2432 quid
2092 2363 2192 2427 sibi
2244 2363 2372 2417 velit
2435 2373 2623 2418 natura
2657 2363 2828 2434 ipsius
2875 2363 3083 2419 arbitrii
3117 2364 3363 2418 volunta-

143 2459 305 2524 lisque,
329 2459 700 2528 requiramus.

194 2551 300 2606 Τῶν
323 2552 664 2623 κινουμένων
691 2551 761 2606 τὰ
803 2551 902 2623 μὲν
925 2551 1046 2605 τινὰ
1091 2553 1149 2604 ἑν
1189 2553 1403 2614 ἑαυτοῖς
1437 2550 1550 2621 ἔχει
1587 2549 1686 2620 τὴν

1859 2543 1914 2598 ἓ.
1946 2542 2198 2599 Omnium
2261 2557 2382 2610 qua:
2434 2551 2720 2597 moventur
2777 2542 2883 2598 alia
2945 2545 2996 2599 in
3058 2545 3365 2615 semetipsis

141 2643 218 2714 τῆς
235 2645 485 2715 κινήσεως
515 2643 721 2708 αἰτίαν,
751 2642 914 2713 ἕτερα
930 2641 986 2694 δὲ
1011 2639 1208 2707 ἔξωθεν
1249 2641 1405 2712 μόνον
1436 2643 1685 2692 κινεῖται.

144 2735 347 2800 Ἕξωθεν
385 2730 478 2788 οὖν
513 2734 681 2805 μόνον
712 2736 939 2786 κινεῖται
967 2733 1037 2787 τὰ
1077 2731 1315 2803 φορητὰ,
1361 2726 1471 2784 οἷον
1492 2773 1506 2797 ,
1560 2729 1690 2795 ξύλα

148 2827 223 2879 καὶ
244 2824 372 2878 λίθοι
411 2826 510 2878 καὶ
552 2826 702 2878 πᾶσα
735 2825 769 2894 ἡ
807 2823 914 2876 ὑπὸ
939 2822 1109 2888 ἕξεως
1151 2821 1317 2893 μόνης
1359 2820 1690 2893 συνεχομένη

143 2914 241 2985 ὕλη.
279 2913 681 2986 ’Υπεξῃρήσθω
722 2912 778 2966 δὲ
805 2911 898 2966 νῦν
928 2911 1021 2964 τοῦ
1058 2911 1218 2980 λόγου
1251 2911 1312 2964 τὸ
1351 2911 1564 2982 κίνησιν
1601 2911 1688 2964 λὲ-

143 3021 237 3072 γειν
262 3004 350 3075 τὴν
380 3004 544 3075 ῥύσιν
585 3001 693 3057 τῶν
737 3003 1041 3073 σωμάτων,
1089 3002 1214 3055 ἐπεὶ
1258 3002 1333 3074 μὴ
1380 3003 1538 3074 χρεία
1571 3002 1694 3055 τού-

141 3114 216 3150 του
246 3097 342 3168 (ll)
375 3099 516 3170 πρὸς
551 3097 612 3150 τὸ
641 3095 1025 3168 προκείμενον.
1076 3095 1165 3177 Ἑν
1210 3094 1421 3159 ἑαυτοῖς
1470 3093 1528 3146 δὲ
1579 3092 1692 3164 ἔχει

142 3185 222 3254 τὴν
245 3186 410 3239 αἰτίαν
451 3184 556 3238 τοῦ
591 3184 859 3238 κινεῖσθαι
906 3183 1020 3248 ζῶα
1051 3184 1145 3236 καὶ
1175 3182 1316 3252 φυτὰ
1351 3185 1446 3237 καὶ¹
1484 3182 1694 3249 ἁπαξα-

143 3278 264 3341 πλῶς
292 3280 386 3331 ὅσα
422 3279 537 3332 ὑπὸ
573 3278 786 3347 φύσεως
822 3277 914 3330 καὶ
953 3277 1129 3347 ψυχῆς
1176 3275 1492 3345 συνέχεται,
1537 3274 1594 3340 ἑξ
1619 3268 1693 3328 ὧν

146 3375 278 3441 φασιν
303 3369 435 3426 εἶναι
459 3374 565 3427 καὶ
611 3373 680 3426 τὰ
721 3371 979 3443 μέταλλα.
1012 3369 1158 3440 Πρὸς
1186 3369 1241 3422 δὲ
1270 3369 1482 3432 τούτοις
1511 3371 1604 3422 καὶ
1631 3369 1694 3422 τὸ

146 3462 236 3535 πῦρ
248 3464 598 3536 αὖτοκίνητὸν
621 3466 759 3528 ἑστι,
787 3463 928 3533 τάχα
945 3462 999 3514 δὲ
1028 3463 1122 3515 καὶ
1163 3463 1218 3514 αἱ
1258 3460 1451 3532 πηγαί.
1483 3459 1603 3514 Τῶν
1637 3460 1694 3514 δὲ

147 3560 406 3623 ἐνιαυτοῖς
431 3557 536 3612 τοῦ
567 3556 833 3610 κινεῖσθαι
863 3557 960 3628 τὴν
988 3555 1164 3608 αἰτίαν
1199 3555 1451 3625 ἑχόντων,
1481 3554 1550 3607 τὰ
1591 3555 1694 3625 μὲν

147 3653 282 3718 φασὶν
307 3650 364 3715 ἑξ
386 3647 603 3704 ἑαυτῶν
628 3645 929 3709 κινεῖσθαι,
965 3643 1033 3696 τὰ
1064 3641 1120 3696 δὲ
1173 3643 1268 3711 ἀφ’
1315 3641 1542 3698 ἑαυτῶν.
1607 3642 1694 3710 Ἐξ

147 3743 322 3798 ἑαυτῶν
363 3743 460 3816 μὲν
507 3739 584 3793 τὰ
621 3739 837 3809 ἄψυχα,
868 3737 960 3806 ἀφ’
1001 3735 1205 3788 ἑαυτῶν
1251 3735 1307 3788 δὲ
1335 3734 1401 3788 τὰ
1453 3735 1691 3806 ἔμψυχα·

148 3834 219 3902 ἀφ’
236 3834 426 3887 ἑαυτῶν
456 3832 575 3903 γὰρ
597 3833 825 3884 κινεῖται
852 3829 922 3881 τὰ
945 3827 1182 3898 ἔμψυχα,
1213 3827 1514 3896 φαντασίας
1547 3830 1698 3895 ἑγγι-

149 3885 345 3999 νέμὲνης
365 3885 1040 3998 ὁρμῖὴναροκαλουμένηιςί
1057 3885 1150 3971 κᾶι
1170 3885 1340 3971 ’παλιν
1362 3920 1419 3972 ἑν
1450 3885 1560 3971 τι-σὶ
1586 3885 1696 3988 Ξ)
1723 3885 1767 3944 C

151 4017 237 4070 τῶν
267 4016 410 4083 ζώων
437 4013 737 4086 φαντασίαι
768 4012 1006 4081 γίνονται
1024 4009 1213 4081 ὁρμὴν
1236 4009 1698 4080 προκαλούμεναι,

153 4108 332 4176 φύσεως
364 4105 740 4178 φανταστικῆς
772 4101 1124 4173 τεταγμένως
1171 4099 1429 4171 κινούσης
1474 4098 1572 4171 τὴν
1611 4100 1702 4166 ὁρ-

157 4201 258 4268 μὴν,
280 4202 348 4263 ὡς
362 4202 418 4253 ἐν
439 4197 522 4269 τῷ
549 4198 758 4270 ἀράχνῃ
785 4193 1052 4264 φαντασία
1080 4192 1172 4246 τοῦ
1203 4191 1446 4261 ὑφαίνειν
1468 4191 1698 4259 γίνεται,

153 4292 228 4346 καὶ
249 4292 379 4364 ὁρμὴ
410 4291 698 4346 ἀκολουθεί
721 4289 810 4342 ἐπὶ
834 4287 896 4341 τὸ
912 4286 1177 4356 ὑφαίνειν,
1201 4284 1300 4354 τῆς
1330 4282 1701 4352 φανταστικῆς

1794 2651 1987 2691 causas
2014 2645 2255 2689 motuum
2282 2647 2500 2687 suorum
2535 2641 2746 2703 gerunt,
2778 2635 2881 2688 alia
2908 2635 3249 2692 extrinsecus
3273 2653 3365 2692 ac-

1793 2727 2039 2797 cipiunt;
2097 2734 2280 2794 utputa
2312 2725 2654 2780 extrinsecus
2677 2729 3052 2781 tantummodo
3077 2738 3366 2784 moventur

1792 2817 1970 2872 omnia
1997 2833 2119 2887 quae
2145 2818 2263 2871 sine
2295 2817 2402 2870 vita
2447 2825 2604 2882 sunt,
2660 2828 2720 2871 ut
2771 2817 2978 2887 lapides
3022 2827 3075 2874 et
3118 2819 3262 2889 ligna
3313 2835 3366 2875 et

1794 2922 2126 2977 quzecunque
2161 2907 2466 2976 huiusmodi
2495 2917 2624 2962 sunt
2656 2923 2778 2977 quae
2823 2910 2943 2964 solo
2978 2910 3164 2965 habitu
3192 2921 3365 2966 mate-

1797 2999 1890 3053 ria:
1924 3015 2033 3054 suae
2073 2999 2156 3054 vel
2206 3015 2493 3068 corporum
2539 3009 2812 3057 constant.
2869 3002 3182 3057 Omittenda
3231 3018 3367 3058 sane

1796 3107 1941 3146 nunc
1966 3102 2051 3146 est
2074 3092 2161 3146 illa
2201 3092 2430 3163 quaestio
2460 3108 2580 3162 qua:
2612 3096 2779 3150 etiam
2813 3091 2961 3149 illum
2987 3105 3189 3149 motum
3215 3103 3367 3165 putat

1794 3198 1933 3247 esse,
1973 3199 2093 3238 cum
2129 3199 2226 3252 per
2258 3186 2628 3255 corruptelam
2679 3203 2908 3258 corpora
2969 3187 3363 3253 dissolvuntur;

1796 3277 1928 3330 nihil
1981 3278 2126 3331 enim
2165 3293 2307 3331 nunc
2357 3278 2470 3332 btec
2531 3282 2596 3333 ad
2649 3282 2982 3351 propositum
3035 3282 3365 3337 conducunt.

1794 3367 1913 3422 Alia
1951 3383 2078 3423 vero
2128 3369 2182 3426 in
2234 3371 2427 3439 seipsis
2470 3373 2678 3427 habent
2711 3373 2962 3428 movendi
3012 3389 3267 3438 causam,
3310 3384 3369 3428 ut

1799 3461 2078 3528 animalia,
2108 3463 2193 3517 vel
2221 3465 2472 3532 arbores,
2501 3475 2553 3519 et
2580 3465 2761 3519 omnia
2792 3480 2910 3534 qua:
2946 3480 3040 3534 per
3069 3466 3364 3521 naturalem

1799 3555 1992 3617 vitam,
2020 3555 2106 3609 vcl
2147 3569 2244 3623 per
2263 3557 2497 3610 animam
2532 3567 2783 3613 constant
2828 3576 2841 3612 :
2882 3558 3022 3611 inter
3051 3574 3170 3626 qua:
3202 3559 3364 3612 etiam

1797 3644 2138 3703 metallorum
2193 3664 2364 3703 venas
2419 3649 2662 3717 deputari
2699 3650 2973 3721 aliquibus
3022 3650 3196 3704 visum
3243 3661 3364 3716 est;

1797 3737 1892 3790 sed
1925 3746 1978 3790 et
2011 3737 2151 3809 ignis
2182 3741 2262 3793 sui
2297 3751 2479 3795 motus
2504 3755 2628 3795 esse
2663 3742 2936 3809 putandus
2959 3753 3042 3796 est
3067 3783 3081 3805 ,
3117 3743 3368 3798 fortassis

1799 3840 1980 3883 autem
2016 3832 2182 3885 etiam
2212 3843 2264 3887 et
2286 3831 2463 3889 fontes
2485 3850 2772 3905 aquarum.
2804 3835 2930 3891 Hzec
2953 3847 3134 3890 autem
3162 3850 3282 3904 quae
3313 3835 3366 3889 in

1799 3921 2104 3991 semetipsis
2129 3939 2346 3998 causam
2371 3943 2592 3980 suorum
2616 3937 2856 3982 motuum
2885 3927 3102 3993 habent,
3121 3929 3367 3997 quaedam

1801 4011 2056 4066 dicuntur
2083 4029 2147 4067 ex
2200 4029 2279 4081 se,
2341 4019 2585 4086 quaedam
2613 4034 2642 4072 a
2687 4033 2745 4072 se
2780 4020 2988 4073 moveri
3027 4029 3081 4072 et
3111 4021 3182 4072 ita
3233 4019 3371 4074 divi-

1801 4101 1935 4155 dunt
1956 4101 2092 4170 (15),
2124 4105 2266 4173 quod
2287 4120 2350 4158 ex
2381 4120 2438 4159 se
2473 4117 2790 4162 moveantur
2809 4123 2874 4162 ea
2897 4125 3016 4178 qua:
3042 4109 3228 4163 vivunt
3251 4110 3371 4178 qui-

1799 4194 1940 4256 dem,
1967 4206 2071 4246 non
2099 4205 2272 4249 tamen
2293 4197 2583 4250 animantia
2609 4209 2767 4265 sunt;
2795 4215 2822 4252 a
2841 4215 2899 4254 se
2920 4209 3097 4254 autem
3117 4214 3370 4254 movean-

1803 4292 1890 4338 tur
1917 4285 2237 4351 animantia,
2262 4303 2382 4342 cum
2420 4289 2578 4360 109
2598 4291 2678 4345 eis
2708 4290 3016 4360 phantasia,
3051 4291 3102 4345 id
3147 4301 3253 4357 est,
3279 4307 3372 4348 vo-

1341 4390 1905 4460 ιΝΤΕΒΡιιΕΤΑΤιο
1944 4404 2148 4462 NOVA.

1594 4499 1821 4556 CAPUT
1861 4500 1902 4556 1.

331 4604 406 4658 De
430 4603 596 4657 libero
623 4599 881 4664 arbitrio;
913 4598 1039 4653 item
1063 4596 1323 4650 dictorum
1345 4592 1654 4660 Scriptum,
1687 4610 1804 4664 quae
1831 4595 1887 4648 id
1913 4595 2097 4650 tollere
2126 4597 2386 4662 videntur,
2419 4598 2614 4654 solutio
2645 4608 2692 4652 et
2730 4599 3118 4666 interszatio.

214 4699 260 4755 i.
289 4697 551 4765 Quoniam
580 4697 648 4750 de
667 4695 814 4765 justo
848 4693 938 4747 Dei
964 4689 1172 4765 judicio
1205 4702 1510 4765 sermonem
1541 4689 1783 4765 continet
1804 4689 2178 4765 ecclesiastica
2205 4693 2518 4765 praedicatio
2541 4735 2554 4756 ,
2583 4694 2674 4761 qui
2706 4693 2925 4760 quidem
2964 4692 3008 4745 si
3038 4705 3202 4746 verus
3234 4703 3359 4765 cre-

163 4757 400 4831 diturrad
428 4769 595 4821 vitam
617 4757 902 4819 honestam
935 4757 989 4816 et
1016 4762 1082 4814 ad
1108 4759 1426 4831 fugiendum
1471 4757 1721 4831 omnibus
1753 4760 1926 4814 modis
1957 4757 2240 4830 peccatum
2271 4764 2546 4817 auditores
2579 4757 2870 4830 provocat,
2920 4771 3108 4830 utpote
3158 4760 3255 4831 qui
3307 4761 3361 4814 in

161 4829 297 4892 nobis»
311 4840 410 4892 sita
439 4853 560 4892 esse
590 4836 864 4890 fateantur
886 4847 1004 4901 quae
1045 4832 1204 4884 laude
1229 4838 1284 4884 et
1315 4829 1583 4901 vituperio
1613 4829 1778 4901 digna
1804 4839 1948 4895 sunt,
1983 4847 2081 4901 age
2110 4843 2164 4886 et
2191 4833 2257 4887 de
2288 4833 2460 4887 libero
2490 4829 2740 4895 arbitrio,
2769 4829 3074 4886 necessaria
3102 4831 3154 4883 in
3175 4829 3371 4898 primis

162 4910 425 4974 quastione
454 4922 628 4976 pauca
672 4899 919 4958 seorsum
953 4902 1306 4976 disputemus.
1335 4899 1513 4976 Atque
1545 4907 1606 4952 ut
1633 4899 2000 4976 intelligamus
2024 4899 2156 4970 quid
2180 4904 2249 4956 sit
2279 4903 2499 4958 libertas
2530 4903 2742 4958 arbitrii
2767 4942 2782 4965 ,
2817 4903 2986 4973 ipsius
3011 4901 3160 4956 notio
3191 4902 3370 4971 expli-

164 4969 301 5030 canda
329 4987 430 5042 est,
455 4969 529 5029 ἰιι
555 4977 658 5029 hac
679 4982 931 5029 accurate
963 4970 1256 5042 declarata.
1287 4969 1515 5036 quaestio
1549 4969 1936 5042 constituatur.

214 5046 264 5100 2.
289 5039 474 5102 Eorum
503 5061 623 5112 quae
648 5053 934 5098 moventur
956 5041 1055 5112 alia
1091 5041 1142 5093 in
1167 5055 1224 5092 se
1255 5053 1472 5112 causam
1511 5047 1688 5112 motus
1719 5040 1952 5112 habent;
1983 5039 2086 5095 alia
2107 5043 2443 5096 extrinsecus
2467 5052 2669 5096 tantum
2689 5051 2996 5097 moventur.
3017 5040 3370 5095 Extrinsecus

163 5114 318 5185 itaque
342 5107 535 5172 solum'
552 5125 842 5169 moventur
870 5126 988 5185 qua:
1014 5110 1290 5185 feruntur,
1319 5109 1542 5185 ut_l:gna
1579 5118 1634 5160 et
1663 5107 1868 5177 lapides
1891 5118 1946 5185 et
1981 5114 2161 5166 omnis
2192 5115 2418 5166 materia
2454 5129 2572 5181 qua:
2601 5113 2745 5185 solo
2797 5113 2983 5166 habitu
3034 5113 3367 5185 continetur.

163 5177 259 5258 iani
287 5202 404 5242 vero
432 5177 902 5258 praetermittatur
920 5181 970 5234 id
1004 5178 1146 5249 quod
1175 5177 1283 5233 dici
1313 5177 1485 5258 solet,
1509 5187 1712 5258 "totum
1745 5192 1866 5258 esse
1890 5179 2073 5258 luxum
2115 5177 2611 5258 corporutnrquod
2649 5183 2714 5234 ad
2749 5199 2863 5258 rem
2905 5191 3228 5250 prtcsentem
3263 5178 3368 5231 mi-

165 5256 287 5312 nime
313 5246 454 5313 facit:
477 5259 535 5313 ιιι
563 5255 758 5323 seipsis
784 5261 966 5307 autem
1001 5246 1226 5305 causam
1260 5257 1436 5302 motus
1474 5246 1678 5301 habent
1710 5249 1962 5302 animalia
1996 5259 2050 5303 et
2076 5246 2301 5320 planite,
2332 5267 2393 5306 ea
2430 5246 2660 5307 demum
2691 5253 2872 5306 omnia
2901 5246 3022 5321 qua:
3072 5261 3267 5305 natura
3315 5259 3372 5303 et

223 5447 291 5520 (9)
316 5447 403 5504 Sic
424 5437 728 5520 mss.‘Alias
749 5485 762 5506 ,
799 5461 831 5520 ι⁸
855 5437 1238 5520 explanatione
1275 5431 1516 5520 aliquem
1530 5443 1695 5520 posse

166 5508 364 5574 diseére.
399 5537 417 5571 ι
440 5518 607 5573 Paulo
633 5526 755 5586 post
781 5513 875 5586 ubi
893 5508 1268 5586 ttiss._ltabet|t,
1297 5522 1316 5555 ι
1357 5508 1693 5586 inscientiam

167 5591 514 5657 condemnare,
561 5607 582 5640 ι
633 5581 689 5642 in
744 5583 910 5639 editis
949 5581 1148 5650 legitur
1185 5595 1203 5629 t
1242 5581 1515 5629 iuscmam
1567 5586 1696 5624 cou-

167 5655 412 5713 dcmnare.
447 5679 467 5712 ι
498 5655 507 5657 ’
1329 5716 1337 5726 ⁸

169 5792 196 5800 _
222 5726 321 5798 (l0)
341 5727 708 5800 Παρασταθῇ.
738 5725 828 5780 Sic
854 5737 991 5800 mss.
1013 5719 1168 5800 caduci:
1200 5715 1337 5771 Editt
1358 5709 1689 5800 γει-ονσταθῇ.

167 5783 449 5934 ἓὶιιοξροεῖ
480 5783 690 5870 aliquoi.
719 5813 875 5859 mss.,
905 5796 941 5865 ἡ
972 5792 1078 5847 ὑπὸ
1107 5789 1272 5855 ἕξεως
1305 5783 1440 5856 μόνη
1470 5798 1687 5851 συνεχο-

223 5883 282 5938 νη
303 5885 330 5920 υ
364 5887 410 5942 η.

1867 5433 1981 5504 (Η)
2009 5435 2086 5490 Ita
2113 5453 2245 5492 mss.
2274 5438 2438 5504 Editi,
2467 5435 2698 5491 τούτων.
2727 5435 2896 5490 Paulo
2924 5442 3042 5504 post
3067 5430 3196 5487 libb.
3211 5428 3368 5498 editi,

1794 5503 1894 5558 ὅσα
1931 5503 2040 5562 ἀπὸ
2064 5507 2300 5577 φύσεως,
2328 5511 2421 5562 sed
2455 5525 2584 5562 ntss.
2617 5509 2719 5561 ὃσα
2748 5505 2857 5577 ὑπὸ,
2883 5503 3121 5574 φύσεως.

1865 5576 1974 5645 (l2)
2005 5576 2153 5633 Lihb.
2188 5580 2342 5642 editi,
2375 5577 2439 5632 ἄν
2472 5595 2614 5642 τισι;
2650 5594 2804 5641 tuss.,
2836 5576 2893 5628 ἐν
2917 5591 3051 5628 τισι.

1864 5641 1978 5723 μδ)
2011 5649 2102 5704 Sic
2134 5665 2263 5702 tnss.
2304 5641 2564 5723 Merlittus
2593 5641 2744 5711 vero,
2774 5666 2792 5697 ι
2813 5657 2879 5723 et
2903 5648 2974 5701 ita
2996 5641 3366 5723 dividuntttt'J

1794 5713 2117 5775 Infra'tnss.
2182 5728 2326 5775 recte
2354 5721 2602 5782 omnino,
2655 5737 2673 5770 ι
2713 5718 2860 5771 aeria
2907 5713 3296 5785 congregandi.
3333 5725 3364 5766 ι

1793 5790 2075 5858 lerlinus,
2112 5807 2129 5840 ι
2177 5791 2406 5846 avaritia
2433 5787 2817 5860 congregandi.
2851 5805 2870 5840 ι
