3988 6418
492 339 588 395 251
1714 328 2035 388 ORlGENlS

2153 329 2224 381 iPl
2266 327 2497 382 ΑΡΧΩΝ

3614 322 3719 378 9.52

485 461 661 514 luntas
690 460 935 528 qnzedam
960 456 1041 511 vel
1073 456 1503 519 incitamentum,
1534 452 1771 507 adfucrit
1792 492 1805 515 ,
1836 466 1954 521 qua:
1981 466 2043 506 ea

2153 446 2312 501 αὑτοῦ
2344 446 2558 515 φύσεως
2582 444 2928 515 τεταγμένως
2974 445 3066 499 ἐπὶ
3106 444 3269 498 τοῦτο
3303 441 3467 496 αὑτὸν
3511 458 3719 512 προκα-

484 551 687 606 moveri
714 551 778 605 ad
817 550 1019 620 aliquid
1039 550 1122 604 vel
1147 549 1362 603 incitari
1383 543 1776 615 provocaverit.
1804 543 2043 610 Denique

484 641 535 695 in
570 639 891 709 quibusdam
946 639 1319 695 animantibus
1367 638 1509 691 inest
1550 635 1675 689 talis
1719 634 2038 703 phantasia,

488 725 539 780 id
563 738 647 781 est
680 728 945 791 voluntas,
976 727 1056 782 vel
1081 742 1273 781 sensus
1315 725 1407 795 qni
1452 739 1513 779 ea
1544 722 1776 777 naturali
1809 724 2043 793 quodam

2150 539 2434 610 λουμένης·
2466 540 2559 592 καὶ
2580 537 2794 601 οὐδενὸς
2835 536 2991 593 ἄλλου
3038 537 3174 608 μετὰ
3215 537 3315 608 τὴν
3355 532 3721 605 φανταστικὴν

2152 630 2314 685 αὐτοῦ
2340 629 2498 699 φύσιν
2519 628 2947 699 πεπιστευμένου
2972 626 3063 681 τοῦ
3093 627 3232 693 ζώου
3253 669 3268 693 ,
3311 628 3404 681 καὶ
3432 629 3490 680 ὲν
3523 628 3591 697 τῇ
3621 641 3715 697 με-

2150 720 2308 791 λίσσῃ
2337 722 2429 773 ἐπὶ
2458 720 2518 773 τὸ
2540 720 2957 791 κηροπλαστεῖν.

482 818 741 873 instinctu
771 828 1026 889 provocet
1049 827 1102 873 et
1129 819 1362 872 concitet
1411 818 1475 870 ad
1518 817 1795 871 ordinatos
1828 826 1882 869 et
1924 814 2251 883 compositos
2301 822 2478 867 motus
2514 814 2696 869 :sicut
2754 813 2999 867 videmus
3050 826 3279 867 araneas
3340 811 3552 868 facere,
3604 826 3717 880 qua

482 915 785 984 phantasia,
840 914 892 969 id
936 924 1019 969 est
1079 914 1355 969 voluntate
1406 914 1635 982 quadam
1672 920 1726 966 et
1769 912 1947 965 studio
2010 911 2260 965 textrina:
2304 909 2369 961 ad
2428 924 2565 978 opus
2629 908 2842 963 texendi
2904 908 3313 963 ordinatissime
3355 906 3719 968 concitantur,

483 1007 601 1059 sine
661 1006 825 1061 dubio
867 1005 1102 1061 naturali
1160 1004 1392 1075 quodam
1470 1014 1617 1058 motu
1675 994 2030 1058 intentionem
2068 999 2442 1068 hujuscemodi
2512 1000 2694 1068 aperis
2742 1009 3071 1067 provocante
3123 1017 3137 1051 :

3196 1012 3296 1052 nec
3353 1007 3528 1051 tamen
3582 996 3719 1050 ultra

478 1100 645 1154 alium
677 1115 892 1154 sensum
922 1100 1153 1169 aliquem
1187 1113 1347 1167 quam
1383 1098 1595 1152 texendi
1640 1095 1893 1151 naturale
1926 1094 2162 1149 studium
2199 1094 2371 1163 ipsum
2408 1091 2607 1146 animal
2660 1091 2955 1157 invenitur,
3022 1092 3160 1146 sicut
3205 1099 3263 1145 et
3315 1105 3443 1161 apes
3492 1076 3721 1159 fingendi

479 1191 653 1257 favos,
678 1206 741 1245 ac
774 1191 951 1255 mella,
984 1201 1040 1244 ut
1065 1191 1241 1253 aiunt,
1272 1190 1423 1244 aeria
1446 1188 1829 1260 congregandi.

549 1289 604 1343 '5.
645 1287 982 1342 Rationabile
1016 1300 1146 1339 vero
1175 1284 1374 1339 animal
1411 1300 1531 1339 cum
1567 1285 1761 1338 habeat
1811 1284 1861 1336 in
1904 1296 1962 1337 se
1988 1290 2043 1337 et

478 1381 578 1435 hos
604 1379 883 1435 naturales
918 1387 1117 1441 motus,
1154 1378 1318 1432 habet
1347 1388 1523 1431 tamen
1566 1374 1796 1443 amplius
1830 1374 2043 1428 cieteris

478 1469 803 1524 animalibus
862 1469 1025 1523 etiam
1091 1470 1317 1524 rationis
1380 1468 1484 1521 vim
1539 1481 1644 1536 qua
1696 1465 1944 1533 judicare
1987 1472 2043 1518 et

479 1559 791 1613 discernere
821 1558 888 1613 de
924 1559 1157 1613 motibus
1192 1559 1528 1613 naturalibus
1576 1557 1764 1626 possit,
1814 1566 1869 1611 et
1903 1557 2039 1611 alios

479 1652 696 1719 quidem
740 1652 1034 1720 reprobare
1078 1661 1133 1706 et
1178 1652 1429 1719 abjicere,
1475 1651 1609 1705 alios
1647 1666 1776 1706 vero
1818 1650 2045 1719 probare

480 1749 644 1808 atque
677 1742 975 1810 suscipere,
1012 1742 1163 1811 cujus
1199 1743 1423 1797 rationis
1448 1740 1651 1808 judicio
1679 1740 1833 1810 dirigi
1862 1755 1915 1794 et
1948 1757 2042 1811 gu-

480 1830 693 1885 bernari
724 1831 959 1885 hominis
984 1843 1161 1888 motus
1184 1834 1249 1887 ad
1271 1835 1434 1887 vitam
1462 1831 1790 1902 probabilem
1816 1832 2042 1901 possint.

2218 1279 2291 1333 Ἰδ
2322 1279 2501 1351 μέντοι
2532 1278 2747 1347 λογικὸν
2785 1276 2921 1343 ζῶον
2978 1279 3073 1330 καὶ
3127 1277 3286 1344 λόγον
3320 1275 3432 1346 ἔχει
3479 1277 3616 1348 πρὸς
3658 1278 3723 1348 τῇ

2148 1372 2484 1441 φανταστικῇ
2516 1370 2694 1439 φύσει,
2726 1370 2819 1421 τὸν
2855 1370 3107 1440 κρίνοντα
3145 1368 3242 1430 τὰς
3268 1368 3585 1437 φαντασίας,
3633 1368 3727 1421 καὶ

2145 1463 2297 1527 τινάς
2332 1463 2428 1534 μὲν
2455 1462 2949 1533 άποδοκιμάζοντα,
2984 1461 3135 1523 τινάς
3164 1460 3222 1513 δὲ
3265 1461 3728 1531 παραδεχόμενον,

2150 1554 2239 1608 ἵνα
2281 1555 2477 1625 ἄγηται
2523 1554 2585 1607 τὸ
2624 1553 2762 1617 ζῶον
2808 1554 2925 1605 κατ’
2968 1553 3155 1617 αὑτάς.
3197 1552 3359 1607 Ὅθεν
3401 1553 3526 1605 ἐπεὶ
3562 1554 3619 1606 ὲν
3658 1556 3731 1623 τῇ

2152 1647 2309 1717 φύσει
2335 1647 2426 1700 τοῦ
2460 1648 2616 1715 λόγου
2647 1646 2784 1699 εἰσὶν
2820 1647 3064 1717 ἀφορμαὶ
3090 1646 3184 1699 τοῦ
3215 1646 3489 1717 θεωρῆσαι
3525 1646 3587 1698 τὸ
3626 1662 3729 1699 κα-

2148 1738 2237 1793 λὸν
2279 1740 2373 1792 καὶ
2416 1738 2481 1791 τὸ
2521 1739 2743 1811 αἰσχρὸν
2768 1780 2782 1804 ,
2834 1733 2922 1801 αἶς
2962 1738 3215 1808 ἑπόμενοι
3250 1738 3620 1809 θεωρήσαντες
3669 1738 3729 1791 τὸ

2150 1832 2309 1883 καλὸν
2337 1832 2431 1884 καὶ
2457 1831 2516 1883 τὸ
2550 1831 2791 1901 αἰσχρὸν,
2834 1830 3133 1903 αἱρούμεθα
3188 1831 3283 1900 μὲν
3325 1830 3385 1883 τὸ
3427 1830 3611 1894 καλὸν,
3638 1833 3729 1884 ὲκ-

480 1922 634 1979 Unde
679 1938 1018 1993 consequens
1042 1935 1146 1989 est,
1171 1935 1228 1979 ut
1274 1925 1526 1994 quoniam
1580 1932 1771 1978 natura
1821 1924 2042 1978 rationis

2153 1925 2393 1993 ιιλίνομεν
2427 1924 2482 1975 δὲ
2516 1923 2575 1975 τὸ
2598 1924 2817 1994 αἰσχρόν
2848 1941 2859 1954 '
2895 1923 3169 1977 ὲπαινετοὶ
3197 1924 3296 1993 μέν
3328 1926 3492 1992 ἐσμεν
3520 1923 3731 1977 ἐπιδόν-

478 2013 643 2081 hujus
672 2030 793 2084 quae
824 2025 908 2070 est
950 2003 1004 2070 in
1054 2016 1291 2081 homine,
1326 2017 1485 2072 habet
1518 2017 1570 2070 in
1616 2032 1674 2071 se
1706 2017 1811 2070 vim
1854 2017 2041 2084 digno-

480 2108 665 2162 scendi
703 2108 828 2162 boni
858 2096 943 2163 vel
976 2109 1125 2174 mali,
1167 2110 1327 2179 idque
1367 2125 1487 2164 cum
1515 2109 1799 2173 discernit,
1831 2109 1969 2162 inest
1999 2110 2045 2162 ei

480 2197 709 2252 facultas
732 2199 895 2252 etiam
933 2199 1165 2268 eligendi
1199 2200 1339 2267 quod
1364 2200 1692 2269 probaverit,
1725 2199 1774 2251 in
1806 2198 2049 2268 eligendo

480 2290 695 2357 quidem
732 2293 876 2359 quod
926 2292 1124 2345 bonum
1172 2300 1275 2354 est,
1326 2291 1633 2355 laudabilis,
1680 2292 1735 2345 in
1776 2292 2049 2359 sequendo

479 2394 610 2434 vero
646 2382 787 2450 quod
824 2390 979 2449 turpe
1014 2382 1095 2436 vel
1122 2383 1321 2436 malum
1353 2391 1459 2445 est,
1495 2382 1618 2449 jure
1652 2383 1933 2451 culpabilis
1961 2381 2049 2451 ju-~

479 2469 713 2525 dicetur.
759 2471 895 2525 Illud
935 2487 1065 2526 sane
1112 2487 1450 2541 nequaquam
1503 2472 1674 2526 latere
1726 2488 1826 2527 nos
1866 2474 2045 2538 debet,

481 2562 623 2629 quod
666 2563 718 2615 in
752 2562 1026 2617 nonnullis
1057 2564 1219 2617 mutis
1245 2562 1568 2618 animalibus
1600 2564 1901 2619 ordinatior
1930 2566 2051 2635 qui—

480 2657 602 2705 dem
637 2664 811 2709 motus
842 2671 907 2709 ac
939 2656 1156 2709 casteris
1190 2656 1517 2710 animalibus
1551 2656 1841 2721 invenitur,
1887 2667 1944 2710 ut
1996 2659 2047 2712 in

477 2745 766 2815 sagacibus
799 2748 1022 2802 canibus
1058 2746 1138 2801 vel
1186 2747 1540 2801 bellatoribus
1568 2749 1743 2817 equis,
1779 2750 1849 2802 ita
1885 2758 1942 2803 ut
1972 2750 2049 2803 vi-

477 2836 711 2889 deantur
755 2838 1022 2907 aliquibus
1068 2838 1213 2893 velut
1248 2838 1556 2893 rationabili
1603 2841 1836 2908 quodam
1885 2856 2047 2895 sensu

478 2929 709 2982 moveri.
753 2927 860 2984 Sed
909 2931 959 2983 id
1008 2946 1113 2985 non
1154 2940 1262 2984 tam
1318 2933 1526 2987 ratione
1575 2948 1733 3001 quam
1777 2934 2050 2987 incentivo

476 3018 711 3087 quodam
739 3028 793 3072 et
825 3022 1050 3074 naturali
1076 3031 1220 3075 motu
1255 3036 1353 3088 pro
1382 3020 1689 3089 hujusmodi
1721 3024 1907 3077 usibus
1936 3023 2049 3075 lar-

476 3108 597 3176 gius
635 3108 841 3163 indulto
876 3111 988 3164 ﬁeri
1017 3102 1340 3165 credendum
1380 3121 1482 3166 est.
1532 3112 1728 3166 Verum
1770 3124 1828 3166 ut
1870 3113 2051 3166 dicere

475 3213 842 3268 cmpcramus,
873 3218 996 3255 cum
1034 3203 1107 3255 ita
1140 3219 1197 3258 se
1230 3176 1434 3272 ,liabeat
1481 3204 1802 3259 rationabile
1830 3204 2050 3267 animal,

2150 2032 2238 2079 τες
2278 2016 2501 2078 ἑαυτοὺς
2544 2018 2609 2085 τῇ
2654 2015 2851 2086 πράξει
2898 2014 2990 2068 τοῦ
3036 2014 3222 2081 καλοῦ,
3256 2014 3445 2084 ψεκτοὶ
3489 2015 3544 2067 δὲ
3585 2015 3729 2068 κατὰ

2150 2105 2209 2159 τὸ
2249 2104 2510 2158 ἐναντίον.
2546 2106 2657 2157 υὺκ
2697 2105 2988 2175 ἀγνοητέον
3029 2106 3205 2175 μέντοι
3242 2122 3303 2172 γε
3352 2106 3433 2157 ὅτι
3474 2105 3535 2158 τὸ
3569 2106 3731 2160 πλέον

2149 2198 2247 2268 τῆς
2293 2200 2371 2261 εἰς
2411 2197 2588 2250 πάντα
2636 2197 2973 2267 τεταγμένης
3016 2197 3227 2266 φύσεως
3271 2196 3451 2258 ποσῶς
3491 2198 3639 2251 ἐστιν
3672 2200 3728 2251 ὲν

2150 2294 2260 2353 τοῖς
2292 2289 2468 2353 ζώοις,
2496 2287 2589 2340 ἐπὶ
2615 2287 2675 2339 τὸ
2718 2287 2881 2341 πλέον
2902 2288 2979 2352 δὲ,
3012 2286 3044 2357 ἢ
3078 2287 3169 2339 ἐπὶ
3198 2286 3257 2338 τὸ
3307 2287 3546 2350 ἔλαττον,
3587 2288 3727 2341 ὥστε

2151 2381 2317 2449 ἐγγύς
2358 2398 2459 2433 που
2501 2374 2660 2442 εἶναι,
2703 2380 2766 2431 ἵν’
2793 2377 2965 2440 οὕτως
3007 2377 3165 2441 εἴπω,
3202 2376 3294 2430 τοῦ
3338 2377 3553 2445 λογικοῦ
3579 2378 3640 2432 τὸ
3672 2381 3731 2431 ἐν

2150 2476 2261 2535 τοῖς
2303 2475 2569 2542 ἰχνευταῖς
2597 2472 2751 2523 κυσὶν
2785 2469 2962 2540 ἔργον,
3009 2470 3101 2521 καὶ
3154 2472 3211 2522 ὲν
3261 2472 3373 2532 τοῖς
3415 2470 3731 2540 πολεμικοῖς

2152 2564 2356 2626 ἵπποις.
2407 2564 2479 2615 Τὸ
2512 2563 2609 2633 μὲν
2654 2557 2745 2614 οὖν
2790 2563 3079 2613 ὑποπεσεῖν
3116 2560 3231 2613 τόδε
3276 2578 3326 2613 τι
3369 2562 3475 2616 τῶν
3535 2560 3731 2626 ἔξωθεν

2153 2653 2449 2725 φαντασίαν
2487 2654 2619 2723 ἡμῖν
2656 2648 2836 2705 κιν;ῦν
2875 2649 3081 2703 τοιάνδε
3114 2649 3146 2720 ἢ
3181 2650 3405 2715 τοιάνδε,
3437 2652 3730 2721 ὁμολογου-

2156 2746 2329 2817 μένως
2360 2745 2461 2797 οὐκ
2502 2744 2616 2795 ἔστι
2660 2742 2767 2796 τῶν
2813 2743 2896 2811 ἐφ’
2926 2742 3075 2811 ἡμῖν.
3119 2741 3191 2793 Τὸ
3223 2742 3278 2793 δὲ
3322 2747 3500 2814 κρῖναι
3534 2744 3733 2798 οὑτωσὶ

2152 2837 2458 2909 χρήσασθαι
2488 2835 2564 2905 τῷ
2602 2834 2897 2904 γενομένῳ,
2930 2834 2961 2904 ἢ
3002 2832 3221 2905 ἑτέρως,
3256 2835 3354 2886 οὐκ
3390 2835 3547 2889 ἄλλου
3586 2838 3734 2901 τινὸς

2153 2928 2309 2999 ἔργον
2350 2927 2381 2998 ἢ
2428 2926 2520 2978 τοῦ
2571 2927 2627 2977 ὲν
2672 2926 2803 2995 ἡμῖν
2854 2923 3010 2991 λόγου
3063 2924 3230 2987 ἐστὶν,
3277 2925 3393 2995 ἤτοι
3438 2925 3591 2996 παρὰ
3626 2925 3733 2995 ,τὰς

2152 3019 2405 3090 άεεορμὰς
2443 3016 2791 3089 ἐνεργοῦντος
2821 3017 2966 3086 ἡμᾶς
3011 3014 3146 3086 πρὸς
3188 3016 3286 3080 τὰς
3337 3017 3427 3070 ἐπὶ
3471 3018 3532 3071 τὸ
3571 3019 3733 3073 καλὸν

2153 3110 2631 3181 προσκαλουμένας
2656 3110 2749 3163 καὶ
2774 3108 2835 3161 τὸ
2860 3107 3097 3178 καθῆκον
3137 3108 3334 3180 ὁρμάς,
3372 3108 3405 3180 ἢ
3435 3113 3529 3165 ἐπὶ
3560 3112 3621 3166 τὸ
3648 3114 3735 3166 ὲν-

2158 3203 2339 3256 αντίον
2363 3203 2741 3275 ἐκτρέποντος.

475 3292 633 3345 nobis
668 3292 977 3349 hominibus
1014 3297 1256 3352 incidere
1286 3299 1500 3367 quidem
1540 3299 1878 3353 extrinsecus
1928 3306 2155 3366 possunt
2210 3296 2387 3366 aliqua
2424 3310 2481 3351 et
2516 3314 2807 3355 occurrere
2842 3301 2955 3356 sive
3007 3300 3073 3354 ad
3122 3301 3291 3355 visum
3355 3302 3469 3356 sive
3521 3302 3588 3357 ad
3635 3318 3735 3356 au-

480 3386 671 3448 ditum,
738 3386 821 3440 vel
871 3387 935 3439 ad
984 3388 1120 3442 alios
1184 3403 1378 3444 sensus
1423 3406 1545 3460 qua:
1593 3405 1691 3444 nos
1735 3390 2012 3444 concitent
2049 3404 2112 3444 ac
2164 3400 2460 3460 provocent
2507 3391 2573 3444 ad
2626 3392 2796 3447 bonos
2858 3394 2936 3448 vel
2985 3396 3295 3449 contrarios
3351 3405 3528 3451 motus
3566 3411 3582 3449 :
3616 3410 3737 3465 qua:

478 3479 811 3550 utique,quia
837 3482 1177 3537 extrinsecus
1208 3483 1471 3547 incidunt,
1505 3501 1609 3539 non
1668 3496 1749 3540 est
1806 3486 1858 3539 in
1900 3494 2082 3539 nostra
2122 3487 2356 3555 positum
2386 3495 2656 3555 potcsmte
2699 3503 2766 3542 ne
2811 3488 3053 3543 incidant
3107 3490 3186 3544 vel
3243 3501 3552 3546 occurrant.
3587 3489 3745 3546 Judi-

478 3584 607 3624 care
651 3586 777 3626 vero
816 3580 870 3625 et
919 3573 1168 3641 probare,
1203 3575 1435 3643 qualiter
1474 3577 1549 3629 uti
1601 3577 1894 3632 debeamus
1944 3576 2027 3631 his
2082 3593 2202 3646 quae
2240 3579 2508 3644 incidunt,
2564 3579 2763 3635 nullius
2827 3580 3050 3635 alterius
3087 3597 3173 3636 res
3201 3592 3283 3635 cst
3306 3582 3383 3637 vel
3417 3584 3577 3654 110
3601 3600 3740 3655 opus

480 3659 583 3715 nisi
609 3660 838 3715 rationis
869 3661 984 3730 ejus
1014 3678 1133 3730 qua:
1166 3674 1248 3718 est
1281 3665 1333 3717 in
1370 3667 1549 3730 nobis,
1604 3667 1654 3721 id
1715 3676 1798 3722 est
1847 3668 2015 3722 nostri
2063 3667 2253 3736 judicii
2288 3682 2302 3721 :
2333 3670 2491 3737 cujus
2553 3670 2783 3725 rationis
2826 3670 3029 3740 judicio
3077 3673 3740 3759 incidentibus.extrinse.

478 3768 577 3810 cus
599 3751 1015 3806 concitamcntis
1041 3754 1317 3809 abutimur
1344 3758 1408 3810 ad
1446 3758 1495 3811 id
1530 3758 1887 3828 quodcunque
1937 3759 2049 3827 ipsa
2098 3759 2233 3814 ratio
2289 3762 2620 3831 probaverit,
2691 3762 3027 3820 naturalibus
3075 3765 3310 3821 motibus
3365 3751 3567 3823 nostris
3603 3778 3737 3827 nutu

480 3844 597 3915 ejus
628 3842 709 3898 vel
745 3845 810 3896 ad
862 3842 999 3896 bona
1033 3844 1113 3897 vel
1146 3845 1212 3899 ad
1261 3848 1529 3901 contraria
1568 3848 1883 3917 gubernatis
1917 3848 2052 3919 (14).

553 3944 608 3997 4.
636 3943 692 3998 Si
724 3958 852 3998 vero
876 3944 996 4012 quis
1022 3944 1165 3997 dicat
1193 3958 1255 3997 ca
1284 3960 1402 4013 qua:
1435 3945 1780 3999 extrinsecus
1806 3945 2045 3999 accidunt

2235 3943 2297 3995 Ei
2328 3941 2384 3995 δέ
2407 3957 2490 4003 τις
2514 3940 2643 3993 αὐτὸ
2670 3940 2732 3993 τὸ
2765 3940 2961 4006 ἔξωθεν
2992 3941 3136 4011 λέγει
3169 3940 3304 3998 εἶναι
3344 3946 3565 4013 τοιόνδε,
3597 3947 3741 4005 ὥστε

480 4045 661 4090 motus
701 4045 918 4088 nostros
961 4036 1314 4103 provocantia
1351 4035 1473 4088 talia
1521 4051 1661 4098 esse,
1702 4045 1759 4090 ut
1795 4038 2045 4105 possibile

2158 4038 2435 4099 ἀδυνάτως
2469 4036 2611 4106 ἔχειν
2653 4035 2968 4104 ἀντιϐλέψαι
3020 4037 3169 4108 αὐτῷ
3212 4030 3399 4109 τοιῷδε
3438 4042 3740 4115 γενομένῳ,

481 4144 587 4183 non
619 4128 689 4182 sit
714 4126 989 4182 adversari
1026 4127 1107 4181 eis
1138 4128 1252 4182 sive
1285 4128 1352 4181 ad
1384 4127 1581 4182 bonum
1609 4129 1723 4183 sive
1749 4129 1814 4181 ad
1847 4128 2045 4181 malum

2157 4121 2311 4190 οὗτος
2338 4126 2686 4197 ἐπιστησάτω
2713 4129 2823 4190 τοῖς
2852 4126 3000 4191 ἰδίοις
3012 4128 3207 4183 πάθεσι
3234 4131 3324 4183 καὶ
3346 4133 3662 4203 κινήμασιν,
3686 4136 3743 4189 ει

1716 4248 2275 4304 lNTERPRETATlO
2298 4247 2505 4304 NOVA.

479 4358 546 4419 an
568 4342 672 4397 ima
691 4352 984 4419 _const_ant,
1032 4344 1312 4419 in_quibus
1343 4345 1509 4400 etiam
1552 4346 1769 4419 metalla
1804 4362 1832 4401 a
1863 4347 2144 4401 nonnullis
2184 4355 2566 4419 numerantur.
2618 4343 2764 4419 ignis
2795 4354 3055 4419 prater-ea
3086 4360 3183 4414 per
3207 4360 3265 4400 se
3298 4346 3411 4415 ipse
3458 4360 3739 4419 movetur,

477 4410 737 4467 fortassis
762 4425 818 4485 et
848 4413 1046 4469 fontes.
1076 4410 1274 4468 Eorum
1311 4427 1490 4468 autem
1524 4431 1645 4485 qua:
1674 4417 1812 4471 inse
1848 4426 2024 4470 motus
2058 4431 2280 4470 causam
2321 4418 2543 4481 habent,
2581 4410 2687 4469 alia
2723 4410 2898 4480 ex'se,
2935 4416 3039 4470 alia
3086 4410 3115 4468 2.
3146 4432 3205 4471 se
3237 4410 3438 4470 moveri
3487 4420 3679 4475 dicunt
3720 4410 3736 4479 Ξ

476 4497 548 4537 ex
571 4498 628 4539 se
663 4484 884 4552 quidem
913 4485 1171 4549 inanima,
1199 4500 1227 4537 a
1266 4501 1323 4539 se
1351 4486 1491 4557 ipsis
1514 4484 1642 4541 vero
1667 4488 1929 4541 animata.
1965 4485 2103 4539 Nam
2135 4500 2251 4557 ase
2274 4495 2561 4540 moventur
2594 4486 2857 4557 animata,
2891 4485 3178 4554 phantasia
3211 4487 3339 4554 ipsis
3368 4488 3530 4542 insita
3566 4490 3743 4557 impc-

480 4560 595 4626 tum
648 4566 982 4626 provocante
1017 4573 1030 4609 ;
1065 4565 1119 4609 et
1165 4570 1350 4609 rursus
1404 4556 1728 4626 quibusdam
1788 4557 2118 4610 animalibus
2173 4556 2359 4610 insunt
2395 4556 2699 4625 phantasite
2746 4556 3006 4623 impetum
3060 4568 3452 4624 provocantes;
3504 4556 3743 4616 facultas

478 4624 681 4699 quippe
718 4625 1018 4695 imaginum
1046 4626 1244 4699 artifex
1282 4624 1437 4699 illuni
1468 4638 1619 4681 certo
1650 4628 1884 4699 quodam
1920 4636 1981 4699 et
2006 4627 2232 4680 delinito
2254 4624 2516 4699 provecat
2536 4626 2727 4699 ordine
2760 4646 2779 4699 εγ
2801 4627 2879 4699 sic
2905 4627 3535 4699 aranea:_itiest__texentli
3567 4632 3745 4699 phanc

480 4695 639 4760 Iasia,
682 4710 844 4772 quam
874 4698 1087 4772 texendi
1116 4698 1387 4772 appetitus
1417 4699 1792 4772 consequitur,
1823 4697 2117 4772 imaginum
2161 4695 2373 4772 artifice
2425 4704 2617 4772 natura
2652 4698 2716 4772 ad
2770 4697 2835 4772 id_
2858 4698 3108 4751 ordinate
3135 4696 3450 4765 impellente
3470 4737 3486 4765 ,
3539 4695 3745 4772 printer

479 4778 654 4834 quam
678 4765 813 4817 nihil
848 4766 991 4820 aliud
1023 4782 1144 4820 esse
1174 4768 1419 4821 creditur
1443 4769 1492 4821 in
1529 4770 1825 4828 animante,
1857 4782 1924 4819 ne
1955 4766 2004 4818 in
2032 4781 2128 4834 ape
2152 4768 2368 4833 quidem
2399 4767 2463 4819 ad
2496 4766 2777 4833 fingendos
2814 4766 2985 4822 favos.

550 4831 605 4885 3.
634 4833 705 4907 A__t
735 4836 1349 4907 veroanimalrationis
1391 4854 1613 4905 compos
1643 4847 1839 4905 praeter
1882 4831 2129 4889 naturam
2163 4831 2872 4907 imaginzmtetnfrationem
2904 4837 3065 4891 habet
3091 4852 3210 4905 qua:
3237 4837 3498 4906 imagines
3531 4839 3745 4907 dijudi-

479 4910 593 4965 cat,
623 4901 761 4973 alias
790 4904 1008 4970 quidem
1043 4905 1314 4972 rejiciens.
1356 4908 1492 4960 alias
1517 4901 1654 4961 vero
1680 4906 1749 4958 ita
1780 4906 2087 4973 suscipiens
2116 4918 2174 4959 nt
2202 4901 2402 4959 animal
2432 4908 2511 4959 eis
2549 4908 2793 4959 duoatnr.
2829 4905 2978 4960 Unde
3009 4901 3133 4960 cum
3174 4910 3227 4961 in
3273 4901 3501 4961 rationis
3532 4901 3739 4965 natura

479 4972 723 5045 quaedam
756 4974 865 5026 sint
889 4974 953 5026 ad
983 4973 1265 5026 honestum
1294 4986 1346 5027 et
1389 4987 1543 5043 turpe
1571 4972 2045 5045 contenrplamlmn
2089 4977 2399 5041 adiumenta
2434 4992 2662 5042 quorum
2705 4991 2805 5043 ope
2845 4986 3073 5045 utroque
3130 4990 3415 5045 perspecto
3448 4978 3741 5035 honestum

478 5042 755 5114 eligimus,
784 5054 938 5114 turpe
967 5044 1286 5114 devitamus,
1323 5042 1487 5098 laude
1502 5057 1650 5099 certe
1702 5042 1841 5114 digni
1896 5062 2084 5100 sumus
2115 5048 2239 5100 dum
2284 5062 2380 5098 nos
2426 5046 2692 5099 honestati
2728 5042 3012 5109 dedimus;
3040 5042 3330 5114 vituperio,
3363 5047 3488 5100 dum
3519 5049 3571 5101 in
3603 5065 3743 5103 con-

482 5111 708 5185 trat‘ium
745 5113 1058 5185 dilabituur.
1098 5112 1281 5181 Neque
1330 5115 1682 5184 ignorantium
1713 5111 1794 5168 es't
1840 5126 2046 5168 natur-.c
2074 5133 2193 5183 qua:
2244 5118 2294 5168 in
2342 5119 2521 5168 otnnia
2558 5116 2843 5169 distributa
2878 5126 2981 5178 est,
3034 5111 3290 5185 majorem
3334 5119 3747 5185 quodammodo

480 5180 532 5259 in
564 5182 893 5259 animalibus
919 5184 1025 5236 vim
1058 5180 1327 5259 cssesive
1351 5180 1432 5236 'ad
1463 5186 1673 5259 majora
1700 5185 1818 5259 sive
1853 5187 1920 5239 ad
1960 5180 2167 5259 minora
2202 5187 2530 5259 peragenda,
2573 5186 2706 5238 adeo
2738 5194 2793 5238 ut
2840 5187 3045 5259 advim
3092 5180 3321 5259 rationis
3345 5180 3538 5259 prope.
3572 5198 3633 5242 ut
3663 5191 3745 5245 ita

479 5252 678 5327 dicam,
715 5252 937 5327 accedat
968 5269 1161 5327 canum
1196 5254 1247 5306 in
1281 5252 1667 5327 investigandis
1693 5255 1820 5309 feris
1847 5257 2137 5323 sagacitas,
2170 5252 2224 5310 et
2255 5252 2571 5327 bellatorum
2606 5270 2867 5323 equorum
2904 5256 3223 5311 dexteritas.
3257 5257 3323 5311 Ut
3346 5252 3534 5326 'igitur
3572 5260 3743 5327 quid-

477 5323 625 5385 piam
656 5323 994 5376 extrinsecus
1018 5324 1240 5387 incidat,
1263 5326 1405 5392 quod
1437 5325 1820 5393 cogitationem
1850 5327 2006 5379 nobis
2036 5327 2173 5379 hanc
2208 5328 2289 5379 vel
2322 5326 2462 5378 illam
2487 5334 2843 5387 commoveat,
2881 5341 2983 5378 non
3013 5338 3098 5379 est
3125 5326 3177 5379 in
3212 5323 3415 5388 nostra,
3458 5339 3516 5380 ut
3556 5323 3742 5382 faten-

481 5398 569 5440 tur
596 5406 806 5467 omnes,
843 5402 1104 5467 potestate
1120 5411 1144 5467 _:
1183 5398 1285 5447 hoc
1318 5405 1497 5467 autem
1524 5395 1616 5467 vel
1646 5395 1733 5448 illo
1767 5396 1926 5467 modo
1953 5412 2013 5447 ca
2048 5397 2301 5467 utendum
2339 5396 2602 5467 judicare,
2641 5397 2801 5449 unius
2832 5404 2915 5467 est
2959 5406 3156 5448 nostra:
3192 5397 3420 5451 rationis
3446 5412 3584 5465 opus
3616 5414 3743 5467 qua:

479 5473 603 5510 cum
641 5463 980 5540 extrinsecus
1026 5464 1380 5518 incitamenta
1430 5466 1695 5529 incidunt,
1740 5464 1826 5519 vel
1881 5480 1979 5519 nos
2018 5466 2086 5519 ad
2128 5469 2364 5536 impetus
2394 5466 2525 5519 recti
2556 5475 2609 5519 et
2637 5466 2847 5521 honesti
2881 5474 3161 5534 provocat,
3198 5468 3279 5522 vel
3306 5468 3359 5521 in
3396 5463 3743 5524 contrarium

482 5541 703 5583 avertit.

559 5601 610 5653 ι.
640 5599 794 5665 Quod
826 5601 869 5655 si
903 5604 1025 5673 quis
1052 5603 1322 5672 ejusmodi
1356 5618 1474 5659 esse
1506 5606 1580 5660 ait
1607 5606 1751 5676 quod
1782 5606 2125 5661 extrinsecus
2155 5618 2355 5673 movet,
2380 5620 2439 5662 ut
2472 5606 2520 5659 ei
2554 5605 2867 5676 impulsioni
2904 5619 3059 5661 nemo
3084 5614 3275 5662 contra
3318 5606 3589 5664 obsistere
3611 5622 3750 5681 pos-

558 5762 672 5839 (14)
702 5765 792 5825 Sic
842 5784 953 5827 mss
1025 5768 1287 5827 Merliuus
1337 5784 1482 5838 vero,
1522 5787 1539 5822 ι
1579 5770 1659 5828 vel
1695 5770 1760 5827 ad
1800 5773 1941 5829 bona
1975 5768 2060 5828 vel
2088 5771 2155 5829 ad
2189 5771 2328 5828 mala
2355 5770 2691 5846 gubernatis.
2734 5790 2757 5825 ι
