3988 6418
1807 336 2131 396 ORIGENIS
2167 340 2328 396 ΠΕΡΙ
2365 338 2596 396 APXON

3715 343 3822 398 256

558 469 842 539 Quomodo
871 468 1015 524 enim
1049 465 1296 523 videmus
1323 461 1434 536 (22)
1468 460 1522 517 in
1553 457 1990 532 quamplurimis,
2021 477 2125 518 eun

2254 462 2428 534 μένων
2481 461 2628 535 παρά
2658 462 2783 525 τοὺς
2810 461 2874 533 τῇ
2915 460 3073 532 φύσει
3105 460 3366 534 πρότερον
3416 462 3480 516 οὐ
3526 462 3822 527 δοκοῦντας

557 565 712 637 prius
769 561 1165 619 incontinenter
1213 559 1680 626 intemperateque
1732 553 2025 618 vixissent,
2076 570 2140 611 ac

556 654 793 711 luxuria:
821 653 1052 709 fuissent
1084 649 1437 718 libidinisque
1472 647 1696 715 captivi,
1732 647 1776 702 si
1811 647 1950 704 forte
1972 648 2139 704 verbo

557 748 814 802 doctrinm
841 755 1004 813 atque
1029 739 1357 798 eruditionis
1388 741 1442 794 in
1474 738 1668 795 melius
1693 740 1965 810 provocati
1990 748 2136 804 sunt,

555 845 764 893 tantam
793 835 1070 891 exstitisse
1103 832 1606 894 commutationem,
1643 839 1699 884 ut
1737 846 1800 885 ex
1839 829 2138 885 luxuriosis

555 937 608 984 et
660 929 905 998 turpibus
951 925 1118 981 sobrii
1155 933 1211 979 et
1257 922 1551 978 castissimi
1605 938 1668 978 ac
1717 922 2136 977 mansuetissimi

555 1020 944 1085 redderentur;
989 1019 1060 1072 ita
1120 1031 1336 1072 rursum
1394 1014 1646 1068 videmus
1681 1013 1732 1066 in
1776 1012 1897 1067 aliis
1938 1013 2136 1081 quietis

551 1119 606 1166 et
645 1109 924 1172 honestis,
973 1124 1094 1164 cum
1146 1124 1205 1164 se
1253 1108 1388 1161 forte
1435 1105 1692 1175 inquietis
1729 1104 2033 1160 hominibus
2073 1119 2137 1158 ac

551 1200 804 1270 turpibus
838 1199 950 1270 (23)
981 1201 1262 1260 sociarint,
1304 1199 1575 1268 corrumpi
1615 1212 1794 1252 mores
1825 1197 1992 1250 honos
2023 1197 2134 1249 col-

550 1295 748 1364 loquiis
777 1295 931 1347 malis
976 1295 1021 1326 '5
1045 1333 1059 1358 ,
1113 1303 1167 1348 et
1211 1291 1348 1346 efﬁci
1389 1306 1484 1347 eos
1522 1290 1655 1346 tales
1683 1287 1868 1358 quales
1901 1297 2027 1340 sunt
2058 1287 2130 1341 illi

549 1389 749 1458 quibus
789 1385 922 1440 nihil
953 1385 1017 1438 ad
1052 1385 1436 1454 turpitudinem
1468 1385 1654 1447 deest;
1710 1391 1765 1436 ct
1812 1381 1915 1434 hoc
1965 1381 2132 1433 inter~

551 1477 679 1530 dum
723 1477 907 1532 evenit
960 1487 1168 1532 matura
1216 1478 1328 1547 jam
1369 1488 1526 1533 :etate
1569 1476 1721 1539 viris,
1765 1475 1923 1528 itaut
1959 1473 2133 1528 conti-

550 1568 829 1623 nentiores
885 1570 937 1623 in
985 1569 1271 1638 juventute
1302 1570 1556 1633 vixerint,
1591 1583 1752 1636 quam
1783 1581 1903 1620 cum
1941 1579 2133 1634 prove-

547 1659 690 1743 ctior
721 1671 854 1714 aetas
881 1660 1196 1716 facultatem
1238 1662 1359 1714 vine
1401 1660 1671 1714 liberioris
1708 1658 1948 1713 indulsit.
1993 1659 2101 1710 (Ion

550 1751 831 1820 sequentia
885 1767 1014 1820 ergo
1059 1753 1284 1806 rationis
1333 1750 1568 1806 ostendit
1613 1751 1753 1819 quod
1801 1764 1861 1802 ea
1912 1749 2124 1818 quidem

2239 549 2381 608 εἶναι
2405 554 2697 619 τοιούτους,
2753 554 2848 609 καὶ
2892 553 3000 608 τῶν
3043 553 3392 626 ἀγριωτάτων
3441 555 3524 618 εἰς
3567 554 3824 610 τοσοῦτον

2241 645 2578 718 ἡμερότητος
2616 643 3074 716 μεταϐαλλόντων,
3097 645 3235 697 ὥστε
3267 646 3394 709 τοὺς
3431 644 3570 717 μηδέ
3604 645 3824 699 πώποτε

2239 737 2411 801 οὕτως
2448 737 2834 808 ἀγριωθέντας,
2868 736 3093 808 ἀγρίους
3122 734 3260 790 εἶναι
3285 737 3482 802 δοκεῖν,
3536 739 3824 808 συγκρίσει

2239 830 2390 883 τοῦδέ
2433 847 2577 893 τινος
2627 829 3087 900 μεταδεόληκότος
3128 829 3219 881 ἐπὶ
3275 829 3336 882 τὸ
3365 829 3589 901 ἥμερον.
3652 830 3826 902 Ὁρῶ-

2242 922 2340 994 μέν
2373 939 2430 975 τε
2467 922 2687 993 ἐτέρους
2714 921 3168 984 εὑσταθεστάτους
3215 920 3309 975 καὶ
3341 921 3723 991 σεμνοτάτους,
3758 924 3824 976 ἐκ

2239 1014 2568 1085 διαστροφῆς
2615 1014 2704 1067 ἐπὶ
2734 1015 2830 1078 τὰς
2849 1015 3062 1084 χείρους
3081 1012 3364 1085 διατριϐὰς
3387 1015 3827 1085 ἐκκρουομένους

2235 1103 2328 1156 τοῦ
2359 1104 2555 1174 σεμνοῦ
2591 1104 2684 1157 καὶ
2707 1103 3036 1168 εὐσταθοῦς,
3072 1103 3212 1165 ὥστε
3259 1105 3340 1167 εἰς
3389 1104 3692 1159 ἀκολασίαν
3735 1109 3829 1160 αὑ-

2237 1197 2360 1258 τοὺς
2397 1195 2756 1266 μεταϐαλεῖν,
2791 1194 3046 1258 πολλάκις
3098 1194 3434 1266 ἀρχομένους
3484 1196 3585 1268 τῆς
3634 1197 3830 1251 ἀκολα-

2237 1288 2358 1350 σίας
2387 1287 2658 1358 μεσούσης
2677 1287 2778 1356 τῆς
2805 1286 3034 1357 ἡλικίας,
3066 1287 3158 1339 καὶ
3191 1287 3566 1357 ἐμπίπτοντας
3585 1289 3667 1351 είς
3690 1289 3827 1341 ἀτα-

2239 1376 2355 1441 ξίαν
2393 1377 2531 1448 μετὰ
2584 1375 2645 1430 τὸ
2699 1375 3119 1450 παρεληλυθέναι
3167 1376 3226 1428 τὸ
3265 1377 3362 1448 τῆς
3405 1377 3661 1447 νεότητος
3701 1379 3830 1432 ὅσον

2237 1471 2328 1522 ἐπὶ
2359 1473 2422 1541 τῇ
2460 1470 2618 1540 φύσει
2649 1469 2896 1524 ἄστατον.
2932 1469 3139 1523 Οὐκοῦν
3171 1473 3199 1522 ό
3229 1469 3383 1537 λόγος
3419 1470 3695 1523 δείκνυσιν
3742 1471 3830 1523 ὅτι

2235 1563 2302 1616 τά
2344 1563 2439 1633 μὲν
2483 1562 2680 1629 ἔξωθεν
2719 1564 2819 1615 οὐκ
2853 1562 2934 1631 ἐφ’
2973 1565 3103 1632 ἡμῖν
3158 1564 3309 1628 ἐστι,
3373 1563 3434 1615 τὸ
3480 1563 3538 1615 δέ
3581 1563 3756 1626 οὕτως
3788 1563 3826 1636 ἢ

2237 1658 2496 1728 ἐναντίως
2525 1656 2828 1728 χρήσασθαι
2859 1656 3042 1720 αὐτοῖς
3087 1656 3175 1708 τὸν
3222 1655 3375 1724 λόγον
3421 1657 3618 1728 κριτὴν
3653 1673 3832 1728 παρα-

2235 1725 2465 1798 λαϐόντα
2499 1746 2592 1799 καὶ
2621 1744 2911 1816 ἐξεταστὴν
2954 1744 3048 1798 τοῦ
3082 1745 3200 1808 πῶς
3232 1746 3312 1798 δεῖ
3343 1747 3478 1818 πρὸς
3516 1746 3650 1801 τάδε
3703 1748 3830 1800 τινὰ

549 1854 671 1911 quae
696 1842 1039 1898 extrinsecus
1069 1843 1328 1903 incidunt,
1380 1843 1432 1895 in
1479 1849 1660 1896 nostra
1713 1849 1980 1910 potestate
2021 1855 2123 1892 non

2237 1837 2336 1890 τῶν
2372 1838 2569 1905 ἔξωθεν
2599 1838 2928 1908 ἀπαντῆσαι,
2965 1837 3122 1908 ἔργον
3157 1838 3301 1890 ἐστὶν
3326 1839 3618 1910 ἡμέτερον.
3713 1844 3716 1848 ’

545 1946 698 1992 sunt:
731 1938 869 1993 bene
908 1955 1036 1993 vero
1090 1938 1172 1993 vel
1209 1939 1344 1992 male
1375 1939 1449 1991 uti
1487 1938 1571 1992 his
1609 1953 1726 2005 qua:
1765 1936 2031 1999 incidunt,
2093 1949 2154 1989 ea
2205 1935 2409 1988 ratione
2451 1951 2568 2002 quae
2621 1933 2761 1986 intra
2807 1948 2904 1987 nos
2953 1942 3059 1997 est,
3113 1933 3454 1987 discernente
3505 1947 3571 1986 ac
3621 1932 3827 2003 dijudi-

545 2038 704 2086 cante
746 2034 1016 2101 quomodo
1068 2033 1154 2087 his
1201 2033 1276 2086 uti
1329 2022 1594 2101 oporteat,
1628 2040 1825 2085 nostra:
1857 2043 1942 2085 est
1985 2030 2284 2099 potestatis.
2893 2012 2903 2022 ’

625 2125 677 2179 6.
718 2125 788 2182 Ut
825 2137 1000 2182 autem
1031 2143 1093 2183 ea
1122 2142 1242 2196 quae
1272 2127 1410 2181 ratio
1439 2135 1837 2196 consequenter
1867 2126 2124 2188 ostendit,

545 2216 709 2272 etiam
749 2218 1150 2287 Scripturarum
1191 2219 1517 2272 auctoritate
1561 2216 1872 2282 firmemus,
1921 2217 1972 2271 id
2021 2227 2124 2281 est,

545 2309 686 2380 quod
727 2311 897 2364 nostri
925 2308 1104 2380 operis
1141 2323 1222 2365 est
1261 2322 1410 2365 recte
1441 2309 1522 2364 vel
1550 2310 1727 2364 utiuus
1753 2317 1896 2364 recte
1925 2309 2123 2376 vivere,

548 2411 603 2456 et
637 2417 742 2456 non
777 2400 862 2456 vel
891 2418 957 2456 ex
983 2403 1064 2456 his
1094 2417 1212 2470 quze
1246 2403 1584 2456 extrinsecus
1623 2400 1893 2465 incidunt,
1926 2401 2029 2462 vel,
2069 2409 2125 2453 ut

546 2490 765 2560 quidam
799 2497 1012 2558 putant,
1044 2487 1171 2542 fatis
1201 2488 1518 2557 urgentibus
1560 2489 1834 2557 cogimur,
1880 2488 2125 2542 testimo—

547 2584 694 2638 nium
713 2582 864 2637 dabit
881 2581 1128 2637 Michmas
1145 2582 1397 2650 propheta
1419 2581 1504 2634 his
1525 2583 1567 2649 1
1581 2582 1681 2650 12
1699 2580 1878 2634 verbis
1898 2581 2081 2634 dicens
2109 2599 2121 2634 :

551 2693 572 2727 ι
603 2672 658 2728 Si
684 2674 1056 2728 annuntiatum
1093 2673 1187 2727 tibi
1215 2682 1318 2734 est,
1352 2689 1384 2726 ο
1414 2672 1596 2734 Ιιοιιιο,
1631 2673 1757 2740 quid
1787 2681 1871 2725 est
1902 2672 2122 2735 bonum,

545 2774 640 2820 aut
672 2766 798 2832 quid
836 2766 1092 2825 Dominus
1127 2765 1354 2834 requirit
1399 2781 1427 2818 a
1467 2773 1538 2830 te,
1579 2764 1677 2818 nisi
1729 2774 1784 2817 ut
1831 2763 1999 2818 facias
2037 2764 2124 2833 ju-

543 2857 743 2912 dicium
779 2864 834 2911 et.
868 2856 1058 2925 diligas
1085 2857 1533 2920 misericordiam,
1571 2868 1625 2911 et
1661 2867 1881 2926 paratus
1925 2857 2001 2913 sis
2046 2858 2130 2910 ire‘

544 2960 665 3002 cum
703 2945 932 3000 Domino
967 2947 1076 3002 Deo
1124 2955 1214 3001 tuo
1256 2947 1343 3001 "‘1
1387 2967 1405 2999 ›
1454 2948 1517 3002 Et
1562 2947 1770 3018 Moyses
1820 2949 1892 3001 ita
1949 2947 2117 3001 dicit:

549 3053 567 3084 ι
603 3033 762 3088 Posui
793 3043 918 3090 ante
944 3033 1134 3088 faciem
1168 3045 1310 3089 tuam
1346 3037 1483 3091 viam
1532 3038 1653 3090 vita:
1694 3047 1747 3092 et
1797 3037 1937 3091 viam
1977 3053 2122 3090 rnor-

543 3124 649 3188 tis,
694 3125 832 3194 elige
876 3126 1016 3195 quod
1068 3126 1266 3181 bonum
1323 3136 1436 3190 est,
1477 3137 1531 3182 et
1577 3128 1763 3184 incede
1795 3129 1846 3182 in
1890 3143 1957 3183 eo
1985 3129 2050 3183 ".
2096 3148 2116 3183 ι

540 3211 607 3266 Ει
637 3212 802 3268 lsaias
833 3215 905 3267 ita
940 3215 1047 3268 ait:
1112 3233 1129 3264 ι
1167 3212 1221 3268 Si
1272 3216 1552 3271 volueritis
1592 3225 1645 3272 et
1685 3219 1961 3273 audieritis
2009 3234 2117 3284 me,

2309 2124 2428 2175 Ὅτι
2462 2123 2517 2176 δέ
2545 2122 2704 2195 ἔργον
2731 2121 2999 2194 ἡμέτερον
3020 2122 3077 2174 το
3115 2120 3310 2190 βιῶσαι
3342 2119 3526 2184 καλῶς
3555 2123 3697 2185 ἐστι,
3727 2123 3828 2175 καὶ

2233 2215 2374 2267 αἰτεῖ
2419 2213 2564 2282 ἡμᾶς
2606 2211 2761 2264 τοῦτο
2793 2213 2820 2264 ὁ
2867 2211 3018 2274 Θεὶς,
3047 2212 3121 2274 ὡς
3153 2211 3251 2264 οὐκ
3285 2209 3449 2264 αὑτοῦ
3483 2210 3577 2274 ὃν,
3607 2210 3729 2263 οὐδὲ
3769 2211 3832 2277 ἐξ

2234 2307 2418 2378 ἐτέρου
2449 2303 2591 2368 τινὸς
2621 2303 3070 2375 παραγινόμενον,
3092 2305 3147 2375 ἢ,
3172 2304 3246 2368 ὡς
3273 2303 3475 2356 οἴονταί
3522 2320 3687 2368 τινες,
3716 2302 3832 2355 ἀπὸ

2233 2398 2590 2470 εἱμαρμένης,
2649 2397 2762 2452 ἀλλ’
2813 2398 2844 2468 ἢ
2893 2397 2969 2461 ὼς
3019 2398 3283 2469 ἡμέτερον
3317 2397 3498 2468 ἔργον,
3533 2399 3831 2468 μαρτυρή-

2234 2509 2315 2544 σει
2344 2493 2371 2544 ὁ
2403 2491 2690 2562 προφήτης
2718 2490 2957 2560 Μιχαίας
3001 2488 3174 2556 λέγων
3194 2506 3205 2518 ·
3250 2507 3266 2539 ι
3310 2489 3371 2542 Ei
3405 2488 3684 2559 ἀνηγγέλη
3717 2505 3830 2552 σοι,

2233 2583 2506 2654 ἄνθρωπε,
2537 2582 2588 2634 τί
2617 2581 2779 2635 καλὸν
2805 2621 2820 2648 ,
2853 2581 2885 2651 ἢ
2932 2581 2983 2632 τί
3017 2580 3218 2652 Κύριος
3245 2580 3464 2650 ἐκζητεῖ
3493 2580 3644 2651 παρά
3683 2579 3784 2632 σοῦ
3811 2598 3825 2645 ;

2245 2673 2381 2727 Ἀλλ’
2416 2670 2448 2741 ἦ
2497 2674 2558 2726 τὸ
2618 2675 2787 2725 ποιεῖν
2835 2673 3008 2744 κρῖμα
3039 2672 3131 2724 καὶ
3175 2671 3394 2741 ἀγαπᾷν
3428 2671 3607 2735 ἔλεος;
3647 2691 3666 2722 ι
3711 2674 3832 2726 Καὶ

2231 2764 2465 2834 Μωσῆς·
2511 2781 2528 2814 ι
2581 2762 2814 2816 Τέθεικα
2840 2764 2944 2834 πρὸ
2972 2761 3262 2833 προσώπου
3318 2779 3410 2815 σου
3462 2761 3560 2833 τὴν
3584 2761 3830 2833 ὀδὸντῆς

2235 2855 2380 2926 ζωῆς
2418 2854 2510 2907 καὶ
2544 2855 2643 2925 τὴν
2675 2854 2793 2908 ὁδὸν
2825 2855 2916 2907 τοῦ
2942 2854 3192 2918 θανάτου,
3228 2853 3549 2921 ἐκλέξασθαι
3589 2855 3650 2908 τὸ
3684 2857 3832 2928 ἀγα-

2231 2941 2320 2994 θὸν
2352 2943 2446 2996 καὶ
2473 2942 2798 3012 πορεύεσθαι
2831 2945 2886 2995 ἐν
2911 2942 3078 3014 αὐτῷ.
3115 2963 3131 2993 ι
3165 2945 3272 2996 Καὶ
3309 2945 3566 3007 Ἠσαίας·
3619 2964 3638 2996 ι
3690 2945 3829 3000 Ἐὰν

2235 3031 2423 3104 Θέλητε
2450 3035 2543 3086 καὶ
2576 3033 2927 3102 είσακούσητέ
2959 3050 3080 3103 μου,
3115 3033 3182 3086 τὰ
3207 3034 3387 3102 ἀγαθά
3418 3035 3518 3106 τῆς
3565 3035 3672 3106 γῆς
3717 3037 3831 3105 φά-

2233 3125 2430 3196 γεσΘε·
2467 3126 2561 3178 ἐὰν
2597 3125 2653 3178 δὲ
2704 3124 2776 3196 μὴ
2822 3125 3011 3196 θέλητε
3038 3165 3051 3190 ,
3105 3127 3240 3198 μηδὲ
3280 3128 3641 3199 εἰσακούσητὲ
3692 3147 3829 3199 μου,

2234 3217 2480 3289 μάχαιρα
2515 3216 2657 3286 ὑμᾶς
2681 3215 2993 3269 κατέδεται·
3024 3218 3086 3270 τὸ
3115 3217 3222 3288 γὰρ
3247 3218 3418 3288 στόμα
3457 3219 3669 3290 Κυρίου
3695 3220 3832 3275 sm-

540 3319 659 3374 qnae
692 3304 830 3358 bona
865 3315 990 3358 sunt
1028 3315 1185 3360 terra:
1215 3308 1528 3363 comedetis.
1563 3307 1617 3361 Si
1645 3325 1771 3364 vero
1816 3311 2120 3377 nolueritis,

2237 3310 2358 3380 λησε
2392 3307 2581 3360 ταῦτα.
2617 3327 2634 3359 ι
2669 3308 2779 3359 Καὶ
2815 3309 2871 3360 ἐν
2901 3310 3011 3371 τοῖς
3040 3308 3314 3379 Ψαλμοῖς·
3359 3329 3377 3361 ι
3409 3311 3471 3362 Εἰ
3499 3313 3527 3364 ό
3554 3311 3686 3375 λαός
3712 3329 3828 3383 μου

540 3409 717 3464 neque
763 3394 1041 3448 audieritis
1099 3411 1220 3458 me,
1271 3395 1479 3462 gladius
1527 3413 1622 3451 vos
1675 3409 1997 3464 consumet;
2059 3414 2120 3454 os

2237 3401 2421 3474 ἡκουσέ
2456 3418 2578 3471 μου,
2613 3400 2708 3453 καὶ
2753 3398 2970 3469 Ἰσραὴλ
2990 3403 3110 3463 ταῖς
3136 3400 3272 3463 ὁδοῖς
3310 3419 3408 3470 μου
3437 3403 3486 3453 εί
3517 3404 3828 3479 ἐπορεύθη,

543 3486 686 3540 enim
726 3485 934 3540 Domini
978 3486 1211 3540 locutum
1243 3497 1322 3539 est
1361 3489 1460 3542 hoc
1505 3488 1571 3541 ⁸³.
1617 3509 1634 3540 ι
1677 3489 1741 3543 Ει
1788 3491 1840 3544 in
1883 3490 2112 3546 Psalmis

2237 3510 2277 3546 εν
2309 3490 2387 3561 τῷ
2419 3491 2606 3562 μηδενὶ
2659 3492 2724 3542 ἂν
2760 3492 2884 3552 τοὺς
2937 3488 3162 3560 ἐχθροὺς
3214 3490 3392 3544 αὐτῶν
3445 3494 3826 3558 ἐταπείνωσα,

543 3577 618 3631 ita
664 3576 923 3646 scriptum
965 3583 1080 3629 est:
1122 3594 1139 3626 ι
1183 3575 1238 3629 Si
1271 3579 1497 3645 populus
1546 3593 1698 3633 meus
1735 3580 1973 3641 audisset
2008 3596 2111 3648 me,

2237 3583 2317 3636 ιαὶ
2347 3583 2440 3634 ἐπὶ
2464 3583 2588 3645 τοὺς
2618 3581 2897 3645 θλίϐοντας
2921 3582 3118 3645 αὐτοὺς
3153 3582 3415 3636 ἐπέϐαλον
3434 3582 3500 3636 ἂν
3527 3584 3628 3655 τὴν
3657 3589 3832 3657 χεῖρά

542 3667 708 3724 lsrael
742 3671 785 3724 si
819 3669 870 3724 in
900 3669 999 3725 viis
1029 3671 1165 3725 meis
1197 3671 1550 3735 ambulasset,
1582 3671 1634 3724 in
1671 3669 1900 3730 riailum
1930 3671 2117 3740 utique

2237 3691 2363 3743 μου·
2411 3694 2427 3725 ι
2481 3674 2555 3736 ὡς
2600 3672 2692 3725 ἐπὶ
2737 3673 2813 3744 τῷ
2857 3671 2971 3744 λαῷ
3011 3674 3164 3738 ὄντος
3194 3672 3286 3725 τοῦ
3322 3674 3544 3727 ἀκούειν
3583 3677 3682 3729 καὶ
3723 3696 3834 3731 πο-

543 3761 794 3816 inimicos
819 3759 933 3830 ejus
962 3763 1330 3817 humiliassem
1364 3764 1442 3828 ³³,
1501 3783 1518 3816 ι
1582 3778 1678 3834 per
1707 3765 1848 3833 quod
1884 3763 2120 3818 ostendit

2237 3766 2480 3838 ρεύεσϐαι
2512 3767 2630 3827 ταῖς
2648 3765 2788 3828 ὁδοῖς
2815 3764 2908 3818 τοῦ
2941 3766 3098 3818 Θεοῦ.
3138 3765 3245 3817 Καὶ
3273 3767 3301 3817 ὁ
3325 3766 3516 3838 Σωτὴρ
3546 3767 3604 3820 δὲ
3639 3768 3833 3836 λέγων

539 3857 682 3926 quod
710 3866 826 3910 erat
859 3856 910 3909 in
940 3856 1120 3926 populi
1155 3864 1426 3924 potestate
1458 3855 1646 3909 audire
1685 3865 1756 3909 et
1781 3855 2036 3910 incedere
2067 3855 2118 3908 in

2237 3853 2302 3905 τό·
2328 3872 2345 3902 ι
2389 3851 2529 3920 Ἐγὼ
2545 3852 2603 3904 δέ
2628 3851 2768 3920 λέγω
2793 3854 2920 3922 ὑμῖν
2956 3853 3029 3924 μὴ
3055 3853 3367 3922 ἀντιστῆναι
3398 3854 3477 3925 τῷ
3499 3859 3757 3930 πονηρῷ,
3803 3879 3826 3913 ι

543 3947 646 4002 viis
678 3946 790 4002 Del.
826 3946 931 4002 Sed
959 3958 1012 4000 et
1041 3945 1290 4000 Salvator
1319 3948 1537 4002 dicens:
1576 3964 1594 3998 ι
1630 3947 1738 4016 Ego
1787 3957 1964 3999 autem
2001 3945 2121 3997 dico

2237 3945 2339 4004 mi.
2363 3965 2380 3995 ‹
2411 3945 2493 3998 ὅτι
2517 3945 2591 4008 ὡς
2611 3944 2743 4015 (⁸25⁵)
2765 3944 2829 3998 ἂν
2859 3945 3083 4016 ὀργισθῇ
3107 3945 3183 4016 τῷ
3202 3945 3442 4016 ἀδελφῷ,
3463 3947 3648 4018 ἔνοχος
3663 3951 3834 4006 ἔσται

1785 4039 2347 4097 INTERPRETATIO
2375 4041 2583 4096 NOVA.

543 4137 876 4213 deteriorem
914 4139 1360 4213 consuetudinem
1400 4139 1473 4194 ita
1523 4139 1835 4202 deﬂectere,
1891 4147 1961 4213 u_t_
1993 4140 2578 4213 in_intemperantiam
2623 4141 2863 4213 incidant
2909 4142 3230 4213 mediajam
3280 4151 3462 4207 relate,
3515 4153 3828 4213 postquam

536 4207 1214 4278 juventutisinstabilitas,
1242 4220 1296 4262 ut
1333 4209 1436 4263 fert
1465 4219 1682 4273 natura,
1729 4210 2010 4278 prmteriit.
2044 4209 2120 4262 Ex
2159 4210 2244 4264 his
2275 4207 2439 4280 igitur
2487 4211 2654 4279 liquet
2702 4212 3044 4280 extrinsecus
3094 4212 3378 4265 incidentia
3435 4207 3542 4266 non
3591 4207 3720 4271 esse
3769 4219 3830 4272 in

543 4287 728 4356 nostra
760 4281 1184 4356 potestate,_hoc
1227 4289 1424 4356 autem
1447 4280 1531 4332 vel
1563 4281 1840 4356 contrario
1872 4281 2032 4333 modo
2065 4280 2148 4332 his
2175 4282 2274 4342 uti,
2304 4279 2523 4334 ratione
2569 4281 2703 4334 duce
2737 4289 2793 4333 et
2823 4279 3170 4336 discernente
3209 4297 3270 4335 ac
3301 4280 3643 4350 dijudicante
3673 4301 3834 4356 quo-

543 4349 702 4404 modo
733 4350 974 4419 externis
999 4351 1074 4402 uti
1113 4361 1387 4419 oporteat,
1414 4351 1466 4404 in
1499 4360 1686 4402 nostra
1720 4351 1882 4403 situm
1915 4364 2038 4403 esse
2065 4359 2362 4416 potestate.

609 4420 663 4474 6.
702 4418 951 4474 Nosxrum
987 4417 1323 4491 porro'opus
1356 4435 1479 4474 esse
1534 4428 1680 4491 recte
1715 4421 1933 4491 vivere:
1973 4419 2136 4487 idque
2163 4435 2193 4472 a
2229 4420 2383 4472 nobis
2419 4433 2522 4472 non
2557 4417 2711 4491 quasi
2747 4434 2927 4486 suum,
2963 4424 3140 4491 neq'ue
3173 4419 3240 4474 ab
3274 4421 3381 4474 alio
3414 4419 3667 4491 quolibet
3717 4426 3834 4482 da-

540 4499 650 4545 tum
674 4527 688 4550 ,
726 4503 919 4557 neque,
956 4500 1015 4542 ut
1046 4490 1260 4558 quidam
1299 4498 1509 4558 putant,
1543 4506 1570 4542 a
1603 4488 1751 4553 fato,
1799 4490 1894 4543 sed
1957 4497 2013 4542 ut
2076 4499 2318 4542 nostrum
2384 4487 2586 4557 opus,
2623 4487 2790 4542 Deum
2838 4489 3148 4557 postulare,
3213 4487 3502 4546 testabitur
3553 4492 3836 4554 Michaeas

537 4559 794 4630 propheta
829 4559 1051 4630 dicens:
1085 4579 1104 4611 ι
1138 4560 1195 4613 Si
1233 4561 1348 4627 tibi,
1399 4562 1581 4624 homo,
1621 4559 1917 4613 iudicatum
1961 4560 2199 4630 estquid
2227 4565 2308 4611 est
2343 4559 2562 4630 bonum,
2605 4569 2696 4612 aut
2728 4559 2855 4627 quid
2883 4560 3141 4614 Dominus
3165 4575 3192 4613 a
3220 4570 3270 4616 te
3297 4563 3568 4630 postulat?
3619 4564 3834 4623 Annon

536 4629 720 4682 facere
748 4629 1010 4700 judicium
1041 4641 1096 4700 et
1129 4630 1355 4700 diligere
1381 4630 1854 4684 misericordiam?
1887 4649 1903 4681 ι
1940 4630 2003 4700 Et
2035 4628 2274 4700 Moyses:
2309 4646 2326 4679 ι
2346 4629 2516 4700 γΡοειιί
2549 4637 2675 4700 ante
2699 4641 3046 4697 conspectum
3077 4640 3225 4684 tuum
3260 4628 3400 4684 viam
3428 4633 3552 4686 vita:
3581 4645 3640 4688 et
3664 4637 3834 4692 viam
3903 4645 3907 4648 ’

538 4700 752 4764 mortis,
788 4707 846 4750 ιιι
877 4699 1044 4766 eligas
1087 4699 1287 4754 bonum
1327 4711 1382 4755 et
1429 4701 1646 4754 incedas
1674 4701 1724 4752 iu
1753 4715 1835 4752 eo.
1885 4719 1902 4751 ι
1939 4699 2006 4752 Et
2040 4699 2236 4751 Isaias:
2274 4718 2291 4749 ι
2336 4699 2392 4753 Si
2421 4699 2698 4753 volueritis
2729 4709 2782 4751 et
2807 4701 3088 4754 audieritis
3117 4717 3219 4763 me,
3270 4703 3407 4755 bona
3447 4713 3610 4757 terrae
3656 4721 3801 4761 com

535 4768 742 4832 edetis;
779 4769 860 4821 sin
901 4779 1077 4822 autem
1121 4771 1404 4825 nolueritis
1432 4811 1446 4833 ,
1495 4781 1548 4822 et
1583 4785 1686 4823 non
1729 4769 2012 4822 audieritis
2048 4784 2130 4821 me
2155 4809 2170 4831 ,
2205 4770 2412 4836 gladius
2439 4783 2532 4822 vos
2567 4769 2881 4823 devorabit:
2915 4786 2975 4825 os
3006 4771 3148 4823 enim
3179 4772 3383 4826 Domini
3418 4771 3536 4825 haec
3568 4774 3836 4832 locutum

537 4845 641 4915 est.
677 4857 702 4915 _i
743 4837 807 4890 Et
834 4839 885 4915 in
916 4838 1180 4915 Psalmis:
1213 4861 1230 4892 ι
1256 4842 1312 4894 Si
1351 4841 1576 4915 populus
1609 4854 1764 4915 incus
1793 4840 2033 4893 audisset
2059 4855 2172 4915 me;
2205 4841 2365 4892 Israel
2393 4840 2434 4892 si
2470 4840 2522 4892 in
2557 4840 2660 4893 viis
2695 4839 2828 4894 meis
2855 4841 3210 4915 ambulasset,
3245 4842 3311 4915 ad
3347 4841 3583 4915 nihilum
3623 4848 3838 4915 utique

539 4905 788 4960 inimicos
832 4908 948 4980 ejus
983 4905 1374 4972 humiliassem,
1407 4905 1460 4964 et
1485 4912 1538 4964 in
1570 4909 1872 4980 amigeutes
1897 4925 1989 4962 eos
2017 4910 2282 4980 misissem
2321 4924 2533 4961 manum
2566 4925 2760 4964 meam.
2794 4929 2812 4960 ι
2852 4910 3060 4977 Quibus
3083 4912 3318 4964 ostendit
3345 4912 3397 4965 in
3429 4915 3612 4980 populi
3644 4905 3836 4973 fuisse

537 4985 806 5050 potestate
845 4979 1028 5050 aitdire
1060 4988 1130 5050 et
1166 4981 1414 5034 incedere
1459 4982 1510 5033 in
1557 4983 1655 5034 viis
1689 4982 1800 5050 Dei.
1841 4977 1947 5033 Sed
1981 4989 2032 5033 et
2067 4979 2324 5050 Salvator
2343 4981 2557 5033 dicens:
2600 4998 2618 5030 ι
2668 4980 2780 5050 Ego
2820 4993 2997 5034 autem
3046 4981 3168 5033 dico
3204 4980 3353 5036 vobis
3400 4977 3515 5034 non
3555 4988 3838 5044 resistere

537 5047 702 5110 malo,
741 5065 761 5118 ι
797 5056 886 5100 et:
921 5065 940 5118 ι
970 5048 1286 5117 Quicunque
1317 5054 1485 5105 iratus
1512 5051 1670 5104 fuerit
1695 5049 1848 5102 fratri
1879 5063 1998 5111 suo,
2030 5065 2154 5102 reus
2180 5051 2279 5101 erit
2307 5049 2535 5116 judicio,
2577 5069 2595 5099 ι
2631 5060 2682 5104 et
2717 5047 2732 5104 Ξ
2782 5070 2800 5101 ι
2837 5050 3153 5118 Quicunque
3184 5051 3380 5104 viderit
3412 5051 3708 5109 mulierem
3765 5063 3836 5113 ad

535 5117 1026 5195 concupiseeudum
1056 5133 1197 5182 eam,
1222 5119 1333 5195 jam
1365 5123 1672 5195 inme-Italus
1708 5133 1787 5195 est
1814 5135 1930 5172 eam
1962 5121 2203 5195 i_u_co_rd_e
2229 5134 2357 5195 suo;
2395 5139 2414 5195 ι
2441 5132 2494 5195 et
2528 5135 2647 5173 cum
2679 5122 2773 5195 dat
2805 5133 2996 5195 caetera
3021 5117 3248 5190 qtmaque
3274 5127 3547 5195 mandata,
3583 5125 3658 5195 i_ta
3702 5127 3836 5195 dat,

535 5186 696 5255 quasi
725 5185 880 5241 nobis
911 5200 975 5241 ea
1007 5185 1236 5244 servare,
1256 5193 1329 5244 sit
1363 5190 1656 5262 integrum,
1685 5200 1742 5242 ut
1762 5189 1884 5258 jure
1909 5191 1983 5244 rei
2011 5190 2215 5258 judicio
2247 5188 2409 5243 futuri
2443 5190 2615 5244 simus
2650 5191 2692 5244 si
2719 5206 2778 5245 ea
2807 5185 3398 5260 perfringamusz-unde
3429 5200 3486 5245 et
3519 5185 3541 5244 ι
3579 5185 3833 5263 Omnis,

589 5305 636 5339 "
665 5303 834 5360 lCor.
871 5320 959 5373 xv,
991 5306 1083 5361 55.
1186 5308 1232 5340 ³⁸
1263 5307 1427 5364 Mich.
1466 5325 1543 5373 vr,
1571 5307 1623 5363 8.
1692 5308 1736 5340 ’⁷
1776 5309 1932 5365 Deut.
1967 5322 2097 5373 xxx,

2293 5307 2337 5338 ’⁸
2371 5305 2470 5363 lsa.
2503 5322 2540 5370 ι,
2578 5308 2662 5372 l9,
2698 5305 2786 5359 20.
2852 5306 2898 5338 ²⁹
2931 5304 3076 5359 Psal.
3108 5320 3274 5367 uxx,
3307 5303 3397 5359 15.

606 5425 720 5496 (22)
753 5426 838 5498 ita
883 5443 1011 5484 mss.
1048 5429 1209 5485 Libb.
1250 5429 1406 5496 editi,
1439 5449 1458 5482 ι
1491 5429 1745 5498 quoniam
1788 5431 1930 5484 enim
1970 5430 2118 5484 vide-

536 5510 685 5570 mus.
708 5516 728 5570 ι
752 5497 918 5570 Paulo
951 5511 1068 5569 post
1090 5502 1218 5555 libb.
1248 5502 1400 5565 editi,
1430 5518 1449 5551 ι
1484 5497 1648 5554 verbo
1671 5501 1930 5555 doctrinae
1956 5511 2118 5570 atque

538 5567 964 5624 eruditiOuihus.
987 5589 1006 5621 ι
1042 5571 1170 5625 Mss.
1205 5581 1262 5625 ut
1291 5572 1343 5626 in
1376 5582 1564 5625 nostro
1595 5580 1760 5625 textu.

610 5636 724 5705 (25)
765 5639 836 5690 Ac
881 5642 1137 5707 turpibus.
1177 5642 1340 5696 Deest
1386 5642 1440 5693 in
1489 5649 1644 5693 antea
1690 5640 1870 5695 editis.
1911 5640 2112 5695 Ibidem

539 5719 703 5779 mss._1
727 5725 746 5757 ι
780 5707 1063 5779 colloquiis
1097 5712 1253 5766 malis
1278 5719 1334 5766 et
1359 5708 1516 5766 eﬁici.
1551 5729 1568 5761 ι
1604 5710 1764 5773 Editi,
1791 5728 1810 5760 ι
1849 5711 2115 5779 colloquio

535 5781 596 5832 et
624 5774 782 5834 efﬁci.
821 5797 841 5834 ι
879 5774 1066 5838 Postea
1099 5796 1263 5852 mss.,
1297 5799 1315 5833 ι
1360 5781 1628 5837 interdum
1654 5788 1855 5836 evenit.
1895 5799 1914 5832 ι
1948 5774 2110 5848 Editi,

2231 5448 2266 5504 ¢_
2295 5431 2563 5484 interdum
2596 5429 2760 5483 venit.
2806 5448 2824 5480 ι
2860 5427 3027 5504 ᾨτῳίο
3054 5439 3364 5504 post_mss.,
3397 5446 3417 5479 ι
3468 5431 3648 5504 nostri
3684 5447 3832 5504 ope-

2226 5501 2299 5555 ris
2326 5510 2408 5554 est
2446 5510 2624 5562 recte,
2653 5517 2695 5572 _)
2724 5509 2840 5572 etc.
2871 5500 3024 5554 Libb.
3059 5500 3272 5572 editiLr
3320 5508 3523 5554 nostra:
3559 5503 3691 5572 epis
3728 5500 3829 5561 ἐει

2225 5582 2401 5643 recte,
2451 5590 2468 5623 ι
2510 5584 2617 5643 ete.
2653 5567 2796 5643 Infra
2826 5587 2967 5643 mss.
2994 5611 3010 5637 ,
3058 5588 3077 5622 ι
3114 5579 3168 5624 et
3201 5568 3412 5641 Moyses
3456 5572 3530 5624 ita
3575 5567 3765 5643 dicit;
3804 5595 3830 5632 ι

2221 5641 2370 5701 editi,
2407 5659 2425 5691 ι
2455 5651 2509 5693 et
2539 5640 2703 5708 Moysi
2735 5641 2883 5695 dicit.
2927 5659 2944 5691 ι

2219 5779 2260 5834 Ρ
2298 5710 2435 5781 (25‘)
2459 5710 2588 5782 Leg.
2613 5711 2671 5773 ὁς
2703 5709 2786 5776 ἄν,
2813 5719 2865 5768 et
2894 5724 3018 5767 mox
3049 5714 3108 5777 ὃς
3143 5708 3260 5779 ἐάν,
3281 5710 3604 5782 quicunque.
3636 5710 3826 5778 Ειδιτ.

2264 5797 2457 5834 Ατηοι.

2264 5797 2457 5837 Δτιιοι..
