3988 6418
543 348 654 406 959

1815 329 2137 390 ORIGENIS
2177 331 2339 385 ΠΕΡΙ
2373 327 2606 384 ΔΡΧΩΝ

3709 328 3817 384 260

545 465 742 525 denter
755 463 1043 522 ostendent
1065 459 1269 518 habere
1287 469 1386 512 nos
1402 452 1615 510 arbitrii
1636 450 2154 523 liberipotestatem.
2174 448 2426 518 Alioquin
2441 446 2772 504 contrarium
2791 455 2936 502 esset
2968 445 3086 502 dari
3110 445 3269 503 nobis
3298 445 3551 500 mandata
3580 459 3648 500 ex
3681 460 3820 516 quo-

547 576 670 618 rum
695 560 776 617 vel
804 557 1191 615 observatione
1214 552 1506 618 salvemur,
1533 549 1618 604 vel
1651 548 2098 620 praevaricatione
2129 547 2476 609 damnemur,
2500 543 2544 599 si
2573 543 2898 598 observandi
2921 558 2982 598 ea
3013 542 3245 598 facultas
3272 542 3322 597 in
3361 541 3516 597 nobis
3551 557 3662 596 non
3706 553 3816 598 est.

619 655 674 709 7.
717 653 917 708 Verum
947 648 1204 718 quoniam
1247 644 1600 700 inveniuntur
1653 643 1708 698 in
1757 641 1890 712 ipsis
1923 640 2123 696 divinis
2153 646 2200 702 Α

548 745 850 818 Scripturis
873 741 1116 812 qua‘dam
1144 737 1306 792 verba
1345 738 1416 790 ila
1449 735 1626 805 posita
1647 774 1662 799 ,
1693 744 1748 788 ut
1789 733 2124 789 contrarium

549 840 731 896 ex‘his
771 835 976 904 aliquid
1005 834 1259 888 videatur
1295 829 1524 899 intelligi
1556 843 1750 898 posse;
1783 826 2127 896 proferentes

550 945 615 986 ea
646 929 698 984 in
734 925 972 982 medium
1006 933 1058 979 et
1086 922 1389 979 secundum
1431 919 1646 990 pietatis
1687 917 1928 989 regulam
1957 919 2130 972 disse-

550 1031 768 1087 rentes,
827 1018 1185 1074 adhibeamus
1221 1029 1410 1070 eorum
1453 1010 1827 1066 absolutiones
1853 1049 1868 1075 ,
1922 1023 2128 1078 quoex

552 1114 642 1170 his
672 1112 862 1184 paucis
894 1125 1014 1180 quae
1061 1107 1388 1178 exponimus
1413 1103 1562 1177 (98),
1599 1103 1762 1159 etiam
1804 1110 2128 1156 cancrorum

554 1217 676 1273 qua:
724 1199 981 1256 similiter
1011 1199 1154 1253 dicta
1184 1205 1346 1260 sunt,
1394 1193 1593 1263 quibus
1619 1192 1830 1247 arbitrii
1889 1200 2132 1260 potestas

556 1293 773 1350 videtur
830 1290 1092 1353 excludi,
1162 1287 1430 1343 absolutio
1494 1285 1720 1340 evidens
1781 1284 1894 1336 liat.
1963 1281 2133 1352 Igitur

554 1382 995 1454 quampluritnos
1037 1388 1260 1434 movent
1301 1392 1366 1432 ea
1403 1389 1522 1446 quae
1552 1375 1616 1427 de
1643 1372 1929 1427 Pharaone
1959 1385 1988 1424 a
2023 1371 2133 1426 Deo

556 1476 703 1531 dicta
738 1481 896 1537 sunt,
949 1471 1164 1525 dicente
1216 1467 1560 1538 frequentius
1599 1481 1616 1520 :
1659 1482 1676 1515 ι
1709 1463 1820 1532 Ego
1863 1462 2133 1516 indurabo

555 1579 656 1621 cor
695 1561 995 1622 Pharaonis
1019 1561 1086 1613 ⁸⁷.
1117 1578 1136 1612 ι
1179 1559 1234 1613 Si
1274 1556 1419 1612 enim
1477 1570 1506 1608 a
1561 1554 1670 1608 Deo
1713 1553 2022 1616 induratur,
2070 1558 2122 1604 et

555 1671 656 1726 per
694 1657 796 1710 hoc
829 1651 973 1723 quod
1021 1651 1328 1713 induratur,
1365 1645 1665 1714 delinquit,
1714 1657 1823 1697 non
1874 1642 2136 1711 sibi.ipse

557 1747 767 1803 exstitit
790 1760 958 1800 causa
985 1743 1189 1800 delicti.
1222 1739 1378 1807 Quod
1401 1739 1444 1792 si
1469 1738 1544 1791 ita
1577 1745 1692 1799 est,
1725 1749 1831 1790 non
1859 1734 2137 1789 videbitur

557 1837 775 1892 Pharao
804 1835 1002 1890 habere
1046 1830 1258 1887 arbitrii
1307 1825 1468 1898 114
1514 1826 1865 1889 libertatem,
1916 1832 1970 1879 et
2023 1823 2135 1894 jam

559 1935 957 1996 consequenter
1027 1934 1308 1978 asseretur
1360 1921 1464 1974 hoc
1541 1917 1789 1986 exemplo
1838 1915 1983 1985 quod
2037 1929 2136 1968 nec

2311 638 2462 690 Ἐπεὶ
2485 636 2543 690 δὲ
2571 637 2650 699 είς
2673 635 2734 688 τὸ
2760 635 3024 702 ἐναντίον,
3065 635 3338 701 τουτέστι,
3369 635 3430 688 τὸ
3458 635 3533 707 μὴ
3565 636 3652 706 ἐφ’
3686 637 3822 708 ἡμῖν

2226 731 2519 800 τυγχάνειν
2550 732 2738 801 τηρεῖν
2783 729 2880 793 τὰς
2912 728 3134 792 ἐντολὰς
3176 729 3275 782 καὶ
3305 726 3573 794 σώζεσθαι
3621 729 3715 783 καὶ
3757 728 3824 782 τὸ

2231 811 2588 894 παραϐαίνειν
2639 821 2809 885 αὑτὰς
2845 821 2939 874 καὶ
2972 820 3302 874 ἀπόλλυσθαι
3325 861 3339 886 ,
3387 823 3638 895 περισπᾷ
3681 823 3826 895 ῥητά

2230 933 2351 970 τινα
2403 914 2511 968 ἀπὸ
2564 915 2663 986 τῆς
2691 913 2932 976 Παλαιᾶς
2979 913 3072 965 καὶ
3109 913 3208 983 τῆς
3245 913 3482 984 Καινῆς,
3521 913 3657 984 φέρε
3712 913 3825 966 ἀπὸ

2235 1009 2431 1082 μέρους
2471 1009 2567 1061 καὶ
2610 1009 2674 1060 ἐκ
2709 1007 2911 1060 τούτων
2947 1005 3317 1078 παραθέμενοι
3361 1004 3686 1076 θεασώμεθα
3723 1003 3826 1058 αὺ-

2233 1098 2340 1153 τῶν
2369 1099 2468 1162 τὰς
2516 1097 2732 1162 λύσεις,
2792 1098 2880 1151 ἵνα
2919 1098 3010 1167 ἀφ’
3059 1090 3134 1150 ὧν
3185 1095 3622 1167 παρατιθέμεθα,
3681 1094 3828 1148 κατὰ

2233 1190 2294 1243 τὸ
2326 1191 2507 1261 ὅμοιον
2533 1187 2889 1258 ἐκλεξάμενος
2918 1205 3001 1252 τις
3035 1187 3214 1259 ἐαυτῷ
3243 1188 3421 1241 πάντα
3435 1187 3514 1245 ,τὰ
3556 1184 3825 1239 δοκοῦντα

2236 1281 2480 1351 ἀναιρεῖν
2509 1279 2569 1332 τὸ
2602 1276 2965 1343 αὐτεξούσιον,
2999 1277 3364 1348 ἐπισκέψηται
3407 1276 3477 1330 τὰ
3533 1277 3666 1349 περὶ
3722 1276 3826 1347 τῆς

2235 1369 2443 1432 λύσεως
2476 1367 2674 1424 αὐτῶν.
2719 1369 2829 1421 Καὶ
2852 1368 2916 1438 δὴ
2943 1366 3167 1430 πολλοὺς
3189 1366 3445 1437 κεκίνηκε
3472 1366 3542 1418 τὰ
3575 1365 3706 1435 περὶ
3727 1363 3827 1417 τοῦ

2237 1460 2432 1532 Φαραὼ
2455 1461 2583 1532 (29),
2606 1461 2730 1532 περὶ
2759 1451 2818 1513 οῦ
2839 1458 3189 1530 χρηματίζων
3215 1459 3244 1509 6
3273 1457 3405 1522 Θεός
3433 1474 3617 1528 φησιν·
3635 1475 3653 1506 r
3680 1456 3827 1525 Ἐγὼ

2237 1553 2294 1606 δέ
2316 1551 2599 1624 σκληρυνῶ
2619 1550 2714 1622 τὴν
2730 1549 2955 1621 καρδίαν
2983 1547 3204 1618 Φαραὼ,
3239 1567 3257 1599 ι
3285 1547 3574 1609 πλεονάκις
3599 1561 3615 1576 ’
3645 1547 3692 1600 εἰ
3716 1545 3829 1618 γὰρ

2239 1645 2346 1697 ὑπὸ
2370 1643 2504 1698 Θεοῦ
2530 1641 2884 1714 σκληρύνεται
2913 1638 3118 1694 καὶ-διὰ
3141 1638 3200 1692 τὸ
3225 1636 3622 1709 σκληρύνεσθαι
3653 1638 3834 1708 ἁμαρ-

2239 1735 2388 1788 τάνει
2410 1774 2425 1799 ,
2453 1735 2552 1787 ούκ
2584 1732 2744 1795 αύτδς
2783 1729 2960 1800 ἐαυτῴ
2999 1728 3098 1799 τῆς
3129 1727 3403 1799 ἁμαρτίας
3439 1728 3644 1787 αἴτιος·
3680 1725 3728 1776 εί
3770 1723 3832 1776 δὲ

2241 1824 2418 1887 τοῦτο,
2450 1824 2570 1877 οὐδὲ
2595 1820 2942 1885 αύτεξούσιος
2969 1823 2996 1874 6
3029 1817 3248 1891 Φαραώ.
3289 1817 3399 1869 Καὶ
3437 1816 3606 1886 φήσει
3630 1831 3716 1878 τις
3744 1815 3832 1867 ὅτι

2245 1920 2308 1972 ἐκ
2336 1917 2428 1972 τοῦ
2458 1917 2642 1987 ὁμοίου
2687 1916 2736 1968 οἱ
2785 1911 3142 1984 ἀπολλύμενοι
3171 1911 3269 1964 ούκ
3297 1907 3660 1972 αὑτεξούσιοι,
3701 1906 3830 1959 οὐδὲ

560 2022 746 2077 caueri
771 2020 992 2091 quidem
1028 2018 1118 2088 qui
1147 2022 1397 2087 pereunt,
1430 2027 1496 2067 ex
1521 2011 1734 2066 arbitrii
1763 2010 1845 2064 sui
1881 2008 2135 2062 libertate

2251 2011 2372 2082 παρ’
2416 2009 2623 2064 ἑαυτῶν
2656 2007 3010 2062 άπολοῦνταν
3067 2006 3160 2058 καὶ
3211 2006 3268 2056 ἐν
3319 2003 3397 2072 τῷ
3451 1998 3720 2070 Ίεζεκιὴλ
3775 1997 3836 2050 δὲ

561 2128 783 2170 causam
818 2110 1140 2183 perditionis
1172 2107 1464 2175 accipiunt.
1506 2103 1613 2159 Sed
1652 2109 1708 2158 et
1745 2102 1872 2156 illud
1897 2103 2045 2171 quod
2078 2101 2131 2154 in

561 2203 852 2259 Ezechiele
884 2204 1084 2258 dictum
1108 2211 1222 2267 est,
1254 2213 1375 2253 cum
1406 2196 1537 2251 dicit
1569 2213 1583 2250 :
1621 2213 1640 2246 ι
1661 2193 1916 2248 Auferam
1944 2207 2132 2247 eorum

562 2295 770 2365 lapidea
821 2295 1026 2359 corda,
1074 2303 1129 2348 et
1185 2292 1475 2346 immittam
1527 2290 1610 2343 eis
1663 2300 1903 2349 carnea,
1965 2291 2023 2335 ut
2082 2282 2134 2335 in

562 2385 852 2456 praeceptis
869 2385 1002 2438 meis
1025 2381 1300 2447 incedant,
1318 2390 1372 2435 et
1389 2381 1506 2434 vias
1524 2394 1674 2434 meas
1690 2375 1996 2432 custodiant
2012 2374 2090 2438 ³⁸;
2113 2391 2132 2424 ι

567 2488 787 2530 movere
820 2474 994 2543 possit
1042 2475 1278 2541 aliquem
1337 2485 1435 2541 pro
1481 2484 1546 2524 eo
1579 2467 1722 2538 quod
1778 2482 1808 2518 a
1866 2465 1975 2519 Deo
2021 2463 2138 2519 dari

567 2569 809 2633 videtur,
845 2565 927 2620 vel
957 2567 1210 2620 incedere
1253 2564 1306 2618 in
1341 2560 1610 2617 mandatis
1639 2561 1754 2629 ejus
1777 2598 1793 2624 ,
1832 2557 1916 2613 vel
1943 2556 2142 2626 justiti-

565 2663 812 2717 eationes
859 2658 978 2728 ejus
1032 2657 1344 2722 custodire;
1403 2655 1600 2724 quippe
1645 2653 1689 2706 si
1740 2651 1854 2720 ipse
1888 2649 1943 2704 id
1999 2651 2141 2720 quod

568 2753 752 2809 obstat
782 2752 848 2805 ad
884 2750 1244 2806 custodienda
1277 2748 1530 2800 mandata
1560 2744 1830 2813 lapideum
1857 2756 1953 2797 cor
1988 2741 2142 2796 aufe-

565 2858 695 2900 rens
719 2884 734 2910 ,
766 2857 862 2898 cor
889 2840 1084 2896 melius
1110 2850 1166 2895 et
1199 2835 1508 2892 sensibilius
1537 2835 1678 2912 qqod
1707 2833 1850 2886 nunc
1886 2846 2143 2887 carneum

568 2935 902 2996 nominatur,
932 2931 1178 2987 immittit
1226 2939 1282 2984 et
1321 2927 1531 2982 inserit.
1574 2923 1709 2980 Vide
1751 2934 1929 2977 autem
1979 2923 2143 2976 etiam

569 3027 703 3082 illud
754 3024 899 3095 quod
949 3024 1001 3078 in
1061 3021 1348 3091 Evangelio
1397 3017 1655 3073 Dominus
1685 3026 1742 3071 et
1773 3015 2034 3069 Salvator
2078 3014 2144 3067 ad

568 3133 668 3174 eos
692 3119 782 3188 qui
831 3116 1143 3187 quaerebant
1175 3115 1242 3167 de
1284 3114 1398 3182 ipso
1429 3125 1600 3180 quare
1637 3110 1703 3162 ad
1734 3109 1921 3162 turbas
1964 3107 2017 3160 itt
2049 3121 2146 3182 pa-

569 3209 778 3266 rabolis
825 3209 1159 3280 loqueretur,
1197 3205 1356 3276 quale
1395 3205 1505 3268 sit,
1557 3203 1636 3257 ait
1679 3201 1822 3254 enim
1861 3218 1874 3254 :
1923 3217 1941 3251 ι
1971 3198 2040 3255 Ut
2071 3199 2149 3252 vi-

571 3303 766 3358 dentes
795 3316 900 3356 non
925 3300 1141 3355 videant
1162 3307 1218 3352 et
1248 3297 1530 3355 audientes
1554 3309 1665 3353 non
1699 3293 1919 3347 audiant
1945 3301 1999 3346 et
2042 3307 2146 3346 non

571 3395 872 3465 intelligant
895 3391 1030 3464 (30),
1062 3407 1128 3446 ne
1157 3389 1300 3445 forte
1329 3394 1719 3443 convertantur
1752 3395 1809 3439 et
1835 3386 2145 3440 remittatur

571 3488 653 3544 eis
675 3488 738 3542 ”.
767 3506 785 3539 ι
841 3485 947 3540 Sed
976 3495 1030 3539 et
1068 3483 1196 3538 illud
1228 3482 1370 3550 quod
1399 3497 1427 3535 a
1468 3479 1636 3534 Paulo
1667 3477 1911 3547 apostolo
1941 3477 2142 3531 dictum

572 3585 658 3634 eat
695 3576 819 3647 quia
860 3593 879 3626 ι
906 3589 1012 3629 non
1046 3573 1275 3628 volentis
1301 3613 1318 3636 ,
1353 3585 1527 3641 neque
1555 3569 1825 3625 currentis
1849 3608 1866 3632 ,
1918 3568 2013 3622 sed
2052 3566 2149 3620 mi-

575 3669 808 3726 serentis
834 3677 918 3723 est
950 3666 1043 3722 Dei
1068 3666 1136 3718 “.
1170 3685 1189 3718 ι
1234 3664 1302 3719 Et
1328 3665 1379 3719 in
1409 3664 1519 3719 alio
1551 3663 1671 3718 loco
1714 3678 1729 3716 :
1781 3679 1799 3713 ι
1825 3659 1892 3715 Et
1926 3658 2062 3714 velle
2096 3666 2148 3712 et

575 3763 841 3831 perlicere
883 3774 949 3814 ex
985 3759 1097 3814 Deo
1145 3767 1229 3812 est
1252 3758 1318 3810 δι.
1346 3776 1365 3810 ι
1428 3756 1495 3810 Et
1528 3756 1726 3811 iterum
1758 3754 1812 3808 iu
1843 3753 1948 3808 alio
1982 3753 2102 3806 loco
2132 3768 2148 3804 :

578 3867 604 3907 ι
632 3851 774 3922 Ergo
820 3849 912 3904 cui
953 3848 1072 3903 vult
1106 3848 1414 3912 miseretur,
1447 3854 1504 3901 et
1551 3859 1710 3916 quem
1755 3843 1873 3898 vult
1916 3843 2151 3897 indurat.

578 3946 736 4001 Dices
765 3944 945 4012 itaque
972 3943 1102 3997 mihi
1138 3959 1152 3998 :
1185 3941 1324 4009 Quid
1350 3954 1480 4010 ergo
1523 3939 1700 3992 adhuc
1759 3934 1988 4006 culpat?
2046 3930 2156 3985 Vo-

578 4035 774 4090 luntati
808 4034 952 4090 enim
983 4036 1100 4106 ejus
1126 4035 1247 4104 quis
1291 4030 1542 4088 resistet?
1579 4029 1622 4085 0
1655 4030 1836 4094 homo,
1865 4035 1920 4081 tu
1951 4024 2075 4095 quis
2097 4038 2157 4077 es

579 4127 671 4198 qui
695 4136 886 4182 contra
924 4128 1254 4196 respondeas
1290 4123 1447 4180 Deo?
1485 4120 1738 4191 Nunquid
1770 4120 1902 4175 dicit
1932 4119 2157 4188 ﬁgmen-

581 4229 693 4274 tum
730 4219 777 4274 oi
810 4218 899 4288 qui
936 4234 995 4274 se
1023 4217 1215 4281 tinxit,
1248 4218 1388 4285 Quid
1417 4234 1502 4272 me
1531 4215 1708 4272 fecisti
1743 4213 1868 4268 sic?
1917 4213 2024 4266 Aut
2051 4224 2157 4264 non

579 4312 740 4367 habet
777 4319 1098 4381 potestatem
1131 4310 1323 4382 ﬁgulus
1362 4309 1459 4363 luti
1497 4325 1565 4364 ex
1607 4307 1799 4364 eadem
1847 4319 2024 4360 massa
2072 4302 2158 4356 fa-

580 4416 704 4457 cere
730 4416 823 4456 vas
850 4401 993 4455 aliud
1026 4401 1243 4471 quidem
1273 4401 1340 4455 ad
1371 4400 1636 4455 honorem
1659 4439 1674 4463 ,
1708 4396 1853 4451 aliud
1881 4406 2059 4448 autem
2095 4391 2160 4445 ad

580 4491 961 4548 contumeliam
979 4493 1023 4523 "
1047 4491 1098 4544 ἲ»
1145 4491 1272 4546 limo
1305 4502 1360 4545 et
1385 4492 1468 4546 bis
1495 4491 1690 4546 similia
1723 4504 1830 4543 non
1861 4501 2052 4559 parum
2082 4485 2164 4538 vi-

2241 2103 2531 2173 λεγόμενον
2575 2100 2660 2153 τό·
2716 2119 2734 2150 r
2774 2098 2966 2162 Ἐξελῶ
2993 2097 3171 2150 αὐτῶν
3201 2095 3298 2157 τὰς
3326 2092 3534 2156 λιθίνας
3574 2089 3836 2162 καρδίας,

2237 2195 2330 2248 καὶ
2390 2191 2610 2262 ἐμϐαλῶ
2642 2190 2924 2263 σαρκίνας,
2981 2191 3132 2250 ὅπως
3177 2189 3233 2239 ἐν
3286 2188 3398 2248 τοῖς
3439 2180 3838 2256 προστάγμασι

2241 2303 2342 2357 μου
2365 2283 2726 2356 πορεύωνται,
2748 2281 2841 2335 καὶ
2856 2279 2922 2334 τὰ
2948 2274 3299 2348 δικαιώματά
3318 2293 3417 2346 μου
3437 2275 3760 2344 φυλάσσωσι
3779 2313 3798 2336 ,
3813 2290 3832 2322 ι

2241 2378 2458 2449 κινῆσαι
2490 2376 2554 2430 ἄν
2581 2391 2702 2428 τινα
2735 2373 2810 2436 ὡς
2852 2370 2946 2424 τοῦ
2960 2368 3110 2434 ,Θεοῦ
3152 2368 3385 2429 διδόντος
3410 2365 3470 2418 τὸ
3501 2363 3842 2436 πορεύεσθαι

2243 2469 2300 2520 ἐν
2330 2469 2449 2528 ταῖς
2493 2463 2734 2526 ἐντολαῖς
2781 2461 2874 2514 καὶ
2911 2458 3207 2530 φυλάσσειν
3236 2456 3302 2510 τὰ
3345 2453 3730 2524 δικαιώματα,
3779 2453 3844 2505 ἐν

2251 2558 2328 2629 τῷ
2369 2557 2429 2610 τὸ
2466 2555 2752 2626 ἐμποδίζον
2783 2550 3185 2623 ὑπεξῃρηκέναι
3206 2549 3304 2621 τὴν
3341 2546 3551 2618 λιθίνην
3580 2545 3842 2617 καρδίαν,

2244 2651 2338 2705 καὶ
2374 2649 2436 2701 τὺ
2470 2649 2714 2720 κρεῖττον
2745 2642 3104 2697 ἐντεθεικέναι
3136 2640 3234 2711 τὴν
3279 2638 3559 2708 σαρκίνην.
3605 2636 3847 2707 Ἰδωμεν

2246 2744 2304 2798 δὲ
2325 2743 2425 2802 καὶ
2456 2740 2518 2793 τὸ
2544 2743 2607 2792 ἐκ
2637 2737 2729 2791 τοῦ
2766 2734 3101 2803 Εὑαγγελίου
3129 2732 3180 2785 τί
3209 2734 3237 2785 6
3262 2730 3452 2801 Σωτὴρ
3476 2729 3850 2799 ἀποκρίνεται

2247 2835 2385 2907 πρὸς
2431 2833 2558 2894 τοὺς
2607 2829 2941 2898 πυθομένους
2987 2825 3074 2879 διὰ
3125 2825 3180 2878 τί
3233 2826 3290 2877 ἐν
3335 2820 3677 2894 παραϐολαῖς
3723 2820 3850 2882 τοῖς

2247 2925 2460 2986 πολλοῖς
2523 2921 2709 2974 λαλεῖ·
2774 2919 2868 2972 καί
2926 2934 3121 2988 φησιν,
3169 2935 3187 2966 ι
3217 2917 3343 2968 Ἵνα
3399 2913 3690 2984 βλέποντες
3767 2909 3850 2982 μὴ

2250 3014 2510 3086 βλέπωσι,
2561 3013 2653 3068 καὶ
2703 3011 2992 3072 ἀκούοντες
3019 3007 3256 3062 ἀκούωσι
3288 3007 3382 3060 καὶ
3441 3006 3515 3076 μὴ
3569 3003 3846 3058 συνιῶσιο

2253 3110 2325 3180 μή
2387 3124 2517 3160 ποτε
2573 3104 2975 3176 ἐπιστρέψωσι,
3045 3101 3138 3154 καὶ
3189 3098 3520 3170 ἀφεθήσεται
3577 3097 3793 3158 αὐτοῖς.
3825 3115 3884 3146 ι.

2255 3202 2375 3254 Ἔτι
2408 3200 2463 3252 δέ
2491 3200 2585 3252 καὶ
2615 3195 2764 3268 παρὰ
2803 3195 2882 3266 τῷ
2922 3194 3120 3265 Παύλῳ
3144 3192 3233 3245 τόο
3271 3211 3290 3243 ‹
3315 3192 3388 3244 Οὐ
3427 3190 3521 3244 τοῦ
3551 3189 3811 3252 θέλοντος
3835 3226 3852 3250 ,

2253 3291 2373 3344 ούδέ
2430 3291 2522 3342 τοῦ
2581 3287 2896 3359 τρέχοντος,
2948 3283 3084 3339 ἀλλὰ
3136 3282 3230 3336 τοῦ
3282 3281 3560 3345 ἐλεοῦντος
3612 3279 3795 3335 Θεοῦ·
3829 3299 3850 3331 ι

2176 3342 2221 3403 C
2393 3385 2449 3436 ἐν
2479 3342 2714 3445 ἄλλοίςρ
2753 3342 2903 3431 (Καί
2947 3377 3008 3428 τὸ
3053 3374 3224 3428 θέλειν
3266 3373 3320 3426 δὲ
3372 3373 3464 3426 καὶ
3597 3367 3857 3442 ἐνεργεῖν

2251 3477 2316 3528 ἐκ
2347 3473 2439 3527 τοῦ
2485 3472 2620 3526 Θεοῦ
2651 3474 2830 3524 ἐστιν·
2881 3467 2968 3541 ἆρ’
2999 3463 3090 3520 οῦν
3124 3465 3181 3518 ὃν
3223 3464 3365 3516 θέλει
3409 3467 3436 3517 6
3478 3463 3612 3526 Θεὸς
3661 3463 3857 3526 ἐλεεῖ,

2248 3567 2308 3622 ὃν
2353 3566 2409 3619 δὲ
2444 3565 2585 3618 θέλει
2617 3561 2940 3634 σκληρύνει·
2970 3559 3116 3630 ἐρεῖς
3157 3553 3248 3610 οῦν
3281 3573 3409 3626 μοι,
3445 3554 3512 3608 Τί
3564 3554 3647 3608 ἐτι
3705 3555 3861 3625 μέμ-

2252 3674 2446 3728 φεται;
2491 3656 2570 3727 τῷ
2621 3655 2727 3726 γὰρ
2771 3653 3069 3724 βουλήματι
3115 3651 3279 3704 αὐτοῦ
3322 3648 3406 3712 τίς
3454 3646 3807 3715 ἀνθέστηκε;
3836 3664 3857 3696 ι

2252 3750 2401 3803 Καί·
2449 3766 2467 3798 v
2510 3747 2572 3798 Ἠ
2620 3742 2890 3815 πεισμονὴ
2921 3745 2985 3794 ἐκ
3011 3740 3104 3793 τοῦ
3150 3737 3442 3798 καλοῦντος
3495 3734 3590 3787 καὶ
3631 3734 3738 3786 ούκ
3798 3734 3862 3799 ἐξ

2253 3840 2432 3913 ἡμῶν
2475 3837 2734 3910 μενοῦνγε
2755 3877 2770 3902 ,
2810 3834 3084 3904 ἄνθρωπε,
3119 3831 3179 3884 σὺ
3196 3830 3279 3893 τίς
3314 3824 3364 3881 εἷ
3382 3831 3422 3881 -ὁ
3451 3825 3866 3896 ἀνταποκρινόο

2260 3948 2418 4002 μενος
2451 3929 2529 4000 τῷ
2567 3926 2716 3998 Θεῷ;
2747 3925 2822 3996 μὴ
2841 3926 2955 3996 ἐρεῖ
2973 3923 3033 3976 τὸ
3051 3920 3275 3992 πλάσμα
3295 3918 3372 3990 τῷ
3395 3916 3766 3977 πλάσαντι,Τί
3791 3933 3866 3986 με

2263 4021 2525 4092 ἐποίησας
2559 4018 2729 4080 οὕτως
2753 4033 2768 4081 ;
2805 4016 2838 4086 ἢ
2862 4015 2962 4068 οὐκ
2984 4013 3094 4083 ἔχει
3121 4009 3366 4076 ἐξουσίαν
3385 4009 3414 4060 6
3432 4007 3725 4080 κεραμεὺς
3755 4005 3863 4060 τοῦ

2265 4113 2436 4187 πηλοῦ
2463 4115 2528 4165 ἐκ
2557 4109 2649 4163 τοῦ
2681 4107 2844 4162 αὐτοῦ
2896 4105 3214 4177 φυράματος
3264 4102 3517 4172 ποιῆσαι,
3550 4099 3580 4151 ὃ
3628 4099 3731 4169 μὲν
3782 4099 3868 4159 είς

2265 4205 2427 4276 τιμὴν
2457 4202 2681 4265 σκεῦος,
2723 4199 2751 4252 ὂ
2782 4198 2839 4252 δὲ
2876 4199 2954 4260 εἰς
2984 4195 3241 4265 ἀτιμίαν;
3271 4212 3290 4243 ι
3341 4189 3526 4244 Ταῦτα
3565 4187 3678 4257 γὰρ
3729 4186 3868 4241 καθ’

2269 4297 2406 4352 αὐτὰ
2456 4292 2616 4347 ἱκανά
2656 4293 2772 4344 ἐστι
2813 4289 2938 4349 τοὺς
2976 4284 3203 4345 πολλοὺς
3250 4279 3550 4350 ἐκταράξαι
3575 4316 3592 4340 ,
3633 4277 3711 4338 ὡς
3746 4277 3869 4348 (31)

2271 4391 2371 4443 οὐκ
2393 4387 2544 4448 ὄντος
2576 4381 2670 4435 τοῦ
2697 4377 2982 4450 ἀνθρώπου
3015 4371 3362 4437 αύτεξουσίου
3382 4409 3396 4432 ,
3427 4367 3564 4422 ἀλλὰ
3590 4365 3686 4420 τοῦ
3705 4367 3862 4422 Θεοῦ

2272 4479 2535 4546 σώζοντος
2589 4474 2684 4528 καὶ⁵
2731 4469 3059 4531 ἀπολλύντος
3104 4465 3198 4528 οὓς
3248 4462 3314 4517 ἂν
3352 4462 3518 4525 αὐτὸς
3566 4459 3871 4534 βούληται,

581 4585 776 4641 dentur
837 4586 1114 4643 deterrere
1175 4603 1333 4657 posse
1396 4556 1968 4657 quamplurimosine
2031 4589 2251 4651 putetur
2296 4575 2665 4646 unusquisque
2714 4567 2918 4624 habere
2963 4564 3045 4620 sui
3097 4559 3309 4622 arbitrii
3360 4558 3709 4619 libertatem.
3771 4556 3875 4611 sed

581 4684 723 4754 quod
748 4699 814 4739 ex
844 4683 936 4739 Dei
969 4685 1249 4739 voluntate
1287 4683 1370 4740 vel
1407 4685 1606 4738 salvari
1637 4682 1830 4752 aliquis
1861 4680 1942 4730 vel
1974 4678 2152 4746 perire
2184 4678 2448 4728 videatur.

1175 4786 1182 4791 ’
1820 4764 2386 4825 ιΝτΕιιΡιιΕΤΑΤιΟ
2426 4759 2635 4817 NOVA.

654 4874 707 4928 '7.
746 4871 850 4927 Sed
883 4875 1142 4942 quoniam
1173 4874 1228 4930 in
1259 4874 1594 4931 contrarium
1615 4913 1630 4935 ,
1655 4873 1758 4926 hoc
1788 4880 1880 4942 est
1892 4869 2074 4942 nobis
2115 4881 2216 4920 non
2248 4880 2370 4942 esse
2402 4863 2672 4942 integrum
2701 4866 2932 4932 servare.
2957 4849 3228 4942 .ma.ndata
3279 4853 3336 4900 et
3362 4842 3572 4942 .salva‘rj
3594 4882 3611 4908 ,
3643 4840 3874 4942 “eirea

586 4911 1758 5014 inlringereqetupear'ire':
1773 4911 2369 4995 eT'tvEJJimreé'tB'inéiiﬁ
2397 4911 2547 4985 έιῖέίὲἰ
2570 4927 2860 5005 deﬂectere
2886 4919 3138 5014 videntur
3159 4933 3224 5014 ;la
3235 4931 3299 4984 ge
3326 4923 3381 4968 et
3413 4914 3483 5014 iis
3505 4911 3865 5014 Isingillatim

585 4983 912 5084 propositis.
943 4983 1130 5068 co'rutn
1175 4983 1503 5069 serotini-eunt
1543 4983 2032 5082 inspiciainusjvut
2067 5022 2131 5060 ex
2163 4983 2505 5068 eorm-nidum
2538 4995 2899 5084 ῐποιηξηίιιιιιε
2930 4987 3314 5084 ⁸ί¹¹¹ί,¹ίί¹¹ξ¹ί¹ξ’
3350 4983 3575 5037 ⁸θ¹θ⁰¹ί³
3597 4985 3882 5084 olm".th

2198 5076 2208 5084 .
2281 5075 2290 5084 .
2572 5068 2582 5077 -
2627 5080 2683 5084 ,.-
2719 5065 2854 5084 ναμε.
2885 5073 3152 5084 “nam...
3289 5069 3388 5084 ...ιη
3413 5065 3620 5084 mm“...
3649 5065 3879 5084 ...ιη-,ηε

585 5050 719 5152 sua:
741 5053 1051 5137 liben'aient
1099 5050 2596 5152 ειιοιῗίὶἰξῗἶδῇἓὲε’ἶῗιῖἑῖιίῗίἱῖ,“ἶεέ›ιῖυιιιῘεόιυιίοὶιέῇἶὶιῆἑ
2625 5050 2859 5144 {eluerit
2885 5058 3200 5152 perspiciat.
3244 5054 3390 5152 Sane
3413 5050 3883 5152 qttgltnpluriptos

625 5120 705 5137 ...μ
741 5120 1051 5137 ..υυ..........
1099 5120 1315 5139 ...υ.....
1414 5120 1544 5138 ..ων
1582 5120 1814 5136 "au..."
1891 5120 2084 5132 ,αι-ι...-
2133 5120 2454 5129 υν---η--νκρ
2503 5120 2527 5136 τ
2885 5120 2903 5133 .
3016 5120 3028 5128 .

587 5120 804 5207 κιονοηι
824 5168 884 5206 ea
911 5169 1029 5221 quae
1053 5154 1118 5208 de
1147 5120 1429 5209 Pharaone
1452 5155 1729 5217 dicuntur,
1755 5157 1818 5206 de
1833 5122 1953 5218 ‘quo
1976 5147 2176 5214 saepius
2201 5142 2529 5221 respondens
2558 5137 2702 5221 Deus
2730 5135 2846 5187 ait:
2885 5152 2903 5183 ι
2932 5131 3042 5199 Ego
3064 5128 3327 5221 indurabo
3351 5138 3448 5178 cor
3472 5120 3876 5202 Pharaonis...

590 5222 646 5277 Si
678 5223 824 5276 enim
861 5204 1054 5292 aijbeo
1080 5204 1634 5292 induraturfct—quia
1666 5204 1968 5282 in'duraiur,
2003 5204 2211 5292 peccat,
2245 5204 2352 5292 non
2385 5213 2499 5279 ipse
2545 5208 2648 5292 sibi
2695 5219 2862 5260 causa
2897 5204 3251 5292 perditi-{351:
3275 5204 3885 5292 Slilgi‘lflemsgfull'fﬁ

589 5292 823 5346 Pharao.
862 5261 1478 5349 llitigcx'siuiiliudi’ce;
2004 5261 2213 5339 ἴιῑῐὲτῐὲ
2373 5261 2636 5351 pereunt,
2669 5287 2847 5342 neque
2885 5261 2982 5338 per
3015 5283 3076 5321 se
3110 5270 3255 5334 ipsos
3288 5263 3514 5334 perire;
3552 5270 3608 5314 et
3628 5261 3790 5327 quod
3827 5263 3883 5314 in

660 5386 719 5458 ’τί
749 5387 917 5443 Exod.
951 5403 1025 5458 ιν,
1061 5388 1152 5445 ει.
1229 5389 1276 5422 ³³
1307 5389 1510 5446 Ezecb.
1550 5353 1866 5455 ιῖ,19,εο.
1939 5380 1985 5415 ιθ
2016 5381 2143 5436 Mart

2251 5353 2293 5446 ἑ,
2325 5377 2408 5432 te.
2483 5376 2528 5406 ιο
2558 5373 2716 5428 nom.
2754 5381 2834 5433 lx,
2886 5363 2974 5434 te.
3051 5359 3324 5429 “Philip.
3359 5372 3423 5423 ιι,
3454 5355 3543 5410 ιε.
3618 5353 3668 5387 δι
3701 5353 3884 5410 ιιοιιι.

590 5471 672 5522 lx,
701 5457 767 5512 l8
793 5468 847 5513 et
879 5473 997 5529 seq.

663 5568 773 5652 (28)
814 5570 965 5627 Libb.
1007 5571 1174 5640 editi,
1207 5587 1227 5622 ι
1247 5565 1618 5637 exposuimus.
1641 5583 1660 5616 ›
1694 5561 1798 5617 Sed
1825 5575 1983 5626 mss.,
2015 5576 2035 5605 ι
2062 5573 2162 5612 ex-

592 5654 910 5849 Ροέἓδῖυέἰέ
939 5727 1068 5768 mss.
1098 5709 1238 5766 Editi
1274 5721 1430 5770 vero.
1466 5704 1596 5776 περὶ
1624 5703 1714 5756 τὸν
1741 5699 1961 5774 Φαραώ.

601 5848 606 5849 ί
635 5815 638 5818 ι
689 5781 779 5849 50)
819 5780 897 5835 ita
928 5799 1056 5838 mss.
1086 5781 1244 5836 Libb.
1268 5777 1435 5849 editi,
1473 5793 1492 5825 ι
1526 5789 1630 5849 non
1651 5774 1892 5849 audiant
1919 5783 1961 5849 et

635 5815 638 5818 ›
664 5768 779 5849 (50)
819 5780 897 5835 lta
928 5799 1056 5838 mss.
1086 5781 1244 5836 Libb.
1268 5768 1435 5849 editi,
1473 5793 1492 5825 ι
1526 5768 1630 5849 non
1651 5768 1892 5849 audiant
1919 5783 1971 5849 et
2006 5768 2162 5849 intel-

597 5839 788 5922 ligant.
809 5868 828 5904 ι
858 5849 1063 5909 ibidem
1093 5864 1253 5920 mss.,
1283 5867 1302 5902 ι
1327 5839 1429 5905 sed
1453 5853 1509 5904 et
1533 5843 1665 5902 illud
1697 5842 1837 5914 quod
1867 5857 1897 5896 a
1926 5839 2114 5898 Paulo.
2138 5857 2158 5893 ι

2271 5557 2426 5611 Libb.
2453 5555 2606 5619 editi,
2643 5572 2661 5605 ι
2689 5552 2784 5606 sed
2820 5558 2876 5603 et
2902 5546 3030 5602 illud
3053 5541 3328 5619 quondam
3354 5536 3659 5619 apaula.)
3693 5535 3890 5619 Paulo

2271 5608 2639 5696 ﬂagitiis].
2664 5623 2793 5696 quid
2827 5634 2958 5696 ergo
2982 5608 3168 5696 adﬁne
3192 5610 3416 5682 culpat?
3441 5627 3461 5660 ι
3507 5609 3669 5664 Libb.
3696 5608 3851 5664 editi
3871 5647 3888 5674 ,

2279 5687 2296 5748 ἱ
2321 5697 2451 5766 quid
2477 5687 3124 5766 (trgi)ittilltlcucltlpltmltl‘
3145 5687 3217 5766 Υ.»
3283 5720 3286 5726 -

2341 5749 2452 5838 '(st)
2491 5749 2742 5838 [η’ζιίυι».⁸
2764 5749 2948 5838 ειῃῃες
2967 5758 3143 5838 deest.
3165 5753 3259 5815 ὡς.
3325 5749 3539 5838 Ρομίολ
3551 5757 3686 5833 ροει⁹
3709 5763 3893 5820 mss.,

2272 5815 2776 5910 περὶ-τοῦφαραώ.
2821 5827 2977 5885 Libb.
3011 5825 3143 5882 editi
3169 5862 3186 5892 ,
3219 5819 3466 5896 napi-cev
3497 5815 3743 5898 Φαραώη
