3880 6542
183 410 267 466 261
1480 406 1683 462 LIBER
1721 406 2044 464 TERTIUS.

3280 417 3387 471 262

250 526 537 599 ’Δρξώμεθα
566 527 742 583 τοίνυν
765 530 871 583 ἀπὸ
895 530 1004 583 τῶν
1039 530 1167 602 περὶ
1195 528 1287 585 τοῦ
1327 531 1526 603 Φαραὼ
1554 533 1698 603 εἰρη-

1876 533 1928 587 8.
1964 532 2285 605 Incipiamus
2329 532 2493 603 igitur
2533 533 2601 590 ab
2642 533 2727 591 his
2761 549 2879 607 qua:
2921 536 3079 608 115
3134 539 3199 593 ad
3236 540 3383 596 Pha-

179 618 330 693 μένων
366 619 437 683 ὡς
474 620 901 692 σχληρυνομένου
933 621 1038 674 ὑπὸ
1076 620 1232 686 θεοῦ,
1280 622 1366 675 ἵνα
1399 620 1473 693 μὴ
1511 619 1709 685 ἐξαπο-

178 714 331 783 στείλῃ
370 713 456 765 τὸν
499 713 644 767 λαόν·
692 707 736 781 ᾧ
785 712 1300 785 συνεξετασθήσεται
1350 714 1466 785 ἅμα
1516 714 1611 766 καὶ
1652 714 1713 765 τὸ

173 804 506 858 ἁποστολικόψ
547 824 566 857 ι
604 801 838 877 Ἀρόῦν
876 806 933 858 ὃν
967 804 1108 859 θέλει
1147 807 1175 857 6
1213 804 1345 867 Θεὸς
1373 804 1529 857 ἐλεεῖ·
1565 803 1622 856 ὃν
1654 805 1711 857 δὲ

172 894 288 947 θέλει
320 894 617 964 σκληρύνει.
658 914 676 945 ι
707 895 814 948 Καὶ
843 894 1175 964 ἐπιχρῶνται
1211 893 1419 957 τούτοις
1451 892 1558 946 τῶν
1603 895 1713 947 ἑτε-

170 986 369 1058 ροδόξων
385 986 544 1049 τινες,
575 986 757 1055 σχεδὸν
788 986 882 1039 καὶ
915 987 1066 1039 αὐτοὶ
1096 985 1157 1037 τὸ
1189 984 1528 1051 αὐτεξούσιον
1562 986 1711 1038 ἀναι-

170 1078 374 1148 ροῦντες.
396 1078 482 1131 διὰ
511 1078 570 1130 τὸ
610 1078 799 1146 φύσεις
828 1078 1065 1146 εἰσάγειν
1097 1076 1491 1146 ἀπολλυμένας,
1523 1077 1711 1132 ἀνεπι-

166 1170 354 1231 δέκτους
384 1168 476 1222 τοῦ
520 1169 806 1233 σώζεσθαι,
859 1172 951 1224 καὶ
997 1172 1188 1241 ἐτέρας
1225 1168 1553 1238 σωζομένοις,
1586 1168 1711 1221 ἁδυ-

164 1262 309 1324 νάτως
322 1261 545 1331 ἐχούσας
573 1264 708 1333 πρὸς
724 1263 783 1315 τὸ
810 1263 1123 1316 ἀπολέσθαι·
1156 1264 1245 1316 τόν
1272 1279 1329 1314 τε
1354 1260 1551 1331 Φαραὼ
1576 1279 1709 1329 φασι

165 1353 344 1422 φύσεως
387 1354 515 1407 ὄντα
564 1354 942 1426 ἀπολλυμένης
984 1356 1073 1409 διά
1109 1354 1268 1407 τοῦτο
1314 1354 1708 1425 σκληρύνεσθαι

162 1448 245 1499 ὑπὸ
294 1445 381 1498 τοῦ
435 1446 595 1509 Θεοῦ,
646 1446 923 1510 ἐλεοῦντος
983 1448 1080 1517 μὲν
1112 1448 1237 1510 τοὺς
1285 1451 1705 1518 πνευματικοὺς,

162 1538 517 1609 σκληρύνοντος
543 1539 600 1590 δὲ
630 1539 755 1601 τοὺς
786 1538 1022 1609 χοῖκοῦς.
1068 1540 1202 1611 Φέρε
1232 1534 1322 1591 οὖν
1352 1539 1547 1609 ἴδωμεν
1584 1542 1612 1593 ὃ
1657 1541 1707 1594 τί

158 1646 263 1682 ποτε
301 1630 388 1682 καὶ
424 1629 664 1696 λέγουσι.
701 1629 1020 1699 Πευσόμεθα
1063 1629 1170 1700 γὰρ
1218 1628 1394 1682 αὐτῶν
1424 1631 1470 1681 εἰ
1516 1630 1707 1700 χοῖκῆς

158 1722 337 1790 φύσεως
363 1724 390 1774 6
420 1721 624 1793 Φαραὼ
665 1716 750 1791 ἦν·
788 1720 1239 1790 ἀποκρινομένοις
1264 1720 1321 1772 δὲ
1357 1720 1589 1791 ἐροῦμεν
1624 1722 1705 1774 ὅτι

154 1815 176 1867 ὀ
197 1812 280 1881 τῆς
304 1813 486 1882 χοῖκῆς
511 1811 727 1880 φύσεως
746 1812 962 1872 πάντως
992 1809 1205 1863 ἀπειθεῖ
1238 1809 1373 1880 Θειῖν
1406 1810 1529 1863 εἰδὲ
1556 1812 1707 1864 ἀπει-

1817 640 2043 680 raonem
2083 624 2224 681 dicta
2252 634 2397 690 sunt,
2420 624 2511 696 qui
2548 640 2578 680 a
2611 626 2720 681 Deo
2749 628 2948 683 dicitur
2973 630 3260 686 induratus
3318 646 3389 686 ne

1820 718 2113 772 dimitteret
2139 718 2390 788 populum
2416 736 2430 783 ;
2456 733 2579 773 cum
2603 732 2711 787 quo
2731 719 2935 788 pariter
2955 721 3121 775 etiam
3146 723 3386 791 Apostoli

1817 804 1907 859 ille
1937 820 2113 860 sermo
2143 806 2484 872 tractabitur,
2512 820 2617 875 quo
2646 808 2723 861 ait
2751 823 2765 860 :
2805 826 2824 860 ι
2858 808 3001 877 Ergo
3029 811 3115 865 cui
3144 811 3256 865 vult
3283 811 3385 865 mi-

1816 907 2029 951 seretur
2064 906 2296 966 etquem
2326 897 2440 951 vult
2466 898 2685 953 indurat
2718 898 2784 951 ¹⁶³.
2822 917 2843 953 ι
2889 900 2982 955 His
3010 902 3151 956 enim
3192 904 3385 973 praeci-

1816 1004 1920 1058 pue
1944 989 2189 1043 nituntur
2230 989 2469 1045 haeretici
2500 992 2741 1048 dicentes
2772 1008 2877 1048 non
2927 1009 3046 1050 esse
3089 996 3141 1049 in
3198 1005 3383 1052 nostra

1816 1088 2083 1147 potestate
2111 1088 2167 1132 ut
2193 1078 2489 1145 salvemur,
2524 1081 2617 1135 sed
2664 1092 2889 1139 naturas
2917 1100 3041 1140 esse
3078 1087 3384 1143 animarum

1819 1170 1950 1225 tales
1980 1186 2097 1241 quae
2140 1170 2285 1224 onmi
2333 1186 2531 1241 genere
2558 1172 2639 1227 vel
2691 1184 2916 1243 pereant
2947 1175 3029 1229 vel
3077 1177 3383 1244 salventur,

1816 1275 1917 1316 nec
1945 1260 2054 1315 ullo
2091 1261 2249 1316 modo
2278 1262 2448 1331 possit
2482 1264 2663 1318 anima
2694 1280 2815 1334 qua:
2856 1266 3010 1322 mala:
3042 1276 3246 1323 natura:
3275 1276 3383 1336 es‘t,

1815 1354 1954 1408 bona
1989 1353 2142 1416 fieri;
2177 1364 2272 1407 aut
2309 1370 2429 1424 qua:
2452 1354 2605 1409 bona:
2636 1367 2839 1411 naturze
2876 1358 3055 1423 fuerit,
3104 1361 3238 1414 mala
3268 1360 3383 1416 clli-

1814 1445 1862 1499 ci
1890 1444 2023 1515 (32).
2058 1442 2212 1499 Unde
2246 1445 2397 1498 aiunt
2426 1458 2477 1500 et
2497 1446 2861 1512 Pharaonem,
2888 1449 3141 1516 quoniam
3176 1460 3385 1505 natura:

1813 1546 1930 1591 erat
1954 1538 2197 1605 perditae,
2239 1547 2526 1606 propterea
2568 1539 2811 1594 indurari
2842 1557 2870 1593 a
2903 1541 3014 1595 Deo
3042 1542 3131 1611 qui
3172 1543 3387 1597 indurat

1814 1642 1907 1682 eos
1934 1628 2025 1697 qui
2072 1637 2300 1681 terrente
2338 1639 2544 1685 natura:
2589 1642 2733 1698 sunt,
2766 1632 3054 1687 miseretur
3080 1642 3259 1687 autem
3286 1648 3385 1688 eo-

1813 1735 1930 1775 rum
1968 1720 2059 1789 qui
2079 1720 2344 1789 spiritalis
2364 1731 2571 1775 natura:
2599 1732 2744 1775 sunt.
2770 1722 3057 1778 Videamus
3074 1736 3205 1794 ergo
3224 1724 3385 1793 quale

1811 1818 1894 1865 est
1918 1812 2057 1865 istud
2091 1811 2232 1879 quod
2255 1820 2528 1878 asserunt,
2557 1823 2611 1865 et
2640 1815 3037 1884 interrogemus
3069 1829 3161 1869 eos
3185 1816 3384 1885 primo,

155 1904 237 1966 θεῖ,
254 1904 327 1967 τίς
353 1903 510 1974 χρεία
541 1899 936 1972 σκληρύνεσθαι
972 1899 1134 1952 αὑτοῦ
1183 1898 1279 1970 τὴν
1321 1900 1567 1971 καρδίαν,
1610 1900 1698 1954 καὶ

1808 1911 1861 1955 ιιι
1886 1902 2251 1970 respondeant
2276 1902 2449 1967 nobis,
2480 1903 2525 1957 si
2557 1912 2787 1958 terrente
2827 1914 3035 1959 naturae
3064 1922 3227 1975 quam
3258 1922 3383 1975 per-

152 1994 281 2048 τοῦτο
304 1995 396 2064 οὐχ
444 1993 617 2059 ἅπαξ,
670 1991 805 2046 ἀλλά
848 1991 1166 2055 πλεονάκις;
1218 1992 1279 2044 Εἰ
1318 1992 1391 2063 μὴ
1440 1992 1547 2065 ἄρα
1580 1994 1703 2045 ἐπεὶ

149 2086 337 2139 δυνατὸν
366 2081 432 2155 ἦν
458 2084 743 2137 πείθεσθαι
777 2083 958 2145 αὐτὸν,
988 2084 1081 2136 καὶ
1111 2083 1324 2145 πάντως
1354 2083 1578 2154 ἐπείσθη
1612 2083 1698 2147 ἂν,

151 2180 225 2233 is:
259 2178 349 2231 οὐκ
381 2177 455 2230 ὣν
505 2177 709 2247 χοῖκὸς,
758 2176 863 2228 ὑπὸ
908 2174 1014 2228 τῶν
1044 2176 1287 2246 τεράτων
1331 2175 1424 2227 καὶ
1462 2175 1701 2246 σημείων

149 2270 555 2341 δυσωπούμενος,
607 2268 801 2339 χρῄζει
854 2268 910 2320 δὲ
962 2266 1127 2320 αὑτοῦ
1179 2269 1206 2319 6
1251 2266 1382 2330 Θεὸς
1434 2266 1574 2337 ὑπὲρ
1608 2266 1698 2319 τοῦ

147 2357 443 2423 ἐνδείξασθαι
478 2357 578 2409 ἐπὶ
625 2355 865 2426 σωτηρίᾳ
912 2354 1018 2407 τῶν
1072 2353 1279 2407 πολλῶν
1324 2354 1393 2407 τὰ
1440 2354 1701 2425 μεγαλεῖα

146 2452 221 2504 ἐπὶ
256 2451 427 2502 πλεῖον
472 2446 850 2510 ἀπειθοῦντος,
877 2445 965 2499 διά
1003 2444 1160 2498 τοῦτο
1211 2444 1500 2515 σκληρύνει
1534 2444 1699 2499 αὐτοῦ

146 2540 221 2612 τὴν
250 2541 483 2611 καρδίαν.
517 2538 709 2592 Ταῦτα
728 2539 783 2591 δὲ
815 2536 1085 2600 λελέξεται
1109 2536 1323 2608 πρῶτον
1341 2537 1476 2608 πρὸς
1502 2537 1700 2601 αὐτοὺς

144 2634 208 2693 εἰς
243 2631 297 2683 τὸ
334 2629 723 2700 ἀνατραπῆναι
765 2627 792 2679 ὃ
843 2626 1317 2697 ὑπολαμϐάνουσιν
1372 2627 1453 2679 ὅτι
1485 2626 1699 2696 φύσεως

143 2717 197 2793 ἦν
220 2723 590 2793 ἀπολλυμένης
622 2724 650 2774 6
677 2718 892 2790 Φαραώ.
924 2719 996 2771 Τὸ
1036 2718 1080 2771 δ’
1116 2718 1246 2771 αὐτὸ
1287 2718 1379 2770 καὶ
1426 2719 1554 2789 περὶ
1602 2716 1697 2770 τοῦ

144 2814 265 2885 παρὰ
291 2814 363 2883 τῷ
395 2812 713 2882 Ἀποστόλῳ
736 2811 1030 2880 λεγομένου
1060 2810 1168 2879 (55)
1194 2809 1411 2861 λεκτέον
1440 2810 1574 2880 πρὸς
1603 2811 1699 2863 αὐ-

143 2902 261 2964 τούς.
293 2905 451 2968 Τίνας
498 2902 615 2975 γάρ
652 2901 940 2973 σκληρύνει
967 2900 1179 2965 ὁθεός;
1210 2901 1347 2965 Τοὺς
1394 2900 1698 2971 ἀπολλυμέ-

143 3011 242 3057 νους
266 2994 389 3047 ὡσεὶ
419 2993 784 3065 πεισομένους
813 2994 860 3045 εί
896 2991 970 3063 μὴ
1023 2991 1421 3063 σκληρυνθεῖεν,
1456 2991 1488 3061 ἢ
1516 2991 1699 3063 δηλον·

142 3088 207 3138 ότι
261 3085 670 3156 σωθησομένους
730 3082 805 3153 τῷ
878 3082 951 3153 μὴ
1014 3078 1153 3135 εἶναι
1234 3082 1427 3144 αὐτοὺς
1484 3081 1696 3149 φύσεως

142 3178 506 3248 ἀπολλυμένης.
562 3175 724 3238 Τίνας
752 3176 808 3228 δὲ
849 3174 942 3227 καὶ
979 3173 1152 3238 ὲλεεῖ;
1185 3168 1331 3243 *Αρα
1361 3172 1485 3235 τοὺς
1522 3170 1696 3242 σωθη-

146 3271 396 3340 σομένους
454 3270 573 3323 Καὶ
607 3269 721 3331 πῶς
782 3268 938 3339 χρεία
992 3266 1143 3319 ἐλέου
1199 3264 1450 3336 δευτέρου
1511 3263 1695 3327 αὐτοῖς

144 3360 261 3427 ἅπαξ
305 3359 803 3415 κατασκευασθεῖσι
858 3358 1275 3429 σωθησομένοις,
1334 3356 1429 3408 καὶ
1478 3355 1696 3417 πάντως

140 3451 210 3505 διὰ
244 3454 331 3524 την
361 3454 528 3522 φύσιν
568 3453 858 3524 μακαρίοις
891 3451 1204 3521 ὲσομένοις;
1241 3450 1288 3502 εἰ
1331 3448 1405 3519 μὴ
1438 3450 1545 3521 ἄρα
1572 3448 1695 3501 ἐπεὶ

142 3543 439 3615 ἐπιδέχονται
473 3542 776 3607 ἀπώλειαν,
813 3544 860 3595 εἰ
892 3542 965 3613 μὴ
992 3540 1283 3613 ἐλεηθεῖεν,
1303 3539 1599 3602 ὲλεοῦνται,
1627 3539 1693 3591 ἶν’

140 3633 254 3706 ὅπερ
280 3636 619 3707 ἐπιδέχονται
666 3636 739 3706 μὴ
766 3634 970 3687 λάϐωσι
999 3632 1059 3687 τὸ
1090 3631 1403 3690 ἀπολέσθαι,
1435 3629 1570 3683 ἀλλά
1598 3629 1695 3697 γέ-

143 3740 309 3779 νωνται
339 3728 396 3779 ὲν
433 3725 597 3797 χώρᾳ
636 3723 994 3795 σωζομένων;
1041 3721 1153 3776 Καὶ
1194 3720 1371 3775 ταῦτα
1407 3719 1505 3790 μὲν
1558 3719 1696 3793 πρὸς

141 3815 363 3880 ἐκείνους.
1222 3830 1227 3833 “

1808 1993 1974 2047 ditam
2006 1995 2212 2058 dicunt,
2257 2004 2512 2049 asserunt
2542 1996 2710 2051 fuisse
2751 1996 3111 2053 Pharaonem.
3152 1999 3386 2068 Respon-

1808 2086 2009 2139 debunt
2036 2086 2155 2139 sine
2176 2086 2371 2141 dubio:
2404 2097 2654 2142 terrente.
2688 2086 2745 2142 Si
2770 2102 2898 2158 ergo
2926 2098 3156 2145 terrenae
3178 2102 3385 2146 natura!

1807 2186 1945 2238 erat,
1994 2178 2218 2231 credere
2261 2176 2372 2232 Deo
2422 2177 2503 2232 vel
2535 2178 2757 2232 obedire
2789 2179 2839 2233 ei
2872 2181 3154 2235 resistente
3189 2190 3383 2235 natura

1806 2268 2025 2324 omnino
2044 2284 2147 2323 non
2173 2270 2368 2338 potuit.
2389 2270 2539 2337 Quod
2565 2272 2607 2326 si
2638 2272 2739 2327 hoc
2766 2273 2811 2327 ei
2845 2282 2963 2326 erat
2991 2289 3087 2342 per
3110 2282 3381 2339 naturam,

1805 2360 1931 2428 quid
1950 2360 2127 2415 adhuc
2147 2376 2284 2430 opus
2301 2372 2417 2416 erat
2441 2363 2678 2416 indurari
2698 2379 2794 2419 cor
2810 2364 3010 2432 ejus,ct
3045 2365 3148 2417 hoc
3168 2378 3271 2417 non
3294 2379 3383 2418 se-

1806 2452 2031 2516 mel,sed
2048 2452 2494 2521 frequentermisi
2510 2456 2653 2523 quod
2670 2456 2851 2525 utique
2866 2456 3118 2527 possibile
3131 2466 3379 2511 erateum

1805 2542 2017 2596 suaderi
2034 2544 2056 2596 ?
2071 2543 2178 2598 Nec
2197 2544 2387 2599 indura
2399 2545 2438 2599 ri
2463 2546 2530 2600 ab
2548 2546 2655 2602 alio
2672 2547 2968 2613 diceretur,
2982 2549 3084 2602 nisi
3104 2550 3147 2603 is
3167 2548 3300 2619 quia
3322 2562 3383 2602 se

1806 2648 1912 2687 non
1935 2644 2052 2687 erat
2080 2635 2265 2689 durus.
2293 2634 2445 2701 Quod
2468 2636 2512 2689 si
2534 2652 2599 2689 ex
2625 2652 2681 2691 se
2703 2652 2807 2692 non
2834 2648 2951 2692 erat
2972 2639 3162 2703 durus,
3183 2654 3380 2694 conse-

1804 2738 1975 2792 quens
2006 2732 2090 2778 est
2117 2734 2287 2779 utnec
2318 2726 2481 2780 fuerit
2506 2734 2737 2781 terrena:
2772 2738 3001 2793 naturae,
3020 2730 3111 2784 sed
3135 2728 3255 2785 talis
3287 2730 3379 2799 qui

1804 2822 1985 2881 posset
2010 2812 2416 2883 obstupefactus
2439 2816 2609 2885 signis
2630 2826 2683 2870 et
2708 2818 2998 2873 virtutibus
3026 2819 3238 2873 cedere.
3272 2820 3379 2875 Ne-

1803 2902 2073 2957 cessarius
2089 2903 2286 2956 etenim
2304 2913 2422 2957 erat
2442 2904 2550 2957 Deo
2572 2903 2681 2973 (54)
2702 2912 2757 2957 ιιι
2781 2918 2879 2972 pro
2894 2906 3066 2959 salute
3088 2905 3380 2960 multorum

1803 2990 1856 3045 in
1885 2976 2001 3057 ipso
2017 2991 2598 3046 ostenderetvirtutem
2627 3008 2803 3055 suam,
2824 2995 2949 3047 dum
2976 2994 3178 3048 resistit
3211 2994 3383 3063 pluri-

1803 3083 1906 3136 mis
1922 3080 2095 3151 signis
2117 3091 2172 3135 et
2191 3080 2499 3136 obluctatur
2524 3083 2785 3135 voluntati
2810 3083 2924 3147 Dei,
2960 3092 3013 3137 et
3045 3098 3139 3152 per
3159 3085 3261 3137 hoc
3286 3098 3382 3137 cor

1802 3174 1919 3243 ejus
1949 3174 2152 3228 dicitur
2179 3174 2444 3228 indurari.
2487 3173 2613 3229 Haec
2642 3185 2825 3229 autem
2872 3176 3014 3230 dicta
3046 3187 3172 3231 sunt
3201 3178 3379 3245 primo

1726 3249 1771 3311 C
1804 3265 2062 3319 adversus
2100 3263 2242 3328 illos,
2271 3277 2365 3333 per
2395 3279 2516 3333 quae
2548 3264 2636 3317 illa
2666 3280 2854 3319 eorum
2884 3265 3177 3319 subruatur
3200 3281 3379 3321 asser-

1807 3354 1880 3409 tio
1905 3368 2012 3423 qua
2044 3362 2235 3423 putant
2278 3356 2602 3410 naturaliter
2630 3358 2897 3426 perditum
2938 3356 3104 3412 fuisse
3140 3357 3377 3413 Pharao-

1802 3459 1949 3499 nem.
2000 3445 2105 3498 Sed
2152 3453 2207 3499 et
2256 3444 2322 3500 de
2370 3446 2454 3500 his
2484 3461 2607 3516 qua:
2641 3448 2707 3500 ab
2744 3448 2990 3517 apostolo
3036 3448 3201 3502 Paulo
3231 3450 3375 3504 dicta

1803 3544 1947 3602 sunt,
1978 3535 2228 3590 similiter
2254 3536 2516 3592 adversus
2542 3553 2637 3593 eos
2662 3554 2909 3609 agamus.
2941 3537 3087 3605 Quos
3109 3541 3254 3594 enim
3290 3540 3377 3593 in-

1803 3630 1966 3685 durat
1988 3628 2127 3682 Deus
2158 3630 2459 3684 secundum
2500 3630 2814 3701 opinionem
2844 3632 3117 3686 vestram?
3171 3630 3375 3700 Nempe

1802 3734 1896 3775 cos
1927 3734 2063 3790 quos
2104 3731 2311 3775 natura:
2350 3722 2576 3789 perditae
2614 3722 2815 3787 dicitis,
2851 3723 2993 3791 quid
3024 3723 3165 3776 aliud
3208 3725 3373 3778 credo

1801 3811 2041 3867 facturos
2072 3812 2116 3868 si
2149 3828 2254 3869 non
2296 3811 2530 3868 fuissent
2564 3813 2827 3868 indurati.
2861 3814 2917 3869 Si
2964 3828 3094 3871 vero
3122 3830 3188 3871 ex
3215 3814 3375 3870 indu-

1344 4021 1904 4079 INTERPRETATIO
1934 4022 2143 4080 NOVA.

142 4188 389 4246 Ezechiele
420 4190 635 4246 dicitur
665 4202 682 4243 :
720 4207 738 4241 ι
761 4187 1020 4243 Auferam
1050 4202 1238 4242 eorum
1263 4185 1469 4257 lapidea
1494 4185 1680 4257 corda,
1703 4194 1757 4240 et
1783 4185 2070 4257 immittam
2097 4186 2176 4241 eis
2204 4200 2400 4240 carnea
2427 4196 2485 4241 ut
2514 4185 2566 4240 in
2596 4185 2880 4256 praeceptis
2910 4184 3047 4241 meis
3076 4184 3368 4257 incedant,

141 4270 185 4311 et
208 4260 436 4326 justitias
483 4275 641 4314 meas
667 4260 976 4313 custodiant
1003 4276 1017 4324 ;
1054 4277 1071 4309 ι
1109 4271 1326 4311 movere
1352 4256 1528 4325 possit
1555 4256 1793 4325 aliquem
1824 4256 1976 4326 quasi
2014 4256 2154 4310 Dens
2184 4257 2386 4326 detvel
2436 4258 2690 4311 incedere
2722 4257 2774 4310 in
2818 4256 2933 4326 suis
2963 4256 3234 4309 mandatis
3280 4260 3368 4313 vel

142 4325 246 4384 suas
266 4331 688 4399 iustificationes
711 4331 1007 4393 custodire,
1038 4330 1162 4382 dum
1191 4327 1241 4379 id
1270 4328 1410 4396 quod
1435 4327 1619 4399 obstat
1649 4325 2111 4399 adcustgdienda
2141 4325 2388 4399 mandata
2422 4342 2520 4381 cor
2546 4326 2813 4399 lapideum
2828 4325 3040 4399 aufert,
3072 4334 3125 4399 et
3152 4326 3367 4399 melius,

146 4394 311 4469 nempe
342 4406 634 4465 carneulh,
677 4400 888 4454 inserit.
910 4399 1201 4453 Videamus
1232 4394 1399 4469 etiam?
1440 4394 1567 4469 illud
1600 4395 1743 4464 quod
1778 4396 1827 4447 in
1862 4394 2150 4469 Evangelia
2184 4396 2433 4469 Salvator
2465 4398 2743 4466 respondit
2766 4397 2840 4469 ad
2880 4410 2973 4449 eos
3007 4394 3099 4463 qui
3136 4396 3205 4469 ab
3246 4397 3366 4465 ipso

144 4463 451 4539 (inserebant,
486 4463 661 4539 quare
711 4471 777 4523 ad
826 4470 1015 4524 turbas
1073 4468 1123 4539 in
1161 4467 1435 4535 parabolis
1488 4463 1822 4533 loqueretur.
1872 4482 1907 4539 _¢
1937 4463 2567 4539 Ut'videntes,_inquit,'
2589 4481 2693 4519 non
2728 4466 2971 4539 videant,
2992 4474 3059 4539 et
3083 4463 3369 4521 audientes

143 4534 331 4596 audiant
358 4552 413 4597 et
435 4534 556 4596 non
589 4540 929 4609 intelligant,
957 4554 1025 4592 tte
1068 4534 1208 4590 forte
1239 4546 1634 4609 convertantur
1665 4545 1720 4609 et
1746 4535 2061 4609 remittatur
2098 4537 2197 4609 eist
2231 4555 2249 4587 ι
2294 4534 2427 4609 Illud
2462 4538 2681 4609 insuper
2711 4551 2739 4588 a
2769 4534 2931 4609 Paulo
2972 4534 3179 4609 dictth
3228 4544 3314 4588 est
3346 4549 3364 4589 :

147 4609 285 4664 «Non
315 4622 396 4666 est
428 4610 675 4665 volentis
710 4600 882 4677 ne'que
916 4600 1228 4671 currentis,
1272 4608 1365 4662 sed
1403 4604 1714 4677 miserentis
1746 4604 1909 4677 Dei_._i
1971 4603 2037 4677 Et
2071 4603 2197 4657 alibi
2230 4622 2245 4660 :
2284 4624 2303 4677 ι
2332 4606 2393 4677 Et
2432 4600 2672 4677 yelle'etA
2694 4607 2955 4677 perlicere
2993 4618 3059 4656 ex
3105 4600 3215 4677 Deo
3258 4612 3361 4660 est.

147 4678 261 4751 Ergo
289 4681 438 4749 cujus
472 4680 593 4753 vult
625 4671 1084 4753 Deusin‘iseretur
1116 4689 1170 4732 et
1198 4676 1502 4753 qucmvult
1538 4675 1778 4727 indurat.
1818 4673 1975 4726 Dices
2005 4675 2186 4741 itaque
2210 4674 2557 4753 milti_:_Quid
2592 4671 2763 4753 adhuc
2788 4673 3066 4741 queritur;
3098 4671 3363 4753 voluntati

142 4744 260 4803 eni'tn
292 4744 405 4821 ejus
438 4752 570 4822 quis
618 4749 864 4822 resistit?
891 4768 913 4822 ι
944 4820 950 4822 ν
984 4749 1049 4822 [fit
1080 4766 1111 4822 Δε
1162 4747 1546 4822 _¢_0bedientia_
1570 4759 1634 4797 ex
1667 4753 1952 4822 .vocalute,
2012 4759 2119 4822 non
2142 4758 2223 4822 ex
2274 4744 2431 4822 nobis
2481 4754 2583 4822 estt
2637 4745 2694 4822 ΑΟ
2724 4744 2910 4822 homo,
2940 4744 3157 4822 tu_quis
3185 4758 3243 4798 es
3271 4745 3365 4822 qui

144 4813 643 4887 respondeas'Deo?
700 4820 954 4888 Nunquid
982 4819 1109 4871 dicit
1158 4820 1472 4888 tigmentum
1501 4815 1547 4888 ei
1585 4814 1692 4888 qui
1715 4828 1773 4866 se
1810 4813 2016 4888 tinxit:
2054 4814 2193 4888 Quid
2223 4831 2304 4869 me
2332 4814 2507 4888 fecisti
2542 4815 2659 4888 sic?
2711 4816 2903 4888 Annon
2936 4813 3097 4866 habet
3129 4821 3367 4888 potesta-

146 4882 233 4943 tein
260 4892 447 4961 figulus
494 4891 593 4944 luti
631 4906 695 4945 ex
727 4882 914 4942 eadem
971 4904 1145 4941 massa
1178 4882 1358 4940 facere
1387 4885 1530 4938 aliud
1566 4884 1782 4961 quidem
1829 4897 1922 4936 vas
1968 4885 2021 4961 in
2072 4886 2382 4961 honorem,
2410 4883 2555 4961 aliud
2592 4900 2733 4961 vero
2767 4882 2837 4961 _iu
2887 4882 3310 4961 contumeliam‘l
3335 4902 3356 4936 s

144 4957 249 5014 llaec
268 4952 403 5015 enim
437 4976 541 5030 per
568 4976 628 5015 se
670 4960 866 5015 multos
902 4960 1223 5026 perturbate
1252 4967 1513 5026 possunt,
1563 4954 1721 5023 quasi
1765 4967 1870 5006 non
1925 4954 2010 5007 sui
2067 4956 2140 5008 sit
2174 4955 2384 5009 arbitrii
2421 4956 2605 5019 homo,
2641 4954 2735 5008 sed
2763 4952 2905 5007 Deus
2932 4966 3067 5020 quos
3108 4954 3360 5018 voluerit,

143 5030 285 5084 salvct
318 5041 371 5085 et
411 5032 626 5085 perdat.

202 5041 800 5173 lgininitipliaiaiiiiiﬁsl'igitur
830 5097 1007 5173 abLiis
1034 5112 1155 5167 qua-
1179 5097 1243 5150 de
1273 5095 1555 5173 Pharaone
1575 5091 1716 5173 dicta
1744 5100 2159 5173 suntstanquam
2188 5110 2216 5173 a
2250 5095 2357 5148 Deo
2382 5094 2728 5155 indurato,ne
2751 5091 3046 5173 dimitteret
3073 5090 3359 5173 populum;

144 5187 243 5225 cum
278 5161 401 5241 quo'
427 5184 485 5226 et
537 5161 683 5224 illud
700 5161 943 5237 Aposto'li
984 5161 1087 5221 una
1137 5168 1459 5241 tractabitur
1492 5181 1503 5215 :
1541 5182 1558 5213 ι
1607 5163 1748 5241 Ergo
1794 5164 1949 5241 cuius
1982 5161 2097 5217 vult
2131 5167 2453 5241 miseretur,
2486 5174 2541 5241 e_t_
2574 5179 2733 5233 quem
2759 5162 2870 5215 vult
2911 5162 3149 5241 indurat.
3176 5179 3210 5241 ο
3265 5161 3363 5241 llis

144 5242 260 5294 enim
291 5232 592 5296 abutuntur
620 5232 1001 5293 hmréticorum
1023 5236 1407 5310 _uonnnlli,gqu-i
1442 5232 1826 5310 propemodum
1869 5236 2097 5287 libermn
2136 5236 2418 5310 arbitrium
2442 5232 2670 5310 tollunt,
2699 5247 2819 5286 cum
2846 5243 3067 5310 naturas
3098 5232 3362 5310 induc‘unt

144 5311 349 5379 perditas
375 5327 501 5384 qua:
527 5312 728 5367 salvari
756 5323 861 5362 non
893 5308 1121 5378 possint,
1162 5317 1213 5360 et
1242 5300 1377 5360 alias
1416 5300 1551 5374 quae
1579 5302 1857 5357 salvantur
1884 5319 2110 5373 qumque
2145 5309 2325 5375 perire
2366 5305 2511 5359 nullo
2552 5306 2711 5358 modo
2760 5304 3002 5372 possint;
3050 5312 3105 5355 et
3135 5300 3360 5371 perdita:

199 5432 238 5463 “
258 5432 410 5488 Rom.
447 5449 527 5497 ιι,
558 5433 643 5487 18.

199 5527 295 5597 (32)
320 5530 409 5583 Sic
436 5544 571 5583 mss.
602 5527 757 5582 Libb.
787 5522 937 5597 editi,
979 5542 997 5575 ι
1027 5539 1160 5597 quae
1196 5520 1546 5597 tttalamfacld
1566 5526 1672 5597 est,

142 5591 257 5651 bona
280 5591 431 5664 'lieri,
453 5608 551 5653 aut
571 5613 689 5667 quae
726 5597 866 5652 bona
901 5591 1083 5657 fuerit,
1123 5592 1261 5667 mala
1285 5591 1444 5646 eliiei.
1483 5592 1673 5667 i_ln_fra

143 5682 273 5739 mss.,
297 5689 314 5721 ι
350 5660 483 5739 quid
517 5660 687 5723 adhuc
709 5681 843 5736 opus
872 5674 989 5739 erat
1021 5665 1288 5739 indururi,
1325 5680 1343 5713 ι
1380 5670 1485 5739 etc.
1511 5660 1673 5716 ιλιι).

142 5738 266 5808 editi,
294 5757 311 5790 ι
343 5734 471 5808 (ιἰιὶά
524 5739 590 5792 ad
631 5734 896 5806 hoc—Opus
942 5737 991 5788 ei
1038 5745 1159 5790 erat
1203 5734 1463 5808 indurari,
1510 5750 1534 5808 ξ
1563 5741 1671 5808 etc.

145 5805 315 5865 Ibidem
349 5801 517 5876 mss.,
550 5825 567 5860 ι
609 5808 699 5879 qui
742 5801 875 5861 a'se
918 5820 1022 5879 non
1074 5813 1190 5858 erat
1216 5806 1405 5860 durus.
1450 5821 1471 5856 ι
1518 5801 1672 5858 Libb.

142 5878 265 5947 editi,
303 5899 321 5932 ι
369 5881 464 5952 qui
502 5878 766 5938 ante’ttou
795 5888 914 5935 erat
939 5878 1127 5933 durus.
1159 5894 1179 5928 ι

1864 5511 2355 5584 (55)Λεγομένου.
2404 5514 2562 5569 Deest
2592 5515 2645 5568 in
2689 5521 2850 5584 antea
2887 5510 3204 5584 editis._‘setl
3255 5509 3361 5584 itq-

1782 5580 1942 5671 ςυρψ
1959 5580 2022 5670 in
2050 5580 2179 5641 mss.
2211 5585 2379 5640 Paulo
2402 5594 2523 5655 post
2550 5600 2705 5647 mss.,
2729 5580 2988 5653 δηλονότι.
3020 5580 3176 5663 μω).
3201 5580 3359 5646 editi,

1781 5661 1937 5731 δῆλον
1958 5661 2060 5710 ὅτι.
3034 5661 3039 5663 “
3066 5720 3076 5730 _

1855 5729 1967 5801 (54)
2008 5726 2116 5802 lt_a_
2144 5740 2278 5802 mss.
2336 5724 2494 5779 Libb.
2553 5723 2706 5802 editi.
2741 5740 2759 5775 ι
2803 5735 3203 5802 necessarium
3237 5725 3358 5800 erat

1784 5792 1997 5863 Deo;'r
2048 5798 2244 5851 ibidem
2286 5812 2439 5859 mss.,
2482 5814 2500 5846 ι
2545 5796 2670 5848 dum
2735 5795 2939 5849 resistit
2990 5792 3238 5859 plurimis
3279 5792 3359 5844 si-

1785 5871 1927 5940 gnis.
1968 5886 1987 5921 ι
2026 5866 2179 5925 Libb.
2220 5865 2375 5935 editi,
2416 5884 2435 5919 ι
2473 5866 2600 5923 dum
2636 5864 2838 5922 resistit
2866 5863 3180 5935 plurimum.
3223 5876 3248 5913 ι
