3988 6418
553 364 663 421 265

1815 355 1974 413 ORIG
1983 356 2139 413 ENIS
2171 357 2330 413 ΠΕΡΙ
2357 360 2592 415 ΑΡΧΩΝ

3705 364 3808 422 264

555 487 767 544 ratione
789 484 854 539 ad
881 484 1235 554 perditionem
1255 486 1502 544 venrunt,
1523 477 1634 548 jam
1685 492 1796 532 non
1846 478 2188 544 naturaliter,
2220 481 2313 534 sed
2340 495 2405 535 ex
2439 478 2813 536 accidentibus
2843 485 3094 550 pereunt.
3122 478 3275 537 Tunc
3310 479 3507 537 deinde
3530 480 3696 539 dicite
3724 500 3807 542 no-

559 579 664 641 bis.
715 594 945 649 quorum
1006 578 1294 632 miseretur
1344 573 1521 628 Deus?
1572 571 1772 641 Nempe
1824 588 2016 629 eorum
2070 575 2162 644 qni
2225 575 2470 631 salvandi
2527 586 2672 631 sunt.
2727 575 2796 630 Et
2846 575 2899 629 in
2947 591 3055 646 quo
3094 576 3181 632 isti
3222 580 3461 633 secunda
3503 579 3809 638 misericor-

554 676 643 731 dia
676 674 789 747 (55)
828 674 1074 743 indigent
1100 670 1191 741 qui
1224 669 1393 726 semel
1420 667 1671 723 salvandi
1730 678 1854 722 sunt
1912 684 2008 738 per
2036 670 2195 740 116
2240 680 2515 731 naturam.
2559 679 2613 725 et
2642 671 2710 724 ad
2749 670 3144 726 beatitudinem
3196 672 3424 726 veniunt
3471 674 3815 743 naturaliter,

555 773 658 828 nisi
694 773 821 841 quia
855 770 1018 824 etiam
1053 784 1117 823 ex
1155 767 1241 821 bis
1271 765 1601 829 ostenditur,
1643 766 1787 833 quod
1823 764 1947 832 quia
1979 764 2151 833 perire
2179 780 2273 820 eos
2325 766 2580 834 possibile
2605 774 2742 829 erat,
2772 764 2980 819 ideirco
3003 764 3432 820 misericordiam
3481 780 3815 836 consequun-

556 876 662 933 tur,
696 877 757 921 ut
790 880 885 933 per
920 864 1018 917 hoc
1062 877 1167 917 non
1225 870 1472 931 pereant,
1536 861 1631 915 sed
1674 860 1894 914 veniant
1952 861 2018 913 ad
2086 860 2312 915 salutem
2358 871 2410 917 et
2447 863 2656 931 piorum
2713 876 2875 931 regna
2920 862 3263 932 possideant?
3333 860 3400 916 Et
3447 862 3561 917 hac
3599 864 3810 933 quidem

553 963 694 1015 dicta
722 962 829 1014 sint
856 959 1115 1012 adversus
1148 972 1243 1013 eos
1270 957 1359 1027 qui
1391 966 1614 1011 naturas
1660 956 1831 1011 bonas
1877 956 1959 1009 vel
2019 957 2208 1023 malas,
2248 958 2300 1010 id
2359 968 2442 1013 est
2481 968 2746 1021 terrenas,
2781 959 2866 1013 vel
2896 958 3167 1027 spiritales
3204 959 3594 1015 commentitiis
3626 960 3819 1017 fabulis
3888 982 3897 990 ε

546 1056 924 1119 introducunt,
948 1069 1013 1107 ex
1057 1054 1255 1122 quibus
1291 1051 1412 1107 fieri
1454 1052 1661 1119 dicunt,
1733 1061 1793 1105 ut
1840 1052 1921 1106 vel
1975 1052 2215 1107 salvetur
2247 1054 2638 1126 unusquisque,
2678 1055 2760 1127 vel
2793 1065 2999 1123 pereat.

622 1148 676 1205 9.
728 1147 878 1202 Nunc
913 1162 1042 1202 vero
1086 1147 1519 1217 respondendum
1577 1155 1658 1200 est
1698 1148 1861 1201 etiam
1906 1148 1991 1202 his
2030 1148 2119 1216 qui
2152 1153 2199 1208 Α

546 1240 719 1295 Deum
763 1240 897 1309 legis
922 1241 1126 1309 justum
1159 1241 1536 1296 tantummodo
1564 1239 1773 1303 volunt,
1821 1256 1925 1293 non
1958 1240 2122 1293 etiam

550 1332 771 1397 bonum,
803 1335 1075 1403 quomodo
1118 1343 1309 1403 putent
1355 1350 1383 1387 a
1419 1336 1527 1388 Deo
1574 1334 1815 1387 indurari
1848 1346 1943 1384 cor
1986 1331 2126 1384 Plia-

548 1426 764 1488 raouis,
807 1426 937 1493 quid
976 1426 1204 1479 faciente
1237 1425 1462 1493 velqnid
1494 1424 1889 1494 prospiciente?
1926 1422 2126 1478 Obser-

548 1518 760 1571 vandus
782 1529 870 1571 cst
894 1520 1043 1571 enim
1078 1531 1400 1586 prOSpectus
1437 1529 1490 1572 et
1518 1518 1745 1571 intuitus
1779 1516 1893 1581 Dei,
1930 1531 2125 1569 secun-

540 1608 674 1661 dum
698 1597 808 1662 'nos
836 1610 1053 1677 quidem
1086 1609 1212 1675 justi
1246 1619 1300 1662 et
1330 1610 1479 1672 boni,
1503 1610 1799 1663 secundum
1827 1610 1973 1675 ipsos
1998 1621 2124 1660 vero

540 1695 671 1763 justi
731 1701 1132 1754 tantummodo.
1183 1700 1248 1754 Et
1306 1703 1592 1755 ostendant
1648 1701 1800 1754 nobis
1853 1698 2124 1768 quomodo

550 1787 689 1842 Deus
714 1805 877 1857 quem
916 1790 1099 1858 utique
1132 1800 1185 1843 et
1216 1790 1313 1857 ipsi
1336 1790 1543 1859 justum
1576 1790 1831 1853 fatentur,
1872 1788 2013 1854 iuste
2047 1788 2123 1840 fa-

548 1880 655 1932 ciat
687 1896 780 1934 cor
812 1881 1049 1935 hominis
1082 1882 1347 1943 'rndurari,
1403 1890 1463 1934 ut
1506 1897 1568 1933 ex
1608 1881 1721 1949 ipsa
1767 1879 2119 1933 induratione

550 1980 737 2040 peccet
769 1981 823 2026 et
874 1982 1079 2042 pereat.
1110 1973 1174 2026 Et
1208 1974 1478 2041 quomodo
1529 1972 1582 2025 in
1631 1972 1733 2026 hoc
1786 1973 1877 2025 Dei
1911 1970 2123 2038 justitia

545 2064 890 2127 defendetur,
945 2066 988 2119 si
1023 2066 1134 2133 ipse
1183 2066 1262 2119 eis
1312 2080 1473 2119 causa
1522 2064 1839 2131 perditionis
1885 2064 2121 2128 exsistit,

545 2172 683 2227 quos
711 2173 807 2226 pro
835 2173 899 2212 eo
931 2158 1069 2228 quod
1104 2160 1301 2212 duritie
1338 2158 1599 2210 increduli
1644 2156 1973 2219 exstiterint,
2010 2156 2123 2222 ipse

544 2251 887 2320 postmodum
954 2253 1152 2319 judicis
1205 2250 1523 2304 auctoritate
1588 2250 1907 2303 damnavit?
1971 2248 2111 2314 Quid

545 2343 708 2397 etiam
761 2343 938 2412 culpat
983 2359 1105 2399 eum
1150 2345 1335 2398 dicens
1372 2360 1384 2394 :
1431 2361 1450 2393 ι
1495 2342 1573 2395 Τιι
1618 2350 1796 2395 autem
1848 2344 2102 2410 quoniam

544 2450 649 2488 non
682 2435 762 2488 vis
792 2435 1059 2489 dimittere
1100 2436 1348 2504 populum
1377 2450 1554 2488 meum
1590 2433 1725 2503 (36),
1752 2448 1879 2487 ecce
1910 2449 2104 2501 percu-

544 2524 673 2577 tiam
699 2526 879 2578 omnia
918 2526 1188 2595 primitiva
1223 2526 1273 2577 in
1302 2524 1559 2595 Egypto,
1595 2524 1757 2578 etiam
1787 2522 2118 2591 primitivum

546 2614 811 2679 tuum“;
868 2635 886 2665 ι
940 2625 993 2668 et
1045 2630 1386 2685 quaecunque
1444 2616 1547 2667 alia
1609 2613 1812 2681 scripta
1846 2622 1973 2667 sunt
2026 2628 2120 2682 per

543 2705 784 2777 Moysem
816 2707 955 2761 dicta
992 2723 1109 2761 csse
1152 2724 1180 2761 a
1212 2708 1320 2761 Deo
1351 2710 1416 2760 ad
1467 2706 1852 2761 Pharaonem?
1887 2705 2117 2760 Necesse

540 2807 623 2852 est
655 2799 797 2852 enim
830 2814 1041 2853 omnem
1070 2799 1161 2868 qui
1212 2815 1339 2852 vera
1381 2800 1576 2852 asserit
1607 2813 1667 2852 ea
1711 2812 1831 2866 qua:
1867 2797 1918 2850 in
1965 2796 2115 2851 Scri-

536 2889 712 2958 rtnris
764 2888 1094 2951 referuntur.
1130 2899 1185 2943 et
1224 2892 1515 2943 ostendere
1576 2890 1692 2942 vult
1738 2890 1948 2957 justum
1995 2903 2116 2942 esse

2307 1149 2709 1221 Ἐπαπορητέον
2740 1150 2796 1204 δὲ
2831 1152 2964 1223 πρὸς
2988 1151 3114 1214 τοὺς
3145 1152 3467 1222 νομίζοντας
3499 1152 3817 1223 νενοηκέναι

2223 1244 2304 1305 τὸ,
2347 1259 2363 1292 t
2399 1242 2716 1313 ὲσκλήρυνε,
2758 1263 2775 1295 ι
2814 1245 2865 1297 τί
2890 1244 3090 1313 δήποτε
3129 1244 3345 1313 λέγουσι
3382 1245 3472 1298 τὸν
3505 1245 3638 1297 Θεὸν
3667 1247 3819 1316 ἐνερ-

2222 1332 2421 1401 γοῦντα
2450 1332 2769 1403 σκληρύνειν
2793 1335 3036 1405 καρδίαν,
3064 1334 3157 1388 καὶ
3176 1334 3227 1387 τί
3252 1334 3641 1405 προτιθέμενον
3656 1334 3815 1389 τοῦτο

2224 1428 2413 1478 ποιεῖν.
2438 1426 2787 1496 Τηρείτωσαν
2823 1428 2931 1497 γὰρ
2972 1429 3065 1479 καὶ
3105 1426 3315 1479 ἔννοιαν
3341 1426 3495 1489 Θεοῦ,
3537 1426 3681 1479 κατὰ
3717 1426 3815 1497 μὲν

2222 1518 2281 1570 τὸ
2312 1517 2461 1586 ὑγιὲς
2487 1517 2692 1570 δικαίου
2723 1518 2817 1570 κα.)⁵
2840 1517 3067 1585 ἀγαθοῖν
3103 1520 3149 1570 εί
3184 1518 3241 1569 δὲ
3280 1518 3352 1588 μὴ
3386 1516 3689 1586 βούλονται,
3719 1518 3815 1571 ἐπὶ

2222 1608 2312 1661 τοῦ
2347 1610 2609 1682 παρόντος
2640 1609 2817 1672 αὐτοῖς
2842 1608 3299 1679 συγκεχωρήσθω,
3326 1607 3555 1661 δικαίου·
3584 1610 3679 1661 καὶ
3711 1625 3818 1661 πα-

2225 1702 2646 1774 pannosi-uenia
2680 1702 2795 1765 πῶς
2824 1704 2852 1753 ὀ
2889 1701 3089 1769 ἀγαθὸς
3116 1702 3209 1754 καὶ
3238 1700 3464 1765 δίκαιος,
3494 1702 3526 1772 ἦ
3558 1704 3585 1753 ὁ
3608 1701 3818 1765 δίκαιος

2226 1795 2382 1863 μόνον
2409 1794 2655 1861 φαίνεται
2681 1792 2907 1855 δίκαιος,
2936 1792 3249 1863 σκληρύνων
3271 1793 3498 1864 καρδίαν
3524 1791 3617 1844 τοῦ
3647 1792 3734 1844 διὰ
3754 1790 3817 1843 τὸ

2224 1883 2613 1952 σκληρύνεσθαι
2656 1883 3049 1953 ἀπολλυμένου,
3092 1884 3182 1935 καὶ
3215 1882 3332 1947 πῶς
3365 1883 3619 1945 ὁδίκαιος
3643 1883 3817 1945 αἴτιος

2223 1974 2495 2035 ἀπωλείας
2533 1974 2737 2041 γίνεται
2783 1975 2876 2027 καὶ
2914 1975 3198 2039 ἀπειθείας
3238 1974 3346 2031 τῶν
3379 1976 3470 2026 ὑπ’
3520 1973 3686 2026 αὑτοῦ
3726 1972 3818 2025 διὰ

2220 2068 2280 2119 τὸ
2314 2064 2709 2136 σκληρύνεσθαι
2739 2066 2833 2118 καὶ
2862 2066 3102 2119 ἀπειθεῖν
3132 2066 3278 2137 αὐτῷ
3321 2065 3721 2136 κολαζομένων.
3749 2064 3817 2117 Τί

2220 2156 2275 2209 δὲ
2296 2156 2443 2225 αὖτῷ
2476 2156 2564 2208 καί
2607 2156 2880 2225 μέμφεται
2914 2155 3104 2223 λέγων·
3141 2174 3158 2206 ι
3198 2157 3268 2207 Σὺ
3296 2156 3352 2208 δὲ
3378 2156 3438 2208 οὐ
3478 2154 3658 2225 βούλει
3690 2153 3817 2218 ἐξα-

2223 2246 2495 2298 ποστεῖλαι
2518 2246 2608 2299 τὸν
2634 2246 2761 2298 λαόν
2791 2262 2911 2317 μου·
2948 2246 3054 2299 ἰδοὺ
3086 2245 3310 2325 πατάξω
3344 2246 3521 2299 πάντα
3548 2246 3619 2299 τὰ
3660 2265 3815 2319 πρω-

2222 2337 2416 2391 τότοκα
2452 2340 2510 2391 ὲν
2542 2339 2826 2411 Αἰγύπτῳ,
2858 2339 2951 2391 καὶ
2978 2341 3071 2392 τὸν
3121 2340 3461 2410 πρωτότοκον
3495 2356 3607 2392 σου·
3651 2360 3670 2393 ι
3722 2340 3819 2394 καὶ

2220 2426 2319 2479 ὅσα
2372 2425 2505 2479 ἄλλα
2539 2428 2949 2499 ἀναγέγραπται
2985 2428 3060 2489 ὡς
3110 2428 3203 2481 τοῦ
3253 2429 3386 2481 Θεοῦ
3430 2428 3679 2497 λέγοντος
3724 2429 3819 2483 διὰ

2225 2515 2469 2581 Μωσέως
2505 2516 2581 2587 τῷ
2609 2517 2840 2587 Φαραώ;
2886 2519 3205 2584 ’Λναγκαῖον
3240 2518 3348 2589 γὰρ
3372 2518 3463 2570 τὸν
3487 2519 3817 2573 πιστεύοντα

2223 2606 2303 2660 ὅτι
2334 2607 2553 2677 ἀληθεῖς
2578 2610 2633 2661 αἱ
2661 2610 2872 2681 Γραφαὶ
2894 2610 2989 2662 καὶ
3010 2611 3089 2662 ὅτι
3115 2611 3142 2662 ὁ
3168 2611 3298 2673 Θεὸς
3326 2610 3556 2674 δίκαιος,
3590 2611 3686 2664 ἐὰν
3723 2612 3818 2664 εὐ-

2223 2703 2496 2771 γνωμονῇ,
2530 2700 2887 2769 ἀγωνίζεσθαι
2918 2702 3032 2763 πῶς
3060 2703 3117 2753 ὲν
3151 2700 3429 2766 τοιαύταις
3471 2701 3651 2766 λέξεσι
3680 2719 3819 2775 τρα-

2223 2790 2327 2854 νῶς
2352 2791 2555 2854 δίκαιος
2599 2793 2785 2862 νοηθῇ.
2837 2794 2897 2845 Εἰ
2936 2792 3033 2862 μὲν
3066 2792 3172 2863 γὰρ
3222 2792 3686 2864 ἀπογραψάμενός
3726 2810 3819 2856 τις

2223 2886 2400 2954 γυμνῇ
2446 2886 2509 2953 τῇ
2550 2882 2756 2952 κεφαλῇ
2802 2883 2986 2934 ἵστατο
3017 2884 3151 2953 πρὸς
3178 2882 3239 2935 τὸ
3275 2883 3511 2954 πονηρὸν
3540 2879 3682 2937 εἶναι.
3720 2882 3819 2938 τὸν

540 2978 707 3032 Deum
738 2980 871 3047 legis
904 2990 959 3032 et
1000 2982 1409 3050 prophetarum,
1445 2995 1541 3047 pro
1579 2979 1662 3033 his
1709 2979 1963 3033 omnibus
2005 2978 2117 3031 red-

2225 2974 2568 3047 δημιουργὸν,
2592 2974 2765 3028 ἄλλων
2794 2974 2901 3026 ἔδει
2926 2974 3097 3042 λόγων
3124 2973 3259 3045 πρὸς
3292 2973 3472 3027 αὐτόν.

537 3073 667 3130 dere
723 3077 1013 3139 rationem,
1080 3076 1350 3144 quomodo
1394 3090 1491 3143 per
1520 3074 1621 3128 hoc
1683 3074 1821 3127 nihil
1878 3089 2102 3142 prorsus
2155 3072 2381 3141 justitia:
2430 3070 2521 3123 Dei
2573 3072 2886 3137 derogetur;
2948 3070 3206 3141 quoniam
3264 3070 3389 3123 licet
3432 3070 3633 3124 bonum
3686 3084 3817 3125 eum

538 3176 753 3237 negent,
777 3168 983 3238 justum
1022 3178 1197 3220 tamen
1245 3177 1300 3221 et
1349 3166 1587 3233 iudicem
1623 3174 1679 3218 et
1730 3165 1913 3219 mundi
1956 3174 2254 3218 creatorem
2294 3163 2555 3216 fatentur.
2615 3161 2771 3215 Alius
2803 3162 2948 3215 enim
3010 3162 3378 3231 responsionis
3413 3164 3549 3218 ordo
3595 3172 3681 3219 est
3712 3165 3820 3218 ad-

537 3279 727 3321 versus
756 3280 849 3320 eos
874 3263 969 3335 qui
999 3263 1312 3334 malignum,
1351 3263 1403 3316 id
1446 3272 1529 3317 est
1576 3262 1872 3326 diabolum,
1925 3261 2109 3314 mundi
2144 3259 2303 3329 hujus
2334 3270 2586 3313 asserunt
2612 3268 2935 3312 creatorem.

1769 3480 2332 3539 INTERPRETATIO
2372 3481 2583 3538 NOVA.

534 3677 747 3726 natura:
775 3664 965 3717 dicunt
993 3661 1159 3717 fuisse
1182 3661 1517 3715 Pharaonem
1539 3703 1553 3727 ,
1592 3662 1821 3731 ideoque
1846 3663 2154 3715 induratum
2196 3661 2365 3717 fuisse
2393 3678 2421 3715 a
2454 3663 2562 3716 Deo
2588 3662 2680 3730 qui
2710 3662 2987 3730 spiritales
3034 3664 3328 3717 miseratur
3359 3675 3414 3717 ct
3436 3674 3686 3721 terrenos
3713 3670 3773 3722 iu
3798 3706 3815 3709 -ν

535 3744 715 3793 durat.
748 3733 1037 3787 Videamus
1066 3748 1195 3801 ergo
1237 3734 1490 3801 quidnam
1532 3732 1632 3785 sibi
1680 3734 1867 3785 velint.
1912 3732 2228 3797 Quaeremus
2268 3734 2411 3786 enim
2451 3733 2518 3785 ab
2550 3734 2629 3786 eis
2668 3748 2735 3784 an
2780 3743 3010 3786 terrena:
3061 3742 3265 3786 natura:
3294 3744 3440 3788 esset
3480 3737 3712 3791 Pharao.
3746 3734 3812 3793 Si

538 3810 708 3864 fuisse
734 3802 1123 3872 respondeant,
1158 3800 1425 3865 dicemus,
1467 3803 1559 3870 qui
1593 3810 1822 3873 terrenre
1860 3814 2065 3855 natura:
2096 3803 2354 3873 sitteum
2390 3801 2704 3873 planeADeo
2749 3800 3025 3855 resistere.
3071 3805 3125 3857 Si
3161 3813 3338 3856 autem
3383 3805 3610 3865 resistit,
3674 3808 3813 3873 quid

533 3893 668 3947 opus
702 3887 785 3929 est
806 3870 922 3941 ejus
952 3888 1045 3926 cor
1074 3873 1312 3925 indurari
1332 3912 1347 3933 ,
1374 3887 1549 3939 neque
1580 3874 1630 3924 id
1655 3872 1843 3933 semel,
1874 3874 1964 3925 sed
1995 3871 2227 3937 sa-pius?
2248 3871 2356 3925 Nisi
2389 3873 2535 3993 quod
2564 3870 2725 3935 forte,
2766 3873 3021 3940 quoniam
3059 3874 3173 3925 lieri
3202 3883 3413 3941 poterat
3444 3887 3502 3928 ut
3526 3870 3813 3941 obediret,

533 3961 585 3993 ρι
609 3946 833 3993 mnnino
878 3951 954 3993 tot
987 3943 1249 3993 prodigiis
1276 3952 1328 3993 et
1361 3943 1532 3993 signis
1565 3943 1842 3993 perculsus
1871 3944 2349 3993 obtemneraturus
2422 3942 2608 3993 uisset.
2657 3952 2844 3993 utpote
2887 3943 3109 3993 minime
3140 3953 3413 3993 terrenus.
3448 3946 3545 3993 sed
3576 3961 3641 3993 eo
3677 3963 3809 3993 am-

532 3942 585 4004 et
609 3946 833 4001 omnino
878 3951 954 3996 tot
987 3943 1249 4011 prodigiis
1276 3952 1328 3994 et
1361 3943 1532 4013 signis
1565 3943 1842 4011 perculsus
1871 3944 2349 4007 obtemperaturus
2398 3942 2608 4013 fuisset,
2657 3952 2844 4009 utpote
2887 3943 3109 4013 minime
3140 3953 3413 4007 terrenus,
3448 3946 3545 3998 sed
3576 3961 3641 3999 eo
3677 3963 3809 4000 arn-

532 4015 990 4088 plius_resiste_nte
1017 4016 1209 4088 egebat
1230 4014 1372 4088 Deus
1405 4023 1462 4063 ut
1493 4014 1559 4088 ad
1599 4014 1887 4088 multorum
1923 4012 2616 4088 salutemmagnitudinem
2662 4027 2815 4066 suam
2848 4012 3183 4088 ostenderet,
3217 4014 3336 4088 ideo
3360 4029 3458 4088 cor
3486 4013 3604 4079 ejus
3637 4015 3811 4072 indu-

534 4081 637 4140 ἱηη,
679 4085 804 4139 lbec
833 4082 1063 4148 primum
1118 4082 1259 4135 dicta
1304 4082 1406 4135 sint
1441 4083 1505 4135 ad
1548 4084 1898 4135 evertendnm
1954 4083 2002 4134 id
2034 4082 2175 4148 quod
2219 4081 2307 4134 isti
2343 4082 2663 4150 opinantur,
2704 4092 2909 4151 natura:
2946 4082 3110 4137 fuisse
3148 4084 3372 4151 perdita:
3402 4082 3748 4141 Pharaonem
3789 4106 3810 4145 :

536 4155 884 4223 idemqne'de
911 4152 1150 4219 Apostoli
1184 4153 1324 4206 dicto
1349 4152 1779 4223 respomiendnm
1806 4160 1892 4204 est
1920 4151 2067 4218 ipsis.
2095 4151 2243 4216 Quos
2270 4153 2414 4204 enim
2444 4153 2661 4205 indurat
2689 4150 3132 4207 Deus?Perditos
3154 4150 3551 4219 quiobedirent
3585 4167 3807 4222 tamen,

532 4228 640 4279 nisi
677 4222 1098 4288 indurarentur;
1136 4232 1225 4275 aut
1261 4235 1409 4276 certe
1436 4222 1749 4282 salvandos,
1784 4224 1928 4288 quod
1968 4236 2070 4273 non
2101 4224 2209 4273 sint
2253 4230 2456 4273 natura:
2493 4224 2739 4289 perditae.
2778 4223 2924 4287 Quos
2959 4237 3085 4275 vero
3115 4223 3450 4276 miseratur?
3473 4226 3555 4275 An
3588 4226 3816 4280 salvan-

528 4296 662 4350 dos?
706 4293 1153 4367 Sed__quid_0pus
1196 4301 1278 4367 est
1313 4293 1546 4367 secunda
1592 4291 1945 4367 miseratione
1976 4292 2112 4367 ipsis
2136 4292 2226 4359 qui
2275 4294 2439 4345 semel
2474 4306 2575 4367 per
2607 4300 2863 4367 naturam»
2891 4291 3133 4367 salvaiidi
3175 4301 3320 4367 sunt,
3365 4302 3419 4347 et
3451 4294 3814 4353 beatitudine

526 4365 794 4434 potituri?
830 4362 941 4416 Nisi
994 4363 1129 4416 forte
1164 4362 1310 4434 quia
1338 4363 1548 4415 sublata
1590 4361 1959 4434 misericordia
2004 4361 2181 4428 perire
2228 4372 2480 4434 possunt,
2524 4361 2645 4415 ideo
2685 4362 3111 4434 misericordiam
3162 4361 3600 4431 consequuntur,
3646 4376 3704 4418 ut
3746 4371 3805 4423 in

522 4431 905 4505 perditionem,
941 4434 1187 4505 inquam
1214 4433 1447 4485 incidere
1476 4440 1698 4501 queunt,
1737 4446 1842 4483 non
1875 4431 2173 4495 incurrant,
2216 4432 2309 4484 sed
2334 4432 2441 4485 sint
2473 4433 2523 4485 in
2555 4447 2741 4486 eorum
2766 4433 2857 4501 qui
2890 4433 3170 4486 salvantur
3204 4435 3448 4503 regione.
3469 4435 3651 4504 Atque
3681 4437 3811 4493 hmo

529 4502 790 4559 adversus
826 4504 943 4557 illos
969 4504 1111 4555 dicta
1146 4502 1278 4555 sint.

596 4577 650 4630 9.
684 4573 1038 4639 Quaerendum
1070 4583 1249 4625 autem
1298 4580 1380 4626 est
1410 4572 1482 4642 ab,
1527 4569 1594 4624 iis
1618 4569 1708 4638 qui
1741 4569 1894 4642 illud,
1932 4588 1949 4620 ι
2000 4570 2294 4634 induravit,
2345 4589 2365 4622 ι
2403 4572 2706 4641 intelligere
2746 4572 2847 4626 sibi
2888 4573 3165 4636 videntur,
3212 4573 3342 4642 quid
3375 4573 3563 4628 dicant
3608 4590 3638 4628 a
3687 4578 3814 4633 Deo

525 4645 687 4708 eﬂici,
718 4646 845 4714 quid
878 4643 1170 4711 provideri,
1205 4656 1330 4714 cum
1360 4656 1453 4693 cor
1474 4640 2044 4714 indurat._0bservent
2073 4642 2215 4693 enim
2251 4642 2370 4714 _l)ei
2400 4640 2694 4703 notioiicm,
2715 4713 2718 4714 ν
2743 4658 2801 4697 re
2828 4645 3043 4711 quidem
3077 4658 3205 4696 vera
3230 4640 3373 4710 'justi
3403 4654 3457 4696 et
3485 4647 3636 4709 boui,
3680 4662 3810 4714 aut,

525 4716 569 4768 si
605 4711 892 4777 noluerint,
921 4723 977 4765 et
1008 4721 1066 4763 ut
1095 4714 1195 4765 hoc
1230 4712 1308 4763 eis
1341 4711 1885 4782 nuncwconcedatur,
1937 4712 2203 4762 duntaxat
2243 4711 2397 4778 justi,
2435 4723 2486 4765 et
2530 4713 2825 4766 ostendant
2856 4714 3126 4782 quomodo
3159 4716 3330 4768 bonus
3371 4724 3425 4766 et
3458 4715 3664 4782 justus,
3712 4711 3810 4773 vel

519 4785 698 4852 justus
726 4796 955 4845 tantum,
990 4782 1168 4849 justus
1191 4782 1457 4853 videatur,
1488 4781 1633 4832 illius
1669 4795 1765 4853 cor
1793 4780 2063 4853 induratis
2092 4782 2205 4848 qui,
2231 4785 2373 4849 quod
2406 4783 2689 4835 induratus
2721 4784 2812 4847 sit,
2838 4780 3010 4852 pcrit;
3040 4796 3095 4837 et
3116 4785 3391 4853 quomodo
3417 4780 3601 4851 justus
3625 4802 3802 4842 causa

523 4850 596 4909 sit
624 4856 872 4908 interitus
904 4863 957 4904 et
990 4850 1348 4922 contumacia;
1376 4851 1461 4912 iis,
1487 4865 1645 4918 quos,
1670 4851 1793 4918 quia
1829 4850 2067 4902 indurati
2111 4864 2239 4903 sunt
2276 4863 2330 4904 et
2366 4854 2463 4919 ipsi
2494 4850 3035 4922 restiterunt,punit.
3070 4850 3208 4918 Quid
3235 4870 3360 4907 vero
3394 4850 3471 4907 illi
3500 4870 3807 4913 succenset

512 4926 744 4997 dicens:
781 4944 798 4975 ι
828 4923 906 4975 Τιι
944 4931 1122 4997 autem
1154 4935 1259 4972 non
1303 4920 1383 4973 vis
1412 4922 1685 4973 dimittere
1728 4922 2001 4997 populunr
2035 4936 2247 4997 meum;
2290 4936 2418 4997 ecce
2444 4924 2765 4997 percutiam
2809 4920 2992 4977 omna
3020 4926 3401 4997 primogenita
3438 4931 3488 4978 iu
3532 4924 3808 4997 Egypto,

510 4995 682 5047 etiam
710 4993 1131 5065 primogenitum
1167 4999 1353 5065 tuum;
1404 5007 1423 5040 ι
1471 5001 1525 5043 et
1570 5005 1908 5058 quaecunque
1938 4990 2039 5065 alia
2067 4991 2142 5065 _iu
2190 4992 2488 5065 Scripturis
2518 4995 2627 5065 Deo
2658 4996 2969 5048 tribuuntur
3014 4990 3354 5065 Pharaonem
3399 5011 3496 5063 per
3544 4990 3806 5065 Μὸᾗέειιί

512 5058 858 5134 alloquenti?
886 5058 1118 5134 Necesse
1147 5060 1401 5134 enimdcst
1428 5070 1599 5129 utqui
1633 5076 1787 5134 veras
1809 5058 2354 5134 e_s_se_‘Scripturas‘et
2385 5062 2548 5114 Deum
2577 5064 2782 5134 justum
2824 5065 3015 5124 credit,
3046 5065 3092 5117 si
3128 5066 3265 5119 bona
3294 5064 3363 5116 sit
3399 5058 3530 5128 lide,
3559 5058 3809 5123 sollicite

510 5130 1155 5205 demonstretquomodo
1188 5130 1321 5183 nihil
1353 5135 1568 5205 obstent
1607 5130 1871 5205 ejusmodi
1918 5130 2067 5183 dicta
2114 5131 2407 5205 quominus
2454 5133 2844 5202 apertejustus
2871 5134 3226 5203 intelligatur.
3275 5134 3331 5187 Si
3366 5136 3492 5205 quis
3520 5140 3667 5189 enim
3726 5153 3801 5194 ex

512 5206 763 5275 professo
786 5204 949 5258 enixe
976 5215 1041 5254 ac
1058 5208 1312 5255 contente
1336 5201 1620 5271 palamque
1645 5202 1846 5254 malqu
1872 5215 1995 5255 esse
2023 5203 2207 5255 mundi
2235 5201 2774 5272 Opilieem'statueret
2798 5242 2815 5270 ,
2842 5204 2947 5260 alia
2971 5201 3095 5260 cum
3118 5205 3237 5273 ipso
3270 5201 3488 5260 ratione
3515 5209 3803 5272 agendum

510 5274 677 5331 foret.

582 5455 632 5489 “
660 5455 832 5509 Exod.
874 5470 950 5521 ix,
985 5452 1081 5520 l7;
1114 5453 1350 5517 xn,12;
1406 5469 1482 5518 xi,
1514 5453 1570 5507 5.

2194 5659 2464 5712 motiones
2489 5656 2688 5714 fabulis
2719 5658 3096 5715 introducunt.
3127 5677 3146 5712 ι

2195 5728 2376 5853 “1:36)
2406 5729 2603 5784 Meum.
2646 5729 2806 5788 Deest
2843 5731 2899 5784 in
2941 5731 3074 5787 libb.
3104 5731 3286 5790 editis.
3326 5731 3420 5787 sed
3457 5729 3709 5790 habetur
3742 5738 3802 5794 in

580 5655 692 5728 (55)
723 5656 814 5713 Sic
840 5656 970 5712 libb.
1006 5657 1157 5713 editi.
1208 5657 1337 5714 Mss.
1361 5672 1524 5729 vero,
1562 5678 1581 5710 ι
1621 5659 1673 5713 in
1706 5674 1816 5729 quo
1855 5658 1940 5712 isti
1998 5673 2083 5712 se-

505 5731 745 5784 cundum
764 5743 858 5783 vos
877 5729 1270 5784 misericordia.
1306 5748 1324 5782 ι
1358 5727 1525 5782 Paulo
1542 5740 1666 5798 post
1697 5727 1851 5793 mss,
1883 5748 1900 5780 ι
1937 5745 2086 5781 com-

504 5798 770 5855 tneutitiis
808 5798 1010 5855 fabulis
1041 5800 1410 5856 introducunt.
1443 5816 1463 5851 ι
1494 5798 1654 5857 Libb.
1686 5799 1841 5867 editi,
1870 5818 1890 5851 ι
1932 5813 2086 5853 com-
