3880 6518
496 313 600 369 εὖτ
1693 322 2013 379 ORIGENIS
2052 327 2054 377 Ῐ

2163 328 2209 381 7i
2253 329 2486 385 APXQN
3652 342 3753 397 268

496 449 602 503 que
636 435 933 493 cultoribus
981 452 1099 494 cum
1151 440 1523 496 benedictione
1566 443 1723 497 utiles
1764 443 1976 498 fructus
2016 444 2297 514 proferat;
2350 463 2413 502 ca
2456 462 2585 503 vero
2619 464 2738 518 qum
2772 449 3038 506 cultorum
3078 451 3284 507 desidia
3316 452 3607 517 obduruit,
3648 456 3755 521 spi-

501 542 604 584 nas
632 543 695 582 ac
718 530 948 586 tribulos
980 532 1261 602 germinet.
1295 533 1383 587 Sic
1410 549 1541 603 ergo
1577 536 1910 605 accipiamus
1932 540 2075 606 quod
2109 554 2169 593 ea
2199 540 2351 609 signa
2378 550 2432 595 et
2466 542 2698 597 virtutes
2733 558 2851 612 qua:
2887 558 2916 597 a
2950 546 3057 599 Deo
3091 547 3324 611 fiebant,
3364 547 3563 600 imbres
3596 545 3757 614 113

498 621 715 690 quidem
752 631 907 676 erant
945 639 974 677 a
1016 623 1123 676 Deo
1165 624 1396 693 desuper
1436 626 1763 690 ministrati,
1811 630 2146 696 propositum
2198 646 2325 685 vero
2366 632 2644 687 hominum
2683 644 2737 689 et
2778 636 3084 693 voluntates
3125 648 3267 693 terra
3309 640 3628 709 accipienda
3668 654 3754 698 est

498 715 642 769 culta
675 715 759 771 vel
791 715 1030 782 inculta,
1062 717 1222 771 unius
1277 719 1493 786 quidem
1553 731 1759 776 natura:
1816 732 2003 791 utpote
2062 723 2241 778 omnis
2278 735 2421 779 terra
2453 741 2575 779 cum
2615 737 2758 781 terra
2786 772 2801 795 ,
2841 745 2947 784 non
2986 741 3162 785 tamen
3196 732 3361 785 unius
3389 730 3748 799 ejusdemqate

496 806 743 862 culturae.
792 808 865 861 Ex
900 824 1007 877 quo
1044 809 1099 862 fit
1147 820 1204 865 ut
1240 812 1663 882 uniuscujusque
1693 818 2028 886 propositum
2064 816 2148 871 vel
2179 817 2470 873 induretur
2500 820 2794 875 virtutibus
2833 833 2889 876 et
2931 823 3274 878 mirabilibus
3312 823 3445 889 Dei,
3490 822 3536 876 si
3578 822 3747 875 incul—

498 910 610 954 tum
656 908 710 955 et
748 899 922 983 ferum
968 914 1054 956 est
1102 911 1156 957 et
1197 903 1529 970 barbarum,
1583 919 1636 961 et
1668 909 1962 980 semetipso
2015 911 2262 981 asperius
2303 926 2368 965 ac
2406 912 2684 982 spinosius
2725 915 2863 976 fiat;
2902 926 3001 970 aut
3041 918 3293 972 mitescat
3332 915 3448 987 (42)
3483 916 3753 986 amplius,

496 1010 560 1049 ac
599 1004 707 1049 tota
747 1006 927 1051 mente
956 1010 1015 1050 se
1045 996 1099 1051 in
1131 998 1498 1056 obedientiam
1538 1004 1755 1068 tradat,
1789 1006 1832 1060 si
1866 1017 2152 1074 purgatum
2187 1021 2215 1059 a
2249 1005 2400 1060 vitiis
2434 1007 2603 1061 fuerit
2625 1018 2688 1071 et
2721 1008 3019 1065 exeultum.

566 1088 653 1142 Η.
694 1088 892 1141 Verum
927 1089 992 1141 ad
1028 1090 1423 1148 evidentiorem
1461 1096 1534 1149 rei
1564 1096 1939 1163 probationem
1973 1114 2064 1152 su-
2094 1105 2137 1158 A

490 1178 756 1244 perﬂuum
786 1194 892 1233 non
923 1180 1027 1241 erit
1058 1181 1132 1234 uti
1163 1182 1323 1236 etiam
1355 1185 1463 1239 alia
1490 1186 1878 1245 similitudine:
1911 1188 2062 1242 verbi

492 1268 670 1336 gratia
697 1306 712 1333 ,
748 1268 792 1323 si
824 1271 949 1336 quis
983 1271 1192 1325 diceret
1222 1273 1349 1341 quia
1383 1275 1463 1329 sol
1500 1286 1585 1330 est
1614 1277 1703 1345 qui
1736 1277 2018 1346 restringit
2044 1316 2059 1341 ,

488 1369 546 1414 et
574 1360 667 1430 Qui
707 1362 971 1428 resolvit,
1008 1379 1128 1417 cum
1162 1366 1499 1421 contrarium
1534 1369 1603 1421 sit
1632 1378 1685 1423 et
1720 1370 1980 1425 resolutio
2008 1381 2065 1426 et

490 1456 848 1520 constrictio;
880 1458 976 1510 sed
1012 1472 1116 1511 non
1145 1459 1251 1513 erit
1281 1459 1476 1514 falsum
1506 1464 1649 1529 quod
1685 1464 1905 1528 dicitur,
1934 1465 2060 1519 dum

492 1562 602 1601 una
628 1551 929 1617 eademque
956 1550 1153 1603 caloris
1182 1552 1267 1606 sui
1293 1554 1497 1607 virtute
1524 1553 1602 1607 sol
1632 1555 1850 1623 quidem
1879 1569 2059 1609 ceram

489 1638 684 1703 solvit,
719 1638 907 1693 limum
951 1655 1083 1695 vero
1118 1643 1354 1698 arefacit
1390 1654 1447 1699 et
1483 1646 1740 1714 stringit;
1779 1662 1883 1701 nou
1918 1648 2061 1716 quod

486 1730 661 1799 virtus
691 1732 811 1800 ejus
840 1731 1004 1787 aliter
1039 1733 1091 1785 in
1124 1733 1251 1787 limo
1273 1772 1289 1799 ,
1322 1734 1480 1790 aliter
1512 1747 1772 1806 operetur
1806 1738 1858 1791 iu
1888 1753 2014 1794 cera
2043 1779 2058 1803 ,

488 1824 582 1878 sed
618 1827 762 1893 quod
798 1824 909 1879 limi
940 1826 1041 1879 alia
1066 1865 1082 1889 ,
1111 1828 1214 1882 alia
1243 1842 1381 1882 cerae
1412 1830 1482 1883 sit
1510 1830 1776 1899 qualitas,
1808 1846 1930 1886 cum
1957 1834 2060 1886 uti.

489 1930 597 1984 que
625 1918 923 1969 secundum
958 1927 1209 1972 naturam
1243 1934 1410 1973 unum
1440 1920 1545 1987 sit,
1591 1922 1719 1990 quia
1768 1931 2061 1990 utrumque

487 2011 554 2064 de
595 2020 736 2066 terra
775 2023 877 2065 est.
915 2011 990 2065 lta
1019 2027 1151 2082 ergo
1188 2028 1293 2067 una
1326 2013 1631 2083 eademque
1664 2018 1910 2085 Operatio
1962 2016 2058 2072 Dei

489 2118 614 2170 qua:
641 2117 738 2173 per
767 2102 1009 2173 Moysem
1041 2104 1094 2159 in
1123 2106 1293 2176 signis
1323 2121 1387 2162 ac
1413 2107 1706 2161 virtutibus
1735 2107 2049 2173 gerebatur,

486 2195 789 2251 Pharaonis
828 2197 1051 2265 quidem
1092 2198 1351 2253 duritiam
1393 2200 1696 2270 arguebat,
1736 2216 1900 2268 quam
1943 2216 2057 2254 ma-

486 2286 619 2340 litiae
652 2301 763 2341 suae
793 2286 1100 2343 intentione
1131 2300 1461 2358 conceperat
1488 2306 1502 2355 ;
1548 2291 1878 2358 reliquorum
1921 2306 2053 2344 vero

484 2379 872 2450 Egyptiorum
902 2379 994 2449 qui
1026 2377 1287 2436 lsraelitis
1308 2382 1769 2448 admiscebantur,
1798 2384 2056 2437 obedien-

2242 1099 2449 1168 Ὥσπερ
2476 1098 2533 1150 δὲ
2562 1098 2653 1151 καὶ
2679 1100 2727 1151 εἰ
2754 1100 2782 1150 ὁ
2815 1100 2965 1169 ἥλιος
2999 1100 3174 1169 ἔλεγε,
3201 1100 3383 1172 φωνὴν
3407 1098 3751 1170 προιέμενος.

2167 1189 2247 1241 ὅτι
2274 1187 2383 1257 ἐγὼ
2423 1189 2577 1257 τήκω
2608 1190 2701 1240 καὶ
2736 1187 2994 1258 ξηραίνω,
3037 1188 3293 1241 ἐναντῖων
3320 1189 3487 1241 ὅντων
3521 1186 3616 1239 τοῦ
3652 1188 3751 1255 τή-

2167 1280 2358 1333 κεσθαι
2412 1279 2505 1333 καὶ
2550 1278 2642 1331 τοῦ
2696 1278 3064 1351 ξηραίνεσθαι,
3108 1281 3208 1332 οὐκ
3255 1279 3321 1332 ἂν
3360 1278 3553 1347 ψεῦδος
3597 1277 3753 1343 ἔλεγε

2168 1368 2319 1440 παρὰ
2354 1369 2414 1421 τὸ
2448 1368 2822 1439 ὑποκείμενον,
2856 1369 2963 1423 ἀπὸ
2993 1368 3093 1438 τῆς
3131 1370 3259 1438 μιᾶς
3292 1366 3625 1438 θερμότητος
3654 1383 3755 1435 τη-

2166 1460 2396 1529 κομένου
2430 1461 2525 1531 μὲν
2559 1459 2651 1513 τοῦ
2692 1460 2885 1531 κηροῦ,
2917 1460 3304 1532 ξηραινομένου
3336 1460 3391 1511 δὲ
3418 1458 3509 1512 τοῦ
3551 1457 3748 1527 πηλοῖν

2164 1551 2335 1615 οὕτως
2387 1554 2419 1622 ἡ
2480 1553 2577 1620 μία
2638 1552 2887 1623 ἐνέργεια
2961 1556 2993 1623 ἡ
3039 1552 3125 1604 διὰ
3172 1552 3413 1614 Μωσέως
3460 1551 3748 1620 γινομένη,

2166 1644 2512 1717 σκληρυσμὸν
2541 1644 2639 1714 μὲν
2682 1645 2878 1715 ἤλεγχε
2918 1646 3008 1697 τὸν
3036 1644 3130 1698 τοῦ
3155 1643 3373 1713 Φαραὼ,
3400 1643 3485 1696 διὰ
3510 1643 3610 1714 τὴν
3644 1659 3748 1696 κα-

2166 1736 2291 1790 κίαν
2320 1736 2505 1791 αὐτοῦ·
2544 1735 2715 1789 πειθὼ
2748 1736 2806 1789 δὲ
2840 1737 2939 1808 τὴν
2960 1737 3066 1790 τῶν
3098 1736 3400 1807 ὲπιμίκτων
3429 1735 3750 1802 Αἰγυπτίων

2165 1826 2682 1897 συνεξορμησάντων
2698 1829 2809 1889 τοῖς
2824 1826 3112 1898 Ἑϐραίοις.
3136 1827 3246 1879 Καὶ
3264 1826 3323 1877 τὸ
3340 1825 3477 1878 κατὰ
3492 1825 3552 1877 τὸ
3570 1824 3746 1894 βραχὺ

2160 1920 2217 1973 δὲ
2277 1918 2688 1991 ἀναγεγράφθαι
2736 1921 2900 1972 οἱονεὶ
2956 1921 3324 1990 μαλάσσεσθαι
3374 1920 3473 1990 τὴν
3515 1918 3746 1989 καρδίαν

2160 2010 2378 2080 Φαραὼ,
2402 2012 2666 2081 λέγοντος·
2694 2031 2711 2063 ι
2746 2011 2882 2063 Ἀλλ’
2908 2011 2967 2063 οὺ
2989 2011 3202 2081 μακρὰν
3223 2011 3553 2062 ἁποτενεῖτε·
3576 2007 3746 2077 τριῶν

2160 2104 2269 2176 γὰρ
2298 2105 2517 2176 ἡμερῶν
2550 2103 2900 2178 πορεύσεσθε,
2927 2105 3020 2156 καὶ
3048 2104 3143 2166 τὰς
3167 2104 3430 2171 γυναῖκας
3462 2100 3492 2151 ὑ
3502 2099 3621 2170 μῶν
3644 2116 3745 2152 κα·

2158 2197 2460 2251 ταλείπετε·
2506 2218 2523 2249 ι
2553 2198 2647 2251 καὶ
2677 2199 2777 2252 ὃσα
2806 2197 2939 2251 ἄλλα
2972 2195 3113 2249 κατά
3145 2195 3315 2267 βραχὺ
3338 2192 3573 2254 ἐνδιδοὺς
3607 2192 3744 2259 πρὸς

2159 2291 2224 2343 τὰ
2259 2291 2515 2362 τεράστια
2548 2292 2718 2360 ἔλεγε,
2756 2290 2906 2359 δηλοί
2935 2290 3017 2342 ὅτι
3052 2289 3270 2358 ἐνήργει
3302 2286 3401 2356 μέν
3436 2302 3488 2337 τι
3521 2284 3615 2336 καὶ
3661 2286 3741 2341 εἰς

2158 2380 2318 2433 αὑτὸν
2350 2381 2416 2433 τὰ
2447 2384 2672 2453 σημεῖα,
2704 2381 2767 2432 οὐ
2798 2378 2903 2450 μὴν
2952 2378 3013 2430 τὸ
3045 2379 3152 2431 πᾶν
3184 2374 3596 2447 κατειργάζετο.
3628 2374 3743 2425 Οὐκ

485 2472 615 2525 tiam
659 2470 1012 2536 declarabat,
1062 2472 1155 2541 qui
1199 2473 1361 2527 etiam
1406 2488 1529 2529 cum
1577 2473 1823 2529 Hebraeis
1852 2476 2054 2544 pariter

2163 2473 2220 2527 ἂν
2252 2474 2310 2526 δὲ
2344 2473 2465 2526 οὐδὲ
2512 2473 2684 2527 ταῦτα
2736 2472 2964 2541 ἐγίνετο,
2999 2472 3048 2523 εί
3100 2469 3163 2522 τὸ
3186 2468 3468 2539 νοούμενον
3499 2465 3605 2518 ὑπὸ
3632 2464 3743 2515 τῶν

483 2562 792 2616 excessisse
817 2559 1052 2633 Egypto
1082 2562 1416 2617 referuntur.
1451 2562 1601 2630 Quod
1636 2579 1767 2618 vero
1794 2565 2051 2633 scriptum

480 2660 565 2708 est
591 2654 717 2723 quia
739 2653 997 2723 paulatim
1018 2655 1368 2709 edomaretur
1394 2671 1489 2711 cor
1518 2655 1818 2711 Pharaonis
1838 2655 1970 2727 (43),
1997 2667 2054 2711 ut

483 2738 777 2814 aliquando
823 2746 1066 2801 diceret:
1098 2744 1261 2801 «Non
1308 2747 1469 2817 longe
1522 2748 1762 2813 abeatis,
1798 2749 1901 2804 iter
1950 2750 2053 2803 tri-

482 2838 573 2892 dui
604 2837 832 2893 abibitis
855 2876 871 2903 ,
903 2838 997 2893 sed
1030 2854 1230 2893 uxores
1271 2849 1485 2894 vestras
1524 2840 1819 2911 relinquite
1860 2851 1916 2896 et
1965 2843 2052 2895 iu-

486 2930 667 2985 t‘antes
693 2940 910 2987 vestros
934 2940 989 2986 et
1022 2947 1220 3002 pecora
1248 2943 1465 2999 vestra;
1502 2950 1520 2984 ι
1548 2932 1640 2988 sed
1662 2941 1719 2988 et
1745 2934 1787 2988 si
1818 2948 1923 3003 qua
1946 2934 2051 2989 alia

481 3026 683 3093 seripta
702 3034 822 3078 sunt
846 3040 941 3095 per
960 3040 1080 3095 quae
1099 3024 1357 3094 paulatim
1378 3022 1593 3077 videtur
1613 3025 1963 3093 acquiescere
1979 3027 2053 3080 si-

480 3116 601 3185 gnis
626 3126 679 3170 et
718 3116 1025 3177 virtutibus.
1055 3116 1182 3185 quid
1209 3116 1352 3169 aliud
1403 3131 1468 3170 ex
1508 3114 1593 3168 his
1631 3116 1918 3180 indicatur,
1946 3118 2050 3173 nisi

480 3208 622 3276 quod
645 3208 839 3275 agebat
867 3208 1084 3276 quidem
1110 3207 1163 3261 in
1183 3221 1248 3261 eo
1266 3206 1473 3275 aliquid
1500 3194 1778 3277 signorum
1802 3218 1857 3261 et
1881 3208 2050 3262 mira-

480 3296 670 3352 bilium
717 3296 911 3361 virtus,
941 3311 1045 3350 non
1079 3304 1263 3350 tamen
1305 3305 1566 3366 quantum
1601 3298 1759 3351 debet
1793 3299 2052 3366 operaba-

480 3388 607 3443 tur?
646 3388 704 3442 Si
732 3388 875 3443 enim
910 3387 1034 3441 talis
1082 3398 1203 3442 erat
1244 3388 1527 3442 induratio
1575 3386 1791 3457 qualem
1829 3389 2048 3458 plurimi

480 3488 713 3551 putant,l
756 3494 859 3534 non
894 3480 1082 3550 utique
1117 3479 1455 3534 inveniretur
1496 3480 1580 3535 vel
1631 3481 1685 3534 in
1732 3481 1921 3549 paucis
1953 3497 2048 3537 ac-

480 3571 788 3641 quiescere.
816 3572 1056 3641 Tropnm
1089 3586 1221 3626 vero
1248 3572 1332 3626 vel
1367 3572 1594 3642 figuram
1626 3572 1900 3627 sermonis
1930 3571 2051 3642 ejus

480 3665 573 3733 qui
608 3665 849 3734 scriptus
877 3673 961 3720 est
990 3665 1054 3719 de
1078 3664 1428 3719 iuduralione
1450 3704 1465 3729 ,
1494 3664 1659 3718 etiam
1686 3680 1752 3719 ex
1776 3666 2049 3719 communi

488 3756 883 3811 consuetudine
917 3771 1189 3826 exponere
1217 3767 1346 3826 puto
1372 3757 1513 3825 quod
1547 3772 1651 3810 non
1681 3757 1934 3812 videatur
1961 3757 2051 3812 ab.

2158 2566 2387 2628 πολλῶν,
2423 2586 2439 2617 ι
2484 2563 2769 2636 σκληρυνῶ
2798 2562 2893 2633 τὴν
2922 2561 3149 2633 καρδίαν
3170 2558 3434 2631 Φαραὼ,’›
3460 2558 3550 2610 ὑπ’
3574 2552 3740 2610 αὑτοῦ

2158 2660 2439 2732 ἐνηργεῖτο
2492 2658 2584 2709 τοῦ
2608 2658 2740 2711 Θεοῦ
2771 2655 3031 2727 δηλονότι.
3060 2654 3173 2706 Οὐκ
3202 2654 3398 2707 ἄτοπον
3427 2651 3483 2703 δὲ
3512 2650 3607 2702 καὶ
3634 2648 3742 2701 ἀπὸ

2158 2749 2439 2821 συνηθείας
2458 2749 2525 2802 τὰ
2552 2748 2776 2801 τοιαῦτα
2808 2743 3335 2818 παραμυθήσασθαι,
3355 2742 3616 2805 πολλάκις
3632 2740 3741 2792 τῶν

2156 2842 2404 2913 χρηστῶν
2437 2840 2710 2893 δεσποτῶν
2745 2839 3059 2909 φασκόντων
3103 2838 3217 2900 τοῖς
3247 2835 3333 2888 διὰ
3364 2834 3461 2905 τὴν
3508 2834 3740 2903 χρηστό-

2153 2950 2292 3004 τητα
2316 2932 2409 2985 καὶ
2426 2930 2523 3001 τὴν
2544 2930 2914 3003 μακροθυμίαν
2934 2926 3368 2999 ἐπιτριϐομένοις
3392 2923 3633 2986 οἰκέταις
3657 2922 3739 2973 τᾶ’

2168 3021 2305 3090 Ἐγώ
2338 3039 2395 3075 σε
2434 3021 2665 3091 πονηρὸν
2698 3021 2950 3090 ἐποίησα,
2970 3020 3065 3071 καὶ
3098 3018 3207 3087 ἐγώ
3239 3034 3318 3070 σοι
3348 3016 3518 3076 αἴτιος
3537 3014 3742 3083 γέγονα

2155 3113 2259 3179 τῶν
2291 3111 2623 3182 τηλικούτων
2667 3108 3102 3180 ἀμαρτημάτωνσ
3158 3107 3238 3159 δεῖ
3268 3105 3376 3176 γὰρ
3430 3104 3523 3157 τοῦ
3575 3104 3737 3174 ἤθους

2153 3203 2383 3257 ἀκοῦσαι
2406 3203 2608 3272 καὶτῆς
2634 3201 2912 3272 δυνάμεως
2936 3199 3027 3257 τοῦ
3061 3199 3375 3270 λεγομένου,
3413 3198 3507 3250 καὶ
3537 3196 3613 3266 μὴ
3647 3213 3739 3247 συ-

2155 3299 2452 3365 κοφαντεῖν,
2496 3295 2573 3367 μὴ
2603 3295 3005 3357 κατακούοντας
3032 3293 3125 3345 τοῦ
3168 3291 3500 3362 βουλήματος
3520 3288 3616 3341 τοῦ
3649 3288 3739 3340 λό-

2152 3407 2271 3459 γου·
2329 3391 2386 3442 Ὀ
2412 3388 2543 3458 γοῦν
2595 3388 2808 3453 Παῦλος
2852 3387 3025 3441 ταῦτα
3075 3386 3261 3455 σαφῶς
3308 3384 3565 3449 ἐξετάσας
3605 3382 3739 3452 φησι

2153 3483 2288 3553 πρὸς
2331 3482 2421 3534 τὸν
2463 3482 2859 3554 ἁμαρτάνοντα·
2896 3496 2919 3532 ι
2953 3480 3023 3532 Ἢ
3058 3477 3150 3531 τοῦ
3191 3477 3422 3531 πλούτου
3474 3474 3571 3545 τῆς
3604 3491 3738 3543 χρη-

2156 3576 2408 3646 στότητος
2440 3575 2604 3629 αὑτοῦ
2626 3576 2721 3627 καὶ
2750 3575 2850 3644 τῆς
2878 3574 3074 3645 ἀνοχῆς
3111 3574 3202 3626 καὶ
3234 3570 3332 3641 τῆς
3358 3566 3740 3641 μακροθυμίας

2154 3670 2531 3737 καταφρονεῖς,
2557 3667 2765 3734 ἀγνοῶν
2798 3667 2880 3719 ὅτι
2908 3667 2967 3719 τὸ
2998 3666 3229 3738 χρηστὸν
3255 3662 3348 3716 τοῦ
3378 3660 3512 3713 Θεοῦ
3539 3661 3621 3719 εἰς
3653 3675 3741 3728 μεο

2154 3758 2371 3812 τάνοιάν
2406 3776 2464 3812 σε
2500 3758 2650 3825 ἄγει;
2688 3758 2842 3812 Κατὰ
2886 3759 2943 3811 δὲ
2982 3759 3079 3829 τὴν
3120 3754 3460 3827 σκληρότητά
3495 3771 3588 3807 σου
3645 3751 3739 3804 καὶ

480 3848 724 3901 surdum.
777 3847 1116 3918 Frequenter
1144 3849 1285 3902 enim
1320 3848 1661 3918 benigniores
1707 3849 1906 3918 quique
1955 3851 2050 3904 do.

2163 3850 2523 3921 ἀμετανόητον
2568 3848 2814 3919 καρδίαν,
2863 3846 3208 3919 θησαυρίζεις
3257 3844 3431 3915 ἐαυτῷ
3469 3845 3639 3915 ὀργὴν
3679 3843 3738 3893 ἐν

483 3940 613 3993 mini
645 3940 713 3994 ad
743 3954 839 3994 eos
867 3955 1056 3995 servos
1084 3941 1175 4009 qui
1216 3956 1313 4010 per
1358 3941 1579 3994 multam
1628 3942 1950 4010 patientiam
1997 3953 2052 3996 et

2163 3943 2339 4013 ἡμέρα
2361 3944 2528 4013 ὀργῆς
2555 3945 2647 3996 καὶ
2681 3941 3073 4010 ἀποκαλύψεως
3106 3936 3498 4009 δικαιοκρισίας
3519 3935 3678 3988 Θεοῦ.
3715 3956 3734 3983 ι

483 4029 958 4083 mansuetudinem
1011 4030 1354 4085 dominorum
1406 4032 1795 4087 insolentiores
1847 4034 2052 4101 impro-

2166 4037 2232 4087 Ἀ
2273 4037 2379 4107 γὰρ
2420 4036 2565 4105 λέγει
2600 4039 2735 4110 πρὸς
2764 4038 2853 4090 τὸν
2894 4036 3275 4108 ἁμαρτάνοντα
3318 4036 3346 4087 ὁ
3391 4031 3734 4095 ’Δπόστολκ,

1712 4126 2268 4183 INTEIKPRETATIO
2306 4128 2517 4186 NOVA.

480 4218 644 4288 igitur
688 4228 767 4273 est
813 4220 867 4273 in
928 4218 1103 4272 imbre
1152 4217 1493 4273 demittenda
1541 4233 1720 4287 opus;
1764 4234 1831 4272 ex
1883 4237 1950 4274 eo
2001 4230 2179 4274 tamen
2229 4236 2373 4287 uno,
2430 4221 2584 4276 tellus
2631 4223 2775 4276 culta
2830 4222 3058 4285 fruges,
3114 4218 3361 4289 neglecta
3414 4226 3471 4272 et
3525 4216 3733 4271 inculta

479 4290 663 4361 spinas
698 4290 919 4361 profert.
967 4289 1169 4361 Durum
1220 4303 1361 4361 sane
1395 4290 1648 4361 videatur
1701 4290 1743 4341 si
1793 4290 1880 4358 qui
1937 4291 2167 4361 imbrem
2218 4292 2470 4357 largitur,
2524 4293 2711 4346 dicat:
2758 4292 2869 4361 Ego
2911 4293 3096 4361 fruges
3147 4288 3207 4344 et
3246 4290 3430 4357 spinas
3480 4288 3531 4341 in
3589 4297 3735 4361 terra

479 4358 620 4423 feci;
664 4360 757 4413 sed
799 4360 900 4413 etsi
945 4360 1180 4430 durum,
1232 4358 1584 4412 nihilominus
1629 4375 1818 4411 verum
1867 4369 1969 4413 est.
2021 4359 2098 4430 Sig
2128 4361 2272 4413 enim
2321 4364 2495 4416 imber
2545 4358 2846 4422 defuisset,
2895 4358 3068 4430 neque
3117 4361 3298 4428 fruges
3344 4373 3519 4430 ηεσιιο
3563 4358 3739 4430 spina:

494 4431 909 4495 provenissent;
949 4428 1216 4500 hocvero
1248 4430 1563 4497 tempestive
1594 4430 1962 4500 etmoderate
2007 4428 2310 4500 defluente,
2354 4441 2412 4484 et
2462 4430 2644 4497 fruges
2687 4443 2741 4485 et
2787 4433 2957 4500 spina:
2984 4428 3201 4485 exortae
3242 4438 3383 4483 sunt.
3434 4428 3602 4481 Terra
3638 4428 3740 4496 igi-

481 4509 568 4569 tur
611 4515 730 4568 qua:
777 4514 917 4566 saepe
967 4498 1485 4569 venientemrsnper
1528 4514 1586 4552 se
1629 4497 1820 4551 bibens
1872 4501 2135 4561 imbrem,
2185 4499 2373 4568 spinas
2420 4517 2484 4554 ac
2534 4502 2764 4555 tribulos
2815 4497 3056 4569 profert,
3107 4501 3333 4567 reproba
3384 4506 3468 4553 est
3494 4508 3567 4569 _et
3619 4512 3738 4549 ma-

478 4566 681 4623 ledicto
719 4570 987 4638 proxima.
1034 4568 1175 4636 Ergo
1217 4566 1409 4621 imbris
1453 4582 1671 4636 quoque
1715 4571 2040 4624 beneficium
2084 4566 2252 4623 etiam
2301 4570 2352 4622 in
2403 4572 2731 4625 deteriorem
2779 4566 2980 4625 terram
3032 4566 3274 4631 decidit,
3319 4567 3579 4638 sed_ejus
3640 4582 3737 4620 so-

480 4638 590 4691 lum
642 4636 941 4709 neglectum
994 4646 1049 4693 et
1102 4638 1367 4709 incultum
1412 4641 1600 4707 spinas
1649 4648 1704 4691 et
1754 4639 1986 4693 tribulos
2037 4641 2270 4707 peperit.
2323 4638 2401 4693 Ad
2448 4655 2572 4693 eum
2621 4641 2791 4709 igitur
2836 4643 3054 4695 modum
3101 4654 3219 4708 qua:
3247 4640 3373 4694 fecit
3419 4636 3560 4691 Deus
3609 4653 3737 4704 pro.

478 4709 660 4777 digia,
704 4708 801 4763 ceu
850 4710 1020 4763 imber
1071 4708 1289 4777 quidam
1340 4720 1508 4774 sunt;
1555 4710 1788 4763 diversa:
1835 4724 1967 4764 vero
2014 4709 2360 4775 voluntates,
2410 4725 2508 4764 ceu
2559 4708 2701 4765 terra
2754 4711 2900 4766 culta
2949 4710 3038 4767 vel
3086 4709 3291 4764 inculta
3338 4723 3495 4778 quae,
3544 4717 3738 4775 utpote

482 4785 665 4844 terra,
720 4780 878 4833 unius
929 4788 1135 4832 natura:
1179 4788 1285 4832 est.
2494 4832 2501 4839 .
3423 4808 3456 4839 ο

548 4847 638 4900 H.
690 4846 1155 4919 Quemadmodum
1206 4859 1388 4901 autem
1447 4848 1490 4901 si
1538 4847 1618 4901 sol
1677 4862 1864 4919 vocem
1911 4848 2181 4919 emittens
2221 4848 2449 4911 diceret,
2501 4848 2611 4919 Ego
2658 4848 2948 4919 liquefacio
3005 4860 3061 4905 et
3113 4848 3332 4903 exsicco
3374 4863 3389 4900 :
3441 4846 3565 4919 licet
3610 4845 3739 4919 _hazc

477 4920 754 4987 contraria
798 4917 943 4980 sint,
994 4917 1126 4971 nihil
1179 4927 1358 4972 tamen
1404 4932 1504 4987 pro
1546 4933 1605 4971 re
1650 4916 1893 4985 subjecta
1942 4917 2061 4972 falsi
2110 4919 2357 4982 diceret,
2394 4934 2516 4972 cum
2550 4915 2656 4973 imo
2691 4915 2990 4987 eodemque
3035 4922 3220 4974 calore
3268 4915 3691 4987 ceragliqucliat
3718 4957 3735 4979 ,

481 4985 653 5059 lutum
700 4988 1006 5059 exsiccetur
1037 5003 1051 5051 ;
1084 4988 1183 5059 _ita
1228 4985 1417 5040 unum
1452 4989 1706 5056 idemque
1753 5002 1889 5059 opus
1942 4989 2033 5059 Dei
2087 5004 2193 5059 per
2243 4988 2474 5059 Moysem
2532 4989 2797 5058 arguebat
2848 4985 3105 5043 duritiem
3161 4985 3735 5059 Pliara0ttisqtroptcr

478 5056 739 5127 malitiam
797 5057 1007 5124 ipsius;
1061 5055 1440 5127 Egyptiorum
1492 5055 1631 5110 vero
1674 5057 1767 5125 qui
1795 5055 1798 5056 ⁷
1825 5055 2100 5111 Βουναία
2133 5055 2622 5120 ιιιΙιιιὶειΞιιΙιδηιιινξ
2666 5060 3029 5114 obedientiam
3085 5058 3421 5114 declarabat.
3464 5056 3737 5122 Quodque

478 5126 661 5198 statim
708 5127 975 5198 scriptum
1017 5126 1166 5198 est,’
1191 5127 1409 5198 paulum
1462 5128 1761 5181 emollitum
1817 5142 1940 5198 esse
1991 5142 2095 5198 cor
2154 5128 2460 5182 Pharaonis
2514 5130 2785 5184 dicentis:
2820 5146 2840 5179 ι
2884 5129 2960 5181 Ne
2998 5130 3159 5198 longe
3202 5127 3516 5198 excedatis,
3566 5127 3734 5198 tridui

477 5196 624 5269 enim
668 5197 807 5250 viam
849 5197 1027 5269 ibitis,
1069 5197 1173 5269 _sed
1215 5197 1472 5267 conjuges
1509 5209 1728 5269 vestras
1771 5197 2096 5269 relinquite,
2133 5215 2151 5269 ι
2188 5198 2429 5269 itemque
2472 5210 2669 5269 extera
2712 5216 2834 5269 qua:
2883 5196 3417 5269 paululu'mccdens
3448 5196 3761 5269 prodigiis

477 5266 725 5337 dicebat,
773 5266 906 5321 satis
940 5267 1244 5337 _declarant
1295 5266 1446 5337 signa
1507 5267 1593 5320 illa
1648 5269 1699 5320 in
1759 5280 1884 5320 eum
1951 5268 2155 5336 aliquid
2219 5266 2418 5321 virium
2483 5266 2776 5335 habuisse,
2838 5266 2935 5323 sed
2988 5285 3094 5322 non
3145 5266 3360 5336 plenam
3406 5266 3733 5337 efﬁcaciam.

477 5335 666 5406 Neque
730 5338 843 5392 haec
907 5335 986 5391 sic
1045 5335 1378 5402 evenissent,
1424 5338 1489 5403 si,
1518 5337 1661 5405 quod
1727 5337 1878 5391 multi
1936 5335 2211 5405 cogitant,
2269 5337 2443 5401 istud,
2475 5357 2493 5389 ι
2528 5338 2793 5393 indurabo
2840 5354 2936 5394 cor
2988 5335 3333 5399 Pharaonis,
3366 5354 3385 5387 ι
3417 5336 3556 5389 Deus
3620 5340 3736 5404 ipse

476 5404 773 5476 effecisset.
819 5406 926 5461 Sed
967 5416 1021 5461 et
1068 5408 1178 5460 lucc
1224 5423 1329 5460 non
1375 5404 1607 5461 absurde
1650 5422 1717 5461 ex
1758 5404 2030 5461 communi
2075 5408 2336 5476 loquendi
2389 5424 2485 5461 usu
2524 5409 2763 5462 emolliri
2811 5418 3063 5476 possunt.
3112 5407 3454 5475 Frequenter
3500 5405 3628 5459 boni
3678 5414 3737 5461 et

478 5475 701 5546 benigni
743 5476 945 5531 domini
996 5477 1169 5532 servis
1208 5478 1297 5543 iis,
1325 5477 1418 5546 qui
1465 5486 1686 5546 propter
1737 5475 2227 5545 benignitatem’et
2267 5476 2587 5546 patientiam
2624 5475 2975 5535 dominorum
3012 5493 3275 5541 suorum,
3306 5476 3541 5546 perditis
3593 5479 3735 5530 liunt

2137 5619 2441 5675 dentiorem
2466 5660 2479 5685 ,
2511 5640 2529 5672 ›
2554 5630 2663 5678 etc.

2205 5691 2317 5759 (43.)
2357 5690 2459 5742 Cor
2501 5689 2829 5748 Pharaonis.
2870 5691 2964 5751 Sic
3006 5707 3141 5750 mss.
3174 5692 3344 5751 Libb.
3377 5691 3537 5759 editi,
3573 5710 3592 5744 ι
3633 5692 3732 5748 d0-

2134 5777 2252 5817 tuus
2282 5760 2607 5817 Pharaonis.
2646 5780 2667 5816 ι
3356 5763 3369 5768 ’

545 5624 659 5695 (42)
694 5623 770 5679 Ita
802 5637 940 5695 mss.
981 5622 1137 5679 Libb.
1180 5622 1554 5695 autemediti,
1594 5640 1612 5673 ι
1635 5620 1924 5692 superbius
1961 5636 2025 5675 ac

476 5693 751 5763 spinoSius
790 5694 882 5747 fiat
927 5703 982 5749 et
1023 5695 1287 5750 mitescat.
1322 5713 1339 5745 ι
1370 5693 1573 5748 Ibidem
1602 5708 1757 5757 mss.,
1786 5710 1803 5743 ι
1836 5706 2023 5763 verum

480 5762 549 5825 ad
577 5766 965 5822 evidentiorem
989 5804 1002 5829 .
1029 5784 1047 5818 ι
1072 5776 1176 5821 etc.
1209 5764 1365 5820 Libb.
1395 5765 1521 5820 editi
1550 5804 1565 5831 ,
1592 5783 1610 5815 ι
1637 5764 1777 5818 unde
1808 5763 1876 5817 ad
1908 5762 2023 5817 evi-
