3988 6418
210 215 296 271 169
1574 215 1778 272 LIBER
1816 216 2136 274 TERTIUS.

3387 218 3493 274 270

205 329 419 397 λεγέσθω
447 327 592 400 πρὸς
612 329 716 382 τὸν
739 331 986 403 Φαραὼ,
1017 332 1114 385 καὶ
1140 331 1276 386 πάνυ
1295 332 1571 404 ἁρμοδίως
1603 333 1815 404 νοηθείη

1927 334 2218 404 bioresque
2254 335 2418 400 fiunt,
2457 335 2639 394 dicere
2681 335 2900 392 solent:
2937 335 3047 405 Ego
3082 342 3135 389 te
3163 334 3326 390 talem
3370 334 3501 390 fecit

205 422 351 476 ταῦτα
377 421 877 492 ἀπαγγελλόμενα
933 423 1106 494 αὐτῷ,
1143 423 1283 477 κατὰ
1330 425 1428 494 τὴν
1480 425 1823 495 σκληρότητα

207 516 283 567 καὶ
308 513 692 582 ἀμετανόητον
731 514 920 569 αὑτοῦ
950 517 1202 588 καρδίαν,
1236 515 1619 587 θησαυρίζοντι
1644 516 1822 586 ἐαυτῷ

205 604 364 677 ὀργήν·
414 601 520 672 τῆς
551 603 966 676 σκληρότητος
996 608 1097 660 οὐκ
1137 606 1201 659 ἂν
1235 605 1584 677 ἐλεγχθείσης
1622 604 1815 671 οὕτως,

202 695 301 747 οὐδὲ
326 694 566 765 φανερᾶς
587 696 1027 768 γεγενημένης,
1054 700 1102 751 εἰ
1130 698 1202 770 μὴ
1229 697 1295 751 τὰ
1321 698 1520 768 σημεῖα
1550 697 1814 765 ἐγεγόνει,

202 781 480 853 ἢέγεγόνει
533 782 659 854 (Η)
701 786 838 856 μὲν,
891 785 969 858 μὴ
1013 785 1245 840 τοσαῦτα
1277 785 1332 840 δὲ
1363 787 1457 840 καὶ
1487 785 1810 858 τηλικαῦτα.

1933 439 2034 496 ego
2065 433 2116 480 te
2142 427 2390 494 perdidi,
2438 441 2554 481 mea
2608 434 2659 480 te
2701 427 2963 496 patientia
3019 427 3313 496 pessimum
3356 425 3505 492 feci,

1928 527 2029 582 ego
2059 514 2154 569 tibi
2181 530 2344 570 causa
2368 516 2527 587 hujus
2563 523 2673 571 tam
2702 518 2852 572 durae
2880 529 2938 572 et
2963 520 3214 587 pessima:
3265 532 3503 572 consue-

1928 604 2132 659 tudinis
2163 605 2280 676 (45)
2317 607 2522 663 exsisto
2546 647 2562 673 ,
2592 607 2685 675 qui
2719 618 2772 664 te
2795 623 2900 662 non
2927 609 3112 664 statim
3139 623 3239 679 per
3263 607 3508 677 singulas

1925 694 2113 763 culpas
2155 697 2322 760 punio
2364 713 2461 767 pro
2503 699 2701 754 merito
2743 700 3093 756 delictorum.
3139 699 3379 755 Necesse
3422 707 3506 754 est

1929 785 2090 854 119
2114 787 2255 840 enim
2289 802 2386 842 nos
2416 796 2628 858 tropum
2663 790 2838 860 primo
2867 791 2948 845 vel
2983 791 3204 860 ﬁguram
3238 791 3506 846 sermonis

203 879 488 941 advertere,
525 889 588 932 et
630 877 714 932 ita
764 879 1000 934 demum
1034 880 1286 934 virtutem
1329 881 1458 935 dicti
1507 881 1845 951 intelligere,
1887 894 1988 934 nec
2034 879 2237 932 inferre
2274 879 2577 934 calumnias
2616 884 2782 937 verbo
2812 881 2967 950 cujus
3013 883 3330 938 interiorem
3373 895 3506 936 sen-

201 977 300 1018 sum
341 981 445 1020 non
491 967 850 1038 diligentius
892 970 1260 1040 exploremus.
1309 970 1552 1040 Denique
1591 970 1875 1042 apostolus
1917 969 2115 1024 Paulus
2162 971 2447 1026 evidenter
2484 973 2552 1026 de
2593 974 2790 1028 talibus
2830 983 3068 1029 tractans
3096 1013 3113 1040 ,
3151 975 3228 1029 ait
3267 976 3336 1030 ad
3377 991 3501 1031 eum

201 1059 274 1126 qui
317 1060 696 1127 permanebat
748 1061 812 1116 in
870 1062 1150 1133 peccatis:
1199 1081 1218 1115 ι
1252 1061 1336 1116 An
1385 1064 1608 1119 divitias
1657 1064 1921 1119 bonitatis
1977 1063 2094 1133 ejus
2143 1079 2208 1119 ac
2262 1064 2539 1132 patientiae
2588 1077 2643 1122 et
2692 1067 3116 1136 longanimitatis
3170 1071 3501 1129 contemnis.

200 1158 428 1221 ignorans
485 1153 630 1220 quia
692 1153 1031 1228 benignitas
1081 1155 1172 1212 Dei
1226 1159 1292 1213 ad
1345 1156 1721 1227 paenitentiam
1779 1153 1897 1228 (46)
1953 1164 2007 1211 te
2054 1154 2316 1210 adducit?
2369 1154 2678 1210 Secundum
2734 1157 2987 1211 duritiam
3035 1170 3214 1212 autem
3260 1167 3406 1214 tuam
3448 1165 3506 1212 et

198 1243 522 1312 imptenitens
575 1259 688 1301 cor
735 1249 1103 1305 thesaurizas
1155 1249 1250 1304 tibi
1301 1249 1402 1319 ipsi
1459 1250 1594 1302 iram
1651 1248 1704 1302 in
1760 1247 1848 1301 die
1892 1247 1987 1302 ira:
2035 1255 2090 1302 et
2136 1245 2486 1302 revelationis
2529 1244 2661 1314 justi
2692 1244 2882 1314 judicii
2927 1247 3020 1303 Dei
3054 1248 3118 1303 ".
3155 1269 3173 1302 ι
3203 1248 3333 1304 ilrec
3371 1249 3504 1305 dicit

198 1337 460 1405 Apostolus
487 1339 562 1394 ad
593 1354 740 1395 eum
777 1343 880 1413 qui
912 1345 969 1398 in
1000 1346 1240 1414 peccatis
1288 1355 1390 1399 est.
1420 1343 1816 1399 Convertainus
1846 1344 1961 1398 haec
2013 1342 2129 1412 ipsa
2169 1357 2264 1396 nos
2315 1342 2380 1396 ad
2413 1342 2753 1397 Pharaonem
2795 1341 2897 1396 dici
2920 1382 2935 1408 ,
2986 1352 3042 1397 et
3069 1344 3187 1398 vide
3213 1346 3257 1399 si
3287 1360 3390 1400 non
3440 1363 3504 1402 ea

194 1435 333 1488 etiam
370 1435 436 1490 de
482 1436 620 1506 ipso
653 1439 782 1493 diei
818 1451 1203 1496 consonanter
1227 1440 1495 1508 invenies,
1543 1443 1637 1510 qui
1684 1440 1978 1495 secundum
2018 1439 2272 1494 duritiam
2310 1452 2461 1492 suam
2497 1447 2549 1492 et
2588 1451 2683 1492 cor
2722 1437 3071 1506 impoenitens
3115 1439 3505 1497 thesattrizavit

193 1538 237 1580 et
271 1531 586 1586 recondidit
629 1533 754 1588 sibi
805 1534 917 1602 ipsi
967 1534 1104 1588 iram
1155 1535 1209 1587 in
1241 1535 1328 1588 die
1361 1533 1494 1598 iraa,
1542 1547 1640 1602 pro
1681 1547 1748 1586 eo
1795 1531 1937 1602 quod
1955 1522 2248 1599 'nnnquam
2293 1527 2491 1584 duritia
2535 1529 2652 1598 ejus
2693 1531 2764 1582 ita
2809 1529 2959 1596 argui
2989 1529 3122 1584 etin
3156 1529 3500 1586 manifestum

192 1621 354 1674 venire
381 1621 714 1690 potuisset,
749 1622 867 1677 nisi
920 1624 1080 1694 signa
1109 1631 1161 1678 et
1193 1623 1442 1694 prodigia
1473 1622 1702 1679 fuissent
1728 1633 1835 1676 tam
1870 1623 2039 1677 multa
2085 1632 2303 1690 tamque
2333 1619 2619 1688 magniﬁca
2651 1630 2962 1689 prosecuta.

259 1713 378 1766 Ἀλλ’
423 1713 557 1766 ἐπεὶ
609 1713 966 1779 δυσπειθεῖς
999 1716 1328 1770 αἱτοιαῦται
1372 1717 1676 1788 διηγήσεις,
1719 1715 1815 1768 καὶ
1847 1726 1894 1782 Β

192 1807 329 1876 βίαιοι
356 1802 500 1859 εἶναι
529 1807 913 1875 νομίζονται,
967 1807 1166 1879 ἴδωμεν
1199 1809 1294 1861 καὶ
1322 1809 1430 1862 ἀπὸ
1474 1805 1812 1880 προφητικοῦ

189 1898 321 1964 λόγου
342 1897 392 1948 τί
411 1913 592 1966 φασιν
631 1897 690 1952 οἱ
733 1898 956 1970 πολλῆς
981 1900 1348 1972 χρηστότητος
1375 1899 1509 1953 Θεοῦ
1543 1917 1814 1971 πεπειρα-

193 1990 321 2059 μένοι
363 1991 459 2042 καὶ
514 1989 600 2061 μὴ
665 1990 997 2059 βιώσαντες
1037 1989 1236 2056 καλῶς,
1289 1992 1424 2046 ἀλλὰ
1478 1992 1616 2063 μετὰ
1642 1993 1815 2046 ταῦτα

187 2084 617 2153 ιὶμιιρτήσανιτες⁵
647 2101 668 2134 ‹
706 2083 782 2135 Τί
811 2083 1135 2156 ἐπλάνησας
1164 2087 1330 2156 ἡμᾶς,
1365 2085 1556 2157 Κύριε,
1587 2085 1694 2138 ἀπὸ
1716 2086 1816 2154 τῆς

187 2173 282 2226 rich
317 2190 444 2238 σου,
501 2174 636 2227 Ἵνα
694 2173 757 2226 τί
821 2174 1176 2246 ὲσκλήρυνας
1228 2175 1386 2246 ἡμῶν
1423 2175 1521 2246 τὴν
1556 2175 1806 2246 καρδίαν,

187 2267 263 2317 τοῦ
375 2265 690 2334 φοϐεῖσθαι
726 2267 796 2320 τὸ
827 2267 1012 2338 ὄνομα
1043 2285 1166 2331 σονς
1197 2267 1555 2338 Ἐπίστρεψον
1583 2267 1669 2320 διὰ
1691 2270 1816 2332 τοὺς

185 2353 376 2418 ἰούλους
421 2373 550 2420 σου,
590 2356 691 2409 διὰ
742 2354 857 2419 τὰς
911 2355 1085 2424 φυλὰς
1131 2355 1228 2427 τῆς
1285 2355 1652 2426 κληρονομίας
1697 2372 1812 2420 σου,

187 2448 258 2500 ἵνα
285 2449 480 2518 μικρόν
513 2467 574 2501 τι
628 2449 1165 2520 κληρονομήσωμεν
1210 2448 1302 2501 τοῦ
1345 2447 1506 2519 ὅρους
1537 2446 1630 2502 τοῦ
1658 2449 1813 2516 ἁγίου

191 2555 285 2593 σου.
315 2542 464 2594 »Καὶ
503 2544 569 2594 ἐν
604 2541 694 2612 τῷ
745 2541 1033 2613 Ἱερεμίᾳ·
1070 2558 1088 2590 ι
1127 2539 1448 2610 Ἠπὰτησάς
1494 2557 1582 2612 με,
1615 2539 1812 2610 Κύριε,

189 2631 268 2683 καὶ
292 2631 622 2701 ἠπατήθην,
665 2629 1016 2700 ἐκράτησας
1050 2629 1142 2682 καὶ
1188 2627 1502 2699 ὲδυνάσθης.
1532 2647 1549 2677 ii
1585 2628 1658 2680 Τὸ
1685 2627 1812 2699 γὰρ,

189 2744 206 2774 ι
228 2724 305 2777 ἵνα
335 2725 386 2775 τί
422 2725 811 2795 ὲσκλήρυνας
843 2723 1011 2794 ἡμῶν
1042 2724 1141 2793 τὴν
1190 2721 1439 2794 καρδίαν,
1472 2722 1565 2776 τοῦ
1613 2722 1687 2794 μὴ
1718 2741 1815 2792 φο-

185 2816 370 2870 ϐεῖαθαι
392 2820 456 2872 τὸ
479 2817 676 2887 ὄνομά
717 2833 826 2872 σου
853 2832 906 2880 ς»
929 2815 1218 2885 λεγόμενον
1246 2815 1353 2868 ὑπὸ
1385 2815 1492 2867 τῶν
1523 2814 1815 2886 ἐλεηθῆναι

186 2910 668 2982 παρακαλούντων,
692 2911 760 2963 ὲν
789 2907 923 2978 ἦθει
947 2906 1236 2978 λεγόμενον
1264 2905 1502 2960 τοιοῦτόν
1522 2908 1817 2961 ἐστινοἿνα

183 2999 225 3050 τί
253 3001 338 3051 ἐπὶ
377 3000 657 3053 τοσοῦτον
712 2998 944 3066 ἐφείσω
991 2995 1168 3067 ἡμῶν,
1215 2995 1315 3048 οὐκ
1347 2996 1814 3067 ἐπισκεπτόμενος

185 3090 310 3159 ἡμᾶς
353 3090 448 3142 ἐπὶ
492 3093 631 3152 ταῖς
687 3086 1036 3158 ἁμαρτίαις,
1068 3084 1204 3138 ἀλλὰ
1251 3084 1566 3140 καταλιπὼν
1599 3086 1703 3150 ἕως
1732 3089 1813 3151 εἰς

187 3176 390 3245 μέγεθος
420 3177 565 3252 ἔλθῃ
599 3175 1001 3246 πταισμάτων
1044 3173 1111 3227 τὰ
1142 3175 1422 3245 ἡμέτερα;
1465 3175 1812 3244 Ἐγκαταλεί-

186 3288 260 3323 πει
296 3272 351 3324 δὲ
395 3272 472 3343 μὴ
524 3269 972 3338 κολαζομένους
1025 3270 1151 3331 τοὺς
1195 3267 1467 3334 πλείονας,
1505 3268 1592 3321 ἵνα
1635 3285 1694 3321 τε
1742 3267 1810 3320 τὰ

188 3363 398 3417 ἑκάστου
434 3363 551 3436 ἤθη
592 3365 669 3416 ὲκ
704 3360 814 3414 τοῦ
862 3362 951 3429 ἐφ’
985 3362 1115 3431 ἡμῖν
1151 3358 1434 3431 ὲξετασθῇ,
1469 3362 1562 3414 καὶ¹
1590 3362 1810 3432 φανεροὶ

187 3457 270 3526 μὲν
296 3458 358 3510 ἐκ
405 3458 512 3528 τῆς
546 3453 894 3525 γενομένης
937 3451 1173 3522 βασάνου
1211 3453 1262 3504 οἱ
1298 3453 1578 3520 κρείττους
1607 3453 1808 3521 γένων-

182 3565 274 3602 ται*
304 3549 350 3601 οἱ
379 3547 440 3602 δὲ
471 3549 678 3600 λοιποὶ
715 3547 796 3616 μὴ
827 3543 1109 3606 λαθόντες,
1146 3543 1264 3613 οὐχὶ
1298 3543 1452 3606 Θεὸν,
1491 3543 1667 3598 πάντα
1698 3546 1808 3615 γὰρ

185 3637 272 3693 ὦδε
299 3643 401 3713 πρὸ
422 3642 729 3711 γενέσεως
759 3637 974 3700 αὐτῶν,
994 3635 1127 3690 ἀλλὰ
1161 3637 1226 3690 τὰ
1253 3637 1448 3705 λογικὰ
1474 3637 1564 3690 καὶ
1585 3638 1804 3701 αὐτοὺς,

187 3732 387 3806 ὕστερον
419 3735 690 3806 τύχωσιν
724 3731 856 3785 ὀδοῦ
901 3729 1218 3800 θεραπείας·
1267 3730 1367 3782 οὐκ
1401 3730 1467 3783 ἂν
1509 3729 1807 3798 ἐγνωκότες

185 3827 267 3897 τὴν
295 3826 668 3899 εὐεργεσίαν,
720 3824 772 3876 εἰ
811 3821 894 3893 μὴ
937 3821 1143 3875 ἑαυτῶν
1175 3820 1640 3890 κατεγνώκεισαν·
1675 3822 1811 3893 ὅπερ

1993 1715 2079 1770 12.
2114 1713 2267 1780 Quod
2298 1713 2343 1768 si
2380 1713 2559 1766 minus
2592 1711 2764 1781 picum
2790 1713 3041 1767 videntur
3073 1729 3194 1771 esse
3224 1716 3505 1786 probatio-

1917 1824 2016 1865 nes
2046 1823 2182 1878 quas
2214 1806 2474 1870 diximus,
2495 1814 2550 1860 et
2572 1805 2886 1872 apostolicae
2911 1807 3282 1864 similitudinis
3311 1825 3500 1879 parum

1917 1899 2243 1955 munimenti
2292 1898 2495 1954 habere
2543 1899 2722 1952 adhuc
2757 1898 2972 1953 videtur
3008 1902 3280 1967 assertio;
3336 1905 3501 1958 adhi-

1917 1991 2148 2046 beamus
2191 1990 2360 2045 etiam
2409 1989 2746 2060 pr0phetica:
2794 1993 3141 2048 auctoritatis
3189 2009 3498 2053 assenSuni.

1917 2088 1970 2132 et
2000 2077 2282 2131 videamus
2329 2076 2458 2147 quid
2506 2077 2670 2131 etiam
2724 2078 3001 2148 prOphetae
3049 2083 3404 2150 pronuntient
3435 2087 3501 2137 de

1919 2170 2004 2223 his
2050 2168 2140 2238 qui
2189 2169 2365 2238 primo
2399 2170 2618 2239 quidem
2666 2181 2814 2227 recte
2844 2174 3109 2242 viventes,
3145 2175 3501 2246 benignitatis

1918 2261 2010 2315 Dei
2047 2261 2249 2316 habere
2279 2262 2685 2331 quamplurima
2732 2265 3106 2334 experimenta
3160 2281 3498 2334 meruerunt,

1917 2363 2104 2425 postea
2159 2369 2288 2409 vero
2328 2365 2386 2409 ut
2421 2355 2671 2410 homines
2711 2357 3093 2427 deliquerunt;
3131 2374 3253 2415 cum
3296 2363 3500 2431 quibus

1918 2459 1976 2500 se
2021 2458 2238 2512 quoque
2277 2459 2445 2499 unum
2477 2444 2682 2502 faciens
2715 2447 2986 2518 Propheta
3023 2451 3142 2505 ait:
3177 2471 3194 2502 ι
3221 2451 3290 2506 Ut
3324 2455 3452 2521 quid
3481 2494 3497 2519 ,

1919 2537 2165 2603 Domine,
2194 2551 2380 2592 errare
2411 2553 2512 2593 nos
2558 2538 2732 2594 l'ecisti
2777 2555 2808 2595 a
2838 2542 2924 2595 via
2961 2543 3084 2597 tua?
3117 2543 3176 2597 Et
3214 2559 3384 2613 quare
3417 2545 3500 2600 iii-

1920 2628 2128 2683 durasti
2188 2642 2286 2682 cor
2329 2638 2582 2686 nostrum
2635 2631 2709 2686 uti
2758 2646 2866 2687 non
2928 2635 3250 2691 timeremus
3302 2651 3498 2692 nomen

1919 2722 2109 2776 tuum?
2164 2721 2498 2778 Convertere
2551 2733 2774 2794 propter
2825 2739 3014 2782 servos
3064 2736 3206 2792 tuus,
3270 2741 3500 2800 propter

1918 2815 2094 2866 tribus
2146 2812 2480 2867 hzei'editatis
2521 2821 2648 2879 tuae,
2702 2823 2762 2868 ut
2811 2823 2865 2871 et
2919 2832 3016 2872 nos
3047 2832 3238 2886 parum
3293 2820 3497 2889 aliquid

1917 2904 2251 2960 lucreditatis
2277 2904 2392 2975 (47)
2428 2905 2711 2975 capiamus
2741 2907 2808 2961 de
2845 2918 3026 2963 monte
3056 2919 3248 2964 sancto
3284 2917 3376 2964 tuo
3392 2911 3493 2963 ν’..

1919 2990 2024 3044 Sed
2075 3001 2131 3046 et
2180 2989 2445 3048 Jeremias
2503 2993 2758 3049 similiter
2800 2996 2934 3051 dicit
2967 3014 2983 3052 :
3020 3015 3039 3048 ι
3066 2997 3340 3055 Seduxisti
3376 3017 3496 3066 nos,

1841 3067 1882 3124 C
1920 3082 2168 3148 Domine,
2201 3092 2254 3138 et
2285 3085 2495 3139 seducti
2543 3101 2769 3140 sumus:
2802 3087 3026 3143 tenuisti
3058 3097 3110 3143 et
3141 3091 3361 3157 potuisti
3383 3090 3450 3145 ⁸⁸.
3473 3112 3494 3143 ι

1920 3172 2074 3240 Quod
2121 3188 2250 3244 ergo
2294 3174 2414 3228 ait:
2447 3173 2562 3230 «Ad
2611 3175 2762 3246 quid,
2802 3177 3052 3242 Domine,
3102 3178 3368 3233 iudurasti
3401 3195 3502 3236 cor

1919 3274 2164 3318 nostrum
2217 3264 2292 3319 uti
2328 3281 2434 3320 non
2471 3266 2758 3322 timeamus
2797 3283 2990 3323 nomen
3025 3270 3211 3323 tuum?
3241 3290 3260 3322 ›
3294 3272 3498 3326 dictum

1918 3356 2100 3411 abhis
2131 3357 2221 3426 qui
2257 3357 2690 3413 misericordiam
2738 3361 3124 3429 precabantur,
3160 3362 3352 3418 morali
3391 3364 3501 3417 uti-

1916 3463 2024 3517 que
2081 3457 2240 3519 tropo
2291 3450 2674 3520 accipiendum
2731 3453 2890 3522 120
2915 3462 3032 3520 est;
3088 3456 3236 3510 velut
3276 3458 3320 3511 si
3374 3459 3500 3527 quis

1917 3538 2063 3593 dicat
2095 3556 2108 3592 :
2142 3538 2216 3595 Ut
2250 3541 2377 3610 quid
2412 3541 2464 3594 in
2499 3548 2708 3594 tantum
2754 3543 3039 3612 pepercisti
3076 3544 3234 3599 nobis
3269 3560 3367 3601 nec
3412 3563 3499 3601 re-

1919 3628 2135 3698 quisisti
2170 3643 2266 3684 nos
2294 3645 2414 3684 cum
2449 3645 2822 3699 peccareinus,
2872 3633 2966 3688 sed
3007 3634 3271 3704 reliquisti
3299 3651 3398 3691 nos
3440 3648 3498 3692 ut

1916 3736 2014 3790 per
2064 3722 2169 3775 hoc
2200 3721 2536 3777 incresceret
2580 3724 2807 3789 malum,
2854 3734 2908 3780 et
2939 3736 3336 3796 pr0pagaretur
3363 3743 3495 3796 pec-

1920 3814 2079 3882 candi
2120 3813 2337 3869 licentia
2371 3814 2844 3872 animadversione
2874 3819 3164 3874 cessante?
3199 3817 3289 3876 Sic
3323 3834 3496 3891 equus

1456 3906 2018 3967 INTERPRETATIO
2050 3905 2260 3964 NOVA.

185 4013 410 4081 moribus
441 4054 457 4076 ,
512 4014 799 4081 ingerere
851 4005 1074 4081 solent:
1122 4005 1232 4076 Ego
1277 4013 1330 4060 te
1356 4004 1684 4081 improbum
1732 4003 1874 4081 ieci,
1922 4015 2036 4081 ego‘
2068 4008 2144 4081 tot
2182 3999 2459 4081 scelerum
2487 4001 2607 4081 _tibi
2659 4017 2824 4059 causa
2866 4003 3296 4081 fuig:_ser_monis
3318 4007 3491 4081 ‘enim

189 4080 380 4136 indoles
428 4071 490 4138 et
542 4071 642 4136 vis
689 4077 1045 4134 advertenda
1095 4071 1193 4130 est'
1225 4085 1282 4130 et
1321 4071 1469 4130 citra
1511 4075 1845 4146 calumniam
1894 4071 2038 4140 queri
2089 4071 2305 4146 dicitur
2340 4071 2580 4146 genuino
2635 4087 2796 4146 sensu
2849 4075 3247 4146 accipiendum.
3307 4075 3492 4143 Quare

189 4149 402 4213 Paulus,
451 4152 566 4223 qui
622 4154 747 4223 tunc
785 4156 1056 4223 accurate
1089 4155 1470 4223 perscrutatus
1503 4143 1680 4223 fuerat
1704 4183 1720 4208 ,
1759 4150 2078 4221 peccantem
2122 4142 2535 4223 sic_all9qu_itur
2563 4159 2626 4223 τέ
2657 4144 2738 4223 an
2775 4142 3003 4223 divitias
3037 4147 3300 4223 bonitatis
3331 4142 3493 4223 ejus.

188 4231 234 4272 et
272 4211 557 4290 patientia:
604 4233 661 4276 et
711 4211 1173 4290 longanimitatis
1195 4215 1542 4290 contemnis,
1593 4211 1856 4290 ignorans
1881 4211 2159 4290 quoniam
2211 4212 2522 4290 benignitas
2578 4212 2786 4290 Deiad
2835 4217 3235 4290 paenitentiam
3295 4211 3495 4290 te'ad-

191 4282 361 4346 ducit?
412 4293 765 4350 Secundum
812 4282 1010 4343 autem
1057 4287 1310 4340 duritiam
1370 4296 1517 4338 tuam
1572 4282 1636 4340 cf
1676 4283 2023 4351 iinpteuitens
2067 4297 2186 4345 cor,
2223 4282 2565 4337 thesaurizas
2610 4284 2705 4350 tibi
2748 4282 3032 4352 ipsi'iram
3066 4287 3116 4338 in
3167 4289 3251 4341 die
3291 4288 3388 4341 ira:
3437 4297 3495 4342 et

190 4365 536 4432 revelationis
583 4361 731 4432 justi
783 4357 997 4432 judicii
1039 4358 1155 4411 Dei.
1189 4354 1368 4432 ii‘iain
1416 4368 1538 4423 quae
1586 4354 1720 4408 dicit
1761 4353 1830 4407 ad
1879 4361 2193 4432 peccantem
2240 4351 2575 4432 Apostolus,
2622 4351 2877 4432 dicantur
2925 4356 2991 4432 ad
3025 4355 3494 4432 Pliaraoiieni,__et

190 4430 332 4506 plane
361 4423 799 4506 eongrufenter'
822 4427 1200 4506 intelligantur
1231 4427 1332 4506 ipsi
1381 4432 1721 4506 competere,
1746 4424 2298 4506 propteroduritiaur
2327 4431 2392 4502 et.
2425 4423 2776 4506 impwnitens
2817 4439 2913 4478 cor
2949 4426 3341 4506 thesaurizanti
3385 4427 3493 4480 sibi

191 4492 278 4569 ipsi
311 4492 647 4560 iramfNec
676 4501 834 4556 enim
872 4492 1364 4569 ejus'durities‘ita
1393 4492 1617 4569 coargui
1649 4507 1700 4569 et
1731 4492 2001 4569 declarari
2038 4493 2306 4560 potuisset
2341 4492 2443 4545 nisi
2476 4494 2650 4569 signa
2697 4504 2796 4569 tot_
2823 4509 2886 4569 ac
2932 4506 3080 4549 tanta
3118 4497 3488 4569 exstitissent.

250 4575 333 4628 19..
364 4576 486 4630 Sed
531 4572 816 4642 quoniam
847 4562 1225 4642 expositiones
1249 4565 1513 4642 ejusmodi
1535 4562 1761 4619 'creditu
1791 4564 2034 4642 dilliciles
2068 4570 2122 4614 et
2147 4569 2409 4642 contortae
2440 4562 3030 4642 videntur,rvideamus
3065 4580 3131 4619 ex
3167 4567 3488 4634 ριομιιριὶειι

190 4655 425 4699 sermone
473 4631 616 4713 quid
654 4643 862 4713 dicant
897 4631 940 4713 ii
966 4639 1058 4713 qui
1090 4638 1183 4713 Dei
1215 4631 1610 4713 benignitatem
1629 4634 1854 4713 experti
1887 4643 2026 4713 sunt.
2060 4646 2158 4684 nec
2203 4631 2432 4713 honeste
2481 4633 2761 4713 vixerunt,
2791 4636 2882 4688 sed
2927 4646 3114 4703 postea
3149 4631 3486 4713 peceariiut:

193 4729 208 4762 I
236 4713 335 4768 Cur
362 4703 578 4770 crtare
610 4728 719 4768 nos
752 4703 1253 4777 fecisti,'Domiue,
1289 4724 1314 4760 a
1350 4703 1437 4760 via
1466 4705 1593 4760 tua?
1623 4703 1734 4758 Cur
1763 4704 2030 4758 indurasti
2059 4717 2156 4757 cor
2188 4711 2461 4769 nostrum,
2491 4712 2548 4757 ut
2578 4717 2684 4757 nou
2713 4706 3032 4760 timeremus
3067 4703 3263 4761 nomen
3295 4707 3488 4762 tuum!

891 4865 934 4896 "
963 4862 1065 4919 lsa.
1095 4878 1250 4927 ani,
1286 4861 1373 4925 Π,
1414 4859 1502 4916 18.
1579 4859 1624 4890 ⁸⁸
1661 4856 1864 4914 Jerem.
1893 4873 1992 4924 xx,
2037 4857 2087 4910 7.

264 4877 307 4907 ⁵⁸
338 4876 513 4932 Rom.
549 4888 615 4939 it,
645 4871 706 4934 4,
748 4869 808 4922 5.

1983 5024 2093 5096 (46)
2136 5023 2208 5096 Ιιο
2240 5039 2368 5079 mss.
2395 5024 2552 5078 Lilib.
2585 5019 2793 5089 editi]:
2815 5021 2890 5080 ad
2905 5016 3240 5096 patientiam.
3269 5047 3286 5080 ι
3324 5027 3493 5087 Paulo

1912 5095 2032 5163 posit
2070 5095 2198 5148 libb.
2245 5097 2399 5157 editi,
2436 5111 2456 5146 ι
2490 5096 2542 5148 in
2580 5097 2667 5148 die
2693 5097 2884 5163 judicii
2911 5095 3036 5151 Dei.
3063 5117 3080 5149 ι
3117 5099 3225 5152 Sed
3261 5115 3394 5154 mss.
3431 5115 3491 5155 ut.

1909 5169 1965 5221 in
2017 5175 2208 5219 nostro
2249 5173 2417 5237 testu.
2473 5163 2644 5237 Paulo
2689 5166 2829 5220 infra
2877 5183 3006 5221 mss.
3062 5185 3082 5218 ι
3113 5172 3178 5223 de
3226 5185 3343 5237 ipso
3378 5171 3490 5227 dici

260 5041 362 5112 (44)
401 5035 486 5090 ’Ἥ
517 5037 830 5112 ἐγεγόνει.
864 5031 990 5085 Haec
1025 5032 1224 5086 omissa
1257 5039 1380 5086 sunt
1425 5029 1476 5083 in
1505 5037 1662 5083 antea
1688 5028 1803 5084 edi-
1836 5032 1880 5085 D

203 5106 282 5176 tis,
320 5106 414 5167 sed
445 5106 746 5181 habentur:
775 5106 1018 5181 ininss.“
1053 5171 1064 5181 _
1392 5173 1404 5181 .
1552 5169 1564 5181 .

261 5169 367 5252 ($5)
410 5183 508 5252 Sic
538 5195 685 5233 mss.
723 5175 898 5231 Libb.
935 5171 1102 5234 editi,
1127 5190 1146 5222 ‹
1174 5181 1227 5225 et
1266 5169 1799 5252 pessiincejnsolen-

203 5241 296 5307 tisi.
323 5241 549 5306 {Paulo
602 5260 746 5319 post
803 5257 1017 5319 mss.”
1053 5257 1149 5296 nos
1197 5253 1412 5319 tropum
1464 5242 1662 5319 primo.
1694 5259 1713 5292 ι
1742 5241 1797 5294 In

201 5325 348 5380 editis
395 5325 552 5377 deest
581 5311 864 5390 {primi}.
898 5329 918 5363 ›
957 5312 1081 5390 [just
1127 5313 1404 5390 paululum
1424 5352 1447 5390 _,
1483 5329 1502 5362 ι
1534 5311 1796 5390 virtutem
1904 5311 2028 5361 dein
2063 5322 2215 5390 mss,
2250 5323 2268 5356 ι
2292 5311 2619 5390 secundum.

202 5377 342 5447 dictiv
369 5377 718 5457 intelligere.
761 5406 782 5439 ι
812 5383 875 5438 In
918 5381 1078 5436 editis
1130 5377 1231 5452 pro
1261 5402 1279 5435 ι
1308 5385 1477 5457 dicti,
1516 5401 1533 5432 ι
1573 5381 1792 5457 legitur,
1914 5395 1932 5427 ι
1954 5377 2254 5457 secundum
2289 5377 2542 5457 duritiam
2573 5378 2712 5444 ejus.
2739 5397 2756 5429 ι

209 5481 225 5514 ι
250 5444 656 5520 ὑέίξςῃηαᾌῆῃ
696 5469 927 5527 mss.,_i
960 5444 1177 5508 sensum
1210 5469 1332 5527 non_
1354 5444 1670 5527 diligentiu's
1698 5465 1799 5504 ex~
1914 5519 1955 5527 __
1983 5446 2100 5527 (Δεῖ).
2138 5444 2376 5527 Τηίοηυι
2424 5456 2469 5498 et
2525 5449 3095 5527 nos__p_arum_aliquid
3135 5451 3484 5527 ha’reditatis.

1911 5519 2037 5572 llaac
2072 5519 2265 5570 desunt
2297 5518 2346 5569 in
2377 5528 2538 5570 antea
2571 5519 2752 5580 editis,
2782 5523 2875 5572 sed
2927 5518 3192 5573 habentur
3226 5523 3276 5574 in
3309 5523 3487 5572 muni-

1914 5591 2016 5644 bus
2048 5602 2176 5640 mss.
2209 5584 2354 5659 luira
2383 5602 2514 5642 mss.
2573 5607 2592 5639 ι
2621 5589 2763 5643 velut
2789 5592 2832 5644 si
2863 5592 2987 5659 quis
3032 5594 3192 5645 dit-at.
3227 5609 3245 5641 ι
3281 5591 3338 5643 1η
3366 5589 3486 5644 edi-

1917 5661 1985 5714 tis
2007 5659 2178 5724 deest,
2210 5675 2226 5708 ι
2248 5657 2314 5711 si.
2332 5675 2349 5707 i

1904 5307 2028 5361 dein
2063 5322 2215 5380 mss,
2250 5323 2268 5356 ι
2292 5306 2878 5380 secundumduritiam
2918 5324 3126 5363 suam.)
3167 5309 3311 5364 Editi
3337 5327 3490 5380 vero,

201 5531 478 5603 ploreinus.
507 5552 528 5585 ι
556 5533 619 5587 lii
648 5530 840 5588 editis
871 5523 1474 5608 deest,.}_n0ii.i_ifatilo
1499 5531 1618 5608 post
1643 5537 1800 5608 mss,

202 5592 310 5730 id:
363 5607 562 5662 talibus
612 5607 913 5659 tractans.
947 5613 966 5644 ι
1002 5593 1164 5657 Lilib.
1210 5597 1339 5670 editi
1371 5635 1387 5663 ,
1430 5613 1449 5646 ι
1480 5597 1548 5648 de
1603 5592 1803 5648 talibus

202 5679 273 5726 ιη
313 5691 418 5735 ens.
453 5697 476 5730 ι

1907 5243 2275 5292 consonanter
2304 5234 2569 5290 invenies.
2594 5255 2612 5287 ι
2649 5237 2701 5289 lu
2740 5238 2902 5291 editis
2940 5240 3094 5292 deest
3130 5257 3148 5288 ι
3176 5234 3304 5293 diei.
3328 5259 3346 5291 ι
3379 5241 3490 5297 lbi-
3577 5273 3584 5278 -
