3880 6554
473 351 572 406 271

1671 341 1992 400 ORIGENIS
2021 344 2039 396 1

2151 345 2183 396 ’ἱ
2222 343 2453 397 ΑΡΧΩΝ
3629 347 3721 404 2ἶὲ

473 471 518 527 si
556 486 662 525 non
697 467 902 524 assidui
939 467 1172 524 sessoris
1205 466 1464 520 ferratum
1503 465 1710 534 patitur
1759 465 1963 521 calcem
1996 477 2039 520 et

2154 465 2420 536 συμφέρει
2452 463 2665 534 ἑκάστῳ
2711 463 2796 516 ἵνα
2835 463 3089 536 αἴσθηται
3135 463 3233 534 τῆς
3285 463 3540 536 ἰδιότητος
3571 467 3718 520 αὖτοῦ

472 564 642 617 frenis
677 579 770 616 ora
805 562 1028 616 ferratis
1056 559 1340 620 obteritur,
1391 557 1711 612 indurescit.
1745 557 1835 612 Sic
1869 558 2049 628 pueri-

471 659 538 712 lis
564 657 684 730 (48)
713 666 844 711 mtas
880 656 922 710 si
957 653 1099 708 nulla
1138 651 1304 722 plagae
1340 647 1658 705 assiduitate
1689 659 1939 714 curetur,
1965 651 2050 705 in-

476 751 742 806 solentem
797 748 954 804 simul
1011 757 1063 800 et
1107 745 1173 800 ad
1231 743 1364 798 vitia
1415 745 1751 814 praecipitem
1787 743 2046 812 juvenem

473 845 679 898 reddet.
725 839 1002 908 Relinquit
1043 854 1174 909 ergo
1216 837 1357 892 Deus
1401 848 1456 892 et
1507 837 1728 906 negligit
1775 853 1870 892 eos
1910 852 2048 906 quos

471 936 818 1006 correptione
845 933 1102 1003 judicarit
1145 933 1418 1002 indignos.
1455 949 1473 982 ι
1499 929 1669 998 Quem
1699 932 1840 985 enim
1871 931 2048 997 diligit

467 1029 750 1092 Dominus,
783 1025 1031 1095 cerripit,
1065 1024 1302 1094 ﬂagellat
1361 1035 1540 1076 autem
1597 1039 1810 1077 onuzem
1873 1022 2042 1076 ﬁlium

466 1137 623 1193 quem
660 1120 930 1192 recipit.‘9
960 1139 978 1172 ι
1035 1120 1114 1172 Ex
1161 1133 1266 1186 quo
1295 1118 1670 1171 arbitrandum
1711 1126 1794 1171 est
1827 1116 1878 1170 in
1911 1117 2047 1170 lilio-

464 1232 582 1270 rnm
625 1215 736 1284 jam
787 1214 1033 1268 ordinem
1065 1223 1118 1265 et
1155 1210 1406 1266 aii'eetum
1459 1202 1626 1277 recipi
1673 1225 1766 1264 eos
1810 1211 1897 1278 qui
1949 1209 2044 1262 lia-

463 1308 649 1380 gellari
680 1323 708 1362 a
739 1305 966 1360 Domino
1013 1304 1313 1358 meruerint
1343 1311 1398 1358 et
1424 1303 1653 1372 corripi,
1690 1319 1798 1372 quo
1835 1303 2045 1356 scilicet

462 1413 517 1454 et
572 1415 670 1469 per
729 1399 1094 1454 tentationum
1144 1407 1199 1451 et
1254 1396 1667 1450 tribulationum
1723 1395 2040 1464 patientiam

459 1493 671 1563 possint
699 1490 865 1544 etiam
916 1489 1018 1558 ipsi
1067 1489 1251 1542 dicere
1285 1504 1299 1541 :
1341 1506 1358 1538 ‹
1387 1487 1517 1553 Quis
1553 1501 1650 1540 nos
1697 1485 1971 1554 separabit
2011 1500 2040 1536 a

462 1583 733 1638 cliaritate
766 1581 858 1636 Dei
903 1595 1026 1650 quae
1067 1588 1148 1632 est
1175 1579 1225 1631 in
1251 1577 1469 1632 Christo
1501 1575 1665 1630 Jesu?
1701 1576 2042 1630 Tribnlatio?

458 1691 524 1728 an
569 1673 858 1743 angustia?
893 1689 958 1724 an
991 1669 1323 1740 fairiesuﬂ)?
1363 1685 1426 1723 an
1473 1669 1730 1724 auditas?
1782 1683 1848 1722 an
1895 1668 2042 1737 peri-

455 1766 680 1822 culum?
709 1783 774 1818 an
808 1763 1018 1834 gladius
1053 1761 1142 1814 l’4’?
1174 1779 1190 1812 ι
1233 1760 1338 1815 Per
1379 1761 1496 1815 inec
1525 1760 1669 1815 enim
1706 1761 1887 1815 omnia
1922 1777 2037 1814 ma-

2158 561 2251 614 καὶ
2289 561 2388 630 τῆς
2443 559 2661 632 χάριτος
2707 559 2800 612 τοῦ
2848 559 3005 612 Θεοῦ.
3053 559 3112 612 'O
3149 559 3204 612 δὲ
3241 560 3314 632 μὴ
3353 559 3722 630 αἰσθανόμενος

2155 653 2253 723 τῆς
2275 652 2408 716 ἰδίας
2426 649 2704 714 ἀσθενείας
2726 652 2936 723 καὶτῆς
2959 653 3110 716 Θείας
3131 651 3371 724 χάριτος,
3389 651 3496 706 κᾶν
3519 653 3722 724 εὐεργε-

2156 749 2335 819 τῆται,
2362 747 2435 818 μὴ
2476 747 2666 799 ἑαυτοῦ
2706 749 3130 820 πεπειραμένος,
3175 751 3308 821 μηδὲ
3351 747 3542 802 ἑαυτοῦ
3578 767 3721 803 κατε-

2155 839 2401 908 γνωκὼς,
2448 841 2689 911 οἰήσεται
2737 840 2868 894 ἴδιον
2919 837 3056 894 εἶναι.
3097 841 3492 914 ἀνδραγάθημα
3543 845 3599 898 τὸ
3625 845 3722 900 ἀπὺ

2153 933 2254 1002 τῆς
2283 933 2534 1004 οὐρανίου
2571 933 2792 1005 χάριτος
2831 931 2979 1004 αὐτῷ
3021 935 3441 1006 ἐπιχορηγηῦέν·
3481 935 3635 990 τοῦτο
3673 937 3720 990 δὲ

2155 1027 2322 1096 οἴημα
2357 1024 2664 1096 ἐμποιῆσαν
2703 1025 2796 1077 καὶ
2849 1025 3135 1093 φυσίωσιν,
3184 1028 3356 1080 αἴτιον
3393 1026 3548 1081 ἕσται
3577 1047 3724 1082 mu-

2156 1115 2434 1181 πτώσεως·
2461 1118 2598 1188 ὅπερ
2629 1118 2922 1188 νομίζομεν
2945 1120 3039 1172 καὶ
3071 1119 3197 1191 περὶ
3231 1119 3324 1174 τὸν
3363 1120 3605 1174 διάϐολον
3640 1140 3722 1191 γε·

2153 1211 2383 1278 γονέναι,
2427 1210 2603 1281 ἐαυτῷ
2650 1211 3015 1282 χαρισάμενον
3070 1212 3105 1266 ἃ
3154 1209 3266 1282 εἶχε
3319 1217 3718 1286 προτερήματα,

2152 1299 2240 1352 ὅτε
2267 1299 2494 1370 ἄμωμος
2524 1296 2608 1370 ἦν·
2651 1319 2667 1348 ι
2693 1301 2798 1363 πᾶς
2843 1301 2952 1373 γὰρ
2985 1304 3012 1355 ὁ
3063 1303 3212 1372 ὑψῶν
3254 1303 3444 1357 ἑαυτὸν
3481 1323 3723 1359 ταπεινω-

2154 1390 2395 1463 Θήσετσι·
2440 1393 2514 1456 ὡς
2558 1394 2664 1456 πᾶς
2707 1395 2736 1446 ὁ
2773 1393 3043 1447 ταπεινῶν
3085 1395 3275 1449 ἑαυτὸν
3321 1395 3716 1467 ὑψωθήσεται.»

2152 1482 2419 1534 Κατανὸει
2447 1483 2503 1536 δὲ
2526 1483 2607 1535 ὅτι
2639 1483 2724 1536 διὰ
2763 1483 2923 1536 τοῦτο
2969 1486 3384 1558 ἀποκέκρυπται
3421 1487 3530 1540 ἀπὸ
3559 1489 3720 1558 σοφῶν

2151 1575 2245 1628 καὶ
2275 1574 2510 1628 συνετῶν
2562 1575 2630 1628 τὰ
2671 1575 2810 1640 Θεῖα,
2851 1576 2959 1638 ἵνα,
2991 1577 3067 1640 ὡς
3111 1579 3274 1648 φησιν
3314 1582 3341 1632 ὁ
3377 1579 3718 1642 Ἀπόστολος,

2156 1685 2173 1718 t
2217 1667 2288 1737 μὴ
2337 1667 2680 1738 καυχήσηται
2729 1669 2879 1721 πᾶσα
2924 1667 3060 1739 σὰρξ
3115 1669 3345 1723 ἐνώπιον
3397 1671 3491 1724 τοῦ
3525 1671 3716 1724 Θεοῦοι

2149 1759 2243 1812 καὶ
2265 1759 2713 1812 ἀποκεκά).υπται
2743 1761 2979 1831 νηπίοις,
3001 1765 3114 1826 τοῖς
3144 1762 3280 1833 μετὰ
3308 1764 3407 1834 τὴν
3435 1763 3718 1836 νηπιότητα

456 1859 751 1914 niiestatnr
779 1867 832 1912 et
860 1856 1106 1926 proditur
1138 1855 1569 1924 uniuscujusque
1603 1855 1940 1925 propositum
1982 1863 2037 1908 et

2151 1851 2238 1904 ἐπὶ
2263 1851 2328 1904 τὰ
2360 1849 2640 1921 κρείττονα
2673 1851 2977 1922 ἐληλυθόσι,
3019 1854 3112 1906 καὶ
3157 1853 3529 1926 μεμνημένοις
3557 1855 3633 1907 ὃτι.
3664 1857 3718 1908 οὐ

454 1951 880 2022 perseverantia:
911 1947 1142 2002 firmitas
1178 1950 1476 2012 indicatur,
1516 1963 1621 2001 non
1658 1955 1766 2000 tam
1807 1945 1914 2000 Deo
1942 1946 2036 2015 qui

2151 1944 2296 2016 παρὰ
2348 1943 2444 2015 τὴν
2505 1945 2712 2020 ἑαυτῶν
2751 1945 2928 2000 αἰτίαν
2960 1947 3214 2000 τοσοῦτον
3261 1950 3386 2002 ὅσον
3439 1949 3586 2020 παρὰ
3633 1947 3718 2018 τὴν

455 2041 608 2096 novit
655 2039 835 2094 omnia
886 2049 1180 2108 antequam
1227 2038 1382 2104 fiant,
1411 2052 1575 2108 quam
1620 2033 2038 2090 rationabilibus

2151 2041 2382 2112 ἄρρητον
2413 2040 2734 2110 εὐεργεσίαν
2759 2039 2852 2092 ἐπὶ
2887 2040 3135 2114 πλεῖστον
3165 2041 3286 2096 ὅσον
3332 2042 3718 2116 μακαριότητος

456 2135 884 2201 cmlestibusqnc
919 2131 1232 2196 virtutibus,
1277 2147 1399 2201 quae
1445 2131 1634 2200 utique
1684 2129 2034 2198 procuratio-
2145 2131 2488 2201 ἐληλύθασιν.

455 2241 578 2280 nem
611 2223 803 2278 salutis
833 2223 1082 2275 humanae
1119 2222 1264 2275 velut
1308 2221 1556 2289 quaedam
1607 2219 1906 2288 adjutriees
1952 2219 2043 2273 Dei
2091 2220 2462 2289 niinistrieque
2514 2223 2724 2277 sortita:
2778 2233 2920 2278 sunt.
2967 2223 3030 2277 lli
3075 2239 3210 2279 vero
3255 2224 3344 2294 qui
3393 2226 3627 2280 nomium
3665 2242 3716 2280 se

458 2327 605 2372 tanta
635 2317 968 2381 constantia,
1001 2331 1177 2384 neque
1228 2323 1380 2368 tanto
1430 2311 1626 2366 ali‘ectn
1665 2311 1908 2366 eliciunt
1953 2311 2097 2376 Deo,
2146 2329 2321 2382 neque
2371 2317 2546 2384 parati
2604 2327 2730 2370 sunt
2782 2318 3105 2372 accedentes
3159 2319 3226 2374 ad
3272 2319 3592 2374 servitutem
3633 2318 3720 2373 Dei

451 2424 764 2477 prmparare
795 2409 1006 2463 animas
1032 2423 1158 2461 suas
1201 2407 1268 2460 ad
1323 2407 1702 2469 tentationem,
1735 2404 2042 2474 derelinqui
2075 2405 2332 2461 dicuntur
2363 2424 2394 2462 a
2427 2408 2556 2484 Deo,
2597 2410 2646 2463 id
2689 2419 2769 2464 est
2807 2426 2911 2466 non
2957 2411 3186 2474 erudiri,
3231 2427 3328 2480 pro
3369 2428 3438 2465 co
3489 2415 3623 2481 quod
3658 2415 3716 2466 ad

451 2505 806 2573 erudiendum
863 2504 1040 2573 parati
1100 2519 1208 2558 non
1267 2511 1434 2565 sunt,
1489 2500 1544 2554 iii
1621 2511 1900 2569 posterum
1965 2501 2083 2554 sine
2136 2499 2303 2554 dubio
2359 2510 2570 2570 tempus
2620 2517 2809 2556 eorum
2861 2503 3272 2571 dispensatione
3315 2506 3400 2559 vel
3451 2505 3716 2560 curatione

453 2589 640 2654 dilata.
689 2597 790 2666 Qui
834 2599 1021 2667 utique
1071 2597 1200 2666 quid
1269 2611 1298 2649 a
1351 2593 1466 2650 Deo
1520 2603 1938 2663 consequentur,
1993 2594 2270 2664 ignorant,
2322 2595 2423 2649 nisi
2471 2595 2623 2664 prius
2675 2595 2741 2649 ad
2794 2596 3040 2650 benclicii
3090 2597 3468 2666 consequendi
3519 2597 3716 2652 deside-

453 2700 591 2754 rium
644 2697 896 2753 venerint
939 2694 1054 2766 (50)
1099 2711 1113 2747 :
1154 2695 1300 2762 quod
1346 2693 1420 2745 ita
1474 2691 1692 2746 deruunt
1729 2691 1849 2754 lict,
1889 2692 1932 2744 si
1987 2691 2109 2760 quis
2147 2701 2276 2744 ante
2322 2692 2676 2760 semetipsum
2730 2703 3064 2762 cognoscat,
3109 2701 3162 2748 et
3212 2693 3414 2748 sentiat
3464 2693 3588 2763 quid
3624 2692 3715 2746 sibi

451 2797 622 2863 desit;
652 2805 706 2850 et
732 2794 876 2864 quod
907 2792 1011 2846 sibi
1051 2791 1223 2855 deest,
1251 2803 1280 2842 a
1310 2804 1418 2860 quo
1447 2802 1694 2858 quaerere
1727 2787 1812 2841 vel
1841 2787 2038 2841 debeat
2069 2785 2152 2840 vel
2186 2787 2378 2854 possit,
2406 2787 2692 2855 intelligat.
2729 2787 2828 2854 Qui
2865 2789 3011 2841 enim
3058 2803 3163 2844 non
3207 2789 3546 2844 intellexerit
3582 2787 3716 2853 prius

452 2891 822 2946 inﬁrmitatem
873 2887 957 2942 vel
1004 2884 1389 2956 mgritudinem
1449 2899 1641 2947 suam,
1693 2884 1962 2938 medicum
2029 2897 2274 2952 quaerere
2323 2883 2530 2949 nescit;
2584 2883 2666 2937 vel
2717 2891 2865 2939 certe
2912 2899 3036 2938 cum
3096 2886 3361 2956 receperit
3411 2885 3710 2948 sanitatem,

451 3001 557 3040 non
597 2985 702 3038 erit
741 2992 931 3054 gratus
967 2981 1202 3046 medico,
1260 2979 1352 3050 qui
1404 2996 1513 3034 non
1565 2981 1715 3048 prius
1750 2979 2049 3050 perieulum
2073 2979 2154 3033 sui
2197 2978 2476 3049 languoris
2507 2979 2751 3048 agnovit.
2785 2979 2860 3032 lta
2888 2989 2941 3034 et
2987 2981 3032 3036 si
3065 2981 3158 3050 qui
3202 2997 3306 3036 non
3337 2983 3498 3051 prius
3533 2985 3714 3040 animae

452 3097 564 3136 suae
603 3081 734 3136 vitia
781 3087 835 3134 et
882 3086 1234 3148 peccatorum
1284 3091 1512 3130 suorum
1563 3077 1882 3146 cognoverit
1917 3075 2095 3141 mala,
2145 3090 2211 3130 ac
2249 3076 2454 3145 proprii
2497 3076 2606 3130 oris
2655 3075 3000 3131 confessione
3040 3077 3360 3145 prodiderit,
3407 3080 3624 3150 purgari
3673 3079 3714 3132 is

452 3175 769 3245 absoivique
801 3187 908 3226 non
945 3170 1166 3240 poterit,
1198 3184 1266 3224 ne
1301 3169 1515 3238 ignoret
1544 3168 1644 3223 sibi
1687 3185 1781 3238 per
1801 3170 2028 3238 gratiam
2067 3183 2396 3224 concessum
2445 3169 2612 3223 fuisse
2661 3170 2805 3238 quod
2842 3170 3104 3239 possidet,
3145 3181 3200 3226 et
3245 3171 3492 3226 divinam
3535 3173 3712 3228 libera-

450 3271 660 3328 litatem
697 3265 976 3336 proprium
1010 3265 1209 3319 bonum
1243 3271 1430 3332 putet:
1467 3276 1586 3330 qua:
1617 3277 1701 3316 res
1739 3263 1859 3316 sine
1886 3263 2056 3317 dubio
2099 3263 2471 3330 arrogantiam
2528 3279 2722 3318 rttrsus
2768 3264 2966 3318 animae
3005 3263 3122 3335 (51)
3158 3276 3390 3336 generat
3441 3275 3498 3322 et
3541 3266 3714 3322 elatio-

448 3381 597 3429 nem,
633 3377 686 3418 et
731 3362 908 3418 denuo
949 3360 998 3415 ei
1043 3375 1206 3416 causa
1257 3359 1314 3411 lit
1365 3357 1556 3410 ruinae.
1587 3355 1740 3422 Quod
1772 3359 1938 3411 etiam
1969 3358 2036 3412 de
2069 3358 2285 3414 diabolo
2321 3359 2668 3414 sentiendum
2714 3369 2796 3413 est
2843 3361 2938 3428 qui
2991 3361 3262 3429 primatus
3303 3376 3434 3416 suos
3479 3363 3712 3432 proprios

449 3471 641 3515 etnon
691 3471 717 3508 ει
755 3453 864 3507 Deo
895 3454 1054 3507 datos
1097 3451 1253 3521 121
1291 3465 1412 3504 esse
1441 3450 1702 3513 credidit,
1743 3464 1881 3518 quos
1935 3449 2169 3504 habebat
2207 3462 2338 3504 tunc
2391 3465 2514 3503 cum
2571 3449 2954 3505 imtnauilatus
2987 3461 3141 3515 erat;
3195 3460 3248 3504 et
3292 3451 3512 3520 impleta
3551 3463 3627 3506 est
3663 3452 3710 3505 in

447 3566 515 3607 eo
549 3550 638 3603 illa
675 3547 942 3602 sententia
985 3561 1105 3614 quze
1154 3545 1307 3604 dicit,
1363 3543 1508 3612 quod
1565 3563 1584 3595 ι
1614 3543 1792 3597 omnis
1839 3542 1932 3612 qui
1977 3557 2036 3596 se
2081 3543 2308 3608 ettaltat,
2359 3543 2738 3599 humiliabitur
2771 3545 2840 3600 ⁵¹.
2886 3564 2904 3597 ι
2958 3544 3110 3600 Unde
3157 3545 3286 3600 mihi
3333 3547 3546 3602 videtur
3582 3547 3710 3614 quod

451 3645 584 3713 ideq
612 3640 886 3696 occultata
922 3641 1032 3692 sint
1063 3636 1511 3707 prudentioribus
1558 3645 1614 3690 et
1657 3636 2089 3704 sapientioribus
2127 3637 2308 3691 divina
2365 3640 2648 3709 inySTeria,
2691 3638 3151 3707 quemadmodum
3209 3640 3498 3711 Scriptura
3551 3643 3709 3708 dicit,

459 3759 477 3791 I
516 3739 593 3794 uti
631 3751 698 3792 ne
727 3734 990 3806 glorietur
1019 3734 1197 3788 omnis
1223 3747 1359 3788 caro
1391 3731 1444 3787 iu
1476 3740 1770 3802 conspectu
1799 3730 1890 3786 Dei
1924 3732 2005 3796 ⁵²;
2031 3749 2048 3782 ι
2090 3742 2142 3785 et
2186 3731 2426 3786 revelata
2467 3734 2575 3787 sint
2615 3732 2878 3802 parvulis,
2933 3733 3020 3788 his
3061 3734 3312 3790 videlicet
3361 3738 3456 3805 qui
3513 3750 3710 3807 posma-

1689 3850 2255 3906 INTERPBETATIO
2290 3850 2498 3910 NOVA.

447 3956 786 4012 Convertere
809 3961 1036 4022 prepter
1061 3963 1252 4022 servos
1292 3958 1438 4022 tuos,
1475 3959 1700 4022 prapter
1729 3951 1907 4022 tribus
1940 3949 2282 4022 haereditatis
2310 3960 2432 4014 tum,
2459 3959 2514 4003 ut
2542 3951 2870 4020 particulam
2907 3952 3186 4022 capiamus
3214 3952 3552 4008 htcreditatis
3573 3967 3708 4006 mou-

449 4028 520 4080 tis
551 4026 627 4079 tui
660 4019 856 4077 sancti.
888 4019 1014 4074 {Et
1045 4023 1110 4092 in
1135 4019 1373 4074 Ieremia
1403 4039 1416 4076 :
1453 4039 1471 4072 ι
1507 4019 1775 4089 Decepiin
1805 4033 1912 4084 me,
1960 4020 2209 4092 Domine,
2257 4029 2314 4074 ct
2363 4019 2621 4090 deceptus
2665 4039 2809 4087 sum,
2860 4019 3142 4076 obtiiiuisti
3197 4033 3254 4076 et
3305 4025 3655 4092 praevaluisti.
3685 4042 3702 4074 ι

449 4097 582 4150 Illud
609 4095 756 4148 enim
790 4116 802 4149 :
841 4112 859 4144 ι
887 4094 998 4145 Cur
1026 4091 1292 4144 indurasti
1329 4105 1424 4145 cor
1455 4100 1726 4155 nostrum,
1759 4101 1818 4162 ut
1845 4107 1956 4144 non
1998 4091 2316 4162 timeremus
2349 4106 2544 4145 nomen
2585 4093 2769 4146 tuum?
2817 4112 2836 4144 ι
2881 4094 3024 4161 quod
3077 4095 3146 4146 ab
3167 4094 3240 4146 iis
3269 4091 3470 4148 dicitur
3501 4095 3586 4162 qui
3613 4093 3707 4146 mi-

449 4167 806 4221 sericordiam
846 4164 1164 4230 implorant,
1204 4162 1430 4233 perinde
1463 4171 1548 4216 est
1576 4175 1638 4214 ac
1665 4162 1708 4214 si
1735 4161 1934 4233 dicant
1960 4179 1972 4212 :
1998 4158 2108 4214 Cur
2142 4160 2193 4212 in
2227 4170 2430 4214 tantum
2463 4163 2758 4232 pepercisti
2799 4158 2954 4218 nobis
2981 4178 3080 4218 nec
3114 4164 3352 4218 visitasti
3379 4180 3482 4219 nos
3509 4158 3563 4219 in
3589 4177 3704 4233 pec-

451 4239 613 4299 catis,
649 4236 742 4290 sed
776 4233 1067 4302 reliquisti,
1097 4233 1272 4303 donec
1308 4231 1374 4284 ad
1401 4247 1674 4303 summum
1713 4231 1910 4303 delicta
1953 4241 2146 4283 nostra
2181 4231 2598 4303 pervenissent“?
2633 4233 2916 4303 Relinquit
2945 4244 3127 4288 autem
3163 4235 3380 4303 impune
3407 4231 3704 4302 plerosque,

449 4319 506 4362 ιιι
545 4305 886 4376 singulorum
902 4301 1094 4356 mores
1115 4316 1181 4355 ex
1215 4301 1384 4376 libera
1411 4302 1696 4376 voluntate
1721 4302 2103 4376 exquirautur,
2138 4312 2191 4354 et
2226 4302 2479 4376 meliores
2527 4319 2592 4358 ex
2635 4306 2725 4358 illo
2767 4301 3016 4376 criamiue
3055 4301 3327 4359 l‘ttaltifésli
3375 4301 3542 4370 ﬁant;
3589 4305 3706 4359 reli-

453 4379 546 4447 qui
581 4372 712 4431 νεῖ-ο
737 4375 830 4444 qui
863 4377 970 4447 Deo
997 4387 1108 4447 non
1141 4377 1310 4447 latent
1341 4372 1782 4447 (omniaqnippe
1815 4372 1970 4424 novit
2003 4381 2298 4447 antequam
2329 4373 2506 4444 ﬁant),
2537 4377 2632 4447 sed
2661 4374 2974 4430 rationabili
3019 4385 3291 4430 creaturae
3313 4377 3526 4445 sibique
3567 4375 3702 4447 ipsis,

447 4441 638 4518 postea
667 4441 810 4518 viain
845 4441 1520 4518 salutis__inveniant;__qui
1553 4442 1880 4518 benelicium
1915 4455 2020 4518 non
2049 4441 2472 4518 agnovissent,
2495 4445 2599 4518 nisi
2642 4447 2854 4518 seipsos
2879 4447 3375 4518 condemnassent;
3413 4441 3556 4515 quod
3585 4441 3696 4515 qui-

447 4511 570 4573 ilem
603 4517 898 4588 unicuique
926 4515 1164 4578 confert,
1191 4521 1248 4588 ut
1275 4514 1646 4588 conditionem
1675 4523 1915 4588 suamet
1969 4511 2060 4564 Dei
2097 4512 2332 4588 gratiam
2375 4516 2600 4570 sentiat.
2635 4511 2741 4582 Qui
2785 4532 2916 4570 vero
2946 4518 3222 4586 pmpriam
3261 4511 3700 4588 imbecillitatem,

447 4599 504 4644 et
530 4589 624 4644 Dei
658 4583 892 4658 gratiam
923 4601 1030 4639 non
1071 4585 1262 4658 sentit,
1290 4584 1391 4637 etsi
1433 4583 1744 4658 adjuvetur,
1785 4583 1888 4658 nisi
1938 4597 2159 4658 suarum
2215 4585 2882 4654 viriumexperimentum
2931 4583 3164 4654 ceperit,
3213 4595 3269 4639 et
3306 4589 3542 4655 scipsum
3583 4583 3704 4640 con-

448 4652 748 4724 demnarit,
779 4672 936 4712 suum
967 4669 1093 4710 esse
1123 4655 1341 4709 facinus
1369 4655 1706 4708 existimabit
1740 4655 1882 4726 quod
1919 4654 1967 4726 ei
1995 4652 2474 4726 -diviuoutnnnere
2520 4652 2844 4712 concessum
2881 4652 3012 4710 est.‘
3037 4657 3166 4723 Qua:
3197 4652 3576 4726 opinio-animi
3602 4657 3703 4710 cla-

449 4731 648 4783 tionem
680 4721 910 4799 generat
937 4736 993 4780 ct
1023 4743 1186 4782 causa
1219 4727 1282 4799 lit
1313 4725 1484 4778 ruina:
1511 4726 1696 4799 _:_quod
1730 4721 1786 4777 et
1809 4721 2044 4799 diabolo
2070 4723 2344 4799 accidisse
2371 4737 2626 4794 putamus
2656 4730 2748 4796 qui
2773 4721 3152 4799 exreiientiam
3182 4721 3328 4781 illam
3359 4743 3522 4796 quam
3551 4727 3702 4782 habe-

451 4802 541 4854 bat
567 4794 841 4854 tunécum
867 4807 986 4852 erat
1023 4795 1434 4861 intinaculatus,
1475 4797 1582 4849 sibi
1607 4795 1918 4862 arrogabat.
1953 4811 1970 4843 ι
2000 4794 2192 4846 Omnis
2217 4797 2360 4850 enim
2386 4799 2478 4866 qui
2522 4813 2582 4853 se
2606 4794 2831 4864 exultat,
2858 4798 3256 4865 humiliabitur,
3299 4811 3354 4854 et
3381 4794 3491 4868 qui
3528 4815 3585 4854 se
3617 4799 3706 4850 hu—-

518 4977 561 5008 ⁸⁸
595 4976 762 5030 Hebr.
795 4991 888 5038 XII,
917 4975 970 5028 6.
1046 4975 1092 5006 ⁸ο
1123 4975 1282 5030 Rom.
1318 4992 1434 5040 vui,
1473 4975 1563 5028 35.
1647 4976 1690 5006 ⁵¹
1730 4973 1861 5028 Luc.
1901 4991 2034 5030 xm!

2151 5007 2176 5032 ι.
2247 4979 2340 5034 ³²³Ῑ
2363 4979 2488 5036 Cor.
2519 4997 2559 5049 ι,
2591 4981 2683 5038 29.

417 5139 428 5166 ³
489 5161 633 5242 ,(48)
657 5160 816 5242 ιιίηδι).
843 5159 998 5241 editi,
1024 5179 1052 5242 _.
1074 5161 1306 5242 sessoris
1323 5163 1541 5242 .patitut'
1571 5162 1803 5242 calcem,
1835 5170 1888 5216 et
1917 5161 2022 5242 fre-

2151 5167 2350 5236 juenda
2383 5182 2487 5242 per
2505 5167 2832 5242 desiderium
2863 5166 3132 5242 venerint.
3158 5184 3176 5218 ι
3207 5163 3348 5242 Infra
3401 5165 3533 5220 libb.
3560 5161 3696 5242 editi,
3723 5211 3728 5228 ,

448 5232 538 5289 nis
567 5247 663 5287 ora
710 5232 938 5307 ferratis
985 5233 1276 5307 obteritur,
1323 5232 1638 5307 indurescit.
1673 5233 1763 5307 Sic
1797 5235 2021 5301 pucrili-
2137 5232 2165 5289 ι’
2189 5254 2294 5292 non
2349 5232 2522 5307 egerit
2574 5241 2779 5306 gratias
2839 5239 3070 5299 medico,
3119 5237 3370 5304 quoniam
3423 5251 3527 5290 non
3563 5236 3696 5303 prius

451 5311 595 5370 tas,»
630 5312 737 5357 etc.
779 5301 946 5354 Paulo
985 5313 1108 5370 post
1155 5303 1314 5356 iidem
1361 5301 1496 5356 libb.
1554 5304 1712 5369 editi,
1763 5319 1868 5356 «ex
1919 5317 2027 5370 quo

449 5374 828 5428 arbitrandum
853 5384 934 5426 est
965 5374 1200 5426 liliorum
1232 5382 1287 5426 et
1313 5373 1366 5425 in
1392 5373 1659 5429 ordinem.
1687 5393 1706 5425 ι
1742 5373 1847 5428 Sed
1875 5383 2028 5429 utro-

450 5446 612 5513 bique
638 5460 766 5498 mss.
794 5455 850 5495 ut
878 5443 928 5496 in
961 5454 1148 5496 nostro
1176 5454 1349 5496 textu.

519 5517 632 5584 (49)
671 5516 754 5567 An
786 5513 972 5584 fames.
1012 5515 1170 5567 Deest
1205 5515 1257 5567 in
1297 5523 1454 5568 artea
1503 5513 1691 5576 editis,
1723 5515 1819 5568 sed
1859 5515 2027 5568 habe-

449 5581 538 5639 tur
573 5581 624 5652 in
660 5600 788 5638 mss.
820 5581 964 5638 lnl'ra
1013 5599 1167 5651 mss.,
1204 5602 1222 5635 ι
1245 5600 1406 5654 quam
1459 5585 1870 5639 rationabiiibus
1916 5602 2030 5640 Cte-

446 5657 786 5781 Lestihusque
833 5655 1190 5708 virtutibus.»
1243 5657 1300 5709 Ιιι
1347 5655 1509 5710 editis
1557 5656 1710 5710 deest
1744 5656 2027 5711 (C(BiCSli-

489 5743 720 5781 llStllle.l

489 5743 675 5794 usque.
701 5747 720 5779 ι

519 5799 632 5870 ιὸυ)
673 5796 750 5852 lla
790 5811 924 5853 nuis.
973 5795 1130 5852 Libb.
1177 5795 1334 5864 editi,
1375 5796 1485 5852 (ad
1522 5795 1786 5854 beneﬁcia
1833 5813 2025 5854 conse-

2131 5309 2432 5376 pcriculum
2455 5311 2534 5362 sui
2564 5307 2842 5377 languoris
2868 5308 3140 5375 cognovit.
3167 5325 3184 5358 ι
3211 5307 3340 5362 Mss.
3363 5307 3419 5360 tt't
3447 5309 3498 5361 in
3525 5315 3694 5360 nostro

2133 5391 2303 5434 textu.

2203 5450 2316 5520 (51)
2359 5448 2435 5502 lta
2489 5462 2619 5501 mss.
2673 5447 2727 5501 ln
2773 5447 2935 5503 editis
2965 5448 3133 5520 deest
3187 5462 3419 5502 «rursus
3459 5448 3688 5520 anitum

2133 5518 2304 5573 Paulo
2355 5528 2476 5588 post
2519 5533 2678 5586 mss.,
2717 5519 2848 5588 «qui
2891 5519 3161 5586 primatus
3212 5534 3340 5572 suos
3385 5519 3685 5587 pmpriosJ

2131 5589 2290 5643 Lihb.
2329 5591 2483 5656 editi,
2522 5607 2541 5640 ι
2564 5591 2653 5657 qui
2684 5590 2936 5658 primitus
2969 5591 3208 5644 honores
3241 5604 3371 5645 suos
3404 5588 3685 5658 preprios.i

2133 5661 2276 5714 lul'ra
2311 5675 2442 5726 mss,
2483 5677 2501 5710 ι
2526 5661 2891 5717 meminerth
2917 5661 3126 5732 utique.
3155 5679 3174 5713 ι
3206 5659 3362 5716 Libb.
3389 5660 3536 5726 editi,
3564 5667 3690 5710 tute-

2135 5732 2392 5787 Iniuerint
2426 5733 2632 5800 utique.
2653 5750 2674 5782 ι
3410 5771 3412 5773 .
