  <div class='ocr_page' id='page_1' title='image "/cluster/home/n/w/nwhite01/storage/ocr_20150623/11/hvd.32044024345175/143.png"; bbox 0 0 3988 6418; ppageno 0'>
   <div class='ocr_carea' id='block_1_1' title="bbox 572 435 679 491">
    <p class='ocr_par' dir='ltr' id='par_1_1' title="bbox 572 435 679 491">
     <span class='ocr_line' id='line_1_1' title="bbox 572 435 679 491; baseline 0 0"><span class='ocrx_word' id='word_1_1' title='bbox 572 435 679 491; x_wconf 74' lang='lat'><strong>275</strong></span> 
     </span>
    </p>
   </div>
   <div class='ocr_carea' id='block_1_2' title="bbox 1777 397 2563 498">
    <p class='ocr_par' dir='ltr' id='par_1_2' title="bbox 1777 397 2563 498">
     <span class='ocr_line' id='line_1_2' title="bbox 1777 397 2563 498; baseline -0.001 -3"><span class='ocrx_word' id='word_1_2' title='bbox 1777 397 2097 496; x_wconf 70' lang='lat' dir='ltr'><strong>ontGENts</strong></span> <span class='ocrx_word' id='word_1_3' title='bbox 2133 441 2292 494; x_wconf 74' lang='grc' dir='ltr'><strong>ΠΕΡι</strong></span> <span class='ocrx_word' id='word_1_4' title='bbox 2332 441 2563 498; x_wconf 77' lang='lat' dir='ltr'><strong>APXON</strong></span> 
     </span>
    </p>
   </div>
   <div class='ocr_carea' id='block_1_3' title="bbox 3734 444 3834 499">
    <p class='ocr_par' dir='ltr' id='par_1_3' title="bbox 3734 444 3834 499">
     <span class='ocr_line' id='line_1_3' title="bbox 3734 444 3834 499; baseline 0 0"><span class='ocrx_word' id='word_1_5' title='bbox 3734 444 3834 499; x_wconf 77' lang='lat'><strong>9.70</strong></span> 
     </span>
    </p>
   </div>
   <div class='ocr_carea' id='block_1_4' title="bbox 576 547 3834 621">
    <p class='ocr_par' dir='ltr' id='par_1_4' title="bbox 576 547 3834 621">
     <span class='ocr_line' id='line_1_4' title="bbox 576 547 3834 621; baseline 0.002 -20"><span class='ocrx_word' id='word_1_6' title='bbox 576 547 864 620; x_wconf 78' lang='lat' dir='ltr'><strong>imaginem</strong></span> <span class='ocrx_word' id='word_1_7' title='bbox 890 566 1041 606; x_wconf 90' lang='lat' dir='ltr'><strong>suam</strong></span> <span class='ocrx_word' id='word_1_8' title='bbox 1070 565 1134 607; x_wconf 82' lang='lat' dir='ltr'><strong>ac</strong></span> <span class='ocrx_word' id='word_1_9' title='bbox 1176 550 1586 609; x_wconf 77' lang='lat' dir='ltr'><strong>similitudinem</strong></span> <span class='ocrx_word' id='word_1_10' title='bbox 1615 552 1892 618; x_wconf 74' lang='lat' dir='ltr'><strong>condidit;</strong></span> <span class='ocrx_word' id='word_1_11' title='bbox 1924 563 1977 607; x_wconf 92' lang='lat' dir='ltr'><strong>et</strong></span> <span class='ocrx_word' id='word_1_12' title='bbox 2024 553 2145 607; x_wconf 90' lang='lat' dir='ltr'><strong>ideo</strong></span> <span class='ocrx_word' id='word_1_13' title='bbox 2179 563 2285 607; x_wconf 85' lang='lat' dir='ltr'><strong>mon</strong></span> <span class='ocrx_word' id='word_1_14' title='bbox 2329 549 2637 606; x_wconf 77' lang='lat' dir='ltr'><strong>excluditur</strong></span> <span class='ocrx_word' id='word_1_15' title='bbox 2667 551 2935 607; x_wconf 92' lang='lat' dir='ltr'><strong>brevitate</strong></span> <span class='ocrx_word' id='word_1_16' title='bbox 2972 552 3230 621; x_wconf 89' lang='lat' dir='ltr'><strong>temporis</strong></span> <span class='ocrx_word' id='word_1_17' title='bbox 3278 551 3437 621; x_wconf 92' lang='lat' dir='ltr'><strong>hujus</strong></span> <span class='ocrx_word' id='word_1_18' title='bbox 3464 551 3592 607; x_wconf 67' lang='lat' dir='ltr'><strong>vitae</strong></span> <span class='ocrx_word' id='word_1_19' title='bbox 3639 562 3834 609; x_wconf 59' lang='lat' dir='ltr'><strong>nostra</strong></span> 
     </span>
    </p>
   </div>
   <div class='ocr_carea' id='block_1_5' title="bbox 574 646 2206 718">
    <p class='ocr_par' dir='ltr' id='par_1_5' title="bbox 574 646 2206 718">
     <span class='ocr_line' id='line_1_5' title="bbox 574 646 2206 718; baseline 0.002 -21"><span class='ocrx_word' id='word_1_20' title='bbox 574 659 604 697; x_wconf 83' lang='lat' dir='ltr'><strong>a</strong></span> <span class='ocrx_word' id='word_1_21' title='bbox 636 646 786 701; x_wconf 85' lang='lat' dir='ltr'><strong>curis</strong></span> <span class='ocrx_word' id='word_1_22' title='bbox 814 656 870 701; x_wconf 89' lang='lat' dir='ltr'><strong>et</strong></span> <span class='ocrx_word' id='word_1_23' title='bbox 896 646 1147 701; x_wconf 82' lang='lat' dir='ltr'><strong>remediis</strong></span> <span class='ocrx_word' id='word_1_24' title='bbox 1182 646 1380 703; x_wconf 76' lang='lat' dir='ltr'><strong>divinis</strong></span> <span class='ocrx_word' id='word_1_25' title='bbox 1406 648 1587 703; x_wconf 90' lang='lat' dir='ltr'><strong>anima</strong></span> <span class='ocrx_word' id='word_1_26' title='bbox 1614 664 1734 718; x_wconf 86' lang='lat' dir='ltr'><strong>quae</strong></span> <span class='ocrx_word' id='word_1_27' title='bbox 1757 647 2077 703; x_wconf 85' lang='lat' dir='ltr'><strong>immortalis</strong></span> <span class='ocrx_word' id='word_1_28' title='bbox 2102 656 2206 702; x_wconf 88' lang='lat' dir='ltr'><strong>est.</strong></span> 
     </span>
    </p>
   </div>
   <div class='ocr_carea' id='block_1_6' title="bbox 647 737 2151 814">
    <p class='ocr_par' dir='ltr' id='par_1_6' title="bbox 647 737 2151 814">
     <span class='ocr_line' id='line_1_6' title="bbox 647 737 2151 814; baseline 0.001 -23"><span class='ocrx_word' id='word_1_29' title='bbox 647 737 737 791; x_wconf 78' lang='lat' dir='ltr'><strong>M.</strong></span> <span class='ocrx_word' id='word_1_30' title='bbox 780 737 886 792; x_wconf 88' lang='lat' dir='ltr'><strong>Sed</strong></span> <span class='ocrx_word' id='word_1_31' title='bbox 919 752 1261 793; x_wconf 84' lang='lat' dir='ltr'><strong>assumamus</strong></span> <span class='ocrx_word' id='word_1_32' title='bbox 1291 740 1459 795; x_wconf 90' lang='lat' dir='ltr'><strong>etiam</strong></span> <span class='ocrx_word' id='word_1_33' title='bbox 1507 741 1575 797; x_wconf 90' lang='lat' dir='ltr'><strong>de</strong></span> <span class='ocrx_word' id='word_1_34' title='bbox 1617 741 1927 814; x_wconf 85' lang='lat' dir='ltr'><strong>Evangeliis</strong></span> <span class='ocrx_word' id='word_1_35' title='bbox 1957 742 2151 798; x_wconf 90' lang='lat' dir='ltr'><strong>horum</strong></span> 
     </span>
    </p>
   </div>
   <div class='ocr_carea' id='block_1_7' title="bbox 2254 737 3837 814">
    <p class='ocr_par' dir='ltr' id='par_1_7' title="bbox 2326 740 3837 813">
     <span class='ocr_line' id='line_1_7' title="bbox 2326 740 3837 813; baseline 0 -18"><span class='ocrx_word' id='word_1_36' title='bbox 2326 742 2459 813; x_wconf 79' lang='grc' dir='ltr'>Φέρε</span> <span class='ocrx_word' id='word_1_37' title='bbox 2500 741 2556 795; x_wconf 83' lang='grc' dir='ltr'><strong>δέ</strong></span> <span class='ocrx_word' id='word_1_38' title='bbox 2603 742 2697 795; x_wconf 80' lang='grc' dir='ltr'><strong>καὶ</strong></span> <span class='ocrx_word' id='word_1_39' title='bbox 2744 741 2961 813; x_wconf 77' lang='grc' dir='ltr'>τοιαύτη</span> <span class='ocrx_word' id='word_1_40' title='bbox 3002 744 3165 797; x_wconf 74' lang='grc' dir='ltr'>εἰκόνι</span> <span class='ocrx_word' id='word_1_41' title='bbox 3210 742 3321 795; x_wconf 72' lang='grc' dir='ltr'>ἀπὸ</span> <span class='ocrx_word' id='word_1_42' title='bbox 3363 741 3455 795; x_wconf 79' lang='grc' dir='ltr'>τοῦ</span> <span class='ocrx_word' id='word_1_43' title='bbox 3500 740 3837 810; x_wconf 83' lang='grc' dir='ltr'>Εὐαγγελίου</span> 
     </span>
    </p>
   </div>
   <div class='ocr_carea' id='block_1_8' title="bbox 575 828 2155 904">
    <p class='ocr_par' dir='ltr' id='par_1_8' title="bbox 575 828 2155 904">
     <span class='ocr_line' id='line_1_8' title="bbox 575 828 2155 904; baseline 0.006 -25"><span class='ocrx_word' id='word_1_44' title='bbox 575 842 696 893; x_wconf 74' lang='lat' dir='ltr'><strong>qua:</strong></span> <span class='ocrx_word' id='word_1_45' title='bbox 718 828 955 884; x_wconf 79' lang='lat' dir='ltr'><strong>diximus</strong></span> <span class='ocrx_word' id='word_1_46' title='bbox 976 828 1385 899; x_wconf 82' lang='lat' dir='ltr'><strong>similitudines,</strong></span> <span class='ocrx_word' id='word_1_47' title='bbox 1419 833 1510 887; x_wconf 84' lang='lat' dir='ltr'><strong>tibi</strong></span> <span class='ocrx_word' id='word_1_48' title='bbox 1530 834 1764 889; x_wconf 89' lang='lat' dir='ltr'><strong>refertur</strong></span> <span class='ocrx_word' id='word_1_49' title='bbox 1785 835 1831 867; x_wconf 84' lang='grc'><strong>⁸³</strong></span> <span class='ocrx_word' id='word_1_50' title='bbox 1864 849 1984 891; x_wconf 87' lang='lat' dir='ltr'><strong>esse</strong></span> <span class='ocrx_word' id='word_1_51' title='bbox 2013 850 2155 904; x_wconf 80' lang='lat' dir='ltr'><strong>quae-</strong></span> 
     </span>
    </p>
   </div>
   <div class='ocr_carea' id='block_1_9' title="bbox 576 918 2153 996">
    <p class='ocr_par' dir='ltr' id='par_1_9' title="bbox 576 918 2153 996">
     <span class='ocr_line' id='line_1_9' title="bbox 576 918 2153 996; baseline 0.004 -23"><span class='ocrx_word' id='word_1_52' title='bbox 576 918 700 974; x_wconf 89' lang='lat' dir='ltr'><strong>dam</strong></span> <span class='ocrx_word' id='word_1_53' title='bbox 729 928 880 989; x_wconf 83' lang='lat' dir='ltr'><strong>petra</strong></span> <span class='ocrx_word' id='word_1_54' title='bbox 933 921 1141 977; x_wconf 87' lang='lat' dir='ltr'><strong>habens</strong></span> <span class='ocrx_word' id='word_1_55' title='bbox 1183 938 1406 992; x_wconf 84' lang='lat' dir='ltr'><strong>parvam</strong></span> <span class='ocrx_word' id='word_1_56' title='bbox 1452 934 1504 982; x_wconf 91' lang='lat' dir='ltr'><strong>et</strong></span> <span class='ocrx_word' id='word_1_57' title='bbox 1551 927 1803 996; x_wconf 76' lang='lat' dir='ltr'><strong>exiguam</strong></span> <span class='ocrx_word' id='word_1_58' title='bbox 1839 935 2062 991; x_wconf 87' lang='lat' dir='ltr'><strong>terram,</strong></span> <span class='ocrx_word' id='word_1_59' title='bbox 2102 926 2153 980; x_wconf 92' lang='lat' dir='ltr'><strong>in</strong></span> 
     </span>
    </p>
   </div>
   <div class='ocr_carea' id='block_1_10' title="bbox 575 1011 2154 1083">
    <p class='ocr_par' dir='ltr' id='par_1_10' title="bbox 575 1011 2154 1083">
     <span class='ocr_line' id='line_1_10' title="bbox 575 1011 2154 1083; baseline 0.006 -21"><span class='ocrx_word' id='word_1_60' title='bbox 575 1025 736 1079; x_wconf 81' lang='lat' dir='ltr'><strong>quam</strong></span> <span class='ocrx_word' id='word_1_61' title='bbox 768 1011 815 1066; x_wconf 89' lang='lat' dir='ltr'><strong>si</strong></span> <span class='ocrx_word' id='word_1_62' title='bbox 847 1012 1110 1069; x_wconf 86' lang='lat' dir='ltr'><strong>ceciderit</strong></span> <span class='ocrx_word' id='word_1_63' title='bbox 1157 1031 1367 1083; x_wconf 84' lang='lat' dir='ltr'><strong>semen,</strong></span> <span class='ocrx_word' id='word_1_64' title='bbox 1416 1017 1525 1073; x_wconf 90' lang='lat' dir='ltr'><strong>cito</strong></span> <span class='ocrx_word' id='word_1_65' title='bbox 1560 1028 1895 1074; x_wconf 87' lang='lat' dir='ltr'><strong>memoratur</strong></span> <span class='ocrx_word' id='word_1_66' title='bbox 1930 1018 2154 1083; x_wconf 82' lang='lat' dir='ltr'><strong>exoriri,</strong></span> 
     </span>
    </p>
   </div>
   <div class='ocr_carea' id='block_1_11' title="bbox 572 1101 2157 1178">
    <p class='ocr_par' dir='ltr' id='par_1_11' title="bbox 572 1101 2157 1178">
     <span class='ocr_line' id='line_1_11' title="bbox 572 1101 2157 1178; baseline 0.006 -21"><span class='ocrx_word' id='word_1_67' title='bbox 572 1101 666 1157; x_wconf 83' lang='lat' dir='ltr'><strong>sed</strong></span> <span class='ocrx_word' id='word_1_68' title='bbox 701 1118 823 1157; x_wconf 89' lang='lat' dir='ltr'><strong>cum</strong></span> <span class='ocrx_word' id='word_1_69' title='bbox 847 1114 1096 1160; x_wconf 77' lang='lat' dir='ltr'><strong>exortum</strong></span> <span class='ocrx_word' id='word_1_70' title='bbox 1127 1107 1315 1173; x_wconf 87' lang='lat' dir='ltr'><strong>fuerit,</strong></span> <span class='ocrx_word' id='word_1_71' title='bbox 1354 1110 1612 1178; x_wconf 90' lang='lat' dir='ltr'><strong>quoniam</strong></span> <span class='ocrx_word' id='word_1_72' title='bbox 1659 1111 1894 1166; x_wconf 89' lang='lat' dir='ltr'><strong>radicem</strong></span> <span class='ocrx_word' id='word_1_73' title='bbox 1924 1126 2028 1164; x_wconf 92' lang='lat' dir='ltr'><strong>non</strong></span> <span class='ocrx_word' id='word_1_74' title='bbox 2061 1110 2157 1166; x_wconf 90' lang='lat' dir='ltr'><strong>de-</strong></span> 
     </span>
    </p>
   </div>
   <div class='ocr_carea' id='block_1_12' title="bbox 572 1194 2149 1274">
    <p class='ocr_par' dir='ltr' id='par_1_12' title="bbox 572 1194 2149 1274">
     <span class='ocr_line' id='line_1_12' title="bbox 572 1194 2149 1274; baseline 0.007 -27"><span class='ocrx_word' id='word_1_75' title='bbox 572 1194 652 1249; x_wconf 91' lang='lat' dir='ltr'><strong>dit</strong></span> <span class='ocrx_word' id='word_1_76' title='bbox 681 1196 732 1252; x_wconf 94' lang='lat' dir='ltr'><strong>in</strong></span> <span class='ocrx_word' id='word_1_77' title='bbox 760 1198 1111 1266; x_wconf 89' lang='lat' dir='ltr'><strong>profundum,</strong></span> <span class='ocrx_word' id='word_1_78' title='bbox 1143 1201 1468 1258; x_wconf 88' lang='lat' dir='ltr'><strong>ascendente</strong></span> <span class='ocrx_word' id='word_1_79' title='bbox 1492 1203 1609 1260; x_wconf 82' lang='lat' dir='ltr'><strong>sole</strong></span> <span class='ocrx_word' id='word_1_80' title='bbox 1637 1212 1870 1259; x_wconf 86' lang='lat' dir='ltr'><strong>aestuare</strong></span> <span class='ocrx_word' id='word_1_81' title='bbox 1904 1203 2022 1274; x_wconf 83' lang='lat'><strong>(57)</strong></span> <span class='ocrx_word' id='word_1_82' title='bbox 2060 1203 2149 1258; x_wconf 86' lang='lat' dir='ltr'><strong>di-</strong></span> 
     </span>
    </p>
   </div>
   <div class='ocr_carea' id='block_1_13' title="bbox 571 1288 2157 1364">
    <p class='ocr_par' dir='ltr' id='par_1_13' title="bbox 571 1288 2157 1364">
     <span class='ocr_line' id='line_1_13' title="bbox 571 1288 2157 1364; baseline 0.004 -21"><span class='ocrx_word' id='word_1_83' title='bbox 571 1288 717 1343; x_wconf 90' lang='lat' dir='ltr'><strong>citur</strong></span> <span class='ocrx_word' id='word_1_84' title='bbox 743 1300 796 1348; x_wconf 91' lang='lat' dir='ltr'><strong>et</strong></span> <span class='ocrx_word' id='word_1_85' title='bbox 821 1305 1071 1347; x_wconf 84' lang='lat' dir='ltr'><strong>arescere</strong></span> <span class='ocrx_word' id='word_1_86' title='bbox 1102 1294 1248 1363; x_wconf 86' lang='lat' dir='ltr'><strong>quod</strong></span> <span class='ocrx_word' id='word_1_87' title='bbox 1273 1303 1524 1348; x_wconf 81' lang='lat' dir='ltr'><strong>exortum</strong></span> <span class='ocrx_word' id='word_1_88' title='bbox 1551 1302 1654 1350; x_wconf 88' lang='lat' dir='ltr'><strong>est.</strong></span> <span class='ocrx_word' id='word_1_89' title='bbox 1691 1294 1820 1362; x_wconf 69' lang='lat' dir='ltr'><strong>Qua:</strong></span> <span class='ocrx_word' id='word_1_90' title='bbox 1853 1296 2036 1364; x_wconf 88' lang='lat' dir='ltr'><strong>utique</strong></span> <span class='ocrx_word' id='word_1_91' title='bbox 2058 1310 2157 1364; x_wconf 91' lang='lat' dir='ltr'><strong>pe-</strong></span> 
     </span>
    </p>
   </div>
   <div class='ocr_carea' id='block_1_14' title="bbox 577 1382 2150 1457">
    <p class='ocr_par' dir='ltr' id='par_1_14' title="bbox 577 1382 2150 1457">
     <span class='ocr_line' id='line_1_14' title="bbox 577 1382 2150 1457; baseline 0.004 -23"><span class='ocrx_word' id='word_1_92' title='bbox 577 1391 659 1435; x_wconf 88' lang='lat' dir='ltr'><strong>tra</strong></span> <span class='ocrx_word' id='word_1_93' title='bbox 693 1382 812 1438; x_wconf 82' lang='lat' dir='ltr'><strong>sine</strong></span> <span class='ocrx_word' id='word_1_94' title='bbox 838 1383 1006 1439; x_wconf 93' lang='lat' dir='ltr'><strong>dubio</strong></span> <span class='ocrx_word' id='word_1_95' title='bbox 1033 1398 1134 1454; x_wconf 93' lang='lat' dir='ltr'><strong>pro</strong></span> <span class='ocrx_word' id='word_1_96' title='bbox 1158 1386 1342 1441; x_wconf 87' lang='lat' dir='ltr'><strong>anima</strong></span> <span class='ocrx_word' id='word_1_97' title='bbox 1372 1387 1545 1457; x_wconf 90' lang='lat' dir='ltr'><strong>posita</strong></span> <span class='ocrx_word' id='word_1_98' title='bbox 1576 1397 1659 1442; x_wconf 90' lang='lat' dir='ltr'><strong>est</strong></span> <span class='ocrx_word' id='word_1_99' title='bbox 1684 1388 1915 1441; x_wconf 90' lang='lat' dir='ltr'><strong>humana</strong></span> <span class='ocrx_word' id='word_1_100' title='bbox 1947 1402 2045 1457; x_wconf 89' lang='lat' dir='ltr'><strong>pro</strong></span> <span class='ocrx_word' id='word_1_101' title='bbox 2070 1388 2150 1442; x_wconf 89' lang='lat' dir='ltr'><strong>sui</strong></span> 
     </span>
    </p>
   </div>
   <div class='ocr_carea' id='block_1_15' title="bbox 572 1472 2153 1548">
    <p class='ocr_par' dir='ltr' id='par_1_15' title="bbox 572 1472 2153 1548">
     <span class='ocr_line' id='line_1_15' title="bbox 572 1472 2153 1548; baseline 0.006 -23"><span class='ocrx_word' id='word_1_102' title='bbox 572 1472 904 1543; x_wconf 74' lang='lat' dir='ltr'><strong>negligentia</strong></span> <span class='ocrx_word' id='word_1_103' title='bbox 960 1476 1235 1539; x_wconf 89' lang='lat' dir='ltr'><strong>indurata,</strong></span> <span class='ocrx_word' id='word_1_104' title='bbox 1289 1485 1344 1531; x_wconf 89' lang='lat' dir='ltr'><strong>et</strong></span> <span class='ocrx_word' id='word_1_105' title='bbox 1397 1485 1619 1548; x_wconf 86' lang='lat' dir='ltr'><strong>propter</strong></span> <span class='ocrx_word' id='word_1_106' title='bbox 1667 1477 1932 1532; x_wconf 87' lang='lat' dir='ltr'><strong>malitiam</strong></span> <span class='ocrx_word' id='word_1_107' title='bbox 1986 1494 2153 1534; x_wconf 75' lang='lat' dir='ltr'><strong>saxea</strong></span> 
     </span>
    </p>
   </div>
   <div class='ocr_carea' id='block_1_16' title="bbox 572 1563 2152 1641">
    <p class='ocr_par' dir='ltr' id='par_1_16' title="bbox 572 1563 2152 1641">
     <span class='ocr_line' id='line_1_16' title="bbox 572 1563 2152 1641; baseline 0.004 -22"><span class='ocrx_word' id='word_1_108' title='bbox 572 1563 783 1621; x_wconf 72' lang='lat' dir='ltr'><strong>effecta.</strong></span> <span class='ocrx_word' id='word_1_109' title='bbox 830 1566 971 1622; x_wconf 83' lang='lat' dir='ltr'><strong>Nulli</strong></span> <span class='ocrx_word' id='word_1_110' title='bbox 1019 1569 1165 1624; x_wconf 89' lang='lat' dir='ltr'><strong>enim</strong></span> <span class='ocrx_word' id='word_1_111' title='bbox 1210 1584 1237 1622; x_wconf 92' lang='lat' dir='ltr'><strong>a</strong></span> <span class='ocrx_word' id='word_1_112' title='bbox 1293 1568 1405 1625; x_wconf 90' lang='lat' dir='ltr'><strong>Deo</strong></span> <span class='ocrx_word' id='word_1_113' title='bbox 1446 1585 1541 1625; x_wconf 87' lang='lat' dir='ltr'><strong>cor</strong></span> <span class='ocrx_word' id='word_1_114' title='bbox 1589 1571 1858 1641; x_wconf 90' lang='lat' dir='ltr'><strong>lapideum</strong></span> <span class='ocrx_word' id='word_1_115' title='bbox 1910 1582 2152 1627; x_wconf 90' lang='lat' dir='ltr'><strong>creatum</strong></span> 
     </span>
    </p>
   </div>
   <div class='ocr_carea' id='block_1_17' title="bbox 572 1658 2153 1731">
    <p class='ocr_par' dir='ltr' id='par_1_17' title="bbox 572 1658 2153 1731">
     <span class='ocr_line' id='line_1_17' title="bbox 572 1658 2153 1731; baseline 0.004 -20"><span class='ocrx_word' id='word_1_116' title='bbox 572 1668 674 1722; x_wconf 83' lang='lat' dir='ltr'><strong>est,</strong></span> <span class='ocrx_word' id='word_1_117' title='bbox 706 1658 801 1712; x_wconf 91' lang='lat' dir='ltr'><strong>sed</strong></span> <span class='ocrx_word' id='word_1_118' title='bbox 838 1674 937 1728; x_wconf 89' lang='lat' dir='ltr'><strong>per</strong></span> <span class='ocrx_word' id='word_1_119' title='bbox 985 1660 1252 1715; x_wconf 87' lang='lat' dir='ltr'><strong>malitiam</strong></span> <span class='ocrx_word' id='word_1_120' title='bbox 1290 1661 1586 1731; x_wconf 90' lang='lat' dir='ltr'><strong>unicuique</strong></span> <span class='ocrx_word' id='word_1_121' title='bbox 1633 1672 1688 1716; x_wconf 94' lang='lat' dir='ltr'><strong>et</strong></span> <span class='ocrx_word' id='word_1_122' title='bbox 1730 1662 2153 1718; x_wconf 84' lang='lat' dir='ltr'><strong>inobedientiam</strong></span> 
     </span>
    </p>
   </div>
   <div class='ocr_carea' id='block_1_18' title="bbox 572 1750 2155 1825">
    <p class='ocr_par' dir='ltr' id='par_1_18' title="bbox 572 1750 2155 1825">
     <span class='ocr_line' id='line_1_18' title="bbox 572 1750 2155 1825; baseline 0.004 -22"><span class='ocrx_word' id='word_1_123' title='bbox 572 1763 667 1803; x_wconf 87' lang='lat' dir='ltr'><strong>cor</strong></span> <span class='ocrx_word' id='word_1_124' title='bbox 690 1750 959 1821; x_wconf 89' lang='lat' dir='ltr'><strong>lapideum</strong></span> <span class='ocrx_word' id='word_1_125' title='bbox 989 1751 1106 1808; x_wconf 87' lang='lat' dir='ltr'><strong>fieri</strong></span> <span class='ocrx_word' id='word_1_126' title='bbox 1135 1752 1357 1808; x_wconf 88' lang='lat' dir='ltr'><strong>dicitur.</strong></span> <span class='ocrx_word' id='word_1_127' title='bbox 1413 1753 1564 1808; x_wconf 78' lang='lat' dir='ltr'><strong>Sicut</strong></span> <span class='ocrx_word' id='word_1_128' title='bbox 1587 1770 1715 1825; x_wconf 85' lang='lat' dir='ltr'><strong>ergo</strong></span> <span class='ocrx_word' id='word_1_129' title='bbox 1745 1756 1788 1809; x_wconf 91' lang='lat' dir='ltr'><strong>si</strong></span> <span class='ocrx_word' id='word_1_130' title='bbox 1825 1756 1946 1825; x_wconf 85' lang='lat' dir='ltr'><strong>quis</strong></span> <span class='ocrx_word' id='word_1_131' title='bbox 1980 1756 2155 1810; x_wconf 91' lang='lat' dir='ltr'><strong>incre-</strong></span> 
     </span>
    </p>
   </div>
   <div class='ocr_carea' id='block_1_19' title="bbox 570 1843 2152 1917">
    <p class='ocr_par' dir='ltr' id='par_1_19' title="bbox 570 1843 2152 1917">
     <span class='ocr_line' id='line_1_19' title="bbox 570 1843 2152 1917; baseline 0.006 -24"><span class='ocrx_word' id='word_1_132' title='bbox 570 1851 658 1910; x_wconf 80' lang='lat' dir='ltr'><strong>pet</strong></span> <span class='ocrx_word' id='word_1_133' title='bbox 687 1843 981 1912; x_wconf 82' lang='lat' dir='ltr'><strong>agricolam</strong></span> <span class='ocrx_word' id='word_1_134' title='bbox 1007 1860 1175 1914; x_wconf 89' lang='lat' dir='ltr'><strong>quare</strong></span> <span class='ocrx_word' id='word_1_135' title='bbox 1206 1861 1311 1900; x_wconf 95' lang='lat' dir='ltr'><strong>non</strong></span> <span class='ocrx_word' id='word_1_136' title='bbox 1338 1846 1498 1901; x_wconf 90' lang='lat' dir='ltr'><strong>citius</strong></span> <span class='ocrx_word' id='word_1_137' title='bbox 1528 1848 1734 1902; x_wconf 90' lang='lat' dir='ltr'><strong>semina</strong></span> <span class='ocrx_word' id='word_1_138' title='bbox 1764 1862 1926 1917; x_wconf 88' lang='lat' dir='ltr'><strong>super</strong></span> <span class='ocrx_word' id='word_1_139' title='bbox 1954 1857 2152 1902; x_wconf 89' lang='lat' dir='ltr'><strong>terram</strong></span> 
     </span>
    </p>
   </div>
   <div class='ocr_carea' id='block_1_20' title="bbox 570 1935 2151 2009">
    <p class='ocr_par' dir='ltr' id='par_1_20' title="bbox 570 1935 2151 2009">
     <span class='ocr_line' id='line_1_20' title="bbox 570 1935 2151 2009; baseline 0.007 -24"><span class='ocrx_word' id='word_1_140' title='bbox 570 1946 844 2004; x_wconf 76' lang='lat' dir='ltr'><strong>petrosam</strong></span> <span class='ocrx_word' id='word_1_141' title='bbox 894 1935 1112 2005; x_wconf 89' lang='lat' dir='ltr'><strong>jecerit,</strong></span> <span class='ocrx_word' id='word_1_142' title='bbox 1146 1952 1244 2006; x_wconf 92' lang='lat' dir='ltr'><strong>pro</strong></span> <span class='ocrx_word' id='word_1_143' title='bbox 1265 1953 1330 1993; x_wconf 89' lang='lat' dir='ltr'><strong>eo</strong></span> <span class='ocrx_word' id='word_1_144' title='bbox 1362 1938 1505 2009; x_wconf 90' lang='lat' dir='ltr'><strong>quod</strong></span> <span class='ocrx_word' id='word_1_145' title='bbox 1535 1938 1722 1995; x_wconf 86' lang='lat' dir='ltr'><strong>videat</strong></span> <span class='ocrx_word' id='word_1_146' title='bbox 1748 1941 1913 1996; x_wconf 88' lang='lat' dir='ltr'><strong>aliam</strong></span> <span class='ocrx_word' id='word_1_147' title='bbox 1947 1951 2151 1996; x_wconf 88' lang='lat' dir='ltr'><strong>terram</strong></span> 
     </span>
    </p>
   </div>
   <div class='ocr_carea' id='block_1_21' title="bbox 566 2031 2156 2104">
    <p class='ocr_par' dir='ltr' id='par_1_21' title="bbox 566 2031 2156 2104">
     <span class='ocr_line' id='line_1_21' title="bbox 566 2031 2156 2104; baseline 0.004 -21"><span class='ocrx_word' id='word_1_148' title='bbox 566 2037 844 2095; x_wconf 89' lang='lat' dir='ltr'><strong>petrosam</strong></span> <span class='ocrx_word' id='word_1_149' title='bbox 879 2039 1103 2101; x_wconf 89' lang='lat' dir='ltr'><strong>accepta</strong></span> <span class='ocrx_word' id='word_1_150' title='bbox 1140 2032 1348 2086; x_wconf 88' lang='lat' dir='ltr'><strong>semina</strong></span> <span class='ocrx_word' id='word_1_151' title='bbox 1380 2031 1642 2087; x_wconf 80' lang='lat' dir='ltr'><strong>velociter</strong></span> <span class='ocrx_word' id='word_1_152' title='bbox 1672 2034 2026 2104; x_wconf 72' lang='lat' dir='ltr'><strong>germinasse,</strong></span> <span class='ocrx_word' id='word_1_153' title='bbox 2054 2036 2156 2090; x_wconf 86' lang='lat' dir='ltr'><strong>uti-</strong></span> 
     </span>
    </p>
   </div>
   <div class='ocr_carea' id='block_1_22' title="bbox 566 2121 2154 2193">
    <p class='ocr_par' dir='ltr' id='par_1_22' title="bbox 566 2121 2154 2193">
     <span class='ocr_line' id='line_1_22' title="bbox 566 2121 2154 2193; baseline 0.005 -22"><span class='ocrx_word' id='word_1_154' title='bbox 566 2135 673 2189; x_wconf 90' lang='lat' dir='ltr'><strong>que</strong></span> <span class='ocrx_word' id='word_1_155' title='bbox 698 2121 1045 2191; x_wconf 89' lang='lat' dir='ltr'><strong>respondebit</strong></span> <span class='ocrx_word' id='word_1_156' title='bbox 1086 2121 1327 2192; x_wconf 79' lang='lat' dir='ltr'><strong>agricola</strong></span> <span class='ocrx_word' id='word_1_157' title='bbox 1354 2131 1408 2176; x_wconf 90' lang='lat' dir='ltr'><strong>et</strong></span> <span class='ocrx_word' id='word_1_158' title='bbox 1439 2122 1599 2189; x_wconf 89' lang='lat' dir='ltr'><strong>dicet,</strong></span> <span class='ocrx_word' id='word_1_159' title='bbox 1638 2125 1787 2193; x_wconf 85' lang='lat' dir='ltr'><strong>quia,</strong></span> <span class='ocrx_word' id='word_1_160' title='bbox 1813 2126 2019 2181; x_wconf 92' lang='lat' dir='ltr'><strong>Idcirco</strong></span> <span class='ocrx_word' id='word_1_161' title='bbox 2046 2136 2154 2179; x_wconf 84' lang='lat' dir='ltr'><strong>tar-</strong></span> 
     </span>
    </p>
   </div>
   <div class='ocr_carea' id='block_1_23' title="bbox 564 2214 2151 2287">
    <p class='ocr_par' dir='ltr' id='par_1_23' title="bbox 564 2214 2151 2287">
     <span class='ocr_line' id='line_1_23' title="bbox 564 2214 2151 2287; baseline 0.006 -21"><span class='ocrx_word' id='word_1_162' title='bbox 564 2216 685 2269; x_wconf 90' lang='lat' dir='ltr'><strong>dius</strong></span> <span class='ocrx_word' id='word_1_163' title='bbox 713 2214 921 2269; x_wconf 89' lang='lat' dir='ltr'><strong>semino</strong></span> <span class='ocrx_word' id='word_1_164' title='bbox 954 2224 1158 2269; x_wconf 89' lang='lat' dir='ltr'><strong>terram</strong></span> <span class='ocrx_word' id='word_1_165' title='bbox 1187 2214 1349 2268; x_wconf 88' lang='lat' dir='ltr'><strong>istam</strong></span> <span class='ocrx_word' id='word_1_166' title='bbox 1376 2225 1434 2269; x_wconf 92' lang='lat' dir='ltr'><strong>ut</strong></span> <span class='ocrx_word' id='word_1_167' title='bbox 1464 2216 1632 2285; x_wconf 92' lang='lat' dir='ltr'><strong>possit</strong></span> <span class='ocrx_word' id='word_1_168' title='bbox 1653 2218 1859 2273; x_wconf 85' lang='lat' dir='ltr'><strong>semina</strong></span> <span class='ocrx_word' id='word_1_169' title='bbox 1886 2233 2007 2287; x_wconf 64' lang='lat' dir='ltr'><strong>qua:</strong></span> <span class='ocrx_word' id='word_1_170' title='bbox 2031 2234 2151 2276; x_wconf 88' lang='lat' dir='ltr'><strong>sus-</strong></span> 
     </span>
    </p>
   </div>
   <div class='ocr_carea' id='block_1_24' title="bbox 567 2307 2151 2378">
    <p class='ocr_par' dir='ltr' id='par_1_24' title="bbox 567 2307 2151 2378">
     <span class='ocr_line' id='line_1_24' title="bbox 567 2307 2151 2378; baseline 0.004 -18"><span class='ocrx_word' id='word_1_171' title='bbox 567 2308 804 2375; x_wconf 86' lang='lat' dir='ltr'><strong>ceperit,</strong></span> <span class='ocrx_word' id='word_1_172' title='bbox 834 2308 1107 2373; x_wconf 88' lang='lat' dir='ltr'><strong>retinerc;</strong></span> <span class='ocrx_word' id='word_1_173' title='bbox 1140 2307 1381 2378; x_wconf 70' lang='lat' dir='ltr'><strong>[expedit</strong></span> <span class='ocrx_word' id='word_1_174' title='bbox 1421 2309 1566 2364; x_wconf 91' lang='lat' dir='ltr'><strong>enim</strong></span> <span class='ocrx_word' id='word_1_175' title='bbox 1602 2310 1727 2364; x_wconf 84' lang='lat' dir='ltr'><strong>huic</strong></span> <span class='ocrx_word' id='word_1_176' title='bbox 1766 2310 1856 2364; x_wconf 89' lang='lat' dir='ltr'><strong>tali</strong></span> <span class='ocrx_word' id='word_1_177' title='bbox 1903 2320 2061 2365; x_wconf 74' lang='lat' dir='ltr'><strong>terra:</strong></span> <span class='ocrx_word' id='word_1_178' title='bbox 2091 2323 2151 2368; x_wconf 86' lang='lat' dir='ltr'><strong>ut</strong></span> 
     </span>
    </p>
   </div>
   <div class='ocr_carea' id='block_1_25' title="bbox 564 2398 2150 2474">
    <p class='ocr_par' dir='ltr' id='par_1_25' title="bbox 564 2398 2150 2474">
     <span class='ocr_line' id='line_1_25' title="bbox 564 2398 2150 2474; baseline 0.004 -21"><span class='ocrx_word' id='word_1_179' title='bbox 564 2399 841 2469; x_wconf 89' lang='lat' dir='ltr'><strong>posterius</strong></span> <span class='ocrx_word' id='word_1_180' title='bbox 866 2398 1170 2453; x_wconf 90' lang='lat' dir='ltr'><strong>seminetur</strong></span> <span class='ocrx_word' id='word_1_181' title='bbox 1198 2414 1266 2454; x_wconf 89' lang='lat' dir='ltr'><strong>ne</strong></span> <span class='ocrx_word' id='word_1_182' title='bbox 1292 2398 1435 2455; x_wconf 87' lang='lat' dir='ltr'><strong>forte</strong></span> <span class='ocrx_word' id='word_1_183' title='bbox 1470 2400 1631 2455; x_wconf 89' lang='lat' dir='ltr'><strong>citius</strong></span> <span class='ocrx_word' id='word_1_184' title='bbox 1660 2402 1961 2469; x_wconf 85' lang='lat' dir='ltr'><strong>germinata</strong></span> <span class='ocrx_word' id='word_1_185' title='bbox 1993 2418 2150 2474; x_wconf 75' lang='lat' dir='ltr'><strong>seges</strong></span> 
     </span>
    </p>
   </div>
   <div class='ocr_carea' id='block_1_26' title="bbox 563 2492 2144 2563">
    <p class='ocr_par' dir='ltr' id='par_1_26' title="bbox 563 2492 2144 2563">
     <span class='ocr_line' id='line_1_26' title="bbox 563 2492 2144 2563; baseline 0.006 -19"><span class='ocrx_word' id='word_1_186' title='bbox 563 2506 774 2546; x_wconf 88' lang='lat' dir='ltr'><strong>summa</strong></span> <span class='ocrx_word' id='word_1_187' title='bbox 800 2492 978 2547; x_wconf 86' lang='lat' dir='ltr'><strong>tenuis</strong></span> <span class='ocrx_word' id='word_1_188' title='bbox 1024 2492 1125 2547; x_wconf 91' lang='lat' dir='ltr'><strong>soli</strong></span> <span class='ocrx_word' id='word_1_189' title='bbox 1175 2492 1353 2547; x_wconf 89' lang='lat' dir='ltr'><strong>fronte</strong></span> <span class='ocrx_word' id='word_1_190' title='bbox 1403 2493 1707 2563; x_wconf 84' lang='lat' dir='ltr'><strong>procedens</strong></span> <span class='ocrx_word' id='word_1_191' title='bbox 1752 2495 1884 2549; x_wconf 92' lang='lat' dir='ltr'><strong>solis</strong></span> <span class='ocrx_word' id='word_1_192' title='bbox 1924 2496 2144 2553; x_wconf 60' lang='lat' dir='ltr'><strong>aestibus</strong></span> 
     </span>
    </p>
   </div>
   <div class='ocr_carea' id='block_1_27' title="bbox 562 2584 2146 2661">
    <p class='ocr_par' dir='ltr' id='par_1_27' title="bbox 562 2584 2146 2661">
     <span class='ocr_line' id='line_1_27' title="bbox 562 2584 2146 2661; baseline 0.007 -25"><span class='ocrx_word' id='word_1_193' title='bbox 562 2584 785 2639; x_wconf 75' lang='lat' dir='ltr'><strong>obviare</strong></span> <span class='ocrx_word' id='word_1_194' title='bbox 810 2599 916 2638; x_wconf 95' lang='lat' dir='ltr'><strong>non</strong></span> <span class='ocrx_word' id='word_1_195' title='bbox 944 2585 1131 2653; x_wconf 88' lang='lat' dir='ltr'><strong>possit.</strong></span> <span class='ocrx_word' id='word_1_196' title='bbox 1150 2584 1336 2642; x_wconf 87' lang='lat' dir='ltr'><strong>Nonne</strong></span> <span class='ocrx_word' id='word_1_197' title='bbox 1361 2587 1451 2655; x_wconf 88' lang='lat' dir='ltr'><strong>qui</strong></span> <span class='ocrx_word' id='word_1_198' title='bbox 1483 2588 1635 2656; x_wconf 91' lang='lat' dir='ltr'><strong>prius</strong></span> <span class='ocrx_word' id='word_1_199' title='bbox 1668 2588 1985 2660; x_wconf 88' lang='lat' dir='ltr'><strong>increpabat</strong></span> <span class='ocrx_word' id='word_1_200' title='bbox 2011 2588 2146 2661; x_wconf 83' lang='lat'><strong>(58),</strong></span> 
     </span>
    </p>
   </div>
   <div class='ocr_carea' id='block_1_28' title="bbox 562 2676 2151 2751">
    <p class='ocr_par' dir='ltr' id='par_1_28' title="bbox 562 2676 2151 2751">
     <span class='ocr_line' id='line_1_28' title="bbox 562 2676 2151 2751; baseline 0.005 -22"><span class='ocrx_word' id='word_1_201' title='bbox 562 2676 765 2732; x_wconf 90' lang='lat' dir='ltr'><strong>rationi</strong></span> <span class='ocrx_word' id='word_1_202' title='bbox 791 2686 845 2730; x_wconf 89' lang='lat' dir='ltr'><strong>et</strong></span> <span class='ocrx_word' id='word_1_203' title='bbox 870 2677 1081 2745; x_wconf 74' lang='lat' dir='ltr'><strong>peritia:</strong></span> <span class='ocrx_word' id='word_1_204' title='bbox 1104 2679 1417 2748; x_wconf 86' lang='lat' dir='ltr'><strong>acquiescet</strong></span> <span class='ocrx_word' id='word_1_205' title='bbox 1454 2679 1731 2749; x_wconf 66' lang='lat' dir='ltr'><strong>agricolae,</strong></span> <span class='ocrx_word' id='word_1_206' title='bbox 1756 2689 1809 2736; x_wconf 92' lang='lat' dir='ltr'><strong>et</strong></span> <span class='ocrx_word' id='word_1_207' title='bbox 1830 2683 1974 2751; x_wconf 91' lang='lat' dir='ltr'><strong>quod</strong></span> <span class='ocrx_word' id='word_1_208' title='bbox 2000 2682 2151 2750; x_wconf 91' lang='lat' dir='ltr'><strong>prius</strong></span> 
     </span>
    </p>
   </div>
   <div class='ocr_carea' id='block_1_29' title="bbox 563 2766 2147 2841">
    <p class='ocr_par' dir='ltr' id='par_1_29' title="bbox 563 2766 2147 2841">
     <span class='ocr_line' id='line_1_29' title="bbox 563 2766 2147 2841; baseline 0.003 -19"><span class='ocrx_word' id='word_1_209' title='bbox 563 2766 668 2822; x_wconf 90' lang='lat' dir='ltr'><strong>sibi</strong></span> <span class='ocrx_word' id='word_1_210' title='bbox 701 2767 991 2823; x_wconf 84' lang='lat' dir='ltr'><strong>videbatur</strong></span> <span class='ocrx_word' id='word_1_211' title='bbox 1042 2770 1466 2841; x_wconf 88' lang='lat' dir='ltr'><strong>inconsequens,</strong></span> <span class='ocrx_word' id='word_1_212' title='bbox 1510 2772 1916 2828; x_wconf 84' lang='lat' dir='ltr'><strong>rationabiliter</strong></span> <span class='ocrx_word' id='word_1_213' title='bbox 1947 2772 2147 2828; x_wconf 88' lang='lat' dir='ltr'><strong>factum</strong></span> 
     </span>
    </p>
   </div>
   <div class='ocr_carea' id='block_1_30' title="bbox 562 2860 2146 2936">
    <p class='ocr_par' dir='ltr' id='par_1_30' title="bbox 562 2860 2146 2936">
     <span class='ocr_line' id='line_1_30' title="bbox 562 2860 2146 2936; baseline 0.006 -25"><span class='ocrx_word' id='word_1_214' title='bbox 562 2860 935 2929; x_wconf 86' lang='lat' dir='ltr'><strong>probabit?lta</strong></span> <span class='ocrx_word' id='word_1_215' title='bbox 966 2877 1096 2932; x_wconf 88' lang='lat' dir='ltr'><strong>ergo</strong></span> <span class='ocrx_word' id='word_1_216' title='bbox 1128 2862 1298 2932; x_wconf 88' lang='lat' dir='ltr'><strong>Deus,</strong></span> <span class='ocrx_word' id='word_1_217' title='bbox 1326 2865 1595 2921; x_wconf 60' lang='lat' dir='ltr'><strong>universae</strong></span> <span class='ocrx_word' id='word_1_218' title='bbox 1623 2876 1887 2922; x_wconf 70' lang='lat' dir='ltr'><strong>creatura:</strong></span> <span class='ocrx_word' id='word_1_219' title='bbox 1915 2881 2027 2921; x_wconf 76' lang='lat' dir='ltr'><strong>sua:</strong></span> <span class='ocrx_word' id='word_1_220' title='bbox 2050 2880 2146 2936; x_wconf 88' lang='lat' dir='ltr'><strong>pe-</strong></span> 
     </span>
    </p>
   </div>
   <div class='ocr_carea' id='block_1_31' title="bbox 560 2954 2149 3026">
    <p class='ocr_par' dir='ltr' id='par_1_31' title="bbox 560 2954 2149 3026">
     <span class='ocr_line' id='line_1_31' title="bbox 560 2954 2149 3026; baseline 0.005 -20"><span class='ocrx_word' id='word_1_221' title='bbox 560 2954 859 3010; x_wconf 88' lang='lat' dir='ltr'><strong>ritissimus</strong></span> <span class='ocrx_word' id='word_1_222' title='bbox 888 2956 1468 3026; x_wconf 83' lang='lat' dir='ltr'><strong>agricola,dissimulat</strong></span> <span class='ocrx_word' id='word_1_223' title='bbox 1490 2958 1742 3014; x_wconf 76' lang='lat' dir='ltr'><strong>etdiffert</strong></span> <span class='ocrx_word' id='word_1_224' title='bbox 1772 2960 1825 3014; x_wconf 92' lang='lat' dir='ltr'><strong>in</strong></span> <span class='ocrx_word' id='word_1_225' title='bbox 1852 2958 1999 3014; x_wconf 89' lang='lat' dir='ltr'><strong>aliud</strong></span> <span class='ocrx_word' id='word_1_226' title='bbox 2030 2959 2149 3014; x_wconf 90' lang='lat' dir='ltr'><strong>sine</strong></span> 
     </span>
    </p>
   </div>
   <div class='ocr_carea' id='block_1_32' title="bbox 561 3046 2145 3118">
    <p class='ocr_par' dir='ltr' id='par_1_32' title="bbox 561 3046 2145 3118">
     <span class='ocr_line' id='line_1_32' title="bbox 561 3046 2145 3118; baseline 0.004 -19"><span class='ocrx_word' id='word_1_227' title='bbox 561 3046 725 3101; x_wconf 87' lang='lat' dir='ltr'><strong>dubio</strong></span> <span class='ocrx_word' id='word_1_228' title='bbox 784 3056 997 3116; x_wconf 85' lang='lat' dir='ltr'><strong>tempus</strong></span> <span class='ocrx_word' id='word_1_229' title='bbox 1032 3049 1149 3104; x_wconf 84' lang='lat' dir='ltr'><strong>haec</strong></span> <span class='ocrx_word' id='word_1_230' title='bbox 1177 3064 1299 3118; x_wconf 75' lang='lat' dir='ltr'><strong>qua:</strong></span> <span class='ocrx_word' id='word_1_231' title='bbox 1326 3050 1482 3105; x_wconf 89' lang='lat' dir='ltr'><strong>nobis</strong></span> <span class='ocrx_word' id='word_1_232' title='bbox 1551 3051 1801 3107; x_wconf 90' lang='lat' dir='ltr'><strong>videntur</strong></span> <span class='ocrx_word' id='word_1_233' title='bbox 1850 3052 2022 3107; x_wconf 89' lang='lat' dir='ltr'><strong>citius</strong></span> <span class='ocrx_word' id='word_1_234' title='bbox 2047 3051 2145 3106; x_wconf 90' lang='lat' dir='ltr'><strong>de-</strong></span> 
     </span>
    </p>
   </div>
   <div class='ocr_carea' id='block_1_33' title="bbox 561 3138 2147 3215">
    <p class='ocr_par' dir='ltr' id='par_1_33' title="bbox 561 3138 2147 3215">
     <span class='ocr_line' id='line_1_33' title="bbox 561 3138 2147 3215; baseline 0.004 -24"><span class='ocrx_word' id='word_1_235' title='bbox 561 3138 747 3192; x_wconf 90' lang='lat' dir='ltr'><strong>buisse</strong></span> <span class='ocrx_word' id='word_1_236' title='bbox 780 3139 1042 3209; x_wconf 87' lang='lat' dir='ltr'><strong>consequi</strong></span> <span class='ocrx_word' id='word_1_237' title='bbox 1068 3141 1381 3207; x_wconf 89' lang='lat' dir='ltr'><strong>sanitatem,</strong></span> <span class='ocrx_word' id='word_1_238' title='bbox 1401 3143 1478 3197; x_wconf 94' lang='lat' dir='ltr'><strong>uti</strong></span> <span class='ocrx_word' id='word_1_239' title='bbox 1519 3158 1588 3197; x_wconf 91' lang='lat' dir='ltr'><strong>ne</strong></span> <span class='ocrx_word' id='word_1_240' title='bbox 1613 3142 1929 3215; x_wconf 80' lang='lat' dir='ltr'><strong>superficies</strong></span> <span class='ocrx_word' id='word_1_241' title='bbox 1957 3159 2147 3201; x_wconf 89' lang='lat' dir='ltr'><strong>eorum</strong></span> 
     </span>
    </p>
   </div>
   <div class='ocr_carea' id='block_1_34' title="bbox 561 3228 2149 3306">
    <p class='ocr_par' dir='ltr' id='par_1_34' title="bbox 561 3228 2149 3306">
     <span class='ocr_line' id='line_1_34' title="bbox 561 3228 2149 3306; baseline 0.008 -26"><span class='ocrx_word' id='word_1_242' title='bbox 561 3228 735 3296; x_wconf 83' lang='lat' dir='ltr'><strong>magis</strong></span> <span class='ocrx_word' id='word_1_243' title='bbox 762 3244 924 3297; x_wconf 89' lang='lat' dir='ltr'><strong>quam</strong></span> <span class='ocrx_word' id='word_1_244' title='bbox 954 3231 1184 3286; x_wconf 84' lang='lat' dir='ltr'><strong>interna</strong></span> <span class='ocrx_word' id='word_1_245' title='bbox 1226 3243 1510 3288; x_wconf 90' lang='lat' dir='ltr'><strong>curentur.</strong></span> <span class='ocrx_word' id='word_1_246' title='bbox 1551 3234 1609 3289; x_wconf 89' lang='lat' dir='ltr'><strong>Si</strong></span> <span class='ocrx_word' id='word_1_247' title='bbox 1660 3251 1790 3291; x_wconf 88' lang='lat' dir='ltr'><strong>vero</strong></span> <span class='ocrx_word' id='word_1_248' title='bbox 1818 3238 1944 3306; x_wconf 86' lang='lat' dir='ltr'><strong>quis</strong></span> <span class='ocrx_word' id='word_1_249' title='bbox 1990 3238 2149 3293; x_wconf 90' lang='lat' dir='ltr'><strong>nobis</strong></span> 
     </span>
    </p>
   </div>
   <div class='ocr_carea' id='block_1_35' title="bbox 564 3317 2146 3395">
    <p class='ocr_par' dir='ltr' id='par_1_35' title="bbox 564 3317 2146 3395">
     <span class='ocr_line' id='line_1_35' title="bbox 564 3317 2146 3395; baseline 0.008 -25"><span class='ocrx_word' id='word_1_250' title='bbox 564 3317 631 3369; x_wconf 86' lang='lat' dir='ltr'><strong>ad</strong></span> <span class='ocrx_word' id='word_1_251' title='bbox 661 3318 775 3373; x_wconf 61' lang='lat' dir='ltr'><strong>haec</strong></span> <span class='ocrx_word' id='word_1_252' title='bbox 810 3320 1028 3389; x_wconf 91' lang='lat' dir='ltr'><strong>objiciat</strong></span> <span class='ocrx_word' id='word_1_253' title='bbox 1060 3338 1073 3373; x_wconf 91' lang='lat'><strong>:</strong></span> <span class='ocrx_word' id='word_1_254' title='bbox 1110 3322 1289 3389; x_wconf 84' lang='lat' dir='ltr'><strong>Quare</strong></span> <span class='ocrx_word' id='word_1_255' title='bbox 1321 3339 1452 3393; x_wconf 88' lang='lat' dir='ltr'><strong>ergo</strong></span> <span class='ocrx_word' id='word_1_256' title='bbox 1499 3324 1745 3395; x_wconf 67' lang='lat' dir='ltr'><strong>qumdam</strong></span> <span class='ocrx_word' id='word_1_257' title='bbox 1792 3328 2002 3381; x_wconf 90' lang='lat' dir='ltr'><strong>semina</strong></span> <span class='ocrx_word' id='word_1_258' title='bbox 2050 3344 2146 3385; x_wconf 83' lang='lat' dir='ltr'><strong>ca-</strong></span> 
     </span>
    </p>
   </div>
   <div class='ocr_carea' id='block_1_36' title="bbox 565 3410 2146 3483">
    <p class='ocr_par' dir='ltr' id='par_1_36' title="bbox 565 3410 2146 3483">
     <span class='ocr_line' id='line_1_36' title="bbox 565 3410 2146 3483; baseline 0.008 -20"><span class='ocrx_word' id='word_1_259' title='bbox 565 3410 701 3463; x_wconf 90' lang='lat' dir='ltr'><strong>dunt</strong></span> <span class='ocrx_word' id='word_1_260' title='bbox 729 3411 895 3465; x_wconf 86' lang='lat' dir='ltr'><strong>etiam</strong></span> <span class='ocrx_word' id='word_1_261' title='bbox 936 3426 1099 3481; x_wconf 88' lang='lat' dir='ltr'><strong>super</strong></span> <span class='ocrx_word' id='word_1_262' title='bbox 1137 3422 1337 3469; x_wconf 86' lang='lat' dir='ltr'><strong>terram</strong></span> <span class='ocrx_word' id='word_1_263' title='bbox 1378 3425 1674 3483; x_wconf 87' lang='lat' dir='ltr'><strong>petrosam,</strong></span> <span class='ocrx_word' id='word_1_264' title='bbox 1726 3418 1778 3472; x_wconf 90' lang='lat' dir='ltr'><strong>id</strong></span> <span class='ocrx_word' id='word_1_265' title='bbox 1825 3430 1909 3473; x_wconf 92' lang='lat' dir='ltr'><strong>est</strong></span> <span class='ocrx_word' id='word_1_266' title='bbox 1957 3420 2146 3475; x_wconf 80' lang='lat' dir='ltr'><strong>duram</strong></span> 
     </span>
    </p>
   </div>
   <div class='ocr_carea' id='block_1_37' title="bbox 567 3501 2145 3579">
    <p class='ocr_par' dir='ltr' id='par_1_37' title="bbox 567 3501 2145 3579">
     <span class='ocr_line' id='line_1_37' title="bbox 567 3501 2145 3579; baseline 0.009 -25"><span class='ocrx_word' id='word_1_267' title='bbox 567 3501 804 3571; x_wconf 85' lang='lat' dir='ltr'><strong>aliquam</strong></span> <span class='ocrx_word' id='word_1_268' title='bbox 837 3512 893 3558; x_wconf 88' lang='lat' dir='ltr'><strong>et</strong></span> <span class='ocrx_word' id='word_1_269' title='bbox 921 3517 1139 3558; x_wconf 73' lang='lat' dir='ltr'><strong>saxeam</strong></span> <span class='ocrx_word' id='word_1_270' title='bbox 1187 3506 1461 3561; x_wconf 75' lang='lat' dir='ltr'><strong>animam?</strong></span> <span class='ocrx_word' id='word_1_271' title='bbox 1521 3508 1676 3579; x_wconf 79' lang='lat'><strong>123</strong></span> <span class='ocrx_word' id='word_1_272' title='bbox 1736 3509 2027 3566; x_wconf 90' lang='lat' dir='ltr'><strong>Dicendum</strong></span> <span class='ocrx_word' id='word_1_273' title='bbox 2078 3513 2145 3568; x_wconf 87' lang='lat' dir='ltr'><strong>ad</strong></span> 
     </span>
    </p>
   </div>
   <div class='ocr_carea' id='block_1_38' title="bbox 565 3594 2142 3673">
    <p class='ocr_par' dir='ltr' id='par_1_38' title="bbox 565 3594 2142 3673">
     <span class='ocr_line' id='line_1_38' title="bbox 565 3594 2142 3673; baseline 0.006 -25"><span class='ocrx_word' id='word_1_274' title='bbox 565 3594 683 3648; x_wconf 86' lang='lat' dir='ltr'><strong>haec</strong></span> <span class='ocrx_word' id='word_1_275' title='bbox 735 3594 861 3662; x_wconf 87' lang='lat' dir='ltr'><strong>quia</strong></span> <span class='ocrx_word' id='word_1_276' title='bbox 911 3610 979 3650; x_wconf 91' lang='lat' dir='ltr'><strong>ne</strong></span> <span class='ocrx_word' id='word_1_277' title='bbox 1026 3595 1131 3651; x_wconf 91' lang='lat' dir='ltr'><strong>hoc</strong></span> <span class='ocrx_word' id='word_1_278' title='bbox 1176 3598 1389 3665; x_wconf 90' lang='lat' dir='ltr'><strong>quidem</strong></span> <span class='ocrx_word' id='word_1_279' title='bbox 1426 3599 1628 3666; x_wconf 89' lang='lat' dir='ltr'><strong>absque</strong></span> <span class='ocrx_word' id='word_1_280' title='bbox 1694 3601 1891 3656; x_wconf 74' lang='lat' dir='ltr'><strong>divina:</strong></span> <span class='ocrx_word' id='word_1_281' title='bbox 1922 3604 2142 3673; x_wconf 80' lang='lat' dir='ltr'><strong>dispen-</strong></span> 
     </span>
    </p>
   </div>
   <div class='ocr_carea' id='block_1_39' title="bbox 562 3685 2147 3769">
    <p class='ocr_par' dir='ltr' id='par_1_39' title="bbox 562 3685 2147 3769">
     <span class='ocr_line' id='line_1_39' title="bbox 562 3685 2147 3769; baseline 0.009 -30"><span class='ocrx_word' id='word_1_282' title='bbox 562 3685 797 3741; x_wconf 68' lang='lat' dir='ltr'><strong>sationis</strong></span> <span class='ocrx_word' id='word_1_283' title='bbox 842 3685 961 3741; x_wconf 88' lang='lat' dir='ltr'><strong>fieri</strong></span> <span class='ocrx_word' id='word_1_284' title='bbox 1009 3688 1345 3757; x_wconf 81' lang='lat' dir='ltr'><strong>providentia</strong></span> <span class='ocrx_word' id='word_1_285' title='bbox 1408 3701 1642 3762; x_wconf 89' lang='lat' dir='ltr'><strong>potest:</strong></span> <span class='ocrx_word' id='word_1_286' title='bbox 1685 3695 1813 3765; x_wconf 87' lang='lat' dir='ltr'><strong>quia</strong></span> <span class='ocrx_word' id='word_1_287' title='bbox 1869 3698 1973 3752; x_wconf 88' lang='lat' dir='ltr'><strong>nisi</strong></span> <span class='ocrx_word' id='word_1_288' title='bbox 2050 3712 2147 3769; x_wconf 90' lang='lat' dir='ltr'><strong>per</strong></span> 
     </span>
    </p>
   </div>
   <div class='ocr_carea' id='block_1_40' title="bbox 2258 834 3834 909">
    <p class='ocr_par' dir='ltr' id='par_1_40' title="bbox 2258 834 3834 909">
     <span class='ocr_line' id='line_1_40' title="bbox 2258 834 3834 909; baseline -0.006 -12"><span class='ocrx_word' id='word_1_289' title='bbox 2258 838 2620 909; x_wconf 84' lang='grc' dir='ltr'>χρησώμεθα·</span> <span class='ocrx_word' id='word_1_290' title='bbox 2654 837 2771 890; x_wconf 79' lang='grc' dir='ltr'>ἐστι</span> <span class='ocrx_word' id='word_1_291' title='bbox 2812 856 2896 902; x_wconf 88' lang='grc' dir='ltr'><strong>τις</strong></span> <span class='ocrx_word' id='word_1_292' title='bbox 2927 838 3099 908; x_wconf 83' lang='grc' dir='ltr'>πέτρα</span> <span class='ocrx_word' id='word_1_293' title='bbox 3126 836 3315 905; x_wconf 79' lang='grc' dir='ltr'><strong>ὀλίγην</strong></span> <span class='ocrx_word' id='word_1_294' title='bbox 3354 834 3549 905; x_wconf 77' lang='grc' dir='ltr'>ἔχουσα</span> <span class='ocrx_word' id='word_1_295' title='bbox 3590 835 3685 888; x_wconf 75' lang='grc' dir='ltr'><strong>καὶ</strong></span> <span class='ocrx_word' id='word_1_296' title='bbox 3714 837 3834 888; x_wconf 89' lang='grc' dir='ltr'>ἐπι-</span> 
     </span>
    </p>
   </div>
   <div class='ocr_carea' id='block_1_41' title="bbox 2258 927 3837 1002">
    <p class='ocr_par' dir='ltr' id='par_1_41' title="bbox 2258 927 3837 1002">
     <span class='ocr_line' id='line_1_41' title="bbox 2258 927 3837 1002; baseline -0.001 -20"><span class='ocrx_word' id='word_1_297' title='bbox 2258 931 2475 984; x_wconf 89' lang='grc' dir='ltr'>πόλαιον</span> <span class='ocrx_word' id='word_1_298' title='bbox 2510 932 2635 1001; x_wconf 83' lang='grc' dir='ltr'>γῆν,</span> <span class='ocrx_word' id='word_1_299' title='bbox 2662 933 2741 995; x_wconf 81' lang='grc' dir='ltr'><strong>είς</strong></span> <span class='ocrx_word' id='word_1_300' title='bbox 2764 933 2830 1002; x_wconf 80' lang='grc' dir='ltr'>ἢν</span> <span class='ocrx_word' id='word_1_301' title='bbox 2859 931 2923 985; x_wconf 77' lang='grc' dir='ltr'><strong>ἂν</strong></span> <span class='ocrx_word' id='word_1_302' title='bbox 2954 930 3093 1002; x_wconf 77' lang='grc' dir='ltr'>πέσῃ</span> <span class='ocrx_word' id='word_1_303' title='bbox 3126 931 3193 983; x_wconf 84' lang='grc' dir='ltr'><strong>τά</strong></span> <span class='ocrx_word' id='word_1_304' title='bbox 3228 927 3540 999; x_wconf 84' lang='grc' dir='ltr'>σπέρματα,</span> <span class='ocrx_word' id='word_1_305' title='bbox 3577 928 3715 997; x_wconf 75' lang='grc' dir='ltr'>ταχὺ</span> <span class='ocrx_word' id='word_1_306' title='bbox 3744 928 3837 980; x_wconf 81' lang='grc' dir='ltr'><strong>ἀν·</strong></span> 
     </span>
    </p>
   </div>
   <div class='ocr_carea' id='block_1_42' title="bbox 2258 1018 3836 1093">
    <p class='ocr_par' dir='ltr' id='par_1_42' title="bbox 2258 1018 3836 1093">
     <span class='ocr_line' id='line_1_42' title="bbox 2258 1018 3836 1093; baseline -0.001 -18"><span class='ocrx_word' id='word_1_307' title='bbox 2258 1022 2358 1085; x_wconf 84' lang='grc' dir='ltr'>θεῖ,</span> <span class='ocrx_word' id='word_1_308' title='bbox 2403 1022 2516 1075; x_wconf 83' lang='grc' dir='ltr'>ἀλλ’</span> <span class='ocrx_word' id='word_1_309' title='bbox 2543 1022 2871 1093; x_wconf 78' lang='grc' dir='ltr'>ἀνθήσαντα,</span> <span class='ocrx_word' id='word_1_310' title='bbox 2902 1022 3023 1074; x_wconf 69' lang='grc' dir='ltr'>ἐπεὶ</span> <span class='ocrx_word' id='word_1_311' title='bbox 3053 1020 3204 1091; x_wconf 74' lang='grc' dir='ltr'>ῥίζαν</span> <span class='ocrx_word' id='word_1_312' title='bbox 3234 1019 3337 1073; x_wconf 78' lang='grc' dir='ltr'><strong>οὐκ</strong></span> <span class='ocrx_word' id='word_1_313' title='bbox 3362 1020 3493 1090; x_wconf 79' lang='grc' dir='ltr'>ἔχει,</span> <span class='ocrx_word' id='word_1_314' title='bbox 3520 1018 3671 1090; x_wconf 83' lang='grc' dir='ltr'>ἡλίου</span> <span class='ocrx_word' id='word_1_315' title='bbox 3706 1020 3836 1073; x_wconf 87' lang='grc' dir='ltr'>ἀνα-</span> 
     </span>
    </p>
   </div>
   <div class='ocr_carea' id='block_1_43' title="bbox 2256 1111 3841 1185">
    <p class='ocr_par' dir='ltr' id='par_1_43' title="bbox 2256 1111 3841 1185">
     <span class='ocr_line' id='line_1_43' title="bbox 2256 1111 3841 1185; baseline -0.002 -18"><span class='ocrx_word' id='word_1_316' title='bbox 2256 1114 2549 1178; x_wconf 88' lang='grc' dir='ltr'>τείλαντος,</span> <span class='ocrx_word' id='word_1_317' title='bbox 2583 1114 2983 1185; x_wconf 77' lang='grc' dir='ltr'>καυματίζεται</span> <span class='ocrx_word' id='word_1_318' title='bbox 3010 1114 3103 1167; x_wconf 76' lang='grc' dir='ltr'>καὶ</span> <span class='ocrx_word' id='word_1_319' title='bbox 3132 1113 3464 1185; x_wconf 79' lang='grc' dir='ltr'>ξηραίνεται.</span> <span class='ocrx_word' id='word_1_320' title='bbox 3492 1114 3603 1166; x_wconf 76' lang='lat' dir='ltr'><strong>Kai.</strong></span> <span class='ocrx_word' id='word_1_321' title='bbox 3639 1111 3774 1182; x_wconf 75' lang='grc' dir='ltr'>αὕτη</span> <span class='ocrx_word' id='word_1_322' title='bbox 3800 1113 3841 1183; x_wconf 76' lang='grc' dir='ltr'><strong>ἡ</strong></span> 
     </span>
    </p>
   </div>
   <div class='ocr_carea' id='block_1_44' title="bbox 2259 1204 3837 1279">
    <p class='ocr_par' dir='ltr' id='par_1_44' title="bbox 2259 1204 3837 1279">
     <span class='ocr_line' id='line_1_44' title="bbox 2259 1204 3837 1279; baseline -0.003 -18"><span class='ocrx_word' id='word_1_323' title='bbox 2259 1209 2433 1278; x_wconf 83' lang='grc' dir='ltr'>πέτρα</span> <span class='ocrx_word' id='word_1_324' title='bbox 2458 1207 2772 1279; x_wconf 83' lang='grc' dir='ltr'>ἀνθρωπίνη</span> <span class='ocrx_word' id='word_1_325' title='bbox 2808 1206 2951 1279; x_wconf 73' lang='grc' dir='ltr'>ψυχή</span> <span class='ocrx_word' id='word_1_326' title='bbox 2982 1209 3097 1259; x_wconf 81' lang='grc' dir='ltr'>ἐστι</span> <span class='ocrx_word' id='word_1_327' title='bbox 3131 1205 3219 1259; x_wconf 77' lang='grc' dir='ltr'>διὰ</span> <span class='ocrx_word' id='word_1_328' title='bbox 3246 1205 3343 1277; x_wconf 83' lang='grc' dir='ltr'>τὴν</span> <span class='ocrx_word' id='word_1_329' title='bbox 3380 1204 3639 1276; x_wconf 84' lang='grc' dir='ltr'>ἀμέλειαν</span> <span class='ocrx_word' id='word_1_330' title='bbox 3670 1205 3837 1275; x_wconf 83' lang='grc' dir='ltr'>σκλη-</span> 
     </span>
    </p>
   </div>
   <div class='ocr_carea' id='block_1_45' title="bbox 2260 1296 3838 1370">
    <p class='ocr_par' dir='ltr' id='par_1_45' title="bbox 2260 1296 3838 1370">
     <span class='ocr_line' id='line_1_45' title="bbox 2260 1296 3838 1370; baseline -0.001 -18"><span class='ocrx_word' id='word_1_331' title='bbox 2260 1296 2533 1370; x_wconf 86' lang='grc' dir='ltr'>ρυνθεῖσα,</span> <span class='ocrx_word' id='word_1_332' title='bbox 2564 1300 2657 1353; x_wconf 78' lang='grc' dir='ltr'>καὶ</span> <span class='ocrx_word' id='word_1_333' title='bbox 2685 1297 2773 1351; x_wconf 81' lang='grc' dir='ltr'>διὰ</span> <span class='ocrx_word' id='word_1_334' title='bbox 2814 1297 2912 1369; x_wconf 82' lang='grc' dir='ltr'>τὴν</span> <span class='ocrx_word' id='word_1_335' title='bbox 2954 1298 3151 1351; x_wconf 85' lang='grc' dir='ltr'>κακίαν</span> <span class='ocrx_word' id='word_1_336' title='bbox 3194 1296 3594 1351; x_wconf 80' lang='grc' dir='ltr'>ὰπολιθωθεῖσα</span> <span class='ocrx_word' id='word_1_337' title='bbox 3615 1315 3628 1327; x_wconf 81' lang='lat'><strong>&#39;</strong></span> <span class='ocrx_word' id='word_1_338' title='bbox 3661 1296 3838 1367; x_wconf 80' lang='grc' dir='ltr'>λιθίνη</span> 
     </span>
    </p>
   </div>
   <div class='ocr_carea' id='block_1_46' title="bbox 2256 1384 3839 1461">
    <p class='ocr_par' dir='ltr' id='par_1_46' title="bbox 2256 1384 3839 1461">
     <span class='ocr_line' id='line_1_46' title="bbox 2256 1384 3839 1461; baseline -0.002 -18"><span class='ocrx_word' id='word_1_339' title='bbox 2256 1390 2365 1461; x_wconf 83' lang='grc' dir='ltr'><strong>γὰρ</strong></span> <span class='ocrx_word' id='word_1_340' title='bbox 2389 1384 2562 1443; x_wconf 72' lang='grc' dir='ltr'>οὐδενὶ</span> <span class='ocrx_word' id='word_1_341' title='bbox 2607 1388 2852 1443; x_wconf 77' lang='grc' dir='ltr'><strong>ἔκτισται</strong></span> <span class='ocrx_word' id='word_1_342' title='bbox 2890 1388 2994 1441; x_wconf 83' lang='grc' dir='ltr'><strong>ὑπὸ</strong></span> <span class='ocrx_word' id='word_1_343' title='bbox 3021 1386 3155 1441; x_wconf 82' lang='grc' dir='ltr'>Θεοῦ</span> <span class='ocrx_word' id='word_1_344' title='bbox 3198 1387 3418 1457; x_wconf 77' lang='grc' dir='ltr'><strong>καρδία,</strong></span> <span class='ocrx_word' id='word_1_345' title='bbox 3449 1387 3565 1441; x_wconf 78' lang='grc' dir='ltr'>ἀλλ’</span> <span class='ocrx_word' id='word_1_346' title='bbox 3598 1387 3707 1441; x_wconf 70' lang='grc' dir='ltr'><strong>ἀπὸ</strong></span> <span class='ocrx_word' id='word_1_347' title='bbox 3735 1388 3839 1459; x_wconf 71' lang='grc' dir='ltr'>τῆς</span> 
     </span>
    </p>
   </div>
   <div class='ocr_carea' id='block_1_47' title="bbox 2257 1473 3839 1553">
    <p class='ocr_par' dir='ltr' id='par_1_47' title="bbox 2257 1473 3839 1553">
     <span class='ocr_line' id='line_1_47' title="bbox 2257 1473 3839 1553; baseline -0.003 -17"><span class='ocrx_word' id='word_1_348' title='bbox 2257 1483 2521 1553; x_wconf 78' lang='grc' dir='ltr'>πονηρίας</span> <span class='ocrx_word' id='word_1_349' title='bbox 2547 1481 2766 1551; x_wconf 77' lang='grc' dir='ltr'>τοιαύτη</span> <span class='ocrx_word' id='word_1_350' title='bbox 2808 1480 3039 1548; x_wconf 88' lang='grc' dir='ltr'>γίνεται.</span> <span class='ocrx_word' id='word_1_351' title='bbox 3066 1480 3278 1549; x_wconf 83' lang='grc' dir='ltr'>Ὥσπερ</span> <span class='ocrx_word' id='word_1_352' title='bbox 3304 1473 3396 1532; x_wconf 75' lang='grc' dir='ltr'><strong>οὖν</strong></span> <span class='ocrx_word' id='word_1_353' title='bbox 3425 1480 3474 1531; x_wconf 83' lang='grc' dir='ltr'><strong>εί</strong></span> <span class='ocrx_word' id='word_1_354' title='bbox 3508 1478 3730 1547; x_wconf 79' lang='grc' dir='ltr'>ἐγκαλοῖ</span> <span class='ocrx_word' id='word_1_355' title='bbox 3754 1497 3839 1543; x_wconf 84' lang='grc' dir='ltr'><strong>τις</strong></span> 
     </span>
    </p>
   </div>
   <div class='ocr_carea' id='block_1_48' title="bbox 2256 1569 3843 1645">
    <p class='ocr_par' dir='ltr' id='par_1_48' title="bbox 2256 1569 3843 1645">
     <span class='ocr_line' id='line_1_48' title="bbox 2256 1569 3843 1645; baseline 0 -20"><span class='ocrx_word' id='word_1_356' title='bbox 2256 1572 2333 1644; x_wconf 81' lang='grc' dir='ltr'><strong>τῷ</strong></span> <span class='ocrx_word' id='word_1_357' title='bbox 2362 1572 2611 1645; x_wconf 84' lang='grc' dir='ltr'>γεωργῷ,</span> <span class='ocrx_word' id='word_1_358' title='bbox 2647 1572 2720 1643; x_wconf 83' lang='grc' dir='ltr'>μὴ</span> <span class='ocrx_word' id='word_1_359' title='bbox 2770 1572 2952 1643; x_wconf 81' lang='grc' dir='ltr'>τάχιον</span> <span class='ocrx_word' id='word_1_360' title='bbox 2997 1570 3065 1624; x_wconf 74' lang='grc' dir='ltr'>τὰ</span> <span class='ocrx_word' id='word_1_361' title='bbox 3123 1569 3411 1641; x_wconf 86' lang='grc' dir='ltr'>σπέρματα</span> <span class='ocrx_word' id='word_1_362' title='bbox 3458 1571 3551 1624; x_wconf 76' lang='grc' dir='ltr'><strong>ἐπὶ</strong></span> <span class='ocrx_word' id='word_1_363' title='bbox 3600 1571 3698 1640; x_wconf 76' lang='grc' dir='ltr'><strong>τὴν</strong></span> <span class='ocrx_word' id='word_1_364' title='bbox 3743 1590 3843 1625; x_wconf 80' lang='grc' dir='ltr'>πε-</span> 
     </span>
    </p>
   </div>
   <div class='ocr_carea' id='block_1_49' title="bbox 2255 1660 3841 1737">
    <p class='ocr_par' dir='ltr' id='par_1_49' title="bbox 2255 1660 3841 1737">
     <span class='ocr_line' id='line_1_49' title="bbox 2255 1660 3841 1737; baseline -0.004 -18"><span class='ocrx_word' id='word_1_365' title='bbox 2255 1665 2433 1737; x_wconf 80' lang='grc' dir='ltr'>τρώδη</span> <span class='ocrx_word' id='word_1_366' title='bbox 2463 1664 2568 1735; x_wconf 73' lang='grc' dir='ltr'><strong>γῆν</strong></span> <span class='ocrx_word' id='word_1_367' title='bbox 2612 1664 2845 1735; x_wconf 83' lang='grc' dir='ltr'><strong>βαλόντι,</strong></span> <span class='ocrx_word' id='word_1_368' title='bbox 2891 1660 3034 1731; x_wconf 81' lang='grc' dir='ltr'>ὁρῶν</span> <span class='ocrx_word' id='word_1_369' title='bbox 3072 1660 3239 1731; x_wconf 81' lang='grc' dir='ltr'>ἄλλην</span> <span class='ocrx_word' id='word_1_370' title='bbox 3270 1660 3393 1714; x_wconf 83' lang='grc' dir='ltr'>τινὰ</span> <span class='ocrx_word' id='word_1_371' title='bbox 3440 1660 3690 1733; x_wconf 82' lang='grc' dir='ltr'>πετρώδη</span> <span class='ocrx_word' id='word_1_372' title='bbox 3739 1662 3841 1732; x_wconf 82' lang='grc' dir='ltr'><strong>τὴν</strong></span> 
     </span>
    </p>
   </div>
   <div class='ocr_carea' id='block_1_50' title="bbox 2255 1750 3851 1825">
    <p class='ocr_par' dir='ltr' id='par_1_50' title="bbox 2255 1750 3851 1825">
     <span class='ocr_line' id='line_1_50' title="bbox 2255 1750 3851 1825; baseline -0.003 -17"><span class='ocrx_word' id='word_1_373' title='bbox 2255 1755 2524 1811; x_wconf 78' lang='grc' dir='ltr'>λαὸοὖσαν</span> <span class='ocrx_word' id='word_1_374' title='bbox 2553 1755 2623 1807; x_wconf 77' lang='grc' dir='ltr'><strong>τά</strong></span> <span class='ocrx_word' id='word_1_375' title='bbox 2666 1753 2977 1825; x_wconf 82' lang='grc' dir='ltr'>σπέρματα,</span> <span class='ocrx_word' id='word_1_376' title='bbox 3030 1752 3124 1805; x_wconf 75' lang='grc' dir='ltr'><strong>καὶ</strong></span> <span class='ocrx_word' id='word_1_377' title='bbox 3162 1750 3451 1815; x_wconf 81' lang='grc' dir='ltr'>ἀνθοῦσαν,</span> <span class='ocrx_word' id='word_1_378' title='bbox 3484 1752 3851 1822; x_wconf 83' lang='grc' dir='ltr'>ἀποκρίναιτο</span> 
     </span>
    </p>
   </div>
   <div class='ocr_carea' id='block_1_51' title="bbox 2254 1839 3837 1921">
    <p class='ocr_par' dir='ltr' id='par_1_51' title="bbox 2254 1839 3837 1921">
     <span class='ocr_line' id='line_1_51' title="bbox 2254 1839 3837 1921; baseline -0.007 -16"><span class='ocrx_word' id='word_1_379' title='bbox 2254 1851 2321 1905; x_wconf 79' lang='grc' dir='ltr'><strong>ἂν</strong></span> <span class='ocrx_word' id='word_1_380' title='bbox 2358 1852 2386 1903; x_wconf 89' lang='grc' dir='ltr'><strong>ό</strong></span> <span class='ocrx_word' id='word_1_381' title='bbox 2417 1848 2660 1921; x_wconf 78' lang='grc' dir='ltr'>γεωργὸς</span> <span class='ocrx_word' id='word_1_382' title='bbox 2701 1848 2805 1910; x_wconf 81' lang='grc' dir='ltr'>ὅτι,</span> <span class='ocrx_word' id='word_1_383' title='bbox 2835 1845 3059 1916; x_wconf 78' lang='grc' dir='ltr'><strong>Βράδιον</strong></span> <span class='ocrx_word' id='word_1_384' title='bbox 3116 1844 3302 1915; x_wconf 81' lang='grc' dir='ltr'>σπερῶ</span> <span class='ocrx_word' id='word_1_385' title='bbox 3346 1839 3443 1910; x_wconf 81' lang='grc' dir='ltr'>τὴν</span> <span class='ocrx_word' id='word_1_386' title='bbox 3468 1843 3569 1913; x_wconf 77' lang='grc' dir='ltr'><strong>γῆν</strong></span> <span class='ocrx_word' id='word_1_387' title='bbox 3609 1842 3837 1912; x_wconf 76' lang='grc' dir='ltr'>ταύτην,</span> 
     </span>
    </p>
   </div>
   <div class='ocr_carea' id='block_1_52' title="bbox 2256 1936 3845 2010">
    <p class='ocr_par' dir='ltr' id='par_1_52' title="bbox 2256 1936 3845 2010">
     <span class='ocr_line' id='line_1_52' title="bbox 2256 1936 3845 2010; baseline -0.006 -14"><span class='ocrx_word' id='word_1_388' title='bbox 2256 1941 2527 1997; x_wconf 80' lang='grc' dir='ltr'>ἐπιϐαλὼν</span> <span class='ocrx_word' id='word_1_389' title='bbox 2568 1940 2635 1994; x_wconf 77' lang='grc' dir='ltr'>τὰ</span> <span class='ocrx_word' id='word_1_390' title='bbox 2666 1940 2939 2010; x_wconf 84' lang='grc' dir='ltr'>δυνάμενα</span> <span class='ocrx_word' id='word_1_391' title='bbox 2972 1939 3418 2009; x_wconf 78' lang='grc' dir='ltr'>παρακατασχεῖν</span> <span class='ocrx_word' id='word_1_392' title='bbox 3454 1936 3524 1989; x_wconf 78' lang='grc' dir='ltr'><strong>τὰ</strong></span> <span class='ocrx_word' id='word_1_393' title='bbox 3571 1936 3845 2005; x_wconf 84' lang='grc' dir='ltr'>σπαρησό-</span> 
     </span>
    </p>
   </div>
   <div class='ocr_carea' id='block_1_53' title="bbox 2262 2028 3844 2109">
    <p class='ocr_par' dir='ltr' id='par_1_53' title="bbox 2262 2028 3844 2109">
     <span class='ocr_line' id='line_1_53' title="bbox 2262 2028 3844 2109; baseline -0.006 -19"><span class='ocrx_word' id='word_1_394' title='bbox 2262 2054 2431 2109; x_wconf 82' lang='grc' dir='ltr'>μενα,</span> <span class='ocrx_word' id='word_1_395' title='bbox 2483 2034 2792 2107; x_wconf 88' lang='grc' dir='ltr'>κρείττονος</span> <span class='ocrx_word' id='word_1_396' title='bbox 2843 2030 3105 2100; x_wconf 81' lang='grc' dir='ltr'>ἐσομένου</span> <span class='ocrx_word' id='word_1_397' title='bbox 3160 2032 3287 2100; x_wconf 77' lang='grc' dir='ltr'>τῇδε</span> <span class='ocrx_word' id='word_1_398' title='bbox 3330 2032 3396 2100; x_wconf 81' lang='grc' dir='ltr'>τῇ</span> <span class='ocrx_word' id='word_1_399' title='bbox 3445 2032 3515 2101; x_wconf 83' lang='grc' dir='ltr'><strong>γῇ</strong></span> <span class='ocrx_word' id='word_1_400' title='bbox 3564 2028 3657 2082; x_wconf 75' lang='grc' dir='ltr'>τοῦ</span> <span class='ocrx_word' id='word_1_401' title='bbox 3704 2030 3844 2099; x_wconf 85' lang='grc' dir='ltr'>βρα-</span> 
     </span>
    </p>
   </div>
   <div class='ocr_carea' id='block_1_54' title="bbox 2256 2119 3843 2199">
    <p class='ocr_par' dir='ltr' id='par_1_54' title="bbox 2256 2119 3843 2199">
     <span class='ocr_line' id='line_1_54' title="bbox 2256 2119 3843 2199; baseline -0.007 -18"><span class='ocrx_word' id='word_1_402' title='bbox 2256 2128 2502 2199; x_wconf 81' lang='grc' dir='ltr'>δυτέρου,</span> <span class='ocrx_word' id='word_1_403' title='bbox 2532 2126 2625 2178; x_wconf 59' lang='grc' dir='ltr'><strong>καὶ¹</strong></span> <span class='ocrx_word' id='word_1_404' title='bbox 2666 2121 3092 2193; x_wconf 75' lang='grc' dir='ltr'>ἀσφαλεστέρου,</span> <span class='ocrx_word' id='word_1_405' title='bbox 3152 2119 3303 2191; x_wconf 83' lang='grc' dir='ltr'>παρὰ</span> <span class='ocrx_word' id='word_1_406' title='bbox 3330 2119 3427 2191; x_wconf 83' lang='grc' dir='ltr'><strong>τὴν</strong></span> <span class='ocrx_word' id='word_1_407' title='bbox 3469 2119 3657 2191; x_wconf 79' lang='grc' dir='ltr'>τάχιον</span> <span class='ocrx_word' id='word_1_408' title='bbox 3689 2119 3843 2189; x_wconf 83' lang='grc' dir='ltr'>είλη-</span> 
     </span>
    </p>
   </div>
   <div class='ocr_carea' id='block_1_55' title="bbox 2256 2212 3845 2290">
    <p class='ocr_par' dir='ltr' id='par_1_55' title="bbox 2256 2212 3845 2290">
     <span class='ocr_line' id='line_1_55' title="bbox 2256 2212 3845 2290; baseline -0.005 -17"><span class='ocrx_word' id='word_1_409' title='bbox 2256 2223 2419 2290; x_wconf 84' lang='grc' dir='ltr'>φυῖαν</span> <span class='ocrx_word' id='word_1_410' title='bbox 2454 2219 2549 2273; x_wconf 79' lang='grc' dir='ltr'>καὶ</span> <span class='ocrx_word' id='word_1_411' title='bbox 2606 2216 3092 2286; x_wconf 83' lang='grc' dir='ltr'>ἐπιπολαιοτέρως·</span> <span class='ocrx_word' id='word_1_412' title='bbox 3131 2212 3378 2286; x_wconf 81' lang='grc' dir='ltr'>πεισθείη</span> <span class='ocrx_word' id='word_1_413' title='bbox 3427 2212 3525 2283; x_wconf 82' lang='grc' dir='ltr'>μὲν</span> <span class='ocrx_word' id='word_1_414' title='bbox 3561 2212 3639 2276; x_wconf 80' lang='grc' dir='ltr'>ὡς</span> <span class='ocrx_word' id='word_1_415' title='bbox 3684 2212 3845 2265; x_wconf 81' lang='grc' dir='ltr'>εὐλό-</span> 
     </span>
    </p>
   </div>
   <div class='ocr_carea' id='block_1_56' title="bbox 2253 2305 3847 2383">
    <p class='ocr_par' dir='ltr' id='par_1_56' title="bbox 2253 2305 3847 2383">
     <span class='ocr_line' id='line_1_56' title="bbox 2253 2305 3847 2383; baseline -0.006 -17"><span class='ocrx_word' id='word_1_416' title='bbox 2253 2331 2364 2383; x_wconf 85' lang='grc' dir='ltr'><strong>γως</strong></span> <span class='ocrx_word' id='word_1_417' title='bbox 2418 2313 2627 2381; x_wconf 80' lang='grc' dir='ltr'>λέγοντι</span> <span class='ocrx_word' id='word_1_418' title='bbox 2675 2310 2752 2381; x_wconf 80' lang='grc' dir='ltr'><strong>τῷ</strong></span> <span class='ocrx_word' id='word_1_419' title='bbox 2783 2307 3035 2379; x_wconf 80' lang='grc' dir='ltr'>γεωργῷ,</span> <span class='ocrx_word' id='word_1_420' title='bbox 3064 2306 3156 2360; x_wconf 72' lang='grc' dir='ltr'><strong>καὶ</strong></span> <span class='ocrx_word' id='word_1_421' title='bbox 3197 2305 3273 2370; x_wconf 81' lang='grc' dir='ltr'>ὡς</span> <span class='ocrx_word' id='word_1_422' title='bbox 3304 2305 3686 2377; x_wconf 75' lang='grc' dir='ltr'>ἐπιστημόνως</span> <span class='ocrx_word' id='word_1_423' title='bbox 3744 2321 3847 2357; x_wconf 82' lang='grc' dir='ltr'>πε-</span> 
     </span>
    </p>
   </div>
   <div class='ocr_carea' id='block_1_57' title="bbox 2254 2399 3849 2478">
    <p class='ocr_par' dir='ltr' id='par_1_57' title="bbox 2254 2399 3849 2478">
     <span class='ocr_line' id='line_1_57' title="bbox 2254 2399 3849 2478; baseline -0.007 -16"><span class='ocrx_word' id='word_1_424' title='bbox 2254 2407 2536 2478; x_wconf 79' lang='grc' dir='ltr'>ποιηκότι’</span> <span class='ocrx_word' id='word_1_425' title='bbox 2578 2404 2721 2459; x_wconf 71' lang='grc' dir='ltr'>οὕτω</span> <span class='ocrx_word' id='word_1_426' title='bbox 2757 2404 2851 2457; x_wconf 69' lang='grc' dir='ltr'><strong>καὶ</strong></span> <span class='ocrx_word' id='word_1_427' title='bbox 2897 2405 2925 2455; x_wconf 87' lang='grc' dir='ltr'>ὁ</span> <span class='ocrx_word' id='word_1_428' title='bbox 2967 2401 3137 2472; x_wconf 87' lang='grc' dir='ltr'>μέγας</span> <span class='ocrx_word' id='word_1_429' title='bbox 3182 2399 3363 2469; x_wconf 82' lang='grc' dir='ltr'>πάσης</span> <span class='ocrx_word' id='word_1_430' title='bbox 3405 2400 3621 2469; x_wconf 76' lang='grc' dir='ltr'>φύσεως</span> <span class='ocrx_word' id='word_1_431' title='bbox 3670 2416 3849 2471; x_wconf 74' lang='grc' dir='ltr'><strong>γιεωρ⁴</strong></span> 
     </span>
    </p>
   </div>
   <div class='ocr_carea' id='block_1_58' title="bbox 2252 2493 3846 2572">
    <p class='ocr_par' dir='ltr' id='par_1_58' title="bbox 2252 2493 3846 2572">
     <span class='ocr_line' id='line_1_58' title="bbox 2252 2493 3846 2572; baseline 0.002 -26"><span class='ocrx_word' id='word_1_432' title='bbox 2252 2502 2348 2569; x_wconf 68' lang='grc' dir='ltr'><strong>γὸς</strong></span> <span class='ocrx_word' id='word_1_433' title='bbox 2403 2498 2516 2572; x_wconf 78' lang='lat'><strong>(56)</strong></span> <span class='ocrx_word' id='word_1_434' title='bbox 2578 2495 2925 2569; x_wconf 77' lang='grc' dir='ltr'>ὑπερτίθεται</span> <span class='ocrx_word' id='word_1_435' title='bbox 2977 2494 3074 2565; x_wconf 85' lang='grc' dir='ltr'>τὴν</span> <span class='ocrx_word' id='word_1_436' title='bbox 3122 2493 3471 2565; x_wconf 81' lang='grc' dir='ltr'>νομισθεῖσαν</span> <span class='ocrx_word' id='word_1_437' title='bbox 3528 2493 3596 2549; x_wconf 83' lang='grc' dir='ltr'><strong>ἂν</strong></span> <span class='ocrx_word' id='word_1_438' title='bbox 3649 2494 3846 2566; x_wconf 84' lang='grc' dir='ltr'>τάχιον</span> 
     </span>
    </p>
   </div>
   <div class='ocr_carea' id='block_1_59' title="bbox 2252 2584 3848 2659">
    <p class='ocr_par' dir='ltr' id='par_1_59' title="bbox 2252 2584 3848 2659">
     <span class='ocr_line' id='line_1_59' title="bbox 2252 2584 3848 2659; baseline -0.004 -14"><span class='ocrx_word' id='word_1_439' title='bbox 2252 2591 2518 2655; x_wconf 76' lang='grc' dir='ltr'>εὐποιΐαν,</span> <span class='ocrx_word' id='word_1_440' title='bbox 2558 2589 2648 2643; x_wconf 83' lang='grc' dir='ltr'><strong>ἴνα</strong></span> <span class='ocrx_word' id='word_1_441' title='bbox 2707 2586 2780 2659; x_wconf 84' lang='grc' dir='ltr'>μὴ</span> <span class='ocrx_word' id='word_1_442' title='bbox 2832 2586 3147 2649; x_wconf 77' lang='grc' dir='ltr'>ἐπιπόλαιος</span> <span class='ocrx_word' id='word_1_443' title='bbox 3194 2584 3440 2655; x_wconf 83' lang='grc' dir='ltr'>γένηται.</span> <span class='ocrx_word' id='word_1_444' title='bbox 3496 2585 3638 2639; x_wconf 82' lang='grc' dir='ltr'>Ἀλλ’</span> <span class='ocrx_word' id='word_1_445' title='bbox 3689 2586 3848 2651; x_wconf 78' lang='grc' dir='ltr'>εἰκὸς</span> 
     </span>
    </p>
   </div>
   <div class='ocr_carea' id='block_1_60' title="bbox 2250 2676 3849 2753">
    <p class='ocr_par' dir='ltr' id='par_1_60' title="bbox 2250 2676 3849 2753">
     <span class='ocr_line' id='line_1_60' title="bbox 2250 2676 3849 2753; baseline -0.004 -18"><span class='ocrx_word' id='word_1_446' title='bbox 2250 2684 2383 2753; x_wconf 79' lang='grc' dir='ltr'>ἡμῖν</span> <span class='ocrx_word' id='word_1_447' title='bbox 2422 2680 2541 2735; x_wconf 84' lang='grc' dir='ltr'>τινὰ</span> <span class='ocrx_word' id='word_1_448' title='bbox 2575 2678 2710 2750; x_wconf 86' lang='grc' dir='ltr'>πρὸς</span> <span class='ocrx_word' id='word_1_449' title='bbox 2753 2676 2926 2732; x_wconf 73' lang='grc' dir='ltr'>ταῦτα</span> <span class='ocrx_word' id='word_1_450' title='bbox 2968 2676 3417 2745; x_wconf 80' lang='grc' dir='ltr'>άνθυπενεγκεῖν⁶</span> <span class='ocrx_word' id='word_1_451' title='bbox 3450 2676 3549 2731; x_wconf 81' lang='grc' dir='ltr'>Διὰ</span> <span class='ocrx_word' id='word_1_452' title='bbox 3580 2676 3634 2729; x_wconf 89' lang='grc' dir='ltr'><strong>τί</strong></span> <span class='ocrx_word' id='word_1_453' title='bbox 3682 2677 3740 2730; x_wconf 83' lang='grc' dir='ltr'>δὲ</span> <span class='ocrx_word' id='word_1_454' title='bbox 3790 2678 3849 2729; x_wconf 77' lang='grc' dir='ltr'><strong>τὶ</strong></span> 
     </span>
    </p>
   </div>
   <div class='ocr_carea' id='block_1_61' title="bbox 2250 2765 3849 2841">
    <p class='ocr_par' dir='ltr' id='par_1_61' title="bbox 2250 2765 3849 2841">
     <span class='ocr_line' id='line_1_61' title="bbox 2250 2765 3849 2841; baseline -0.004 -15"><span class='ocrx_word' id='word_1_455' title='bbox 2250 2772 2358 2826; x_wconf 83' lang='grc' dir='ltr'><strong>τῶν</strong></span> <span class='ocrx_word' id='word_1_456' title='bbox 2388 2769 2717 2841; x_wconf 87' lang='grc' dir='ltr'>σπερμάτων</span> <span class='ocrx_word' id='word_1_457' title='bbox 2746 2768 2932 2821; x_wconf 87' lang='grc' dir='ltr'>πίπτει</span> <span class='ocrx_word' id='word_1_458' title='bbox 2964 2766 3054 2820; x_wconf 79' lang='grc' dir='ltr'><strong>ἐπὶ</strong></span> <span class='ocrx_word' id='word_1_459' title='bbox 3085 2765 3183 2836; x_wconf 86' lang='grc' dir='ltr'>τὴν</span> <span class='ocrx_word' id='word_1_460' title='bbox 3222 2765 3283 2831; x_wconf 79' lang='grc' dir='ltr'><strong>ἐξ</strong></span> <span class='ocrx_word' id='word_1_461' title='bbox 3312 2766 3579 2837; x_wconf 75' lang='grc' dir='ltr'>ἐπιπολῆς</span> <span class='ocrx_word' id='word_1_462' title='bbox 3608 2766 3849 2835; x_wconf 77' lang='grc' dir='ltr'>ἔχουσαν</span> 
     </span>
    </p>
   </div>
   <div class='ocr_carea' id='block_1_62' title="bbox 2250 2854 3847 2934">
    <p class='ocr_par' dir='ltr' id='par_1_62' title="bbox 2250 2854 3847 2934">
     <span class='ocr_line' id='line_1_62' title="bbox 2250 2854 3847 2934; baseline -0.003 -17"><span class='ocrx_word' id='word_1_463' title='bbox 2250 2864 2349 2934; x_wconf 79' lang='grc' dir='ltr'><strong>τὴν</strong></span> <span class='ocrx_word' id='word_1_464' title='bbox 2396 2862 2522 2932; x_wconf 82' lang='grc' dir='ltr'>γῆν,</span> <span class='ocrx_word' id='word_1_465' title='bbox 2564 2861 2727 2915; x_wconf 70' lang='grc' dir='ltr'>οἱονεὶ</span> <span class='ocrx_word' id='word_1_466' title='bbox 2779 2860 2985 2930; x_wconf 87' lang='grc' dir='ltr'>πέτραν</span> <span class='ocrx_word' id='word_1_467' title='bbox 3028 2854 3191 2913; x_wconf 79' lang='grc' dir='ltr'>οὖσαν</span> <span class='ocrx_word' id='word_1_468' title='bbox 3245 2859 3462 2930; x_wconf 72' lang='grc' dir='ltr'>ψυχήν;</span> <span class='ocrx_word' id='word_1_469' title='bbox 3512 2860 3751 2912; x_wconf 86' lang='grc' dir='ltr'>Λεκτέον</span> <span class='ocrx_word' id='word_1_470' title='bbox 3784 2860 3847 2913; x_wconf 82' lang='grc' dir='ltr'>δὲ</span> 
     </span>
    </p>
   </div>
   <div class='ocr_carea' id='block_1_63' title="bbox 2251 2951 3845 3026">
    <p class='ocr_par' dir='ltr' id='par_1_63' title="bbox 2251 2951 3845 3026">
     <span class='ocr_line' id='line_1_63' title="bbox 2251 2951 3845 3026; baseline -0.003 -17"><span class='ocrx_word' id='word_1_471' title='bbox 2251 2956 2344 3009; x_wconf 79' lang='grc' dir='ltr'><strong>καὶ</strong></span> <span class='ocrx_word' id='word_1_472' title='bbox 2377 2954 2513 3026; x_wconf 84' lang='grc' dir='ltr'>πρὸς</span> <span class='ocrx_word' id='word_1_473' title='bbox 2542 2952 2703 3007; x_wconf 80' lang='grc' dir='ltr'>τοῦτο</span> <span class='ocrx_word' id='word_1_474' title='bbox 2743 2955 2823 3006; x_wconf 86' lang='grc' dir='ltr'><strong>ὃτι</strong></span> <span class='ocrx_word' id='word_1_475' title='bbox 2854 2952 3058 3021; x_wconf 82' lang='grc' dir='ltr'>βέλτιον</span> <span class='ocrx_word' id='word_1_476' title='bbox 3097 2952 3225 3022; x_wconf 81' lang='grc' dir='ltr'>τῇδέ</span> <span class='ocrx_word' id='word_1_477' title='bbox 3255 2968 3358 3004; x_wconf 87' lang='grc' dir='ltr'>τινι</span> <span class='ocrx_word' id='word_1_478' title='bbox 3398 2951 3845 3022; x_wconf 87' lang='grc' dir='ltr'>προπετέστερον</span> 
     </span>
    </p>
   </div>
   <div class='ocr_carea' id='block_1_64' title="bbox 2253 3043 3849 3121">
    <p class='ocr_par' dir='ltr' id='par_1_64' title="bbox 2253 3043 3849 3121">
     <span class='ocr_line' id='line_1_64' title="bbox 2253 3043 3849 3121; baseline -0.001 -21"><span class='ocrx_word' id='word_1_479' title='bbox 2253 3046 2625 3121; x_wconf 75' lang='grc' dir='ltr'>βεϐουλημένῃ</span> <span class='ocrx_word' id='word_1_480' title='bbox 2654 3046 2723 3099; x_wconf 75' lang='grc' dir='ltr'>τὰ</span> <span class='ocrx_word' id='word_1_481' title='bbox 2773 3045 3077 3117; x_wconf 89' lang='grc' dir='ltr'>κρείττονα,</span> <span class='ocrx_word' id='word_1_482' title='bbox 3130 3045 3225 3097; x_wconf 80' lang='grc' dir='ltr'><strong>καὶ</strong></span> <span class='ocrx_word' id='word_1_483' title='bbox 3274 3043 3394 3114; x_wconf 71' lang='grc' dir='ltr'>οὐχὶ</span> <span class='ocrx_word' id='word_1_484' title='bbox 3426 3043 3530 3114; x_wconf 81' lang='grc' dir='ltr'>όδῷ</span> <span class='ocrx_word' id='word_1_485' title='bbox 3573 3046 3659 3097; x_wconf 82' lang='grc' dir='ltr'>ἐπ’</span> <span class='ocrx_word' id='word_1_486' title='bbox 3698 3046 3849 3099; x_wconf 82' lang='grc' dir='ltr'>αὐτὰ</span> 
     </span>
    </p>
   </div>
   <div class='ocr_carea' id='block_1_65' title="bbox 2249 3136 3850 3219">
    <p class='ocr_par' dir='ltr' id='par_1_65' title="bbox 2249 3136 3850 3219">
     <span class='ocr_line' id='line_1_65' title="bbox 2249 3136 3850 3219; baseline -0.001 -22"><span class='ocrx_word' id='word_1_487' title='bbox 2249 3144 2552 3219; x_wconf 83' lang='grc' dir='ltr'>όδευσάσῃ,</span> <span class='ocrx_word' id='word_1_488' title='bbox 2608 3146 2789 3215; x_wconf 83' lang='grc' dir='ltr'>τυχεῖν</span> <span class='ocrx_word' id='word_1_489' title='bbox 2839 3136 2900 3197; x_wconf 73' lang='grc' dir='ltr'>οὗ</span> <span class='ocrx_word' id='word_1_490' title='bbox 2957 3142 3314 3215; x_wconf 77' lang='grc' dir='ltr'>βεϐούληται·</span> <span class='ocrx_word' id='word_1_491' title='bbox 3349 3144 3437 3197; x_wconf 83' lang='grc' dir='ltr'>ἵνα</span> <span class='ocrx_word' id='word_1_492' title='bbox 3494 3143 3699 3213; x_wconf 76' lang='grc' dir='ltr'>ἑαυτῆς</span> <span class='ocrx_word' id='word_1_493' title='bbox 3747 3143 3850 3195; x_wconf 74' lang='grc' dir='ltr'>ἐπὶ</span> 
     </span>
    </p>
   </div>
   <div class='ocr_carea' id='block_1_66' title="bbox 2250 3234 3847 3310">
    <p class='ocr_par' dir='ltr' id='par_1_66' title="bbox 2250 3234 3847 3310">
     <span class='ocr_line' id='line_1_66' title="bbox 2250 3234 3847 3310; baseline -0.004 -18"><span class='ocrx_word' id='word_1_494' title='bbox 2250 3240 2423 3310; x_wconf 77' lang='grc' dir='ltr'>τούτῳ</span> <span class='ocrx_word' id='word_1_495' title='bbox 2465 3236 2837 3306; x_wconf 75' lang='grc' dir='ltr'>καταγνοῦσα,</span> <span class='ocrx_word' id='word_1_496' title='bbox 2867 3234 2964 3306; x_wconf 80' lang='grc' dir='ltr'>τὴν</span> <span class='ocrx_word' id='word_1_497' title='bbox 3009 3235 3149 3290; x_wconf 80' lang='grc' dir='ltr'>κατὰ</span> <span class='ocrx_word' id='word_1_498' title='bbox 3198 3234 3357 3305; x_wconf 79' lang='grc' dir='ltr'>φύσιν</span> <span class='ocrx_word' id='word_1_499' title='bbox 3402 3235 3681 3305; x_wconf 73' lang='grc' dir='ltr'>γεωργίαν</span> <span class='ocrx_word' id='word_1_500' title='bbox 3733 3252 3847 3305; x_wconf 70' lang='grc' dir='ltr'>μα-</span> 
     </span>
    </p>
   </div>
   <div class='ocr_carea' id='block_1_67' title="bbox 2252 3326 3848 3402">
    <p class='ocr_par' dir='ltr' id='par_1_67' title="bbox 2252 3326 3848 3402">
     <span class='ocr_line' id='line_1_67' title="bbox 2252 3326 3848 3402; baseline -0.003 -17"><span class='ocrx_word' id='word_1_501' title='bbox 2252 3330 2575 3402; x_wconf 87' lang='grc' dir='ltr'>κροθυμήσῃ</span> <span class='ocrx_word' id='word_1_502' title='bbox 2614 3330 2839 3399; x_wconf 79' lang='grc' dir='ltr'>ὕστερον</span> <span class='ocrx_word' id='word_1_503' title='bbox 2889 3326 3067 3397; x_wconf 79' lang='grc' dir='ltr'>πολλῷ</span> <span class='ocrx_word' id='word_1_504' title='bbox 3115 3327 3292 3399; x_wconf 86' lang='grc' dir='ltr'>χρόνῳ</span> <span class='ocrx_word' id='word_1_505' title='bbox 3340 3326 3546 3381; x_wconf 74' lang='grc' dir='ltr'>λαϐεῖν.</span> <span class='ocrx_word' id='word_1_506' title='bbox 3583 3328 3848 3399; x_wconf 81' lang='grc' dir='ltr'>Ἀπειροι</span> 
     </span>
    </p>
   </div>
   <div class='ocr_carea' id='block_1_68' title="bbox 2176 3417 3855 3506">
    <p class='ocr_par' dir='ltr' id='par_1_68' title="bbox 2176 3417 3855 3506">
     <span class='ocr_line' id='line_1_68' title="bbox 2176 3417 3855 3506; baseline 0 -33"><span class='ocrx_word' id='word_1_507' title='bbox 2176 3444 2219 3506; x_wconf 75' lang='lat' dir='ltr'><strong>C</strong></span> <span class='ocrx_word' id='word_1_508' title='bbox 2250 3421 2357 3491; x_wconf 79' lang='grc' dir='ltr'><strong>γάρ</strong></span> <span class='ocrx_word' id='word_1_509' title='bbox 2402 3423 2551 3492; x_wconf 74' lang='grc' dir='ltr'>ἡμῖν,</span> <span class='ocrx_word' id='word_1_510' title='bbox 2578 3421 2653 3484; x_wconf 82' lang='grc' dir='ltr'>ὼς</span> <span class='ocrx_word' id='word_1_511' title='bbox 2686 3419 2750 3474; x_wconf 82' lang='grc' dir='ltr'><strong>ἂν</strong></span> <span class='ocrx_word' id='word_1_512' title='bbox 2785 3419 2926 3474; x_wconf 84' lang='grc' dir='ltr'>εἴποι</span> <span class='ocrx_word' id='word_1_513' title='bbox 2960 3438 3068 3484; x_wconf 85' lang='grc' dir='ltr'>τις,</span> <span class='ocrx_word' id='word_1_514' title='bbox 3108 3420 3163 3473; x_wconf 77' lang='grc' dir='ltr'>αἱ</span> <span class='ocrx_word' id='word_1_515' title='bbox 3191 3418 3381 3489; x_wconf 71' lang='grc' dir='ltr'>ψυχαὶ,</span> <span class='ocrx_word' id='word_1_516' title='bbox 3411 3417 3507 3472; x_wconf 56' lang='grc' dir='ltr'><strong>καὶ⁸</strong></span> <span class='ocrx_word' id='word_1_517' title='bbox 3537 3420 3745 3490; x_wconf 81' lang='grc' dir='ltr'>ἄπειρα</span> <span class='ocrx_word' id='word_1_518' title='bbox 3774 3419 3855 3473; x_wconf 74' lang='grc' dir='ltr'>τὰ</span> 
     </span>
    </p>
   </div>
   <div class='ocr_carea' id='block_1_69' title="bbox 2251 3510 3851 3585">
    <p class='ocr_par' dir='ltr' id='par_1_69' title="bbox 2251 3510 3851 3585">
     <span class='ocr_line' id='line_1_69' title="bbox 2251 3510 3851 3585; baseline -0.003 -18"><span class='ocrx_word' id='word_1_519' title='bbox 2251 3514 2459 3567; x_wconf 80' lang='grc' dir='ltr'>τούτων</span> <span class='ocrx_word' id='word_1_520' title='bbox 2496 3513 2632 3585; x_wconf 69' lang='grc' dir='ltr'>ἤθη,</span> <span class='ocrx_word' id='word_1_521' title='bbox 2667 3513 2761 3565; x_wconf 75' lang='grc' dir='ltr'><strong>καὶ</strong></span> <span class='ocrx_word' id='word_1_522' title='bbox 2796 3512 3021 3567; x_wconf 85' lang='grc' dir='ltr'>πλεῖστα</span> <span class='ocrx_word' id='word_1_523' title='bbox 3051 3512 3151 3565; x_wconf 84' lang='grc' dir='ltr'><strong>ὃσα</strong></span> <span class='ocrx_word' id='word_1_524' title='bbox 3202 3510 3271 3565; x_wconf 82' lang='grc' dir='ltr'>τὰ</span> <span class='ocrx_word' id='word_1_525' title='bbox 3302 3512 3615 3581; x_wconf 84' lang='grc' dir='ltr'>κινήματα,</span> <span class='ocrx_word' id='word_1_526' title='bbox 3649 3510 3745 3564; x_wconf 77' lang='grc' dir='ltr'><strong>καὶ</strong></span> <span class='ocrx_word' id='word_1_527' title='bbox 3784 3512 3851 3564; x_wconf 79' lang='grc' dir='ltr'>αἱ</span> 
     </span>
    </p>
   </div>
   <div class='ocr_carea' id='block_1_70' title="bbox 2252 3594 3852 3677">
    <p class='ocr_par' dir='ltr' id='par_1_70' title="bbox 2252 3594 3852 3677">
     <span class='ocr_line' id='line_1_70' title="bbox 2252 3594 3852 3677; baseline -0.004 -18"><span class='ocrx_word' id='word_1_528' title='bbox 2252 3604 2566 3677; x_wconf 85' lang='grc' dir='ltr'>προθέσεις,</span> <span class='ocrx_word' id='word_1_529' title='bbox 2606 3605 2700 3657; x_wconf 78' lang='grc' dir='ltr'><strong>καὶ</strong></span> <span class='ocrx_word' id='word_1_530' title='bbox 2749 3604 2805 3656; x_wconf 78' lang='grc' dir='ltr'><strong>αἱ</strong></span> <span class='ocrx_word' id='word_1_531' title='bbox 2850 3602 3128 3668; x_wconf 78' lang='grc' dir='ltr'>ἐπιϐολαὶ,</span> <span class='ocrx_word' id='word_1_532' title='bbox 3175 3604 3268 3656; x_wconf 76' lang='grc' dir='ltr'><strong>καὶ</strong></span> <span class='ocrx_word' id='word_1_533' title='bbox 3310 3603 3365 3658; x_wconf 90' lang='grc' dir='ltr'>αἱ</span> <span class='ocrx_word' id='word_1_534' title='bbox 3408 3602 3601 3673; x_wconf 75' lang='grc' dir='ltr'>ὁρμαὶ,</span> <span class='ocrx_word' id='word_1_535' title='bbox 3641 3594 3719 3655; x_wconf 80' lang='grc' dir='ltr'>ὧν</span> <span class='ocrx_word' id='word_1_536' title='bbox 3761 3598 3852 3665; x_wconf 67' lang='grc' dir='ltr'>εἷς</span> 
     </span>
    </p>
   </div>
   <div class='ocr_carea' id='block_1_71' title="bbox 2255 3694 3853 3770">
    <p class='ocr_par' dir='ltr' id='par_1_71' title="bbox 2255 3694 3853 3770">
     <span class='ocr_line' id='line_1_71' title="bbox 2255 3694 3853 3770; baseline -0.004 -17"><span class='ocrx_word' id='word_1_537' title='bbox 2255 3699 2413 3770; x_wconf 88' lang='grc' dir='ltr'>μόνος</span> <span class='ocrx_word' id='word_1_538' title='bbox 2451 3697 2733 3769; x_wconf 83' lang='grc' dir='ltr'>οἰκονόμος</span> <span class='ocrx_word' id='word_1_539' title='bbox 2773 3698 3029 3768; x_wconf 86' lang='grc' dir='ltr'>ἄριστος,</span> <span class='ocrx_word' id='word_1_540' title='bbox 3064 3696 3158 3752; x_wconf 76' lang='grc' dir='ltr'><strong>καὶ</strong></span> <span class='ocrx_word' id='word_1_541' title='bbox 3194 3695 3319 3758; x_wconf 78' lang='grc' dir='ltr'>τοὺς</span> <span class='ocrx_word' id='word_1_542' title='bbox 3354 3694 3582 3768; x_wconf 76' lang='grc' dir='ltr'>καιροὺς</span> <span class='ocrx_word' id='word_1_543' title='bbox 3617 3694 3853 3749; x_wconf 84' lang='grc' dir='ltr'>ἐπιστά-</span> 
     </span>
    </p>
   </div>
   <div class='ocr_carea' id='block_1_72' title="bbox 1805 3834 2612 3892">
    <p class='ocr_par' dir='ltr' id='par_1_72' title="bbox 1805 3834 2612 3892">
     <span class='ocr_line' id='line_1_72' title="bbox 1805 3834 2612 3892; baseline 0.005 -4"><span class='ocrx_word' id='word_1_544' title='bbox 1805 3834 2371 3890; x_wconf 81' lang='lat' dir='ltr'><strong>INTERPRETATIO</strong></span> <span class='ocrx_word' id='word_1_545' title='bbox 2402 3834 2612 3892; x_wconf 79' lang='lat' dir='ltr'><strong>NOVA.</strong></span> 
     </span>
    </p>
   </div>
   <div class='ocr_carea' id='block_1_73' title="bbox 570 3924 3855 4002">
    <p class='ocr_par' dir='ltr' id='par_1_73' title="bbox 570 3924 3855 4002">
     <span class='ocr_line' id='line_1_73' title="bbox 570 3924 3855 4002; baseline -0.005 -8"><span class='ocrx_word' id='word_1_546' title='bbox 570 3924 849 4002; x_wconf 63' lang='grc' dir='ltr'><strong>άῖξβθηβθι</strong></span> <span class='ocrx_word' id='word_1_547' title='bbox 875 3942 913 4002; x_wconf 31' lang='grc' dir='ltr'><strong>ἶ-</strong></span> <span class='ocrx_word' id='word_1_548' title='bbox 936 3926 1401 4002; x_wconf 63' lang='lat' dir='ltr'><strong>incorruptibilem</strong></span> <span class='ocrx_word' id='word_1_549' title='bbox 1427 3930 1629 3999; x_wconf 85' lang='lat' dir='ltr'><strong>quippe</strong></span> <span class='ocrx_word' id='word_1_550' title='bbox 1661 3931 1788 3987; x_wconf 89' lang='lat' dir='ltr'><strong>fecit</strong></span> <span class='ocrx_word' id='word_1_551' title='bbox 1824 3943 2075 3986; x_wconf 90' lang='lat' dir='ltr'><strong>naturam</strong></span> <span class='ocrx_word' id='word_1_552' title='bbox 2112 3932 2502 4001; x_wconf 87' lang='lat' dir='ltr'><strong>intelligentetn</strong></span> <span class='ocrx_word' id='word_1_553' title='bbox 2533 3932 2746 4002; x_wconf 89' lang='lat' dir='ltr'><strong>sibique</strong></span> <span class='ocrx_word' id='word_1_554' title='bbox 2779 3938 3092 4001; x_wconf 82' lang='lat' dir='ltr'><strong>cognatam,</strong></span> <span class='ocrx_word' id='word_1_555' title='bbox 3124 3942 3227 3983; x_wconf 89' lang='lat' dir='ltr'><strong>nec</strong></span> <span class='ocrx_word' id='word_1_556' title='bbox 3254 3942 3283 3982; x_wconf 78' lang='grc' dir='ltr'><strong>ιι</strong></span> <span class='ocrx_word' id='word_1_557' title='bbox 3312 3926 3855 3996; x_wconf 80' lang='lat' dir='ltr'><strong>curatione,quem-</strong></span> 
     </span>
    </p>
   </div>
   <div class='ocr_carea' id='block_1_74' title="bbox 572 3994 3729 4079">
    <p class='ocr_par' dir='ltr' id='par_1_74' title="bbox 572 3994 3729 4079">
     <span class='ocr_line' id='line_1_74' title="bbox 572 3994 3729 4079; baseline 0.004 -34"><span class='ocrx_word' id='word_1_558' title='bbox 572 3994 865 4079; x_wconf 62' lang='lat' dir='ltr'><strong>admodum</strong></span> <span class='ocrx_word' id='word_1_559' title='bbox 900 3996 955 4051; x_wconf 94' lang='lat' dir='ltr'><strong>in</strong></span> <span class='ocrx_word' id='word_1_560' title='bbox 996 3998 1099 4051; x_wconf 88' lang='lat' dir='ltr'><strong>hac</strong></span> <span class='ocrx_word' id='word_1_561' title='bbox 1127 3994 1256 4063; x_wconf 86' lang='lat' dir='ltr'><strong>vita,</strong></span> <span class='ocrx_word' id='word_1_562' title='bbox 1286 3994 1765 4079; x_wconf 54' lang='lat' dir='ltr'><strong>ratioiiis&#39;c&#39;ompos</strong></span> <span class='ocrx_word' id='word_1_563' title='bbox 1797 4004 1977 4079; x_wconf 72' lang='lat' dir='ltr'><strong>anima</strong></span> <span class='ocrx_word' id='word_1_564' title='bbox 2004 3994 2332 4079; x_wconf 55' lang='lat' dir='ltr'><strong>escludituf.</strong></span> <span class='ocrx_word' id='word_1_565' title='bbox 2658 3994 2677 4002; x_wconf 81' lang='grc'><em>’</em></span> <span class='ocrx_word' id='word_1_566' title='bbox 2713 4071 2728 4079; x_wconf 92' lang='lat'><em>_</em></span> <span class='ocrx_word' id='word_1_567' title='bbox 2853 3994 2881 4001; x_wconf 60' lang='grc'>⁷</span> <span class='ocrx_word' id='word_1_568' title='bbox 3079 3994 3084 3995; x_wconf 14' lang='lat'><em>7</em></span> <span class='ocrx_word' id='word_1_569' title='bbox 3140 4068 3153 4079; x_wconf 42' lang='lat'><em>.</em></span> <span class='ocrx_word' id='word_1_570' title='bbox 3440 4066 3467 4079; x_wconf 53' lang='grc' dir='ltr'>η</span> <span class='ocrx_word' id='word_1_571' title='bbox 3514 4066 3525 4077; x_wconf 85' lang='lat'><em>_</em></span> <span class='ocrx_word' id='word_1_572' title='bbox 3660 3994 3673 3996; x_wconf 15' lang='grc' dir='ltr'>ἡ</span> <span class='ocrx_word' id='word_1_573' title='bbox 3716 4066 3729 4077; x_wconf 51' lang='grc'><strong>,</strong></span> 
     </span>
    </p>
   </div>
   <div class='ocr_carea' id='block_1_75' title="bbox 645 4064 3855 4148">
    <p class='ocr_par' dir='ltr' id='par_1_75' title="bbox 645 4064 3855 4148">
     <span class='ocr_line' id='line_1_75' title="bbox 645 4064 3855 4148; baseline 0 -31"><span class='ocrx_word' id='word_1_574' title='bbox 645 4064 733 4119; x_wconf 74' lang='grc'><strong>14.</strong></span> <span class='ocrx_word' id='word_1_575' title='bbox 760 4064 883 4148; x_wconf 78' lang='lat' dir='ltr'><strong>_Age</strong></span> <span class='ocrx_word' id='word_1_576' title='bbox 912 4081 1068 4148; x_wconf 79' lang='lat' dir='ltr'><strong>vero,</strong></span> <span class='ocrx_word' id='word_1_577' title='bbox 1092 4079 1319 4148; x_wconf 3' lang='lat' dir='ltr'><strong>putantur</strong></span> <span class='ocrx_word' id='word_1_578' title='bbox 1342 4069 1515 4148; x_wconf 82' lang='lat' dir='ltr'><strong>_etiam</strong></span> <span class='ocrx_word' id='word_1_579' title='bbox 1550 4064 1986 4148; x_wconf 55' lang='lat' dir='ltr'><strong>liac&#39;evangelica</strong></span> <span class='ocrx_word' id='word_1_580' title='bbox 2018 4072 2421 4148; x_wconf 78' lang='lat' dir='ltr'><strong>similitudine:</strong></span> <span class='ocrx_word' id='word_1_581' title='bbox 2462 4071 2821 4148; x_wconf 70' lang='lat' dir='ltr'><strong>estqutedam</strong></span> <span class='ocrx_word' id='word_1_582' title='bbox 2869 4080 3020 4148; x_wconf 76' lang='lat' dir='ltr'><strong>petra</strong></span> <span class='ocrx_word' id='word_1_583' title='bbox 3070 4068 3225 4136; x_wconf 86' lang='lat' dir='ltr'><strong>cujus</strong></span> <span class='ocrx_word' id='word_1_584' title='bbox 3268 4066 3591 4148; x_wconf 71' lang='lat' dir='ltr'><strong>superficies</strong></span> <span class='ocrx_word' id='word_1_585' title='bbox 3641 4066 3855 4148; x_wconf 58' lang='lat' dir='ltr'><strong>exigua</strong></span> 
     </span>
    </p>
   </div>
   <div class='ocr_carea' id='block_1_76' title="bbox 572 4133 3858 4218">
    <p class='ocr_par' dir='ltr' id='par_1_76' title="bbox 572 4133 3858 4218">
     <span class='ocr_line' id='line_1_76' title="bbox 572 4133 3858 4218; baseline 0.001 -32"><span class='ocrx_word' id='word_1_586' title='bbox 572 4133 868 4218; x_wconf 77' lang='lat' dir='ltr'><strong>admodum</strong></span> <span class='ocrx_word' id='word_1_587' title='bbox 906 4145 1053 4190; x_wconf 88' lang='lat' dir='ltr'><strong>terra</strong></span> <span class='ocrx_word' id='word_1_588' title='bbox 1087 4138 1307 4218; x_wconf 83' lang='lat' dir='ltr'><strong>tegitur_,</strong></span> <span class='ocrx_word' id='word_1_589' title='bbox 1342 4138 1583 4218; x_wconf 65' lang='lat' dir='ltr'><strong>inquam</strong></span> <span class='ocrx_word' id='word_1_590' title='bbox 1612 4142 1657 4195; x_wconf 92' lang='lat' dir='ltr'><strong>si</strong></span> <span class='ocrx_word' id='word_1_591' title='bbox 1688 4133 1990 4197; x_wconf 82' lang='lat' dir='ltr'><strong>ceciderint</strong></span> <span class='ocrx_word' id='word_1_592' title='bbox 2018 4143 2250 4218; x_wconf 77' lang='lat' dir='ltr'><strong>semina,</strong></span> <span class='ocrx_word' id='word_1_593' title='bbox 2286 4144 2394 4199; x_wconf 89' lang='lat' dir='ltr'><strong>cito</strong></span> <span class='ocrx_word' id='word_1_594' title='bbox 2422 4133 2761 4218; x_wconf 76' lang='lat' dir='ltr'><strong>exoriuntur,</strong></span> <span class='ocrx_word' id='word_1_595' title='bbox 2792 4133 2885 4197; x_wconf 81' lang='lat' dir='ltr'><strong>sed</strong></span> <span class='ocrx_word' id='word_1_596' title='bbox 2920 4133 3218 4218; x_wconf 64' lang='lat' dir='ltr'><strong>ubiexorta</strong></span> <span class='ocrx_word' id='word_1_597' title='bbox 3246 4133 3389 4197; x_wconf 68' lang='lat' dir='ltr'><strong>sutit,</strong></span> <span class='ocrx_word' id='word_1_598' title='bbox 3424 4135 3553 4218; x_wconf 67' lang='lat' dir='ltr'><strong>quia</strong></span> <span class='ocrx_word' id='word_1_599' title='bbox 3576 4138 3858 4218; x_wconf 51' lang='lat' dir='ltr'><strong>radicem</strong></span> 
     </span>
    </p>
   </div>
   <div class='ocr_carea' id='block_1_77' title="bbox 574 4205 3856 4284">
    <p class='ocr_par' dir='ltr' id='par_1_77' title="bbox 574 4205 3856 4284">
     <span class='ocr_line' id='line_1_77' title="bbox 574 4205 3856 4284; baseline 0.002 -29"><span class='ocrx_word' id='word_1_600' title='bbox 574 4220 682 4258; x_wconf 89' lang='lat' dir='ltr'><strong>non</strong></span> <span class='ocrx_word' id='word_1_601' title='bbox 721 4205 946 4273; x_wconf 80' lang='lat' dir='ltr'><strong>habent,</strong></span> <span class='ocrx_word' id='word_1_602' title='bbox 984 4205 1181 4284; x_wconf 66' lang='lat' dir='ltr'><strong>exorto</strong></span> <span class='ocrx_word' id='word_1_603' title='bbox 1214 4208 1329 4284; x_wconf 83' lang='lat' dir='ltr'><strong>_sole</strong></span> <span class='ocrx_word' id='word_1_604' title='bbox 1355 4205 1653 4284; x_wconf 75' lang='lat' dir='ltr'><strong>aduruntur</strong></span> <span class='ocrx_word' id='word_1_605' title='bbox 1677 4219 1732 4264; x_wconf 90' lang='lat' dir='ltr'><strong>et</strong></span> <span class='ocrx_word' id='word_1_606' title='bbox 1755 4221 2106 4266; x_wconf 75' lang='lat' dir='ltr'><strong>exarescunt.</strong></span> <span class='ocrx_word' id='word_1_607' title='bbox 2140 4205 2263 4284; x_wconf 70' lang='lat' dir='ltr'><strong>.‘imc</strong></span> <span class='ocrx_word' id='word_1_608' title='bbox 2299 4228 2467 4281; x_wconf 89' lang='lat' dir='ltr'><strong>porro</strong></span> <span class='ocrx_word' id='word_1_609' title='bbox 2503 4222 2654 4284; x_wconf 89' lang='lat' dir='ltr'><strong>petra</strong></span> <span class='ocrx_word' id='word_1_610' title='bbox 2686 4212 3036 4284; x_wconf 80' lang='lat' dir='ltr'><strong>humanaest</strong></span> <span class='ocrx_word' id='word_1_611' title='bbox 3059 4210 3266 4284; x_wconf 82' lang='lat' dir='ltr'><strong>anima,</strong></span> <span class='ocrx_word' id='word_1_612' title='bbox 3316 4205 3643 4284; x_wconf 77' lang='lat' dir='ltr'><strong>negligentia</strong></span> <span class='ocrx_word' id='word_1_613' title='bbox 3678 4206 3856 4284; x_wconf 73' lang='lat' dir='ltr'><strong>indu-</strong></span> 
     </span>
    </p>
   </div>
   <div class='ocr_carea' id='block_1_78' title="bbox 573 4276 3858 4359">
    <p class='ocr_par' dir='ltr' id='par_1_78' title="bbox 573 4276 3858 4359">
     <span class='ocr_line' id='line_1_78' title="bbox 573 4276 3858 4359; baseline -0.004 -18"><span class='ocrx_word' id='word_1_614' title='bbox 573 4284 697 4359; x_wconf 65' lang='grc' dir='ltr'>εθιρ</span> <span class='ocrx_word' id='word_1_615' title='bbox 725 4284 1034 4359; x_wconf 59' lang='grc' dir='ltr'>ειΛρτοριει</span> <span class='ocrx_word' id='word_1_616' title='bbox 1058 4278 1406 4359; x_wconf 37' lang='lat' dir='ltr'><strong>malitiam-in</strong></span> <span class='ocrx_word' id='word_1_617' title='bbox 1453 4279 1685 4359; x_wconf 75' lang='lat' dir='ltr'><strong>lapidem</strong></span> <span class='ocrx_word' id='word_1_618' title='bbox 1721 4296 1983 4359; x_wconf 80' lang='lat' dir='ltr'><strong>conversa</strong></span> <span class='ocrx_word' id='word_1_619' title='bbox 2018 4299 2032 4359; x_wconf 70' lang='grc' dir='ltr'>ξ</span> <span class='ocrx_word' id='word_1_620' title='bbox 2063 4282 2205 4359; x_wconf 80' lang='lat' dir='ltr'><strong>nulli</strong></span> <span class='ocrx_word' id='word_1_621' title='bbox 2223 4276 2366 4337; x_wconf 82' lang='lat' dir='ltr'><strong>enim</strong></span> <span class='ocrx_word' id='word_1_622' title='bbox 2396 4276 2605 4337; x_wconf 73' lang='lat' dir='ltr'><strong>creavit</strong></span> <span class='ocrx_word' id='word_1_623' title='bbox 2636 4284 2776 4337; x_wconf 91' lang='lat' dir='ltr'><strong>Deus</strong></span> <span class='ocrx_word' id='word_1_624' title='bbox 2805 4298 2900 4337; x_wconf 80' lang='lat' dir='ltr'><strong>our</strong></span> <span class='ocrx_word' id='word_1_625' title='bbox 2926 4281 3222 4359; x_wconf 78' lang='lat' dir='ltr'><strong>lapideum,</strong></span> <span class='ocrx_word' id='word_1_626' title='bbox 3243 4277 3349 4359; x_wconf 70' lang='lat' dir='ltr'><strong>sed</strong></span> <span class='ocrx_word' id='word_1_627' title='bbox 3382 4276 3491 4359; x_wconf 54' lang='lat' dir='ltr'><strong>tale</strong></span> <span class='ocrx_word' id='word_1_628' title='bbox 3520 4276 3858 4355; x_wconf 69' lang='lat' dir='ltr'><strong>improbitas</strong></span> 
     </span>
    </p>
   </div>
   <div class='ocr_carea' id='block_1_79' title="bbox 572 4341 3857 4424">
    <p class='ocr_par' dir='ltr' id='par_1_79' title="bbox 572 4341 3857 4424">
     <span class='ocr_line' id='line_1_79' title="bbox 572 4341 3857 4424; baseline 0.006 -31"><span class='ocrx_word' id='word_1_629' title='bbox 572 4341 727 4424; x_wconf 77' lang='lat' dir='ltr'><strong>_facit.</strong></span> <span class='ocrx_word' id='word_1_630' title='bbox 770 4341 1239 4424; x_wconf 77' lang='lat' dir='ltr'><strong>Quemadmodum</strong></span> <span class='ocrx_word' id='word_1_631' title='bbox 1275 4351 1439 4424; x_wconf 77' lang='lat' dir='ltr'><strong>igitur</strong></span> <span class='ocrx_word' id='word_1_632' title='bbox 1483 4341 1885 4424; x_wconf 76' lang='lat' dir='ltr'><strong>siquisvidcus</strong></span> <span class='ocrx_word' id='word_1_633' title='bbox 1916 4353 2156 4421; x_wconf 77' lang='lat' dir='ltr'><strong>proiecta</strong></span> <span class='ocrx_word' id='word_1_634' title='bbox 2192 4354 2244 4406; x_wconf 91' lang='lat' dir='ltr'><strong>in</strong></span> <span class='ocrx_word' id='word_1_635' title='bbox 2278 4363 2477 4407; x_wconf 88' lang='lat' dir='ltr'><strong>terram</strong></span> <span class='ocrx_word' id='word_1_636' title='bbox 2508 4362 2777 4424; x_wconf 84' lang='lat' dir='ltr'><strong>petrosam</strong></span> <span class='ocrx_word' id='word_1_637' title='bbox 2810 4341 3015 4406; x_wconf 75' lang='lat' dir='ltr'><strong>semina</strong></span> <span class='ocrx_word' id='word_1_638' title='bbox 3046 4341 3258 4424; x_wconf 76' lang='lat' dir='ltr'><strong>concipi</strong></span> <span class='ocrx_word' id='word_1_639' title='bbox 3299 4358 3352 4401; x_wconf 89' lang='lat' dir='ltr'><strong>et</strong></span> <span class='ocrx_word' id='word_1_640' title='bbox 3379 4341 3857 4424; x_wconf 63' lang='grc' dir='ltr'>ιιοτρτενέετῖσο-</span> 
     </span>
    </p>
   </div>
   <div class='ocr_carea' id='block_1_80' title="bbox 572 4411 3859 4494">
    <p class='ocr_par' dir='ltr' id='par_1_80' title="bbox 572 4411 3859 4494">
     <span class='ocr_line' id='line_1_80' title="bbox 572 4411 3859 4494; baseline 0.001 -29"><span class='ocrx_word' id='word_1_641' title='bbox 572 4411 679 4494; x_wconf 66' lang='lat' dir='ltr'><strong>iam</strong></span> <span class='ocrx_word' id='word_1_642' title='bbox 719 4418 1145 4494; x_wconf 78' lang='lat' dir='ltr'><strong>reprehenderet</strong></span> <span class='ocrx_word' id='word_1_643' title='bbox 1176 4411 1451 4494; x_wconf 37' lang='lat' dir='ltr'><strong>quodnnon</strong></span> <span class='ocrx_word' id='word_1_644' title='bbox 1493 4411 1653 4473; x_wconf 79' lang='lat' dir='ltr'><strong>citius</strong></span> <span class='ocrx_word' id='word_1_645' title='bbox 1676 4421 1741 4494; x_wconf 86' lang='lat' dir='ltr'><strong>_in</strong></span> <span class='ocrx_word' id='word_1_646' title='bbox 1776 4411 1975 4475; x_wconf 63' lang='lat' dir='ltr'><strong>terra&#39;m</strong></span> <span class='ocrx_word' id='word_1_647' title='bbox 2008 4411 2282 4492; x_wconf 82' lang='lat' dir='ltr'><strong>petrosam</strong></span> <span class='ocrx_word' id='word_1_648' title='bbox 2314 4411 2523 4479; x_wconf 72' lang='lat' dir='ltr'><strong>semina</strong></span> <span class='ocrx_word' id='word_1_649' title='bbox 2550 4422 2767 4489; x_wconf 80' lang='lat' dir='ltr'><strong>jecerit,</strong></span> <span class='ocrx_word' id='word_1_650' title='bbox 2801 4411 3243 4494; x_wconf 79' lang='lat' dir='ltr'><strong>etresponderét</strong></span> <span class='ocrx_word' id='word_1_651' title='bbox 3282 4416 3527 4494; x_wconf 79' lang='lat' dir='ltr'><strong>agricola</strong></span> <span class='ocrx_word' id='word_1_652' title='bbox 3571 4417 3859 4494; x_wconf 53' lang='lat' dir='ltr'><strong>seriusse</strong></span> 
     </span>
    </p>
   </div>
   <div class='ocr_carea' id='block_1_81' title="bbox 573 4483 3864 4561">
    <p class='ocr_par' dir='ltr' id='par_1_81' title="bbox 573 4483 3864 4561">
     <span class='ocr_line' id='line_1_81' title="bbox 573 4483 3864 4561; baseline -0 -23"><span class='ocrx_word' id='word_1_653' title='bbox 573 4483 801 4561; x_wconf 81' lang='lat' dir='ltr'><strong>interra</strong></span> <span class='ocrx_word' id='word_1_654' title='bbox 848 4486 950 4541; x_wconf 85' lang='lat' dir='ltr'><strong>hac</strong></span> <span class='ocrx_word' id='word_1_655' title='bbox 972 4483 1278 4561; x_wconf 75' lang='lat' dir='ltr'><strong>sementem</strong></span> <span class='ocrx_word' id='word_1_656' title='bbox 1309 4488 1604 4555; x_wconf 85' lang='lat' dir='ltr'><strong>facturum,</strong></span> <span class='ocrx_word' id='word_1_657' title='bbox 1635 4492 1723 4545; x_wconf 92' lang='lat' dir='ltr'><strong>ubi</strong></span> <span class='ocrx_word' id='word_1_658' title='bbox 1775 4507 1895 4559; x_wconf 69' lang='lat' dir='ltr'><strong>qua:</strong></span> <span class='ocrx_word' id='word_1_659' title='bbox 1925 4483 2229 4546; x_wconf 79' lang='lat' dir='ltr'><strong>sementem</strong></span> <span class='ocrx_word' id='word_1_660' title='bbox 2278 4483 2566 4549; x_wconf 80' lang='lat' dir='ltr'><strong>continere</strong></span> <span class='ocrx_word' id='word_1_661' title='bbox 2604 4483 2812 4561; x_wconf 88' lang='lat' dir='ltr'><strong>possint</strong></span> <span class='ocrx_word' id='word_1_662' title='bbox 2861 4493 2913 4545; x_wconf 83' lang='lat' dir='ltr'><strong>in</strong></span> <span class='ocrx_word' id='word_1_663' title='bbox 2964 4483 3083 4545; x_wconf 82' lang='lat' dir='ltr'><strong>eam</strong></span> <span class='ocrx_word' id='word_1_664' title='bbox 3120 4483 3430 4561; x_wconf 84' lang='lat' dir='ltr'><strong>contulerit,</strong></span> <span class='ocrx_word' id='word_1_665' title='bbox 3481 4502 3606 4540; x_wconf 89' lang='lat' dir='ltr'><strong>cum</strong></span> <span class='ocrx_word' id='word_1_666' title='bbox 3648 4484 3864 4538; x_wconf 81' lang='lat' dir='ltr'><strong>melior</strong></span> 
     </span>
    </p>
   </div>
   <div class='ocr_carea' id='block_1_82' title="bbox 571 4554 3841 4633">
    <p class='ocr_par' dir='ltr' id='par_1_82' title="bbox 571 4554 3841 4633">
     <span class='ocr_line' id='line_1_82' title="bbox 571 4554 3841 4633; baseline 0.001 -30"><span class='ocrx_word' id='word_1_667' title='bbox 571 4554 849 4633; x_wconf 76' lang='lat' dir='ltr'><strong>tutiorque</strong></span> <span class='ocrx_word' id='word_1_668' title='bbox 878 4572 943 4611; x_wconf 79' lang='lat' dir='ltr'><strong>ex</strong></span> <span class='ocrx_word' id='word_1_669' title='bbox 971 4557 1279 4633; x_wconf 81' lang='lat' dir='ltr'><strong>hujusmodi</strong></span> <span class='ocrx_word' id='word_1_670' title='bbox 1308 4569 1454 4633; x_wconf 84' lang='lat' dir='ltr'><strong>terra</strong></span> <span class='ocrx_word' id='word_1_671' title='bbox 1482 4554 1655 4633; x_wconf 82' lang='lat' dir='ltr'><strong>serius</strong></span> <span class='ocrx_word' id='word_1_672' title='bbox 1683 4554 1806 4614; x_wconf 78' lang='lat' dir='ltr'><strong>sata</strong></span> <span class='ocrx_word' id='word_1_673' title='bbox 1839 4564 2120 4630; x_wconf 82' lang='lat' dir='ltr'><strong>proveniat</strong></span> <span class='ocrx_word' id='word_1_674' title='bbox 2146 4578 2301 4631; x_wconf 87' lang='lat' dir='ltr'><strong>seges</strong></span> <span class='ocrx_word' id='word_1_675' title='bbox 2324 4580 2487 4633; x_wconf 87' lang='lat' dir='ltr'><strong>quam</strong></span> <span class='ocrx_word' id='word_1_676' title='bbox 2528 4554 2696 4616; x_wconf 60' lang='lat' dir='ltr'><strong>cx&#39;ea</strong></span> <span class='ocrx_word' id='word_1_677' title='bbox 2737 4578 2857 4631; x_wconf 65' lang='lat' dir='ltr'><strong>quae</strong></span> <span class='ocrx_word' id='word_1_678' title='bbox 2892 4561 3125 4633; x_wconf 79' lang='lat' dir='ltr'><strong>celerius</strong></span> <span class='ocrx_word' id='word_1_679' title='bbox 3156 4571 3210 4633; x_wconf 79' lang='lat' dir='ltr'><strong>et</strong></span> <span class='ocrx_word' id='word_1_680' title='bbox 3241 4560 3311 4633; x_wconf 86' lang='lat' dir='ltr'><strong>in_</strong></span> <span class='ocrx_word' id='word_1_681' title='bbox 3346 4572 3558 4611; x_wconf 90' lang='lat' dir='ltr'><strong>summa</strong></span> <span class='ocrx_word' id='word_1_682' title='bbox 3614 4565 3841 4632; x_wconf 80' lang='lat' dir='ltr'><strong>tantum</strong></span> 
     </span>
    </p>
   </div>
   <div class='ocr_carea' id='block_1_83' title="bbox 571 4627 3866 4754">
    <p class='ocr_par' dir='ltr' id='par_1_83' title="bbox 571 4627 3866 4754">
     <span class='ocr_line' id='line_1_83' title="bbox 571 4627 3866 4702; baseline 0 -27"><span class='ocrx_word' id='word_1_683' title='bbox 571 4627 867 4690; x_wconf 78' lang='lat' dir='ltr'><strong>superficie</strong></span> <span class='ocrx_word' id='word_1_684' title='bbox 905 4628 1165 4695; x_wconf 81' lang='lat' dir='ltr'><strong>concipit;</strong></span> <span class='ocrx_word' id='word_1_685' title='bbox 1198 4631 1383 4684; x_wconf 89' lang='lat' dir='ltr'><strong>credet</strong></span> <span class='ocrx_word' id='word_1_686' title='bbox 1416 4630 1669 4700; x_wconf 78' lang='lat' dir='ltr'><strong>agricolze</strong></span> <span class='ocrx_word' id='word_1_687' title='bbox 1698 4640 1757 4685; x_wconf 93' lang='lat' dir='ltr'><strong>ut</strong></span> <span class='ocrx_word' id='word_1_688' title='bbox 1779 4627 1869 4698; x_wconf 82' lang='lat' dir='ltr'><strong>qui</strong></span> <span class='ocrx_word' id='word_1_689' title='bbox 1907 4642 1963 4687; x_wconf 92' lang='lat' dir='ltr'><strong>et</strong></span> <span class='ocrx_word' id='word_1_690' title='bbox 1990 4648 2120 4687; x_wconf 84' lang='lat' dir='ltr'><strong>vere</strong></span> <span class='ocrx_word' id='word_1_691' title='bbox 2145 4627 2353 4687; x_wconf 59' lang='lat' dir='ltr'><strong>diierit&#39;</strong></span> <span class='ocrx_word' id='word_1_692' title='bbox 2374 4643 2427 4689; x_wconf 94' lang='lat' dir='ltr'><strong>et</strong></span> <span class='ocrx_word' id='word_1_693' title='bbox 2460 4633 2633 4702; x_wconf 90' lang='lat' dir='ltr'><strong>perite</strong></span> <span class='ocrx_word' id='word_1_694' title='bbox 2660 4627 2901 4688; x_wconf 79' lang='lat' dir='ltr'><strong>scienter</strong></span> <span class='ocrx_word' id='word_1_695' title='bbox 2945 4647 3012 4686; x_wconf 87' lang='lat' dir='ltr'><strong>ue</strong></span> <span class='ocrx_word' id='word_1_696' title='bbox 3035 4631 3263 4693; x_wconf 80' lang='lat' dir='ltr'><strong>fecerit;</strong></span> <span class='ocrx_word' id='word_1_697' title='bbox 3299 4628 3372 4681; x_wconf 90' lang='lat' dir='ltr'><strong>ita</strong></span> <span class='ocrx_word' id='word_1_698' title='bbox 3414 4641 3647 4696; x_wconf 85' lang='lat' dir='ltr'><strong>magnus</strong></span> <span class='ocrx_word' id='word_1_699' title='bbox 3676 4627 3866 4702; x_wconf 80' lang='lat' dir='ltr'><strong>totius</strong></span> 
     </span>
     <span class='ocr_line' id='line_1_84' title="bbox 574 4648 3866 4754; baseline 0.001 -11"><span class='ocrx_word' id='word_1_700' title='bbox 574 4704 784 4748; x_wconf 66' lang='lat' dir='ltr'><strong>naturae</strong></span> <span class='ocrx_word' id='word_1_701' title='bbox 820 4697 1059 4754; x_wconf 67' lang='lat' dir='ltr'><strong>agricola</strong></span> <span class='ocrx_word' id='word_1_702' title='bbox 1092 4698 1510 4754; x_wconf 87' lang='lat' dir='ltr'><strong>beneficentiam</strong></span> <span class='ocrx_word' id='word_1_703' title='bbox 1541 4716 1690 4754; x_wconf 88' lang='lat' dir='ltr'><strong>suam</strong></span> <span class='ocrx_word' id='word_1_704' title='bbox 1724 4718 1843 4754; x_wconf 68' lang='lat' dir='ltr'><strong>qua:</strong></span> <span class='ocrx_word' id='word_1_705' title='bbox 1877 4705 2041 4754; x_wconf 88' lang='lat' dir='ltr'><strong>citius</strong></span> <span class='ocrx_word' id='word_1_706' title='bbox 2073 4704 2345 4754; x_wconf 76' lang='lat' dir='ltr'><strong>impertita</strong></span> <span class='ocrx_word' id='word_1_707' title='bbox 2379 4704 2681 4754; x_wconf 88' lang='lat' dir='ltr'><strong>videretur.</strong></span> <span class='ocrx_word' id='word_1_708' title='bbox 2719 4705 2772 4754; x_wconf 91' lang='lat' dir='ltr'><strong>in</strong></span> <span class='ocrx_word' id='word_1_709' title='bbox 2796 4648 2940 4754; x_wconf 59' lang='lat' dir='ltr'><strong>aliug</strong></span> <span class='ocrx_word' id='word_1_710' title='bbox 2972 4712 3184 4754; x_wconf 82' lang='lat' dir='ltr'><strong>tempus</strong></span> <span class='ocrx_word' id='word_1_711' title='bbox 3207 4699 3405 4754; x_wconf 72' lang='lat' dir='ltr'><strong>differt.</strong></span> <span class='ocrx_word' id='word_1_712' title='bbox 3438 4712 3508 4751; x_wconf 90' lang='lat' dir='ltr'><strong>ne</strong></span> <span class='ocrx_word' id='word_1_713' title='bbox 3537 4706 3745 4750; x_wconf 88' lang='lat' dir='ltr'><strong>tantum</strong></span> <span class='ocrx_word' id='word_1_714' title='bbox 3790 4710 3866 4747; x_wconf 83' lang='lat' dir='ltr'><strong>in</strong></span> 
     </span>
    </p>
   </div>
   <div class='ocr_carea' id='block_1_84' title="bbox 574 4697 3867 4778">
    <p class='ocr_par' dir='ltr' id='par_1_84' title="bbox 574 4697 3867 4778">
     <span class='ocr_line' id='line_1_85' title="bbox 574 4697 3867 4778; baseline 0.002 -36"><span class='ocrx_word' id='word_1_715' title='bbox 574 4704 784 4778; x_wconf 57' lang='lat' dir='ltr'><strong>natura;</strong></span> <span class='ocrx_word' id='word_1_716' title='bbox 815 4697 1510 4778; x_wconf 53' lang='lat' dir='ltr'><strong>agricolanbeueficentiam</strong></span> <span class='ocrx_word' id='word_1_717' title='bbox 1541 4716 1690 4755; x_wconf 89' lang='lat' dir='ltr'><strong>suam</strong></span> <span class='ocrx_word' id='word_1_718' title='bbox 1724 4697 1843 4778; x_wconf 66' lang='lat' dir='ltr'><strong>qua:</strong></span> <span class='ocrx_word' id='word_1_719' title='bbox 1871 4705 2041 4778; x_wconf 87' lang='lat' dir='ltr'><strong>_citius</strong></span> <span class='ocrx_word' id='word_1_720' title='bbox 2071 4704 2345 4778; x_wconf 68' lang='lat' dir='ltr'><strong>impertita</strong></span> <span class='ocrx_word' id='word_1_721' title='bbox 2379 4697 2681 4778; x_wconf 78' lang='lat' dir='ltr'><strong>videretur,</strong></span> <span class='ocrx_word' id='word_1_722' title='bbox 2719 4705 2772 4756; x_wconf 92' lang='lat' dir='ltr'><strong>in</strong></span> <span class='ocrx_word' id='word_1_723' title='bbox 2796 4697 2949 4778; x_wconf 68' lang='lat' dir='ltr'><strong>aliud</strong></span> <span class='ocrx_word' id='word_1_724' title='bbox 2972 4712 3184 4778; x_wconf 79' lang='lat' dir='ltr'><strong>tempus</strong></span> <span class='ocrx_word' id='word_1_725' title='bbox 3207 4699 3405 4765; x_wconf 72' lang='lat' dir='ltr'><strong>differt,</strong></span> <span class='ocrx_word' id='word_1_726' title='bbox 3438 4712 3508 4778; x_wconf 79' lang='lat' dir='ltr'><strong>ne</strong></span> <span class='ocrx_word' id='word_1_727' title='bbox 3537 4706 3745 4778; x_wconf 71' lang='lat' dir='ltr'><strong>tantum</strong></span> <span class='ocrx_word' id='word_1_728' title='bbox 3790 4697 3867 4773; x_wconf 73' lang='lat' dir='ltr'><strong>in</strong></span> 
     </span>
    </p>
   </div>
   <div class='ocr_carea' id='block_1_85' title="bbox 575 4766 3870 4847">
    <p class='ocr_par' dir='ltr' id='par_1_85' title="bbox 575 4766 3870 4847">
     <span class='ocr_line' id='line_1_86' title="bbox 575 4766 3870 4847; baseline 0.001 -31"><span class='ocrx_word' id='word_1_729' title='bbox 575 4766 863 4847; x_wconf 67' lang='lat' dir='ltr'><strong>superficie</strong></span> <span class='ocrx_word' id='word_1_730' title='bbox 892 4769 1009 4847; x_wconf 78' lang='lat' dir='ltr'><strong>_sit.</strong></span> <span class='ocrx_word' id='word_1_731' title='bbox 1051 4766 1157 4822; x_wconf 90' lang='lat' dir='ltr'><strong>Sed</strong></span> <span class='ocrx_word' id='word_1_732' title='bbox 1191 4769 1410 4837; x_wconf 81' lang='lat' dir='ltr'><strong>objiciet</strong></span> <span class='ocrx_word' id='word_1_733' title='bbox 1438 4770 1673 4825; x_wconf 79' lang='lat' dir='ltr'><strong>fortasse</strong></span> <span class='ocrx_word' id='word_1_734' title='bbox 1705 4766 1973 4839; x_wconf 86' lang='lat' dir='ltr'><strong>quispiam</strong></span> <span class='ocrx_word' id='word_1_735' title='bbox 2010 4766 2172 4847; x_wconf 75' lang='lat' dir='ltr'><strong>:_Cur</strong></span> <span class='ocrx_word' id='word_1_736' title='bbox 2197 4787 2329 4847; x_wconf 77' lang='lat' dir='ltr'><strong>ergo</strong></span> <span class='ocrx_word' id='word_1_737' title='bbox 2357 4788 2497 4847; x_wconf 89' lang='lat' dir='ltr'><strong>_pa_rs</strong></span> <span class='ocrx_word' id='word_1_738' title='bbox 2527 4771 2978 4847; x_wconf 80' lang='lat' dir='ltr'><strong>seminumcadit</strong></span> <span class='ocrx_word' id='word_1_739' title='bbox 3031 4766 3231 4847; x_wconf 45' lang='lat' dir='ltr'><strong>iuream</strong></span> <span class='ocrx_word' id='word_1_740' title='bbox 3266 4782 3384 4838; x_wconf 60' lang='lat' dir='ltr'><strong>quae</strong></span> <span class='ocrx_word' id='word_1_741' title='bbox 3444 4768 3498 4820; x_wconf 92' lang='lat' dir='ltr'><strong>in</strong></span> <span class='ocrx_word' id='word_1_742' title='bbox 3546 4766 3870 4847; x_wconf 72' lang='lat' dir='ltr'><strong>superficie</strong></span> 
     </span>
    </p>
   </div>
   <div class='ocr_carea' id='block_1_86' title="bbox 577 4835 3866 4917">
    <p class='ocr_par' dir='ltr' id='par_1_86' title="bbox 577 4835 3866 4917">
     <span class='ocr_line' id='line_1_87' title="bbox 577 4835 3866 4917; baseline 0.003 -38"><span class='ocrx_word' id='word_1_743' title='bbox 577 4840 785 4917; x_wconf 57' lang='lat' dir='ltr'><strong>tantum</strong></span> <span class='ocrx_word' id='word_1_744' title='bbox 818 4835 981 4917; x_wconf 72' lang='lat' dir='ltr'><strong>habet</strong></span> <span class='ocrx_word' id='word_1_745' title='bbox 1011 4848 1232 4917; x_wconf 74' lang='lat' dir='ltr'><strong>terram,</strong></span> <span class='ocrx_word' id='word_1_746' title='bbox 1261 4835 1316 4893; x_wconf 83' lang='lat' dir='ltr'><strong>et</strong></span> <span class='ocrx_word' id='word_1_747' title='bbox 1352 4856 1473 4917; x_wconf 70' lang='lat' dir='ltr'><strong>quin</strong></span> <span class='ocrx_word' id='word_1_748' title='bbox 1504 4856 1602 4895; x_wconf 87' lang='lat' dir='ltr'><strong>ceu</strong></span> <span class='ocrx_word' id='word_1_749' title='bbox 1628 4835 1925 4917; x_wconf 28' lang='lat' dir='ltr'><strong>_pc_t_&#39;ra‘ést,</strong></span> <span class='ocrx_word' id='word_1_750' title='bbox 1955 4844 2195 4917; x_wconf 88' lang='lat' dir='ltr'><strong>animam</strong></span> <span class='ocrx_word' id='word_1_751' title='bbox 2216 4844 2239 4896; x_wconf 88' lang='lat'><strong>?</strong></span> <span class='ocrx_word' id='word_1_752' title='bbox 2262 4835 2460 4917; x_wconf 50' lang='grc' dir='ltr'>Ἀύίιιι</span> <span class='ocrx_word' id='word_1_753' title='bbox 2479 4843 2917 4917; x_wconf 77' lang='lat' dir='ltr'><strong>respondendum</strong></span> <span class='ocrx_word' id='word_1_754' title='bbox 2946 4852 3053 4917; x_wconf 79' lang='lat' dir='ltr'><strong>est.</strong></span> <span class='ocrx_word' id='word_1_755' title='bbox 3082 4835 3360 4917; x_wconf 78' lang='lat' dir='ltr'><strong>huic_qua:</strong></span> <span class='ocrx_word' id='word_1_756' title='bbox 3397 4835 3866 4917; x_wconf 65' lang='lat' dir='ltr'><strong>przecipitautius</strong></span> 
     </span>
    </p>
   </div>
   <div class='ocr_carea' id='block_1_87' title="bbox 576 4901 3871 4982">
    <p class='ocr_par' dir='ltr' id='par_1_87' title="bbox 576 4901 3871 4982">
     <span class='ocr_line' id='line_1_88' title="bbox 576 4901 3871 4982; baseline 0.001 -28"><span class='ocrx_word' id='word_1_757' title='bbox 576 4901 630 4950; x_wconf 85' lang='lat' dir='ltr'><strong>in</strong></span> <span class='ocrx_word' id='word_1_758' title='bbox 664 4901 864 4982; x_wconf 79' lang='lat' dir='ltr'><strong>bonum</strong></span> <span class='ocrx_word' id='word_1_759' title='bbox 894 4905 1174 4960; x_wconf 82' lang='lat' dir='ltr'><strong>ferebatur</strong></span> <span class='ocrx_word' id='word_1_760' title='bbox 1208 4901 1309 4963; x_wconf 81' lang='lat' dir='ltr'><strong>nec</strong></span> <span class='ocrx_word' id='word_1_761' title='bbox 1334 4901 1545 4964; x_wconf 74' lang='lat' dir='ltr'><strong>ratione</strong></span> <span class='ocrx_word' id='word_1_762' title='bbox 1574 4901 1653 4965; x_wconf 53' lang='lat' dir='ltr'><strong>ad&#39;</strong></span> <span class='ocrx_word' id='word_1_763' title='bbox 1677 4911 1808 4982; x_wconf 90' lang='lat' dir='ltr'><strong>illud</strong></span> <span class='ocrx_word' id='word_1_764' title='bbox 1839 4901 2124 4980; x_wconf 78' lang='lat' dir='ltr'><strong>pergebat,</strong></span> <span class='ocrx_word' id='word_1_765' title='bbox 2163 4912 2536 4980; x_wconf 66' lang='lat' dir='ltr'><strong>praestabilius</strong></span> <span class='ocrx_word' id='word_1_766' title='bbox 2567 4901 2757 4979; x_wconf 81' lang='lat' dir='ltr'><strong>fuisse,</strong></span> <span class='ocrx_word' id='word_1_767' title='bbox 2801 4913 2853 4966; x_wconf 90' lang='lat' dir='ltr'><strong>id</strong></span> <span class='ocrx_word' id='word_1_768' title='bbox 2888 4901 3335 4982; x_wconf 33' lang='lat' dir='ltr'><strong>quod&#39;cupiebat.</strong></span> <span class='ocrx_word' id='word_1_769' title='bbox 3365 4901 3655 4982; x_wconf 77' lang='lat' dir='ltr'><strong>consequi,</strong></span> <span class='ocrx_word' id='word_1_770' title='bbox 3690 4912 3751 4957; x_wconf 93' lang='lat' dir='ltr'><strong>ut</strong></span> <span class='ocrx_word' id='word_1_771' title='bbox 3784 4918 3871 4958; x_wconf 76' lang='lat' dir='ltr'><strong>se</strong></span> 
     </span>
    </p>
   </div>
   <div class='ocr_carea' id='block_1_88' title="bbox 574 4973 3868 5052">
    <p class='ocr_par' dir='ltr' id='par_1_88' title="bbox 574 4973 3868 5052">
     <span class='ocr_line' id='line_1_89' title="bbox 574 4973 3868 5052; baseline 0.002 -30"><span class='ocrx_word' id='word_1_772' title='bbox 574 4983 640 5052; x_wconf 84' lang='lat' dir='ltr'><strong>ex</strong></span> <span class='ocrx_word' id='word_1_773' title='bbox 671 4985 736 5027; x_wconf 91' lang='lat' dir='ltr'><strong>eo</strong></span> <span class='ocrx_word' id='word_1_774' title='bbox 761 4973 1246 5052; x_wconf 82' lang='lat' dir='ltr'><strong>ipso_co_gnoscens</strong></span> <span class='ocrx_word' id='word_1_775' title='bbox 1275 4989 1330 5032; x_wconf 90' lang='lat' dir='ltr'><strong>et</strong></span> <span class='ocrx_word' id='word_1_776' title='bbox 1366 4981 1653 5052; x_wconf 77' lang='lat' dir='ltr'><strong>damnans,</strong></span> <span class='ocrx_word' id='word_1_777' title='bbox 1688 4973 1968 5052; x_wconf 66' lang='lat' dir='ltr'><strong>cultui-ani</strong></span> <span class='ocrx_word' id='word_1_778' title='bbox 1988 4973 2384 5049; x_wconf 30' lang='lat' dir='ltr'><strong>quie’a&#39;natura</strong></span> <span class='ocrx_word' id='word_1_779' title='bbox 2410 4991 2516 5045; x_wconf 80' lang='lat' dir='ltr'><strong>est,</strong></span> <span class='ocrx_word' id='word_1_780' title='bbox 2544 4973 2814 5052; x_wconf 75' lang='lat' dir='ltr'><strong>patienter</strong></span> <span class='ocrx_word' id='word_1_781' title='bbox 2845 4973 3017 5036; x_wconf 73' lang='lat' dir='ltr'><strong>ferret</strong></span> <span class='ocrx_word' id='word_1_782' title='bbox 3051 4973 3152 5035; x_wconf 79' lang='lat' dir='ltr'><strong>sibi</strong></span> <span class='ocrx_word' id='word_1_783' title='bbox 3186 4980 3443 5047; x_wconf 88' lang='lat' dir='ltr'><strong>deinceps</strong></span> <span class='ocrx_word' id='word_1_784' title='bbox 3471 4973 3595 5044; x_wconf 76' lang='lat' dir='ltr'><strong>post</strong></span> <span class='ocrx_word' id='word_1_785' title='bbox 3619 4976 3868 5043; x_wconf 85' lang='lat' dir='ltr'><strong>longum</strong></span> 
     </span>
    </p>
   </div>
   <div class='ocr_carea' id='block_1_89' title="bbox 578 5044 3873 5127">
    <p class='ocr_par' dir='ltr' id='par_1_89' title="bbox 578 5044 3873 5127">
     <span class='ocr_line' id='line_1_90' title="bbox 578 5044 3873 5127; baseline 0.002 -35"><span class='ocrx_word' id='word_1_786' title='bbox 578 5050 796 5127; x_wconf 75' lang='lat' dir='ltr'><strong>tempus</strong></span> <span class='ocrx_word' id='word_1_787' title='bbox 831 5044 1077 5126; x_wconf 72' lang='lat' dir='ltr'><strong>adhiberi</strong></span> <span class='ocrx_word' id='word_1_788' title='bbox 1106 5064 1121 5113; x_wconf 93' lang='lat'><strong>;</strong></span> <span class='ocrx_word' id='word_1_789' title='bbox 1158 5048 1593 5127; x_wconf 73' lang='lat' dir='ltr'><strong>innumerabiles</strong></span> <span class='ocrx_word' id='word_1_790' title='bbox 1622 5051 1766 5105; x_wconf 85' lang='lat' dir='ltr'><strong>enim</strong></span> <span class='ocrx_word' id='word_1_791' title='bbox 1801 5044 2069 5127; x_wconf 73' lang='lat' dir='ltr'><strong>nobis._itt</strong></span> <span class='ocrx_word' id='word_1_792' title='bbox 2101 5051 2175 5105; x_wconf 86' lang='lat' dir='ltr'><strong>ita</strong></span> <span class='ocrx_word' id='word_1_793' title='bbox 2200 5052 2401 5117; x_wconf 89' lang='lat' dir='ltr'><strong>dicam,</strong></span> <span class='ocrx_word' id='word_1_794' title='bbox 2433 5044 2560 5106; x_wconf 72' lang='lat' dir='ltr'><strong>sunt</strong></span> <span class='ocrx_word' id='word_1_795' title='bbox 2611 5055 2828 5127; x_wconf 63' lang='lat' dir='ltr'><strong>anitum,</strong></span> <span class='ocrx_word' id='word_1_796' title='bbox 2867 5052 3357 5127; x_wconf 71' lang='lat' dir='ltr'><strong>innumericarum</strong></span> <span class='ocrx_word' id='word_1_797' title='bbox 3380 5044 3394 5047; x_wconf 60' lang='grc'>⁷</span> <span class='ocrx_word' id='word_1_798' title='bbox 3420 5061 3627 5127; x_wconf 72' lang='lat' dir='ltr'><strong>mores,</strong></span> <span class='ocrx_word' id='word_1_799' title='bbox 3657 5052 3873 5127; x_wconf 77' lang='lat' dir='ltr'><strong>motus</strong></span> 
     </span>
    </p>
   </div>
   <div class='ocr_carea' id='block_1_90' title="bbox 573 5114 3877 5198">
    <p class='ocr_par' dir='ltr' id='par_1_90' title="bbox 573 5114 3877 5198">
     <span class='ocr_line' id='line_1_91' title="bbox 573 5114 3877 5198; baseline 0.003 -38"><span class='ocrx_word' id='word_1_800' title='bbox 573 5114 984 5198; x_wconf 69' lang='lat' dir='ltr'><strong>quamplurimi,</strong></span> <span class='ocrx_word' id='word_1_801' title='bbox 1018 5117 1249 5171; x_wconf 88' lang='lat' dir='ltr'><strong>consilia</strong></span> <span class='ocrx_word' id='word_1_802' title='bbox 1278 5120 1709 5198; x_wconf 72' lang='lat' dir='ltr'><strong>itetn,_impeti._s,</strong></span> <span class='ocrx_word' id='word_1_803' title='bbox 1740 5130 1794 5174; x_wconf 91' lang='lat' dir='ltr'><strong>et</strong></span> <span class='ocrx_word' id='word_1_804' title='bbox 1826 5121 2118 5198; x_wconf 73' lang='lat' dir='ltr'><strong>appetitus,</strong></span> <span class='ocrx_word' id='word_1_805' title='bbox 2157 5114 2553 5198; x_wconf 68' lang='lat' dir='ltr'><strong>quorumuuus</strong></span> <span class='ocrx_word' id='word_1_806' title='bbox 2573 5133 2657 5177; x_wconf 90' lang='lat' dir='ltr'><strong>est</strong></span> <span class='ocrx_word' id='word_1_807' title='bbox 2684 5114 3289 5198; x_wconf 82' lang='lat' dir='ltr'><strong>dispensator_optiu_tus</strong></span> <span class='ocrx_word' id='word_1_808' title='bbox 3320 5117 3591 5198; x_wconf 84' lang='lat' dir='ltr'><strong>Deu_s,q_ui</strong></span> <span class='ocrx_word' id='word_1_809' title='bbox 3616 5125 3673 5198; x_wconf 85' lang='lat' dir='ltr'><strong>et</strong></span> <span class='ocrx_word' id='word_1_810' title='bbox 3700 5123 3877 5198; x_wconf 47' lang='lat' dir='ltr'><strong>ign}-</strong></span> 
     </span>
    </p>
   </div>
   <div class='ocr_carea' id='block_1_91' title="bbox 575 5183 3876 5262">
    <p class='ocr_par' dir='ltr' id='par_1_91' title="bbox 575 5183 3876 5262">
     <span class='ocr_line' id='line_1_92' title="bbox 575 5183 3876 5262; baseline 0.001 -29"><span class='ocrx_word' id='word_1_811' title='bbox 575 5195 705 5248; x_wconf 87' lang='lat' dir='ltr'><strong>pora</strong></span> <span class='ocrx_word' id='word_1_812' title='bbox 748 5185 896 5239; x_wconf 78' lang='lat' dir='ltr'><strong>nevit</strong></span> <span class='ocrx_word' id='word_1_813' title='bbox 917 5195 971 5240; x_wconf 92' lang='lat' dir='ltr'><strong>et</strong></span> <span class='ocrx_word' id='word_1_814' title='bbox 1004 5201 1241 5259; x_wconf 84' lang='lat' dir='ltr'><strong>congrua</strong></span> <span class='ocrx_word' id='word_1_815' title='bbox 1274 5190 1502 5253; x_wconf 81' lang='lat' dir='ltr'><strong>auxilia,</strong></span> <span class='ocrx_word' id='word_1_816' title='bbox 1535 5183 1597 5244; x_wconf 75' lang='lat' dir='ltr'><strong>et</strong></span> <span class='ocrx_word' id='word_1_817' title='bbox 1634 5194 1829 5246; x_wconf 90' lang='lat' dir='ltr'><strong>ductus</strong></span> <span class='ocrx_word' id='word_1_818' title='bbox 1856 5183 1914 5245; x_wconf 81' lang='lat' dir='ltr'><strong>ei</strong></span> <span class='ocrx_word' id='word_1_819' title='bbox 1941 5192 2082 5257; x_wconf 86' lang='lat' dir='ltr'><strong>vias,</strong></span> <span class='ocrx_word' id='word_1_820' title='bbox 2108 5183 2482 5248; x_wconf 77' lang='lat' dir='ltr'><strong>universorum</strong></span> <span class='ocrx_word' id='word_1_821' title='bbox 2520 5194 2661 5248; x_wconf 90' lang='lat' dir='ltr'><strong>Deus</strong></span> <span class='ocrx_word' id='word_1_822' title='bbox 2689 5203 2742 5248; x_wconf 94' lang='lat' dir='ltr'><strong>ct</strong></span> <span class='ocrx_word' id='word_1_823' title='bbox 2768 5183 2925 5262; x_wconf 82' lang='lat' dir='ltr'><strong>pater</strong></span> <span class='ocrx_word' id='word_1_824' title='bbox 2956 5192 3047 5260; x_wconf 85' lang='lat' dir='ltr'><strong>qui</strong></span> <span class='ocrx_word' id='word_1_825' title='bbox 3087 5183 3236 5246; x_wconf 80' lang='lat' dir='ltr'><strong>novit</strong></span> <span class='ocrx_word' id='word_1_826' title='bbox 3260 5204 3366 5259; x_wconf 88' lang='lat' dir='ltr'><strong>qua</strong></span> <span class='ocrx_word' id='word_1_827' title='bbox 3398 5189 3485 5241; x_wconf 88' lang='lat' dir='ltr'><strong>via</strong></span> <span class='ocrx_word' id='word_1_828' title='bbox 3508 5183 3675 5242; x_wconf 84' lang='lat' dir='ltr'><strong>ducat</strong></span> <span class='ocrx_word' id='word_1_829' title='bbox 3696 5183 3876 5237; x_wconf 78' lang='lat' dir='ltr'><strong>Pha-</strong></span> 
     </span>
    </p>
   </div>
   <div class='ocr_carea' id='block_1_92' title="bbox 656 5318 1175 5389">
    <p class='ocr_par' dir='ltr' id='par_1_92' title="bbox 656 5318 1175 5389">
     <span class='ocr_line' id='line_1_93' title="bbox 656 5318 1175 5389; baseline 0.012 -17"><span class='ocrx_word' id='word_1_830' title='bbox 656 5319 703 5351; x_wconf 82' lang='lat'><strong>”</strong></span> <span class='ocrx_word' id='word_1_831' title='bbox 730 5318 921 5377; x_wconf 80' lang='lat' dir='ltr'><strong>Matth.</strong></span> <span class='ocrx_word' id='word_1_832' title='bbox 958 5336 1090 5389; x_wconf 81' lang='lat' dir='ltr'><strong>xui,</strong></span> <span class='ocrx_word' id='word_1_833' title='bbox 1121 5323 1175 5378; x_wconf 83' lang='lat'><strong>5.</strong></span> 
     </span>
    </p>
   </div>
   <div class='ocr_carea' id='block_1_93' title="bbox 640 5471 2151 5552">
    <p class='ocr_par' dir='ltr' id='par_1_93' title="bbox 640 5473 2151 5552">
     <span class='ocr_line' id='line_1_94' title="bbox 640 5473 2151 5552; baseline 0.002 -21"><span class='ocrx_word' id='word_1_834' title='bbox 640 5473 760 5552; x_wconf 64' lang='grc'><strong>(56)</strong></span> <span class='ocrx_word' id='word_1_835' title='bbox 789 5473 942 5552; x_wconf 48' lang='grc' dir='ltr'><strong>ιέὶιιὶ).</strong></span> <span class='ocrx_word' id='word_1_836' title='bbox 989 5475 1152 5552; x_wconf 51' lang='lat' dir='ltr'><strong>editi,</strong></span> <span class='ocrx_word' id='word_1_837' title='bbox 1188 5492 1208 5526; x_wconf 78' lang='grc' dir='ltr'><strong>ι</strong></span> <span class='ocrx_word' id='word_1_838' title='bbox 1239 5476 1601 5552; x_wconf 71' lang='grc' dir='ltr'>δημιουργὸς,</span> <span class='ocrx_word' id='word_1_839' title='bbox 1650 5478 2003 5552; x_wconf 84' lang='grc' dir='ltr'>ὑπερτίθεται</span> <span class='ocrx_word' id='word_1_840' title='bbox 2055 5478 2151 5551; x_wconf 81' lang='grc' dir='ltr'>τὴν</span> 
     </span>
    </p>
   </div>
   <div class='ocr_carea' id='block_1_94' title="bbox 2254 5471 3885 5552">
    <p class='ocr_par' dir='ltr' id='par_1_94' title="bbox 2256 5471 3885 5552">
     <span class='ocr_line' id='line_1_95' title="bbox 2256 5471 3885 5552; baseline -0.002 -17"><span class='ocrx_word' id='word_1_841' title='bbox 2256 5480 2380 5537; x_wconf 90' lang='lat' dir='ltr'><strong>nuis</strong></span> <span class='ocrx_word' id='word_1_842' title='bbox 2406 5480 2506 5536; x_wconf 90' lang='lat' dir='ltr'><strong>soli</strong></span> <span class='ocrx_word' id='word_1_843' title='bbox 2552 5482 2730 5537; x_wconf 87' lang='lat' dir='ltr'><strong>fronte</strong></span> <span class='ocrx_word' id='word_1_844' title='bbox 2754 5479 3076 5547; x_wconf 86' lang='lat' dir='ltr'><strong>procedens.</strong></span> <span class='ocrx_word' id='word_1_845' title='bbox 3114 5497 3132 5529; x_wconf 72' lang='grc' dir='ltr'><strong>ι</strong></span> <span class='ocrx_word' id='word_1_846' title='bbox 3163 5476 3319 5531; x_wconf 81' lang='lat' dir='ltr'><strong>Libb.</strong></span> <span class='ocrx_word' id='word_1_847' title='bbox 3353 5471 3510 5552; x_wconf 77' lang='lat' dir='ltr'><strong>editi,</strong></span> <span class='ocrx_word' id='word_1_848' title='bbox 3547 5472 3885 5552; x_wconf 40' lang='grc' dir='ltr'>«διεξίοι-ιε</span> 
     </span>
    </p>
   </div>
   <div class='ocr_carea' id='block_1_95' title="bbox 571 5542 2151 5675">
    <p class='ocr_par' dir='ltr' id='par_1_95' title="bbox 571 5542 2151 5670">
     <span class='ocr_line' id='line_1_96' title="bbox 571 5542 2151 5616; baseline 0.003 -18"><span class='ocrx_word' id='word_1_849' title='bbox 571 5544 923 5615; x_wconf 85' lang='grc' dir='ltr'>νομισθεῖσαν</span> <span class='ocrx_word' id='word_1_850' title='bbox 974 5546 1050 5610; x_wconf 83' lang='grc' dir='ltr'>ὡς</span> <span class='ocrx_word' id='word_1_851' title='bbox 1094 5542 1350 5616; x_wconf 72' lang='grc' dir='ltr'>τάχιονζί</span> <span class='ocrx_word' id='word_1_852' title='bbox 1404 5542 1509 5603; x_wconf 76' lang='lat' dir='ltr'><strong>Sed</strong></span> <span class='ocrx_word' id='word_1_853' title='bbox 1559 5542 1687 5603; x_wconf 83' lang='lat' dir='ltr'><strong>mss.</strong></span> <span class='ocrx_word' id='word_1_854' title='bbox 1743 5542 1803 5603; x_wconf 79' lang='lat' dir='ltr'><strong>tit</strong></span> <span class='ocrx_word' id='word_1_855' title='bbox 1862 5550 1918 5604; x_wconf 89' lang='lat' dir='ltr'><strong>in</strong></span> <span class='ocrx_word' id='word_1_856' title='bbox 1968 5542 2151 5606; x_wconf 66' lang='lat' dir='ltr'><strong>nostra</strong></span> 
     </span>
     <span class='ocr_line' id='line_1_97' title="bbox 571 5625 745 5670; baseline -0.006 0"><span class='ocrx_word' id='word_1_857' title='bbox 571 5625 745 5670; x_wconf 81' lang='lat' dir='ltr'><strong>textu.</strong></span> 
     </span>
    </p>
   </div>
   <div class='ocr_carea' id='block_1_96' title="bbox 2254 5542 3883 5675">
    <p class='ocr_par' dir='ltr' id='par_1_96' title="bbox 2254 5542 3883 5675">
     <span class='ocr_line' id='line_1_98' title="bbox 2254 5542 3883 5622; baseline 0.001 -18"><span class='ocrx_word' id='word_1_858' title='bbox 2254 5552 2419 5606; x_wconf 91' lang='lat' dir='ltr'><strong>citius</strong></span> <span class='ocrx_word' id='word_1_859' title='bbox 2462 5542 2801 5622; x_wconf 75' lang='lat' dir='ltr'><strong>germinante</strong></span> <span class='ocrx_word' id='word_1_860' title='bbox 2828 5560 3011 5620; x_wconf 76' lang='lat' dir='ltr'><strong>segete</strong></span> <span class='ocrx_word' id='word_1_861' title='bbox 3046 5564 3261 5605; x_wconf 85' lang='lat' dir='ltr'><strong>summa</strong></span> <span class='ocrx_word' id='word_1_862' title='bbox 3295 5542 3479 5601; x_wconf 74' lang='lat' dir='ltr'><strong>tenuis</strong></span> <span class='ocrx_word' id='word_1_863' title='bbox 3508 5542 3608 5596; x_wconf 89' lang='lat' dir='ltr'><strong>soli</strong></span> <span class='ocrx_word' id='word_1_864' title='bbox 3656 5543 3883 5605; x_wconf 59' lang='lat' dir='ltr'><strong>fronte:</strong></span> 
     </span>
     <span class='ocr_line' id='line_1_99' title="bbox 2254 5623 2730 5675; baseline -0.004 0"><span class='ocrx_word' id='word_1_865' title='bbox 2254 5636 2311 5675; x_wconf 85' lang='lat' dir='ltr'><strong>ea</strong></span> <span class='ocrx_word' id='word_1_866' title='bbox 2348 5623 2661 5675; x_wconf 81' lang='lat' dir='ltr'><strong>procedens.</strong></span> <span class='ocrx_word' id='word_1_867' title='bbox 2710 5641 2730 5673; x_wconf 75' lang='grc' dir='ltr'><strong>ι</strong></span> 
     </span>
    </p>
   </div>
   <div class='ocr_carea' id='block_1_97' title="bbox 571 5625 2730 5679">
    <p class='ocr_par' dir='ltr' id='par_1_97' title="bbox 571 5625 2730 5679">
     <span class='ocr_line' id='line_1_100' title="bbox 571 5625 2730 5679; baseline 0.001 -9"><span class='ocrx_word' id='word_1_868' title='bbox 571 5625 745 5670; x_wconf 81' lang='lat' dir='ltr'><strong>textu.</strong></span> <span class='ocrx_word' id='word_1_869' title='bbox 2249 5636 2311 5675; x_wconf 84' lang='lat' dir='ltr'><strong>ea</strong></span> <span class='ocrx_word' id='word_1_870' title='bbox 2348 5625 2661 5679; x_wconf 81' lang='lat' dir='ltr'><strong>procedens.</strong></span> <span class='ocrx_word' id='word_1_871' title='bbox 2710 5641 2730 5673; x_wconf 74' lang='grc' dir='ltr'><strong>ι</strong></span> 
     </span>
    </p>
   </div>
   <div class='ocr_carea' id='block_1_98' title="bbox 648 5637 3887 5760">
    <p class='ocr_par' dir='ltr' id='par_1_98' title="bbox 648 5637 3887 5760">
     <span class='ocr_line' id='line_1_101' title="bbox 648 5637 3887 5760; baseline 0.002 -21"><span class='ocrx_word' id='word_1_872' title='bbox 793 5684 885 5740; x_wconf 90' lang='lat' dir='ltr'><strong>Sic</strong></span> <span class='ocrx_word' id='word_1_873' title='bbox 916 5700 1046 5760; x_wconf 81' lang='lat' dir='ltr'><strong>mss.</strong></span> <span class='ocrx_word' id='word_1_874' title='bbox 1080 5684 1241 5760; x_wconf 68' lang='lat' dir='ltr'><strong>Libb.</strong></span> <span class='ocrx_word' id='word_1_875' title='bbox 1271 5685 1422 5760; x_wconf 82' lang='lat' dir='ltr'><strong>editi,</strong></span> <span class='ocrx_word' id='word_1_876' title='bbox 1454 5705 1472 5738; x_wconf 82' lang='grc' dir='ltr'><strong>ι</strong></span> <span class='ocrx_word' id='word_1_877' title='bbox 1508 5688 1750 5741; x_wconf 84' lang='lat' dir='ltr'><strong>aestuari.</strong></span> <span class='ocrx_word' id='word_1_878' title='bbox 1780 5687 1975 5760; x_wconf 2' lang='lat' dir='ltr'><strong>ipfnfra</strong></span> <span class='ocrx_word' id='word_1_879' title='bbox 2000 5704 2152 5754; x_wconf 80' lang='lat' dir='ltr'><strong>mss.,</strong></span> <span class='ocrx_word' id='word_1_880' title='bbox 2249 5637 2758 5760; x_wconf 41' lang='lat' dir='ltr'><strong>ea(§§3LZuu‘i&quot;:i-i§.</strong></span> <span class='ocrx_word' id='word_1_881' title='bbox 2803 5690 3128 5759; x_wconf 81' lang='lat' dir='ltr'><strong>increpabat.</strong></span> <span class='ocrx_word' id='word_1_882' title='bbox 3184 5689 3309 5744; x_wconf 66' lang='lat' dir='ltr'><strong>llaec</strong></span> <span class='ocrx_word' id='word_1_883' title='bbox 3364 5691 3560 5746; x_wconf 88' lang='lat' dir='ltr'><strong>desunt</strong></span> <span class='ocrx_word' id='word_1_884' title='bbox 3586 5690 3638 5743; x_wconf 89' lang='lat' dir='ltr'><strong>in</strong></span> <span class='ocrx_word' id='word_1_885' title='bbox 3669 5699 3887 5747; x_wconf 78' lang='lat' dir='ltr'><strong>antea</strong></span> 
     </span>
    </p>
   </div>
   <div class='ocr_carea' id='block_1_99' title="bbox 582 5754 3891 5825">
    <p class='ocr_par' dir='ltr' id='par_1_99' title="bbox 582 5754 3891 5825">
     <span class='ocr_line' id='line_1_102' title="bbox 582 5754 3891 5825; baseline 0.002 -19"><span class='ocrx_word' id='word_1_886' title='bbox 582 5774 601 5806; x_wconf 76' lang='grc' dir='ltr'><strong>ι</strong></span> <span class='ocrx_word' id='word_1_887' title='bbox 639 5770 738 5822; x_wconf 93' lang='lat' dir='ltr'><strong>pro</strong></span> <span class='ocrx_word' id='word_1_888' title='bbox 780 5770 847 5810; x_wconf 93' lang='lat' dir='ltr'><strong>eo</strong></span> <span class='ocrx_word' id='word_1_889' title='bbox 888 5754 1030 5825; x_wconf 91' lang='lat' dir='ltr'><strong>quod</strong></span> <span class='ocrx_word' id='word_1_890' title='bbox 1060 5756 1244 5810; x_wconf 89' lang='lat' dir='ltr'><strong>videat</strong></span> <span class='ocrx_word' id='word_1_891' title='bbox 1292 5756 1452 5810; x_wconf 88' lang='lat' dir='ltr'><strong>aliam</strong></span> <span class='ocrx_word' id='word_1_892' title='bbox 1496 5766 1721 5812; x_wconf 90' lang='lat' dir='ltr'><strong>terram.</strong></span> <span class='ocrx_word' id='word_1_893' title='bbox 1767 5777 1785 5809; x_wconf 77' lang='grc' dir='ltr'><strong>ι</strong></span> <span class='ocrx_word' id='word_1_894' title='bbox 1815 5759 1973 5813; x_wconf 88' lang='lat' dir='ltr'><strong>Libb.</strong></span> <span class='ocrx_word' id='word_1_895' title='bbox 1998 5760 2151 5824; x_wconf 88' lang='lat' dir='ltr'><strong>editi,</strong></span> <span class='ocrx_word' id='word_1_896' title='bbox 2250 5754 2431 5825; x_wconf 76' lang='lat' dir='ltr'><strong>editis,</strong></span> <span class='ocrx_word' id='word_1_897' title='bbox 2461 5754 2554 5816; x_wconf 84' lang='lat' dir='ltr'><strong>sed</strong></span> <span class='ocrx_word' id='word_1_898' title='bbox 2595 5754 2863 5818; x_wconf 83' lang='lat' dir='ltr'><strong>habentur</strong></span> <span class='ocrx_word' id='word_1_899' title='bbox 2891 5754 2957 5815; x_wconf 50' lang='lat' dir='ltr'><strong>in&#39;</strong></span> <span class='ocrx_word' id='word_1_900' title='bbox 2974 5776 3104 5814; x_wconf 89' lang='lat' dir='ltr'><strong>mss.</strong></span> <span class='ocrx_word' id='word_1_901' title='bbox 3132 5760 3331 5814; x_wconf 84' lang='lat' dir='ltr'><strong>Ibidem</strong></span> <span class='ocrx_word' id='word_1_902' title='bbox 3356 5760 3489 5815; x_wconf 89' lang='lat' dir='ltr'><strong>libb.</strong></span> <span class='ocrx_word' id='word_1_903' title='bbox 3514 5761 3665 5824; x_wconf 88' lang='lat' dir='ltr'><strong>editi,</strong></span> <span class='ocrx_word' id='word_1_904' title='bbox 3702 5777 3726 5810; x_wconf 76' lang='grc' dir='ltr'><strong>ι</strong></span> <span class='ocrx_word' id='word_1_905' title='bbox 3758 5774 3891 5812; x_wconf 75' lang='lat' dir='ltr'><strong>ra—</strong></span> 
     </span>
    </p>
   </div>
   <div class='ocr_carea' id='block_1_100' title="bbox 583 5826 3887 5900">
    <p class='ocr_par' dir='ltr' id='par_1_100' title="bbox 583 5826 3887 5900">
     <span class='ocr_line' id='line_1_103' title="bbox 583 5826 3887 5900; baseline 0.002 -22"><span class='ocrx_word' id='word_1_906' title='bbox 583 5843 601 5873; x_wconf 74' lang='grc' dir='ltr'>σ</span> <span class='ocrx_word' id='word_1_907' title='bbox 638 5840 734 5892; x_wconf 88' lang='lat' dir='ltr'><strong>pro</strong></span> <span class='ocrx_word' id='word_1_908' title='bbox 768 5840 836 5882; x_wconf 87' lang='lat' dir='ltr'><strong>eo</strong></span> <span class='ocrx_word' id='word_1_909' title='bbox 875 5826 1015 5900; x_wconf 75' lang='lat' dir='ltr'><strong>quod</strong></span> <span class='ocrx_word' id='word_1_910' title='bbox 1044 5826 1255 5900; x_wconf 81' lang='lat' dir='ltr'><strong>viderat</strong></span> <span class='ocrx_word' id='word_1_911' title='bbox 1279 5827 1346 5881; x_wconf 88' lang='lat' dir='ltr'><strong>ad</strong></span> <span class='ocrx_word' id='word_1_912' title='bbox 1371 5839 1489 5900; x_wconf 85' lang='lat' dir='ltr'><strong>eam</strong></span> <span class='ocrx_word' id='word_1_913' title='bbox 1520 5836 1744 5882; x_wconf 87' lang='lat' dir='ltr'><strong>terram.</strong></span> <span class='ocrx_word' id='word_1_914' title='bbox 1781 5847 1799 5881; x_wconf 75' lang='grc' dir='ltr'><strong>ι</strong></span> <span class='ocrx_word' id='word_1_915' title='bbox 1834 5828 2003 5881; x_wconf 85' lang='lat' dir='ltr'><strong>Paulo</strong></span> <span class='ocrx_word' id='word_1_916' title='bbox 2032 5838 2153 5897; x_wconf 89' lang='lat' dir='ltr'><strong>post</strong></span> <span class='ocrx_word' id='word_1_917' title='bbox 2252 5832 2585 5890; x_wconf 85' lang='lat' dir='ltr'><strong>tionabilitcr</strong></span> <span class='ocrx_word' id='word_1_918' title='bbox 2613 5833 2819 5891; x_wconf 80' lang='lat' dir='ltr'><strong>factum</strong></span> <span class='ocrx_word' id='word_1_919' title='bbox 2847 5832 3207 5900; x_wconf 81' lang='lat' dir='ltr'><strong>probabitur?</strong></span> <span class='ocrx_word' id='word_1_920' title='bbox 3246 5851 3265 5884; x_wconf 77' lang='grc' dir='ltr'><strong>ι</strong></span> <span class='ocrx_word' id='word_1_921' title='bbox 3304 5830 3433 5888; x_wconf 82' lang='lat' dir='ltr'><strong>Mss.</strong></span> <span class='ocrx_word' id='word_1_922' title='bbox 3474 5843 3531 5887; x_wconf 90' lang='lat' dir='ltr'><strong>ut</strong></span> <span class='ocrx_word' id='word_1_923' title='bbox 3563 5833 3617 5887; x_wconf 88' lang='lat' dir='ltr'><strong>in</strong></span> <span class='ocrx_word' id='word_1_924' title='bbox 3644 5838 3887 5888; x_wconf 74' lang='lat' dir='ltr'><strong>nostro</strong></span> 
     </span>
    </p>
   </div>
   <div class='ocr_carea' id='block_1_101' title="bbox 579 5894 2421 5970">
    <p class='ocr_par' dir='ltr' id='par_1_101' title="bbox 579 5894 2421 5970">
     <span class='ocr_line' id='line_1_104' title="bbox 579 5894 2421 5970; baseline 0.005 -20"><span class='ocrx_word' id='word_1_925' title='bbox 579 5910 736 5962; x_wconf 68' lang='lat'><strong>11:85.,</strong></span> <span class='ocrx_word' id='word_1_926' title='bbox 768 5914 788 5950; x_wconf 78' lang='grc' dir='ltr'><strong>ι</strong></span> <span class='ocrx_word' id='word_1_927' title='bbox 835 5910 902 5953; x_wconf 87' lang='lat' dir='ltr'><strong>ue</strong></span> <span class='ocrx_word' id='word_1_928' title='bbox 925 5894 1066 5953; x_wconf 82' lang='lat' dir='ltr'><strong>forte</strong></span> <span class='ocrx_word' id='word_1_929' title='bbox 1099 5896 1259 5957; x_wconf 87' lang='lat' dir='ltr'><strong>citius</strong></span> <span class='ocrx_word' id='word_1_930' title='bbox 1300 5895 1606 5969; x_wconf 76' lang='lat' dir='ltr'><strong>geminata</strong></span> <span class='ocrx_word' id='word_1_931' title='bbox 1632 5914 1788 5970; x_wconf 86' lang='lat' dir='ltr'><strong>seges</strong></span> <span class='ocrx_word' id='word_1_932' title='bbox 1828 5894 2044 5957; x_wconf 76' lang='lat' dir='ltr'><strong>summa</strong></span> <span class='ocrx_word' id='word_1_933' title='bbox 2067 5911 2148 5959; x_wconf 88' lang='lat' dir='ltr'><strong>tc-</strong></span> <span class='ocrx_word' id='word_1_934' title='bbox 2250 5910 2421 5959; x_wconf 80' lang='lat' dir='ltr'><strong>textu.</strong></span> 
     </span>
    </p>
   </div>
  </div>
