3988 6418
182 377 261 432 28!
1485 365 1688 422 LlBER
1725 363 2041 421 TERTIUS.

3320 362 3428 424 289.

183 493 290 550 λ;ἰν,
327 505 344 537 ι
381 487 466 539 ἵνα
499 483 818 554 βλέποντες
849 485 922 556 μὴ
959 481 1208 554 βλέπωσι,
1234 482 1328 535 καὶ
1354 480 1646 544 ἀκούοντες
1683 483 1742 551 μὶ

1864 481 2084 534 videant
2134 488 2188 535 et
2226 497 2334 538 non
2381 481 2632 548 videant;
2683 489 2736 537 et
2769 483 3052 539 audientes
3091 483 3330 548 audiant,
3373 494 3429 538 et

187 580 394 640 σνλνιῶσι,
434 579 654 647 μήποτε
708 577 1084 649 ἐπιστρέψωσι
1115 574 1208 628 καὶ
1253 574 1425 644 ἀφεθῇ
1471 575 1668 636 αὐτοῖς.
1732 591 1750 622 ›

190 674 277 726 Καὶ
300 672 405 741 ἐρεῖ
430 671 459 720 ὁ
489 669 552 735 ἐξ
585 668 866 732 ἐναντίας
885 685 898 698 ·
935 669 996 720 Εἰ
1029 667 1239 730 πάντως
1259 665 1367 719 τῶν
1411 665 1756 735 σαφεστέρων

185 763 479 823 ἀχοέσαντες
536 760 657 813 οἵδε
725 762 879 824 τινὲς
934 759 1524 831 ὲπιστρέφουσιν,ὦστε
1561 757 1756 818 αὐτοὺς

184 853 334 918 ἀξίους
362 850 618 918 γενέσθαι
649 850 916 917 ἀφέσεως
944 847 1370 920 ἁμαρτημάτων,
1403 844 1504 896 οὐκ
1547 843 1661 896 ἔστι
1697 843 1755 895 δὲ

186 947 254 997 ἐπ’
283 944 453 1003 αὐτοῖς
485 942 548 994 τὸ
581 942 840 996 ἀκοῦσαι
875 941 980 994 τῶν
1014 937 1356 1009 σαφεστέρων
1392 935 1594 1003 λόγων,
1640 934 1755 986 ἀλλ’

184 1035 255 1086 ἐπὶ
279 1033 346 1101 τῷ
373 1032 721 1095 διδάσκοντι,
750 1034 850 1086 καὶ
881 1033 965 1085 διὰ
992 1030 1142 1084 τοῦτο
1172 1031 1271 1082 οὐκ
1302 1027 1630 1096 ἀπαγγέλλει
1661 1027 1757 1080 αὺ-

184 1129 269 1186 τοῖς
321 1125 703 1195 σαφέστερον,
757 1126 972 1194 μήποτε
1018 1123 1162 1175 ἴδωσι
1215 1122 1309 1175 καὶ
1362 1121 1756 1182 συνιῶσιν,οὑκ

180 1213 295 1265 ἔστιν
323 1213 404 1264 ἐπ’
433 1212 626 1275 αὐτοῖς
676 1213 746 1264 τὸ
784 1210 1020 1278 σωθῆναι
1044 1226 1056 1238 ⁸
1100 1211 1147 1261 εἰ
1178 1209 1232 1260 δὲ
1265 1208 1438 1266 τοῦτο,
1462 1207 1561 1260 οὐκ
1589 1206 1753 1274 ἐσμὲν

181 1303 480 1368 ανξιτεξούσιοι
507 1303 818 1373 σωτηρίας
854 1303 946 1354 καὶ
974 1299 1260 1362 ἀπωλείας.
1297 1296 1504 1366 Πιθανὴ
1537 1295 1634 1366 μὲν
1663 1289 1754 1345 οὖν

181 1395 286 1466 πρὸς
327 1395 500 1450 ταῦτα
564 1397 866 1464 ἀπολογία
911 1391 1008 1465 ἦν,
1061 1395 1108 1446 εἰ
1160 1391 1233 1462 μὴ
1303 1389 1621 1461 προσέκειτο
1669 1388 1749 1453 τὸ,

181 1507 194 1537 ι
237 1488 425 1556 μήποτε
464 1487 869 1556 ἐπιστρέψωσι
911 1487 1004 1538 καὶ
1033 1485 1202 1555 ἀφεθῇ
1237 1483 1434 1544 αὐτοῖς,
1470 1500 1489 1531 ι
1544 1479 1626 1542 τὸ,
1674 1479 1753 1531 ὅτι

175 1582 252 1632 οὐκ
280 1580 518 1632 ἐϐούλετο
543 1581 691 1643 τοὺς
741 1581 818 1651 μὴ
845 1580 1129 1650 ἐσομένους
1169 1577 1365 1639 καλοὺς
1397 1575 1489 1628 καὶ
1519 1573 1754 1641 ἀγαθοὺς

179 1670 377 1723 συνιέναι
413 1671 523 1722 τῶν
565 1671 1018 1740 μυστικωτέρων
1046 1671 1072 1722 ὁ
1121 1668 1329 1738 Σωτὴρ,
1359 1666 1452 1718 καὶ
1480 1665 1567 1720 διὰ
1600 1665 1754 1717 τοῦτο

178 1762 322 1815 ἐλάλει
363 1763 549 1824 αὐτοῖς
607 1764 672 1814 ὲν
714 1759 1092 1832 παραϐολαῐςο
1126 1758 1216 1812 νῦν
1245 1758 1302 1811 δὲ
1340 1757 1588 1827 κειμένου
1636 1755 1750 1819 τοῦ,

176 1871 192 1902 ι
221 1854 403 1922 μήποτε
441 1852 849 1924 ἐπιστρέψωσι
878 1852 971 1906 καὶ
1001 1851 1169 1921 ἀφεθῇ
1219 1851 1401 1913 αὐτοῖς
1425 1865 1436 1878 ·

174 1944 293 2010 infla
329 1945 442 1996 ἐστὶ
477 1944 893 2014 χαλεπωτέρα.
949 1942 1166 2014 Πρῶτον
1208 1940 1383 1994 τοίνυν
1419 1940 1750 2010 σημειωτέον

175 2036 267 2088 ἐστὶ
291 2038 374 2088 τὸν
401 2039 576 2089 τόπον
626 2036 778 2107 πρὸς
808 2037 935 2096 τοὺς
961 2033 1312 2106 ἐτεροδόξους,
1339 2030 1750 2104 λεξιθηροῦντας

173 2124 248 2191 μὲν
286 2126 348 2177 τὰ
392 2125 502 2178 ἀπὸ
557 2126 672 2196 τῆς
723 2123 972 2186 Παλαιᾶς
1018 2123 1289 2194 Διαθήκης
1330 2122 1570 2186 τοιαῦτα,
1622 2121 1750 2176 ἔνθα

168 2215 472 2284 ἐμςαίνεται,
528 2216 620 2278 ὡς
668 2215 848 2280 αὐτοὶ
883 2213 1184 2284 τολμῶντες
1217 2215 1483 2282 λέγουσιν,
1531 2214 1749 2284 ὠμότης

167 2299 237 2350 τοῦ
273 2302 622 2375 δημιουργοῦ
672 2305 709 2372 ἡ
762 2301 1037 2372 ἀμυντικὴ
1078 2304 1170 2355 καὶ
1219 2302 1604 2374 ἀνταποδοτικὴ
1640 2302 1746 2354 τῶν

165 2392 382 2461 χειρόνων
413 2395 794 2465 προαίρεσις,
827 2393 858 2463 ἢ
887 2394 985 2445 ὅτί
1024 2411 1150 2446 ποτε
1183 2394 1393 2448 θέλουσι
1427 2395 1484 2446 τὸ
1511 2395 1746 2448 τοιοῦτον

163 2486 424 2553 ὀνομάζειν,
450 2487 636 2557 μόνον
671 2487 764 2538 ἵνα
795 2486 1026 2554 λέγωσιν
1057 2486 1154 2539 οὐκ
1181 2486 1491 2556 ὰγαθότητα
1524 2483 1661 2540 εἶναι
1689 2489 1745 2541 ἐν

257 2576 499 2630 κτίσαντι
525 2593 542 2608 °
596 2580 707 2646 οὐχ
755 2578 962 2647 ὁμοίως
993 2577 1069 2640 δὲ,
1116 2578 1235 2630 οὐδὲ
1269 2580 1626 2650 εὐγνωμόνως
1658 2583 1743 2632 ἐν·-

159 2668 497 2736 τνγχᾶνοντας
544 2672 618 2740 τῇ
674 2671 887 2739 Καινῇ,
918 2668 1053 2721 ἀλλὰ
1101 2670 1640 2742 παραπεμπομένους
1677 2672 1743 2726 τὰ

161 2760 489 2830 παραπλήσια
521 2754 610 2823 οἷς
639 2758 973 2831 νομίζουσιν
999 2756 1136 2814 εἶναι
1164 2760 1479 2832 ἐπιλήπτοις
1519 2765 1608 2815 ἐπὶ
1631 2762 1740 2834 (σι)

158 2850 234 2918 τῆς
255 2852 501 2915 Παλαιᾶς
521 2870 535 2882 ’
580 2852 853 2924 φανερῶς
887 2853 993 2924 γὰρ
1035 2853 1128 2907 καὶ
1159 2853 1298 2906 κατὰ
1325 2854 1383 2906 τὸ
1418 2855 1741 2922 Εὑοιγγέλιον

157 2941 355 3013 dim-3r?
379 2943 712 3005 δείκνυται,
743 2943 823 3006 ὡς
855 2945 1007 2997 αὐτοὶ
1039 2945 1354 3013 φάσκουσιν,
1375 2946 1464 2998 ἐπὶ
1486 2948 1590 3000 τῶν
1613 2965 1743 3019 προ-

152 3030 294 3099 τέρων
335 3033 420 3085 διὰ
479 3034 655 3086 τοῦτο
722 3032 916 3101 σαφῶς
965 3033 1038 3103 μὴ
1092 3033 1474 3104 φθεγγόμενος,
1533 3037 1618 3088 ἵνα
1668 3036 1740 3108 μὴ

151 3127 531 3204 ᾷπίστρέψωσιν
563 3127 618 3178 οξ
665 3125 978 3196 ἄνθρωποι,
1012 3127 1102 3179 καὶ
1143 3128 1570 3198 ἐπιστρέψαντες
1605 3130 1738 3198 ἀφέ-

1867 588 1972 625 non
2005 571 2336 643 intelligant,
2369 589 2435 628 ne
2467 573 2606 628 forte
2632 584 3014 629 convertantur
3037 585 3089 628 et
3120 575 3430 631 remittatur

1864 665 1943 718 eis
1973 665 2039 720 ⁸⁸.
2081 683 2098 716 ι
2136 664 2190 718 ln
2223 681 2330 734 quo
2363 667 2505 721 dicet
2541 668 2630 735 qui
2681 683 2711 721 e
2754 669 2964 724 diverso
2998 669 3286 738 respondet
3317 687 3332 723 :
3368 668 3426 721 Si

1865 754 2176 810 omnimodo
2209 757 2260 809 hi
2304 757 2398 824 qui
2430 756 2775 812 manifestius
2808 760 3052 824 audient,
3090 760 3429 828 corrigentur

1863 855 1916 898 ct
1953 856 2366 912 convertentur,
2420 858 2474 901 et
2519 848 2590 902 ita
2638 861 3043 914 convertentur,
3079 860 3137 904 nt
3181 862 3234 905 et
3281 850 3425 918 digni

1863 939 1970 992 siut
2007 939 2285 1007 percipere
2317 939 2694 995 remissionem
2746 952 3129 1010 peccatorum;
3187 958 3293 996 non
3345 951 3428 995 est

1864 1039 2041 1083 autem
2072 1029 2124 1082 in
2160 1031 2402 1098 ipsorum
2437 1040 2700 1100 potestate
2733 1044 2792 1088 ut
2821 1036 3036 1088 audiant
3081 1034 3423 1089 manifestum

1864 1133 2197 1185 sermonem,
2228 1120 2320 1173 sed
2355 1120 2406 1173 in
2443 1119 2564 1188 ejus
2596 1123 2780 1194 utique
2813 1133 3073 1192 potestate
3107 1126 3196 1195 qui
3247 1127 3423 1188 docet,

1864 1217 1915 1260 ut
1951 1209 2190 1276 apertius
2225 1220 2275 1264 et
2317 1211 2661 1266 manifestius
2692 1216 2912 1279 doceat;
2946 1213 2990 1268 is
3017 1229 3142 1269 vero
3190 1216 3280 1286 qui
3327 1215 3427 1268 do-

1819 1293 1834 1303 ’
1862 1313 1968 1362 cet,
2015 1313 2299 1371 prepterca
2341 1319 2398 1357 se
2433 1304 2564 1357 dicit
2610 1305 2896 1359 manifeste
2950 1307 3028 1360 eis
3084 1321 3190 1360 non
3236 1307 3427 1376 praedi-

1865 1407 1991 1446 care
2046 1394 2272 1448 verbum
2327 1410 2393 1447 ne
2453 1393 2593 1448 forte
2649 1397 2870 1451 audiant
2921 1405 2976 1450 et
3026 1397 3325 1467 intelligant
3372 1408 3428 1452 et

1861 1493 2252 1536 convertantur
2284 1493 2339 1537 et
2367 1485 2644 1539 salventur
2675 1505 2687 1540 :
2725 1502 2828 1540 non
2870 1487 2974 1541 erit
3003 1487 3188 1555 utique
3216 1487 3267 1540 in
3297 1487 3428 1555 ipsis

1863 1584 1918 1626 ιιι
1948 1574 2081 1628 salvi
2118 1576 2266 1628 fiant.
2298 1575 2452 1642 Quod
2496 1577 2539 1630 si
2585 1588 2689 1643 est,
2721 1578 2874 1631 liberi
2923 1577 3137 1631 arbitrii
3181 1593 3284 1632 non
3323 1580 3428 1632 eri-

1863 1680 1979 1718 mus
2034 1665 2113 1720 vel
2166 1668 2232 1720 ad
2285 1667 2536 1732 salutem,
2571 1669 2656 1723 vel
2711 1673 2776 1723 ad
2827 1671 3205 1740 perditionem.
3266 1669 3330 1724 Et
3379 1671 3426 1725 si

1859 1759 2071 1826 quidem
2114 1774 2216 1812 non
2264 1773 2407 1814 esset
2443 1761 2708 1830 adjectum
2739 1762 2880 1831 quod
2909 1763 3044 1817 dixit
3072 1781 3086 1817 :
3126 1782 3145 1814 ‹
3179 1762 3255 1817 Ne
3288 1762 3428 1817 forte

1481 1869 1498 1899 ι
1535 1850 1568 1920 ἡ
1607 1850 1742 1900 ἀπο·
1774 1844 1816 1898 Β
1852 1859 2245 1905 convertantur
2289 1860 2344 1905 et
2399 1851 2707 1906 remittatur
2761 1852 2861 1918 cis,
2918 1871 2936 1904 ι
2995 1861 3176 1922 posset
3208 1853 3427 1922 pronior

1857 1957 1980 1995 esse
2027 1942 2330 2010 responsio,
2385 1958 2487 2012 qua
2539 1943 2848 1999 diceremus
2900 1946 3157 2014 quoniam
3208 1945 3426 2000 nolebat

1857 2047 1949 2087 eos
1977 2048 2114 2102 quos
2151 2032 2401 2088 Salvator
2433 2033 2752 2104 prtesciebat
2795 2050 2898 2089 non
2931 2051 3051 2090 esse
3078 2034 3291 2089 futuros
3325 2037 3425 2087 bo-

1859 2142 1975 2191 uos,
2011 2125 2316 2194 intelligere
2367 2128 2622 2194 mysteria
2669 2129 2823 2197 regni
2860 2127 3150 2193 cmlorum,
3195 2137 3249 2180 et
3297 2143 3426 2198 pro-

1855 2227 2038 2285 pterea
2097 2217 2414 2286 loquebatur
2465 2219 2545 2272 eis
2591 2219 2642 2272 in
2698 2217 3002 2286 parabolis;
3053 2233 3194 2273 nunc
3244 2228 3424 2273 autem

1855 2324 1974 2360 cum
2021 2306 2286 2376 adjectum
2337 2308 2426 2370 sit,
2466 2327 2484 2358 ‹
2535 2325 2600 2362 ne
2632 2309 2771 2363 forte
2827 2319 3219 2364 convertantur
3249 2319 3304 2364 et
3335 2326 3423 2363 t'e-

1857 2400 2104 2452 mittatur
2153 2399 2264 2463 eis,
2317 2418 2334 2450 ι
2392 2398 2660 2454 dillicilior
2723 2399 2952 2454 cllieitur
3001 2401 3293 2470 expositio.
3359 2402 3427 2456 Et

1855 2491 2031 2556 primo
2064 2489 2276 2556 quidem
2313 2490 2715 2543 observandum
2762 2491 2920 2545 nobis
2951 2500 3033 2545 est
3060 2491 3188 2561 quid
3228 2492 3426 2546 habeat

1853 2580 2171 2634 munimenti
2230 2580 2378 2635 locus
2438 2582 2538 2635 iste
2593 2583 2755 2634 etiam
2811 2583 3069 2636 adversus
3117 2583 3419 2644 haereticos,

1852 2671 1943 2740 qui
1991 2673 2250 2741 aucupari
2293 2672 2452 2726 verba
2506 2675 2571 2727 de.
2617 2674 2792 2727 Veteri
2827 2674 3174 2728 Testamento
3225 2675 3421 2740 solent,

1851 2763 1894 2817 si
1949 2778 2050 2832 qua
2110 2762 2248 2818 forte
2299 2763 2550 2818 videntur
2583 2765 2680 2828 eis,
2716 2774 2773 2818 nt
2831 2766 2930 2834 ipsi
2991 2765 3319 2834 intelligunt,
3355 2768 3422 2821 de

1853 2855 1960 2908 Deo
2009 2863 2258 2907 creatore
2312 2869 2473 2921 grave
2523 2863 2578 2909 et
2632 2855 2987 2910 inhumanum
3043 2856 3243 2928 aliquid
3279 2859 3422 2912 desi-

1851 2958 2039 3013 gnare,
2077 2957 2195 2996 cum
2240 2945 2399 3015 126
2446 2945 2528 2998 vel
2580 2946 2906 2999 vindicantis
2955 2945 3066 3017 (bii)
3108 2949 3421 3016 designatur

1849 3035 1930 3086 vel
1963 3034 2236 3103 punientis
2265 3034 2510 3098 affectus,
2562 3035 2645 3090 vel
2679 3038 3061 3104 quoquomodo
3107 3048 3260 3091 certe
3313 3038 3416 3106 ipsi

1851 3125 1963 3178 lnee
2013 3126 2296 3179 non‘iinare
2347 3125 2545 3193 solent,
2582 3141 2644 3179 ex
2682 3127 2877 3196 quibus
2907 3127 3163 3182 videlicet
3199 3129 3417 3183 bonita-

153 3239 260 3286 σεως
286 3221 728 3292 ἁμαρτημάτων
763 3216 905 3282 ἄξιοι
935 3220 1198 3287 γένωνται
1219 3236 1232 3250 ⁶
1279 3221 1416 3291 ὅπερ
1463 3221 1582 3274 καθ’
1607 3223 1737 3276 αὐτὸ

1849 3227 1950 3268 tum
1985 3217 2248 3287 dénegcnt
2297 3233 2416 3271 esse
2451 3219 2502 3270 in
2539 3218 2797 3271 Creatore
2831 3235 2843 3270 :
2880 3219 3151 3287 quomodo
3180 3235 3284 3272 non
3314 3234 3410 3273 ea-

150 3316 323 3380 ιὲδενὸς
373 3313 612 3367 ἔλαττόν
664 3315 795 3364 ἐστι
838 3309 944 3364 τῶν
967 3311 1072 3364 ἀπὸ
1096 3312 1194 3382 τῆς
1220 3313 1462 3375 Παλαιᾶς
1501 3331 1736 3383 κατηγο-

148 3407 392 3475 ρουμένων
445 3402 771 3457 τοιούτωνο
826 3401 921 3453 ἐὰν
970 3401 1031 3456 δὲ
1077 3403 1204 3474 περὶ
1259 3403 1351 3456 τοῦ
1405 3404 1734 3472 Εὑαγγελίου

147 3498 403 3564 ἀπολογίαν
450 3494 706 3569 ζητῶσι,
735 3493 962 3546 λεκτέον
996 3495 1131 3565 πρὸς
1172 3496 1390 3558 αὐτοὺς,
1419 3498 1466 3548 εἰ
1501 3496 1572 3567 μὴ
1611 3496 1734 3548 ἐπι-

145 3589 329 3660 λήπτως
378 3588 624 3642 ποιῶσιν
669 3585 774 3638 ἐπὶ
817 3584 926 3637 τῶν
958 3587 1156 3656 ὁμοίων
1185 3587 1582 3658 προϐλημάτων
1612 3589 1734 3641 ἀνο-

144 3685 279 3751 μοίως
307 3683 628 3752 ἱστάμενοι,
663 3679 768 3732 καὶ
807 3677 950 3732 κατὰ
985 3678 1083 3748 μὲν
1109 3679 1206 3748 τὴν
1239 3679 1445 3750 Καινὴν
1469 3681 1529 3733 οὐ
1574 3697 1742 3752 προσ-

141 3777 416 3839 κέπτοντες,
455 3773 583 3827 ἀλλ’
631 3768 948 3836 ἀπολογίαν
995 3768 1300 3839 ζητοῦντες,
1339 3768 1481 3822 κατὰ
1527 3769 1584 3821 δὲ
1628 3769 1726 3838 τὴν

139 3866 347 3918 Πλλαιέιν
396 3865 531 3936 περὶ
575 3861 698 3914 τῶν
739 3858 1161 3929 παραπλησίων,
1187 3859 1303 3911 δέον
1351 3857 1740 3928 ἀπολογεῖσθαι

140 3959 308 4026 iaciat;
333 3962 444 4021 τοῖς
483 3954 603 4010 ἀπὸ
654 3951 766 4022 τῆς
811 3952 1036 4021 Καινῆς,
1073 3951 1533 4023 κατηγοροῦντεςο
1566 3951 1622 4018 ἐξ
1663 3945 1736 4006 ὧν

139 4053 530 4121 ιςυμόιεὰσομεν
594 4047 816 4107 αὐτοὺς
865 4043 953 4096 διὰ
1004 4043 1102 4107 τὰς
1154 4045 1478 4116 ὁμοιότητας
1523 4045 1616 4097 ἐπὶ
1669 4044 1729 4097 τὸ

138 4141 286 4193 πάντα
316 4143 580 4213 ἡγεῖσθαι
613 4137 748 4198 ἐνὸς
778 4134 919 4187 εἶναι
948 4135 1255 4206 Γράμματα
1285 4136 1440 4190 Θεοῦ.
1478 4137 1614 4209 Φέρε
1661 4136 1724 4208 δὴ

137 4235 213 4283 tu".
241 4236 364 4305 προς
403 4237 465 4288 τὸ
502 4228 898 4305 προκείμενον
940 4226 1231 4296 ἀπολογίαν
1281 4227 1420 4284 κατὰ
1462 4229 1521 4283 τὸ
1564 4230 1720 4283 δυνα-

1842 3308 1962 3358 dem
1994 3318 2193 3369 mente,
2243 3322 2340 3360 nec
2371 3308 2558 3361 eodem
2593 3323 2750 3361 sensu
2794 3309 2960 3361 etiam
3010 3308 3076 3362 de
3108 3307 3416 3378 Evangeliis

1836 3396 2105 3464 judieant,
2143 3413 2239 3452 nec
2269 3399 2564 3452 observant
2589 3399 2635 3452 si
2661 3414 2766 3469 qua
2806 3398 2929 3451 talia
2956 3401 3122 3452 etiam
3154 3401 3204 3453 in
3231 3401 3416 3454 Evan-

1839 3489 1994 3559 geliis
2035 3493 2206 3559 posita
2251 3501 2398 3554 sunt,
2449 3489 2627 3559 qualia
2679 3489 2926 3560 iudicant
2957 3490 3039 3544 vel
3071 3501 3311 3562 arguunt
3358 3493 3415 3546 in

1840 3582 2022 3637 Veteri
2057 3581 2428 3637 Testamento.
2459 3582 2755 3636 Evidenter
2782 3582 2926 3636 enim
2955 3583 3009 3637 in
3045 3583 3146 3638 hoc
3177 3583 3414 3654 capitulo

1845 3675 2093 3729 Salvator
2139 3676 2462 3742 ostenditur,
2511 3677 2653 3730 sicut
2704 3675 2805 3743 ipsi
2863 3675 3072 3741 dicunt,
3125 3685 3411 3744 propterea

1843 3765 2130 3819 manifeste
2173 3780 2279 3819 non
2313 3764 2484 3833 loqui,
2524 3765 2600 3818 uti
2646 3779 2712 3819 ne
2746 3773 3135 3820 convertantur
3168 3764 3414 3819 homines

1841 3869 1891 3912 et
1939 3859 2188 3912 conversi
2250 3858 2626 3913 remissionem
2698 3857 2972 3926 accipiant
3040 3865 3409 3927 peccatorum.

1840 3951 1990 4018 Quod
2029 3954 2216 4024 utique
2247 3952 2291 4007 si
2324 3951 2619 4006 secundum
2666 3950 2835 4004 solam
2867 3952 3105 4005 litteram
3138 3950 3410 4020 intelliga-

1841 4053 1950 4108 tur,
1981 4045 2112 4097 nihil
2161 4046 2385 4098 omnino
2420 4044 2602 4098 minus
2635 4043 2926 4097 habebitur
2954 4043 3022 4096 ab
3069 4043 3150 4097 eis
3194 4059 3311 4111 qua:
3354 4044 3408 4097 in

1834 4135 2181 4189 Testamento
2208 4133 2388 4188 Veteri
2423 4132 2809 4188 criminantur.
2835 4133 2892 4187 Si
2925 4148 3056 4187 vero
3080 4133 3212 4200 ipsis
3241 4133 3407 4186 etiam

1833 4227 2085 4281 videntur
2119 4228 2233 4282 lucc
2273 4228 2614 4296 CXpositione
2645 4227 2905 4297 indigere,
2943 4227 2986 4280 si
3023 4241 3127 4296 qua
3175 4227 3227 4280 in
3258 4224 3408 4280 Novo

136 4325 210 4375 τὶν
239 4326 616 4399 ᾒρισιῦμεθα.

1849 4319 2180 4374 [‘estamento
2213 4320 2286 4373 ita
2337 4321 2511 4388 posita
2561 4320 2936 4384 inveniuntur,
2969 4334 3306 4390 consequens
3349 4331 3407 4375 et

138 4425 477 4476 necessarium
543 4418 690 4483 erit,
768 4416 1019 4470 utetiam
1077 4429 1138 4468 ea
1170 4430 1290 4485 qua:
1327 4414 1377 4468 in
1417 4414 1970 4486 VeterijTestamcuto
2026 4414 2414 4477 critninarnnt,
2482 4416 2642 4468 simili
2701 4415 3038 4482 expositione
3082 4424 3403 4483 purgentur,

135 4519 186 4562 ut
206 4527 287 4579 per
310 4514 424 4568 hare
473 4513 654 4567 unius
703 4509 1062 4576 ejusdemque
1110 4507 1200 4562 Dei
1245 4508 1546 4577 probentur
1577 4523 1696 4562 esse
1741 4523 1862 4578 qua:
1891 4509 1941 4562 in
1981 4518 2209 4576 utroque
2242 4507 2444 4576 scripta
2491 4515 2616 4562 sunt
2648 4506 2997 4562 Testamento
3029 4507 3165 4578 (66).
3202 4507 3308 4562 Sed
3335 4511 3401 4564 ad

135 4613 433 4678 propositam
469 4608 887 4681 quaestionem,
924 4612 1080 4673 prout
1127 4618 1433 4672 possumus,
1483 4614 1888 4658 convertamur.

1376 4717 1943 4774 ΙΝΤΕΠΡΒΕΤΛΤΙΟ
1979 4717 2184 4774 NOVA.

138 4818 290 4875 ctione
319 4820 458 4875 Novi
497 4815 874 4874 Testamenti
911 4823 1217 4876 versantur,
1258 4816 1350 4870 sed
1403 4815 1472 4868 iis
1519 4830 1640 4883 quae
1689 4815 1740 4867 in
1770 4815 1952 4869 Veteri
1988 4814 2430 4883 reprehendenda
2475 4823 2687 4882 putant,
2721 4813 2919 4868 similia
2955 4816 3396 4883 prmtcrmittnnt.

142 4885 255 4959 illam
286 4900 470 4959 aperte
539 4890 818 4944 Salvator
852 4885 906 4937 iu
941 4885 1256 4959 Evangelio,
1306 4886 1447 4938 sicut
1507 4886 1604 4952 ipsi
1637 4885 1849 4959 dicunt,
1897 4887 2386 4959 priorihtts_ve_rbis
2419 4885 2720 4959 ostenditur
2755 4895 3037 4959 propterea
3087 4900 3190 4938 non
3226 4888 3398 4938 mani-

141 4958 255 5013 feste
280 4955 442 5027 loqui,
476 4977 548 5016 ne
596 4956 1369 5027 convertanturhomineset
1402 4955 1649 5009 conversi
1683 4966 2029 5027 peccatorum
2061 4957 2386 5027 remissione
2422 4955 2567 5022 digni
2607 4956 2769 5027 lian_t_;
2801 4958 2946 5027 quod
2988 4956 3160 5027 ipsum
3205 4971 3298 5024 per
3337 4971 3396 5009 se

139 5023 543 5086 nihiloiul'erins
599 5039 694 5083 est
730 5027 801 5080 iis
842 5041 962 5094 quae
1011 5026 1063 5078 in
1128 5023 1306 5077 Veteri
1358 5027 1711 5079 Testamento
1769 5026 2262 5092 reprehenduntur.
2318 5025 2412 5078 Sin
2475 5035 2654 5076 autem
2706 5023 2978 5092 Evangelii
3008 5023 3396 5079 defensionem

137 5111 377 5164 quarunt,
410 5099 823 5168 interrogandi
864 5093 1219 5168 ’sunt_annon
1252 5097 1684 5168 reprehensione
1733 5096 1879 5168 digiti
1904 5097 2152 5168 sintqui
2205 5098 2260 5168 in
2308 5093 2606 5168 similibus
2633 5097 3027 5168 quaestionibus
3062 5095 3399 5148 dissimiliter

139 5163 412 5237 versantur,
441 5182 501 5226 et
531 5163 676 5224 cuni
708 5169 766 5221 in
800 5166 950 5221 Novo
997 5163 1350 5237 Testamento
1403 5166 1538 5219 nihil
1583 5165 1686 5237 sibi
1737 5165 2046 5237 olleutliculi
2081 5163 2382 5237 inveniant,
2419 5163 2676 5237 sed_ejus_
2723 5166 3092 5237 defensionem
3131 5175 3396 5237 quwraut,

141 5236 187 5287 iu
212 5237 370 5295 Veteri
396 5233 603 5295 tamen
640 5238 854 5292 similia
911 5236 1332 5305 reprehendunt,
1383 5251 1620 5304 quorum
1671 5236 1858 5289 itidem
1908 5236 2196 5302 quatrcnda
2252 5243 2391 5305 erat!
2424 5233 2736 5301 explicatio.
2791 5235 2939 5290 Unde
2985 5235 3104 5288 illos
3155 5235 3399 5288 locorum

141 5313 512 5378 comparatione
545 5326 620 5366 eo
670 5303 1011 5378 deducenius
1041 5316 1098 5359 ut
1146 5306 1305 5378 unius
1337 5303 1696 5378 ejusdemque
1741 5321 1858 5360 esse
1888 5305 1981 5360 Dei
2024 5315 2319 5374 utrumque
2353 5303 2761 5358 Testamentum
2796 5308 3046 5361 credant.
3084 5306 3203 5375 Age
3243 5319 3396 5374 vero4

142 5379 195 5428 ad
221 5376 544 5450 propositam
603 5377 977 5448 quaestionem
1018 5391 1115 5446 pro
1155 5376 1299 5430 virili
1335 5377 1787 5445 respondeamus.

198 5471 235 5504 ”
264 5474 424 5531 Marc.
463 5492 543 5541 Iv,
606 5471 704 5526 12.

196 5567 292 5632 (64)
321 5570 373 5623 In
407 5581 576 5625 antea
607 5565 784 5622 editis
816 5565 1030 5637 legitur,
1063 5568 1188 5624 ἀπό.

197 5640 298 5706 (65)
335 5639 426 5696 Sic
486 5656 630 5695 mss.
661 5638 843 5701 Alias,
899 5655 918 5687 ι
976 5639 1059 5691 vel
1109 5639 1430 5707 jndicantis.
1470 5657 1488 5690 ι
1531 5638 1696 5692 Paulo

142 5717 240 5778 post
269 5726 419 5774 mss.,
455 5731 475 5762 ι
526 5707 828 5778 quomodo
863 5721 967 5760 non
1017 5711 1203 5762 eadem
1238 5719 1440 5764 mente.
1479 5729 1497 5761 ι
1554 5709 1712 5762 Libh.

141 5777 262 5842 editi,
296 5798 314 5830 ι
358 5777 631 5849 quoniam
672 5792 786 5831 non
835 5778 1023 5849 eadem
1061 5791 1260 5832 mente.
1302 5797 1321 5830 ι
1371 5778 1512 5831 Infra
1561 5793 1713 5840 tnss.,

145 5847 452 5918 tprupterea
484 5850 796 5905 manifeste
831 5863 936 5900 non
963 5847 1130 5919 loqui,
1180 5851 1254 5904 nti
1290 5863 1356 5905 nc
1391 5858 1717 5904 convertam

1817 5579 1903 5619 tur
1951 5565 2218 5628 homines,
2249 5575 2304 5618 et
2329 5563 2578 5618 conversi
2611 5564 2994 5620 remissionem
3041 5565 3338 5635 accipiant.
3369 5584 3388 5617 ι

1807 5637 1862 5691 lu
1893 5638 2058 5692 editis
2094 5634 2266 5699 deest,
2305 5653 2324 5684 ι
2366 5643 2651 5701 pr0pterea
2684 5653 2700 5686 ι
2735 5644 2790 5688 et
2822 5654 2840 5686 ι
2867 5636 3138 5700 conversi,
3165 5634 3196 5687 ί»
3225 5647 3275 5690 et
3297 5650 3395 5705 pro

1830 5726 1847 5756 ι
1891 5709 2086 5763 utine,
2126 5724 2143 5754 ι
2187 5705 2401 5772 legitur,
2439 5722 2458 5753 ι
2505 5714 2558 5756 ιιι
2593 5705 2645 5755 in
2684 5719 2768 5756 eo.
2809 5724 2827 5756 ι

1897 5775 2006 5847 (liti)
2051 5774 2221 5826 liuius
2251 5775 2586 5847 ejusdemque
2625 5773 2715 5824 [lci
2744 5773 3026 5847 probentur
3053 5790 3161 5847 esse
3191 5775 3391 5847 quq:

1827 5843 2043 5916 utroque
2075 5847 2272 5913 scriptu
2310 5855 2427 5898 sunt
2483 5844 2833 5898 Testamento.
2860 5843 2936 5897 Ita
2970 5861 3104 5899 mss.
3143 5845 3196 5897 ln
3229 5843 3390 5898 editis
