3988 6418
583 401 696 462 283

587 619 732 690 quod
773 619 1046 674 interdum
1076 616 1255 671 curari
1299 612 1460 669 cilius
1492 627 1598 666 non
1647 610 1794 665 cedit
1839 609 1892 663 in
1939 610 2165 675 bonum,

587 710 828 765 maxime
891 709 936 764 si
993 705 1223 762 internis
1289 702 1596 758 visceribus
1646 700 1881 756 validius
1943 702 2169 755 morbus

586 808 868 870 grassatur
928 797 1187 851 inclusus.
1250 793 1405 850 Unde
1474 793 1614 848 Deus
1662 791 1757 862 qui
1825 792 2166 847 occultorum

585 891 839 960 cognitor
887 899 991 952 est,
1053 895 1108 940 et
1149 886 1305 940 novit
1351 887 1605 940 universa
1675 893 1966 953 antequam
2012 883 2166 948 ﬁant,

583 998 682 1053 pro
739 981 904 1036 multa
958 979 1296 1049 benignitate
1347 992 1442 1032 sua
1489 976 1672 1030 differt
1727 977 1919 1031 horum
1977 976 2166 1030 talium

583 1090 765 1141 curas,
817 1072 1243 1143 etﬁmedicinam
1294 1069 1527 1141 protelat
1587 1070 1639 1124 in
1691 1069 1923 1140 longius,
1981 1079 2164 1139 atque,

579 1177 640 1222 ut
691 1169 766 1222 ita
820 1166 1090 1232 dixerim,
1143 1173 1302 1220 curat
1360 1178 1458 1238 eos
1505 1162 1632 1216 dum
1685 1177 1793 1217 non
1855 1169 2044 1224 curat,
2098 1175 2168 1216 ne

578 1272 674 1312 eos
751 1271 984 1327 propera
1050 1255 1257 1310 sanitas
1302 1252 1634 1308 insanabiles
1702 1252 1917 1308 reddat.
1975 1251 2166 1307 Possi-

578 1348 688 1402 bile
733 1364 863 1419 ergo
913 1357 998 1404 est.
1064 1357 1123 1402 ut
1181 1348 1323 1418 apud
1389 1361 1483 1402 eos
1529 1345 1728 1416 quibus
1780 1344 1918 1400 foris
1970 1344 2164 1410 positis

580 1439 795 1494 Domini
869 1450 924 1493 et
985 1437 1286 1493 Salvatoris
1339 1438 1510 1491 nostri
1573 1449 1756 1491 sermo
1813 1435 2015 1499 fiebat,
2067 1450 2165 1505 pro

581 1531 740 1601 127
773 1545 836 1585 eo
861 1530 1003 1600 quod
1033 1539 1284 1585 scrutatis
1336 1527 1502 1582 corda
1533 1537 1586 1582 et
1633 1540 1791 1581 renes
1831 1525 2162 1595 praevidebat

576 1641 672 1679 eos
698 1624 935 1679 nondum
962 1633 1118 1693 aptos
1139 1636 1258 1677 esse
1276 1619 1671 1676 manifestior-is
1694 1618 1894 1687 eloquii
1922 1617 2164 1688 recipere

577 1716 884 1772 doctrinam
917 1755 932 1782 ,
971 1714 1357 1785 profundioris
1407 1712 1738 1769 sacramenti
1793 1711 1952 1766 tidem
1989 1712 2164 1766 velato

577 1821 831 1863 sermone
881 1815 1236 1877 Contegeret:
1294 1822 1364 1864 ne
1420 1807 1563 1863 forte
1618 1805 1884 1862 velociter
1913 1803 2162 1860 conversi

577 1916 642 1955 ac
671 1902 844 1956 sanati
877 1940 892 1967 ,
923 1900 976 1956 id
1008 1907 1091 1954 cst
1121 1939 1138 1966 ,
1198 1907 1546 1967 peccatorum
1576 1913 1800 1952 suorum
1834 1898 2158 1952 remissione

577 1993 827 2048 celeriter
849 2002 1072 2062 accepta
1102 2031 1119 2056 ,
1171 1989 1331 2046 facile
1359 1992 1558 2046 iterum
1587 1991 1640 2044 in
1673 1992 1924 2044 eumdem
1952 1990 2160 2044 recide-

577 2095 700 2141 rent
732 2086 978 2141 morbum
1008 2129 1023 2153 ,
1057 2100 1218 2153 quem
1249 2091 1537 2141 senserant
1565 2084 1685 2139 sine
1714 2083 1893 2152 aliqua
1929 2081 2157 2136 difﬁcul—

577 2185 688 2230 tate
713 2183 994 2234 curatum.
1055 2175 1209 2242 Quod
1261 2174 1450 2244 utique
1491 2174 1536 2228 si
1586 2174 1724 2240 ﬁat,
1769 2173 1901 2226 nulli
1935 2173 2157 2228 dubium

573 2277 658 2323 est
686 2267 947 2338 duplicari
983 2283 1200 2338 pinnam
1254 2276 1310 2324 et
1353 2266 1484 2322 mali
1521 2275 1817 2335 augmenta
1869 2265 2156 2332 cumulari,

572 2363 702 2414 dum
733 2375 838 2414 non
863 2359 1036 2415 solum
1084 2369 1311 2431 peccata
1369 2374 1488 2430 quae
1536 2357 1742 2412 remitti
1779 2357 1893 2412 visa
1941 2356 2160 2411 fuerant

573 2451 686 2526 (67)
730 2462 1052 2524 repetuntur
1081 2492 1096 2518 ,
1154 2466 1339 2508 verum
1365 2453 1531 2506 etiam
1559 2449 1781 2504 virtutis
1805 2449 1926 2504 aula
1962 2448 2156 2520 pollui-

573 2555 681 2611 tur,
720 2545 762 2600 si
798 2560 917 2600 eam
954 2543 1156 2600 dolosa:
1187 2553 1244 2598 et
1301 2543 1690 2597 contaminatae
1723 2551 1933 2597 mentes
1976 2540 2155 2610 plena:

569 2634 901 2691 intrinsecus
955 2633 1176 2689 malitia:
1221 2633 1442 2689 latentis
1496 2632 1844 2688 eonculcent.
1908 2631 1975 2686 Et
2009 2630 2150 2700 quod

569 2743 811 2800 unquam
844 2727 1041 2783 talibus
1088 2727 1390 2783 remedium
1419 2727 1567 2792 erit,
1621 2725 1714 2795 qui
1765 2732 1888 2794 post
1932 2722 2151 2777 malitia:

1826 392 2154 452 ORIGENIS
2191 393 2350 448 ΠΕΡΙ
2384 394 2615 450 ΑΡΧΩΝ

659 527 752 582 l7.
797 524 1122 583 Dicebamus
1168 525 1320 595 prius
1380 522 1447 576 de
1491 519 1775 574 Pharaone
1830 517 2168 586 disputantes
2199 522 2244 578 Α

3757 389 3854 447 9.8!

2359 517 2701 588 Ἐφάσκομεν
2745 517 2837 571 καὶ
2870 515 2996 587 περὶ
3024 515 3115 568 τοῦ
3156 510 3360 584 Φαραὼ
3400 510 3741 578 ἐξετάζοντες
3778 511 3856 566 δτι

2280 607 2449 660 ἐνίοτε
2483 607 2543 659 τὸ
2569 609 2754 678 τάχιον
2780 606 3200 680 θεραπευθῆναι,
3229 606 3294 658 οὐ
3339 603 3472 674 πρὸς
3506 601 3675 656 καλοῦ
3720 602 3858 668 γίνε-

2275 715 2364 750 ται
2406 702 2518 762 τοῖς
2552 701 3032 770 θεραπευομένοις,
3057 699 3212 769 εἴπερ
3245 697 3314 751 ἂν
3339 698 3451 758 τοῖς
3479 693 3736 766 χαλεποῖς
3753 693 3856 764 (68)

2277 790 2665 860 περιπεσόντες
2697 791 2938 862 εὐχερῶς
2966 790 3333 859 ἀπαλλαγεῖεν
3357 787 3560 840 τούτων
3598 780 3681 850 οἷς
3710 803 3862 857 περι-

2276 881 2636 936 πεπτώκασι·
2697 882 3158 955 καταφρονοῦντες
3211 879 3323 952 γὰρ
3375 879 3450 943 ὡς
3501 879 3735 932 εὐιάτου.
3767 877 3858 930 τοῦ

2277 972 2484 1039 κακοῦ,
2533 974 2784 1047 δεύτερον
2833 975 2892 1028 οὐ
2957 973 3350 1044 φυλαττόμενοι
3398 968 3492 1023 τοῦ
3545 970 3860 1040 περιπεσεῖν

2274 1063 2444 1134 αὐτῷ,
2489 1067 2546 1118 ἐν
2592 1064 2741 1136 αὐτῷ
2788 1065 3000 1118 ἔσονται
3025 1081 3038 1095 ·
3083 1064 3275 1136 διόπερ
3312 1063 3404 1116 ἐπὶ
3450 1060 3561 1116 τῶν
3604 1059 3860 1113 τοιούτων

2271 1158 2300 1209 6
2359 1156 2491 1221 Θεὸς
2539 1160 2568 1211 6
2624 1157 2840 1222 αίώνιος
2905 1161 2934 1212 6
2999 1157 3108 1211 τῶν
3171 1155 3434 1228 κρυπτῶν
3492 1153 3776 1224 γνώστης,
3835 1155 3861 1205 6

2273 1248 2440 1315 είδὼς
2467 1249 2536 1304 τὰ
2588 1249 2764 1304 πάντα
2818 1250 2947 1322 πρὶν
2993 1249 3264 1319 γενέσεως
3317 1245 3516 1310 αὐτῶν,
3565 1243 3712 1298 κατὰ
3765 1241 3861 1312 τὴν

2273 1345 2615 1414 χρηστότητα
2644 1343 2806 1397 αὑτοῦ
2856 1344 3201 1415 ὑπερτίθεται
3246 1341 3346 1412 τὴν
3390 1339 3698 1410 ταχυτέραν
3727 1336 3861 1407 πρὸς

2274 1434 2470 1497 αὐτοὺς
2496 1434 2768 1506 βοήθειαν,
2807 1435 2922 1500 καὶ,
2950 1435 3017 1486 ἰν·
3040 1433 3212 1495 οὕτως
3245 1431 3404 1496 εἴπω,
3445 1429 3656 1502 βοηθῶν
3679 1428 3861 1490 αὐτοῖς

2272 1527 2332 1580 οὑ
2366 1526 2586 1598 βοηθεῖ,
2636 1527 2826 1581 τούτου
2862 1528 3044 1589 αὐτοῖς
3087 1522 3510 1584 λυσιτελοῦντος.
3561 1519 3721 1582 Εἰκὸς
3769 1515 3862 1572 οὖν

2273 1620 2514 1683 καὶτοὺς
2545 1619 2649 1686 ἔξω
2682 1622 2812 1692 περὶ
2859 1615 2932 1674 ὧν
2974 1621 3002 1672 6
3038 1618 3196 1687 λόγος
3223 1658 3238 1682 ,
3267 1617 3345 1688 τῷ
3369 1616 3584 1686 Σωτῆρι
3613 1613 3756 1667 κατὰ
3805 1612 3863 1666 τὸ

2273 1710 2632 1783 προκείμενον
2674 1711 3018 1782 ἐωραμένους
3061 1711 3122 1764 οὐ
3170 1709 3419 1779 βεϐαίους
3449 1706 3669 1760 ἔσεσθαι
3703 1708 3760 1758 ἐν
3795 1708 3859 1776 τῇ

2273 1803 2601 1874 ἐπιστροφῇ,
2632 1805 2680 1854 εί
2711 1802 3035 1874 τρανότερον
3062 1800 3354 1854 ἀκούσαιεν
3376 1797 3484 1850 τῶν
3523 1795 3860 1866 λεγομένων,

2269 1896 2374 1949 ὑπὸ
2407 1895 2501 1948 τοῦ
2534 1895 2740 1967 Κυρίου
2760 1895 3137 1966 ᾠκονομῆσθαι
3169 1892 3242 1964 μὴ
3269 1890 3602 1960 σαφέστερον
3631 1889 3862 1942 ἀκοῦσαι

2268 1991 2378 2043 τῶν
2404 1988 2752 2061 βαθυτέρων,
2808 1989 3015 2060 μήποτε
3069 1988 3253 2058 τάχιον
3287 1985 3716 2056 ἐπιστρέψαντες
3771 1983 3865 2036 καὶ

2272 2077 2516 2143 ίαθέντες
2542 2079 2601 2132 ἐν
2633 2077 2709 2149 τῷ
2733 2078 2986 2147 ἀφέσεως
3008 2079 3213 2147 τυχεῖν,
3251 2076 3328 2140 ὡς
3355 2075 3477 2144 εὺχε
3488 2073 3598 2146 ρῶν
3623 2072 3734 2125 τῶν
3761 2071 3864 2142 τῆς

2271 2170 2470 2234 κακίας
2515 2170 2847 2242 τραυμάτων
2890 2170 2984 2222 καὶ
3039 2167 3270 2222 εὐιάτων
3319 2167 3862 2236 καταφρονήσαντες,

2269 2259 2431 2314 πάλιν
2459 2261 2551 2314 καὶ
2593 2261 2780 2330 τάχιον
2812 2259 2995 2322 αὐτοῖς
3039 2257 3396 2330 περιπέσωσι.
3457 2254 3613 2324 Τάχα
3658 2253 3715 2306 δὲ
3768 2259 3865 2306 καὶ

2266 2353 2504 2417 τίνοντες
2553 2352 2708 2416 δίκας
2753 2339 2860 2405 τῶν
2891 2351 3174 2424 προτέρων
3217 2350 3636 2422 ἁμαρτημάτων
3675 2341 3751 2401 ὧν
3786 2348 3866 2410 είς

2264 2445 2362 2517 τὴν
2395 2445 2595 2518 ἀρετὴν
2643 2445 3076 2518 ἐπλημμέλησαν
3102 2443 3494 2506 καταλιπόντες
3535 2440 3728 2512 αὐτὴν,
3775 2441 3866 2493 οὑ-

2260 2538 2409 2592 δὲπω
2434 2538 2526 2590 τὸν
2555 2538 2747 2608 χρόνον
2777 2535 3300 2606 ἐκπεπληρὼκεισαν
3319 2553 3331 2565 ·
3364 2533 3443 2606 τῷ
3468 2532 3868 2602 καταλειπομέ-

2258 2647 2381 2694 νους
2397 2630 2591 2692 αὐτοὺς
2603 2630 2708 2683 ἀπὸ
2721 2631 2818 2697 τῆς
2837 2629 2984 2692 θείας
3001 2625 3608 2698 ἐπισκοπῆς,ἐπιπλεῖον
3625 2625 3868 2696 ἐμφορη-

2259 2721 2448 2785 θέντας
2470 2721 2577 2774 τῶν
2615 2721 2758 2775 ἰδίων
2781 2717 2815 2772 ἃ
2844 2721 3100 2792 ἔσπειραν
3145 2718 3348 2783 κακῶν,
3382 2717 3610 2789 ὕστερον
3652 2717 3730 2780 είς
3772 2715 3868 2786 βε-

2259 2812 2542 2884 ϐαιοτέραν
2574 2813 2862 2884 μετάνοιαν
2879 2811 3178 2867 καλεῖσθαιο
3209 2811 3268 2864 οὐ
3289 2811 3498 2882 ταχέως
3526 2826 3865 2880 περιπεσου-

570 2819 816 2890 impuros
855 2835 919 2876 ac
946 2819 1194 2874 sordidos
1215 2819 1367 2874 cibos
1394 2859 1409 2883 ,
1447 2815 1749 2888 degustataj
1778 2815 1996 2870 virtutis
2023 2829 2152 2869 sna-

566 2911 758 2977 vitate,
784 2910 1066 2968 dulcedine
1095 2909 1214 2980 ejus
1237 2911 1350 2966 suis
1383 2908 1638 2964 faucibus
1660 2916 1877 2976 recepta
1909 2945 1927 2972 ,
1960 2920 2151 2961 rursus

2273 2906 2456 2976 αένους
2490 2901 2571 2970 οἷς
2601 2906 2860 2978 πρότερον
2889 2903 3398 2976 περιπεπτώκεισαν
3424 2904 3484 2956 τὸ
3501 2903 3716 2972 ἀξίωμα
3741 2903 3867 2954 ἐνυ-

569 3019 631 3061 se
661 3004 726 3060 ad
760 3005 1063 3062 virulentos
1095 3013 1152 3059 et
1188 3001 1502 3059 mortiferus
1528 3001 1679 3056 cibos
1715 3001 1968 3071 nequitia:
2019 3014 2147 3054 con-

2273 2997 2545 3070 ipia'aws;
2568 2998 2676 3052 τῶν
2697 2997 2898 3063 καλῶν,
2917 2999 3010 3052 καὶ
3031 3001 3143 3062 τοῖς
3167 2997 3405 3068 χείροσιν
3425 2997 3654 3073 ἑαυτοὺς
3678 2994 3835 3049 ἐπιδε
3849 3024 3864 3033 ο

1805 3110 2110 3167 INTERPB
2121 3111 2377 3168 ETATIO
2417 3112 2628 3171 NOVA.

642 3210 730 3266 17.
782 3209 1107 3265 Dicebamns
1138 3223 1301 3278 supra
1339 3209 1404 3264 de
1454 3208 1741 3264 Pharaone
1786 3207 2128 3278 disputantes
2157 3209 2478 3264 celeriorem
2521 3208 2863 3263 curationem
2909 3207 3182 3262 interdum
3218 3222 3324 3261 non
3386 3207 3452 3260 iis
3494 3220 3620 3260 esse
3658 3204 3852 3278 utilem

570 3282 664 3349 qui
702 3288 986 3345 curantur,
1017 3281 1061 3334 si
1095 3277 1278 3335 statim
1307 3289 1470 3348 atque
1501 3281 1552 3333 in
1597 3279 1844 3332 morbum
1878 3277 2192 3343 inciderint,
2222 3295 2290 3334 eo
2337 3279 2496 3349 facile
2542 3279 2875 3332 rell-ventur.
2925 3278 3123 3331 Malunt
3157 3278 3317 3349 enim
3365 3285 3660 3349 ut_cnratn_
3694 3277 3865 3331 facile

573 3347 1015 3414 contemnentes,
1067 3365 1256 3404 rursus
1303 3349 1358 3403 in
1385 3347 1523 3404 illud
1573 3351 1716 3418 quod
1761 3364 1867 3401 non
1910 3357 2104 3402 cavent
2156 3351 2423 3404 incident.
2469 3348 2830 3413 Quamobrem
2864 3359 3102 3403 anei-nus
3154 3347 3314 3418 Deus,
3355 3347 3451 3417 qui
3503 3347 3858 3418 occultorum

569 3420 822 3488 cognitor
869 3430 953 3474 est
997 3429 1054 3474 et
1101 3420 1282 3473 omnia
1333 3421 1484 3473 novit
1531 3415 1847 3489 priusquam
1906 3419 2060 3485 (iant,
2105 3419 2426 3474 celeriorem
2477 3421 2737 3489 horumce
2780 3423 3119 3473 curationem
3169 3415 3386 3489 μῦθοι-ι,
3429 3427 3618 3485 atque,
3665 3429 3744 3489 ut_
3778 3417 3854 3489 ita

572 3486 778 3554 dicam,
809 3498 971 3544 curat
1002 3504 1098 3544 eos
1121 3489 1249 3543 dum
1293 3504 1397 3542 non
1440 3486 1633 3555 curat,
1687 3491 1941 3556 quoniam
1982 3489 2053 3541 ita
2106 3491 2241 3559 ipsis
2270 3489 2508 3557 expedit.
2549 3488 2680 3542 Cum
2727 3505 2857 3558 ergo
2908 3490 3114 3559 videret
3161 3487 3414 3559 Salvator
3460 3503 3560 3559 eos
3591 3486 3863 3559 quiforis

573 3568 725 3624 sunt,
752 3568 808 3614 et
842 3561 912 3614 de
937 3559 1136 3627 quibus
1164 3573 1308 3611 nunc
1349 3573 1529 3614 sermo
1555 3572 1638 3614 est
1663 3599 1677 3623 ,
1714 3559 1766 3611 in
1799 3557 2164 3614 conversione
2195 3576 2301 3614 non
2346 3561 2465 3614 fore
2497 3559 2724 3613 stabiles
2753 3557 2811 3612 si
2843 3559 3005 3614 verba
3037 3557 3155 3625 ejus
3199 3557 3544 3612 manifestius
3573 3557 3862 3622 audirent,

571 3629 871 3684 verisimile
907 3637 992 3683 est
1019 3629 1089 3682 ita
1115 3644 1240 3682 cum
1274 3629 1382 3683 illis
1409 3630 1584 3699 egisse
1616 3629 1897 3684 Dominmn
1925 3639 1981 3682 ut
2012 3629 2208 3683 altiora
2242 3645 2349 3684 non
2375 3638 2567 3697 aperte
2603 3629 2988 3698 intelligerent,
3036 3645 3104 3682 ne
3137 3628 3276 3683 forte
3323 3628 3557 3683 celerius
3582 3630 3869 3699 conversi,

572 3713 628 3755 et
651 3701 808 3753 venia
846 3708 1206 3770 peccatorum
1228 3698 1651 3766 accepta’sanati
1683 3740 1698 3764 ,
1746 3700 2002 3752 vitiorum
2053 3700 2277 3755 vulnera
2304 3699 2462 3770 quasi
2506 3710 2702 3754 curatu
2745 3700 3004 3754 facillima
3032 3708 3451 3754 contemnerent
3501 3708 3578 3770 et,
3611 3698 3783 3770 citius
3815 3699 3867 3751 in

573 3771 762 3824 eadem
797 3767 1126 3824 reciderent.
1165 3767 1437 3823 Fortassis
1491 3771 1658 3823 etiam
1696 3770 2059 3837 praestitutum
2103 3772 2183 3824 eis
2236 3767 2578 3824 ad'eluenda
2611 3786 2730 3836 qua:
2781 3770 3040 3824 derelicta
3077 3771 3279 3822 virtute
3303 3771 3459 3836 prius
3514 3769 3867 3822 admiserant

571 3849 825 3909 peccata,
861 3849 1074 3910 tempus
1107 3840 1354 3910 nondum
1385 3841 1761 3910 expleverant.
1824 3841 2018 3894 Divina
2069 3841 2271 3910 quippe
2309 3841 2430 3895 illos
2466 3840 2833 3910 dereliquerat
2870 3857 3001 3894 cura
3055 3849 3112 3893 ut
3141 3841 3382 3908 propriis
3409 3855 3530 3908 quae
3563 3849 3861 3907 perpetra-

576 3908 771 3963 verant
799 3908 958 3980 malis
988 3909 1197 3974 satiati,
1233 3908 1540 3965 tandem—ad
1572 3911 1867 3965 firmiorem
1896 3908 2277 3979 pcenitcntiam
2314 3908 2671 3978 vocarentur,
2705 3926 2805 3965 nec
2836 3911 2994 3965 facile
3019 3921 3201 3980 postea
3234 3911 3286 3980 in
3321 3911 3504 3977 priora
3541 3910 3868 3963 reciderent

572 3987 797 4048 peccata
830 3979 1034 4048 quibus
1072 3981 1379 4050 honestatis
1427 3981 1741 4047 dignitatem
1772 3991 2131 4050 corruperant
2158 3993 2216 4036 et
2267 3981 2604 4050 improbitati
2661 3997 2782 4036 sese
2823 3979 3108 4036 dederant.
3171 3979 3272 4046 Qui
3304 3995 3441 4049 ergo
3493 3995 3614 4034 cum
3645 3980 3711 4033 iis
3766 3980 3867 4048 qui

577 4052 727 4104 intus
755 4059 888 4104 sunt
914 4053 1238 4118 comparati,
1274 4049 1409 4106 foris
1433 4066 1557 4106 esse
1587 4051 1844 4106 dicuntur
1874 4049 1974 4104 nec
2017 4051 2177 4119 longe
2214 4052 2282 4106 ab
2316 4049 2381 4107 iis
2411 4052 2500 4121 qui
2535 4052 2685 4106 intus
2731 4060 2857 4106 sunt
2890 4051 3164 4121 distant,
3193 4052 3228 4104 ii
3257 4091 3272 4116 ,
3314 4051 3440 4104 dum
3468 4050 3521 4104 hi
3574 4051 3666 4119 qui
3715 4049 3872 4103 intus

575 4127 722 4193 sunt
763 4130 949 4193 aperte
982 4121 1230 4193 audiunt,
1258 4123 1491 4193 o_hscure
1530 4123 1760 4193 audiunt
1804 4123 2029 4175 verbum
2065 4162 2080 4186 ,
2137 4131 2324 4193 utpote
2354 4120 3018 4193 parabolisoinvolutum:
3069 4120 3295 4175 audiunt
3325 4129 3540 4186 tamen;
3579 4121 3669 4193 alii
3727 4135 3871 4173 vero

576 4205 646 4245 ex
691 4190 758 4262 iis
787 4191 879 4262 qui
914 4189 1046 4244 foris
1070 4201 1192 4243 sunt
1227 4231 1239 4262 ,
1278 4191 1425 4262 Tyrii
1461 4191 1716 4260 appellati
1748 4232 1763 4257 ,
1821 4189 2212 4259 praenoscente
2243 4189 2371 4248 licet
2406 4194 2690 4247 Salvatore
2728 4208 2826 4246 eos
2851 4191 2978 4246 olim
3011 4193 3063 4246 in
3101 4206 3264 4246 sacco
3291 4201 3344 4244 et
3374 4193 3559 4245 cinere
3606 4191 3872 4259 jacentes

573 4261 952 4330 pmnitentiam
975 4271 1198 4314 acturos
1222 4261 1410 4326 fuisSe,
1432 4263 1476 4316 si
1502 4263 1569 4316 ad
1593 4276 1780 4316 eorum
1813 4263 1948 4331 lines
1981 4263 2322 4325 accessisset,
2361 4278 2536 4331 neque
2563 4279 2624 4318 ca
2655 4263 2886 4318 audiunt
2914 4278 3034 4331 quin
3069 4263 3102 4316 ii
3136 4263 3226 4331 qui
3260 4262 3395 4316 foris
3418 4273 3570 4320 sunt.
3597 4271 3866 4329 propter-

572 4345 653 4404 ea_
684 4331 951 4404 rqttod,_ut
975 4332 1278 4404 verisimile
1302 4343 1406 4404 est,
1439 4334 1606 4404 etiam
1633 4332 1792 4404 longe
1819 4330 1959 4385 infra
1989 4334 2248 4386 horumce
2273 4330 2594 4404 dignitatem
2620 4344 2782 4404 erant
2805 4372 2820 4396 ,
2875 4330 2944 4386 ut
2974 4333 3080 4386 alio
3110 4330 3356 4402 tempore
3398 4342 3683 4401 postquam
3721 4331 3870 4404 tole-

574 4402 805 4473 rabilius
833 4401 940 4473 illis
968 4400 1157 4466 fuerit,
1181 4417 1342 4471 quam
1369 4403 1436 4458 iis
1469 4400 1814 4473 quiverbum
1846 4418 1950 4456 non
1985 4404 2312 4471 receperint,
2333 4400 2475 4459 inter
2498 4419 2634 4472 quos
2667 4413 2721 4458 et
2744 4403 3030 4473 Tyriorum
3077 4400 3322 4456 meminit
3349 4444 3364 4470 ,
3395 4400 3449 4456 et
3482 4402 3859 4472 opportunius

575 4472 804 4544 audiant
829 4471 1118 4544 etwfirmius
1150 4471 1500 4544 resipiscam.
1549 4471 1656 4528 Sed
1688 4475 1808 4528 vide
1847 4488 2028 4527 annon
2070 4473 2245 4544 magis
2274 4477 2440 4528 etiam
2489 4471 2690 4544 praeter
2725 4471 3067 4542 disquirendi
3106 4475 3344 4527 studium
3376 4513 3390 4536 ,
3434 4471 3692 4542 pietatem
3729 4487 3871 4540 erga

575 4541 753 4614 Deum
771 4551 827 4596 et
858 4542 1141 4597 Christum
1165 4541 1282 4610 ejus
1312 4543 1366 4598 in
1394 4544 1648 4598 onmibus
1676 4558 1895 4597 scrvare
1919 4541 2200 4608 conemur,
2263 4559 2388 4598 cum
2429 4541 2528 4614 pro
2557 4545 2700 4599 virili
2730 4541 2886 4613 parte
2924 4585 2940 4607 ,
2977 4552 3036 4599 ut
3069 4545 3121 4598 in
3153 4544 3319 4598 tantis
3366 4541 3445 4597 et’
3471 4545 3670 4598 talibus
3703 4559 3873 4614 quie-

573 4611 864 4691 titionibus,
882 4615 1116 4682 probare
1133 4614 1514 4691 contendimus
1549 4614 1714 4669 Deum
1752 4615 2271 4691 i_t_m_nortali__anim:c
2307 4611 2477 4670 variis
2510 4617 2684 4670 modis
2720 4611 3026 4691 providere.
3051 4616 3145 4691 __S_i_
3181 4615 3498 4691 quisigitur
3528 4615 3610 4691 __de
3656 4614 3727 4667 iis
3766 4613 3870 4682 qui

574 4685 954 4755 vituperantur
986 4693 1194 4752 quierat
1223 4699 1323 4738 cur
1375 4685 1616 4755 videntes
1644 4685 1892 4755 prodigia
1928 4697 1982 4738 et
2027 4686 2268 4740 divinum
2306 4700 2616 4740 sermonem
2674 4687 2961 4740 audientes
3014 4685 3184 4739 nihilo
3229 4685 3485 4739 meliores
3523 4686 3654 4738 liant
3679 4724 3695 4745 ,
3732 4699 3873 4738 cum

574 4751 724 4822 Tyrii
756 4751 1134 4824 paenitentiam
1169 4755 1344 4808 acturi
1377 4751 1717 4822 fnissentfsi
1745 4751 1874 4808 talia
1907 4756 2046 4823 apud
2076 4757 2220 4824 ipsos
2253 4755 2398 4810 dicta
2430 4767 2484 4810 et
2517 4756 2656 4811 facta
2683 4755 2956 4821 fuissent;
2987 4756 3032 4809 si
3063 4755 3210 4824 quis,
3241 4755 3462 4823 inquam
3491 4793 3505 4818 ,
3535 4765 3753 4822 quaerat
3781 4755 3876 4806 his

575 4823 802 4896 verbis:
830 4823 943 4896 Qur
965 4825 1044 4880 eis
1076 4823 1138 4896 in_
1163 4825 1458 4896 perniciem
1491 4827 1732 4896 ipsorum
1759 4827 2078 4896 praedicavit
2099 4823 2358 4880 Salvator
2387 4836 2447 4882 ut
2471 4827 2694 4895 gravius
2742 4829 2874 4894 ipsis
2917 4823 3202 4896 peccatum
3238 4825 3584 4896 imputetur?
3625 4839 3874 4890 respou—

573 4894 822 4967 debimtts
853 4893 1022 4967 Deum
1050 4893 1140 4963 qui
1169 4895 1320 4967 novit
1357 4893 1630 4967 quomodo
1657 4893 1834 4950 affecti
1861 4895 1974 4950 sint
1999 4897 2032 4950 ii
2057 4912 2246 4953 omnes
2274 4899 2366 4967 qui
2400 4893 2795 4967 providentiam
2819 4893 2970 4952 suain
2995 4893 3384 4962 criminantur,
3413 4895 3581 4967 quasi
3603 4908 3702 4964 per
3729 4908 3870 4947 eam

572 4965 790 5038 steterit
814 4965 1112 5038 quominus
1137 4965 1430 5038 crederent
1455 5004 1470 5027 ,
1524 4966 1724 5035 quippe
1781 4982 1902 5035 qua:
1930 4983 2062 5038 non
2102 4965 2313 5023 dederit
2347 4965 2478 5038 ipsis
2509 4968 2695 5021 videre
2728 4984 2850 5037 qua:
2897 4967 3020 5022 aliis
3054 4968 3350 5034 Spectanda
3385 4966 3631 5038 praebuit,
3666 4979 3870 5038 neque

572 5033 652 5088 sic
680 5048 776 5090 eos
807 5035 1140 5108 disposuerit
1171 5043 1230 5087 ut
1256 5036 1507 5108 audirent
1537 5033 1811 5106 quaealiis
1836 5037 2079 5093 audiisse
2107 5039 2310 5108 profuit
2345 5033 2382 5104 ,⁷
2404 5038 2548 5106 justa
2576 5052 2671 5092 eos
2700 5033 2804 5091 non
2838 5038 2916 5090 uti
2962 5033 3319 5108 excusatione
3347 5033 3639 5108 ostendere
3665 5035 3879 5108 volen-

569 5113 808 5184 temnea.
828 5105 1108 5184 dare_qu:e_
1137 5105 1637 5184 providentiatsua:
1675 5117 2026 5184 accusatores
2057 5105 2328 5184 petierant
2355 5150 2371 5175 ,
2409 5105 2504 5184 int.
2528 5108 2592 5161 iis
2620 5109 2858 5184 acceptis
2883 5107 3241 5184 nihilominus
3289 5121 3521 5184 summa:
3555 5105 3877 5184 impietatis

573 5175 811 5249 convicti
841 5176 997 5249 quod
1035 5175 1182 5249 nihil
1220 5176 1345 5229 inde
1400 5176 1655 5249 utilitatis
1699 5175 2080 5248 perceperint,
2133 5181 2407 5246 deponant
2458 5177 2722 5249 ejusmodi
2755 5175 3036 5232 audaciam
3069 5219 3095 5249 ,_
3133 5177 3324 5245 sicque
3359 5176 3585 5249 liberati
3637 5175 3876 5249 discant

574 5243 747 5324 Deum
776 5245 830 5299 in
857 5243 1531 5324 conferendis_hetteticiis
1562 5243 1808 5302 cunctari
1855 5243 2246 5324 nonnunquam
2291 5258 2346 5303 et
2391 5243 2593 5303 morari
2623 5287 2636 5310 .
2675 5263 2774 5304 nec
2800 5265 2863 5304 ea
2899 5247 3138 5324 videnda
3175 5243 3530 5324 et‘audienda
3576 5248 3878 5324 praebere,

573 5317 777 5383 quibus
803 5323 859 5370 et
887 5315 1018 5369 visis
1046 5323 1101 5368 et
1132 5315 1333 5371 auditis
1363 5319 1584 5387 gravior
1614 5333 1804 5373 eorum
1837 5319 1996 5386 culpa
2032 5315 2296 5386 arguatur
2331 5335 2471 5389 quos
2501 5329 2579 5375 tot
2608 5335 2672 5374 ac
2706 5328 2854 5373 tanta
2883 5319 2953 5373 ad
2993 5319 3155 5372 Iidem
3189 5334 3297 5373 non
3326 5318 3680 5373 adduxerim.

572 5444 704 5485 vero
733 5429 890 5506 deest
917 5449 935 5482 ι
986 5429 1103 5497 Dei,
1144 5450 1162 5484 ›
1200 5443 1278 5506 et,
1314 5453 1333 5486 ι
1367 5441 1712 5490 testamento.
1764 5434 1963 5506 D_lllfl'a
1997 5450 2152 5500 mss.,
2184 5440 2226 5497 C
2262 5437 2389 5490 dum
2415 5451 2520 5490 non
2549 5434 2723 5490 solum
2754 5446 2979 5506 peccata
3020 5449 3142 5504 qum
3177 5433 3378 5489 remitti
3406 5433 3529 5506 visa
3565 5431 3806 5488 fuerint.
3855 5455 3873 5487 ι

581 5520 601 5552 ι
637 5501 971 5580 praevidebat
995 5517 1092 5557 eos
1112 5503 1352 5580 nondum
1386 5515 1543 5576 aptos
1565 5520 1716 5580 esse.
1749 5523 1767 5556 ι
1798 5503 1952 5560 Libb.
1975 5506 2156 5580 edit_i.,
2260 5507 2429 5580 Paulo
2459 5517 2586 5580 post
2597 5501 2795 5580 mss.,:
2818 5523 2837 5556 ι
2859 5501 3083 5574 etquod
3129 5520 3368 5580 unquam
3419 5504 3618 5580 talibus
3676 5518 3879 5580 reme-

580 5571 967 5652 cpraevidebat
997 5575 1236 5652 nondum
1274 5571 1452 5652 aptos.
1493 5594 1512 5629 ι
1565 5577 1780 5652 Ibidem
1809 5591 1967 5640 mss.,
2001 5571 2160 5652 tufa-
2259 5571 2485 5652 diuma}
2529 5577 2686 5632 Libb.
2713 5577 2885 5644 editi,
2939 5571 3043 5631 (et
3074 5571 3527 5644 quod'nnnquam
3556 5574 3610 5628 in
3646 5575 3880 5632 talibus

575 5643 908 5722 cilciterum
945 5645 997 5698 in
1029 5646 1279 5722 eumdem
1309 5643 1616 5722 reciderent
1647 5647 1920 5722 morbum.
1951 5645 2154 5722 p_Libb.
2264 5648 2605 5722 remedium._
2631 5665 2650 5698 ι

576 5711 733 5788 editi,
771 5730 790 5766 ι
828 5727 1013 5770 aversa
1064 5714 1204 5772 facie
1240 5716 1439 5771 iterum
1475 5717 1526 5770 in
1559 5717 1812 5772 eumdem
1856 5716 2161 5772 reciderent

2336 5717 2448 5788 ((58)
2493 5718 2647 5772 Libb.
2682 5717 2835 5788 editi,
2865 5717 3021 5788 εἴπερ
3071 5717 3300 5781 ἑαυτοὺς
3349 5717 3628 5786 χαλεποῖς.
3678 5715 3883 5771 Paulo

577 5783 842 5868 "util-ill“).
892 5805 909 5838 ›
1846 5816 1862 5830 .

2273 5783 2384 5868 post
2415 5783 2570 5867 mss.,
2601 5789 2660 5841 οὐ
2690 5783 3080 5857 φυλαττόμενοι
3113 5789 3206 5840 τοῦ
3241 5783 3576 5858 περιπεσεῖν.
3609 5787 3664 5842 ιιι
3689 5788 3888 5844 editis

651 5852 763 5924 (67)
804 5853 877 5910 lta
915 5871 1042 5912 mss.
1088 5857 1257 5926 Alias,
1293 5878 1312 5911 ι
1339 5859 1391 5914 iit
1420 5857 1522 5914 alia
1554 5868 1843 5929 augmenta
1871 5858 2158 5927 cumulari,
2265 5852 2417 5914 deest
2447 5859 2562 5912 τοῦ.
