3988 6418
204 428 288 483 235
1519 436 1719 491 LIBER
1758 436 2084 493 TERTIUS.

3351 430 3461 485 286

199 541 412 604 εωκότες.
466 541 531 594 Ol
584 544 694 613 μὲν
720 538 831 600 οὖν
865 549 977 616 ἔξω
1005 549 1284 621 λεγόμενοι
1320 591 1334 617 ,
1387 552 1627 625 δηλονότι
1680 554 1785 625 (69)

1894 554 2222 608 verterunt?
2259 553 2324 608 Et
2378 552 2499 622 quis
2532 550 2745 608 dubitat
2781 549 2975 607 melius
3024 561 3146 607 esse
3181 545 3383 605 diﬂ‘erri
3420 558 3476 605 ct

201 634 580 705 wpcplcstrtbv
613 634 738 691 ἐσω
761 679 780 705 ,
842 641 909 695 οὐ
947 642 1122 713 πάντη
1159 642 1346 715 πόρρω
1379 643 1487 697 τῶν
1534 645 1643 698 ἔσω
1676 663 1785 714 τυγ.

1902 644 2118 700 interim
2158 645 2435 715 relinqui,
2500 654 2559 699 ut
2606 645 2651 699 si
2703 643 2845 699 forte
2891 644 3200 699 satietatem
3258 640 3475 695 malitiae

197 728 443 799 χάνοντες,
496 728 614 782 τῶν
676 730 804 785 ἔσω
862 733 1056 803 σαφῶς
1104 735 1408 789 ἀκουόντων
1434 777 1448 799 ,
1508 738 1799 791 ἀκούουσιν

197 818 423 887 ἀσαφῶς,
486 818 582 871 διὰ
648 820 719 873 τὸ
762 823 830 876 ἐν
882 824 1218 895 παραϐολαῖς
1263 827 1445 889 αὐτοῖς
1494 827 1791 895 λέγεσθαι·

194 910 307 979 πλὴν
328 909 623 962 ἀκούουσιν
652 928 668 943 ο
724 913 922 984 ἕτεροι
948 915 1004 968 δὲ
1036 915 1143 969 τῶν
1170 916 1273 982 ἐξω
1297 920 1343 970 οἱ
1379 917 1657 988 λεγόμενοι
1688 920 1795 973 Τύ-

197 1006 490 1095 ριοιριαίτοι
522 1010 1032 1079 προεγνωσμένοι,
1088 1011 1171 1063 ὄτι
1221 1010 1384 1064 πάλαι
1430 1014 1497 1066 ἀν
1520 1014 1576 1064 ἐν
1604 1014 1793 1084 σάκκῳ

192 1098 263 1149 καὶ
295 1094 466 1166 meq)
495 1096 831 1168 καθήμενοι
874 1102 1207 1171 μετενόησαν
1229 1143 1243 1167 ,
1304 1105 1471 1172 ἐγγὺς
1500 1106 1790 1175 γενομένου

189 1189 260 1240 τοῦ
313 1189 564 1259 Σωτῆρος
601 1190 727 1245 τῶν
777 1193 955 1263 ὁρίων
1008 1195 1207 1261 αὐτῶν,
1252 1195 1372 1248 οὐδὲ
1417 1196 1485 1249 τά
1527 1197 1634 1250 τῶν
1689 1197 1793 1263 ἔξω

185 1282 462 1349 ἀκούουσιν,
492 1286 574 1348 ὡς
612 1285 784 1352 εἰκὸς
823 1286 1027 1359 μᾶλλον
1069 1290 1256 1362 πόρρω
1309 1290 1460 1353 ὄντες
1495 1291 1595 1360 τῆς
1638 1288 1793 1355 ἀξίας

184 1376 269 1425 τῶν
304 1374 444 1441 ἔξω,
504 1377 577 1429 ἵν’
628 1378 695 1432 ἐν
726 1380 889 1451 ἄλλῳ
921 1381 1097 1453 καιρῷ
1148 1381 1288 1452 μετά
1334 1382 1395 1435 τὸ
1440 1381 1791 1452 ἀνεκτότερον

184 1463 336 1527 αὐτοῖς
361 1466 635 1532 γενέσθαι
668 1468 845 1539 παρά
887 1472 1016 1533 τοὺς
1063 1472 1139 1541 μὴ
1175 1471 1650 1542 παραδεξαμένους
1702 1470 1791 1524 τὸν

181 1556 329 1623 λόγον,
362 1556 450 1626 ἐφ’
482 1551 564 1611 ὧν
613 1559 1024 1631 ἐμνημόνευσε
1072 1564 1165 1616 καὶ
1193 1563 1298 1615 τῶν
1323 1564 1535 1634 Τυρίων
1562 1602 1575 1627 ,
1610 1564 1793 1616 εύκαι·

182 1648 368 1719 ρότερον
442 1650 816 1716 ἀκούσαντες
851 1694 866 1719 ,
941 1654 1281 1725 βεϐαιότερον
1365 1656 1788 1726 μετανοήσωσιν.

180 1742 296 1808 Ὅρα
322 1740 379 1791 δὲ
440 1742 491 1792 εί
539 1742 630 1810 μὴ
677 1742 902 1812 μᾶλλον
934 1745 1093 1812 ἡμεῖς
1134 1745 1269 1815 πρὸς
1312 1744 1385 1814 τῷ
1439 1743 1787 1814 ὲξεταστικῷ,

180 1832 253 1882 καὶ
276 1831 328 1883 τὸ
360 1832 598 1896 εὐσεϐὲς
629 1835 834 1906 πάντη
862 1836 1241 1907 ἀγωνιζόμεθα
1272 1839 1457 1909 τηρεῖν
1494 1840 1622 1908 περὶ
1652 1835 1787 1890 Θεοῦ

1899 737 2188 806 aliquando
2216 737 2459 806 ceperint
2510 744 2565 791 et
2609 736 2931 791 horrescere
2976 736 3257 806 potuerint
3286 733 3475 787 sordes

1899 828 1953 880 in
1987 828 2182 897 quibus
2232 842 2374 881 nunc
2406 827 2623 881 interim
2672 827 3012 881 delectantur
3037 863 3052 890 ,
3096 832 3224 879 tunc
3256 824 3473 878 demum

1899 928 2270 988 competenter
2319 919 2399 973 eis
2453 933 2634 973 sermo
2675 917 2769 972 Dci
2818 916 3232 983 manifestetur,
3264 924 3319 972 et
3366 929 3472 969 non

1898 1019 2142 1065 sanctum
2181 1008 2415 1065 canibus
2444 1010 2688 1064 mittatur
2717 1049 2733 1074 ,
2796 1024 2895 1065 nec
2925 1009 3235 1079 margaritae
3262 1007 3476 1076 jacten‘

1900 1107 1984 1151 tur
2013 1106 2142 1152 ante
2171 1111 2387 1167 porcos,
2422 1099 2512 1165 qui
2543 1097 2861 1152 conculcent
2886 1112 2980 1153 eas
3009 1098 3258 1167 pedibus,
3307 1104 3363 1150 et
3391 1096 3472 1149 in-

1896 1204 2061 1260 super
2096 1190 2341 1244 conversi
2382 1200 2634 1259 rumpant
2663 1198 2716 1243 et
2751 1190 3067 1260 impugnent
3120 1204 3213 1245 eos
3242 1188 3334 1258 qui
3367 1188 3471 1242 sibi

1898 1283 2322 1350 praedicaverunt
2349 1283 2572 1337 verbum
2613 1284 2707 1337 Dei
2738 1283 2761 1337 ?
2796 1284 2883 1338 Isti
2920 1282 3033 1355 (7i)
3062 1297 3191 1353 ergo
3226 1290 3353 1337 sunt
3378 1280 3470 1351 qui

1896 1370 2027 1425 foris
2060 1386 2180 1427 esse
2208 1372 2486 1439 dicuntur,
2520 1373 2639 1428 sine
2662 1373 2827 1427 dubio
2856 1374 2923 1427 ad
2954 1388 3143 1428 eorum
3186 1386 3471 1441 compara-

1897 1463 2097 1517 tionem
2133 1464 2224 1533 qui
2256 1464 2405 1518 intus
2432 1478 2554 1518 esse
2587 1474 2643 1519 et
2675 1464 3020 1519 manifestius
3043 1464 3233 1517 audire
3249 1463 3468 1517 verbum

1894 1554 1988 1608 Dei
2025 1554 2358 1612 referuntur.
2419 1557 2657 1611 Audiunt
2720 1567 2900 1609 tamen
2947 1566 3002 1610 et
3032 1554 3120 1609 isti
3184 1553 3277 1622 qui
3339 1551 3471 1606 foris

1893 1655 2023 1701 sunt
2053 1649 2302 1715 verbum,
2335 1648 2462 1704 licet
2488 1648 2763 1718 parabolis
2792 1651 3067 1703 obtectum
3093 1656 3146 1701 et
3169 1646 3470 1719 proverbiis

1892 1738 2301 1797 obumbratum.
2369 1740 2504 1796 Sunt
2534 1749 2712 1795 autem
2740 1740 2829 1793 alii
2870 1748 3066 1809 praeter
3093 1754 3186 1793 eos
3212 1740 3305 1808 qui
3339 1737 3470 1791 foris

1894 1840 2019 1884 sunt
2055 1872 2070 1897 ,
2112 1832 2202 1902 qui
2258 1832 2406 1902 Tyrii
2440 1831 2777 1901 appellantur
2806 1874 2819 1899 ,
2857 1832 2949 1900 qui
2979 1830 3203 1884 omnino
3233 1844 3339 1882 non
3374 1844 3469 1881 au-

175 1921 248 1971 κιὶ
268 1918 354 1971 τοῦ
388 1922 648 1992 Χριστοῦ
698 1923 904 1987 αὑτοῦ,
934 1925 998 1978 ἐκ
1024 1925 1222 1989 παντὸς
1259 1920 1645 1995 ἀπολογεῖσθαι
1672 1946 1785 1981 πει-

1893 1896 2373 1991 diuntet'qnidem
2405 1896 2783 1989 prin-noscente
2807 1896 2986 1975 Ide—eis
3016 1919 3299 1974 Salvatore
3326 1918 3468 1984 quod

177 2009 399 2079 ρώμενοι,
425 2013 507 2075 ὡς
535 2015 601 2068 ἐν
647 2015 1019 2087 τηλικούτοις
1050 2018 1146 2071 καὶ
1186 2012 1448 2081 τοιούτοις
1492 2018 1626 2089 (70),
1662 2018 1791 2089 περὶ

1892 2011 2020 2066 olim
2056 2016 2108 2067 in
2145 2027 2309 2069 sacco
2335 2023 2388 2068 et
2425 2014 2607 2068 cinere
2638 2014 2902 2083 iacentes,
2930 2012 3301 2082 paenitentiam
3333 2009 3472 2078 egis—

1894 2116 2034 2171 sent,
2087 2108 2131 2161 si
2162 2106 2322 2161 facta:
2348 2106 2577 2161 fuissent
2615 2108 2755 2178 apud
2803 2123 2894 2162 eos
2924 2110 3150 2162 virtutes
3182 2122 3303 2176 qua:
3330 2107 3469 2175 apud

1892 2197 2025 2251 alios
2057 2196 2215 2253 facta:
2246 2207 2405 2259 sunt;
2433 2207 2481 2252 et
2520 2206 2698 2254 tamen
2734 2214 2840 2253 non
2875 2198 3125 2265 audiunt,
3156 2213 3223 2253 ne
3255 2213 3317 2252 ea
3350 2198 3472 2267 qui-

1889 2289 2009 2343 dem
2043 2304 2161 2358 quae
2197 2290 2249 2343 hi
2282 2289 2374 2359 qui
2413 2289 2543 2344 foris
2593 2299 2721 2345 sunt
2753 2291 3019 2345 audiunt:
3083 2290 3249 2345 credo
3280 2305 3377 2358 pro
3403 2304 3469 2343 eo

1890 2380 2032 2448 quod
2059 2380 2217 2445 longe
2246 2382 2440 2436 horum
2474 2383 2700 2437 inferior
2728 2392 2782 2436 et
2813 2382 3043 2451 nequior
3066 2382 3201 2437 ordo
3240 2392 3382 2437 esset
3412 2381 3465 2434 in

1892 2471 2120 2535 malitia,
2149 2488 2308 2541 quam
2330 2488 2519 2527 eorum
2550 2475 2641 2542 qui
2675 2472 2808 2528 foris
2834 2486 2954 2527 esse
2982 2471 3250 2535 dicuntur,
3279 2472 3330 2524 id
3359 2480 3456 2533 est,

1890 2578 1996 2617 non
2027 2564 2185 2633 longe
2215 2564 2283 2617 ab
2308 2564 2393 2619 his
2421 2564 2511 2633 qui
2540 2564 2684 2617 intus
2713 2575 2837 2619 sunt
2872 2604 2889 2631 ,
2931 2574 2985 2619 et
3012 2564 3202 2618 audire
3238 2562 3465 2617 verbum

1890 2652 2018 2706 licet
2050 2652 2102 2706 in
2129 2654 2405 2722 parabolis
2439 2693 2455 2720 ,
2491 2655 2843 2708 merebantur
2872 2693 2887 2717 ,
2941 2663 2997 2708 et
3033 2655 3175 2723 quod
3219 2652 3465 2707 fortassis

1888 2742 2303 2814 dispensabatur
2341 2760 2531 2801 eorum
2566 2748 2780 2801 curatio
2833 2747 2883 2799 in
2917 2746 3048 2801 illud
3087 2755 3296 2814 tempus
3327 2743 3461 2815 (72),

1887 2854 1995 2908 quo
2031 2838 2362 2893 tolerabilius
2393 2840 2498 2894 erit
2543 2840 2624 2895 eis
2668 2841 2721 2894 in
2775 2841 2861 2895 die
2882 2840 3071 2907 judicii
3100 2880 3115 2905 ,
3152 2854 3312 2907 quam
3360 2837 3466 2892 illis

1888 2933 2029 3001 apud
2053 2947 2190 3002 quos
2214 2931 2370 2987 factae
2387 2942 2512 2987 sunt
2536 2934 2699 3003 128
2719 2933 2822 2987 illa:
2845 2933 3078 2987 virtutes
3104 2946 3223 3000 qua:
3250 2930 3465 2999 scripta

170 2102 251 2171 τῆς
290 2104 550 2178 ποικίλης
591 2109 885 2181 προνοίας
936 2108 1028 2162 τοῦ
1085 2109 1217 2162 Θεοῦ
1244 2150 1257 2173 ,
1307 2109 1573 2163 ἀθανάτου
1612 2110 1790 2181 ψυχῆς

173 2200 580 2269 προνοουμένου.
656 2202 732 2254 Εἰ
772 2201 917 2270 γοῦν
960 2219 1042 2266 τις
1078 2203 1202 2273 περὶ
1241 2201 1347 2256 τῶν
1382 2202 1789 2273 ὀνειδιζομένων

171 2286 357 2360 ζητοίη,
418 2294 514 2346 ὅτι
547 2293 825 2363 ὁρῶντες
880 2294 1138 2366 τεράστια
1179 2296 1273 2347 καὶ
1297 2295 1588 2359 ἀκούοντες
1629 2296 1787 2349 θείων

168 2382 314 2449 λόγων
349 2385 453 2437 οὐκ
478 2385 859 2454 ὠφελοῦνται
891 2426 906 2449 ,
963 2387 1175 2458 Τυρίων
1208 2387 1273 2441 ἂν
1321 2388 1785 2458 μετανοησάντων,

166 2474 201 2527 εἰ
223 2474 438 2527 τοιαῦτα
470 2477 619 2547 παρ’
648 2477 859 2540 αὐτοῖς
882 2478 1126 2546 ἐγεγόνει
1166 2479 1257 2532 καὶ
1278 2480 1480 2551 εἴρητο,
1508 2477 1695 2550 ζητοίη
1731 2479 1787 2531 δὲ

165 2564 387 2629 φάσκων,
416 2567 486 2617 Τί
520 2567 753 2638 δήποτε
794 2570 916 2631 τοῖς
940 2569 1198 2634 τοιούτοις
1223 2569 1489 2641 ἐκήρυξεν
1532 2573 1561 2623 ὁ
1596 2571 1786 2642 Σωτὴρ

162 2653 240 2706 ἐπὶ
271 2656 427 2727 κακῴ
462 2658 695 2723 αὐτῶν,
733 2659 834 2711 ἵνα
863 2658 1165 2733 βαρύτερον
1192 2662 1372 2725 αὐτοῖς
1398 2661 1459 2714 τὸ
1483 2662 1787 2733 ἁμάρτημα

160 2746 395 2819 λογισθῇ;
448 2751 720 2805 Λεκτέον
766 2751 916 2822 πρὸς
961 2754 1121 2808 αὐτὸν
1156 2794 1170 2819 ,
1224 2755 1304 2807 ὅτι
1350 2757 1378 2808 ό
1425 2756 1640 2808 πάντων
1687 2754 1787 2818 τὰς

159 2836 407 2905 διαθέσεις
439 2842 765 2895 κατανοῶν
816 2842 928 2895 τῶν
954 2845 1290 2915 αἰτιωμένων
1322 2846 1487 2899 αὑτοῦ
1513 2846 1610 2918 τὴν
1652 2847 1786 2918 πρό-

158 2946 303 2995 νοιαν,
328 2931 407 2996 ὡς
436 2935 586 3005 παρ’
619 2935 863 3005 ἐκείνην
898 2935 973 3006 μὴ
1012 2938 1470 3003 πεπιστευκότων,
1502 2939 1575 3009 μὴ
1606 2940 1786 3009 δωρηα

158 3023 379 3096 σιμένην
411 3025 556 3080 ἰδεῖν
589 3026 628 3080 ἃ.
662 3027 892 3097 ἑτέροις
926 3026 1221 3081 θεάσασθαι
1251 3028 1562 3101 ἐχαρίσατο,
1589 3031 1680 3083 καὶ
1709 3029 1783 3099 μὴ

1889 3034 2051 3079 sunt:
2085 3035 2143 3078 ut
2169 3025 2240 3079 ita
2270 3026 2484 3079 demum
2511 3027 2733 3081 relevati
2770 3035 2898 3080 tunc
2933 3024 3171 3094 pondere
3200 3023 3462 3078 malorum

154 3115 601 3187 οἰκονομήσασαν
632 3117 888 3171 ἀκοῦσαι
932 3116 1135 3173 τούτων
1161 3158 1175 3183 ,
1208 3119 1243 3173 ἂ
1274 3120 1423 3173 ἄλλοι
1456 3120 1785 3184 ἀκούσαντες

1888 3132 2131 3181 suorum,
2161 3117 2376 3172 facilius
2404 3125 2456 3172 et
2482 3118 2815 3172 tolerabilius
2846 3132 2940 3187 per
2976 3116 3118 3169 viam
3156 3114 3346 3169 salutis
3384 3114 3464 3167 in-

154 3204 448 3277 ὼξέληνται
471 3225 485 3237 ’
541 3207 656 3279 τὴν
686 3205 999 3274 ἀπολογίαν
1050 3208 1151 3261 οὐκ
1181 3208 1399 3277 εὔλογον
1429 3206 1591 3263 οὖσαν
1631 3210 1782 3279 ἐλέγ-

1888 3209 2101 3262 cedant.
2145 3206 2347 3261 Verum
2398 3207 2528 3262 illud
2561 3218 2644 3263 est
2693 3208 2835 3277 quod
2868 3206 3171 3262 admonitos
3204 3204 3322 3258 illos
3344 3218 3465 3258 esse

153 3296 228 3359 ξσι
261 3298 645 3370 βουλόμενος,
681 3296 1079 3368 δίδωσιγταῦτα
1121 3299 1157 3353 ἃ
1201 3302 1249 3352 οί
1299 3302 1636 3372 μεμφόμενοι
1684 3303 1782 3374 τὴν

1888 3301 1973 3370 qui
2004 3300 2121 3356 haec
2148 3300 2335 3370 legunt
2360 3339 2375 3365 ,
2409 3301 2550 3367 volo,
2581 3316 2679 3356 nos
2720 3302 2773 3354 in
2800 3300 3105 3370 huiusmodi
3133 3296 3485 3355 difficillimis.

150 3387 402 3462 διοίκησιν
436 3391 635 3445 αὐτοῦ
685 3391 942 3461 ᾔτησαν·
990 3392 1075 3444 ῖνα
1128 3391 1265 3462 μετὰ
1312 3394 1371 3446 τὸ
1408 3394 1589 3448 λαϐεῖν
1621 3385 1785 3465 μηδὲν

1888 3403 1937 3445 et
1966 3392 2372 3447 obscurissimis
2404 3393 2536 3447 locis
2578 3408 2791 3447 summo
2819 3391 3000 3447 studio
3022 3390 3120 3444 uiti
3144 3431 3159 3456 ,
3220 3404 3323 3444 non
3354 3397 3462 3441 tam

147 3473 291 3549 ἧττον
320 3481 718 3552 ἐλεγχθέντες
760 3480 843 3543 ὡς
869 3480 1221 3533 ἀσεϐέστατοι
1251 3480 1330 3551 τῷ
1371 3482 1494 3553 μηδ’
1518 3483 1689 3546 οὕτως
1710 3484 1785 3554 τῷ

1888 3481 2329 3552 υιιιιιαιειὶοιιυιη
2360 3480 2735 3537 absolutiones
2780 3482 2845 3535 ad
2903 3480 3164 3550 liquidum
3212 3477 3465 3547 diSpicia-

149 3572 472 3643 ὠφελεῖσθαι
539 3574 797 3638 ἑαυτοὺς
867 3573 1288 3638 ἐπιδεδωκέναι,
1339 3574 1651 3630 παύσωνται
1695 3578 1785 3631 τοῦ

1888 3591 2027 3641 mus,
2082 3574 2185 3630 hoc
2215 3576 2363 3630 enim
2418 3575 2582 3631 faciet
2629 3575 3005 3646 unusquisque
3036 3581 3197 3643 prout
3224 3571 3464 3641 Spiritus

144 3666 377 3720 τοιούτου
400 3668 701 3739 θράσους,
727 3666 829 3719 καὶ
851 3666 972 3718 κατ’
994 3665 1125 3718 αὐτὸ
1146 3665 1302 3718 τοῦτο
1328 3666 1779 3738 ἐλευθερωθέντες

1888 3666 2038 3721 dabit
2065 3666 2245 3737 eloqui
2277 3666 2325 3721 ei
2362 3682 2371 3715 :
2426 3668 2519 3721 sed
2551 3676 2607 3720 ut
2637 3667 2855 3737 pietatis
2901 3666 3144 3735 regulam
3172 3663 3464 3720 evidentis-

150 3758 385 3828 μάθωσιν
417 3762 513 3814 ὅτι
550 3759 695 3812 ποτέ
728 3755 1046 3829 εὐεργετῶν
1082 3774 1234 3819 τινας
1263 3758 1291 3808 ὁ
1321 3756 1453 3819 Θεὸς
1480 3755 1661 3827 μέλλει
1686 3759 1780 3811 καὶ

1888 3761 2023 3814 sima
2053 3762 2354 3816 assertione
2379 3770 2680 3828 teneamus,
2718 3762 2859 3815 ineo
2890 3762 3032 3830 quod
3068 3757 3462 3829 providentiam

147 3852 413 3922 βραδύνει,
473 3850 569 3923 μὴ
604 3848 984 3920 χαριζόμενος
1010 3848 1142 3918 όρᾷν
1190 3848 1283 3900 καὶ
1316 3847 1532 3902 ἀκούειν
1557 3847 1780 3901 τοιαῦτα

1888 3850 1980 3903 Dei
2006 3849 2153 3918 juste
2194 3851 2376 3905 omnia
2449 3852 2867 3918 moderantem,
2912 3861 2967 3906 et
3008 3849 3334 3920 aequissimis
3376 3846 3461 3902 di-

146 3945 221 4012 ἐφ’
249 3942 329 4009 οἷς
360 3946 641 4016 ὁραθεῖσι
670 3942 773 3995 καὶ
803 3941 1151 4005 ἀκουσθεῖσι,
1182 3939 1452 4013 βαρυτέρα
1500 3942 1591 3994 καὶ
1620 3941 1780 4010 χαλε-

1888 3942 2330 4010 spensationibus
2379 3958 2477 4012 pro
2523 3945 2863 4013 singulorum
2911 3944 3123 3998 meritis
3172 3952 3226 3997 et
3281 3939 3463 3997 causis
3495 4006 3508 4020 .

142 4038 355 4109 πωτέρα
385 4042 422 4109 ἡ
478 4035 755 4108 ἁμαρτία
811 4034 1096 4104 ἐλέγχεται
1134 4034 1242 4087 τῶν
1295 4034 1432 4105 μετά
1476 4033 1776 4104 τηλικαῦτα

1888 4049 2073 4104 regere
2122 4035 2459 4090 immortales
2516 4036 2727 4090 animas
2775 4032 3056 4091 studemus
3122 4035 3457 4100 ostendere;

143 4129 228 4181 καὶ
250 4128 495 4182 τοιαῦτα
542 4128 624 4198 μὴ
661 4125 1140 4179 πεπιστευκότων.

1888 4125 2011 4180 dum
2043 4140 2148 4181 non
2191 4128 2332 4181 intra
2377 4128 2539 4199 hujus
2581 4129 2763 4184 szeculi
2799 4130 2961 4183 vitam
3000 4128 3333 4197 dispensatio
3357 4127 3460 4180 hu-

140 4237 297 4301 mana
329 4220 725 4277 concluditur
756 4258 774 4285 ,
824 4218 922 4272 sed
968 4216 1136 4272 futuri
1184 4227 1359 4273 status
1401 4232 1624 4274 causam
1669 4225 1894 4287 praestat
1939 4232 2155 4288 semper
2209 4220 2449 4277 anterior
2505 4222 2827 4275 meritorum
2879 4228 3093 4284 status,
3143 4227 3197 4274 et
3224 4219 3304 4273 sic
3354 4218 3455 4271 im-

144 4317 355 4372 mortali
418 4326 484 4372 et
543 4324 766 4371 aeterno
823 4312 1099 4381 aequitatis
1145 4312 1268 4383 jure
1304 4323 1358 4368 et
1403 4312 1777 4368 moderamine
1812 4310 2015 4368 divina:
2047 4314 2432 4383 providentiae,
2481 4314 2805 4369 immortalis
2862 4314 3042 4367 anima
3081 4312 3146 4365 ad
3190 4324 3458 4365 summam

142 4411 511 4478 perfectionis
560 4408 889 4464 adducitur.
925 4406 996 4477 [Si
1040 4408 1162 4477 quis
1208 4416 1386 4462 tamen
1434 4414 1690 4462 occurrat
1736 4402 2035 4475 nobis,pro
2080 4421 2145 4462 eo
2196 4407 2340 4476 quod
2384 4407 2611 4461 dicimus
2661 4421 2691 4459 a
2743 4404 3106 4460 deterioribus
3145 4401 3454 4470 quibusque

142 4514 191 4554 et
223 4504 607 4571 aequioribus
644 4500 913 4557 cons’ulto
966 4498 1171 4554 dill‘erri
1229 4501 1451 4556 verbum
1508 4499 1929 4570 prmdicationis,
1992 4515 2089 4555 cur
2142 4500 2228 4555 his
2276 4501 2473 4569 quibus
2508 4500 2692 4555 collati
2717 4500 2885 4569 Tyrii,
2912 4499 3002 4567 qui
3036 4504 3185 4552 certe
3217 4495 3454 4561 despecti

139 4608 278 4661 sunt,
311 4598 722 4669 praeferuntur
752 4635 768 4659 ,
834 4593 1162 4663 praedicatus
1196 4593 1267 4647 sit
1316 4608 1532 4658 sermo,
1601 4593 1655 4648 in
1689 4611 1797 4666 quo
1855 4596 2043 4665 utique
2091 4602 2309 4648 auctum
2353 4602 2437 4647 est
2482 4594 2562 4648 eis
2616 4593 2814 4645 malum
2841 4629 2857 4655 ,
2912 4600 2967 4643 et
3006 4589 3224 4657 gravior
3256 4602 3447 4642 eorum

140 4688 330 4743 effecta
369 4698 470 4744 est
527 4684 977 4749 condemnatio,
1036 4692 1096 4738 ut
1142 4684 1393 4740 audirent
1451 4686 1672 4741 verbum
1730 4688 1820 4757 qui
1882 4702 1989 4743 non
2022 4684 2496 4749 erantcredituri;
2550 4685 2653 4737 hoc
2698 4683 2856 4737 modo
2908 4680 3347 4751 respondendum
3373 4678 3456 4733 vi-

138 4783 298 4836 detur
340 4799 358 4836 :
397 4781 557 4837 Deus
617 4777 722 4847 qui
779 4775 1164 4830 universarum
1194 4774 1473 4845 :mentium
1528 4778 1780 4832 conditor
1825 4786 1929 4844 est,
1995 4778 2256 4831 adversus
2318 4776 2716 4845 providentiam
2770 4791 2923 4830 suam
2987 4774 3242 4843 querelas
3311 4787 3452 4843 pra:-

142 4887 381 4930 noscens
447 4870 747 4942 praecipue
794 4881 991 4923 eorum
1035 4866 1128 4935 qui
1188 4866 1381 4922 dicunt
1427 4885 1441 4921 :
1501 4868 1780 4935 Quomodo
1825 4870 2050 4926 credere
2100 4880 2413 4938 poteramus
2466 4885 2588 4924 cum
2637 4885 2808 4938 neque
2864 4868 3164 4923 viderimus
3206 4882 3269 4922 ea
3326 4881 3453 4936 quae

140 4966 327 5023 caeteri
391 4965 698 5027 viderunt,
755 4973 939 5027 neque
984 4957 1318 5012 audierimus
1348 4972 1409 5012 ea
1452 4959 1565 5029 (75)
1612 4976 1732 5030 quae
1775 4961 1894 5018 aliis
1934 4962 2225 5034 praedicata
2264 4962 2429 5016 sunt?
2479 4961 2533 5015 In
2567 4971 2775 5017 tantum
2818 4970 2975 5016 extra
3016 4977 3114 5017 nos
3150 4969 3234 5016 est
3259 4961 3438 5030 culpa,

139 5069 195 5115 ut
231 5060 289 5116 bi
337 5058 561 5131 quibus
588 5054 972 5111 annuntiatus
1001 5061 1086 5107 est
1113 5065 1299 5108 sermo
1350 5060 1405 5109 et
1436 5053 1589 5124 signa
1628 5065 1927 5113 monstrata
1977 5068 2127 5124 sunt,
2165 5057 2304 5113 nihil
2355 5056 2577 5114 omnino
2633 5057 2985 5123 distulerint,
3042 5057 3136 5113 sed
3194 5058 3453 5127 obstupe-

207 5224 326 5293 (69)
373 5223 461 5276 lla
491 5236 635 5276 mss.
662 5216 835 5293 Libb.
859 5216 1012 5293 edi_t_i,
1039 5217 1277 5293 δηλοῦσι.

208 5287 330 5365 (70)
375 5294 497 5347 Kal
531 5291 867 5365 τοιούτοις.
940 5287 1066 5343 Haec
1093 5287 1288 5346 desunt
1318 5290 1371 5345 in
1402 5299 1560 5347 antea
1589 5291 1771 5361 editis,

137 5366 232 5421 sed
267 5363 569 5418 habentur
597 5363 652 5414 in
683 5374 828 5413 mss.

208 5437 336 5505 (71)
381 5434 484 5489 Sic
517 5447 659 5486 mss.
696 5428 759 5482 In
787 5427 920 5505 libb.
950 5427 1111 5505 editis
1138 5430 1332 5505 deest,
1370 5451 1390 5483 ι
1420 5433 1530 5487 isti.
1558 5452 1577 5485 ι
1608 5431 1778 5487 Paulo

138 5498 262 5585 post
287 5498 464 5585 mss,
494 5510 602 5585 tet
629 5498 1423 5585 ριἨχιξιξίιίίε-οιιυιηιπιιιυιη,ιξ
1445 5519 1563 5572 quae
1585 5505 1778 5557 desunt

138 5568 191 5628 in
221 5583 405 5629 antea
438 5568 647 5642 editis:
694 5568 907 5624 Lbidem
938 5581 1251 5642 ωδεχ-ρει
1296 5568 1512 5640 quidem
1565 5589 1775 5642 praeno-

138 5656 344 5699 scente
377 5644 450 5697 de
478 5643 563 5713 eis
596 5641 922 5713 Salvatore.
946 5657 964 5691 ι
988 5637 1071 5713 3_l_n
1102 5638 1233 5694 libb.
1261 5637 1420 5698 editis
1446 5658 1545 5713 pro
1566 5637 1600 5697 ἰ
1635 5658 1775 5712 prte-

139 5722 451 5773 noscente,
481 5730 499 5764 ι
538 5712 795 5780 legitur,
824 5724 843 5757 ι
873 5709 1223 5780 praedicante.
1251 5730 1270 5763 ι

210 5783 342 5855 (72)
396 5782 490 5837 Sic
512 5777 671 5855 3119's.
710 5777 888 5837 Alias,
936 5796 954 5828 ‹
984 5778 1524 5855 dispensatiomanet
1553 5785 1605 5836 in
1635 5781 1764 5855 illud

139 5849 407 5922 tempds.
444 5870 462 5903 ι
512 5850 702 5907 Paulo
738 5855 865 5923 post
895 5862 1044 5923 mss._,
1082 5867 1101 5900 ι
1123 5849 1341 5906 relevati
1375 5860 1501 5923 tunc
1526 5854 1766 5923 pondere

139 5916 435 5981 maliirum
461 5936 734 5980 suorum.
766 5935 786 5969 ι
825 5916 881 5973 lu
904 5919 1061 5976 editis
1104 5934 1205 5991 pro
1226 5962 1242 5991 ,
1311 5916 1612 5980 «malorum
1639 5939 1761 5981 suo-

1803 5224 1849 5280 D
1879 5240 2021 5291 rum,
2047 5244 2065 5277 ι
2101 5224 2320 5297 legitur,
2349 5238 2606 5297 «suorum
2627 5231 2997 5297 peccatorum.
3026 5242 3047 5276 ι
3072 5222 3273 5297 ibidem
3295 5236 3450 5297 mss.,

1883 5299 2080 5365 rvolo,
2135 5294 2234 5349 nos
2288 5294 2729 5365 i_n7hujusmodi.
2759 5313 2777 5345 ι
2826 5294 2981 5348 Lihh.
3027 5294 3199 5357 editi,
3261 5294 3449 5365 «volo.

1877 5364 2212 5435 hujusmodi.
2240 5380 2259 5415 ι
2298 5363 2438 5435 Infra
2475 5363 2628 5427 inss.,
2666 5382 2684 5416 ι
2711 5364 3121 5419 evidentissima
3147 5364 3455 5435 assertione

1876 5433 2179 5490 teneamus.
2236 5454 2256 5486 ι
2318 5433 2477 5489 Libb.
2505 5436 2637 5489 editi
2674 5475 2689 5500 ,
2739 5436 3097 5489 «cautissima
3148 5434 3454 5488 assertione

1877 5513 2179 5559 teneamus.
2208 5523 2228 5557 ι
2278 5503 2444 5558 Paulo
2493 5504 2631 5558 infra
2670 5521 2800 5561 mss.
2830 5545 2846 5567 ,
2895 5502 3355 5574 «:cquitatisjure
3396 5512 3452 5558 et

1877 5574 2267 5644 moderamine.
2297 5594 2314 5627 ›
2355 5573 2410 5627 In
2435 5575 2595 5628 editis
2616 5576 2767 5629 deest
2793 5594 2810 5627 ι
2831 5576 2975 5644 jure.
3005 5573 3024 5625 ὸ

1946 5646 2058 5713 (75)
2091 5642 2224 5708 Qua:
2252 5645 2429 5715 ueteri
2473 5645 2712 5698 viderunt
2740 5684 2755 5707 ,
2805 5642 3321 5715 tt'equeiaudt’ert'mus
3361 5658 3448 5696 ea.

1874 5712 2001 5769 Haec
2032 5716 2231 5768 omissa
2263 5722 2389 5768 sunt
2415 5714 2470 5767 in
2502 5714 2633 5770 libb.
2668 5723 2825 5768 antea
2860 5712 3022 5768 editis
3053 5753 3068 5778 ,
3128 5713 3253 5765 licet
3290 5726 3447 5780 repe-

1875 5785 2089 5838 riantur
2146 5783 2200 5837 in
2246 5784 2498 5838 omnibus
2548 5800 2679 5841 mss.
2732 5783 2872 5837 Infra
2908 5798 3064 5845 mss.,
3105 5800 3123 5833 ι
3151 5791 3205 5834 et
3251 5781 3383 5834 nihil
3415 5796 3446 5833 a

1874 5854 1985 5908 Deo
2013 5855 2199 5909 deesse
2236 5853 2362 5912 sibi.
2395 5876 2412 5907 ι
2480 5854 2535 5910 In
2560 5855 2718 5910 editis
2771 5870 2867 5923 pro
2901 5874 2917 5905 ι
2939 5853 3165 5909 deesse»
3228 5850 3445 5921 legitur.

1877 5943 1892 5975 t
1924 5937 2064 5983 CSSC.
2091 5942 2110 5977 ι
