3880 6522
515 437 622 496 237
1761 429 2082 487 ornamus
2122 431 2281 484 nam
2315 430 2545 483 APXQN
3619 431 3694 487 ιιι

517 555 649 611 facti
684 555 816 627 ipsa'
850 555 1222 626 prodigiorum
1282 552 1484 605 virtute
1533 551 1869 604 crediderint
1902 568 1916 614 ;
1976 549 2166 604 volens
2206 564 2438 617 arguere
2484 545 2800 604 occasiones
2865 544 3236 614 hujuscemodi
3279 544 3622 613 querelarum,
3661 562 3699 603 et

421 710 430 719 _
512 651 806 704 ostendere
827 649 952 718 quia
981 664 1087 702 non
1113 647 1475 700 dissimulatio
1498 644 1690 699 divinae
1719 643 2093 711 providentiae.
2148 647 2242 697 sed
2277 643 2528 696 humana:
2571 643 2774 696 mentis
2800 640 3082 695 arbitrium
3121 654 3283 694 causa
3313 639 3408 693 sibi
3445 642 3700 707 perditionis

517 739 867 811 exsistit(74)
895 781 908 804 ,
959 735 1216 806 contulitl
1244 737 1409 790 etiam
1453 735 1691 805 indignis
1739 745 1787 789 et
1825 734 2121 788 incredulis
2182 733 2411 802 gratiam
2461 731 2873 786 benefactorum
2935 745 3180 794 suorum,
3243 738 3300 782 ut
3341 745 3458 783 vere
3485 747 3619 788 omne
3658 751 3703 789 os

525 834 884 896 obstruatur,
929 836 1208 896 totumque
1258 844 1286 880 a
1347 842 1404 882 se
1447 836 1501 881 et
1549 828 1682 880 niltil
1735 842 1763 879 a
1814 826 1924 879 Deo
1969 826 2159 880 deesse
2212 827 2314 880 sibi
2359 841 2511 879 mens
2549 825 2783 880 lmmana
2818 831 3146 894 cognoscat;
3196 821 3352 876 simul
3390 831 3441 876 et
3482 825 3588 892 quia
3617 840 3706 893 gra-

516 927 636 976 vius
688 923 1085 977 condemnatur
1137 921 1183 973 is
1235 921 1326 986 qui
1379 920 1561 972 divina
1629 917 1886 972 beneficia
1932 917 2034 972 sibi
2090 917 2289 971 collata
2341 919 2701 987 contempsit,
2763 934 2926 987 quam
2984 916 3073 971 ille
3126 916 3216 986 qui
3269 917 3509 984 consequi
3555 931 3604 969 ea
3644 921 3706 972 vel

516 1014 704 1070 audire
741 1014 870 1076 [non
931 1012 1169 1074 meruit,
1235 1010 1499 1080 intelligat
1563 1019 1617 1063 et
1685 1019 1941 1077 agnoscat
2005 1010 2396 1063 misericordiae
2449 1025 2568 1065 esse
2631 1010 2823 1064 divinae
2891 1021 2944 1064 ct
2998 1010 3326 1079 aequissima:
3383 1007 3489 1076 ejus
3541 1009 3711 1082 dispen-

516 1105 742 1158 sationis
785 1104 896 1176 (ῖῆ)
940 1103 1102 1157 etiam
1147 1105 1249 1157 lioc
1287 1103 1461 1170 ipsum
1509 1102 1655 1170 quod
1720 1102 1991 1157 interdum
2056 1104 2365 1158 dissimulat
2401 1106 2676 1174 aliquibus
2715 1114 2971 1173 przestare
3001 1112 3059 1158 ut
3105 1102 3189 1158 vel
3233 1101 3486 1165 videant,
3525 1104 3593 1156 vel
3636 1121 3705 1155 an-

515 1198 668 1250 diant
697 1197 913 1250 virtutis
952 1194 1148 1248 divinae
1190 1194 1351 1264 129
1389 1193 1670 1265 mysteria,
1701 1209 1767 1248 ne
1801 1195 2080 1262 signorum
2132 1196 2430 1252 virtutibus
2451 1198 2604 1262 visis,
2633 1207 2687 1252 et
2713 1198 2994 1268 sapientia:
3023 1194 3140 1264 ejus
3170 1194 3438 1265 mysteriis
3471 1196 3638 1264 agnitis
3665 1207 3704 1249 et

515 1288 736 1352 auditis,
785 1287 829 1341 si
858 1287 1287 1355 contempserint
1338 1295 1502 1354 atque
1540 1286 1922 1355 neglexerint,
1975 1287 2226 1354 graviore
2261 1289 2558 1358 impietatis
2603 1289 3080 1344 animadversione
3128 1288 3444 1342 multcntur.

589 1381 677 1437 18.
709 1379 999 1435 Videamus
1048 1395 1190 1435 nunc
1245 1390 1298 1434 ct
1330 1381 1396 1434 de
1429 1396 1494 1435 eo
1527 1382 1672 1449 qttod
1723 1382 1930 1434 dictum
1964 1392 2046 1435 est
2075 1396 2090 1435 :
2122 1389 2167 1443 Α

523 1491 543 1523 ι
585 1471 698 1525 Non
738 1471 990 1535 volentis,
1027 1485 1201 1539 neque
1228 1471 1502 1524 currentis
1538 1472 1630 1524 sed
1673 1471 1982 1524 miserentis
2012 1482 2097 1527 est

519 1563 612 1617 Dei
640 1563 703 1615 ³9.
746 1580 764 1612 ι
791 1561 961 1614 Aiunt
989 1561 1135 1614 enim
1168 1561 1222 1613 Ιιί
1259 1559 1352 1628 qui
1385 1575 1415 1613 e
1450 1561 1668 1613 diverso
1697 1570 1861 1614 sunt:
1896 1561 1952 1615 Si
1989 1576 2096 1614 non

516 1664 601 1708 est
625 1653 857 1708 volentis
889 1667 1064 1721 neque
1095 1651 1405 1715 currentis,
1437 1652 1530 1705 sed
1573 1650 1728 1718 cujus
1761 1652 1905 1706 Dens
1933 1655 2098 1707 mise-

520 1754 670 1798 retur
693 1743 806 1813 (76)
835 1783 850 1808 ,
887 1743 932 1796 is
971 1743 1212 1798 salvatur
1236 1783 1250 1807 ,
1284 1759 1391 1796 non
1421 1753 1506 1797 est
1539 1743 1592 1797 in
1628 1745 1786 1798 nobis
1834 1755 1890 1799 ut
1922 1745 2100 1799 salve-

518 1851 661 1890 tnur.
697 1835 806 1888 Ant
857 1834 1002 1888 enim
1049 1843 1242 1888 natura
1279 1843 1464 1888 nostra
1505 1837 1628 1890 talis
1657 1847 1825 1892 estut
1866 1839 1950 1892 vel
1989 1838 2100 1892 sal-

517 1927 634 1980 vari
677 1927 953 1997 possimus
979 1927 1060 1982 vel
1095 1941 1200 1981 non
1229 1927 1467 1994 salvari;
1497 1938 1588 1983 aut
1631 1941 1780 1986 certe
1829 1933 1879 1984 in
1911 1933 2102 1985 volun-

522 2029 635 2074 tate
672 2019 783 2073 sola
817 2030 905 2074 est
939 2020 1054 2090 ejus
1080 2021 1170 2090 qui
1195 2061 1209 2087 ,
1240 2021 1286 2075 si
1317 2021 1462 2084 vult,
1493 2022 1785 2077 miseretur
1814 2032 1870 2077 et
1905 2023 2097 2078 salvat.

517 2112 562 2163 Δ
590 2111 786 2179 quibus
812 2112 990 2182 primo
1020 2114 1120 2167 hoc
1152 2113 1514 2180 inquirimus:
1542 2113 1690 2169 Velle
1716 2116 1879 2180 bona,
1904 2116 2099 2168 bonum

520 2211 606 2256 est
653 2210 747 2255 aut
781 2203 1027 2256 malum?
1056 2203 1122 2257 Et
1151 2214 1464 2260 currentem
1501 2205 1766 2261 festinare
1808 2217 1868 2262 ιιι
1909 2223 2102 2277 perve-

519 2299 635 2352 niat
669 2299 738 2353 ad
768 2300 928 2353 linem
965 2298 1090 2353 boni
1114 2339 1128 2364 ,
1179 2315 1247 2355 an
1305 2302 1578 2358 laudabile
1625 2306 1753 2359 est?
1781 2304 1836 2359 Si
1876 2307 2094 2374 quidem

521 2391 756 2444 dixerint
786 2391 930 2460 quod
960 2391 1231 2460 culpabile
1277 2393 1370 2459 sit,
1399 2405 1586 2462 aperte
1639 2395 1950 2450 insanient:
1986 2413 2103 2450 om-

524 2498 620 2536 nes
649 2483 794 2536 enim
825 2486 998 2537 sancti
1029 2494 1082 2538 et
1113 2485 1303 2540 volunt
1325 2486 1464 2540 bona
1497 2495 1551 2539 et
1583 2497 1814 2542 currunt
1847 2490 1910 2542 ad
1937 2491 2099 2556 bona,

525 2585 580 2629 et
613 2576 798 2643 utique
833 2575 1132 2645 culpabiles
1168 2591 1274 2630 non
1318 2587 1466 2630 sunt.
1501 2575 1785 2643 Quomodo
1819 2594 1950 2648 ergo
1982 2581 2025 2634 si
2059 2581 2102 2634 is

528 2667 616 2734 qui
651 2682 757 2722 non
795 2663 1036 2722 salvatnr
1091 2668 1247 2722 mala:
1306 2677 1512 2723 natura:
1543 2680 1626 2724 est
1656 2712 1670 2737 ,
1705 2673 1815 2725 vult
1862 2674 1998 2728 bona
2048 2682 2104 2728 et

523 2760 697 2814 currit
723 2762 791 2814 ad
822 2761 984 2826 bona,
1014 2761 1112 2815 sed
1149 2779 1254 2815 non
1291 2762 1496 2816 invenit
1531 2763 1710 2817 bona?
1761 2765 1928 2818 Aiunt
1957 2766 2101 2823 enim

521 2853 648 2921 quia
679 2854 841 2906 arbor
890 2853 1025 2906 mala
1057 2853 1267 2908 fructus
1318 2857 1488 2910 bonos
1529 2873 1633 2909 non
1676 2856 1834 2911 all‘ert
1872 2875 1885 2911 :
1921 2858 2100 2914 bonus

520 2944 723 2998 etenim
769 2943 980 2999 fructus
1019 2953 1104 3000 est
1153 2946 1292 3001 velle
1336 2948 1499 3002 bona.
1545 2947 1612 3002 Et
1639 2949 1915 3017 quomodo
1945 2949 2101 3005 mala:

524 3034 742 3088 arboris
794 3033 1006 3090 fructus
1057 3045 1142 3090 est
1185 3037 1408 3092 bonus?
1437 3036 1588 3104 Quod
1633 3038 1678 3092 si
1713 3039 1950 3093 dixerint
1977 3041 2101 3108 quia

525 3125 762 3180 medium
805 3136 887 3179 est
917 3127 1051 3181 velle
1094 3129 1234 3182 bona
1269 3137 1324 3181 et
1361 3145 1582 3183 currere
1625 3132 1691 3184 ad
1720 3132 1883 3194 bona,
1920 3132 1972 3185 id
2019 3141 2104 3186 est

524 3233 702 3288 neque
751 3219 952 3274 bonum
1003 3236 1178 3290 neque
1213 3222 1448 3287 malum;
1489 3223 1735 3277 dicemus
1766 3224 1832 3278 ad
1862 3239 1956 3279 eos
1997 3242 2012 3278 ι
2047 3225 2106 3280 Si

511 3312 766 3366 .medium
816 3323 900 3368 est
928 3313 1064 3368 velle
1113 3319 1251 3369 bona
1297 3316 1406 3385 (77)
1460 3325 1517 3370 et
1569 3333 1792 3372 currere
1829 3321 1894 3373 ad
1939 3320 2104 3384 bona,

525 3419 658 3473 ergo
689 3414 744 3459 et
772 3406 822 3459 id
851 3409 992 3476 quod
1026 3407 1110 3462 liis
1152 3411 1490 3464 contrarium
1533 3419 1615 3464 est
1639 3450 1654 3471 .
1701 3413 1934 3466 medium
1977 3413 2105 3477 erit,

2211 3409 2271 3461 τὸ
2305 3407 2476 3460 θέλειν
2506 3405 2571 3457 τὰ
2603 3406 2747 3458 κακὰ
2778 3407 2872 3459 καὶ
2901 3407 2959 3458 τὸ
2987 3405 3200 3476 τρέχειν
3238 3405 3329 3458 ἐπὶ
3363 3404 3434 3457 τὰ
3465 3404 3626 3458 κακά.
3659 3401 3772 3471 Οὐχὶ

526 3496 581 3550 id
630 3506 712 3552 est
748 3499 888 3554 velle
931 3501 1068 3554 mala
1119 3513 1174 3556 et
1212 3518 1436 3558 currere
1483 3503 1548 3556 ad
1595 3503 1758 3557 mala.
1831 3503 1937 3558 Sed
1991 3519 2105 3558 cer-

2213 3500 2269 3552 δέ
2289 3517 2350 3567 γε
2375 3499 2534 3568 μέσον
2559 3498 2674 3550 ἐστὶ
2696 3497 2756 3550 τὸ
2781 3497 2952 3549 θέλειν
2977 3497 3043 3550 τὰ
3067 3497 3230 3561 κακὰ,
3266 3497 3359 3551 καὶ
3379 3498 3595 3568 τρέχειν
3620 3495 3703 3548 ἐπὶ
3720 3492 3776 3545 τὰ

533 3596 646 3641 tum
677 3598 763 3644 est
806 3590 933 3660 quia
971 3607 1078 3648 non
1133 3593 1206 3648 sit
1252 3593 1488 3648 medium
1514 3594 1674 3662 .velle
1711 3593 1848 3648 mala
1881 3605 1938 3649 et
1986 3609 2105 3648 cur-

2217 3591 2364 3646 κακά
2382 3609 2394 3621 ·
2423 3592 2522 3644 οὐκ
2550 3591 2656 3662 ἄρα
2683 3589 2847 3661 μέσον
2885 3588 3001 3642 ἐστὶ
3028 3589 3122 3643 καὶ
3149 3588 3208 3641 τὸ
3240 3587 3412 3642 θέλειν
3443 3589 3512 3642 τὰ
3539 3585 3672 3642 καλὰ
3700 3585 3777 3638 καὶ

1764 3701 2328 3760 INTERI’RETATIO
2359 3699 2570 3757 NOVA.

604 3821 693 3875 18.
725 3820 858 3897 Illud
893 3823 1057 3879 etiam
1088 3825 1443 3893 inspiciamus
1472 3845 1484 3880 :
1524 3846 1542 3878 ι
1580 3827 1697 3882 Non
1731 3828 1993 3892 volentis,
2024 3845 2198 3897 neque
2223 3826 2530 3897 currentis,
2563 3825 2658 3879 sed
2690 3826 3000 3897 miserentis
3031 3834 3112 3878 est
3140 3824 3254 3879 Dei.
3292 3845 3310 3876 ι
3345 3823 3617 3897 Sicenim
3646 3835 3782 3897 assu-

537 3903 732 3945 munt:
763 3893 818 3946 Si
845 3912 881 3964 rt
909 3909 1086 3962 neque
1106 3898 1340 3950 volentis
1376 3913 1550 3964 neque
1585 3900 1877 3961 currentis,
1915 3901 2007 3952 sed
2043 3893 2349 3954 miserentis
2375 3907 2457 3949 est
2487 3894 2603 3958 Dei,
2639 3915 2656 3947 ι
2695 3912 2800 3948 non
2831 3911 2896 3949 ex
2928 3895 3100 3949 libero
3130 3905 3316 3948 nostro
3346 3895 3580 3948 arbitrio
3611 3893 3786 3962 pendet

539 3970 725 4037 nostra
765 3963 927 4037 salus
955 4003 967 4024 .
996 3966 1088 4019 sed
1141 3981 1172 4019 e
1225 3979 1422 4019 natura
1470 3963 1626 4021 nobis
1665 3970 1732 4022 ab
1763 3983 1828 4021 eo
1857 3969 1947 4037 qui
1982 3969 2119 4023 tales
2151 3986 2249 4022 nos
2281 3967 2559 4028 condidit,
2599 3967 2838 4033 praestita
2859 3965 2986 4037 ,vel
3018 3967 3230 4037 ex_ejus
3262 3965 3492 4018 arbitrio
3523 3964 3780 4037 qui,_cum

537 4031 672 4104 vult,
705 4033 1051 4088 misereatur.
1077 4037 1123 4089 Α
1153 4038 1348 4103 quibus
1381 4039 1484 4091 hoc
1518 4031 1888 4104 quwrendnnr
1915 4057 1928 4090 :
1960 4039 2104 4092 Vellc
2132 4040 2298 4100 bona,
2342 4040 2540 4090 botunn
2573 4031 2654 4088 est
2690 4052 2757 4088 an
2791 4036 2990 4088 malum
3017 4035 3040 4088 ?
3075 4031 3210 4089 Tum
3245 4049 3440 4090 cursus
3469 4031 3696 4088 volentis
3724 4032 3781 4084 ad

536 4099 766 4155 honesta
805 4109 1146 4178 properando
1173 4099 1433 4175 consequi
1470 4099 1652 4172 tinem,
1686 4108 1842 4161 laude
1870 4124 1937 4162 an
1967 4110 2238 4178 vituperio
2263 4099 2457 4175 dignus
2481 4105 2608 4178 est?
2637 4106 2692 4159 Si
2713 4116 3058 4178 postremum
3086 4106 3345 4178 dixerint,
3373 4103 3615 4178 absurde
3641 4117 3782 4178 pror-

538 4185 637 4246 sus
653 4173 1078 4246 respondebunt,
1098 4192 1220 4230 cum
1251 4173 1426 4231 sancti
1453 4178 1620 4231 velint
1643 4187 1697 4231 ct
1719 4188 1961 4241 currant,
1997 4173 2098 4233 nec
2124 4173 2414 4246 quidquam
2446 4177 2649 4229 idcirco
2674 4176 2944 4243 vituperio
2971 4177 3190 4241 dignum
3224 4176 3447 4246 faciant.
3478 4174 3537 4228 Si
3564 4173 3786 4228 dixerint

541 4241 758 4318 bonum
778 4257 898 4318 esse
927 4244 1078 4318 velle
1095 4247 1229 4301 bona
1259 4258 1311 4318 et
1341 4248 1648 4318 currere-[ad
1685 4241 2170 4318 bona,quaaremus
2202 4241 2472 4318 quomodo
2504 4255 2694 4318 natura
2729 4241 2938 4318 perdita
2962 4248 3097 4318 velit
3117 4243 3519 4318 bona.Per_inde
3544 4246 3688 4318 enim
3714 4251 3788 4296 εει

541 4324 610 4364 ac
637 4310 1034 4386 si‘arbormala
1056 4315 1264 4370 fruetus
1284 4317 1454 4371 bonos
1480 4310 1667 4382 terret,
1694 4317 1739 4370 si
1767 4310 1987 4386 quidem
2023 4310 2323 4374 bonum-cst
2353 4316 2487 4370 velle
2510 4310 2824 4370 meliora-.Si
2848 4317 3064 4386 tertium
3090 4314 3645 4384 responderint,velle
3664 4315 3787 4386 bona

540 4389 598 4432 et
621 4396 860 4457 _c_urrere
893 4385 959 4457 ad
984 4385 1146 4457 bona,
1175 4387 1408 4441 medium
1439 4387 1696 4457 quiddam
1725 4384 1867 4451 esse,
1895 4391 2036 4456 quod
2068 4404 2240 4457 neque
2273 4389 2469 4441 bonum
2501 4401 2676 4453 neque
2711 4386 2781 4440 sit
2809 4384 3032 4452 malum;
3069 4399 3391 4457 reponemus
3420 4402 3434 4436 :
3466 4386 3525 4438 Si
3561 4385 3784 4457 medium

541 4450 670 4528 Quid
717 4463 800 4507 est
827 4453 966 4508 velle
993 4453 1224 4528 bonaet
1252 4450 1473 4528 currere
1507 4455 1772 4528 adubona,
1803 4450 1930 4524 ergo
1955 4469 2011 4512 ct
2042 4460 2094 4513 id
2124 4450 2266 4528 q'uod
2304 4458 2387 4511 his
2432 4450 2776 4511 contrarium
2826 4465 2905 4509 est
2931 4493 2946 4517 ,
2998 4450 3231 4508 medium
3280 4458 3405 4523 erit,
3443 4457 3638 4528 idest,
3666 4453 3790 4506 velle

542 4521 684 4573 tnala
721 4531 776 4575 et
819 4538 1044 4578 currere
1091 4527 1156 4578 ad
1196 4526 1359 4579 mala.
1393 4529 1462 4580 At
1499 4526 1633 4580 velle
1665 4528 1807 4582 mala
1837 4521 1891 4582 et
1917 4521 2156 4583 currerc'
2182 4531 2247 4582 ad
2281 4528 2416 4580 mala
2453 4527 2687 4581 medium
2742 4539 2847 4578 non
2882 4535 2964 4579 est
3001 4541 3016 4590 ;
3048 4541 3179 4594 ergo
3206 4521 3548 4593 neque‘velle
3581 4528 3715 4579 bona
3744 4532 3793 4575 et

541 4595 858 4668 curreread
892 4597 1028 4668 bona
1058 4597 1302 4668 medium
1339 4597 1462 4650 erit.
1499 4597 1611 4650 lloc
1641 4601 1802 4653 modo
1839 4599 2003 4668 igitur
2029 4599 2266 4652 arbitror
2293 4599 2505 4651 delendi
2533 4612 2694 4668 posse
2730 4596 2873 4668 ltunc
2905 4596 3081 4649 locum
3109 4613 3121 4648 :
3161 4614 3178 4668 ι
3217 4594 3330 4649 Non
3359 4597 3591 4668 volentis
3623 4606 3791 4668 neque

541 4664 963 4740 cnr_rentis,_scd
1000 4667 1310 4740 miserentis
1335 4679 1420 4740 est
1448 4668 1565 4740 Dei.
1609 4686 1628 4718 ι
1667 4664 1925 4723 Salomon
1955 4671 2003 4722 in
2036 4669 2176 4740 libro
2205 4664 2548 4740 Psalmornni
2581 4666 2890 4740 (ejnseuim
2924 4676 3006 4720 est
3035 4667 3312 4740 canticum
3347 4667 3617 4734 graduum
3650 4665 3794 4740 cujus

538 4733 702 4805 verba
745 4734 1133 4805 proferemus),
1165 4738 1271 4790 ait:
1312 4755 1330 4788 ι
1379 4735 1493 4792 Nisi
1525 4739 1788 4794 Dominus
1819 4739 2165 4792 :cdilicaverit
2192 4733 3662 4805 domum,invanumlaboraveruntquiteditiean_teatn.
3687 4733 3791 4785 Nisi

542 4799 802 4878 Dominus
835 4799 1156 4859 custodierit
1186 4808 1484 4871 civitatem,
1511 4808 1708 4862 frustra
1725 4807 2016 4878 vigilatqni
2050 4810 2280 4861 custodit
2309 4825 2427 4861 eam
2459 4823 2472 4872 ;
2512 4825 2528 4855 ι
2567 4820 2671 4878 non
2705 4806 2849 4878 quod
2885 4819 2980 4856 nos
3016 4809 3087 4878 ab
3110 4799 3432 4878 aediﬁcando
3460 4803 3792 4861 dehortetur.

537 4878 630 4945 aut
663 4871 855 4945 doceat
896 4891 961 4927 ne
994 4879 1278 4944 vigilemus
1306 4879 1371 4930 ad
1408 4878 1524 4944 ejus
1553 4894 1670 4945 quae
1721 4871 1990 4929 invaninia
2022 4887 2208 4930 nostra
2240 4888 2343 4940 est,
2377 4876 2614 4929 civitatis
2639 4871 2963 4945 custodiant,
2997 4875 3091 4927 sed
3120 4874 3413 4928 ostendens
3453 4885 3794 4945 qua-cunque

537 4939 655 5015 sine
687 4939 1191 5016 Deo‘anlilican'tnr,
1234 4958 1289 5000 et
1323 4939 1450 5016 qua).
1467 4939 1584 5013 ejus
1613 4948 1856 5001 custodia
1891 4963 1994 4999 non
2031 4948 2350 5014 sepiuntur,
2390 4946 2605 5016 frustra
2632 4942 2886 5016 mdilicari
2909 5014 2916 5016 ν
2939 4939 2991 4998 et
3021 4945 3294 5016 incassum
3327 4941 3596 5016 custodiri
3631 4955 3794 5016 ;Acum

530 5012 656 5085 jure
690 5013 1062 5085 tediﬁcationis
1100 5012 1354 5069 dominus
1380 5027 1431 5070 et
1469 5012 1728 5071 custodiae
1771 5016 2010 5071 civitatis
2041 5012 2288 5085 princeps
2324 5015 2680 5068 ascribendus
2709 5014 2790 5085 sit
2833 5014 3216 5067 universorum
3247 5013 3405 5066 Deus.
3435 5012 3797 5085 Quemadmo-

537 5081 663 5131 dum
694 5082 858 5150 igitur
888 5085 932 5137 si
967 5085 1274 5139 diceremus
1303 5105 1316 5140 :
1343 5087 1458 5140 Non
1489 5088 1846 5148 :cdilicantis,
1883 5087 1976 5139 sed
2011 5081 2102 5139 Dei
2141 5081 2278 5154 Opus
2306 5096 2388 5138 est
2418 5085 2582 5138 hocce
2620 5083 2906 5137 aedilicium
2937 5101 2952 5148 ;
2983 5094 3034 5137 et
3067 5101 3172 5135 non
3201 5093 3419 5147 custos,
3454 5083 3546 5136 sed
3581 5084 3800 5134 univer-

534 5163 729 5226 sm'uni
755 5154 896 5226 Dens
934 5154 1074 5208 hanc
1099 5158 1372 5210 civitatem
1402 5159 1468 5210 ab
1501 5158 1737 5210 hostium
1770 5157 1980 5226 injuriis
2019 5157 2316 5208 immunem
2363 5154 2629 5226 reddidit,
2663 5154 2814 5226 nihil?
2837 5169 3176 5226 errat-emus,
3227 5168 3349 5226 cunt
3380 5154 3641 5226 humanis
3673 5167 3799 5226 qun-

539 5231 646 5290 que
684 5225 896 5280 viribus
935 5227 1137 5294 aliquid
1172 5237 1454 5296 peractum
1482 5222 1839 5298 intelligatur,
1876 5236 2045 5281 totum
2078 5241 2205 5280 vero
2241 5242 2376 5295 opus
2407 5225 2545 5295 grati
2581 5225 2744 5278 animi
2776 5224 3172 5294 signiﬁcatione
3198 5222 3490 5292 pet'lectori
3517 5225 3630 5278 Deo
3660 5223 3797 5277 relc-

603 5334 650 5368 ”
685 5335 842 5393 Rom.
876 5355 954 5403 tx,
992 5340 1078 5394 l6.

2272 1387 2499 1456 ’Ἰδωμεν
2527 1382 2618 1439 οῦν
2649 1387 2742 1439 καὶ
2765 1386 2891 1456 περὶ
2919 1384 3033 1451 τοῦ,
3077 1403 3095 1435 ι
3129 1384 3248 1454 ’Ἆρ’
3277 1379 3370 1436 οῦν
3403 1383 3458 1435 ού
3484 1383 3566 1436 τοῦ
3588 1383 3724 1438 θέλον-

2203 1495 2294 1540 τος
2321 1478 2441 1531 οὐδὲ
2477 1477 2568 1530 τοῦ
2607 1478 2922 1550 τρέχοντος,
2959 1475 3094 1530 ἀλλὰ
3129 1475 3222 1528 τοῦ
3254 1473 3519 1537 ἐλεοῦντος
3547 1475 3675 1528 Θεοῦ.
3709 1499 3720 1527 ι

2203 1572 2267 1622 Οἱ
2299 1570 2405 1641 γὰρ
2432 1569 2924 1640 ἐπιλαμϐανόμενοι
2970 1568 3132 1636 φασίν
3151 1586 3165 1598 υ
3202 1567 3262 1618 ΕΞ
3303 1565 3377 1636 μὴ
3406 1564 3493 1618 τοῦ
3515 1566 3726 1630 θέλοντῳ,

2202 1661 2321 1714 οὐδὲ
2353 1661 2446 1714 τοῦ
2475 1662 2779 1732 τρέχοντος,
2813 1660 2946 1713 ἀλλὰ
2975 1659 3067 1711 τοῦ
3102 1655 3379 1720 ἐλεοῦντος
3414 1657 3558 1721 Θεοῦ,
3582 1659 3664 1710 οὐκ
3685 1661 3731 1710 ἐκ

2203 1754 2296 1807 τοῦ
2348 1756 2432 1822 ἐφ’
2471 1756 2603 1824 ἡμῖν
2640 1754 2700 1804 τὸ
2746 1751 3046 1817 σώζεσθαι,
3075 1751 3188 1805 ἀλλ’
3220 1753 3282 1803 ὲκ
3314 1751 3636 1820 κατασκευῆς
3658 1750 3732 1818 τῆς

2203 1847 2312 1899 ἀπὸ
2357 1845 2450 1899 τοῦ
2497 1845 2736 1899 τοιούσδε
2779 1844 3286 1907 κατασκευάσαντος
3323 1842 3734 1913 γεγενημένης,ῆ

2205 1938 2269 1990 ὲκ
2302 1937 2669 2008 προαιρέσεως
2698 1935 2794 1989 τοῦ
2821 1938 2907 1989 ὅτε
2937 1935 3182 2005 βούλεται
3212 1933 3485 1997 ἐλεοῦντος
3503 1951 3515 1962 ·
3547 1933 3656 2003 παρ’
3681 1926 3738 1985 ὧν

2205 2122 2440 2191 φαῦλον;
2469 2122 2578 2175 Καὶ
2601 2122 2662 2175 τὸ
2689 2121 2901 2195 τρέχειν
2927 2121 3243 2193 βουλόμενον
3275 2123 3460 2191 τυχεῖν
3487 2117 3575 2172 τοῦ
3596 2118 3743 2180 τέλους

2205 2218 2262 2268 ἐν
2296 2214 2372 2285 τῷ
2402 2214 2654 2268 σπεύδειν
2688 2217 2780 2268 ἐπὶ
2813 2216 2880 2268 τὰ
2914 2215 3052 2268 καλὰ
3079 2255 3093 2278 ,
3130 2213 3416 2268 ἐπαινετόν
3460 2211 3744 2281 ὲστινῆψε-

2205 2308 2329 2360 κτον
2353 2325 2366 2373 ;
2419 2307 2542 2360 Εἴτε
2569 2309 2676 2379 γὰρ
2705 2308 2888 2379 ἐροῦσι
2921 2307 3119 2376 ψεκτὸν
3143 2348 3156 2370 ,
3194 2305 3343 2377 παρὰ
3369 2306 3468 2377 τὴν
3498 2305 3744 2374 ἐνάργειαν

2206 2492 2300 2543 καὶ
2329 2491 2572 2561 δηλονότι
2607 2491 2718 2562 (78)
2763 2491 2862 2544 οὐκ
2906 2494 2961 2544 ὲν
3013 2491 3186 2562 τούτῳ
3231 2489 3435 2559 ψεκτὸν
3476 2488 3748 2542 ποιούντων.

2205 2580 2330 2634 Εἴτε
2362 2580 2576 2652 ἐροῦσιν
2607 2583 2688 2635 ὅτι
2714 2582 2876 2635 καλὸν
2904 2581 2965 2634 τὸ
2992 2582 3164 2635 θέλειν
3189 2581 3257 2635 τὰ
3285 2581 3448 2646 καλὰ,
3467 2583 3557 2635 καὶ
3586 2581 3639 2633 τὸ
3664 2580 3755 2651 τρέ-

2207 2689 2322 2742 χειν
2363 2672 2457 2724 sat
2509 2673 2577 2727 τὰ
2624 2672 2796 2737 καλὰ,
2849 2672 3160 2742 πευσόμεθα
3205 2673 3322 2736 πῶς
3370 2676 3404 2744 ἠ
3453 2667 3755 2741 ἀπολλυμένη

2208 2764 2370 2833 φύσις
2391 2763 2533 2816 θέλει
2551 2764 2618 2818 τὰ
2643 2764 2927 2834 κρείττονα
2946 2778 2958 2792 ·
2985 2765 3146 2816 οἱονεὶ
3178 2763 3284 2835 γὰρ
3315 2764 3532 2836 δένδρον
3560 2761 3758 2832 πονηρὸν

2206 2858 2453 2928 καρποὺς
2501 2855 2738 2924 ἀγαθοὺς
2779 2855 2966 2926 φέρει,
3016 2857 3129 2924 εἴγε
3191 2855 3354 2909 καλὸν
3396 2855 3458 2908 τὸ
3507 2855 3664 2907 θέλειν
3709 2852 3759 2905 τὰ

2205 2949 2508 3023 κρείττονα.
2541 2949 2734 3020 Τρίτον
2775 2947 2830 3000 δὲ
2865 2948 3079 3018 ἐροῦσιν
3113 2949 3192 3002 ὅτι
3228 2948 3332 3001 τῶν
3380 2949 3562 3019 μέσων
3594 2948 3695 3001 ἐστὶ
3718 2948 3764 2999 τὸ

2208 3040 2380 3094 θέλειν
2429 3039 2498 3092 τὰ
2547 3038 2718 3102 καλὰ,
2766 3038 2859 3091 καλ⁵
2901 3037 2961 3089 τὸ
3002 3038 3215 3109 τρέχειν
3261 3038 3352 3091 ἐπὶ
3392 3039 3463 3091 τὰ
3506 3038 3665 3101 καλὰ,
3691 3037 3764 3090 καὶ

2209 3131 2332 3186 οὔτε
2363 3133 2577 3184 ἀστεῖον
2605 3129 2727 3182 οὔτε
2762 3129 2990 3197 φαῦλον·
3015 3128 3234 3182 λεκτέον
3258 3129 3313 3180 δὲ
3343 3129 3483 3200 πρὸς
3505 3127 3673 3190 τοῦτο,
3700 3129 3766 3180 ὅτι

2211 3225 2256 3276 εἰ
2293 3221 2351 3276 τὸ
2380 3221 2555 3274 θέλειν
2582 3219 2650 3273 τὰ
2677 3219 2814 3273 καλὰ
2838 3222 2929 3273 καὶ
2963 3221 3022 3273 τὺ
3047 3219 3259 3290 τρέχειν
3287 3219 3380 3272 ἐπὶ
3410 3218 3480 3272 τὰ
3512 3219 3662 3282 καλὰ,
3693 3217 3768 3288 μέ-

2213 3333 2302 3368 σον
2337 3315 2472 3376 ὲστὶ,
2509 3313 2603 3366 καὶ
2630 3313 2687 3366 τὸ
2714 3313 2954 3366 ἐναντίον
2983 3310 3132 3383 αὐτῷ
3177 3312 3339 3383 μέσον
3372 3313 3514 3376 ἐστὶ,
3560 3308 3771 3364 τουτέστι

754 5460 888 5534 Yide
919 5462 951 5516 l.
987 5479 1021 5516 tl
1055 5465 1392 5534 Origcuiuu.,
1435 5482 1488 5531 q.
1521 5466 1571 5532 7,
1610 5481 1758 5519 num.
1788 5465 1874 5519 l7.

607 5529 722 5598 (75)
760 5531 1013 5606 Sictnss.
1049 5529 1218 5600 Alia's,
1246 5556 1265 5587 ι
1291 5548 1344 5590 et
1372 5529 1634 5606 agnoscat
1666 5551 1806 5606 nunc
1829 5550 1949 5590 esse
1972 5535 2111 5588 divi-

537 5617 618 5653 ιιςυ
645 5611 697 5655 et
736 5603 1060 5674 aquis-siina:
1092 5623 1202 5659 suae
1239 5603 1683 5674 dispensationis.
1713 5625 1733 5658 ›
1785 5605 1948 5658 l’aulo
1995 5616 2114 5674 pOsl.

459 5693 468 5697 ~
535 5685 666 5750 mss.
706 5689 781 5750 ,_t
808 5673 851 5724 si
885 5673 1334 5742 contempserint
1361 5689 1524 5747 atque
1577 5678 1937 5750 neglexerint.
1975 5673 2007 5728 ί
2059 5675 2114 5731 lu

533 5742 876 5818 edit_i_s_‘d_cest
916 5762 933 5794 ι
969 5754 1134 5818 atque
1172 5742 1534 5818 neglexerint.
1560 5771 1578 5803 ι

609 5811 716 5882 (76)
747 5811 819 5864 lta
856 5811 1175 5878 mss.Alias.
1211 5811 1339 5874 t'cui
1372 5822 1513 5874 Deus
1546 5822 1856 5875 miseretur.
1898 5837 1914 5868 ι
1954 5817 2117 5870 Paulo

537 5893 659 5942 βουι
695 5896 848 5949 tnss.,
879 5903 894 5936 ‹
924 5902 951 5938 a
977 5889 1172 5958 quibus
1201 5893 1374 5960 primo
1404 5894 1504 5948 hoc
1532 5893 1884 5965 inquirimus.
1913 5901 1935 5942 ν
1959 5889 2116 5944 Liblt.

2227 5465 2353 5520 editi
2381 5505 2397 5530 ,
2445 5485 2464 5516 ι
2509 5483 2536 5518 a
2586 5465 2798 5542 quibus
2829 5462 3547 5542 ρτίῳοήτιιιίιιτίιιιτλιοσει.
3590 5460 3802 5542 ibidem

2224 5552 2354 5589 mss.
2383 5577 2399 5600 ,
2452 5555 2470 5588 ι
2494 5547 2552 5591 ιιι
2583 5531 2859 5602 perveniat
2887 5533 2953 5586 ad
3004 5531 3164 5586 linem
3215 5534 3364 5602 boni.
3402 5553 3420 5585 ι
3455 5531 3600 5586 Editi
3643 5533 3800 5596 male,

2229 5625 2248 5658 ι
2289 5616 2346 5659 ιιι
2379 5601 2660 5675 perveniat
2682 5606 2746 5657 ad
2779 5605 2941 5658 tidem
2974 5603 3124 5675 boni.
3163 5623 3180 5655 ι
3214 5601 3358 5675 intra
3396 5620 3550 5667 mss.,
3591 5621 3610 5654 ε
3642 5603 3804 5675 arbor

2227 5673 2602 5730 mala'lructus
2630 5677 2801 5729 bonos
2831 5689 2940 5728 non
2971 5674 3144 5730 all'crt.
3170 5694 3189 5727 ι
3218 5674 3368 5729 Libb.
3400 5677 3546 5740 editi,
3586 5692 3606 5725 ι
3640 5673 3805 5727 arbor

2228 5743 2366 5797 liena
2398 5747 2604 5800 fructus
2635 5744 2803 5798 malos
2834 5759 2940 5798 non
2973 5744 3152 5799 allen.
3195 5764 3213 5796 ι

2297 5815 2407 5882 (77)
2440 5815 2531 5868 Sic
2559 5830 2690 5868 mss.
2732 5815 2910 5878 Alias,
2940 5833 2957 5863 ι
2999 5816 3217 5870 bouum-

2293 5888 2406 5956 (78)
2440 5884 2589 5941 Libb.
2623 5885 2771 5953 editi,
2804 5885 2962 5958 δῆλον
2990 5885 3092 5940 ὅτι.

2203 2004 2362 2082 τοῦτο
2390 2004 2682 2084 πεῦστέον·
2721 2029 2794 2081 Τὸ
2828 2004 3002 2082 θέλειν
3053 2028 3120 2082 τὰ
3173 2026 3312 2080 καλὰ
3333 2067 3348 2092 ,
3386 2026 3542 2080 καλόν
3569 2026 3739 2095 ἐστινῆ
3823 2004 3825 2066 l

2205 2397 2622 2468 ἀποκρινοῦνται
2645 2438 2658 2461 ,
2688 2398 2795 2451 τῶν
2834 2399 3001 2468 ἁγίων
3040 2398 3298 2451 θελόντων
3339 2397 3433 2451 ταὶ
3470 2395 3746 2467 τρεχόντων,
3834 2446 3835 2452 η
