3988 6418
599 298 700 356 291

1826 318 2150 380 ORIGENIS
2184 319 2342 374 [nam
2378 319 2612 374 APXDN
3743 338 3830 398 292

597 417 976 487 est,quoniam
1007 435 1113 476 non
1150 421 1347 478 suﬂicit
1389 425 1457 479 ad
1507 427 1894 495 perﬁciendam
1939 437 2160 494 salutem

2275 436 2303 507 ἢ
2338 435 2496 506 ἔργον
2528 435 2620 490 τοῦ
2653 436 3000 506 ποτίσαντος,
3047 443 3160 498 ἀλλ’
3191 445 3356 518 ἔργον
3395 448 3488 502 τοῦ
3524 449 3654 508 Θεοῦ
3675 469 3687 484 ο
3709 455 3830 515 οὕτω

597 508 712 564 sola
746 509 992 567 voluntas
1038 513 1313 580 humana,
1362 531 1465 572 nec
1513 517 1738 575 idoneus
1790 533 1872 579 est
1920 528 2166 585 mortalis

596 613 792 656 cursus
838 603 906 657 ad
950 605 1328 675 consequenda
1375 607 1619 664 cmlestia
1661 621 1717 668 et
1745 613 1810 668 ad
1845 619 2163 686 capiendam

594 691 833 760 palmam
873 710 1121 766 superna:
1164 699 1468 755 vocationis
1515 701 1605 756 Dei
1657 704 1709 758 in
1759 706 1980 764 Christo
2014 705 2166 777 Jesu,

594 781 702 836 nisi
749 784 862 838 haec
896 783 1010 851 ipsa
1040 785 1293 841 voluntas
1341 799 1520 844 nostra
1565 793 1706 848 bona
1749 808 2167 870 promptumque

593 875 934 940 propositum
963 883 1014 928 et
1045 889 1385 948 quacunque
1426 879 1516 934 illa
1558 881 1610 935 in
1648 885 1806 938 nobis
1843 900 1964 940 esse
1993 896 2168 957 potest

592 962 880 1029 industria,
915 964 1104 1019 divino
1133 967 1215 1020 vel
1256 968 1480 1037 juvetur
1507 971 1590 1025 vel
1633 974 1912 1030 muniatur
1940 978 2163 1033 auxilio.

597 1053 663 1106 Et
711 1055 832 1110 ideo
875 1056 1032 1111 valde
1081 1069 1479 1129 consequenter
1527 1061 1664 1117 dixit
1702 1064 1814 1136 (84)
1858 1064 2173 1134 Apostolus,

592 1146 720 1214 quia
757 1166 774 1199 ‹
805 1163 912 1203 non
941 1147 1180 1205 volentis
1213 1165 1386 1220 neque
1410 1153 1702 1218 currentis,
1734 1155 1828 1210 sed
1861 1155 2167 1213 miserentis

587 1249 672 1292 est
695 1239 825 1306 Dei;
855 1258 874 1292 ι
909 1242 1367 1309 quemadmodum
1397 1243 1440 1296 si
1468 1243 1710 1299 dicamus
1739 1246 1803 1300 de
1833 1247 2164 1317 agricultura

585 1330 716 1384 illud
747 1332 892 1402 quod
926 1332 1191 1402 scriptum
1219 1341 1335 1388 est:
1374 1351 1393 1384 ι
1436 1334 1546 1404 Ego
1578 1335 1838 1405 plantavi,
1865 1338 2057 1408 Apollo
2093 1340 2168 1394 ri-

585 1421 769 1490 gavit,
815 1421 908 1476 sed
942 1422 1086 1476 Deus
1115 1422 1528 1494 Lincrementum
1578 1427 1745 1507 dedit.
1778 1427 1962 1500 Itaque
1992 1445 2166 1501 neque

585 1539 677 1605 qui
720 1537 966 1606 plantat,
1021 1547 1108 1593 est
1170 1539 1376 1608 aliquid
1406 1580 1421 1605 ,
1467 1556 1646 1612 neque
1707 1543 1799 1615 qui
1851 1545 2028 1616 rigat,
2071 1547 2166 1602 sed

582 1629 674 1698 qui
751 1631 1154 1684 incrementum
1228 1632 1326 1686 dat
1393 1632 1533 1689 Deus
1573 1633 1636 1690 “.
1709 1655 1728 1687 ι
1816 1635 1969 1693 Sicut
2035 1655 2164 1711 ergo

581 1737 707 1776 cum
783 1721 958 1778 bonos
1028 1730 1192 1793 atque
1267 1724 1465 1782 uberes
1539 1726 1751 1784 fructus
1823 1730 1890 1784 ad
1971 1732 2165 1801 perfe-

2274 527 2364 579 καὶ
2390 528 2423 598 ἡ
2449 529 2692 600 ἡμετέρα
2719 528 2995 595 τελείωσις
3026 534 3145 605 οὐχ).
3173 536 3344 607 μηδὲν
3369 539 3401 610 ἡ
3412 538 3526 610 μῶν
3545 542 3825 613 πραξάντων

2275 616 2502 684 γίνεται,
2546 619 2606 671 ού
2641 619 2748 691 μὴν
2782 621 2876 690 ἀφ’
2908 622 3065 694 ἡμῶν
3120 625 3514 698 ἀπαρτίζεται,
3563 633 3688 687 ἀλλά
3719 636 3828 701 Θεὸς

2274 706 2334 759 τὸ
2364 708 2495 761 πολὺ
2536 709 2739 782 ταύτης
2788 712 3017 784 ἐνεργεῖ.
3058 717 3165 769 Καὶ
3207 718 3295 773 ἵνα
3348 720 3720 796 ἐναργέστερον
3756 745 3829 781 πι-

2277 800 2470 871 στευθῇ
2502 801 2658 855 τοῦτο
2689 799 2826 857 εἶναι
2858 805 2918 858 τὸ
2954 805 3274 879 λεγόμενον,
3315 811 3422 865 ἀπὸ
3456 815 3555 884 τῆς
3596 818 3829 890 κυϐερνη-

2273 890 2428 961 τικῆς
2467 891 2525 944 τὸ
2555 894 2905 966 παράδειγμα
2943 898 3261 970 ληψόμεθα·
3299 903 3432 975 πρὸς
3474 907 3583 978 γὰρ
3607 909 3709 982 ,τὴν
3739 911 3830 965 τῶν

2274 981 2490 1052 ἀνέμων
2533 984 2729 1056 πνοὴν,
2761 989 2853 1041 καὶ
2881 989 2979 1059 τὴν
3019 991 3126 1046 τῶν
3175 993 3356 1066 ἀέρων
3403 1001 3725 1070 εὐκρασίαν,
3755 1007 3832 1058 καὶ

2272 1072 2370 1143 τὴν
2401 1072 2510 1127 τῶν
2537 1074 2781 1147 ἀστέρων
2821 1078 3178 1151 λαμπρότητα
3226 1087 3626 1157 συνεργούντων
3655 1094 3714 1162 τῇ
3741 1092 3832 1148 τῶν

2273 1162 2618 1234 ἐμπλεόντων
2672 1170 2946 1242 σωτηρίᾳ,
2999 1174 3163 1228 πόσον
3211 1176 3280 1230 ἂν
3327 1179 3562 1250 ἀριθμὸν
3609 1182 3738 1252 ἔχειν
3766 1183 3834 1238 λέ-

2273 1271 2421 1338 γοιτο
2450 1257 2547 1328 τῆς
2589 1260 2680 1313 ἐπὶ
2709 1261 2797 1314 τὸν
2830 1261 3024 1333 λιμένα
3075 1267 3577 1336 ἀποκαταστάσεως
3663 1275 3836 1346 κυϐερ-

2272 1347 2463 1419 νητικὴ
2500 1349 2683 1423 τέχνη,
2713 1352 2822 1405 οὐδ’
2863 1355 3042 1409 αὐτῶν
3074 1357 3181 1412 τῶν
3220 1361 3570 1434 κυϐερνητῶν
3597 1365 3662 1418 δι’
3700 1368 3837 1421 εὐλά-

2273 1439 2424 1494 ϐειαν
2472 1443 2730 1507 πολλάκις
2771 1445 3092 1516 τολμώντων
3147 1452 3431 1522 ὁμολογεῖν
3462 1455 3522 1508 τὸ
3569 1459 3838 1515 σεσωκέναι

2270 1533 2369 1593 τὴν
2408 1534 2558 1600 ναῦν,
2615 1537 2749 1594 ἀλλὰ
2786 1539 2863 1610 τῷ
2906 1541 3025 1613 Θεῷ
3065 1542 3123 1596 τὸ
3165 1549 3274 1602 πᾶν
3333 1547 3733 1621 ἀναφερόντων,
3783 1556 3837 1609 οὐ

2270 1626 2347 1718 τῷ
2400 1627 2510 1696 (86)
2558 1629 2720 1701 μηδὲν
2776 1633 2974 1698 αὐτοὺς
3035 1638 3422 1710 ἐνηργηκέναι,
3477 1643 3612 1698 ἀλλὰ
3665 1646 3735 1718 τῷ
3770 1649 3838 1711 εἰς

2271 1716 2572 1790 ὑπερϐολὴν
2616 1722 3011 1781 πολλαπλάσιον
3053 1724 3192 1783 εἶναι
3231 1731 3291 1784 τὸ
3332 1734 3437 1787 ἀπὸ
3472 1736 3572 1806 τῆς
3611 1716 3840 1809 προνοίας

583 1823 726 1866 ctam
806 1815 1182 1870 maturitatem
1260 1817 1483 1885 pertulit
1559 1834 1760 1890 seges,
1836 1837 1998 1889 nemo
2073 1823 2160 1892 pie

2275 1811 2354 1864 τοῦ
2397 1811 2503 1866 ἀπὸ
2544 1814 2641 1885 τῆς
2692 1815 2918 1889 τέχνης;
2974 1821 3083 1874 Καὶ
3127 1823 3220 1875 ἐπὶ
3265 1824 3363 1895 τῆς
3405 1828 3682 1900 ἡμετέρας
3722 1831 3841 1900 γοῦν

583 1907 738 1980 131
782 1919 838 1964 et
867 1921 1267 1982 consequenter
1291 1913 1434 1969 dicet
1467 1915 1591 1984 quia
1641 1917 1852 1972 fructus
1883 1917 2003 1973 illos
2026 1919 2170 1988 agri-

580 2002 700 2056 cola
732 2001 885 2070 fecit,
915 2005 1010 2061 sed
1044 2020 1073 2059 a
1105 2004 1213 2060 Deo
1251 2005 1512 2060 fatebitur
1555 2009 1858 2076 praestitos;
1892 2011 1964 2064 ita
2003 2012 2167 2066 etiam

579 2107 766 2151 nostra
797 2097 1064 2167 perfectio
1104 2116 1209 2155 non
1243 2101 1464 2172 quidem
1521 2102 1683 2156 nobis
1723 2103 2068 2158 cessantibus
2113 2113 2170 2159 ct

579 2189 772 2244 otiosis
822 2190 1099 2258 efﬁcitur,
1163 2209 1268 2250 nec
1325 2202 1509 2249 tamen
1575 2196 1984 2250 consummatio
2050 2196 2168 2266 ejus

580 2281 764 2348 nobis,
824 2283 919 2337 sed
970 2282 1080 2338 Deo
1127 2285 1218 2355 qui
1257 2295 1339 2341 est
1384 2286 1556 2355 prima
1599 2294 1654 2341 ct
1685 2287 1952 2355 praecipua
2001 2302 2166 2342 causa

579 2374 769 2443 aperis
794 2375 1125 2430 ascribetur.
1161 2376 1252 2432 Sic
1285 2393 1408 2432 cum
1451 2378 1603 2432 navis
1661 2379 2000 2446 superaverit
2045 2395 2164 2434 ma-

575 2467 702 2520 rina
733 2466 1074 2532 discrimina,
1117 2471 1367 2536 quamvis
1423 2469 1593 2524 multo
1621 2470 1810 2526 labore
1851 2481 2161 2537 nautarum,

575 2565 632 2611 et
655 2559 804 2611 omni
841 2561 1076 2615 nautica:
1111 2562 1250 2615 artis
1283 2576 1450 2631 opere
1504 2562 1776 2630 impenso,
1813 2571 1866 2616 et
1893 2564 2166 2632 guberna-

577 2648 716 2705 toris
747 2650 929 2705 studio
991 2662 1157 2721 atque
1209 2654 1478 2708 industria
1532 2655 1774 2709 adhibita
1825 2670 1912 2708 res
1949 2664 2158 2726 agatur,

574 2749 864 2797 ventorum
896 2759 1111 2813 quoque
1140 2747 1511 2816 aspirantibus
1531 2745 1780 2810 ﬂatibus,
1813 2755 1868 2801 et
1894 2757 2164 2802 astrorum

574 2835 750 2905 signis
785 2835 1073 2907 diligenter
1108 2839 1343 2904 notatis;
1383 2841 1428 2894 si
1461 2841 1680 2908 quando
1739 2850 1917 2894 tamen
1969 2851 2165 2894 vexata

573 2929 736 2984 undis
769 2927 882 3000 (85)
915 2938 970 2984 et
998 2929 1250 2986 ﬂuctibus
1280 2931 1499 3002 fatigata
1530 2932 1596 2985 ad
1632 2942 1844 3001 portmn
1869 2930 2016 2985 salva
2044 2944 2167 2999 per.

569 3021 743 3088 venit,
774 3037 932 3076 nemo
964 3023 1082 3077 sani
1119 3039 1312 3079 sensus
1355 3025 1462 3078 nisi
1499 3019 1888 3078 misericordia:
1940 3021 2032 3075 Dei
2075 3035 2161 3075 sa-

569 3110 740 3166 lutem
772 3111 924 3165 navis
948 3114 1215 3168 ascribet.
1269 3113 1376 3167 Sed
1405 3129 1472 3168 ne
1498 3113 1598 3183 ipsi
1626 3113 1843 3182 quidem
1877 3121 2051 3166 nautae
2081 3107 2162 3164 vel

2273 1906 2542 1977 σωτηρίας
2578 1907 2976 1965 πολλαπλάσιὸν
3009 1913 3156 1967 ἐστιν
3188 1915 3266 1978 εἰς
3309 1917 3618 1991 ὑπερϐολὴν
3657 1922 3712 1975 τὺ
3747 1924 3843 1974 ἀπὸ

2269 1997 2362 2050 τοῦ
2405 1997 2538 2052 Θεοῦ
2587 2000 2680 2053 τοῦ
2733 2002 2841 2055 ἀπὸ
2881 2002 2974 2056 τοῦ
3023 2002 3106 2074 ἐφ’
3149 2008 3285 2077 ἡμῖν
3317 2025 3330 2038 ·
3389 2009 3580 2083 διόπερ
3621 2013 3844 2085 ἡγοῦμαι

2269 2090 2521 2157 λέγεσθαι
2550 2093 2631 2158 τὸ,
2669 2114 2685 2145 ι
2723 2094 2798 2155 Ού
2827 2095 2920 2148 τοῦ
2953 2096 3198 2162 θέλοντος
3218 2140 3232 2164 ,
3263 2101 3386 2155 οὐδὲ
3420 2103 3512 2156 τοῦ
3555 2099 3842 2176 τρέχοντος,

2269 2184 2404 2238 ἀλλὰ
2443 2185 2536 2240 τοῦ
2589 2185 2866 2251 ἐλεοῦντος
2909 2188 3065 2243 Θεοῦ.
3111 2208 3129 2242 ›
3157 2193 3218 2245 Εἰ
3251 2194 3358 2265 γὰρ
3388 2195 3464 2259 ὡς
3492 2197 3684 2251 ἐκεῖνοι
3717 2198 3844 2251 ὑπο-

2268 2276 2600 2348 λαμϐάνουσι
2631 2279 2710 2333 δεῖ
2735 2281 3098 2353 ἐκλαμϐάνειν
3149 2283 3231 2349 τὺ,
3277 2305 3295 2336 ι
3331 2287 3404 2339 Οὐ
3449 2287 3543 2341 τοῦ
3591 2287 3844 2354 Θέλοντος,

2267 2371 2389 2425 οὐδὲ
2437 2371 2528 2426 τοῦ
2593 2373 2890 2446 τρέχοντος,
2947 2374 3081 2429 ἀλλὰ
3131 2376 3225 2430 τοῦ
3278 2377 3554 2444 ἐλεοῦντος
3603 2380 3734 2434 Θεοῦ
3761 2423 3776 2445 ,
3826 2404 3842 2434 ι

2269 2465 2522 2536 περισσαὶ
2553 2466 2609 2519 αῖ
2639 2466 2883 2534 ἐντολαὶ,
2923 2467 3017 2520 καὶ
3061 2467 3238 2540 μάτην
3267 2470 3295 2521 ὁ
3339 2470 3549 2534 Παῦλος
3588 2471 3746 2535 αὐτὸς
3767 2474 3846 2524 αἰ-

2268 2557 2451 2611 τιᾶται
2484 2575 2638 2621 τινας
2701 2557 2777 2623 ὡς
2823 2561 3352 2630 παραπεπτωκότας,
3394 2562 3487 2614 καὶ
3538 2563 3850 2634 ἀποδέχεταί

2267 2667 2416 2714 τινας
2437 2650 2512 2714 ὡς
2542 2652 3103 2724 κατωρθωκότας,ηκαὶ
3145 2653 3426 2722 νομοθετεῖ
3463 2657 3583 2718 ταῖς
3625 2654 3848 2725 Ἐκκλη-

2269 2741 2444 2805 σίαις,
2487 2742 2606 2812 εἰκῆ
2647 2743 2705 2796 δὲ
2745 2745 2836 2796 καὶ
2866 2745 3029 2814 ἡμεῖς
3071 2743 3380 2815 ἐπιδίδομεν
3411 2746 3638 2810 ἑαυτοὺς
3677 2747 3769 2800 ἐπὶ
3795 2747 3852 2800 τὸ

2269 2833 2441 2888 Θέλειν
2474 2835 2541 2888 τὰ
2573 2835 2849 2906 κρείττονα
2867 2876 2881 2900 ,
2917 2837 3042 2907 εἰκῆ
3068 2836 3124 2890 δέ
3150 2837 3242 2890 καὶ
3269 2838 3360 2890 ἐπ)⁸
3384 2838 3444 2890 τὸ
3467 2837 3679 2910 τρέχειν
3698 2856 3710 2869 ·
3742 2840 3850 2892 ἀλλ’

2266 2926 2326 2980 ού
2374 2927 2547 2996 μάτην
2590 2929 2618 2980 ὁ
2660 2925 2868 2992 Παῦλος
2915 2927 3040 2982 τάδε
3091 2927 3447 2999 συμϐουλεύει
3517 2931 3612 2984 καὶ
3669 2930 3850 2984 τούσδε

2269 3015 2564 3086 μέμφεται,
2651 3017 2746 3070 καὶ
2812 3015 3001 3069 τούσδε
3061 3017 3438 3088 ἀποδέχεται·
3494 3020 3618 3075 ούδέ
3681 3022 3852 3094 μάτην

2268 3109 2429 3178 ἡμεῖς
2483 3107 2788 3178 ἐπιδίδομεν
2839 3109 3062 3172 ἑαυτοὺς
3106 3109 3183 3180 τῷ
3223 3110 3396 3166 θέλειν
3441 3113 3509 3165 τὰ
3552 3114 3851 3185 κρείττονα,

567 3205 897 3271 gubernator
929 3204 1132 3258 audent
1160 3204 1381 3258 dicere:
1417 3204 1530 3276 Ego
1558 3204 1763 3258 salvavi
1804 3218 2032 3262 navem;
2057 3205 2150 3257 sed

2275 3201 2354 3255 ιαὶ
2391 3199 2470 3272 τῷ
2513 3199 2762 3255 σπεύδειν
2793 3201 2884 3253 ἐπὶ
2925 3201 2992 3255 τὰ
3028 3202 3370 3274 διαφέροντα.
3423 3205 3538 3258 υύκ
3578 3206 3686 3278 ἄρα
3713 3207 3853 3259 ἐκεῖ·

572 3303 744 3350 totum
774 3295 842 3349 ad
891 3294 985 3349 Dei
1034 3295 1465 3350 misericordiam
1512 3295 1798 3364 referunt;
1850 3311 1959 3348 non
2004 3296 2147 3364 quod

2256 3310 2337 3348 νοι⁹
2362 3292 2541 3355 καλῶς
2569 3291 2880 3364 ἐξειλήφασι
2915 3293 2982 3346 τὰ
3011 3294 3150 3348 κατὰ.
3179 3295 3266 3350 τὸν
3298 3296 3483 3352 τόπον.

574 3388 818 3441 sentiant
849 3403 906 3442 se
945 3389 1080 3442 nihil
1105 3389 1170 3444 ad
1205 3389 1524 3444 salvandum
1583 3405 1773 3444 navem
1823 3389 1905 3445 vel
1931 3391 2066 3446 artis
2094 3389 2413 3445 adhibuisse
2450 3389 2532 3443 vel
2573 3388 2797 3454 laboris,
2835 3389 2928 3443 sed
2959 3389 3102 3458 quod
3143 3392 3322 3445 sciant
3363 3409 3393 3446 a
3426 3409 3486 3448 se
3533 3395 3753 3464 quidem
3783 3396 3858 3448 la-

581 3483 794 3548 borem,
827 3483 1057 3538 salutem
1099 3499 1280 3540 veroa
1310 3485 1422 3539 Deo
1461 3488 1757 3556 praestitam
1787 3488 1930 3541 navi.
1972 3486 2048 3540 lta
2083 3487 2248 3540 etiam
2282 3485 2332 3538 in
2367 3492 2566 3539 nostra:
2595 3484 2719 3538 vitae
2745 3499 2904 3540 cursu
2941 3500 2970 3538 a
3004 3486 3163 3541 nobis
3199 3488 3421 3557 quidem
3457 3490 3854 3560 dependendus

582 3586 669 3632 est
699 3577 874 3642 labor,
905 3587 960 3631 et
1011 3578 1250 3634 studium
1301 3588 1463 3649 atque
1500 3579 1763 3634 industria
1805 3579 2150 3646 adhibenda;
2200 3579 2404 3634 laboris
2437 3579 2608 3634 nostri
2652 3591 2780 3634 vero
2813 3576 3024 3632 fructus
3053 3592 3081 3631 a
3106 3580 3214 3633 Deo
3264 3582 3534 3648 speranda
3565 3589 3649 3637 est
3686 3583 3856 3636 salus.

577 3669 839 3740 Alioquin
863 3669 907 3724 si
933 3670 1065 3724 nihil
1089 3671 1259 3724 nostri
1289 3672 1470 3740 operis
1496 3673 1759 3738 exposcit,
1789 3669 2060 3738 superﬂua
2083 3669 2272 3738 utique
2297 3668 2627 3723 videbuntur
2643 3681 2765 3722 esse
2793 3669 3083 3733 mandata;
3111 3668 3309 3723 frustra
3328 3669 3494 3725 etiam
3523 3672 3638 3741 ipse
3657 3671 3860 3727 Paulus

573 3763 762 3832 culpat
785 3764 1046 3832 quosdam
1075 3762 1349 3817 decidisse
1371 3780 1398 3818 a
1435 3766 1688 3826 veritate,
1725 3772 1778 3816 et
1804 3763 2073 3840 collaudat
2096 3761 2230 3816 alios
2255 3770 2461 3815 stantes
2485 3761 2539 3815 in
2572 3761 2709 3827 ﬁde;
2738 3769 3009 3830 praecepta
3033 3761 3278 3830 quadam
3312 3773 3366 3818 et
3391 3763 3638 3818 instituta
3666 3777 3732 3816 ex
3759 3778 3858 3819 su-

570 3853 778 3922 perfluo
804 3854 968 3908 tradit
995 3854 1289 3924 Eeclesiis;
1317 3855 1516 3910 frustra
1543 3857 1706 3910 etiam
1735 3871 1833 3911 nos
1856 3856 1958 3925 ipsi
1985 3853 2069 3908 vel
2099 3853 2348 3907 volumus
2374 3853 2458 3907 vel
2484 3855 2758 3909 currimus
2779 3855 2847 3909 ad
2874 3855 3035 3908 bona.
3067 3853 3423 3924 Sedgccrtum
3444 3865 3529 3911 est
3560 3855 3708 3925 quod
3739 3857 3860 3913 hmc

581 3948 785 4004 frustra
817 3963 923 4002 non
955 3949 1113 4015 ﬁunt,
1143 3960 1200 4004 et
1229 3961 1440 4004 certum
1473 3960 1558 4005 est
1587 3953 1732 4020 quod
1775 3965 1874 4006 nec
1904 3948 2129 4018 apostoli
2177 3947 2376 4002 frustra
2407 3948 2750 4017 praecipiunt,
2783 3963 2884 4002 nec
2920 3947 3182 4001 Dominus
3218 3947 3336 4002 sine
3367 3963 3534 4004 causa
3563 3951 3656 4004 dat
3684 3951 3857 4024 leges.

579 4040 842 4111 Superest
871 4055 1002 4110 ergo
1037 4053 1098 4097 ut
1125 4043 1543 4112 pronuntiemus
1567 4047 1709 4112 quod
1743 4045 1916 4116 magis
1946 4043 2105 4098 bouis
2137 4041 2298 4096 dictis
2329 4041 2565 4096 haeretici
2601 4039 2798 4095 frustra
2831 4039 2941 4112 (87)
2983 4039 3314 4094 calumniam
3348 4038 3576 4097 faciant.

613 4134 991 4206 132l9.l’ost
1011 4137 1520 4206 hmciusequebatur
1540 4139 1630 4192 illa
1651 4141 1878 4209 quaestio
1893 4139 2149 4208 quoniam

575 4247 596 4279 ι
633 4239 687 4282 et
721 4228 856 4281 velle
883 4237 936 4282 et
959 4229 1222 4297 perlicere
1245 4244 1310 4282 ex
1335 4229 1441 4283 Deo
1473 4229 1585 4298 (88)
1608 4231 1772 4285 est".
1811 4250 1829 4283 ι
1859 4230 1924 4285 Et
1954 4230 2145 4284 aiunt:

570 4321 627 4377 Si
659 4337 722 4377 ex
753 4321 863 4375 Deo
899 4328 984 4375 est.
1011 4321 1170 4388 velle,
1215 4330 1270 4376 et
1299 4337 1363 4375 ex
1400 4323 1508 4377 Deo
1554 4332 1637 4377 est
1681 4322 1980 4394 perﬁcere;
2030 4323 2146 4376 sive

2329 4137 2475 4207 Πρὸς
2527 4135 2736 4200 τούτοις
2764 4130 2832 4207 ἦν
2851 4153 2865 4165 ·
2929 4155 2945 4186 ι
2980 4135 3052 4188 Τὸ
3084 4135 3258 4194 θέλειν
3287 4137 3382 4190 καὶ
3412 4137 3472 4190 τὸ
3503 4140 3750 4211 ἐνεργεῖν
3796 4143 3867 4194 ἐκ

2256 4230 2348 4284 τοῦ
2374 4230 2510 4284 Θεοῦ
2539 4233 2677 4284 ἐστι.
2707 4251 2724 4281 ι
2746 4231 2856 4285 Καὶ
2871 4231 3002 4301 φασί
3027 4247 3171 4294 τινες
3191 4247 3204 4261 ·
3240 4232 3302 4284 El
3327 4218 3438 4303 (89)
3464 4233 3572 4286 ἀπὺ
3593 4234 3687 4288 τοῦ
3717 4234 3864 4289 Θεοῦ

2253 4322 2535 4389 τὸθέλειν,
2577 4323 2670 4376 καὶ
2709 4324 2814 4376 ἀπὸ
2841 4322 2932 4376 τοῦ
2972 4322 3106 4376 Θεοῦ
3136 4323 3194 4376 τὸ
3217 4323 3481 4395 ἐνεργεῖν,
3524 4325 3626 4380 κᾶν
3668 4327 3868 4391 κακῶς

1799 4435 2368 4492 INTERPRETATIO
2407 4435 2616 4492 NOVA.

533 4519 544 4530 ’
585 4603 600 4605 _
641 4532 730 4587 l9.
786 4531 976 4605 Postea
1043 4535 1374 4602 sequebatur
1407 4533 1536 4588 illud
1576 4553 1588 4589 :
1633 4553 1650 4586 ι
1703 4535 1848 4590 Velle
1878 4545 1934 4590 et
1961 4537 2230 4605 perﬁcere
2263 4552 2328 4590 ex
2363 4535 2472 4589 Deo
2522 4544 2623 4588 est.
2671 4555 2689 4586 ι
2732 4536 2797 4590 Ει
2836 4536 3021 4589 dicunt
3069 4535 3286 4605 quidam
3324 4551 3337 4588 :
3377 4533 3434 4588 Si
3480 4535 3619 4605 velle
3645 4544 3698 4590 et
3729 4551 3870 4605 per-

571 4603 738 4658 licere
760 4617 825 4656 ex
855 4604 963 4656 Deo
993 4613 1110 4677 est.
1129 4621 1222 4677 seu
1260 4605 1399 4677 male
1444 4606 1807 4663 velimus.seu
1841 4603 1981 4660 male
2020 4609 2148 4676 quid
2182 4623 2408 4677 agamus
2436 4646 2450 4666 ,
2479 4621 2506 4659 a
2545 4606 2654 4659 Deo
2701 4607 2813 4660 hate
2864 4608 3021 4660 nobis
3077 4603 3444 4677 contigerunt.
3483 4604 3637 4671 Quod
3679 4603 3744 4677 si
3785 4609 3866 4660 ita

573 4683 1029 4746 est,_nonsnnu_ts
1061 4675 1237 4729 liberi.
1269 4674 1334 4729 Et
1362 4690 1575 4740 rursus,
1618 4691 1741 4731 cum
1784 4679 1920 4731 bona
1954 4674 2204 4732 volumus
2223 4674 2298 4731 "et
2329 4677 2707 4745 prwstantiora
2760 4679 3094 4746 perlicimns,
3135 4674 3391 4745 quoniam
3441 4693 3460 4725 ι
3496 4685 3559 4746 et
3603 4676 3746 4730 velle
3803 4688 3875 4730 et

567 4744 830 4812 perlicere
853 4759 917 4816 ex
961 4742 1066 4798 Deo
1104 4755 1207 4808 est,
1240 4763 1258 4795 ι
1290 4761 1394 4799 ιιοιι
1425 4762 1523 4801 nos
1562 4749 1936 4815 prtestautiora
1973 4742 2434 4816 perfeciums,'scd
2455 4748 2717 4816 perlicere
2743 4742 2844 4801 visi
2877 4742 3094 4813 sumus;
3132 4742 3244 4800 haec
3275 4745 3636 4816 autemADeus
3664 4747 3820 4799 dedit
3851 4765 3874 4810 ;

567 4827 736 4894 quare
769 4828 869 4897 nec
905 4815 956 4866 in
999 4829 1064 4868 eo
1105 4830 1293 4896 sumus
1331 4817 1512 4897 liberi.
1557 4814 2264 4897 Respomleudum_estnon
2309 4814 2519 4897 dixisse
2551 4818 2866 4897 Apostolum
2902 4818 3038 4872 velle
3081 4820 3222 4897 mala
3267 4823 3358 4868 aut
3393 4814 3554 4897 velle
3597 4817 3880 4897 bonane;

572 4884 700 4936 item
742 4883 959 4937 meliora
991 4895 1083 4938 aut
1115 4885 1298 4953 pejora
1328 4886 1506 4941 facere
1537 4901 1602 4941 ex
1636 4887 1744 4940 Deo
1777 4903 1914 4951 esse,
1945 4890 2037 4941 sed
2072 4889 2326 4942 universe
2365 4888 2500 4942 velle
2521 4897 2575 4941 et
2601 4883 2874 4942 ‘universe
2905 4903 3148 4942 currere.
3182 4885 3652 4952 Quemadmodum
3704 4888 3877 4941 enim

575 4967 606 5004 a
635 4953 744 5006 Dco
781 4953 1045 5008 habemus
1092 4958 1235 5024 Quod
1273 4957 1553 5023 animalia,
1583 4958 1727 5028 quod
1757 4959 2010 5014 homines
2051 4973 2264 5023 sumus,
2319 4960 2391 5012 ita
2436 4959 2583 5029 quod
2630 4958 2956 5029 generatim,
2989 4968 3048 5013 ut
3078 4960 3146 5012 ita
3182 4958 3384 5022 dicam,
3408 4955 3683 5021 volumus,
3705 4970 3880 5026 quOJ

645 5066 687 5099 “
720 5066 738 5120 l
770 5067 896 5122 Cor.
933 5084 1015 5135 ιιι,
1055 5069 1109 5135 6,
1149 5071 1198 5126 7.
1277 5073 1321 5104 ⁸¹
1349 5071 1543 5143 Philip.
1578 5089 1639 5138 ιι,
1679 5073 1765 5127 15.

645 5157 756 5228 (84)
791 5158 884 5211 Sic
910 5175 1040 5215 mss.
1067 5162 1250 5227 Alias,
1286 5181 1303 5213 ι
1337 5165 1722 5218 convenienter
1761 5163 1913 5218 dicit.
1947 5180 1966 5213 ι
2000 5160 2142 5214 lufra
2179 5160 2222 5213 D
2251 5160 2394 5226 quod
2428 5159 2624 5213 sciant.
2660 5178 2677 5212 ι
2702 5157 2858 5212 Libb.
2881 5156 3071 5228 editae
3109 5157 3202 5212 sed
3232 5159 3492 5227 quoniam
3517 5160 3710 5217 sentit.
3758 5178 3782 5213 ι

572 5229 706 5284 libb.
737 5229 890 5293 editi,
923 5247 942 5281 ι
976 5247 1135 5285 nemo
1157 5238 1244 5301 pie
1271 5242 1324 5286 et
1349 5236 1738 5290 convenienter
1769 5234 1933 5288 dicet.
1967 5250 1985 5284 ι
2018 5232 2144 5286 Mss.

571 5313 631 5356 ut
660 5302 711 5353 in
742 5307 927 5353 nostro
963 5312 1136 5355 textu.

639 5371 750 5442 (85)
781 5367 839 5423 Si
868 5374 1103 5442 quando
1158 5381 1331 5442 tamen
1387 5383 1571 5428 vexata
1639 5376 1816 5430 undis.
1887 5375 1961 5428 lta
2015 5387 2146 5427 mss.

569 5441 741 5517 Alias,
779 5459 797 5491 ι
834 5441 1096 5517 si_tamen
1143 5441 1312 5517 navis
1332 5447 1511 5498 undis.
1559 5465 1578 5497 ι
1628 5446 1800 5500 Paulo
1842 5455 1964 5517 post
2016 5443 2148 5497 libb.

565 5510 721 5588 editi,
759 5529 777 5562 ι
814 5512 906 5565 sed
935 5526 1001 5588 ne
1029 5511 1402 5588 ipsequidetn
1452 5526 1616 5588 nauta
1671 5518 1754 5571 vel
1819 5510 2150 5588 g'ubernator

566 5581 841 5652 audet.....
879 5582 953 5652 ad
995 5582 1424 5636 misericordiam
1483 5587 1575 5640 Dei
1636 5581 1966 5642 refert'non
2003 5584 2147 5652 quod

565 5651 788 5706 sentiat.
817 5669 832 5702 ι
875 5650 1002 5706 Mss.
1029 5661 1084 5706 ut
1112 5653 1160 5705 in
1188 5664 1372 5709 IIOSll‘O
1400 5662 1568 5709 textu.
1597 5658 1796 5714 Ibidem
1828 5674 1956 5711 mss.
2001 5650 2032 5706 ἱ
2049 5655 2146 5709 sed

2332 5230 2444 5298 (86)
2489 5231 2580 5284 Sic
2613 5241 2760 5285 recte
2792 5244 2922 5282 mss.
2956 5225 3113 5298 Lib‘b.
3141 5225 3270 5282 editi
3306 5230 3472 5294 male,
3502 5229 3581 5284 τό.

2320 5305 2432 5375 (87)
2467 5301 2560 5375 Sic
2588 5317 2719 5354 mss.
2763 5298 2922 5354 Libb.
2967 5297 3125 5362 editi,
3163 5317 3179 5349 ι
3219 5311 3277 5353 ιιι
3310 5301 3511 5370 magis,
3541 5320 3561 5354 ι
3594 5309 3649 5356 et
3678 5302 3886 5357 omit.—

2249 5372 2370 5429 lunt
2407 5392 2422 5422 ι
2465 5372 2690 5428 frustra.
2728 5389 2747 5422 ι

2322 5446 2435 5515 (88)
2469 5445 2546 5496 Ita
2581 5458 2712 5515 mss.
2744 5439 2918 5515 Alias,
2948 5458 2966 5489 ι
3003 5448 3152 5515 esset
3181 5454 3248 5493 ex
3274 5440 3411 5497 Deo.
3454 5458 3472 5492 ι
3515 5439 3685 5515 Paulo
3724 5452 3886 5515 post

2247 5509 2380 5570 mss.
2409 5509 2427 5564 ἆ
2465 5522 2558 5567 aut
2589 5511 2728 5568 velle
2763 5511 2901 5568 bona
2932 5525 2998 5566 ex
3028 5509 3140 5566 Deo
3168 5519 3287 5580 est,
3329 5530 3347 5562 ι
3381 5526 3506 5582 quae
3532 5509 3736 5567 desunt
3801 5512 3886 5567 in

2249 5597 2406 5641 antea
2438 5585 2626 5640 editis.

2320 5655 2432 5728 (89)
2457 5657 2539 5710 Εἰ.
2571 5657 2730 5711 Deest
2763 5654 2813 5708 in
2851 5661 3007 5709 antea
3031 5652 3212 5719 editis,
3238 5649 3332 5710 sed
3365 5651 3597 5709 habetur
3620 5653 3672 5705 in
3712 5667 3893 5713 mss.
