3988 6418
574 347 680 400 295

1813 339 2135 398 ORIGE‘NIS
2168 343 2327 396 ΠΕΡΙ
2369 344 2598 396 ΑΡΧΩΝ

3726 341 3824 399 ἓθῦ

575 457 851 515 contraria
885 455 1172 527 proloqui?
1199 453 1351 520 Quod
1387 456 1430 510 si
1465 455 1568 510 hoc
1599 454 1790 510 sentiri
1823 472 1928 510 non
1967 463 2136 526 potest

2245 459 2294 510 εἰ
2320 456 2542 511 δύναται
2572 458 2702 528 περὶ
2741 456 2834 511 τοῦ
2893 457 3214 513 Ἀποστόλου
3245 458 3386 513 νοεῖν
3425 460 3502 524 ὡς
3548 458 3822 536 μαχδμενα

574 553 642 608 de
660 551 941 621 Apostolo,
975 550 1245 618 quomodo
1273 548 1546 604 videbitur
1571 550 1869 610 secundum
1899 551 2142 622 istosju-

573 655 655 700 ste
683 645 906 713 culpare
939 657 1032 696 eos
1068 642 1160 710 qui
1205 642 1258 694 in
1285 641 1551 694 Corintho
1587 639 1840 695 fornicati
1874 651 2020 708 sunt,
2059 643 2143 697 vel

571 751 666 792 eos
692 735 783 806 qui
815 735 1162 803 deliquerunt
1193 743 1244 788 et
1271 733 1646 802 pmnitentiam
1682 750 1786 788 non
1824 745 2050 804 egerunt
2075 737 2141 790 ab

571 823 907 892 impudicitia
962 832 1016 875 et
1065 821 1434 878 fornicatione
1477 832 1532 876 et
1581 823 1925 878 immunditia
1981 839 2140 893 quam

569 913 893 984 gesserunt?
921 912 1205 979 Quomodo
1237 915 1404 967 etiam
1439 915 1719 970 collaudat
1753 931 1846 970 eos
1874 917 1963 985 qui
2001 929 2143 971 recte

567 1013 812 1073 egerunt,
865 1004 1010 1058 sicut
1059 1003 1386 1073 Onesiphori
1413 1006 1634 1058 domum
1667 1045 1684 1071 ,
1718 1007 1906 1060 dicens
1946 1024 1958 1059 :
1995 1023 2014 1058 ι
2047 1007 2144 1061 Det

567 1105 748 1149 autem
779 1096 1040 1150 Dominus
1074 1095 1508 1150 misericordiam
1541 1097 1654 1166 (95)
1685 1095 2010 1166 Onesiphori
2041 1101 2142 1151 dou

568 1190 702 1252 mui,
737 1189 860 1257 quia
895 1188 1215 1256 frequenter
1257 1204 1340 1242 me
1394 1187 1772 1258 refrigeravit,
1806 1199 1860 1244 et
1889 1199 2138 1244 catenam

569 1292 747 1330 meam
773 1293 880 1330 non
909 1279 1156 1344 erubuit;
1199 1279 1291 1330 sed
1315 1293 1434 1330 cum
1467 1277 1694 1331 Romam
1721 1279 1974 1339 venisset,
1997 1278 2152 1331 solli-v

565 1371 677 1424 cite
711 1369 1000 1438 requisivit
1029 1383 1138 1432 me,
1171 1378 1224 1423 et
1249 1369 1485 1422 invenit.
1523 1368 1622 1420 Det
1653 1369 1726 1420 illi
1761 1369 2022 1421 Dominus
2055 1369 2140 1420 iu-

563 1461 753 1515 venire
779 1461 1212 1514 misericordiam
1245 1459 1382 1528 apud
1415 1460 1705 1514 Dominmn
1735 1459 1787 1512 in
1817 1459 1907 1512 illo
1933 1458 2135 1512 ἀίξαι.»

565 1552 684 1607 Νοιι
714 1569 846 1623 ergo
877 1565 959 1608 est
993 1553 1304 1622 apostolica:
1335 1553 1622 1622 gravitatis
1653 1551 1880 1619 culpare
1919 1552 2138 1619 quidem

561 1659 686 1698 eum
717 1646 807 1714 qui
841 1644 996 1712 culpa
1042 1645 1236 1712 dignus
1269 1653 1369 1702 est.
1398 1643 1450 1696 id
1499 1651 1581 1697 est
1617 1641 1710 1712 qui
1770 1643 2036 1710 peccavit,
2087 1652 2141 1695 et

565 1735 882 1788 eollaudare
921 1749 1043 1788 eum
1093 1733 1187 1804 qui
1245 1731 1404 1786 laude
1460 1733 1656 1802 dignus
1705 1741 1788 1786 est
1835 1747 1932 1800 pro
1973 1745 2140 1800 opere

563 1827 730 1890 bono,
793 1835 848 1879 et
909 1841 1124 1879 rursum
1191 1811 1447 1891 tauquam
1510 1823 1563 1876 in
1621 1823 1822 1876 nullius
1857 1825 1926 1877 sit
1985 1808 2210 1892 pote-B

562 1929 706 1974 state
725 1917 838 1988 (94)
873 1931 1034 1986 agere
1068 1915 1274 1984 aliquid
1307 1916 1434 1970 boni
1463 1914 1544 1970 vel
1579 1914 1732 1978 mali,
1770 1916 1953 1968 dicere
1979 1913 2142 1969 Crea-

566 2010 706 2063 toris
735 2023 856 2063 esse
885 2022 1042 2075 Opus,
1079 2013 1140 2059 ut
1171 2006 1542 2075 unusquisque
1581 2005 1660 2058 vel
1711 2007 1847 2058 bene
1877 2015 2003 2072 agat
2051 2005 2137 2058 Vel

559 2099 722 2161 male,
761 2115 881 2152 cum
909 2097 1055 2151 aliud
1083 2097 1148 2150 ad
1181 2099 1442 2151 honorem
1479 2112 1577 2151 vas
1625 2095 1788 2150 faciat
1815 2137 1828 2160 ,
1877 2097 2021 2150 aliud
2067 2097 2132 2148 ad

557 2189 971 2244 contumeliam.
1009 2187 1292 2254 Quomodo
1323 2199 1502 2242 autem
1547 2188 1680 2242 illud
1719 2203 1939 2257 quoque
1982 2189 2134 2244 addit

558 2281 686 2348 quia
715 2296 736 2332 ι
775 2293 968 2332 omnes
991 2294 1090 2333 nos
1121 2290 1269 2332 stare
1309 2289 1526 2347 Oportet
1553 2289 1680 2334 ante
1713 2279 1950 2333 tribunal
1979 2279 2130 2336 Chri-

559 2373 652 2436 sti,
683 2382 740 2424 ιιι
769 2371 999 2439 recipiat
1019 2373 1392 2440 unusquisque
1419 2383 1664 2425 nostrum
1693 2373 1742 2425 in
1774 2387 2007 2440 corpore
2037 2388 2134 2427 suo

557 2473 720 2534 prout
744 2463 931 2532 gessit,
959 2464 1074 2516 sive
1093 2465 1292 2517 bonum
1317 2463 1430 2517 sive
1459 2465 1656 2516 malum
1671 2463 1756 2517 ‘5?
1793 2483 1810 2514 i
1839 2465 1967 2530 Qua:
1990 2466 2130 2518 enim

558 2559 684 2612 boni
716 2559 998 2613 retributio
1029 2559 1078 2613 ei
1099 2559 1214 2627 ,ιιιιί
1249 2558 1450 2611 malum
1481 2557 1658 2611 facere
1695 2572 1799 2610 non
1832 2567 2028 2626 νοῑυιι,
2064 2558 2130 2610 ad

558 2651 662 2705 hoc
715 2651 885 2718 ipsum
941 2665 970 2703 a
1021 2649 1283 2716 Creatore
1327 2647 1637 2703 formatus?
1669 2649 1752 2704 vel
1791 2662 1912 2718 qua:
1969 2663 2130 2717 poena

557 2743 722 2812 digne
755 2743 1088 2812 irrogabitur
1125 2744 1171 2796 ei
1200 2743 1291 2812 qui
1318 2742 1516 2796 bonum
1551 2741 1734 2796 facere
1751 2757 1817 2796 ex
1849 2744 1963 2810 ipsa
1995 2757 2132 2797 con-

556 2835 750 2890 ditoris
786 2835 868 2889 sui
905 2836 1185 2888 creatione
1213 2850 1317 2888 non
1347 2833 1560 2903 potuit?
1593 2832 1728 2886 Tum
1763 2833 1960 2887 deinde
1992 2847 2132 2901 quo-

556 2928 716 2982 modo
763 2943 869 2982 non
923 2929 1262 2982 contrarium
1323 2939 1408 2980 est
1473 2927 1600 2980 huic
1651 2925 1940 2979 assertioui
2001 2925 2132 2978 illud

552 3019 700 3090 quod
729 3019 855 3074 alibi
887 3021 1020 3074 dicit
1046 3039 1060 3073 :
1092 3037 1110 3070 ι
1137 3021 1197 3074 lu
1223 3020 1383 3073 domo
1407 3029 1587 3072 autem
1617 3017 1775 3089 134
1801 3031 1994 3088 magna
2023 3031 2129 3070 non

553 3123 679 3166 sunt
739 3112 1114 3166 tantummodo
1167 3126 1298 3165 vasa
1325 3125 1490 3164 aurea
1523 3122 1578 3163 et
1612 3123 1866 3178 argentea
1891 3149 1906 3172 ,
1956 3109 2049 3162 sed
2077 3117 2132 3162 et

555 3202 737 3269 lignea
789 3209 844 3255 et
901 3201 1139 3268 ﬁctilia,
1213 3200 1317 3252 alia
1374 3199 1592 3267 quidem
1675 3202 1742 3252 ad
1831 3199 2128 3264 honorem,

555 3293 662 3345 alia
713 3303 894 3346 autem
947 3292 1012 3346 ad
1051 3290 1461 3346 contumeliam.
1507 3291 1562 3344 Si
1611 3306 1740 3359 ergo
1771 3291 1896 3358 quis
1939 3307 2129 3345 emun-

555 3385 774 3438 daverit
831 3384 1188 3452 semetipsum
1249 3383 1317 3438 ab
1375 3382 1494 3448 his,
1547 3382 1648 3438 erit
1697 3397 1791 3437 vas
1831 3385 1895 3436 ad
1958 3385 2129 3438 hono-

557 3493 709 3545 rem,
757 3477 1179 3542 sanctiﬁcatum,
1227 3483 1280 3530 et
1329 3475 1464 3529 utile
1507 3475 1770 3538 Domino,
1837 3477 1900 3529 ad
1965 3493 2126 3530 omne

555 3583 692 3638 opus
751 3569 950 3620 bonum
1000 3577 1252 3636 paratum
1275 3567 1320 3598 ³⁸
1355 3567 1378 3620 ?
1409 3587 1426 3618 ι
1495 3565 1635 3636 Ergo
1678 3567 1771 3635 qui
1821 3581 1880 3620 se
1932 3581 2125 3620 emun-

555 3660 792 3722 daverit,
825 3657 1056 3713 cﬂieitur
1085 3675 1184 3715 vas
1217 3660 1282 3715 ad
1313 3660 1614 3724 honorem;
1663 3661 1755 3728 qui
1800 3667 1979 3713 autem
2026 3659 2127 3712 iiii-

557 3751 854 3805 mumlitias
882 3765 1009 3804 suas
1039 3749 1152 3820 (95)
1185 3765 1421 3821 purgare
1453 3752 1860 3819 contempserit,
1897 3749 2127 3804 etiicitur

559 3861 660 3902 vas
698 3845 766 3898 ad
799 3837 1210 3898 contumeliam.
1249 3843 1328 3898 Ex
1371 3844 1567 3913 quibus
1617 3842 1904 3897 sententiis
1961 3842 2126 3896 nulla-

557 3946 750 4002 tenus,
806 3944 864 3991 ut
889 3937 1108 4006 opinor,
1143 3949 1310 3990 causa
1357 3943 1632 4004 gestorum
1683 3935 1751 3988 ad
1809 3933 2126 3987 Creatorem

2245 549 2422 620 ὲαυτῷ
2469 549 2732 618 λέγοντος·
2776 551 2876 620 οὐχ
2923 550 3160 622 ἡγοῦμαι
3209 551 3268 604 δὲ
3322 552 3403 604 ὅτι
3441 551 3702 624 τολμήσει
3744 571 3822 616 τις

2243 642 2400 695 τοῦτο
2438 645 2629 696 εἰπεῖν.
2662 645 2722 695 Ei
2751 642 2930 695 τοίνυν
2955 643 3027 713 μὴ
3058 643 3276 696 ἐναντία
3301 643 3479 714 ἐαυτῷ
3506 646 3535 697 ὁ
3581 645 3822 700 Ἀπόστο-

2244 734 2332 796 λος
2363 735 2678 804 φθέγγεται,
2717 733 2835 796 πῶς
2861 733 3000 787 κατὰ
3029 736 3118 787 τὸν
3139 735 3314 799 οὕτως
3342 736 3702 807 ἐκδεξάμενον
3739 739 3822 790 εὑ-

2244 825 2416 894 λόγως
2447 827 2688 878 αἰτιᾶται
2731 826 3081 896 μεμφόμενος
3103 828 3194 880 τὸν
3223 830 3282 880 ὲν
3330 825 3580 900 Κορίνθῳ
3619 849 3810 904 πεπορ-

2244 917 2540 986 νευκῦτα,ῆ
2565 917 2692 978 τοὺς
2713 919 3222 986 παραπεπτωκῦτας
3245 919 3430 992 καὶμὴ
3459 923 3822 992 μετανοήσαν-

2243 1025 2340 1070 τας
2376 1009 2470 1060 ἐπὶ
2507 1009 2571 1076 τῇ
2611 1007 2868 1078 ἀσελγείᾳ
2913 1008 3006 1060 καὶ
3053 1008 3294 1079 ἀκρασία
3338 999 3637 1082 ᾖ”ἕπραξαν
3662 1027 3676 1075 ;
3704 1011 3822 1074 Πῶς

2241 1099 2296 1152 δὲ
2325 1099 2538 1168 εὑλογεῖ
2567 1099 2641 1162 ὡς
2665 1095 2722 1152 εὖ
2751 1099 3118 1168 πεποιηκότας
3135 1099 3230 1162 οὓς
3258 1101 3491 1164 ἐπαινεῖ,
3521 1100 3714 1171 ὥσπερ
3736 1100 3824 1154 τὸν

2256 1192 2606 1262 Ὀνησιφόρου
2631 1187 2800 1254 οἶκον,
2838 1191 3028 1259 λέγων·
3072 1209 3090 1241 ι
3128 1191 3248 1262 Δῲη
3281 1194 3308 1244 ὁ
3339 1191 3538 1263 Κύριος
3573 1193 3722 1255 ἕλεος
3749 1194 3822 1264 τῷ

2255 1287 2610 1355 Ὀνησιφόρου
2641 1285 2798 1352 οἴκῳ,
2823 1285 2903 1336 ὃτι
2936 1283 3194 1347 πολλάκις
3225 1301 3293 1354 με
3315 1284 3570 1353 άνέψυξε,
3603 1285 3698 1336 καὶ
3727 1285 3822 1356 τὴν

2243 1377 2428 1430 ἅλυσίν
2497 1393 2598 1446 μου
2651 1377 2752 1427 οὐκ
2802 1375 3116 1446 ἐπῃσχύνθη
3145 1417 3158 1440 ,
3220 1375 3356 1428 ἀλλά
3407 1379 3702 1446 γενόμενος
3767 1379 3824 1431 ὲν

2253 1466 2437 1538 Ῥώμῃ
2467 1466 2768 1528 σπουδαίως
2796 1465 3030 1536 ἐζήτησε
3082 1483 3148 1537 με
3187 1467 3280 1519 καὶ
3321 1461 3468 1533 εὗρε·
3517 1467 3628 1538 δῴη
3673 1468 3822 1538 αὐτῷ

2241 1560 2269 1610 ὁ
2307 1559 2510 1629 Κύριος
2557 1559 2736 1628 εὑρεῖν
2787 1557 2931 1620 ἕλεος
2971 1557 3122 1626 παρὰ
3162 1557 3367 1629 Κυρίου
3415 1559 3472 1610 ἐν
3519 1559 3704 1630 ἐκείνῃ
3755 1561 3820 1630 τῇ

2241 1647 2444 1718 ἡμέρᾳ.
2489 1666 2506 1697 ι
2539 1647 2612 1699 Οὐ
2645 1647 2787 1699 κατὰ
2825 1647 2914 1700 τὸν
2937 1647 3097 1699 αὑτὸν
3119 1647 3183 1715 δὴ
3231 1646 3554 1700 Ἀπόστολόν
3587 1650 3704 1701 ἐστι
3729 1649 3825 1719 ψὲ-

2243 1756 2360 1808 γειν
2387 1740 2461 1802 ὡς
2486 1736 2634 1802 ἄξιον
2675 1738 2933 1808 μέμψεως
2963 1738 3052 1790 τὸν
3073 1739 3458 1810 ἡμαρτηκότα,
3505 1741 3598 1792 καὶ
3629 1741 3825 1794 ἀποδὲ-

2239 1829 2428 1900 χεσθαι
2452 1831 2527 1892 ὡς
2549 1829 2832 1882 ἐπαινετὸν
2867 1829 2960 1882 τὸν
2990 1823 3048 1882 εὖ
3081 1829 3442 1899 πεποιηκότα’
3479 1829 3644 1883 πάλιν
3683 1831 3727 1883 δ’
3757 1829 3822 1884 αὖ

2237 1922 2312 1984 ὼς
2339 1921 2566 1992 μηδενὸς
2594 1919 2744 1983 ὄντος
2776 1921 2862 1989 ἐφ’
2884 1923 3038 1990 ἡμῖν,
3065 1919 3294 1988 φάσκειν
3335 1917 3486 1991 παρὰ
3523 1922 3622 1991 τὴν
3647 1921 3824 1974 αἰτίαν

2240 2007 2333 2060 τοῦ
2376 2006 2708 2079 δημιουργόῦ
2749 2003 2887 2060 εἶναι
2929 2008 2990 2060 τὸ
3036 2008 3133 2078 μὲν
3171 2007 3362 2071 σκεῦος
3405 2011 3488 2072 εἰς
3522 2010 3719 2080 τιμὴν,
3765 2011 3824 2062 τὸ

2237 2098 2292 2151 δὲ
2335 2100 2416 2160 εἰς
2453 2098 2695 2167 ἀτιμίαν·
2729 2097 2848 2160 πῶς
2887 2097 2982 2164 τὸ,
3011 2115 3029 2149 ι
3059 2098 3199 2160 Τοὺς
3223 2097 3431 2162 πάντας
3459 2101 3608 2170 ἡμᾶς
3647 2117 3825 2171 παρα-

2240 2191 2430 2259 στῆναι
2471 2191 2550 2244 δεί
2581 2189 2890 2262 ἔμπροσθεν
2911 2189 3007 2244 τοῦ
3041 2189 3290 2263 βήματσς
3311 2191 3408 2244 τοῦ
3439 2191 3704 2264 Χριστοῦ,
3739 2193 3826 2245 ἵνα

2237 2282 2530 2354 κομίσηται
2560 2283 2790 2346 ἕκαστος
2823 2282 2891 2335 τὰ
2919 2281 3008 2336 διὰ
3033 2281 3128 2336 τοῦ
3153 2281 3402 2353 σώματος
3430 2284 3571 2354 πρὸς
3596 2284 3634 2338 ὃ.
3661 2283 3826 2356 ἐπρα-

2237 2375 2344 2442 ξεν,
2381 2376 2492 2428 εἴτε
2517 2374 2739 2443 ἀγαθὸν,
2769 2377 2874 2428 εἴτε
2899 2373 3124 2444 φαῦλον,
3170 2394 3187 2425 ι
3219 2375 3374 2443 ὑγιές
3406 2379 3524 2428 ἐστι
3551 2414 3568 2440 ,
3613 2377 3725 2430 τῶν
3755 2379 3824 2430 τά

2235 2467 2412 2538 φαῦλα
2445 2469 2820 2538 πεποιηκότων
2841 2467 2926 2519 διά
2947 2466 3007 2520 τὸ
3031 2466 3276 2519 ἐκτίσθαι
3298 2466 3497 2530 αὐτοὺς
3521 2466 3694 2539 σκεύη
3714 2469 3826 2522 ἀτι-

2241 2559 2370 2628 μίας
2399 2559 2682 2611 ἐπὶτοῦτο
2723 2558 2972 2629 πράξεως
3019 2558 3375 2629 ἐληλυθότων,
3416 2560 3514 2612 καὶ
3550 2561 3660 2612 τῶν
3701 2561 3822 2612 κατ’

2233 2649 2432 2720 ἀρετὴν
2463 2649 2780 2720 βιωσάντων
2801 2648 2873 2718 τῷ
2889 2648 3128 2720 ἀρχῆθεν
3155 2651 3353 2713 αὐτοὺς
3378 2650 3470 2704 ἐπὶ
3493 2649 3673 2720 τούτῳ
3695 2667 3796 2704 κατ
3811 2681 3826 2688 -

2233 2741 2583 2806 εσκευάσθαι,
2631 2743 2724 2796 καὶ
2764 2742 2933 2812 σκεύη
2985 2743 3152 2813 τιμῆς
3195 2741 3510 2810 γεγονέναι,
3563 2742 3626 2796 τὸ
3661 2741 3826 2796 καλὸν

2234 2831 2651 2903 πεποιηκότων;
2687 2833 2808 2884 Ἔτι
2845 2832 2902 2885 δὲ
2927 2831 3044 2896 πῶς
3075 2833 3135 2885 οὐ
3167 2832 3404 2904 μάχεται
3426 2833 3506 2904 τῷ
3531 2875 3546 2899 ,
3579 2834 3656 2897 ὡς
3692 2834 3828 2886 ὑπο-

2231 2924 2598 2995 λαμϐάνουσιν
2622 2923 2682 2988 ἐξ
2709 2918 2784 2978 ὧν
2812 2924 3165 2995 παρεθέμεθα
3192 2925 3368 2996 ῥητῶν
3385 2966 3398 2992 ,
3423 2927 3578 2998 παρὰ
3602 2926 3699 2998 τὴν
3737 2929 3828 2981 αἰ-

2230 3015 2346 3070 τίαν
2372 3015 2463 3069 τοῦ
2491 3015 2828 3086 δημιουργοῦ
2859 3017 3074 3086 ἔντιμον
3104 3017 3136 3087 ἢ
3181 3017 3374 3088 ἄτιμον
3411 3014 3550 3072 εἶναι
3603 3018 3822 3084 σκεῦος,

2159 3146 2200 3202 C
2234 3109 2296 3161 τὸ
2326 3107 2558 3178 ἀλλαχοῦ
2585 3107 2895 3178 λεγόμενον·
2929 3125 2948 3159 ι
3005 3109 3092 3162 Ἐν
3123 3109 3330 3180 μεγάλῃ
3371 3110 3519 3182 οἰκίᾳ
3563 3113 3664 3164 οὐκ
3703 3111 3826 3164 ἔστι.

2241 3202 2399 3271 μόνον
2432 3199 2600 3270 σκεύη
2625 3202 2802 3272 χρυσᾶ
2835 3203 2928 3254 καὶ
2951 3202 3188 3272 ἀργυρᾶ,
3223 3202 3358 3254 ἀλλὰ
3389 3205 3482 3256 καὶ
3507 3203 3694 3271 ξύλινα
3724 3207 3824 3258 καὶ

2237 3293 2552 3363 ὁστράκινα’
2579 3292 2672 3344 καὶ
2693 3291 2728 3346 ἃ
2753 3293 2852 3363 μὲν
2879 3295 2958 3354 εἰς
2975 3293 3160 3363 τιμὴν,
3183 3292 3218 3346 ἃ
3247 3293 3399 3357 δὲείς
3427 3295 3672 3366 ἀτιμίαν.
3691 3296 3824 3348 Ἐὰν

2235 3381 2329 3438 οὖν
2352 3402 2434 3448 τις
2451 3383 2734 3456 ἐκκαθάρῃ
2751 3385 2960 3446 ἑαυτὸν,
2980 3384 3130 3437 ἔσται
3146 3385 3339 3449 σκεῦος
3352 3388 3432 3450 είς
3447 3387 3635 3458 τιμὴν,
3657 3389 3826 3458 ἡγια-

2233 3477 2448 3548 σμένον,
2468 3477 2558 3529 καὶ
2570 3474 2863 3547 εὔχρηστον
2887 3475 2962 3544 τῷ
2977 3477 3214 3546 Δεσπότῃ
3229 3479 3306 3539 είς
3325 3479 3430 3530 πᾶν
3443 3477 3602 3548 ἔργον
3619 3477 3826 3546 ἀγαθὸν

2231 3568 2644 3641 ἡτοιμασμένον.
2683 3587 2700 3619 ι
2736 3569 2798 3620 Ei
2825 3568 2932 3638 γὰρ
2955 3568 2982 3618 ὁ
3017 3566 3328 3638 ἐκκαθάρας
3369 3567 3562 3622 ἑαυτὸν
3599 3567 3816 3636 γίνεται

2231 3659 2421 3723 σκεῦος
2437 3662 2514 3723 εἰς
2537 3659 2721 3730 τιμὴν,
2736 3659 2763 3711 ὁ
2778 3659 2834 3711 δὲ
2849 3657 3286 3730 άπερικάθαρτον
3315 3659 3508 3712 ἑαυτὸν
3531 3658 3822 3732 περιιδὼν,

2229 3752 2423 3815 σκεῦος
2445 3753 2523 3815 εἰς
2545 3751 2787 3821 ἀτιμίαν,
2806 3751 2928 3804 ὅσον
2961 3751 3052 3802 ἐπὶ
3081 3750 3306 3812 ταύταις
3329 3752 3447 3813 ταῖς
3470 3750 3704 3817 λέξεσιν,
3729 3753 3828 3804 οὐ·

2227 3845 2417 3915 δαμῶς
2431 3844 2598 3906 αἴτιος
2609 3845 2638 3895 ὁ
2655 3843 2717 3913 δη
2729 3860 2850 3913 μιου
2859 3842 3004 3912 ργόςο
3035 3845 3178 3894 ποιεῖ
3197 3842 3294 3912 μὲν
3321 3841 3430 3912 γὰρ
3443 3841 3472 3894 ὁ
3487 3842 3828 3914 δημιουργὸς

2233 3935 2401 4005 σκεύη
2435 3933 2601 4004 τιμῆς
2627 3933 2720 3986 καὶ
2763 3933 2928 4003 σκεύη
2971 3932 3215 4001 ἀτιμίας,
3259 3933 3360 3984 οὐκ
3397 3933 3636 4004 ἀρχῆθεν
3674 3934 3824 3987 κατὰ

1793 4020 2352 4105 tarsumenno
2383 4045 2595 4103 nova.

559 4173 836 4240 'tuperare,
859 4179 915 4225 et
935 4185 1056 4226 eum
1086 4169 1178 4239 qui
1208 4176 1354 4224 recte
1388 4168 1536 4228 fecit.
1573 4179 1631 4222 ut
1665 4169 1823 4240 laude
1847 4170 2066 4240 dignum
2098 4172 2539 4240 approbarerac
2565 4181 2784 4220 rursum
2815 4205 2829 4232 ,
2859 4163 3013 4240 quasi
3033 4163 3190 4240 nihil
3225 4164 3315 4240 sit_
3351 4162 3404 4240 in
3433 4173 3619 4240 nostra
3660 4171 3824 4230 pote-

557 4233 720 4306 state,
747 4233 926 4296 dicere
959 4243 1010 4295 in
1049 4233 1212 4295 causa
1237 4255 1358 4294 esse
1397 4241 1578 4293 mundi
1609 4239 1860 4306 Opificem
1889 4233 2008 4292 c'um
2039 4233 2184 4294 aliud
2221 4255 2318 4292 vas
2345 4240 2415 4292 sit
2442 4239 2492 4291 in
2529 4239 2814 4306 honorem,
2847 4237 2996 4288 aliud
3033 4236 3086 4287 in
3115 4233 3626 4306 ignominiam.th
3651 4243 3826 4302 pacto

559 4303 737 4388 illudi
768 4330 802 4388 r_
823 4311 933 4388 Nos
972 4312 1450 4388 oumesaossistcre
1477 4303 1691 4379 oportet
1721 4321 1847 4388 ante
1872 4311 2118 4388 tribunal
2144 4309 2434 4388 Ch_risti,_ut
2470 4305 2671 4361 referat
2703 4303 3346 4388 unusquisquepropria.
3367 4303 3616 4388 corporis
3653 4314 3827 4371 prout

557 4383 876 4452 gessit,sive
909 4383 1106 4436 bonum
1143 4373 1258 4434 siv'e
1301 4373 1526 4442 malum,
1559 4398 1576 4452 ι
1620 4381 1910 4452 consistet,
1938 4395 2058 4433 cum
2086 4382 2122 4434 ii
2149 4381 2242 4450 qui
2279 4379 2422 4452 mala
2464 4385 2714 4444 egerunt,
2749 4373 3347 4452 eo_deveuerint,quod
3383 4373 3590 4452 conditi
3622 4381 3818 4452 essent

559 4443 612 4505 ἷιι
644 4443 768 4505 vasa
799 4453 1128 4520 ignominia},
1163 4461 1216 4504 et
1250 4452 1285 4504 ii
1320 4453 1412 4518 qui
1443 4453 1508 4502 ad
1533 4451 1754 4502 virtutis
1789 4465 2034 4503 normam
2067 4443 2344 4516 vixerunt,
2383 4443 2518 4500 bene
2547 4462 2604 4499 se
2637 4445 2907 4520 gesserint
2949 4446 3208 4520 quodad
3259 4445 3311 4496 id
3346 4445 3416 4520 ab
3443 4443 3601 4520 initio
3627 4451 3826 4496 essent

557 4513 862 4592 comparaii
895 4534 948 4576 et
976 4513 1358 4575 vasa—honoris
1390 4520 1562 4574 facti?
1589 4519 1857 4574 Praeterea
1881 4523 2155 4590 quomodo
2185 4513 2338 4592 huici
2365 4534 2528 4592 quam
2581 4513 2654 4568 es
2682 4516 2746 4567 iis
2771 4529 2898 4592 qua?
2926 4513 3510 4592 adduximusnverbis,
3549 4529 3830 4580 concepe-

564 4585 716 4654 runi,
750 4593 1016 4662 opinioni,
1055 4594 1106 4645 in
1146 4607 1309 4646 causa
1346 4606 1470 4646 esse
1499 4591 1747 4660 opificem
1784 4585 2058 4645 cur—aliud
2086 4607 2183 4646 vas
2211 4592 2282 4645 sit
2319 4585 2696 4647 in'bonorem,
2737 4585 2880 4636 aliud
2926 4586 2976 4644 in
3010 4585 3438 4662 contumelianr,
3495 4599 3598 4637 non
3647 4598 3826 4662 γενει-

559 4663 760 4734 guatid
783 4654 926 4731 quod
950 4654 1076 4717 alibi
1102 4664 1340 4734 dicitur:
1375 4679 1392 4711 ι
1437 4663 1490 4714 lu
1527 4654 1722 4730 magna
1759 4663 1918 4734 domo
1945 4677 2047 4714 non
2075 4662 2248 4734 solum
2277 4670 2402 4713 sunt
2433 4663 2831 4734 vasa_aureanet
2860 4664 3142 4734 argentea,
3173 4658 3264 4707 sed
3297 4663 3353 4706 et
3383 4654 3558 4734 lignea
3594 4665 3650 4707 et
3677 4654 3830 4734 licti-

569 4723 640 4788 iia
667 4751 682 4800 ;
709 4743 764 4786 et
791 4723 1034 4803 quandam
1066 4734 1285 4801 quidem
1314 4733 1366 4784 in
1409 4723 1690 4794 honorem,
1725 4731 2196 4803 qumlam_autem_
2217 4732 2267 4784 in
2302 4726 2710 4803 contumeliam.
2743 4725 2798 4803 Si
2854 4728 2976 4792 quis
3028 4738 3158 4793 ergo
3206 4726 3598 4803 eniundavcrit
3629 4723 3830 4802 δορί)

561 4791 701 4868 istis,
721 4791 828 4857 erii
853 4805 1016 4857 vasin
1056 4791 1337 4864 tumorem,
1375 4791 1772 4856 sanctiﬁcatqu
1802 4813 1856 4853 ct.
1890 4801 2022 4855 utile
2049 4801 2297 4863 Domiuo,
2333 4799 2398 4851 ad
2423 4811 2583 4868 omne
2609 4809 2748 4862 Opus
2779 4791 2979 4848 bonum
3007 4791 3296 4868 par—alunt?
3323 4811 3348 4868 ρ
3389 4793 3536 4868 Nam
3557 4794 3599 4846 si
3635 4793 3724 4859 qui
3753 4807 3828 4846 se

559 4865 901 4942 expurgavit,
937 4875 994 4926 tit
1033 4889 1127 4926 vas
1156 4875 1206 4926 in
1240 4875 1522 4937 honorem,
1556 4873 1798 4942 quivere
1831 4873 2087 4942 vitiorum
2116 4885 2338 4942 suorum
2375 4867 2565 4942 sordes
2597 4871 2913 4942 abstergerc
2945 4865 3242 4942 neglexerit
3271 4904 3291 4942 ,_
3315 4865 3374 4916 fit
3407 4878 3504 4942 vas
3525 4865 3576 4918 in
3605 4872 3822 4942 contu-

559 4933 802 5007 meliam,
829 4933 1091 5010 quantum
1126 4959 1190 4997 ex
1221 4943 1308 4996 his
1339 4933 1518 4996 verbis
1547 4933 1804 5012 colligere
1831 4941 1976 5003 licet,
2011 4959 2115 4995 non
2155 4949 2237 4996 εει
2261 4941 2393 5012 ejus,
2409 4937 2483 4990 rei
2509 4950 2674 4990 causa
2691 4936 2893 5012 _mundi_
2921 4936 3126 5002 opifex.
3169 4933 3324 4987 Facit
3357 4933 3504 5012 enim
3539 4947 3665 4986 vasa
3701 4933 3822 4984 ho-

559 5015 706 5066 noris
731 5005 795 5066 et
815 5005 941 5066 vasa
969 5014 1301 5082 ignominiaa,
1335 5029 1439 5064 non
1474 5029 1500 5063 a
1535 5005 1804 5080 principio
1835 5012 2134 5064 secundum
2167 5005 2584 5079 praenotionem,
2613 5006 2738 5074 quia
2763 5019 2859 5082 per
2883 5005 3056 5082 ipsam
3087 5019 3192 5058 nec
3217 5005 3678 5082 priecondemnat,
3705 5017 3826 5056 nec

559 5083 961 5152 praijustificat;
987 5074 1086 5136 Sed
1113 5099 1238 5135 vasa
1269 5082 1498 5136 honoris
1529 5074 1658 5134 facit
1682 5074 1776 5134 eos
1807 5083 1902 5149 qui
1929 5099 1986 5135 se
2023 5074 2402 5150 expurgat-int,
2441 5092 2567 5152 vasa
2599 5091 2730 5152 vero
2764 5075 3101 5144 ignominiae,
3138 5081 3232 5152 qui
3271 5074 3527 5152 vitiorum
3575 5087 3822 5150 suorum

559 5143 752 5207 sordes
774 5143 1090 5222 abs-tergere
1115 5154 1473 5220 neglexerint,
1514 5153 1583 5202 ita
1615 5143 2014 5218 utan-iustitiam
2057 5143 2341 5222 fingantur,
2361 5163 2487 5202 vasa
2519 5147 2570 5198 in
2599 5143 2860 5222 honorem
2882 5154 2949 5222 ‘et
2979 5159 3116 5222 vasa.
3145 5147 3196 5198 in
3223 5144 3628 5222 contumeliam,
3659 5143 3824 5193 anti-

557 5225 778 5290 quiores
806 5215 990 5277 causae
1009 5215 1324 5276 exstitei-int
1355 5239 1452 5275 cur
1476 5223 1614 5274 alius
1647 5225 1740 5274 tiat
1771 5224 1820 5273 in
1848 5215 2308 5284 li—onoreiiifalius
2333 5221 2383 5290 in
2421 5215 2829 5270 contumeliam.
2875 5215 3031 5290 Quod
3075 5215 3119 5268 si
3144 5215 3321 5290 semel
3361 5215 3698 5290 ιιιιιιιίιιίιηιιε
3733 5227 3826 5290 cx_

557 5285 993 5362 praecedentibus
1032 5293 1361 5360 quibusdam
1397 5295 1577 5345 causis
1611 5293 1754 5344 aliud
1783 5307 1905 5344 esse
1937 5307 2030 5345 vas
2062 5293 2312 5352 honoris,
2341 5289 2614 5362 aliml__vas
2649 5286 3031 5362 contumeliaa,
3067 5285 3214 5362 quid
3247 5285 3471 5339 absurdi
3521 5285 3680 5336 fuerit
3737 5285 3828 5336 ad

557 5353 737 5417 iocum
781 5365 846 5417 de
880 5353 1062 5416 anima
1093 5373 1439 5416 recurrentes
1462 5365 1644 5415 dicere
1679 5379 1741 5414 ex
1775 5363 2212 5430 praecedentibus
2237 5361 2418 5414 causis
2457 5359 2713 5430 dilectum
2745 5355 2910 5410 fuisse
2937 5353 3106 5408 Jacob
3135 5354 3456 5423 priusquam
3487 5367 3674 5420 corpus
3707 5368 3826 5403 usus

555 5443 820 5500 sumeret,
847 5443 902 5488 et
929 5435 1056 5488 odio
1088 5434 1330 5488 habitum
1361 5433 1529 5488 fuisse
1554 5431 1698 5486 Esau
1728 5426 2021 5500 antequam
2053 5433 2106 5484 in
2134 5441 2288 5485 utero
2326 5437 2473 5484 esset
2495 5426 2781 5482 Rebeccae.

1725 5575 1768 5606 δε
1803 5573 1840 5627 ll
1877 5573 2018 5627 Tim.
2048 5589 2108 5640 tt,
2140 5574 2230 5642 20,
2265 5573 2358 5629 2|.

2297 5699 2406 5772 (95)
2439 5697 2594 5755 Suas.
2631 5699 2794 5754 Deest
2822 5696 2876 5751 in
2907 5695 3084 5763 editis,
3111 5695 3204 5750 sed
3237 5695 3472 5751 habetur
3495 5693 3548 5748 in
3579 5707 3709 5747 mas.

623 5575 668 5606 ιι
691 5575 732 5629 n
764 5575 903 5630 Tim.
928 5593 967 5644 ι,
1001 5577 1088 5632 16.
1164 5579 1208 5609 σε
1235 5577 1272 5630 n
1309 5577 1434 5632 Cor.
1469 5593 1521 5641 ν,
1563 5577 1646 5632 l0.

623 5709 729 5776 (95)
767 5709 852 5764 Sic
885 5726 1013 5766 mss.
1047 5711 1208 5772 Alias,
1251 5731 1268 5762 ι
1303 5710 1549 5763 salutem.
1587 5725 1605 5756 ι

623 5779 730 5852 (9i)
767 5779 855 5836 Sic
873 5797 1002 5837 mss.
1025 5781 1192 5850 Alias,
1224 5801 1240 5833 ί
1263 5797 1382 5836 cum
1406 5781 1458 5834 in
1481 5777 1642 5833 nullis
1669 5776 1738 5832 sit
1759 5781 2043 5846 potestate.
2089 5789 2110 5824 ι
