3988 6418
182 333 263 389 297
1510 333 1706 392 LIBER
1743 335 2072 396 TERTIUS.
3321 351 3428 406 εοπ

182 432 256 501 τὴν
277 428 588 501 πρόγνωσιν,
622 429 763 482 ἐπεὶ
801 432 881 503 μὴ
923 433 1039 486 κατ’
1071 430 1238 504 αὐτὴν
1287 436 1745 506 προκατακρίνει,

1855 436 2047 489 referri
2103 445 2299 507 potest.
2372 437 2507 493 Nam
2560 437 2693 495 facit
2748 442 2966 512 quidem
3025 453 3245 500 creator
3288 445 3427 502 Deus

178 519 517 594 ἢπρσδικαιοί,
557 519 725 579 ἀλλὰ,
762 520 941 591 σκεύη
979 519 1141 591 τιμῆς
1169 521 1294 584 τοὺς
1337 523 1752 594 ὲκκαθὰραντας

1851 529 2128 596 quoddam
2181 544 2277 585 vas
2334 531 2402 585 ad
2454 531 2756 600 honorem,
2821 543 2875 590 et
2942 535 3089 590 facit
3129 536 3233 591 alia
3291 554 3423 593 vasa

182 613 386 675 ἑαυτοὺς,
415 611 511 664 καὶ
543 610 730 683 σκεύη
756 615 991 685 ἀτιμίας
1021 613 1490 686 ἀπερικαθάρτους
1529 617 1751 679 ἑαυτοὺς

1852 619 1918 672 ad
1951 621 2337 676 contumeliam
2365 640 2380 688 ;
2411 624 2505 678 sed
2531 625 2660 679 illud
2691 643 2786 684 vas
2808 628 2950 698 quod
2983 645 3043 684 se
3073 631 3328 702 purgavit
3358 634 3427 687 ab

178 701 484 775 περιιδόντας·
529 703 682 757 ὥστε
728 706 843 758 οὐκ
895 707 1088 777 (96)ὲκ
1131 707 1514 777 πρεσϐυτέρων
1562 708 1751 760 αἰτίων

1852 711 1999 765 omni
2057 712 2420 776 immnnditia,
2477 717 2650 784 ipsum
2701 719 2776 788 (Ι)
2831 717 2962 774 facit
3007 737 3102 775 vas
3138 701 3204 776 ad
3257 723 3427 777 hono-

176 796 248 865 τῆς
266 795 602 865 κατασκευῆς
624 795 749 849 τῶν
775 799 862 861 εἰς
888 799 1048 870 τιμὴν
1077 799 1170 851 καὶ
1193 800 1272 863 εἰς
1293 799 1512 870 ἀτιμίαν
1541 799 1751 852 σκευῶν

1851 817 1964 855 rem
1992 819 2006 870 ;
2032 805 2175 873 quod
2211 820 2336 860 vero
2359 807 2616 862 vitiorum
2655 811 2906 867 sordibus
2945 828 3002 868 se
3043 813 3422 879 maculaverit,

178 886 370 956 τίνεσθαι
399 887 457 939 ὃν
495 887 601 958 μὲν
633 891 726 952 εἰς
783 891 990 960 τιμὴν,
1019 890 1076 944 ὃν
1117 891 1174 944 δὲ
1199 894 1281 956 είς
1321 890 1569 962 ἀτίμιαν.

1852 893 1979 947 illud
2006 907 2101 947 vas
2125 895 2190 948 ad
2221 896 2602 950 contumeliam
2648 897 2799 954 facit.
2847 901 3033 972 Itaque
3083 905 3427 959 concluditur

181 995 222 1031 ex
255 979 512 1046 hoc,qnia
563 981 731 1049 prius
781 994 1061 1051 gestorum
1115 983 1545 1053 uniuscujusque
1584 998 1748 1038 causa
1809 977 2104 1056 praecedit,
2149 997 2204 1042 et
2254 1005 2352 1057 pro
2391 991 2603 1045 meritis
2653 993 2767 1049 suis
2804 996 3192 1066 unusquisque
3231 1013 3260 1051 a
3314 1001 3425 1054 Deo

184 1073 234 1126 rel
263 1073 472 1128 honoris
543 1089 645 1128 vas
713 1074 964 1130 emcitur
1013 1077 1097 1131 vel
1148 1076 1511 1133 contumeliae.
1569 1076 1725 1132 Unde
1775 1083 2202 1150 unumquodque
2232 1082 2396 1152 igitur
2428 1093 2600 1138 vasut
2644 1086 2726 1141 vel
2776 1087 2844 1142 ad
2893 1089 3155 1146 honorem
3186 1107 3217 1147 a
3246 1095 3412 1152 Crea-

174 1179 252 1222 tore
282 1168 541 1224 formetur
569 1172 660 1226 vel
692 1172 769 1224 ad
795 1173 1208 1236 contumeliam,
1231 1188 1297 1227 ex
1328 1173 1507 1242 seipse
1533 1189 1726 1230 causas
1757 1185 1812 1232 et
1833 1178 2150 1233 occasiones
2179 1181 2435 1249 praestitit
2460 1182 2749 1243 conditori.

218 1265 266 1318 ΕΞ
291 1265 342 1318 δὲ
366 1267 516 1332 ἅπαξ
541 1269 916 1340 προσιέμεθα
988 1270 1140 1338 Quod
1171 1272 1215 1327 si
1251 1272 1398 1342 justa
1434 1272 1550 1326 hinc
1587 1273 1737 1328 vide-

1852 1276 2136 1347 μισῆσθαι,
2185 1278 2466 1348 γεγονέναι
2517 1280 2597 1343 είς
2668 1283 3032 1350 dum,codem
3054 1288 3427 1362 ordineatquc

165 1353 426 1424 εἷναίτινας
452 1361 920 1434 αἱτίαςπρεσϐυ-
991 1376 1078 1419 tur
1133 1367 1397 1433 assertio,
1453 1365 1596 1422 sicut.
1656 1378 1740 1422 est

1853 1369 1931 1421 τὸν
1959 1369 2153 1423 Ἰακὼϐ
2181 1371 2285 1442 πρὸ
2311 1372 2410 1442 τῆς
2426 1373 2598 1426 ὲνσω-
2667 1377 2856 1430 eadeni
2896 1383 3288 1450 consequentia

163 1453 384 1525 τέραςτοῦ
402 1453 647 1515 σκεύους
681 1455 798 1526 τῆς
828 1473 916 1508 τι-
989 1469 1137 1515 certe
1169 1459 1337 1528 justa,
1361 1471 1416 1515 ct
1441 1476 1564 1514 cuin
1591 1462 1738 1515 omni

1852 1461 2176 1534 ματώσεως,
2220 1464 2312 1517 καὶ
2370 1466 2450 1529 εἰς
2504 1466 2595 1519 τὸν
2668 1469 3427 1542 sentientesnosantiquiores

163 1548 243 1618 μῆς
265 1548 346 1600 καὶ
381 1549 476 1601 τοῦ
517 1551 779 1614 σκεύους
814 1549 918 1620 τῆς
991 1556 1189 1626 pietate
1209 1556 1568 1620 concordans,
1593 1567 1650 1608 ut
1673 1571 1738 1611 ex

1856 1555 2024 1609 Ἠσαῦ
2071 1557 2177 1629 πρὸ
2214 1557 2307 1610 τοῦ
2367 1559 2447 1621 εἰς
2499 1558 2595 1630 τὴν
2672 1574 2894 1625 causas,
2923 1563 3114 1618 eadem
3155 1567 3322 1621 etiam
3355 1568 3425 1623 de

159 1640 362 1711 ἀτιμίας,
395 1641 449 1693 τί
481 1641 707 1696 ἄτοπον
752 1642 920 1696 ἀνελ·
990 1649 1418 1720 pr:ecedentibus
1470 1650 1651 1704 causis
1679 1665 1734 1704 u-

1848 1650 2055 1705 κοιλίαν
2124 1653 2224 1723 τῆς
2301 1653 2598 1719 Ῥεϐέκκας
2673 1652 2975 1708 animarum
3026 1657 3236 1714 ratione
3291 1674 3423 1714 seu-

157 1737 307 1799 ϐάντας
330 1739 407 1800 εἰς
441 1737 540 1791 τὸν
555 1739 704 1809 περὶ
724 1737 920 1809 ψυχῆς
992 1743 1378 1812 numquodque
1415 1758 1514 1798 vas
1557 1742 1637 1796 vel
1673 1743 1732 1797 ad

1848 1744 2115 1812 γενέσθαι.
2671 1743 2774 1799 tire
2801 1756 2856 1800 et
2879 1748 2980 1802 hoc
3007 1750 3198 1820 essezin
3233 1767 3423 1816 causa,

159 1828 924 1903 τάπιν(97),πρεσ6ύτεραατ-
993 1837 1254 1891 honorem
1332 1835 1441 1892 Deo
1520 1837 1602 1891 vel
1670 1837 1734 1891 ad

1849 1839 1989 1905 quod
2011 1835 2177 1893 Jacob
2210 1838 2442 1894 dilectus
2473 1848 2576 1905 est,
2603 1847 2893 1908 antequam
2923 1841 3048 1896 huic
3077 1844 3279 1899 mundo
3301 1830 3424 1902 uas-

155 1940 218 1974 τιι
246 1924 329 1976 τοῦ
366 1925 459 1977 τὸν
501 1925 725 1980 Ἰακὼϐ
774 1927 922 1996 ἢγα-
994 1931 1382 1985 contumeliam
1465 1945 1730 2001 prtcpare«

1849 1939 2084 1996 ceretnr,
2111 1939 2167 1984 et
2216 1930 2355 1984 Esau
2379 1929 2505 1984 odio
2543 1929 2762 1986 habitus
2811 1941 2894 1986 est
2932 1931 3033 2003 (2),
3083 1935 3213 1990 dum
3246 1936 3424 1992 adhuc

159 2017 340 2088 πῇσθαι,
358 2021 568 2074 καὶτὸν
602 2021 800 2075 Ἦσαῦ
824 2039 921 2093 μευ
995 2031 1100 2088 tur,
1147 2040 1250 2078 non
1296 2023 1509 2078 videtur
1545 2023 1734 2078 absur-

1147 2040 1250 2078 non
1296 2023 1509 2078 videtur
1545 2023 1744 2078 absur-
1851 2022 1903 2076 in
1935 2030 2124 2076 ventre
2148 2022 2340 2077 matris
2371 2021 2686 2076 haberetur.

649 2129 822 2170 HIEB.
863 2129 1076 2168 ureae.
1113 2113 1245 2186 (98).
1846 2124 1894 2169 et
1916 2113 2274 2183 intelligamus
2300 2130 2415 2168 eam
2437 2115 2605 2184 egisse
2641 2114 2934 2185 antiquitus
2973 2128 3186 2189 propter
3207 2125 3347 2192 quod
3369 2125 3426 2179 in

155 2200 225 2256 Sin
261 2216 426 2258 autem
481 2206 665 2260 semel
709 2207 1008 2276 recipimus
1051 2210 1192 2278 quod
1230 2223 1295 2262 ea:
1327 2208 1738 2274 prrrcedrntibus
1847 2205 2012 2260 altera
2033 2205 2244 2269 dilecta,
2291 2207 2344 2260 in
2391 2206 2558 2260 altera
2587 2206 2709 2260 odio
2737 2208 2915 2261 Imbit'a
2943 2210 3013 2263 sit
3056 2222 3332 2284 antequam
3365 2218 3424 2270 in

147 2299 284 2352 causis
308 2298 458 2352 aliud
494 2315 599 2353 vas
641 2301 710 2352 in
743 2300 1041 2364 honorem,
1085 2299 1231 2353 aliud
1284 2302 1335 2353 in
1368 2303 1738 2354 contumeliam
1846 2296 2010 2352 Jacob
2043 2315 2258 2368 corpore
2285 2297 2664 2367 supplantant,
2697 2308 2746 2352 et
2778 2305 2831 2353 in
2866 2298 3008 2355 Esau
3055 2303 3238 2373 planta
3281 2317 3425 2362 texe-

147 2393 194 2443 sit
217 2403 472 2456 creatum;
496 2411 607 2446 cur
644 2410 768 2448 non
806 2410 1139 2447 recurramus
1170 2393 1238 2448 ad
1267 2395 1458 2448 animae
1485 2411 1740 2450 arcanum
1850 2399 2035 2444 retura
2054 2389 2236 2460 fratre.

196 2512 328 2583 Ἅμα
350 2513 408 2567 δὲ
439 2514 660 2584 σαφῶς
700 2513 968 2585 δηλοῦται
1001 2515 1080 2568 ὅτι
1113 2515 1234 2568 ὅσον
1269 2516 1362 2569 ἐπὶ
1394 2518 1468 2587 τῇ
1519 2515 1743 2570 ὑποκει-

1920 2514 2078 2586 135
2113 2514 2202 2568 ﬁl.
2233 2511 2343 2568 Sed
2391 2520 2447 2567 et
2504 2512 2634 2566 illud
2665 2515 2808 2581 quod
2845 2514 3048 2568 dictum
3103 2524 3221 2581 est,
3276 2517 3421 2587 quod

147 2605 249 2676 μένῃ
279 2606 434 2674 φύσει
468 2607 693 2679 ὥσπερ
751 2603 841 2670 εἷς
889 2607 1170 2661 ὑπόκειται
1203 2607 1280 2679 τῷ
1312 2611 1545 2679 κεραμεῖ
1577 2607 1722 2679 πηλὰ

1844 2621 1909 2661 ex
1943 2612 2136 2662 eadem
2173 2620 2349 2659 massa
2383 2614 2439 2658 et
2476 2606 2696 2659 honoris
2729 2616 2783 2659 et
2807 2607 3152 2662 contumeliae
3187 2623 3281 2661 vas
3305 2608 3417 2672 ﬁat,

141 2690 279 2765 ἁφόὗ
307 2699 666 2772 φυράματος
693 2698 1021 2766 γίνεταιείς
1059 2699 1222 2771 τιμὴν
1263 2700 1358 2752 καὶ
1403 2702 1482 2762 εἰς
1523 2700 1716 2770 ἀτιμία

1846 2716 1953 2754 non
1987 2714 2089 2754 nos
2115 2699 2314 2766 poterit
2342 2707 2662 2759 coarctare;
2716 2713 2879 2750 unam
2921 2700 3119 2754 etenim
3164 2712 3417 2758 naturam

143 2788 302 2858 σκεΰησ
338 2791 488 2845 οὕτω
523 2795 679 2864 μιᾶς
719 2791 947 2862 φύσεως
974 2791 1150 2863 πάσης
1169 2791 1344 2863 ψυχῆς
1377 2792 1718 2863 ὑποκειμένη

1845 2791 2086 2847 omnium
2148 2805 2270 2844 esse
2329 2791 2561 2844 dicimus
2612 2789 3016 2844 rationaliilium
3075 2793 3417 2860 animarum,

137 2884 333 2956 2.3.9319.
359 2889 458 2941 και
477 2888 640 2958 (99),
668 2888 746 2938 ἵν’
778 2884 958 2948 οὕτως
986 2884 1143 2947 εἴπω,
1174 2886 1290 2948 ἐνὸς
1313 2886 1634 2958 φυράματος
1659 2885 1712 2939 δν

1847 2885 1989 2939 sicut
2021 2899 2123 2937 una
2175 2882 2270 2936 luti
2325 2895 2500 2936 massa
2552 2881 2839 2951 subj-acere
2883 2883 3046 2951 ﬁgulo
3073 2883 3416 2955 designatur.

138 2991 208 3036 =9;
223 2977 321 3029 τῶν
351 2978 614 3047 λογικῶν
650 2975 1046 3039 ὑποστάσεως),
1080 2975 1426 3048 πρεσϐύτερά
1448 2994 1567 3031 τινα
1599 2975 1713 3029 αἴτιι

1849 2977 1983 3032 Cum
2042 2991 2172 3046 ergo
2220 2989 2325 3028 una
2372 2974 2613 3030 omnium
2644 2973 2713 3029 sit
2762 2984 2950 3026 natura
3009 2975 3417 3031 rationabilium

136 3071 369 3140 τετωίηκε
402 3072 622 3125 τούσδε
663 3072 774 3142 μὲν
826 3066 968 3122 εἶναι
1021 3071 1098 3132 εἰς
1134 3070 1316 3140 τιμὴν,
1359 3069 1547 3122 τούσδε
1585 3069 1641 3122 δὲ
1669 3071 1711 3120 εί

1850 3081 2247 3134 creaturarum,
2277 3086 2344 3124 ex
2380 3070 2493 3139 ipsa
2530 3067 2672 3122 Deus
2717 3071 3015 3126 secundum
3049 3071 3421 3138 praecedentes

136 3163 345 3230 ἀτιμίαν.
381 3165 446 3218 ΕΞ
473 3167 541 3219 δὲ
576 3163 945 3234 ἐπιπλήσσει
978 3165 1009 3233 ή
1042 3163 1187 3228 λέξις
1220 3163 1309 3216 τοῦ
1363 3164 1683 3216 Ἀποστόλου

1851 3163 2166 3218 meritorum
2225 3175 2438 3225 causas,
2493 3162 2633 3216 sicut
2691 3176 2759 3217 ex
2812 3179 2916 3217 una
2975 3180 3152 3219 massa
3199 3165 3417 3236 ﬁgulus,

133 3253 362 3322 λέγουσα·
406 3275 428 3308 ι
470 3255 824 3323 Μενοῦνγε,
851 3249 899 3307 ὦ
933 3254 1200 3326 ἄνθρωπε,
1235 3257 1298 3309 σὺ
1319 3255 1404 3318 τίς
1445 3251 1495 3308 εἷ
1534 3259 1563 3308 ὁ
1585 3257 1708 3309 ἀντσ

1850 3254 2055 3310 creavit
2080 3263 2135 3308 et
2153 3252 2446 3323 plasmavit
2470 3253 2606 3309 alios
2641 3255 2860 3323 quidem
2886 3256 2950 3308 ad
2977 3256 3260 3322 honorem,
3285 3258 3424 3314 alios

134 3351 505 3422 ταοκρινόμενος
540 3350 641 3422 τῷ
667 3349 836 3419 Θεῷς
873 3367 891 3396 ι
923 3348 1164 3401 διδάσκει
1195 3351 1298 3411 ὅτι,
1343 3350 1372 3402 ὁ
1407 3349 1502 3418 μὲν
1525 3350 1709 3419 παρρη

1850 3355 2028 3400 autem
2059 3347 2124 3399 ad
2166 3345 2572 3402 contumeliam.
2599 3344 2752 3413 Quod
2796 3361 2926 3403 vero
2948 3347 3098 3402 velut
3136 3348 3423 3419 increpan-

132 3441 226 3494 ςὶαν
258 3442 399 3514 ἔχων
446 3445 614 3518 πρὸς
650 3444 755 3496 τὸν
803 3440 965 3505 Θεὸν,
1001 3442 1092 3496 καὶ
1138 3441 1326 3504 πιστὸς
1349 3443 1444 3494 καὶ
1485 3441 1632 3512 βιοὺς
1663 3438 1707 3496 εἰ

1851 3441 1918 3494 tis
1972 3451 2058 3494 est
2113 3439 2360 3508 Apostoli
2394 3455 2573 3494 sermo
2602 3425 2762 3507 quem
2792 3438 2864 3509 (5)
2901 3440 3073 3496 dicit:
3106 3458 3124 3492 ι
3151 3439 3197 3497 0
3231 3443 3415 3504 homo.

129 3535 208 3588 σῦκ
230 3537 291 3589 ἂν
319 3539 609 3598 ἀκούσαι,
648 3535 744 3590 Σὺ
785 3535 883 3600 τίς
915 3533 971 3587 εἴ
999 3537 1031 3587 ὁ
1053 3533 1634 3602 ἀνταποκρινόμενος
1668 3551 1704 3586 τ.

1852 3537 1906 3583 ιιι
1941 3532 2062 3598 quis
2108 3545 2167 3586 es
2215 3530 2307 3598 qui
2363 3538 2549 3584 contra
2599 3533 2925 3600 respondeas
2969 3532 3079 3588 Deo
3108 3534 3187 3588 "1
3219 3552 3240 3587 ι
3290 3546 3423 3604 puto

126 3628 246 3694 Θεῷ;
262 3630 454 3698 ὁποῖος
471 3629 550 3704 ἦν
572 3629 808 3698 Μωσῆς
828 3646 841 3658 ·
870 3648 888 3676 ι
916 3626 1114 3698 Μωσῆς
1138 3626 1246 3699 γὰρ
1279 3626 1474 3688 ἐλάλει,
1491 3629 1519 3680 ὁ
1541 3627 1598 3680 δὲ
1617 3627 1701 3680 Gai

1850 3621 1979 3676 illud
2007 3637 2130 3678 esse
2155 3625 2298 3691 quod
2321 3625 2556 3679 ostendit
2577 3639 2642 3678 ex
2681 3626 2783 3680 hoc
2818 3628 3076 3697 quoniam
3106 3627 3172 3682 ad
3197 3609 3417 3681 [ﬁdelem

127 3724 436 3798 ἀπεκρίνατο
466 3724 647 3796 αὐτῷ
690 3723 877 3792 φωνῇ,
906 3739 925 3771 ι
962 3720 1054 3772 καὶ
1081 3720 1156 3784 ὡς
1186 3721 1540 3791 ἀποκρίνεται
1569 3723 1597 3773 ὁ
1615 3719 1702 3773 Θεὶ

1848 3731 2120 3784 quemque
2147 3727 2293 3772 recte
2320 3727 2373 3770 et
2393 3717 2537 3786 juste
2579 3720 2849 3774 viventem
2884 3729 2940 3776 et
2965 3720 3252 3775 habentem
3284 3721 3422 3775 ﬁdu-

130 3813 239 3885 πρὸς
291 3817 540 3878 Meum-Ea,
585 3813 784 3875 οὕτως
820 3811 1174 3880 ἀποκρίνεται
1214 3813 1306 3864 καὶ
1351 3814 1379 3864 ὁ
1411 3811 1561 3879 ἅγιος
1606 3810 1705 3881 πρὸ

1851 3811 1991 3862 ciam
2025 3810 2163 3878 apud
2197 3809 2362 3864 Deum
2398 3809 2516 3863 talis
2559 3810 2856 3881 increpatio
2909 3829 3014 3868 non
3065 3812 3333 3879 refertur,
3368 3813 3421 3865 id

126 3906 199 3960 τὸν
227 3909 375 3964 θεὸν.
418 3911 486 3964 Ὀ
513 3910 586 3963 δὲ
612 3905 841 3975 ταύτην
883 3903 958 3974 μὴ
1001 3903 1340 3973 κτησάμενος
1393 3902 1489 3974 τὴν
1529 3905 1701 3974 παρῤτ

1849 3913 1954 3965 est,
1980 3902 2045 3955 ad
2071 3902 2229 3956 talem
2247 3902 2698 3972 aliquem,qualis
2719 3913 2840 3958 erat
2860 3904 3068 3976 Moyses
3096 3906 3201 3966 ille,
3233 3907 3298 3960 de
3314 3921 3420 3976 quo

125 4001 240 4066 σὶαν,
261 4003 522 4077 δηλονότι
562 4001 604 4072 ἢ
628 3995 1036 4061 ἀπολωλεκὼς,
1066 3997 1246 4069 ἦπερὶ
1277 3997 1480 4051 τούτων
1513 3999 1572 4050 οὐ
1599 4015 1700 4052 κατ

1850 3995 1979 4050 dicit
2005 3994 2308 4064 Scriptura,
2340 3995 2464 4063 quia
2497 4013 2516 4045 ι
2552 3994 2763 4065 Moyses
2785 3995 3127 4064 loquebatur,
3157 3997 3300 4053 Deus
3325 4015 3422 4052 au-

1404 4111 1962 4167 INTERPRETATIO
1994 4112 2203 4168 NOVA.

174 4210 257 4267 2|.
289 4212 434 4270 lllud
474 4213 673 4270 etiam
717 4209 888 4265 simul
916 4209 1240 4280 ostenditur,
1265 4203 1721 4279 quemadmodum
1751 4226 1915 4263 unum
1943 4212 2186 4279 subjacet
2217 4211 2378 4278 ﬁgulo
2414 4211 2602 4270 lutum,
2636 4226 2702 4264 ex
2731 4210 2886 4280 cujus
2911 4214 3262 4267 concretione
3292 4230 3417 4267 vasa

122 4283 166 4334 in
209 4286 480 4340 honorem
517 4295 584 4340 et
624 4280 1001 4351 ignominiam
1031 4280 1197 4345 ﬁunt;
1243 4283 1318 4334 ita
1351 4297 1470 4334 cum
1503 4297 1605 4335 una
1638 4283 1879 4333 omnium
1911 4283 2215 4335 animarum
2254 4292 2446 4335 natura
2493 4281 2771 4348 subiaceat
2807 4285 2940 4345 Deo,
2968 4294 3025 4336 et
3066 4299 3202 4345 una,
3242 4295 3300 4337 ut
3345 4287 3417 4337 ita

121 4354 301 4418 diram,
324 4359 483 4424 sitgra
497 4350 877 4424 tionabilinm
907 4350 1328 4424 substantiarttm
1354 4367 1550 4413 massa,
1579 4367 1643 4405 ex
1676 4353 2106 4424 prmcedentibus
2126 4353 2304 4405 causis
2330 4354 2444 4424 ﬁeri
2471 4363 2530 4405 ut
2556 4353 2878 4424 aliiquidem
2911 4353 3019 4407 sint
3043 4354 3094 4407 in
3130 4354 3415 4424 honorem,

120 4425 196 4476 alii
224 4443 353 4482 vero
384 4422 443 4481 in
472 4423 930 4493 contumeliam.
965 4422 1115 4488 Quod
1152 4424 1196 4475 si
1232 4422 1632 4492 objurgatorius
1675 4431 1757 4476 est
1793 4422 2033 4489 Apostoli
2070 4437 2252 4476 sermo
2287 4423 2604 4493 dicentiszi
2641 4423 2684 4477 0
2712 4423 2903 4485 homo,
2949 4433 3002 4474 tu
3049 4423 3170 4490 quis
3219 4438 3278 4476 es
3325 4428 3416 4493 qui

119 4503 299 4568 contra
319 4499 701 4568 respondeas
728 4491 888 4547 Deo?
926 4511 943 4542 ι
977 4494 1487 4568 non_euin_respicit
1513 4494 1606 4561 qui
1649 4493 1816 4546 libere
1853 4493 1964 4561 agit
2013 4508 2136 4568 cum
2173 4495 2302 4568 Deo,
2337 4495 2424 4560 qui
2455 4492 2635 4545 ﬁdelis
2677 4504 2761 4546 est
2797 4503 2847 4545 et
2882 4503 3028 4545 recte
3059 4491 3425 4568 _v_ivit,qualis

120 4578 220 4617 erat
253 4562 508 4634 Moyses.
558 4585 581 4616 ι
633 4565 864 4634 Moyses
903 4562 1046 4616 enim
1083 4562 1420 4634 loquebatur,
1461 4565 1603 4616 Deus
1638 4577 1765 4616 vero
1800 4564 2162 4631 reSpondebat
2202 4562 2276 4615 illi
2317 4577 2438 4614 cum
2481 4577 2647 4634 voce;
2703 4582 2720 4613 ν
2755 4576 2919 4634 atque
2957 4573 3009 4616 nt
3056 4562 3226 4629 Moysi
3282 4568 3418 4617 Deus

119 4627 423 4704 respondet,
476 4639 573 4692 sic
630 4627 752 4689 Deo
796 4627 1167 4704 virsanctusf
1197 4633 1297 4698 Qui
1342 4648 1469 4686 vero
1501 4649 1560 4686 ea
1592 4634 1785 4686 ﬁducia
1834 4627 1939 4687 non
1981 4644 2063 4688 cst
2104 4633 2383 4702 praeditus,
2410 4632 2659 4686 videlicet
2687 4631 2780 4704 vel
2809 4627 2951 4704 quod
2987 4648 3107 4704 eam
3146 4627 3413 4694 amiserit,

119 4702 208 4757 vel
233 4711 381 4775 quod
409 4702 501 4762 Vde
556 4707 654 4760 his
703 4720 817 4758 non
849 4703 1263 4775 _discendi.rsed
1291 4704 1658 4758 contentionis
1689 4704 1869 4758 studio
1893 4704 2104 4772 qurerit,
2135 4713 2296 4775 atque
2332 4704 2451 4756 ideo
2486 4704 2649 4775 dicit:
2697 4721 2714 4752 i
2752 4702 2888 4768 Quid
2931 4703 3106 4775 adhuc
3134 4705 3420 4771 queritur!

121 4773 362 4834 voluntati
396 4780 563 4833 cnim
596 4779 728 4844 ejus
763 4773 893 4842 quis
919 4774 1160 4825 resistit?
1194 4793 1212 4824 ›
1253 4774 1300 4827 is
1330 4789 1458 4826 sane
1483 4775 1676 4843 (lignus
1707 4775 1869 4828 fuerit
1898 4776 1999 4828 hac
2035 4774 2428 4839 increpatione:
2472 4791 2490 4823 ι
2525 4774 2567 4827 0
2596 4775 2778 4834 homo,
2813 4783 2866 4825 tu
2885 4773 3007 4840 quis
3025 4787 3083 4825 es
3109 4776 3201 4841 qui
3227 4785 3417 4828 contra

119 4855 444 4914 respondeas
479 4849 650 4902 Deo?
687 4865 708 4897 ι
751 4845 860 4911 Qui
897 4853 1074 4895 autem
1098 4845 1336 4898 diversas
1365 4846 1627 4897 inducunt
1667 4857 1889 4898 naturas
1921 4855 1975 4897 et
2012 4846 2258 4912 Apostoli
2299 4845 2445 4897 dicto
2478 4854 2724 4907 utuntur,
2756 4844 2821 4896 iis
2855 4845 2966 4896 hinc
2995 4846 3220 4897 dicenda
3256 4856 3416 4898 sunt:

122 4914 167 4964 Si
191 4906 420 4972 t'uentn'r
454 4935 534 4973 ει
567 4931 686 4970 una
722 4906 1029 4981 eademque
1057 4929 1230 4967 massa
1257 4929 1375 4968 esse
1399 4917 1488 4983 qui
1516 4923 1765 4983 pereunt.
1796 4926 1850 4968 et
1873 4916 1963 4983 qui
1998 4906 2131 4968 salvi
2167 4915 2320 4978 ﬁunt,
2349 4925 2512 4981 atque
2537 4906 3094 4982 unumeutndemqne
3118 4927 3241 4968 esse
3270 4927 3422 4968 utro-

113 5000 330 5057 rumque
365 4990 697 5060 opiﬁcem;
738 4989 784 5038 si
830 4986 1004 5036 honos
1035 4994 1117 5060 est
1154 4985 1245 5055 qui
1277 4999 1381 5037 non
1426 4985 1600 5060 solum
1627 4985 1957 5060 spirituales,
1989 4987 2081 5060 sed
2116 4996 2169 5060 et
2199 4984 2663 5060 terrepsﬁtres‘l'acit,
2693 4984 2842 5054 (hinc
2875 4985 3017 5060 enim
3052 4985 3102 5036 id
3122 4986 3392 5060 consequi

118 5054 267 5127 ιω),
299 5054 428 5114 ﬁeri
473 5074 626 5113 sane
669 5064 863 5126 potest
896 5057 1067 5122 utqui
1098 5054 1239 5109 nunc
1266 5057 1635 5124 ett-aiitcactis
1659 5054 1985 5127 quibusdam
2017 5057 2171 5111 bonis
2202 5058 2456 5124 operibus
2480 5054 2655 5110 factus
2695 5064 2781 5108 est
2820 5069 2918 5107 vas
2945 5056 3189 5121 honoris,
3216 5056 3261 5109 si
3293 5069 3421 5109 vase

207 5153 249 5184 ⁶⁷
275 5155 455 5209 nam.
493 5170 580 5221 Ix,
623 5153 726 5206 20.

177 5253 287 5319 (96)
321 5255 490 5306 Οὐκ.
534 5252 634 5305 Sic
672 5247 814 5302 libb.
849 5245 1056 5319 elllllﬁl
1096 5261 1228 5300 mss.
1264 5244 1367 5300 Sed
1409 5247 1736 5319 manifestus
1841 5275 1849 5286 ν
1913 5249 1989 5319 (‘2)
2031 5251 2313 5314 Antequam
2368 5248 2488 5299 huic
2544 5249 2739 5302 mundo
2784 5258 3111 5312 nasceretur,
3164 5259 3212 5302 et
3270 5249 3413 5302 Esau

113 5317 194 5406 εέι
232 5339 404 5378 error
464 5321 938 5376 amauuensium.
984 5317 1245 5387 Suspicor
1284 5318 1572 5386 legendum
1609 5335 1732 5371 esse
1840 5317 2204 5406 odia/inbitas
2237 5330 2332 5370 est.
2369 5319 2493 5398 lla-3c
2526 5323 2723 5406 omissa
2751 5330 2878 5374 sunt
2932 5322 2984 5374 in
3037 5329 3200 5374 antea
3229 5324 3410 5385 editis,

106 5389 213 5447 ῠῦν,
1838 5390 1966 5443 licet
2002 5390 2341 5455 reperiantur
2372 5389 2423 5440 in
2455 5389 2709 5441 omnibus
2743 5406 2874 5446 tnss.

179 5465 293 5537 (97')
325 5466 516 5518 Deest
541 5459 780 5537 aliquod
818 5457 1040 5512 verbum
1076 5457 1160 5511 vel
1191 5459 1353 5522 νοεῖν,
1399 5459 1479 5514 vel
1515 5457 1728 5527 λέγειν,

1910 5460 1985 5532 (ὅ)
2023 5457 2278 5537 SlCnltlSS.
2311 5459 2478 5537 Alias,
2510 5478 2527 5507 ι
2581 5461 2823 5537 (ιιιιιιιιιοἶ
2854 5481 2872 5514 ›
2906 5461 3073 5537 Paulo
3099 5472 3218 5529 post
3255 5477 3412 5537 mss”

116 5529 369 5588 relatimt
419 5536 563 5600 quid
595 5529 845 5600 siinile.
931 5580 939 5584 ,
1841 5549 1860 5581 ι
1903 5529 2005 5584 non
2057 5529 2327 5600 refertur,
2360 5530 2412 5581 id
2466 5538 2587 5590 est,
2643 5533 2710 5584 ad
2753 5532 2916 5586 talem
2954 5534 3206 5600 aliquem
3236 5533 3414 5600 qualis

170 5608 284 5677 (98)
313 5607 376 5658 In
408 5599 602 5673 Epist.
636 5606 708 5677 ad
745 5599 1035 5677 Avitum.“
1065 5671 1077 5677 Δ
1235 5670 1281 5677 Η
1346 5673 1354 5677 Δ
1517 5675 1527 5677 Α
1833 5600 2204 5677 cratllloyses.
2238 5617 2257 5649 ›
2310 5599 2466 5677 bilih.
2517 5601 2679 5665 editi,
2731 5621 2749 5651 ι
2798 5619 2908 5677 non
2957 5599 3212 5656 refertur.
3255 5599 3415 5677 Talis

176 5670 287 5746 (99)
305 5670 660 5730 Kuh—Deest
684 5672 740 5723 in
771 5678 936 5746 antea
955 5671 1132 5746 editis,
1159 5670 1250 5746 sed
1271 5670 1569 5729 habetnrin
1595 5687 1726 5728 mss.
1838 5681 1957 5746 erat
1999 5671 2226 5746 Moyses.
2259 5687 2276 5719 ι
2313 5671 2534 5746 ξιιήιιειιι
2589 5687 2745 5746 inss..
2793 5691 2822 5746 VC
2867 5675 3416 5746 sicnrresponttrbat

176 5739 499 5821 (η’Μεξησ
531 5747 750 5814 ipsum.
808 5758 826 5790 ›
862 5739 1014 5797 Lilib.
1056 5745 1261 5810 etliti,,t
1290 5746 1439 5800 illud.
1478 5765 1497 5796 ι
1839 5743 1981 5798 Deus
2020 5741 2209 5810 Moysi.
2256 5759 2275 5792 ι
2310 5741 2366 5794 In
2394 5752 2550 5794 antea
2587 5743 2749 5798 editis
2773 5745 2922 5798 deest
2954 5761 2971 5794 ι
3014 5739 3173 5796 Dens.
3208 5765 3226 5793 ο

467 5840 760 5898 Parnm"
811 5833 928 5894 Gn.
972 5835 1080 5896 Xl.

3020 5835 3094 5896 10
