  <div class='ocr_page' id='page_1' title='image "/cluster/home/n/w/nwhite01/storage/ocr_20150623/11/hvd.32044024345175/155.png"; bbox 0 0 3880 6556; ppageno 0'>
   <div class='ocr_carea' id='block_1_1' title="bbox 566 421 3725 486">
    <p class='ocr_par' dir='ltr' id='par_1_1' title="bbox 566 421 3725 486">
     <span class='ocr_line' id='line_1_1' title="bbox 566 421 3725 486; baseline -0.004 -4"><span class='ocrx_word' id='word_1_1' title='bbox 566 428 668 483; x_wconf 76' lang='lat'><strong>299</strong></span> <span class='ocrx_word' id='word_1_2' title='bbox 1803 421 2124 478; x_wconf 74' lang='lat' dir='ltr'><strong>ORIGENIS</strong></span> <span class='ocrx_word' id='word_1_3' title='bbox 2161 424 2316 476; x_wconf 71' lang='lat' dir='ltr'><strong>nam</strong></span> <span class='ocrx_word' id='word_1_4' title='bbox 2353 424 2584 475; x_wconf 75' lang='lat' dir='ltr'><strong>APXQN</strong></span> <span class='ocrx_word' id='word_1_5' title='bbox 3650 433 3725 486; x_wconf 59' lang='grc' dir='ltr'>δικ,</span> 
     </span>
    </p>
   </div>
   <div class='ocr_carea' id='block_1_2' title="bbox 566 542 2090 616">
    <p class='ocr_par' dir='ltr' id='par_1_2' title="bbox 566 545 2090 616">
     <span class='ocr_line' id='line_1_2' title="bbox 566 545 2090 616; baseline 0 -19"><span class='ocrx_word' id='word_1_6' title='bbox 566 558 673 598; x_wconf 88' lang='lat' dir='ltr'><strong>tem</strong></span> <span class='ocrx_word' id='word_1_7' title='bbox 712 546 1074 616; x_wconf 73' lang='lat' dir='ltr'><strong>respondebat</strong></span> <span class='ocrx_word' id='word_1_8' title='bbox 1105 545 1152 602; x_wconf 90' lang='lat' dir='ltr'><strong>ei</strong></span> <span class='ocrx_word' id='word_1_9' title='bbox 1188 561 1307 599; x_wconf 89' lang='lat' dir='ltr'><strong>cum</strong></span> <span class='ocrx_word' id='word_1_10' title='bbox 1344 560 1471 599; x_wconf 78' lang='lat' dir='ltr'><strong>voce</strong></span> <span class='ocrx_word' id='word_1_11' title='bbox 1495 545 1569 607; x_wconf 76' lang='grc'><strong>⁸⁸,</strong></span> <span class='ocrx_word' id='word_1_12' title='bbox 1607 563 1622 594; x_wconf 79' lang='grc' dir='ltr'><strong>ι</strong></span> <span class='ocrx_word' id='word_1_13' title='bbox 1658 554 1710 599; x_wconf 90' lang='lat' dir='ltr'><strong>et</strong></span> <span class='ocrx_word' id='word_1_14' title='bbox 1739 545 1879 598; x_wconf 98' lang='lat' dir='ltr'><strong>sicut</strong></span> <span class='ocrx_word' id='word_1_15' title='bbox 1907 558 2090 612; x_wconf 83' lang='lat' dir='ltr'><strong>respon</strong></span> 
     </span>
    </p>
   </div>
   <div class='ocr_carea' id='block_1_3' title="bbox 2224 542 3728 616">
    <p class='ocr_par' dir='ltr' id='par_1_3' title="bbox 2240 542 3728 614">
     <span class='ocr_line' id='line_1_3' title="bbox 2240 542 3728 614; baseline 0.003 -19"><span class='ocrx_word' id='word_1_16' title='bbox 2240 543 2614 614; x_wconf 73' lang='grc' dir='ltr'><strong>φιλομάθειαν,</strong></span> <span class='ocrx_word' id='word_1_17' title='bbox 2668 542 2799 594; x_wconf 70' lang='grc' dir='ltr'>ἀλλὰ</span> <span class='ocrx_word' id='word_1_18' title='bbox 2831 542 2969 595; x_wconf 78' lang='grc' dir='ltr'><strong>κατὰ</strong></span> <span class='ocrx_word' id='word_1_19' title='bbox 2996 542 3317 611; x_wconf 58' lang='grc' dir='ltr'>φιλονεικίαν</span> <span class='ocrx_word' id='word_1_20' title='bbox 3358 542 3540 614; x_wconf 75' lang='grc' dir='ltr'>ζητῶν,</span> <span class='ocrx_word' id='word_1_21' title='bbox 3571 551 3728 606; x_wconf 62' lang='grc' dir='ltr'>καὶδά</span> 
     </span>
    </p>
   </div>
   <div class='ocr_carea' id='block_1_4' title="bbox 566 634 2090 711">
    <p class='ocr_par' dir='ltr' id='par_1_4' title="bbox 566 634 2090 706">
     <span class='ocr_line' id='line_1_4' title="bbox 566 634 2090 706; baseline -0.003 -16"><span class='ocrx_word' id='word_1_22' title='bbox 566 639 727 691; x_wconf 88' lang='lat' dir='ltr'><strong>debat</strong></span> <span class='ocrx_word' id='word_1_23' title='bbox 767 637 908 691; x_wconf 89' lang='lat' dir='ltr'><strong>Deus</strong></span> <span class='ocrx_word' id='word_1_24' title='bbox 930 636 1120 706; x_wconf 83' lang='lat' dir='ltr'><strong>Moysi,</strong></span> <span class='ocrx_word' id='word_1_25' title='bbox 1151 637 1220 689; x_wconf 89' lang='lat' dir='ltr'><strong>ita</strong></span> <span class='ocrx_word' id='word_1_26' title='bbox 1255 634 1620 705; x_wconf 89' lang='lat' dir='ltr'><strong>respondetet</strong></span> <span class='ocrx_word' id='word_1_27' title='bbox 1651 644 1874 689; x_wconf 88' lang='lat' dir='ltr'><strong>sanctus</strong></span> <span class='ocrx_word' id='word_1_28' title='bbox 1901 635 2090 702; x_wconf 90' lang='lat' dir='ltr'><strong>quisqu</strong></span> 
     </span>
    </p>
   </div>
   <div class='ocr_carea' id='block_1_5' title="bbox 2224 634 3729 711">
    <p class='ocr_par' dir='ltr' id='par_1_5' title="bbox 2237 634 3729 711">
     <span class='ocr_line' id='line_1_5' title="bbox 2237 634 3729 711; baseline 0.006 -25"><span class='ocrx_word' id='word_1_29' title='bbox 2237 635 2391 688; x_wconf 76' lang='grc' dir='ltr'>τοῦτο</span> <span class='ocrx_word' id='word_1_30' title='bbox 2406 635 2611 703; x_wconf 86' lang='grc' dir='ltr'>λέγων·</span> <span class='ocrx_word' id='word_1_31' title='bbox 2647 655 2663 686; x_wconf 83' lang='grc' dir='ltr'><strong>ι</strong></span> <span class='ocrx_word' id='word_1_32' title='bbox 2705 635 2767 686; x_wconf 90' lang='grc' dir='ltr'><strong>Τί</strong></span> <span class='ocrx_word' id='word_1_33' title='bbox 2796 635 2874 687; x_wconf 80' lang='grc' dir='ltr'><strong>ἔτι</strong></span> <span class='ocrx_word' id='word_1_34' title='bbox 2899 634 3205 706; x_wconf 75' lang='grc' dir='ltr'>μέμφεται;</span> <span class='ocrx_word' id='word_1_35' title='bbox 3238 635 3314 705; x_wconf 82' lang='grc' dir='ltr'>τῷ</span> <span class='ocrx_word' id='word_1_36' title='bbox 3359 635 3456 706; x_wconf 74' lang='grc' dir='ltr'><strong>γὰρ</strong></span> <span class='ocrx_word' id='word_1_37' title='bbox 3494 636 3729 711; x_wconf 69' lang='grc' dir='ltr'>βουλήματι</span> 
     </span>
    </p>
   </div>
   <div class='ocr_carea' id='block_1_6' title="bbox 564 721 2090 804">
    <p class='ocr_par' dir='ltr' id='par_1_6' title="bbox 564 723 2090 798">
     <span class='ocr_line' id='line_1_6' title="bbox 564 723 2090 798; baseline -0.001 -18"><span class='ocrx_word' id='word_1_38' title='bbox 564 723 674 782; x_wconf 89' lang='lat' dir='ltr'><strong>Deo</strong></span> <span class='ocrx_word' id='word_1_39' title='bbox 701 744 717 793; x_wconf 86' lang='lat'><strong>;</strong></span> <span class='ocrx_word' id='word_1_40' title='bbox 743 728 835 798; x_wconf 90' lang='lat' dir='ltr'><strong>qui</strong></span> <span class='ocrx_word' id='word_1_41' title='bbox 867 742 999 782; x_wconf 90' lang='lat' dir='ltr'><strong>vero</strong></span> <span class='ocrx_word' id='word_1_42' title='bbox 1029 725 1261 782; x_wconf 91' lang='lat' dir='ltr'><strong>inﬁdelis</strong></span> <span class='ocrx_word' id='word_1_43' title='bbox 1313 738 1397 780; x_wconf 86' lang='lat' dir='ltr'><strong>est</strong></span> <span class='ocrx_word' id='word_1_44' title='bbox 1422 766 1438 792; x_wconf 89' lang='lat'><strong>,</strong></span> <span class='ocrx_word' id='word_1_45' title='bbox 1489 735 1542 780; x_wconf 88' lang='lat' dir='ltr'><strong>et</strong></span> <span class='ocrx_word' id='word_1_46' title='bbox 1574 727 1916 796; x_wconf 86' lang='lat' dir='ltr'><strong>perditapud</strong></span> <span class='ocrx_word' id='word_1_47' title='bbox 1958 725 2090 779; x_wconf 84' lang='lat' dir='ltr'><strong>Deut</strong></span> 
     </span>
    </p>
   </div>
   <div class='ocr_carea' id='block_1_7' title="bbox 2224 721 3732 804">
    <p class='ocr_par' dir='ltr' id='par_1_7' title="bbox 2237 721 3732 804">
     <span class='ocr_line' id='line_1_7' title="bbox 2237 721 3732 804; baseline -0.001 -24"><span class='ocrx_word' id='word_1_48' title='bbox 2237 726 2399 780; x_wconf 74' lang='grc' dir='ltr'>αὐτοῦ</span> <span class='ocrx_word' id='word_1_49' title='bbox 2433 727 2514 790; x_wconf 88' lang='grc' dir='ltr'><strong>τίς</strong></span> <span class='ocrx_word' id='word_1_50' title='bbox 2536 727 2902 798; x_wconf 81' lang='grc' dir='ltr'>ἀνθέστηκεν;</span> <span class='ocrx_word' id='word_1_51' title='bbox 2937 749 2953 779; x_wconf 74' lang='grc' dir='ltr'><strong>ι</strong></span> <span class='ocrx_word' id='word_1_52' title='bbox 2979 721 3134 791; x_wconf 71' lang='grc' dir='ltr'>οὗτος</span> <span class='ocrx_word' id='word_1_53' title='bbox 3157 729 3220 782; x_wconf 78' lang='grc' dir='ltr'><strong>ἂν</strong></span> <span class='ocrx_word' id='word_1_54' title='bbox 3251 728 3393 793; x_wconf 80' lang='grc' dir='ltr'>ἄξιος</span> <span class='ocrx_word' id='word_1_55' title='bbox 3421 731 3497 801; x_wconf 78' lang='grc' dir='ltr'>εἴη</span> <span class='ocrx_word' id='word_1_56' title='bbox 3531 734 3614 804; x_wconf 69' lang='grc' dir='ltr'><strong>τῆς</strong></span> <span class='ocrx_word' id='word_1_57' title='bbox 3645 738 3732 790; x_wconf 72' lang='grc' dir='ltr'>ἐπι..</span> 
     </span>
    </p>
   </div>
   <div class='ocr_carea' id='block_1_8' title="bbox 563 816 2090 895">
    <p class='ocr_par' dir='ltr' id='par_1_8' title="bbox 563 816 2090 888">
     <span class='ocr_line' id='line_1_8' title="bbox 563 816 2090 888; baseline -0.002 -17"><span class='ocrx_word' id='word_1_58' title='bbox 563 818 812 872; x_wconf 87' lang='lat' dir='ltr'><strong>ﬁduciam</strong></span> <span class='ocrx_word' id='word_1_59' title='bbox 869 817 1233 888; x_wconf 80' lang='lat' dir='ltr'><strong>respondendi</strong></span> <span class='ocrx_word' id='word_1_60' title='bbox 1281 819 1402 872; x_wconf 62' lang='lat' dir='ltr'><strong>vita:</strong></span> <span class='ocrx_word' id='word_1_61' title='bbox 1443 833 1553 872; x_wconf 70' lang='lat' dir='ltr'><strong>suae</strong></span> <span class='ocrx_word' id='word_1_62' title='bbox 1591 827 1643 872; x_wconf 91' lang='lat' dir='ltr'><strong>et</strong></span> <span class='ocrx_word' id='word_1_63' title='bbox 1697 816 2090 872; x_wconf 88' lang='lat' dir='ltr'><strong>conversationi</strong></span> 
     </span>
    </p>
   </div>
   <div class='ocr_carea' id='block_1_9' title="bbox 2224 816 3731 895">
    <p class='ocr_par' dir='ltr' id='par_1_9' title="bbox 2238 816 3731 895">
     <span class='ocr_line' id='line_1_9' title="bbox 2238 816 3731 895; baseline 0.003 -21"><span class='ocrx_word' id='word_1_64' title='bbox 2238 820 2481 892; x_wconf 80' lang='grc' dir='ltr'><strong>πλήξεως</strong></span> <span class='ocrx_word' id='word_1_65' title='bbox 2515 821 2610 892; x_wconf 83' lang='grc' dir='ltr'>τῆς</span> <span class='ocrx_word' id='word_1_66' title='bbox 2638 821 2899 892; x_wconf 78' lang='grc' dir='ltr'><strong>λεγούσης</strong></span> <span class='ocrx_word' id='word_1_67' title='bbox 2919 839 2931 850; x_wconf 73' lang='grc' dir='ltr'><strong>ο</strong></span> <span class='ocrx_word' id='word_1_68' title='bbox 2968 839 2986 871; x_wconf 78' lang='grc' dir='ltr'><strong>ι</strong></span> <span class='ocrx_word' id='word_1_69' title='bbox 3026 820 3321 889; x_wconf 78' lang='grc' dir='ltr'>Μενοῦνγε,</span> <span class='ocrx_word' id='word_1_70' title='bbox 3356 816 3398 875; x_wconf 76' lang='grc' dir='ltr'>ὦ</span> <span class='ocrx_word' id='word_1_71' title='bbox 3420 823 3662 895; x_wconf 82' lang='grc' dir='ltr'>ἄνθρωπε,</span> <span class='ocrx_word' id='word_1_72' title='bbox 3686 832 3731 883; x_wconf 70' lang='grc' dir='ltr'>οἱ,</span> 
     </span>
    </p>
   </div>
   <div class='ocr_carea' id='block_1_10' title="bbox 560 907 2090 982">
    <p class='ocr_par' dir='ltr' id='par_1_10' title="bbox 560 909 2090 980">
     <span class='ocr_line' id='line_1_10' title="bbox 560 909 2090 980; baseline -0.001 -16"><span class='ocrx_word' id='word_1_73' title='bbox 560 910 905 980; x_wconf 70' lang='lat' dir='ltr'><strong>indignitate,</strong></span> <span class='ocrx_word' id='word_1_74' title='bbox 935 909 1135 980; x_wconf 92' lang='lat' dir='ltr'><strong>quique</strong></span> <span class='ocrx_word' id='word_1_75' title='bbox 1167 911 1234 964; x_wconf 92' lang='lat' dir='ltr'><strong>de</strong></span> <span class='ocrx_word' id='word_1_76' title='bbox 1265 911 1347 964; x_wconf 89' lang='lat' dir='ltr'><strong>bis</strong></span> <span class='ocrx_word' id='word_1_77' title='bbox 1378 926 1480 964; x_wconf 93' lang='lat' dir='ltr'><strong>non</strong></span> <span class='ocrx_word' id='word_1_78' title='bbox 1508 912 1626 964; x_wconf 80' lang='lat' dir='ltr'><strong>ideo</strong></span> <span class='ocrx_word' id='word_1_79' title='bbox 1651 909 1845 978; x_wconf 75' lang='lat' dir='ltr'><strong>quaerit</strong></span> <span class='ocrx_word' id='word_1_80' title='bbox 1873 918 1933 964; x_wconf 88' lang='lat' dir='ltr'><strong>ut</strong></span> <span class='ocrx_word' id='word_1_81' title='bbox 1957 909 2090 964; x_wconf 69' lang='lat' dir='ltr'><strong>disce</strong></span> 
     </span>
    </p>
   </div>
   <div class='ocr_carea' id='block_1_11' title="bbox 2224 907 3733 982">
    <p class='ocr_par' dir='ltr' id='par_1_11' title="bbox 2235 907 3733 982">
     <span class='ocr_line' id='line_1_11' title="bbox 2235 907 3733 982; baseline 0.007 -20"><span class='ocrx_word' id='word_1_82' title='bbox 2235 910 2318 972; x_wconf 87' lang='grc' dir='ltr'><strong>τίς</strong></span> <span class='ocrx_word' id='word_1_83' title='bbox 2350 907 2398 962; x_wconf 85' lang='grc' dir='ltr'>εἷ</span> <span class='ocrx_word' id='word_1_84' title='bbox 2429 913 2456 962; x_wconf 84' lang='grc' dir='ltr'>ὁ</span> <span class='ocrx_word' id='word_1_85' title='bbox 2499 910 3021 981; x_wconf 72' lang='grc' dir='ltr'>ἀνταποκρινόμενος</span> <span class='ocrx_word' id='word_1_86' title='bbox 3063 911 3139 981; x_wconf 77' lang='grc' dir='ltr'><strong>τῷ</strong></span> <span class='ocrx_word' id='word_1_87' title='bbox 3171 911 3318 981; x_wconf 83' lang='grc' dir='ltr'>Θεῷ;</span> <span class='ocrx_word' id='word_1_88' title='bbox 3373 930 3390 963; x_wconf 85' lang='grc'><strong>›</strong></span> <span class='ocrx_word' id='word_1_89' title='bbox 3439 914 3549 975; x_wconf 78' lang='grc' dir='ltr'>Τοῖς</span> <span class='ocrx_word' id='word_1_90' title='bbox 3583 916 3629 968; x_wconf 79' lang='grc' dir='ltr'><strong>δὲ</strong></span> <span class='ocrx_word' id='word_1_91' title='bbox 3660 918 3733 982; x_wconf 67' lang='grc' dir='ltr'><strong>τὰς</strong></span> 
     </span>
    </p>
   </div>
   <div class='ocr_carea' id='block_1_12' title="bbox 559 1001 2090 1078">
    <p class='ocr_par' dir='ltr' id='par_1_12' title="bbox 559 1001 2090 1072">
     <span class='ocr_line' id='line_1_12' title="bbox 559 1001 2090 1072; baseline -0.002 -16"><span class='ocrx_word' id='word_1_92' title='bbox 559 1013 608 1056; x_wconf 89' lang='lat' dir='ltr'><strong>et</strong></span> <span class='ocrx_word' id='word_1_93' title='bbox 643 1002 904 1072; x_wconf 84' lang='lat' dir='ltr'><strong>proﬁciat,</strong></span> <span class='ocrx_word' id='word_1_94' title='bbox 940 1003 1034 1056; x_wconf 90' lang='lat' dir='ltr'><strong>sed</strong></span> <span class='ocrx_word' id='word_1_95' title='bbox 1071 1014 1129 1054; x_wconf 93' lang='lat' dir='ltr'><strong>ut</strong></span> <span class='ocrx_word' id='word_1_96' title='bbox 1161 1002 1451 1056; x_wconf 91' lang='lat' dir='ltr'><strong>contendat</strong></span> <span class='ocrx_word' id='word_1_97' title='bbox 1473 1012 1526 1056; x_wconf 90' lang='lat' dir='ltr'><strong>ct</strong></span> <span class='ocrx_word' id='word_1_98' title='bbox 1561 1001 1806 1066; x_wconf 83' lang='lat' dir='ltr'><strong>resistat;</strong></span> <span class='ocrx_word' id='word_1_99' title='bbox 1843 1009 1973 1054; x_wconf 88' lang='lat' dir='ltr'><strong>etut</strong></span> <span class='ocrx_word' id='word_1_100' title='bbox 2007 1014 2090 1053; x_wconf 89' lang='lat' dir='ltr'><strong>ma</strong></span> 
     </span>
    </p>
   </div>
   <div class='ocr_carea' id='block_1_13' title="bbox 2224 1001 3732 1078">
    <p class='ocr_par' dir='ltr' id='par_1_13' title="bbox 2233 1001 3732 1078">
     <span class='ocr_line' id='line_1_13' title="bbox 2233 1001 3732 1078; baseline 0.004 -24"><span class='ocrx_word' id='word_1_101' title='bbox 2233 1002 2521 1072; x_wconf 78' lang='grc' dir='ltr'><strong>διαφόρους</strong></span> <span class='ocrx_word' id='word_1_102' title='bbox 2553 1001 2742 1070; x_wconf 73' lang='grc' dir='ltr'>φύσεις</span> <span class='ocrx_word' id='word_1_103' title='bbox 2766 1002 3043 1070; x_wconf 82' lang='grc' dir='ltr'>εἰσάγουσι</span> <span class='ocrx_word' id='word_1_104' title='bbox 3073 1002 3166 1056; x_wconf 73' lang='grc' dir='ltr'><strong>καὶ</strong></span> <span class='ocrx_word' id='word_1_105' title='bbox 3198 1003 3485 1074; x_wconf 77' lang='grc' dir='ltr'>χρωμένοις</span> <span class='ocrx_word' id='word_1_106' title='bbox 3505 1005 3572 1075; x_wconf 79' lang='grc' dir='ltr'><strong>τῷ</strong></span> <span class='ocrx_word' id='word_1_107' title='bbox 3605 1009 3732 1078; x_wconf 74' lang='grc' dir='ltr'>ῥητῷ,</span> 
     </span>
    </p>
   </div>
   <div class='ocr_carea' id='block_1_14' title="bbox 557 1085 2090 1169">
    <p class='ocr_par' dir='ltr' id='par_1_14' title="bbox 557 1085 2090 1161">
     <span class='ocr_line' id='line_1_14' title="bbox 557 1085 2090 1161; baseline -0.001 -15"><span class='ocrx_word' id='word_1_108' title='bbox 557 1085 809 1146; x_wconf 78' lang='lat' dir='ltr'><strong>nil&#39;eslius</strong></span> <span class='ocrx_word' id='word_1_109' title='bbox 843 1092 1041 1156; x_wconf 90' lang='lat' dir='ltr'><strong>dicam,</strong></span> <span class='ocrx_word' id='word_1_110' title='bbox 1083 1092 1172 1160; x_wconf 90' lang='lat' dir='ltr'><strong>qui</strong></span> <span class='ocrx_word' id='word_1_111' title='bbox 1205 1092 1325 1146; x_wconf 91' lang='lat' dir='ltr'><strong>talis</strong></span> <span class='ocrx_word' id='word_1_112' title='bbox 1347 1102 1430 1146; x_wconf 85' lang='lat' dir='ltr'><strong>est</strong></span> <span class='ocrx_word' id='word_1_113' title='bbox 1456 1093 1546 1161; x_wconf 88' lang='lat' dir='ltr'><strong>qui</strong></span> <span class='ocrx_word' id='word_1_114' title='bbox 1593 1095 1706 1147; x_wconf 73' lang='lat' dir='ltr'><strong>haec</strong></span> <span class='ocrx_word' id='word_1_115' title='bbox 1749 1088 1916 1161; x_wconf 86' lang='lat' dir='ltr'><strong>possit</strong></span> <span class='ocrx_word' id='word_1_116' title='bbox 1950 1091 2090 1145; x_wconf 88' lang='lat' dir='ltr'><strong>dicer</strong></span> 
     </span>
    </p>
   </div>
   <div class='ocr_carea' id='block_1_15' title="bbox 2224 1085 3735 1169">
    <p class='ocr_par' dir='ltr' id='par_1_15' title="bbox 2232 1094 3735 1169">
     <span class='ocr_line' id='line_1_15' title="bbox 2232 1094 3735 1169; baseline 0.005 -23"><span class='ocrx_word' id='word_1_117' title='bbox 2232 1094 2402 1148; x_wconf 81' lang='grc' dir='ltr'>ταῦτα</span> <span class='ocrx_word' id='word_1_118' title='bbox 2425 1095 2672 1148; x_wconf 74' lang='grc' dir='ltr'>λεκτέονο</span> <span class='ocrx_word' id='word_1_119' title='bbox 2716 1096 2777 1148; x_wconf 82' lang='grc' dir='ltr'>Εἰ</span> <span class='ocrx_word' id='word_1_120' title='bbox 2828 1094 3056 1159; x_wconf 76' lang='grc' dir='ltr'>σώζουσι</span> <span class='ocrx_word' id='word_1_121' title='bbox 3092 1096 3152 1148; x_wconf 88' lang='grc' dir='ltr'><strong>τὸ</strong></span> <span class='ocrx_word' id='word_1_122' title='bbox 3180 1095 3286 1148; x_wconf 82' lang='grc' dir='ltr'>ἀπὸ</span> <span class='ocrx_word' id='word_1_123' title='bbox 3335 1097 3444 1158; x_wconf 82' lang='grc' dir='ltr'>ἑνὸς</span> <span class='ocrx_word' id='word_1_124' title='bbox 3478 1099 3735 1169; x_wconf 69' lang='grc' dir='ltr'>φυράματος</span> 
     </span>
    </p>
   </div>
   <div class='ocr_carea' id='block_1_16' title="bbox 555 1184 2090 1258">
    <p class='ocr_par' dir='ltr' id='par_1_16' title="bbox 555 1184 2090 1256">
     <span class='ocr_line' id='line_1_16' title="bbox 555 1184 2090 1256; baseline 0.001 -19"><span class='ocrx_word' id='word_1_125' title='bbox 555 1198 675 1254; x_wconf 67' lang='lat' dir='ltr'><strong>qum</strong></span> <span class='ocrx_word' id='word_1_126' title='bbox 704 1185 973 1255; x_wconf 83' lang='lat' dir='ltr'><strong>signiﬁcat</strong></span> <span class='ocrx_word' id='word_1_127' title='bbox 1002 1184 1290 1254; x_wconf 82' lang='lat' dir='ltr'><strong>Apostolus</strong></span> <span class='ocrx_word' id='word_1_128' title='bbox 1328 1186 1546 1240; x_wconf 90' lang='lat' dir='ltr'><strong>dicens:</strong></span> <span class='ocrx_word' id='word_1_129' title='bbox 1572 1205 1590 1238; x_wconf 79' lang='grc' dir='ltr'><strong>ι</strong></span> <span class='ocrx_word' id='word_1_130' title='bbox 1623 1187 1760 1253; x_wconf 87' lang='lat' dir='ltr'><strong>Quid</strong></span> <span class='ocrx_word' id='word_1_131' title='bbox 1793 1201 1923 1256; x_wconf 81' lang='lat' dir='ltr'><strong>ergo</strong></span> <span class='ocrx_word' id='word_1_132' title='bbox 1952 1186 2090 1239; x_wconf 79' lang='lat' dir='ltr'><strong>adliu</strong></span> 
     </span>
    </p>
   </div>
   <div class='ocr_carea' id='block_1_17' title="bbox 2224 1184 3735 1258">
    <p class='ocr_par' dir='ltr' id='par_1_17' title="bbox 2234 1185 3735 1258">
     <span class='ocr_line' id='line_1_17' title="bbox 2234 1185 3735 1258; baseline 0.003 -20"><span class='ocrx_word' id='word_1_133' title='bbox 2234 1185 2476 1254; x_wconf 89' lang='grc' dir='ltr'>γίνεσθαι</span> <span class='ocrx_word' id='word_1_134' title='bbox 2531 1188 2656 1249; x_wconf 80' lang='grc' dir='ltr'>τοὺς</span> <span class='ocrx_word' id='word_1_135' title='bbox 2697 1187 3096 1258; x_wconf 76' lang='grc' dir='ltr'>ἀπολλυμένους</span> <span class='ocrx_word' id='word_1_136' title='bbox 3137 1187 3232 1240; x_wconf 71' lang='grc' dir='ltr'><strong>καὶ</strong></span> <span class='ocrx_word' id='word_1_137' title='bbox 3278 1187 3401 1249; x_wconf 73' lang='grc' dir='ltr'>τοὺς</span> <span class='ocrx_word' id='word_1_138' title='bbox 3431 1186 3735 1258; x_wconf 78' lang='grc' dir='ltr'>σωζομένους,</span> 
     </span>
    </p>
   </div>
   <div class='ocr_carea' id='block_1_18' title="bbox 554 1272 2090 1352">
    <p class='ocr_par' dir='ltr' id='par_1_18' title="bbox 554 1275 2068 1348">
     <span class='ocr_line' id='line_1_18' title="bbox 554 1275 2068 1348; baseline -0.001 -17"><span class='ocrx_word' id='word_1_139' title='bbox 554 1275 943 1346; x_wconf 83' lang='lat' dir='ltr'><strong>conqueritur?</strong></span> <span class='ocrx_word' id='word_1_140' title='bbox 963 1277 1235 1330; x_wconf 86' lang='lat' dir='ltr'><strong>Voluntati</strong></span> <span class='ocrx_word' id='word_1_141' title='bbox 1262 1278 1404 1331; x_wconf 92' lang='lat' dir='ltr'><strong>enim</strong></span> <span class='ocrx_word' id='word_1_142' title='bbox 1442 1279 1558 1348; x_wconf 86' lang='lat' dir='ltr'><strong>ejus</strong></span> <span class='ocrx_word' id='word_1_143' title='bbox 1585 1281 1707 1348; x_wconf 89' lang='lat' dir='ltr'><strong>quis</strong></span> <span class='ocrx_word' id='word_1_144' title='bbox 1743 1280 1958 1333; x_wconf 82' lang='lat' dir='ltr'><strong>resistet</strong></span> <span class='ocrx_word' id='word_1_145' title='bbox 1983 1277 2068 1330; x_wconf 68' lang='grc'><strong>⁸⁸2</strong></span> 
     </span>
    </p>
   </div>
   <div class='ocr_carea' id='block_1_19' title="bbox 2224 1272 3737 1352">
    <p class='ocr_par' dir='ltr' id='par_1_19' title="bbox 2235 1272 3737 1352">
     <span class='ocr_line' id='line_1_19' title="bbox 2235 1272 3737 1352; baseline 0.002 -20"><span class='ocrx_word' id='word_1_146' title='bbox 2235 1279 2326 1332; x_wconf 79' lang='grc' dir='ltr'><strong>καὶ</strong></span> <span class='ocrx_word' id='word_1_147' title='bbox 2356 1278 2448 1331; x_wconf 79' lang='grc' dir='ltr'><strong>τὸν</strong></span> <span class='ocrx_word' id='word_1_148' title='bbox 2467 1279 2793 1351; x_wconf 86' lang='grc' dir='ltr'>δημιουργὸν</span> <span class='ocrx_word' id='word_1_149' title='bbox 2824 1278 2931 1332; x_wconf 86' lang='grc' dir='ltr'><strong>τῶν</strong></span> <span class='ocrx_word' id='word_1_150' title='bbox 2957 1279 3274 1350; x_wconf 74' lang='grc' dir='ltr'>σωζομένων</span> <span class='ocrx_word' id='word_1_151' title='bbox 3307 1272 3440 1331; x_wconf 81' lang='grc' dir='ltr'>εἶναι</span> <span class='ocrx_word' id='word_1_152' title='bbox 3470 1279 3737 1352; x_wconf 62' lang='grc' dir='ltr'>δημιωργδν</span> 
     </span>
    </p>
   </div>
   <div class='ocr_carea' id='block_1_20' title="bbox 554 1367 2090 1443">
    <p class='ocr_par' dir='ltr' id='par_1_20' title="bbox 554 1367 2090 1437">
     <span class='ocr_line' id='line_1_20' title="bbox 554 1367 2090 1437; baseline 0.001 -18"><span class='ocrx_word' id='word_1_153' title='bbox 554 1370 619 1419; x_wconf 87' lang='lat' dir='ltr'><strong>ad</strong></span> <span class='ocrx_word' id='word_1_154' title='bbox 651 1369 792 1421; x_wconf 89' lang='lat' dir='ltr'><strong>hunc</strong></span> <span class='ocrx_word' id='word_1_155' title='bbox 821 1376 969 1420; x_wconf 90' lang='lat' dir='ltr'><strong>recte</strong></span> <span class='ocrx_word' id='word_1_156' title='bbox 1003 1367 1303 1436; x_wconf 84' lang='lat' dir='ltr'><strong>increpatio</strong></span> <span class='ocrx_word' id='word_1_157' title='bbox 1355 1371 1453 1422; x_wconf 89' lang='lat' dir='ltr'><strong>ista</strong></span> <span class='ocrx_word' id='word_1_158' title='bbox 1484 1369 1742 1437; x_wconf 80' lang='lat' dir='ltr'><strong>dirigitur</strong></span> <span class='ocrx_word' id='word_1_159' title='bbox 1786 1383 1945 1437; x_wconf 90' lang='lat' dir='ltr'><strong>quam</strong></span> <span class='ocrx_word' id='word_1_160' title='bbox 1997 1368 2090 1423; x_wconf 78' lang='lat' dir='ltr'><strong>dici</strong></span> 
     </span>
    </p>
   </div>
   <div class='ocr_carea' id='block_1_21' title="bbox 2224 1367 3738 1443">
    <p class='ocr_par' dir='ltr' id='par_1_21' title="bbox 2232 1370 3738 1443">
     <span class='ocr_line' id='line_1_21' title="bbox 2232 1370 3738 1443; baseline 0.001 -19"><span class='ocrx_word' id='word_1_161' title='bbox 2232 1372 2323 1424; x_wconf 69' lang='grc' dir='ltr'>καὶ</span> <span class='ocrx_word' id='word_1_162' title='bbox 2347 1370 2454 1425; x_wconf 87' lang='grc' dir='ltr'><strong>τῶν</strong></span> <span class='ocrx_word' id='word_1_163' title='bbox 2479 1372 2884 1443; x_wconf 80' lang='grc' dir='ltr'>ἀπολλυμένων,</span> <span class='ocrx_word' id='word_1_164' title='bbox 2924 1374 3017 1426; x_wconf 70' lang='grc' dir='ltr'>καὶ</span> <span class='ocrx_word' id='word_1_165' title='bbox 3049 1374 3095 1424; x_wconf 82' lang='grc' dir='ltr'><strong>εί</strong></span> <span class='ocrx_word' id='word_1_166' title='bbox 3127 1372 3327 1440; x_wconf 78' lang='grc' dir='ltr'>ἀγαθὸς</span> <span class='ocrx_word' id='word_1_167' title='bbox 3358 1373 3386 1424; x_wconf 82' lang='grc' dir='ltr'>ὁ</span> <span class='ocrx_word' id='word_1_168' title='bbox 3416 1373 3564 1424; x_wconf 82' lang='grc' dir='ltr'>ποιῶν</span> <span class='ocrx_word' id='word_1_169' title='bbox 3591 1375 3640 1425; x_wconf 75' lang='grc' dir='ltr'><strong>οὐ</strong></span> <span class='ocrx_word' id='word_1_170' title='bbox 3668 1375 3738 1443; x_wconf 76' lang='grc' dir='ltr'><strong>μύ-</strong></span> 
     </span>
    </p>
   </div>
   <div class='ocr_carea' id='block_1_22' title="bbox 553 1458 2090 1537">
    <p class='ocr_par' dir='ltr' id='par_1_22' title="bbox 553 1458 2090 1530">
     <span class='ocr_line' id='line_1_22' title="bbox 553 1458 2090 1530; baseline 0.002 -20"><span class='ocrx_word' id='word_1_171' title='bbox 553 1458 884 1527; x_wconf 82' lang='lat' dir='ltr'><strong>Apostolus:</strong></span> <span class='ocrx_word' id='word_1_172' title='bbox 924 1478 943 1508; x_wconf 76' lang='grc' dir='ltr'><strong>ι</strong></span> <span class='ocrx_word' id='word_1_173' title='bbox 985 1458 1030 1514; x_wconf 91' lang='grc' dir='ltr'><strong>Ο</strong></span> <span class='ocrx_word' id='word_1_174' title='bbox 1060 1460 1254 1519; x_wconf 87' lang='lat' dir='ltr'><strong>homo.</strong></span> <span class='ocrx_word' id='word_1_175' title='bbox 1302 1471 1355 1514; x_wconf 90' lang='lat' dir='ltr'><strong>tu</strong></span> <span class='ocrx_word' id='word_1_176' title='bbox 1407 1462 1528 1530; x_wconf 83' lang='lat' dir='ltr'><strong>quis</strong></span> <span class='ocrx_word' id='word_1_177' title='bbox 1575 1476 1633 1515; x_wconf 88' lang='lat' dir='ltr'><strong>es</strong></span> <span class='ocrx_word' id='word_1_178' title='bbox 1662 1463 1751 1529; x_wconf 92' lang='lat' dir='ltr'><strong>qui</strong></span> <span class='ocrx_word' id='word_1_179' title='bbox 1805 1471 1989 1515; x_wconf 87' lang='lat' dir='ltr'><strong>contra</strong></span> <span class='ocrx_word' id='word_1_180' title='bbox 2042 1474 2090 1513; x_wconf 81' lang='lat' dir='ltr'><strong>re</strong></span> 
     </span>
    </p>
   </div>
   <div class='ocr_carea' id='block_1_23' title="bbox 2224 1458 3740 1537">
    <p class='ocr_par' dir='ltr' id='par_1_23' title="bbox 2233 1464 3740 1537">
     <span class='ocr_line' id='line_1_23' title="bbox 2233 1464 3740 1537; baseline -0.001 -17"><span class='ocrx_word' id='word_1_181' title='bbox 2233 1484 2318 1520; x_wconf 92' lang='grc' dir='ltr'><strong>νον</strong></span> <span class='ocrx_word' id='word_1_182' title='bbox 2344 1467 2761 1537; x_wconf 76' lang='grc' dir='ltr'>πνευματικοὺς,</span> <span class='ocrx_word' id='word_1_183' title='bbox 2792 1464 2926 1519; x_wconf 83' lang='grc' dir='ltr'>ἀλλὰ</span> <span class='ocrx_word' id='word_1_184' title='bbox 2969 1465 3062 1517; x_wconf 69' lang='grc' dir='ltr'><strong>καὶ</strong></span> <span class='ocrx_word' id='word_1_185' title='bbox 3094 1464 3308 1535; x_wconf 71' lang='grc' dir='ltr'>χοῖκοὺς</span> <span class='ocrx_word' id='word_1_186' title='bbox 3327 1506 3340 1528; x_wconf 96' lang='grc'><strong>,</strong></span> <span class='ocrx_word' id='word_1_187' title='bbox 3376 1464 3522 1517; x_wconf 75' lang='grc' dir='ltr'>τοῦτο</span> <span class='ocrx_word' id='word_1_188' title='bbox 3549 1466 3641 1534; x_wconf 79' lang='grc' dir='ltr'>γὰρ</span> <span class='ocrx_word' id='word_1_189' title='bbox 3666 1468 3740 1519; x_wconf 80' lang='grc' dir='ltr'>αὑ-</span> 
     </span>
    </p>
   </div>
   <div class='ocr_carea' id='block_1_24' title="bbox 552 1551 2090 1628">
    <p class='ocr_par' dir='ltr' id='par_1_24' title="bbox 552 1552 2084 1624">
     <span class='ocr_line' id='line_1_24' title="bbox 552 1552 2084 1624; baseline -0.001 -18"><span class='ocrx_word' id='word_1_190' title='bbox 552 1552 818 1621; x_wconf 81' lang='lat' dir='ltr'><strong>Spondeas</strong></span> <span class='ocrx_word' id='word_1_191' title='bbox 842 1553 948 1606; x_wconf 86' lang='lat' dir='ltr'><strong>Deo</strong></span> <span class='ocrx_word' id='word_1_192' title='bbox 979 1552 1062 1604; x_wconf 73' lang='lat'><strong>7°?</strong></span> <span class='ocrx_word' id='word_1_193' title='bbox 1101 1571 1118 1604; x_wconf 76' lang='grc' dir='ltr'><strong>ι</strong></span> <span class='ocrx_word' id='word_1_194' title='bbox 1154 1553 1245 1607; x_wconf 83' lang='lat' dir='ltr'><strong>Est</strong></span> <span class='ocrx_word' id='word_1_195' title='bbox 1273 1568 1402 1624; x_wconf 82' lang='lat' dir='ltr'><strong>ergo</strong></span> <span class='ocrx_word' id='word_1_196' title='bbox 1430 1554 1731 1624; x_wconf 84' lang='lat' dir='ltr'><strong>increpatio</strong></span> <span class='ocrx_word' id='word_1_197' title='bbox 1758 1555 1870 1607; x_wconf 65' lang='lat' dir='ltr'><strong>haec</strong></span> <span class='ocrx_word' id='word_1_198' title='bbox 1913 1567 2019 1605; x_wconf 90' lang='lat' dir='ltr'><strong>non</strong></span> <span class='ocrx_word' id='word_1_199' title='bbox 2056 1567 2084 1605; x_wconf 89' lang='lat' dir='ltr'><strong>a</strong></span> 
     </span>
    </p>
   </div>
   <div class='ocr_carea' id='block_1_25' title="bbox 2224 1551 3739 1628">
    <p class='ocr_par' dir='ltr' id='par_1_25' title="bbox 2231 1555 3739 1628">
     <span class='ocr_line' id='line_1_25' title="bbox 2231 1555 3739 1628; baseline -0.001 -17"><span class='ocrx_word' id='word_1_200' title='bbox 2231 1561 2339 1623; x_wconf 81' lang='grc' dir='ltr'>τοῖς</span> <span class='ocrx_word' id='word_1_201' title='bbox 2373 1559 2589 1611; x_wconf 69' lang='grc' dir='ltr'>ἕπεται·</span> <span class='ocrx_word' id='word_1_202' title='bbox 2637 1557 2856 1610; x_wconf 79' lang='grc' dir='ltr'>δυνατὸν</span> <span class='ocrx_word' id='word_1_203' title='bbox 2904 1555 3172 1628; x_wconf 84' lang='grc' dir='ltr'>μέντοιγε,</span> <span class='ocrx_word' id='word_1_204' title='bbox 3203 1558 3267 1609; x_wconf 81' lang='grc' dir='ltr'><strong>ὲκ</strong></span> <span class='ocrx_word' id='word_1_205' title='bbox 3314 1555 3575 1628; x_wconf 79' lang='grc' dir='ltr'>προτέρων</span> <span class='ocrx_word' id='word_1_206' title='bbox 3617 1558 3739 1609; x_wconf 82' lang='grc' dir='ltr'>τινῶν</span> 
     </span>
    </p>
   </div>
   <div class='ocr_carea' id='block_1_26' title="bbox 550 1643 2090 1723">
    <p class='ocr_par' dir='ltr' id='par_1_26' title="bbox 550 1643 2090 1718">
     <span class='ocr_line' id='line_1_26' title="bbox 550 1643 2090 1718; baseline 0 -21"><span class='ocrx_word' id='word_1_207' title='bbox 550 1643 740 1699; x_wconf 82' lang='lat' dir='ltr'><strong>ﬁdeles</strong></span> <span class='ocrx_word' id='word_1_208' title='bbox 764 1656 818 1698; x_wconf 84' lang='lat' dir='ltr'><strong>et</strong></span> <span class='ocrx_word' id='word_1_209' title='bbox 851 1655 1070 1702; x_wconf 84' lang='lat' dir='ltr'><strong>sanctos</strong></span> <span class='ocrx_word' id='word_1_210' title='bbox 1098 1647 1197 1718; x_wconf 70' lang='lat' dir='ltr'><strong>(1i),</strong></span> <span class='ocrx_word' id='word_1_211' title='bbox 1251 1647 1345 1701; x_wconf 83' lang='lat' dir='ltr'><strong>sed</strong></span> <span class='ocrx_word' id='word_1_212' title='bbox 1384 1646 1449 1699; x_wconf 86' lang='lat' dir='ltr'><strong>ad</strong></span> <span class='ocrx_word' id='word_1_213' title='bbox 1490 1645 1739 1700; x_wconf 87' lang='lat' dir='ltr'><strong>inﬁdeles</strong></span> <span class='ocrx_word' id='word_1_214' title='bbox 1795 1653 1849 1699; x_wconf 87' lang='lat' dir='ltr'><strong>et</strong></span> <span class='ocrx_word' id='word_1_215' title='bbox 1907 1645 2090 1715; x_wconf 81' lang='lat' dir='ltr'><strong>impios</strong></span> 
     </span>
    </p>
   </div>
   <div class='ocr_carea' id='block_1_27' title="bbox 2224 1643 3742 1723">
    <p class='ocr_par' dir='ltr' id='par_1_27' title="bbox 2231 1648 3742 1723">
     <span class='ocr_line' id='line_1_27' title="bbox 2231 1648 3742 1723; baseline -0.003 -18"><span class='ocrx_word' id='word_1_216' title='bbox 2231 1651 2666 1723; x_wconf 78' lang='grc' dir='ltr'>κατορθωμάτων</span> <span class='ocrx_word' id='word_1_217' title='bbox 2687 1651 2972 1720; x_wconf 75' lang='grc' dir='ltr'>γενόμενον</span> <span class='ocrx_word' id='word_1_218' title='bbox 3003 1649 3096 1702; x_wconf 78' lang='grc' dir='ltr'>νῦν</span> <span class='ocrx_word' id='word_1_219' title='bbox 3120 1649 3310 1712; x_wconf 77' lang='grc' dir='ltr'>σκεῦος</span> <span class='ocrx_word' id='word_1_220' title='bbox 3330 1651 3507 1720; x_wconf 77' lang='grc' dir='ltr'>τιμῆς,</span> <span class='ocrx_word' id='word_1_221' title='bbox 3533 1648 3596 1720; x_wconf 82' lang='grc' dir='ltr'>μὴ</span> <span class='ocrx_word' id='word_1_222' title='bbox 3621 1651 3742 1719; x_wconf 80' lang='grc' dir='ltr'>ὅμοια</span> 
     </span>
    </p>
   </div>
   <div class='ocr_carea' id='block_1_28' title="bbox 550 1734 2090 1814">
    <p class='ocr_par' dir='ltr' id='par_1_28' title="bbox 550 1734 2090 1807">
     <span class='ocr_line' id='line_1_28' title="bbox 550 1734 2090 1807; baseline 0.001 -19"><span class='ocrx_word' id='word_1_223' title='bbox 550 1734 647 1788; x_wconf 86' lang='lat' dir='ltr'><strong>llis</strong></span> <span class='ocrx_word' id='word_1_224' title='bbox 685 1740 815 1791; x_wconf 86' lang='lat' dir='ltr'><strong>vero</strong></span> <span class='ocrx_word' id='word_1_225' title='bbox 849 1737 942 1807; x_wconf 89' lang='lat' dir='ltr'><strong>qui</strong></span> <span class='ocrx_word' id='word_1_226' title='bbox 966 1739 1212 1793; x_wconf 85' lang='lat' dir='ltr'><strong>diversas</strong></span> <span class='ocrx_word' id='word_1_227' title='bbox 1249 1739 1556 1792; x_wconf 83' lang='lat' dir='ltr'><strong>animarum</strong></span> <span class='ocrx_word' id='word_1_228' title='bbox 1588 1736 1939 1793; x_wconf 84' lang='lat' dir='ltr'><strong>introducunt</strong></span> <span class='ocrx_word' id='word_1_229' title='bbox 1968 1748 2090 1791; x_wconf 90' lang='lat' dir='ltr'><strong>natu</strong></span> 
     </span>
    </p>
   </div>
   <div class='ocr_carea' id='block_1_29' title="bbox 2224 1734 3742 1814">
    <p class='ocr_par' dir='ltr' id='par_1_29' title="bbox 2230 1738 3742 1814">
     <span class='ocr_line' id='line_1_29' title="bbox 2230 1738 3742 1814; baseline -0.003 -18"><span class='ocrx_word' id='word_1_230' title='bbox 2230 1738 2286 1796; x_wconf 84' lang='grc' dir='ltr'>δὲ</span> <span class='ocrx_word' id='word_1_231' title='bbox 2318 1743 2589 1814; x_wconf 76' lang='grc' dir='ltr'>δράσαντα</span> <span class='ocrx_word' id='word_1_232' title='bbox 2627 1741 2759 1813; x_wconf 75' lang='grc' dir='ltr'>μηδὲ</span> <span class='ocrx_word' id='word_1_233' title='bbox 2783 1739 3048 1794; x_wconf 71' lang='grc' dir='ltr'>ἀκόλουθα</span> <span class='ocrx_word' id='word_1_234' title='bbox 3073 1739 3150 1811; x_wconf 83' lang='grc' dir='ltr'><strong>τῷ</strong></span> <span class='ocrx_word' id='word_1_235' title='bbox 3186 1739 3364 1793; x_wconf 80' lang='grc' dir='ltr'>σκεύει</span> <span class='ocrx_word' id='word_1_236' title='bbox 3393 1739 3484 1809; x_wconf 77' lang='grc' dir='ltr'>τῆς</span> <span class='ocrx_word' id='word_1_237' title='bbox 3527 1739 3667 1810; x_wconf 82' lang='grc' dir='ltr'>τιμῆς</span> <span class='ocrx_word' id='word_1_238' title='bbox 3682 1757 3742 1808; x_wconf 82' lang='grc' dir='ltr'>γε·</span> 
     </span>
    </p>
   </div>
   <div class='ocr_carea' id='block_1_30' title="bbox 549 1830 2090 1904">
    <p class='ocr_par' dir='ltr' id='par_1_30' title="bbox 549 1830 2090 1900">
     <span class='ocr_line' id='line_1_30' title="bbox 549 1830 2090 1900; baseline 0 -17"><span class='ocrx_word' id='word_1_239' title='bbox 549 1845 662 1895; x_wconf 88' lang='lat' dir='ltr'><strong>ras,</strong></span> <span class='ocrx_word' id='word_1_240' title='bbox 689 1839 743 1883; x_wconf 81' lang='lat' dir='ltr'><strong>et</strong></span> <span class='ocrx_word' id='word_1_241' title='bbox 768 1845 1074 1886; x_wconf 88' lang='lat' dir='ltr'><strong>sermonem</strong></span> <span class='ocrx_word' id='word_1_242' title='bbox 1117 1833 1264 1886; x_wconf 89' lang='lat' dir='ltr'><strong>hunc</strong></span> <span class='ocrx_word' id='word_1_243' title='bbox 1285 1831 1640 1900; x_wconf 89' lang='lat' dir='ltr'><strong>apostolicum</strong></span> <span class='ocrx_word' id='word_1_244' title='bbox 1667 1832 1735 1886; x_wconf 89' lang='lat' dir='ltr'><strong>ad</strong></span> <span class='ocrx_word' id='word_1_245' title='bbox 1766 1830 2090 1885; x_wconf 82' lang='lat' dir='ltr'><strong>assertioner</strong></span> 
     </span>
    </p>
   </div>
   <div class='ocr_carea' id='block_1_31' title="bbox 2224 1830 3743 1904">
    <p class='ocr_par' dir='ltr' id='par_1_31' title="bbox 2231 1831 3743 1904">
     <span class='ocr_line' id='line_1_31' title="bbox 2231 1831 3743 1904; baseline -0.003 -17"><span class='ocrx_word' id='word_1_246' title='bbox 2231 1832 2518 1897; x_wconf 82' lang='grc' dir='ltr'>νέσθαιέίς</span> <span class='ocrx_word' id='word_1_247' title='bbox 2563 1834 2748 1904; x_wconf 72' lang='grc' dir='ltr'>ἕτερον</span> <span class='ocrx_word' id='word_1_248' title='bbox 2799 1834 2968 1885; x_wconf 83' lang='grc' dir='ltr'>αἰῶνα</span> <span class='ocrx_word' id='word_1_249' title='bbox 3001 1832 3192 1895; x_wconf 77' lang='grc' dir='ltr'>σκεῦος</span> <span class='ocrx_word' id='word_1_250' title='bbox 3239 1831 3487 1902; x_wconf 80' lang='grc' dir='ltr'>ἀτιμίας·</span> <span class='ocrx_word' id='word_1_251' title='bbox 3523 1831 3590 1893; x_wconf 84' lang='grc' dir='ltr'>ὡς</span> <span class='ocrx_word' id='word_1_252' title='bbox 3621 1831 3743 1883; x_wconf 72' lang='grc' dir='ltr'>πάλιν</span> 
     </span>
    </p>
   </div>
   <div class='ocr_carea' id='block_1_32' title="bbox 550 1921 2090 1998">
    <p class='ocr_par' dir='ltr' id='par_1_32' title="bbox 550 1922 2088 1992">
     <span class='ocr_line' id='line_1_32' title="bbox 550 1922 2088 1992; baseline 0.004 -20"><span class='ocrx_word' id='word_1_253' title='bbox 550 1922 824 1990; x_wconf 81' lang='lat' dir='ltr'><strong>dogmatis</strong></span> <span class='ocrx_word' id='word_1_254' title='bbox 856 1924 937 1978; x_wconf 90' lang='lat' dir='ltr'><strong>sui</strong></span> <span class='ocrx_word' id='word_1_255' title='bbox 970 1925 1206 1987; x_wconf 78' lang='lat' dir='ltr'><strong>trahunt,</strong></span> <span class='ocrx_word' id='word_1_256' title='bbox 1237 1925 1338 1979; x_wconf 87' lang='lat' dir='ltr'><strong>hoc</strong></span> <span class='ocrx_word' id='word_1_257' title='bbox 1358 1925 1519 1978; x_wconf 89' lang='lat' dir='ltr'><strong>modo</strong></span> <span class='ocrx_word' id='word_1_258' title='bbox 1545 1924 1975 1992; x_wconf 86' lang='lat' dir='ltr'><strong>respondendum</strong></span> <span class='ocrx_word' id='word_1_259' title='bbox 2006 1934 2088 1978; x_wconf 88' lang='lat' dir='ltr'><strong>est</strong></span> 
     </span>
    </p>
   </div>
   <div class='ocr_carea' id='block_1_33' title="bbox 2224 1921 3744 1998">
    <p class='ocr_par' dir='ltr' id='par_1_33' title="bbox 2225 1921 3744 1998">
     <span class='ocr_line' id='line_1_33' title="bbox 2225 1921 3744 1998; baseline -0.003 -19"><span class='ocrx_word' id='word_1_260' title='bbox 2225 1921 2336 1980; x_wconf 74' lang='grc' dir='ltr'>οἷόν</span> <span class='ocrx_word' id='word_1_261' title='bbox 2360 1927 2420 1980; x_wconf 86' lang='grc' dir='ltr'><em>τέ</em></span> <span class='ocrx_word' id='word_1_262' title='bbox 2447 1929 2563 1980; x_wconf 79' lang='grc' dir='ltr'>ἐστι</span> <span class='ocrx_word' id='word_1_263' title='bbox 2589 1927 2676 1979; x_wconf 70' lang='grc' dir='ltr'><strong>διὰ</strong></span> <span class='ocrx_word' id='word_1_264' title='bbox 2706 1925 3052 1998; x_wconf 78' lang='grc' dir='ltr'>πρεσϐύτερα</span> <span class='ocrx_word' id='word_1_265' title='bbox 3080 1923 3268 1978; x_wconf 76' lang='grc' dir='ltr'>τούτου</span> <span class='ocrx_word' id='word_1_266' title='bbox 3293 1924 3386 1977; x_wconf 76' lang='grc' dir='ltr'>τοῦ</span> <span class='ocrx_word' id='word_1_267' title='bbox 3423 1924 3529 1995; x_wconf 80' lang='grc' dir='ltr'>βίου</span> <span class='ocrx_word' id='word_1_268' title='bbox 3575 1924 3744 1993; x_wconf 81' lang='grc' dir='ltr'>γενόμε-</span> 
     </span>
    </p>
   </div>
   <div class='ocr_carea' id='block_1_34' title="bbox 550 2010 2090 2087">
    <p class='ocr_par' dir='ltr' id='par_1_34' title="bbox 550 2010 2090 2085">
     <span class='ocr_line' id='line_1_34' title="bbox 550 2010 2090 2085; baseline 0.004 -20"><span class='ocrx_word' id='word_1_269' title='bbox 550 2010 607 2065; x_wconf 89' lang='lat' dir='ltr'><strong>Si</strong></span> <span class='ocrx_word' id='word_1_270' title='bbox 635 2023 846 2068; x_wconf 86' lang='lat' dir='ltr'><strong>constat</strong></span> <span class='ocrx_word' id='word_1_271' title='bbox 876 2015 1039 2069; x_wconf 89' lang='lat' dir='ltr'><strong>etiam</strong></span> <span class='ocrx_word' id='word_1_272' title='bbox 1067 2016 1208 2084; x_wconf 88' lang='lat' dir='ltr'><strong>apud</strong></span> <span class='ocrx_word' id='word_1_273' title='bbox 1239 2017 1383 2085; x_wconf 91' lang='lat' dir='ltr'><strong>ipsos</strong></span> <span class='ocrx_word' id='word_1_274' title='bbox 1417 2015 1518 2072; x_wconf 90' lang='lat' dir='ltr'><strong>hoc</strong></span> <span class='ocrx_word' id='word_1_275' title='bbox 1551 2017 1692 2085; x_wconf 88' lang='lat' dir='ltr'><strong>qttod</strong></span> <span class='ocrx_word' id='word_1_276' title='bbox 1721 2030 1786 2069; x_wconf 84' lang='lat' dir='ltr'><strong>ex</strong></span> <span class='ocrx_word' id='word_1_277' title='bbox 1817 2031 1921 2070; x_wconf 88' lang='lat' dir='ltr'><strong>una</strong></span> <span class='ocrx_word' id='word_1_278' title='bbox 1943 2031 2090 2071; x_wconf 12' lang='lat' dir='ltr'><strong>massa</strong></span> 
     </span>
    </p>
   </div>
   <div class='ocr_carea' id='block_1_35' title="bbox 2224 2010 3743 2087">
    <p class='ocr_par' dir='ltr' id='par_1_35' title="bbox 2228 2014 3743 2087">
     <span class='ocr_line' id='line_1_35' title="bbox 2228 2014 3743 2087; baseline -0.005 -18"><span class='ocrx_word' id='word_1_279' title='bbox 2228 2033 2315 2070; x_wconf 87' lang='grc' dir='ltr'><strong>νον</strong></span> <span class='ocrx_word' id='word_1_280' title='bbox 2343 2017 2531 2082; x_wconf 76' lang='grc' dir='ltr'>σκεῦος</span> <span class='ocrx_word' id='word_1_281' title='bbox 2552 2017 2772 2087; x_wconf 77' lang='grc' dir='ltr'>ἀτιμίας</span> <span class='ocrx_word' id='word_1_282' title='bbox 2801 2015 3004 2082; x_wconf 76' lang='grc' dir='ltr'>ἐνθάδε,</span> <span class='ocrx_word' id='word_1_283' title='bbox 3025 2014 3413 2086; x_wconf 84' lang='grc' dir='ltr'>διορθώσαντα,</span> <span class='ocrx_word' id='word_1_284' title='bbox 3447 2018 3500 2067; x_wconf 80' lang='grc' dir='ltr'><strong>ἐν</strong></span> <span class='ocrx_word' id='word_1_285' title='bbox 3537 2018 3592 2084; x_wconf 77' lang='grc' dir='ltr'>τῇ</span> <span class='ocrx_word' id='word_1_286' title='bbox 3624 2015 3743 2081; x_wconf 72' lang='grc' dir='ltr'>καινῇ</span> 
     </span>
    </p>
   </div>
   <div class='ocr_carea' id='block_1_36' title="bbox 549 2103 2090 2178">
    <p class='ocr_par' dir='ltr' id='par_1_36' title="bbox 549 2103 2090 2177">
     <span class='ocr_line' id='line_1_36' title="bbox 549 2103 2090 2177; baseline 0.003 -20"><span class='ocrx_word' id='word_1_287' title='bbox 549 2103 826 2174; x_wconf 62' lang='grc' dir='ltr'><strong>ἢθτίξαίρὶι</strong></span> <span class='ocrx_word' id='word_1_288' title='bbox 861 2106 1151 2174; x_wconf 88' lang='lat' dir='ltr'><strong>Apostolus</strong></span> <span class='ocrx_word' id='word_1_289' title='bbox 1182 2118 1235 2162; x_wconf 92' lang='lat' dir='ltr'><strong>et</strong></span> <span class='ocrx_word' id='word_1_290' title='bbox 1267 2123 1360 2162; x_wconf 89' lang='lat' dir='ltr'><strong>eos</strong></span> <span class='ocrx_word' id='word_1_291' title='bbox 1392 2108 1482 2177; x_wconf 89' lang='lat' dir='ltr'><strong>qui</strong></span> <span class='ocrx_word' id='word_1_292' title='bbox 1521 2107 1586 2160; x_wconf 89' lang='lat' dir='ltr'><strong>ad</strong></span> <span class='ocrx_word' id='word_1_293' title='bbox 1623 2109 1884 2162; x_wconf 89' lang='lat' dir='ltr'><strong>bonorcm</strong></span> <span class='ocrx_word' id='word_1_294' title='bbox 1927 2115 1981 2160; x_wconf 89' lang='lat' dir='ltr'><strong>et</strong></span> <span class='ocrx_word' id='word_1_295' title='bbox 2027 2121 2090 2162; x_wconf 91' lang='lat' dir='ltr'><strong>eo</strong></span> 
     </span>
    </p>
   </div>
   <div class='ocr_carea' id='block_1_37' title="bbox 2224 2103 3746 2178">
    <p class='ocr_par' dir='ltr' id='par_1_37' title="bbox 2229 2104 3746 2178">
     <span class='ocr_line' id='line_1_37' title="bbox 2229 2104 3746 2178; baseline -0.003 -18"><span class='ocrx_word' id='word_1_296' title='bbox 2229 2109 2401 2161; x_wconf 82' lang='grc' dir='ltr'>κτίσει</span> <span class='ocrx_word' id='word_1_297' title='bbox 2433 2109 2685 2176; x_wconf 86' lang='grc' dir='ltr'>γενέσθαι</span> <span class='ocrx_word' id='word_1_298' title='bbox 2717 2108 2908 2172; x_wconf 79' lang='grc' dir='ltr'>σκεῦος</span> <span class='ocrx_word' id='word_1_299' title='bbox 2943 2108 3140 2178; x_wconf 82' lang='grc' dir='ltr'>τιμῆς,</span> <span class='ocrx_word' id='word_1_300' title='bbox 3178 2107 3526 2178; x_wconf 80' lang='grc' dir='ltr'>ἡγιασμένον,</span> <span class='ocrx_word' id='word_1_301' title='bbox 3559 2107 3640 2158; x_wconf 79' lang='grc' dir='ltr'><strong>καὶ</strong></span> <span class='ocrx_word' id='word_1_302' title='bbox 3683 2104 3746 2157; x_wconf 75' lang='grc' dir='ltr'><strong>εὖ·</strong></span> 
     </span>
    </p>
   </div>
   <div class='ocr_carea' id='block_1_38' title="bbox 549 2196 2090 2270">
    <p class='ocr_par' dir='ltr' id='par_1_38' title="bbox 549 2197 2090 2268">
     <span class='ocr_line' id='line_1_38' title="bbox 549 2197 2090 2268; baseline 0.003 -18"><span class='ocrx_word' id='word_1_303' title='bbox 549 2197 641 2265; x_wconf 83' lang='lat' dir='ltr'><strong>qni</strong></span> <span class='ocrx_word' id='word_1_304' title='bbox 680 2197 746 2259; x_wconf 84' lang='lat' dir='ltr'><strong>ad</strong></span> <span class='ocrx_word' id='word_1_305' title='bbox 793 2198 1175 2252; x_wconf 81' lang='lat' dir='ltr'><strong>contumeliam</strong></span> <span class='ocrx_word' id='word_1_306' title='bbox 1217 2198 1375 2265; x_wconf 82' lang='lat' dir='ltr'><strong>ﬁunt,</strong></span> <span class='ocrx_word' id='word_1_307' title='bbox 1428 2214 1566 2268; x_wconf 87' lang='lat' dir='ltr'><strong>quos</strong></span> <span class='ocrx_word' id='word_1_308' title='bbox 1625 2198 1724 2268; x_wconf 86' lang='lat' dir='ltr'><strong>ipsi</strong></span> <span class='ocrx_word' id='word_1_309' title='bbox 1759 2201 2034 2254; x_wconf 75' lang='lat' dir='ltr'><strong>salvandze</strong></span> <span class='ocrx_word' id='word_1_310' title='bbox 2067 2216 2090 2255; x_wconf 85' lang='lat' dir='ltr'><strong>e</strong></span> 
     </span>
    </p>
   </div>
   <div class='ocr_carea' id='block_1_39' title="bbox 2224 2196 3748 2270">
    <p class='ocr_par' dir='ltr' id='par_1_39' title="bbox 2226 2196 3748 2270">
     <span class='ocr_line' id='line_1_39' title="bbox 2226 2196 3748 2270; baseline -0.001 -20"><span class='ocrx_word' id='word_1_311' title='bbox 2226 2215 2457 2270; x_wconf 83' lang='grc' dir='ltr'>χρηστον</span> <span class='ocrx_word' id='word_1_312' title='bbox 2493 2198 2569 2269; x_wconf 77' lang='grc' dir='ltr'><strong>τῷ</strong></span> <span class='ocrx_word' id='word_1_313' title='bbox 2607 2198 2845 2269; x_wconf 82' lang='grc' dir='ltr'>Δεσπότῃ</span> <span class='ocrx_word' id='word_1_314' title='bbox 2884 2200 2961 2260; x_wconf 87' lang='grc' dir='ltr'>εἰς</span> <span class='ocrx_word' id='word_1_315' title='bbox 2998 2199 3102 2250; x_wconf 83' lang='grc' dir='ltr'><strong>πᾶν</strong></span> <span class='ocrx_word' id='word_1_316' title='bbox 3128 2196 3285 2268; x_wconf 79' lang='grc' dir='ltr'>ἔργον</span> <span class='ocrx_word' id='word_1_317' title='bbox 3329 2196 3527 2265; x_wconf 81' lang='grc' dir='ltr'>ἀγαθὸν</span> <span class='ocrx_word' id='word_1_318' title='bbox 3566 2197 3748 2266; x_wconf 77' lang='grc' dir='ltr'>ἡτοιμαο</span> 
     </span>
    </p>
   </div>
   <div class='ocr_carea' id='block_1_40' title="bbox 547 2285 2090 2361">
    <p class='ocr_par' dir='ltr' id='par_1_40' title="bbox 547 2288 2090 2361">
     <span class='ocr_line' id='line_1_40' title="bbox 547 2288 2090 2361; baseline 0.004 -21"><span class='ocrx_word' id='word_1_319' title='bbox 547 2288 773 2355; x_wconf 79' lang='lat' dir='ltr'><strong>perditae</strong></span> <span class='ocrx_word' id='word_1_320' title='bbox 807 2301 1014 2343; x_wconf 72' lang='lat' dir='ltr'><strong>natura:</strong></span> <span class='ocrx_word' id='word_1_321' title='bbox 1040 2301 1260 2353; x_wconf 86' lang='lat' dir='ltr'><strong>vocant,</strong></span> <span class='ocrx_word' id='word_1_322' title='bbox 1289 2291 1402 2361; x_wconf 84' lang='lat' dir='ltr'><strong>jam</strong></span> <span class='ocrx_word' id='word_1_323' title='bbox 1424 2308 1530 2348; x_wconf 89' lang='lat' dir='ltr'><strong>nun</strong></span> <span class='ocrx_word' id='word_1_324' title='bbox 1565 2301 1722 2347; x_wconf 89' lang='lat' dir='ltr'><strong>erunt</strong></span> <span class='ocrx_word' id='word_1_325' title='bbox 1759 2292 1983 2346; x_wconf 69' lang='lat' dir='ltr'><strong>diversae</strong></span> <span class='ocrx_word' id='word_1_326' title='bbox 2005 2292 2090 2346; x_wconf 89' lang='lat' dir='ltr'><strong>ani</strong></span> 
     </span>
    </p>
   </div>
   <div class='ocr_carea' id='block_1_41' title="bbox 2224 2285 3748 2361">
    <p class='ocr_par' dir='ltr' id='par_1_41' title="bbox 2230 2285 3748 2360">
     <span class='ocr_line' id='line_1_41' title="bbox 2230 2285 3748 2360; baseline -0.002 -20"><span class='ocrx_word' id='word_1_327' title='bbox 2230 2288 2444 2360; x_wconf 81' lang='grc' dir='ltr'>σμένον.</span> <span class='ocrx_word' id='word_1_328' title='bbox 2473 2289 2582 2343; x_wconf 73' lang='grc' dir='ltr'>Καὶ</span> <span class='ocrx_word' id='word_1_329' title='bbox 2615 2290 2754 2360; x_wconf 81' lang='grc' dir='ltr'>τάχα</span> <span class='ocrx_word' id='word_1_330' title='bbox 2793 2290 2842 2341; x_wconf 88' lang='grc' dir='ltr'><strong>οί</strong></span> <span class='ocrx_word' id='word_1_331' title='bbox 2867 2287 2959 2340; x_wconf 80' lang='grc' dir='ltr'>νῦν</span> <span class='ocrx_word' id='word_1_332' title='bbox 3010 2288 3333 2359; x_wconf 86' lang='grc' dir='ltr'>Ἰσραηλῖται</span> <span class='ocrx_word' id='word_1_333' title='bbox 3374 2287 3448 2358; x_wconf 72' lang='grc' dir='ltr'>μὴ</span> <span class='ocrx_word' id='word_1_334' title='bbox 3490 2286 3637 2353; x_wconf 81' lang='grc' dir='ltr'>ἀξίως</span> <span class='ocrx_word' id='word_1_335' title='bbox 3673 2285 3748 2354; x_wconf 78' lang='grc' dir='ltr'>τῆς</span> 
     </span>
    </p>
   </div>
   <div class='ocr_carea' id='block_1_42' title="bbox 547 2377 2090 2453">
    <p class='ocr_par' dir='ltr' id='par_1_42' title="bbox 547 2380 2090 2453">
     <span class='ocr_line' id='line_1_42' title="bbox 547 2380 2090 2453; baseline 0.004 -21"><span class='ocrx_word' id='word_1_336' title='bbox 547 2393 758 2434; x_wconf 83' lang='lat' dir='ltr'><strong>marum</strong></span> <span class='ocrx_word' id='word_1_337' title='bbox 791 2391 1000 2435; x_wconf 74' lang='lat' dir='ltr'><strong>natura:</strong></span> <span class='ocrx_word' id='word_1_338' title='bbox 1034 2380 1131 2452; x_wconf 81' lang='lat'><strong>(5),</strong></span> <span class='ocrx_word' id='word_1_339' title='bbox 1159 2383 1253 2436; x_wconf 88' lang='lat' dir='ltr'><strong>sed</strong></span> <span class='ocrx_word' id='word_1_340' title='bbox 1292 2397 1393 2435; x_wconf 88' lang='lat' dir='ltr'><strong>una</strong></span> <span class='ocrx_word' id='word_1_341' title='bbox 1431 2384 1692 2437; x_wconf 91' lang='lat' dir='ltr'><strong>omnium.</strong></span> <span class='ocrx_word' id='word_1_342' title='bbox 1739 2381 1805 2436; x_wconf 90' lang='lat' dir='ltr'><strong>Et</strong></span> <span class='ocrx_word' id='word_1_343' title='bbox 1830 2385 1874 2437; x_wconf 89' lang='lat' dir='ltr'><strong>si</strong></span> <span class='ocrx_word' id='word_1_344' title='bbox 1903 2384 2090 2453; x_wconf 86' lang='lat' dir='ltr'><strong>acquie</strong></span> 
     </span>
    </p>
   </div>
   <div class='ocr_carea' id='block_1_43' title="bbox 2224 2377 3750 2453">
    <p class='ocr_par' dir='ltr' id='par_1_43' title="bbox 2228 2377 3750 2452">
     <span class='ocr_line' id='line_1_43' title="bbox 2228 2377 3750 2452; baseline -0.003 -18"><span class='ocrx_word' id='word_1_345' title='bbox 2228 2382 2505 2450; x_wconf 80' lang='grc' dir='ltr'>εὐγενείας</span> <span class='ocrx_word' id='word_1_346' title='bbox 2558 2382 2866 2452; x_wconf 66' lang='grc' dir='ltr'>βιώσαντες,</span> <span class='ocrx_word' id='word_1_347' title='bbox 2907 2381 3257 2434; x_wconf 80' lang='grc' dir='ltr'>ἐκπεσοῦνται</span> <span class='ocrx_word' id='word_1_348' title='bbox 3281 2381 3376 2434; x_wconf 78' lang='grc' dir='ltr'>τοῦ</span> <span class='ocrx_word' id='word_1_349' title='bbox 3401 2381 3596 2450; x_wconf 83' lang='grc' dir='ltr'>γένους,</span> <span class='ocrx_word' id='word_1_350' title='bbox 3625 2377 3750 2432; x_wconf 67' lang='grc' dir='ltr'>οἱονεὶ</span> 
     </span>
    </p>
   </div>
   <div class='ocr_carea' id='block_1_44' title="bbox 548 2469 2090 2549">
    <p class='ocr_par' dir='ltr' id='par_1_44' title="bbox 548 2469 2090 2542">
     <span class='ocr_line' id='line_1_44' title="bbox 548 2469 2090 2542; baseline 0.003 -19"><span class='ocrx_word' id='word_1_351' title='bbox 548 2480 710 2524; x_wconf 90' lang='lat' dir='ltr'><strong>scunt</strong></span> <span class='ocrx_word' id='word_1_352' title='bbox 733 2469 878 2539; x_wconf 85' lang='lat' dir='ltr'><strong>quod</strong></span> <span class='ocrx_word' id='word_1_353' title='bbox 915 2487 1057 2524; x_wconf 88' lang='lat' dir='ltr'><strong>unus</strong></span> <span class='ocrx_word' id='word_1_354' title='bbox 1084 2481 1251 2540; x_wconf 85' lang='lat' dir='ltr'><strong>atque</strong></span> <span class='ocrx_word' id='word_1_355' title='bbox 1286 2472 1425 2524; x_wconf 90' lang='lat' dir='ltr'><strong>idem</strong></span> <span class='ocrx_word' id='word_1_356' title='bbox 1456 2472 1648 2542; x_wconf 83' lang='lat' dir='ltr'><strong>ﬁgulus</strong></span> <span class='ocrx_word' id='word_1_357' title='bbox 1680 2489 1842 2526; x_wconf 88' lang='lat' dir='ltr'><strong>unum</strong></span> <span class='ocrx_word' id='word_1_358' title='bbox 1872 2473 1992 2526; x_wconf 87' lang='lat' dir='ltr'><strong>sine</strong></span> <span class='ocrx_word' id='word_1_359' title='bbox 2023 2475 2090 2528; x_wconf 88' lang='lat' dir='ltr'><strong>du</strong></span> 
     </span>
    </p>
   </div>
   <div class='ocr_carea' id='block_1_45' title="bbox 2224 2469 3748 2549">
    <p class='ocr_par' dir='ltr' id='par_1_45' title="bbox 2225 2472 3748 2549">
     <span class='ocr_line' id='line_1_45' title="bbox 2225 2472 3748 2549; baseline -0.003 -21"><span class='ocrx_word' id='word_1_360' title='bbox 2225 2474 2334 2528; x_wconf 78' lang='grc' dir='ltr'>ἀπὸ</span> <span class='ocrx_word' id='word_1_361' title='bbox 2364 2473 2572 2526; x_wconf 80' lang='grc' dir='ltr'>σκευῶν</span> <span class='ocrx_word' id='word_1_362' title='bbox 2607 2474 2768 2545; x_wconf 77' lang='grc' dir='ltr'>τιμῆς</span> <span class='ocrx_word' id='word_1_363' title='bbox 2798 2476 2878 2536; x_wconf 77' lang='grc' dir='ltr'><strong>εἰς</strong></span> <span class='ocrx_word' id='word_1_364' title='bbox 2909 2472 3100 2536; x_wconf 75' lang='grc' dir='ltr'>σκεῦος</span> <span class='ocrx_word' id='word_1_365' title='bbox 3124 2473 3346 2549; x_wconf 76' lang='grc' dir='ltr'>ἀτιμίας</span> <span class='ocrx_word' id='word_1_366' title='bbox 3377 2472 3748 2545; x_wconf 55' lang='grc' dir='ltr'>μεταϐαλόντες</span> 
     </span>
    </p>
   </div>
   <div class='ocr_carea' id='block_1_46' title="bbox 548 2562 2090 2636">
    <p class='ocr_par' dir='ltr' id='par_1_46' title="bbox 548 2562 2090 2630">
     <span class='ocr_line' id='line_1_46' title="bbox 548 2562 2090 2630; baseline 0.004 -14"><span class='ocrx_word' id='word_1_367' title='bbox 548 2562 640 2616; x_wconf 88' lang='lat' dir='ltr'><strong>bio</strong></span> <span class='ocrx_word' id='word_1_368' title='bbox 678 2572 983 2618; x_wconf 85' lang='lat' dir='ltr'><strong>creatorem</strong></span> <span class='ocrx_word' id='word_1_369' title='bbox 1007 2564 1275 2630; x_wconf 80' lang='lat' dir='ltr'><strong>designet,</strong></span> <span class='ocrx_word' id='word_1_370' title='bbox 1305 2566 1507 2619; x_wconf 85' lang='lat' dir='ltr'><strong>diversi</strong></span> <span class='ocrx_word' id='word_1_371' title='bbox 1533 2581 1641 2620; x_wconf 87' lang='lat' dir='ltr'><strong>non</strong></span> <span class='ocrx_word' id='word_1_372' title='bbox 1669 2575 2090 2622; x_wconf 83' lang='lat' dir='ltr'><strong>eruntereatore</strong></span> 
     </span>
    </p>
   </div>
   <div class='ocr_carea' id='block_1_47' title="bbox 2224 2562 3751 2636">
    <p class='ocr_par' dir='ltr' id='par_1_47' title="bbox 2225 2562 3751 2636">
     <span class='ocr_line' id='line_1_47' title="bbox 2225 2562 3751 2636; baseline -0.003 -16"><span class='ocrx_word' id='word_1_373' title='bbox 2225 2568 2318 2621; x_wconf 76' lang='grc' dir='ltr'><strong>καὶ</strong></span> <span class='ocrx_word' id='word_1_374' title='bbox 2371 2567 2554 2620; x_wconf 78' lang='grc' dir='ltr'>πολλοὶ</span> <span class='ocrx_word' id='word_1_375' title='bbox 2591 2566 2700 2619; x_wconf 86' lang='grc' dir='ltr'><strong>τῶν</strong></span> <span class='ocrx_word' id='word_1_376' title='bbox 2741 2565 2835 2618; x_wconf 77' lang='grc' dir='ltr'>νῦν</span> <span class='ocrx_word' id='word_1_377' title='bbox 2877 2565 3186 2634; x_wconf 83' lang='grc' dir='ltr'>Αἰγυπτίων</span> <span class='ocrx_word' id='word_1_378' title='bbox 3237 2566 3331 2618; x_wconf 63' lang='grc' dir='ltr'><strong>κα)⁸</strong></span> <span class='ocrx_word' id='word_1_379' title='bbox 3381 2565 3667 2636; x_wconf 81' lang='grc' dir='ltr'>Ἰδουμαίων</span> <span class='ocrx_word' id='word_1_380' title='bbox 3692 2562 3751 2632; x_wconf 73' lang='grc' dir='ltr'>τῷ</span> 
     </span>
    </p>
   </div>
   <div class='ocr_carea' id='block_1_48' title="bbox 549 2655 2090 2732">
    <p class='ocr_par' dir='ltr' id='par_1_48' title="bbox 549 2655 2090 2730">
     <span class='ocr_line' id='line_1_48' title="bbox 549 2655 2090 2730; baseline 0.005 -22"><span class='ocrx_word' id='word_1_381' title='bbox 549 2655 633 2708; x_wconf 87' lang='lat' dir='ltr'><strong>vel</strong></span> <span class='ocrx_word' id='word_1_382' title='bbox 677 2671 863 2710; x_wconf 91' lang='lat' dir='ltr'><strong>eorum</strong></span> <span class='ocrx_word' id='word_1_383' title='bbox 920 2658 1012 2724; x_wconf 91' lang='lat' dir='ltr'><strong>qui</strong></span> <span class='ocrx_word' id='word_1_384' title='bbox 1054 2659 1357 2725; x_wconf 88' lang='lat' dir='ltr'><strong>salvantur,</strong></span> <span class='ocrx_word' id='word_1_385' title='bbox 1395 2659 1476 2713; x_wconf 93' lang='lat' dir='ltr'><strong>vel</strong></span> <span class='ocrx_word' id='word_1_386' title='bbox 1511 2676 1696 2716; x_wconf 90' lang='lat' dir='ltr'><strong>eorum</strong></span> <span class='ocrx_word' id='word_1_387' title='bbox 1727 2663 1816 2730; x_wconf 91' lang='lat' dir='ltr'><strong>qui</strong></span> <span class='ocrx_word' id='word_1_388' title='bbox 1872 2674 2090 2730; x_wconf 90' lang='lat' dir='ltr'><strong>pereunt</strong></span> 
     </span>
    </p>
   </div>
   <div class='ocr_carea' id='block_1_49' title="bbox 2224 2655 3752 2732">
    <p class='ocr_par' dir='ltr' id='par_1_49' title="bbox 2238 2656 3752 2732">
     <span class='ocr_line' id='line_1_49' title="bbox 2238 2656 3752 2732; baseline -0.005 -19"><span class='ocrx_word' id='word_1_389' title='bbox 2238 2657 2457 2732; x_wconf 78' lang='grc' dir='ltr'>Ἰσραὴλ</span> <span class='ocrx_word' id='word_1_390' title='bbox 2514 2657 2935 2728; x_wconf 84' lang='grc' dir='ltr'>προσελθόντες,</span> <span class='ocrx_word' id='word_1_391' title='bbox 2987 2656 3123 2710; x_wconf 76' lang='grc' dir='ltr'>ἐπὰν</span> <span class='ocrx_word' id='word_1_392' title='bbox 3166 2658 3644 2729; x_wconf 75' lang='grc' dir='ltr'>καρποφορήσωσιν</span> <span class='ocrx_word' id='word_1_393' title='bbox 3683 2657 3752 2707; x_wconf 72' lang='grc' dir='ltr'><strong>ἐπὶ</strong></span> 
     </span>
    </p>
   </div>
   <div class='ocr_carea' id='block_1_50' title="bbox 547 2743 2090 2821">
    <p class='ocr_par' dir='ltr' id='par_1_50' title="bbox 547 2743 2090 2821">
     <span class='ocr_line' id='line_1_50' title="bbox 547 2743 2090 2821; baseline 0.003 -22"><span class='ocrx_word' id='word_1_394' title='bbox 547 2743 667 2799; x_wconf 84' lang='lat' dir='ltr'><strong>Jam</strong></span> <span class='ocrx_word' id='word_1_395' title='bbox 708 2761 840 2800; x_wconf 81' lang='lat' dir='ltr'><strong>sane</strong></span> <span class='ocrx_word' id='word_1_396' title='bbox 863 2745 1068 2816; x_wconf 80' lang='lat' dir='ltr'><strong>eligant</strong></span> <span class='ocrx_word' id='word_1_397' title='bbox 1101 2759 1280 2802; x_wconf 90' lang='lat' dir='ltr'><strong>utrum</strong></span> <span class='ocrx_word' id='word_1_398' title='bbox 1311 2748 1379 2802; x_wconf 89' lang='lat' dir='ltr'><strong>de</strong></span> <span class='ocrx_word' id='word_1_399' title='bbox 1408 2749 1551 2804; x_wconf 88' lang='lat' dir='ltr'><strong>bono</strong></span> <span class='ocrx_word' id='word_1_400' title='bbox 1581 2750 1749 2805; x_wconf 86' lang='lat' dir='ltr'><strong>velint</strong></span> <span class='ocrx_word' id='word_1_401' title='bbox 1777 2751 1996 2821; x_wconf 80' lang='lat' dir='ltr'><strong>intelligi</strong></span> <span class='ocrx_word' id='word_1_402' title='bbox 2025 2768 2090 2821; x_wconf 92' lang='lat' dir='ltr'><strong>qu</strong></span> 
     </span>
    </p>
   </div>
   <div class='ocr_carea' id='block_1_51' title="bbox 2224 2743 3753 2821">
    <p class='ocr_par' dir='ltr' id='par_1_51' title="bbox 2227 2746 3753 2821">
     <span class='ocr_line' id='line_1_51' title="bbox 2227 2746 3753 2821; baseline -0.005 -16"><span class='ocrx_word' id='word_1_403' title='bbox 2227 2752 2427 2816; x_wconf 89' lang='grc' dir='ltr'>πλεῖον,</span> <span class='ocrx_word' id='word_1_404' title='bbox 2462 2751 2857 2804; x_wconf 82' lang='grc' dir='ltr'>εἰσελεύσονται</span> <span class='ocrx_word' id='word_1_405' title='bbox 2878 2752 2957 2814; x_wconf 78' lang='grc' dir='ltr'><strong>εἰς</strong></span> <span class='ocrx_word' id='word_1_406' title='bbox 3003 2748 3326 2818; x_wconf 81' lang='grc' dir='ltr'>Ἐκκλησίαν</span> <span class='ocrx_word' id='word_1_407' title='bbox 3347 2749 3568 2821; x_wconf 84' lang='grc' dir='ltr'>Κυρίου,</span> <span class='ocrx_word' id='word_1_408' title='bbox 3598 2746 3753 2800; x_wconf 75' lang='grc' dir='ltr'>οὐκέτι</span> 
     </span>
    </p>
   </div>
   <div class='ocr_carea' id='block_1_52' title="bbox 544 2825 2090 2912">
    <p class='ocr_par' dir='ltr' id='par_1_52' title="bbox 544 2837 2088 2911">
     <span class='ocr_line' id='line_1_52' title="bbox 544 2837 2088 2911; baseline 0.003 -19"><span class='ocrx_word' id='word_1_409' title='bbox 544 2848 698 2893; x_wconf 88' lang='lat' dir='ltr'><strong>creat</strong></span> <span class='ocrx_word' id='word_1_410' title='bbox 720 2837 896 2892; x_wconf 86' lang='lat' dir='ltr'><strong>malos</strong></span> <span class='ocrx_word' id='word_1_411' title='bbox 929 2849 984 2892; x_wconf 83' lang='lat' dir='ltr'><strong>et</strong></span> <span class='ocrx_word' id='word_1_412' title='bbox 1013 2840 1278 2907; x_wconf 83' lang='lat' dir='ltr'><strong>perditos,</strong></span> <span class='ocrx_word' id='word_1_413' title='bbox 1310 2855 1376 2893; x_wconf 89' lang='lat' dir='ltr'><strong>an</strong></span> <span class='ocrx_word' id='word_1_414' title='bbox 1412 2841 1478 2894; x_wconf 90' lang='lat' dir='ltr'><strong>de</strong></span> <span class='ocrx_word' id='word_1_415' title='bbox 1515 2859 1618 2896; x_wconf 92' lang='lat' dir='ltr'><strong>non</strong></span> <span class='ocrx_word' id='word_1_416' title='bbox 1664 2843 1806 2898; x_wconf 83' lang='lat' dir='ltr'><strong>bono</strong></span> <span class='ocrx_word' id='word_1_417' title='bbox 1828 2844 1920 2911; x_wconf 90' lang='lat' dir='ltr'><strong>qui</strong></span> <span class='ocrx_word' id='word_1_418' title='bbox 1964 2859 2088 2899; x_wconf 88' lang='lat' dir='ltr'><strong>crea</strong></span> 
     </span>
    </p>
   </div>
   <div class='ocr_carea' id='block_1_53' title="bbox 2224 2825 3755 2912">
    <p class='ocr_par' dir='ltr' id='par_1_53' title="bbox 2224 2825 3755 2912">
     <span class='ocr_line' id='line_1_53' title="bbox 2224 2825 3755 2912; baseline -0.005 -16"><span class='ocrx_word' id='word_1_419' title='bbox 2224 2842 2507 2912; x_wconf 75' lang='grc' dir='ltr'>Αἰγύπτιοι</span> <span class='ocrx_word' id='word_1_420' title='bbox 2530 2842 2622 2895; x_wconf 71' lang='grc' dir='ltr'><strong>καὶ</strong></span> <span class='ocrx_word' id='word_1_421' title='bbox 2662 2842 2944 2912; x_wconf 80' lang='grc' dir='ltr'>Ἰδουμαῖοι</span> <span class='ocrx_word' id='word_1_422' title='bbox 2967 2836 3105 2894; x_wconf 74' lang='grc' dir='ltr'>εἶναι</span> <span class='ocrx_word' id='word_1_423' title='bbox 3123 2825 3518 2912; x_wconf 75' lang='grc' dir='ltr'>λελογισμένοι,</span> <span class='ocrx_word' id='word_1_424' title='bbox 3550 2838 3755 2893; x_wconf 52' lang='lat' dir='ltr'><strong>ante;</strong></span> 
     </span>
    </p>
   </div>
   <div class='ocr_carea' id='block_1_54' title="bbox 543 2927 2090 3006">
    <p class='ocr_par' dir='ltr' id='par_1_54' title="bbox 543 2927 2090 2998">
     <span class='ocr_line' id='line_1_54' title="bbox 543 2927 2090 2998; baseline 0.005 -16"><span class='ocrx_word' id='word_1_425' title='bbox 543 2931 717 2983; x_wconf 88' lang='lat' dir='ltr'><strong>bonos</strong></span> <span class='ocrx_word' id='word_1_426' title='bbox 735 2938 788 2982; x_wconf 91' lang='lat' dir='ltr'><strong>et</strong></span> <span class='ocrx_word' id='word_1_427' title='bbox 812 2927 880 2981; x_wconf 89' lang='lat' dir='ltr'><strong>ad</strong></span> <span class='ocrx_word' id='word_1_428' title='bbox 914 2927 1173 2983; x_wconf 88' lang='lat' dir='ltr'><strong>honorem</strong></span> <span class='ocrx_word' id='word_1_429' title='bbox 1221 2940 1462 2998; x_wconf 85' lang='lat' dir='ltr'><strong>paratos.</strong></span> <span class='ocrx_word' id='word_1_430' title='bbox 1521 2930 1694 2986; x_wconf 89' lang='lat' dir='ltr'><strong>Unum</strong></span> <span class='ocrx_word' id='word_1_431' title='bbox 1740 2936 1884 2988; x_wconf 91' lang='lat' dir='ltr'><strong>enim</strong></span> <span class='ocrx_word' id='word_1_432' title='bbox 1926 2949 1956 2988; x_wconf 90' lang='lat' dir='ltr'><strong>e</strong></span> <span class='ocrx_word' id='word_1_433' title='bbox 1985 2936 2090 2989; x_wconf 88' lang='lat' dir='ltr'><strong>duo</strong></span> 
     </span>
    </p>
   </div>
   <div class='ocr_carea' id='block_1_55' title="bbox 2224 2927 3754 3006">
    <p class='ocr_par' dir='ltr' id='par_1_55' title="bbox 2228 2931 3754 3006">
     <span class='ocr_line' id='line_1_55' title="bbox 2228 2931 3754 3006; baseline -0.005 -19"><span class='ocrx_word' id='word_1_434' title='bbox 2228 2951 2376 3006; x_wconf 87' lang='grc' dir='ltr'>μενοι</span> <span class='ocrx_word' id='word_1_435' title='bbox 2422 2933 2776 3005; x_wconf 74' lang='grc' dir='ltr'>Ἰσραηλῖται·</span> <span class='ocrx_word' id='word_1_436' title='bbox 2802 2932 2942 2985; x_wconf 78' lang='grc' dir='ltr'>ὥστε</span> <span class='ocrx_word' id='word_1_437' title='bbox 2988 2933 3127 2986; x_wconf 77' lang='grc' dir='ltr'>κατὰ</span> <span class='ocrx_word' id='word_1_438' title='bbox 3165 2932 3323 2986; x_wconf 79' lang='grc' dir='ltr'>τοῦτο</span> <span class='ocrx_word' id='word_1_439' title='bbox 3353 2933 3448 2987; x_wconf 83' lang='grc' dir='ltr'><strong>διὰ</strong></span> <span class='ocrx_word' id='word_1_440' title='bbox 3487 2931 3578 2995; x_wconf 77' lang='grc' dir='ltr'>τὰς</span> <span class='ocrx_word' id='word_1_441' title='bbox 3609 2945 3754 3001; x_wconf 82' lang='grc' dir='ltr'>προαι-</span> 
     </span>
    </p>
   </div>
   <div class='ocr_carea' id='block_1_56' title="bbox 541 3020 2090 3098">
    <p class='ocr_par' dir='ltr' id='par_1_56' title="bbox 541 3023 2090 3097">
     <span class='ocr_line' id='line_1_56' title="bbox 541 3023 2090 3097; baseline 0.003 -20"><span class='ocrx_word' id='word_1_442' title='bbox 541 3023 650 3077; x_wconf 82' lang='lat' dir='ltr'><strong>bus</strong></span> <span class='ocrx_word' id='word_1_443' title='bbox 715 3023 1009 3076; x_wconf 85' lang='lat' dir='ltr'><strong>necessitas</strong></span> <span class='ocrx_word' id='word_1_444' title='bbox 1076 3023 1144 3076; x_wconf 87' lang='lat' dir='ltr'><strong>ab</strong></span> <span class='ocrx_word' id='word_1_445' title='bbox 1221 3024 1300 3077; x_wconf 89' lang='lat' dir='ltr'><strong>eis</strong></span> <span class='ocrx_word' id='word_1_446' title='bbox 1371 3027 1734 3095; x_wconf 85' lang='lat' dir='ltr'><strong>responsionis</strong></span> <span class='ocrx_word' id='word_1_447' title='bbox 1809 3037 2090 3097; x_wconf 80' lang='lat' dir='ltr'><strong>extorquet</strong></span> 
     </span>
    </p>
   </div>
   <div class='ocr_carea' id='block_1_57' title="bbox 2224 3020 3755 3098">
    <p class='ocr_par' dir='ltr' id='par_1_57' title="bbox 2227 3020 3755 3098">
     <span class='ocr_line' id='line_1_57' title="bbox 2227 3020 3755 3098; baseline -0.005 -18"><span class='ocrx_word' id='word_1_448' title='bbox 2227 3026 2405 3098; x_wconf 86' lang='grc' dir='ltr'>ρέσεις</span> <span class='ocrx_word' id='word_1_449' title='bbox 2434 3024 2588 3088; x_wconf 86' lang='grc' dir='ltr'>τινὰς</span> <span class='ocrx_word' id='word_1_450' title='bbox 2618 3025 2716 3097; x_wconf 82' lang='grc' dir='ltr'><strong>μὲν</strong></span> <span class='ocrx_word' id='word_1_451' title='bbox 2746 3028 2810 3078; x_wconf 83' lang='grc' dir='ltr'>ὲκ</span> <span class='ocrx_word' id='word_1_452' title='bbox 2854 3025 3111 3096; x_wconf 85' lang='grc' dir='ltr'>χειρόνων</span> <span class='ocrx_word' id='word_1_453' title='bbox 3165 3027 3244 3088; x_wconf 84' lang='grc' dir='ltr'><strong>είς</strong></span> <span class='ocrx_word' id='word_1_454' title='bbox 3283 3026 3565 3098; x_wconf 87' lang='grc' dir='ltr'>κρείττονα</span> <span class='ocrx_word' id='word_1_455' title='bbox 3593 3020 3755 3092; x_wconf 82' lang='grc' dir='ltr'>προκό-</span> 
     </span>
    </p>
   </div>
   <div class='ocr_carea' id='block_1_58' title="bbox 548 3112 1294 3184">
    <p class='ocr_par' dir='ltr' id='par_1_58' title="bbox 548 3112 1294 3184">
     <span class='ocr_line' id='line_1_58' title="bbox 548 3112 1294 3184; baseline -0.008 -12"><span class='ocrx_word' id='word_1_456' title='bbox 548 3114 707 3184; x_wconf 76' lang='lat'><strong>136</strong></span> <span class='ocrx_word' id='word_1_457' title='bbox 722 3112 1032 3168; x_wconf 89' lang='lat' dir='ltr'><strong>Secundum</strong></span> <span class='ocrx_word' id='word_1_458' title='bbox 1057 3125 1294 3167; x_wconf 88' lang='lat' dir='ltr'><strong>nostram</strong></span> 
     </span>
    </p>
   </div>
   <div class='ocr_carea' id='block_1_59' title="bbox 543 3209 1294 3276">
    <p class='ocr_par' dir='ltr' id='par_1_59' title="bbox 543 3209 1294 3276">
     <span class='ocr_line' id='line_1_59' title="bbox 543 3209 1294 3276; baseline 0.004 -16"><span class='ocrx_word' id='word_1_459' title='bbox 543 3223 674 3262; x_wconf 77' lang='lat' dir='ltr'><strong>vero</strong></span> <span class='ocrx_word' id='word_1_460' title='bbox 702 3209 1076 3272; x_wconf 87' lang='lat' dir='ltr'><strong>assertionem,</strong></span> <span class='ocrx_word' id='word_1_461' title='bbox 1100 3224 1205 3276; x_wconf 89' lang='lat' dir='ltr'><strong>qua</strong></span> <span class='ocrx_word' id='word_1_462' title='bbox 1227 3224 1294 3263; x_wconf 72' lang='lat' dir='ltr'><strong>ex</strong></span> 
     </span>
    </p>
   </div>
   <div class='ocr_carea' id='block_1_60' title="bbox 541 3301 1299 3371">
    <p class='ocr_par' dir='ltr' id='par_1_60' title="bbox 541 3301 1299 3371">
     <span class='ocr_line' id='line_1_60' title="bbox 541 3301 1299 3371; baseline 0.001 -15"><span class='ocrx_word' id='word_1_463' title='bbox 541 3302 978 3371; x_wconf 75' lang='lat' dir='ltr'><strong>przecedentibus</strong></span> <span class='ocrx_word' id='word_1_464' title='bbox 998 3302 1180 3357; x_wconf 87' lang='lat' dir='ltr'><strong>causis</strong></span> <span class='ocrx_word' id='word_1_465' title='bbox 1197 3301 1299 3357; x_wconf 86' lang='lat' dir='ltr'><strong>De-</strong></span> 
     </span>
    </p>
   </div>
   <div class='ocr_carea' id='block_1_61' title="bbox 542 3397 1296 3452">
    <p class='ocr_par' dir='ltr' id='par_1_61' title="bbox 542 3397 1296 3452">
     <span class='ocr_line' id='line_1_61' title="bbox 542 3397 1296 3452; baseline 0.001 -1"><span class='ocrx_word' id='word_1_466' title='bbox 542 3413 633 3452; x_wconf 82' lang='lat' dir='ltr'><strong>um</strong></span> <span class='ocrx_word' id='word_1_467' title='bbox 680 3397 909 3451; x_wconf 85' lang='lat' dir='ltr'><strong>dicimus</strong></span> <span class='ocrx_word' id='word_1_468' title='bbox 955 3397 1038 3451; x_wconf 92' lang='lat' dir='ltr'><strong>vel</strong></span> <span class='ocrx_word' id='word_1_469' title='bbox 1085 3399 1153 3450; x_wconf 88' lang='lat' dir='ltr'><strong>ad</strong></span> <span class='ocrx_word' id='word_1_470' title='bbox 1199 3398 1296 3452; x_wconf 84' lang='lat' dir='ltr'><strong>lto-</strong></span> 
     </span>
    </p>
   </div>
   <div class='ocr_carea' id='block_1_62' title="bbox 545 3490 1296 3550">
    <p class='ocr_par' dir='ltr' id='par_1_62' title="bbox 545 3490 1296 3550">
     <span class='ocr_line' id='line_1_62' title="bbox 545 3490 1296 3550; baseline 0 -4"><span class='ocrx_word' id='word_1_471' title='bbox 545 3508 730 3550; x_wconf 89' lang='lat' dir='ltr'><strong>norem</strong></span> <span class='ocrx_word' id='word_1_472' title='bbox 768 3507 892 3546; x_wconf 87' lang='lat' dir='ltr'><strong>vasa</strong></span> <span class='ocrx_word' id='word_1_473' title='bbox 928 3491 1012 3546; x_wconf 88' lang='lat' dir='ltr'><strong>vel</strong></span> <span class='ocrx_word' id='word_1_474' title='bbox 1053 3490 1119 3544; x_wconf 89' lang='lat' dir='ltr'><strong>ad</strong></span> <span class='ocrx_word' id='word_1_475' title='bbox 1165 3507 1296 3546; x_wconf 85' lang='lat' dir='ltr'><strong>con—</strong></span> 
     </span>
    </p>
   </div>
   <div class='ocr_carea' id='block_1_63' title="bbox 543 3580 1298 3644">
    <p class='ocr_par' dir='ltr' id='par_1_63' title="bbox 543 3580 1298 3644">
     <span class='ocr_line' id='line_1_63' title="bbox 543 3580 1298 3644; baseline 0.001 -10"><span class='ocrx_word' id='word_1_476' title='bbox 543 3580 820 3636; x_wconf 85' lang='lat' dir='ltr'><strong>tumeliam</strong></span> <span class='ocrx_word' id='word_1_477' title='bbox 843 3581 1042 3644; x_wconf 79' lang='lat' dir='ltr'><strong>facere,</strong></span> <span class='ocrx_word' id='word_1_478' title='bbox 1073 3582 1124 3633; x_wconf 91' lang='lat' dir='ltr'><strong>in</strong></span> <span class='ocrx_word' id='word_1_479' title='bbox 1152 3582 1298 3635; x_wconf 90' lang='lat' dir='ltr'><strong>nullo</strong></span> 
     </span>
    </p>
   </div>
   <div class='ocr_carea' id='block_1_64' title="bbox 543 3678 1298 3748">
    <p class='ocr_par' dir='ltr' id='par_1_64' title="bbox 543 3678 1298 3748">
     <span class='ocr_line' id='line_1_64' title="bbox 543 3678 1298 3748; baseline 0.004 -18"><span class='ocrx_word' id='word_1_480' title='bbox 543 3678 864 3748; x_wconf 86' lang='lat' dir='ltr'><strong>approbatio</strong></span> <span class='ocrx_word' id='word_1_481' title='bbox 930 3679 1020 3732; x_wconf 89' lang='lat' dir='ltr'><strong>Dei</strong></span> <span class='ocrx_word' id='word_1_482' title='bbox 1071 3678 1298 3745; x_wconf 68' lang='lat' dir='ltr'><strong>justitia:</strong></span> 
     </span>
    </p>
   </div>
   <div class='ocr_carea' id='block_1_65' title="bbox 541 3772 1294 3845">
    <p class='ocr_par' dir='ltr' id='par_1_65' title="bbox 541 3772 1294 3845">
     <span class='ocr_line' id='line_1_65' title="bbox 541 3772 1294 3845; baseline -0.001 -17"><span class='ocrx_word' id='word_1_483' title='bbox 541 3783 871 3828; x_wconf 89' lang='lat' dir='ltr'><strong>coarctatur.</strong></span> <span class='ocrx_word' id='word_1_484' title='bbox 917 3772 991 3845; x_wconf 79' lang='grc' dir='ltr'><strong>(Ἰ)</strong></span> <span class='ocrx_word' id='word_1_485' title='bbox 1027 3773 1294 3829; x_wconf 87' lang='lat' dir='ltr'><strong>Possibile</strong></span> 
     </span>
    </p>
   </div>
   <div class='ocr_carea' id='block_1_66' title="bbox 541 3868 1292 3937">
    <p class='ocr_par' dir='ltr' id='par_1_66' title="bbox 541 3868 1292 3937">
     <span class='ocr_line' id='line_1_66' title="bbox 541 3868 1292 3937; baseline 0 -15"><span class='ocrx_word' id='word_1_486' title='bbox 541 3883 773 3937; x_wconf 86' lang='lat' dir='ltr'><strong>namque</strong></span> <span class='ocrx_word' id='word_1_487' title='bbox 818 3877 899 3923; x_wconf 91' lang='lat' dir='ltr'><strong>est</strong></span> <span class='ocrx_word' id='word_1_488' title='bbox 943 3877 1000 3920; x_wconf 92' lang='lat' dir='ltr'><strong>ut</strong></span> <span class='ocrx_word' id='word_1_489' title='bbox 1059 3883 1151 3922; x_wconf 85' lang='lat' dir='ltr'><strong>vas</strong></span> <span class='ocrx_word' id='word_1_490' title='bbox 1191 3868 1292 3923; x_wconf 93' lang='lat' dir='ltr'><strong>boc</strong></span> 
     </span>
    </p>
   </div>
   <div class='ocr_carea' id='block_1_67' title="bbox 539 3960 1290 4032">
    <p class='ocr_par' dir='ltr' id='par_1_67' title="bbox 539 3960 1290 4032">
     <span class='ocr_line' id='line_1_67' title="bbox 539 3960 1290 4032; baseline -0.001 -18"><span class='ocrx_word' id='word_1_491' title='bbox 539 3962 682 4028; x_wconf 87' lang='lat' dir='ltr'><strong>quod</strong></span> <span class='ocrx_word' id='word_1_492' title='bbox 714 3976 778 4016; x_wconf 80' lang='lat' dir='ltr'><strong>ex</strong></span> <span class='ocrx_word' id='word_1_493' title='bbox 803 3960 1072 4032; x_wconf 86' lang='lat' dir='ltr'><strong>prioribus</strong></span> <span class='ocrx_word' id='word_1_494' title='bbox 1112 3960 1290 4014; x_wconf 89' lang='lat' dir='ltr'><strong>causis</strong></span> 
     </span>
    </p>
   </div>
   <div class='ocr_carea' id='block_1_68' title="bbox 539 4051 1291 4106">
    <p class='ocr_par' dir='ltr' id='par_1_68' title="bbox 539 4051 1291 4106">
     <span class='ocr_line' id='line_1_68' title="bbox 539 4051 1291 4106; baseline -0.004 0"><span class='ocrx_word' id='word_1_495' title='bbox 539 4051 594 4106; x_wconf 88' lang='lat' dir='ltr'><strong>in</strong></span> <span class='ocrx_word' id='word_1_496' title='bbox 645 4053 748 4106; x_wconf 90' lang='lat' dir='ltr'><strong>hoc</strong></span> <span class='ocrx_word' id='word_1_497' title='bbox 780 4052 979 4106; x_wconf 90' lang='lat' dir='ltr'><strong>mundo</strong></span> <span class='ocrx_word' id='word_1_498' title='bbox 1013 4051 1079 4104; x_wconf 87' lang='lat' dir='ltr'><strong>ad</strong></span> <span class='ocrx_word' id='word_1_499' title='bbox 1119 4051 1291 4104; x_wconf 88' lang='lat' dir='ltr'><strong>bono-</strong></span> 
     </span>
    </p>
   </div>
   <div class='ocr_carea' id='block_1_69' title="bbox 540 4141 1292 4212">
    <p class='ocr_par' dir='ltr' id='par_1_69' title="bbox 540 4141 1292 4212">
     <span class='ocr_line' id='line_1_69' title="bbox 540 4141 1292 4212; baseline -0.008 -12"><span class='ocrx_word' id='word_1_500' title='bbox 540 4162 654 4200; x_wconf 87' lang='lat' dir='ltr'><strong>rem</strong></span> <span class='ocrx_word' id='word_1_501' title='bbox 686 4145 889 4200; x_wconf 83' lang='lat' dir='ltr'><strong>factum</strong></span> <span class='ocrx_word' id='word_1_502' title='bbox 915 4154 1016 4209; x_wconf 89' lang='lat' dir='ltr'><strong>est,</strong></span> <span class='ocrx_word' id='word_1_503' title='bbox 1046 4144 1092 4197; x_wconf 87' lang='lat' dir='ltr'><strong>si</strong></span> <span class='ocrx_word' id='word_1_504' title='bbox 1124 4141 1292 4212; x_wconf 86' lang='lat' dir='ltr'><strong>negli-</strong></span> 
     </span>
    </p>
   </div>
   <div class='ocr_carea' id='block_1_70' title="bbox 539 4235 1293 4306">
    <p class='ocr_par' dir='ltr' id='par_1_70' title="bbox 539 4235 1293 4306">
     <span class='ocr_line' id='line_1_70' title="bbox 539 4235 1293 4306; baseline -0.008 -15"><span class='ocrx_word' id='word_1_505' title='bbox 539 4236 753 4306; x_wconf 84' lang='lat' dir='ltr'><strong>gentius</strong></span> <span class='ocrx_word' id='word_1_506' title='bbox 782 4235 979 4305; x_wconf 84' lang='lat' dir='ltr'><strong>egerit,</strong></span> <span class='ocrx_word' id='word_1_507' title='bbox 1016 4249 1113 4304; x_wconf 86' lang='lat' dir='ltr'><strong>pro</strong></span> <span class='ocrx_word' id='word_1_508' title='bbox 1159 4249 1293 4287; x_wconf 86' lang='lat' dir='ltr'><strong>con-</strong></span> 
     </span>
    </p>
   </div>
   <div class='ocr_carea' id='block_1_71' title="bbox 537 4327 1292 4387">
    <p class='ocr_par' dir='ltr' id='par_1_71' title="bbox 537 4327 1292 4387">
     <span class='ocr_line' id='line_1_71' title="bbox 537 4327 1292 4387; baseline 0 -5"><span class='ocrx_word' id='word_1_509' title='bbox 537 4330 864 4387; x_wconf 84' lang='lat' dir='ltr'><strong>versationis</strong></span> <span class='ocrx_word' id='word_1_510' title='bbox 910 4343 1023 4383; x_wconf 73' lang='lat' dir='ltr'><strong>suae</strong></span> <span class='ocrx_word' id='word_1_511' title='bbox 1082 4327 1292 4382; x_wconf 88' lang='lat' dir='ltr'><strong>meritis</strong></span> 
     </span>
    </p>
   </div>
   <div class='ocr_carea' id='block_1_72' title="bbox 540 4419 1294 4479">
    <p class='ocr_par' dir='ltr' id='par_1_72' title="bbox 540 4419 1294 4479">
     <span class='ocr_line' id='line_1_72' title="bbox 540 4419 1294 4479; baseline -0.009 0"><span class='ocrx_word' id='word_1_512' title='bbox 540 4426 594 4479; x_wconf 88' lang='lat' dir='ltr'><strong>in</strong></span> <span class='ocrx_word' id='word_1_513' title='bbox 631 4423 736 4479; x_wconf 90' lang='lat' dir='ltr'><strong>alio</strong></span> <span class='ocrx_word' id='word_1_514' title='bbox 773 4421 972 4477; x_wconf 72' lang='lat' dir='ltr'><strong>steculo</strong></span> <span class='ocrx_word' id='word_1_515' title='bbox 1028 4419 1294 4475; x_wconf 77' lang='lat' dir='ltr'><strong>eﬂiuiatur</strong></span> 
     </span>
    </p>
   </div>
   <div class='ocr_carea' id='block_1_73' title="bbox 540 4511 1287 4577">
    <p class='ocr_par' dir='ltr' id='par_1_73' title="bbox 540 4511 1287 4577">
     <span class='ocr_line' id='line_1_73' title="bbox 540 4511 1287 4577; baseline -0.008 -7"><span class='ocrx_word' id='word_1_516' title='bbox 540 4532 634 4572; x_wconf 85' lang='lat' dir='ltr'><strong>vas</strong></span> <span class='ocrx_word' id='word_1_517' title='bbox 723 4517 788 4569; x_wconf 90' lang='lat' dir='ltr'><strong>ad</strong></span> <span class='ocrx_word' id='word_1_518' title='bbox 870 4511 1287 4577; x_wconf 88' lang='lat' dir='ltr'><strong>contumeliam;</strong></span> 
     </span>
    </p>
   </div>
   <div class='ocr_carea' id='block_1_74' title="bbox 1501 3119 2011 3189">
    <p class='ocr_par' dir='ltr' id='par_1_74' title="bbox 1501 3119 2011 3189">
     <span class='ocr_line' id='line_1_74' title="bbox 1501 3119 2011 3189; baseline 0.004 -17"><span class='ocrx_word' id='word_1_519' title='bbox 1501 3133 1646 3173; x_wconf 78' lang='lat' dir='ltr'><strong>HIER.</strong></span> <span class='ocrx_word' id='word_1_520' title='bbox 1685 3135 1868 3174; x_wconf 73' lang='lat' dir='ltr'><strong>vensro</strong></span> <span class='ocrx_word' id='word_1_521' title='bbox 1913 3119 2011 3189; x_wconf 88' lang='grc'><strong>(6).</strong></span> 
     </span>
    </p>
   </div>
   <div class='ocr_carea' id='block_1_75' title="bbox 1367 3209 2118 3280">
    <p class='ocr_par' dir='ltr' id='par_1_75' title="bbox 1367 3209 2118 3280">
     <span class='ocr_line' id='line_1_75' title="bbox 1367 3209 2118 3280; baseline 0.001 -16"><span class='ocrx_word' id='word_1_522' title='bbox 1367 3209 1531 3264; x_wconf 82' lang='lat' dir='ltr'><strong>Juxta</strong></span> <span class='ocrx_word' id='word_1_523' title='bbox 1557 3227 1649 3264; x_wconf 73' lang='lat' dir='ltr'><strong>nos</strong></span> <span class='ocrx_word' id='word_1_524' title='bbox 1672 3219 1849 3264; x_wconf 76' lang='lat' dir='ltr'><strong>autem</strong></span> <span class='ocrx_word' id='word_1_525' title='bbox 1884 3227 1948 3264; x_wconf 75' lang='lat' dir='ltr'><strong>ea:</strong></span> <span class='ocrx_word' id='word_1_526' title='bbox 1980 3228 2118 3280; x_wconf 54' lang='lat' dir='ltr'><strong>pra.»</strong></span> 
     </span>
    </p>
   </div>
   <div class='ocr_carea' id='block_1_76' title="bbox 1367 3301 2117 3369">
    <p class='ocr_par' dir='ltr' id='par_1_76' title="bbox 1367 3301 2117 3369">
     <span class='ocr_line' id='line_1_76' title="bbox 1367 3301 2117 3369; baseline 0.003 -15"><span class='ocrx_word' id='word_1_527' title='bbox 1367 3301 1663 3355; x_wconf 75' lang='lat' dir='ltr'><strong>cedentibus</strong></span> <span class='ocrx_word' id='word_1_528' title='bbox 1719 3304 1959 3369; x_wconf 79' lang='lat' dir='ltr'><strong>meritis,</strong></span> <span class='ocrx_word' id='word_1_529' title='bbox 2029 3320 2117 3358; x_wconf 77' lang='lat' dir='ltr'><strong>uas</strong></span> 
     </span>
    </p>
   </div>
   <div class='ocr_carea' id='block_1_77' title="bbox 1366 3395 2116 3465">
    <p class='ocr_par' dir='ltr' id='par_1_77' title="bbox 1366 3395 2116 3465">
     <span class='ocr_line' id='line_1_77' title="bbox 1366 3395 2116 3465; baseline 0.004 -19"><span class='ocrx_word' id='word_1_530' title='bbox 1366 3395 1506 3464; x_wconf 81' lang='lat' dir='ltr'><strong>quod</strong></span> <span class='ocrx_word' id='word_1_531' title='bbox 1553 3397 1606 3447; x_wconf 86' lang='lat' dir='ltr'><strong>in</strong></span> <span class='ocrx_word' id='word_1_532' title='bbox 1659 3395 1907 3449; x_wconf 81' lang='lat' dir='ltr'><strong>honorent</strong></span> <span class='ocrx_word' id='word_1_533' title='bbox 1959 3397 2116 3465; x_wconf 76' lang='lat' dir='ltr'><strong>fuerit</strong></span> 
     </span>
    </p>
   </div>
   <div class='ocr_carea' id='block_1_78' title="bbox 1367 3485 2117 3556">
    <p class='ocr_par' dir='ltr' id='par_1_78' title="bbox 1367 3485 2117 3556">
     <span class='ocr_line' id='line_1_78' title="bbox 1367 3485 2117 3556; baseline 0.001 -18"><span class='ocrx_word' id='word_1_534' title='bbox 1367 3485 1705 3553; x_wconf 73' lang='lat' dir='ltr'><strong>fabricatum,</strong></span> <span class='ocrx_word' id='word_1_535' title='bbox 1720 3487 1766 3540; x_wconf 82' lang='lat' dir='ltr'><strong>si</strong></span> <span class='ocrx_word' id='word_1_536' title='bbox 1784 3503 1884 3539; x_wconf 89' lang='lat' dir='ltr'><strong>non</strong></span> <span class='ocrx_word' id='word_1_537' title='bbox 1901 3487 2117 3556; x_wconf 86' lang='lat' dir='ltr'><strong>dignum</strong></span> 
     </span>
    </p>
   </div>
   <div class='ocr_carea' id='block_1_79' title="bbox 1369 3579 2111 3648">
    <p class='ocr_par' dir='ltr' id='par_1_79' title="bbox 1369 3579 2111 3648">
     <span class='ocr_line' id='line_1_79' title="bbox 1369 3579 2111 3648; baseline 0 -16"><span class='ocrx_word' id='word_1_538' title='bbox 1369 3579 1615 3633; x_wconf 78' lang='lat' dir='ltr'><strong>vocabulo</strong></span> <span class='ocrx_word' id='word_1_539' title='bbox 1642 3596 1738 3634; x_wconf 73' lang='lat' dir='ltr'><strong>suo</strong></span> <span class='ocrx_word' id='word_1_540' title='bbox 1759 3596 1887 3647; x_wconf 78' lang='lat' dir='ltr'><strong>opus</strong></span> <span class='ocrx_word' id='word_1_541' title='bbox 1909 3579 2111 3648; x_wconf 77' lang='lat' dir='ltr'><strong>fecerit,</strong></span> 
     </span>
    </p>
   </div>
   <div class='ocr_carea' id='block_1_80' title="bbox 1369 3671 2117 3738">
    <p class='ocr_par' dir='ltr' id='par_1_80' title="bbox 1369 3671 2117 3738">
     <span class='ocr_line' id='line_1_80' title="bbox 1369 3671 2117 3738; baseline 0.001 -14"><span class='ocrx_word' id='word_1_542' title='bbox 1369 3671 1423 3724; x_wconf 89' lang='lat' dir='ltr'><strong>in</strong></span> <span class='ocrx_word' id='word_1_543' title='bbox 1481 3671 1586 3724; x_wconf 86' lang='lat' dir='ltr'><strong>alio</strong></span> <span class='ocrx_word' id='word_1_544' title='bbox 1639 3671 1831 3725; x_wconf 64' lang='lat' dir='ltr'><strong>saeculo</strong></span> <span class='ocrx_word' id='word_1_545' title='bbox 1877 3673 1966 3738; x_wconf 80' lang='lat' dir='ltr'><strong>[iet</strong></span> <span class='ocrx_word' id='word_1_546' title='bbox 2027 3689 2117 3725; x_wconf 77' lang='lat' dir='ltr'><strong>vas</strong></span> 
     </span>
    </p>
   </div>
   <div class='ocr_carea' id='block_1_81' title="bbox 1364 3763 2121 3826">
    <p class='ocr_par' dir='ltr' id='par_1_81' title="bbox 1364 3763 2121 3826">
     <span class='ocr_line' id='line_1_81' title="bbox 1364 3763 2121 3826; baseline 0.001 -10"><span class='ocrx_word' id='word_1_547' title='bbox 1364 3763 1693 3817; x_wconf 75' lang='lat' dir='ltr'><strong>contumelia:</strong></span> <span class='ocrx_word' id='word_1_548' title='bbox 1715 3780 1734 3826; x_wconf 87' lang='lat'><em>;</em></span> <span class='ocrx_word' id='word_1_549' title='bbox 1798 3773 1845 3816; x_wconf 86' lang='lat' dir='ltr'><strong>et</strong></span> <span class='ocrx_word' id='word_1_550' title='bbox 1908 3780 1968 3816; x_wconf 87' lang='lat' dir='ltr'><strong>ru</strong></span> <span class='ocrx_word' id='word_1_551' title='bbox 1979 3781 2121 3818; x_wconf 79' lang='lat' dir='ltr'><strong>rsum</strong></span> 
     </span>
    </p>
   </div>
   <div class='ocr_carea' id='block_1_82' title="bbox 1362 3854 2124 3925">
    <p class='ocr_par' dir='ltr' id='par_1_82' title="bbox 1362 3854 2124 3925">
     <span class='ocr_line' id='line_1_82' title="bbox 1362 3854 2124 3925; baseline 0 -18"><span class='ocrx_word' id='word_1_552' title='bbox 1362 3870 1450 3908; x_wconf 79' lang='lat' dir='ltr'><strong>vas</strong></span> <span class='ocrx_word' id='word_1_553' title='bbox 1472 3854 1606 3907; x_wconf 77' lang='lat' dir='ltr'><strong>illud</strong></span> <span class='ocrx_word' id='word_1_554' title='bbox 1621 3855 1761 3925; x_wconf 88' lang='lat' dir='ltr'><strong>quod</strong></span> <span class='ocrx_word' id='word_1_555' title='bbox 1785 3871 1848 3908; x_wconf 80' lang='lat' dir='ltr'><strong>ea:</strong></span> <span class='ocrx_word' id='word_1_556' title='bbox 1869 3856 2124 3908; x_wconf 82' lang='lat' dir='ltr'><strong>anteriori</strong></span> 
     </span>
    </p>
   </div>
   <div class='ocr_carea' id='block_1_83' title="bbox 1362 3956 2116 4026">
    <p class='ocr_par' dir='ltr' id='par_1_83' title="bbox 1362 3956 2116 4026">
     <span class='ocr_line' id='line_1_83' title="bbox 1362 3956 2116 4026; baseline -0.001 -15"><span class='ocrx_word' id='word_1_557' title='bbox 1362 3957 1515 4026; x_wconf 85' lang='lat' dir='ltr'><strong>culpa</strong></span> <span class='ocrx_word' id='word_1_558' title='bbox 1567 3956 1892 4011; x_wconf 72' lang='lat' dir='ltr'><strong>contumelia:</strong></span> <span class='ocrx_word' id='word_1_559' title='bbox 1931 3972 2116 4010; x_wconf 81' lang='lat' dir='ltr'><strong>nomen</strong></span> 
     </span>
    </p>
   </div>
   <div class='ocr_carea' id='block_1_84' title="bbox 1364 4049 2115 4119">
    <p class='ocr_par' dir='ltr' id='par_1_84' title="bbox 1364 4049 2115 4119">
     <span class='ocr_line' id='line_1_84' title="bbox 1364 4049 2115 4119; baseline -0.005 -16"><span class='ocrx_word' id='word_1_560' title='bbox 1364 4059 1632 4119; x_wconf 78' lang='lat' dir='ltr'><strong>acceperat</strong></span> <span class='ocrx_word' id='word_1_561' title='bbox 1656 4087 1672 4114; x_wconf 94' lang='lat'><strong>,</strong></span> <span class='ocrx_word' id='word_1_562' title='bbox 1701 4051 1746 4101; x_wconf 78' lang='lat' dir='ltr'><strong>si</strong></span> <span class='ocrx_word' id='word_1_563' title='bbox 1771 4049 1827 4100; x_wconf 87' lang='lat' dir='ltr'><strong>in</strong></span> <span class='ocrx_word' id='word_1_564' title='bbox 1873 4049 2115 4114; x_wconf 70' lang='lat' dir='ltr'><strong>praesenti</strong></span> 
     </span>
    </p>
   </div>
   <div class='ocr_carea' id='block_1_85' title="bbox 1363 4139 2114 4210">
    <p class='ocr_par' dir='ltr' id='par_1_85' title="bbox 1363 4139 2114 4210">
     <span class='ocr_line' id='line_1_85' title="bbox 1363 4139 2114 4210; baseline -0.004 -16"><span class='ocrx_word' id='word_1_565' title='bbox 1363 4144 1467 4194; x_wconf 71' lang='lat' dir='ltr'><strong>vita</strong></span> <span class='ocrx_word' id='word_1_566' title='bbox 1519 4142 1712 4210; x_wconf 83' lang='lat' dir='ltr'><strong>corrigi</strong></span> <span class='ocrx_word' id='word_1_567' title='bbox 1749 4139 1965 4194; x_wconf 80' lang='lat' dir='ltr'><strong>voluerit</strong></span> <span class='ocrx_word' id='word_1_568' title='bbox 1991 4182 2007 4206; x_wconf 92' lang='lat'><strong>,</strong></span> <span class='ocrx_word' id='word_1_569' title='bbox 2058 4140 2114 4192; x_wconf 87' lang='lat' dir='ltr'><strong>in</strong></span> 
     </span>
    </p>
   </div>
   <div class='ocr_carea' id='block_1_86' title="bbox 1363 4232 2111 4301">
    <p class='ocr_par' dir='ltr' id='par_1_86' title="bbox 1363 4232 2111 4301">
     <span class='ocr_line' id='line_1_86' title="bbox 1363 4232 2111 4301; baseline -0.004 -15"><span class='ocrx_word' id='word_1_570' title='bbox 1363 4250 1494 4286; x_wconf 85' lang='lat' dir='ltr'><strong>nova</strong></span> <span class='ocrx_word' id='word_1_571' title='bbox 1545 4233 1808 4287; x_wconf 86' lang='lat' dir='ltr'><strong>creatione</strong></span> <span class='ocrx_word' id='word_1_572' title='bbox 1865 4232 1951 4301; x_wconf 85' lang='lat' dir='ltr'><strong>ﬁet</strong></span> <span class='ocrx_word' id='word_1_573' title='bbox 2023 4249 2111 4284; x_wconf 74' lang='lat' dir='ltr'><strong>eas</strong></span> 
     </span>
    </p>
   </div>
   <div class='ocr_carea' id='block_1_87' title="bbox 1363 4319 2113 4391">
    <p class='ocr_par' dir='ltr' id='par_1_87' title="bbox 1363 4319 2113 4391">
     <span class='ocr_line' id='line_1_87' title="bbox 1363 4319 2113 4391; baseline -0.004 -16"><span class='ocrx_word' id='word_1_574' title='bbox 1363 4323 1750 4391; x_wconf 77' lang='lat' dir='ltr'><strong>sanctiﬁcatum</strong></span> <span class='ocrx_word' id='word_1_575' title='bbox 1767 4331 1815 4374; x_wconf 86' lang='lat' dir='ltr'><strong>et</strong></span> <span class='ocrx_word' id='word_1_576' title='bbox 1849 4319 1974 4373; x_wconf 87' lang='lat' dir='ltr'><strong>utile</strong></span> <span class='ocrx_word' id='word_1_577' title='bbox 2003 4319 2113 4372; x_wconf 82' lang='lat' dir='ltr'><strong>Do-</strong></span> 
     </span>
    </p>
   </div>
   <div class='ocr_carea' id='block_1_88' title="bbox 1363 4415 2113 4480">
    <p class='ocr_par' dir='ltr' id='par_1_88' title="bbox 1363 4415 2113 4480">
     <span class='ocr_line' id='line_1_88' title="bbox 1363 4415 2113 4480; baseline -0.009 -11"><span class='ocrx_word' id='word_1_578' title='bbox 1363 4418 1530 4479; x_wconf 87' lang='lat' dir='ltr'><strong>mino,</strong></span> <span class='ocrx_word' id='word_1_579' title='bbox 1555 4425 1600 4467; x_wconf 86' lang='lat' dir='ltr'><strong>et</strong></span> <span class='ocrx_word' id='word_1_580' title='bbox 1626 4415 1679 4467; x_wconf 86' lang='lat' dir='ltr'><strong>in</strong></span> <span class='ocrx_word' id='word_1_581' title='bbox 1695 4429 1844 4466; x_wconf 85' lang='lat' dir='ltr'><strong>omne</strong></span> <span class='ocrx_word' id='word_1_582' title='bbox 1868 4426 1996 4480; x_wconf 84' lang='lat' dir='ltr'><strong>opus</strong></span> <span class='ocrx_word' id='word_1_583' title='bbox 2018 4428 2113 4480; x_wconf 84' lang='lat' dir='ltr'><strong>pa-</strong></span> 
     </span>
    </p>
   </div>
   <div class='ocr_carea' id='block_1_89' title="bbox 1363 4521 1556 4562">
    <p class='ocr_par' dir='ltr' id='par_1_89' title="bbox 1363 4521 1556 4562">
     <span class='ocr_line' id='line_1_89' title="bbox 1363 4521 1556 4562; baseline 0.005 -2"><span class='ocrx_word' id='word_1_584' title='bbox 1363 4521 1556 4562; x_wconf 85' lang='lat' dir='ltr'><strong>ratum.</strong></span> 
     </span>
    </p>
   </div>
   <div class='ocr_carea' id='block_1_90' title="bbox 2148 3283 2192 3343">
    <p class='ocr_par' dir='ltr' id='par_1_90' title="bbox 2148 3283 2192 3343">
     <span class='ocr_line' id='line_1_90' title="bbox 2148 3283 2192 3343; baseline 0 0"><span class='ocrx_word' id='word_1_585' title='bbox 2148 3283 2192 3343; x_wconf 92' lang='lat' dir='ltr'>C</span> 
     </span>
    </p>
   </div>
   <div class='ocr_carea' id='block_1_91' title="bbox 2225 3117 3756 3190">
    <p class='ocr_par' dir='ltr' id='par_1_91' title="bbox 2225 3117 3756 3190">
     <span class='ocr_line' id='line_1_91' title="bbox 2225 3117 3756 3190; baseline -0.005 -18"><span class='ocrx_word' id='word_1_586' title='bbox 2225 3136 2397 3182; x_wconf 82' lang='grc' dir='ltr'>πτειν,</span> <span class='ocrx_word' id='word_1_587' title='bbox 2427 3118 2648 3190; x_wconf 79' lang='grc' dir='ltr'>ἐτέρους</span> <span class='ocrx_word' id='word_1_588' title='bbox 2685 3117 2741 3170; x_wconf 84' lang='grc' dir='ltr'><strong>δὲ</strong></span> <span class='ocrx_word' id='word_1_589' title='bbox 2767 3117 2874 3170; x_wconf 83' lang='grc' dir='ltr'>ἀπὸ</span> <span class='ocrx_word' id='word_1_590' title='bbox 2905 3117 3226 3189; x_wconf 82' lang='grc' dir='ltr'>κρειττόνων</span> <span class='ocrx_word' id='word_1_591' title='bbox 3258 3120 3339 3183; x_wconf 83' lang='grc' dir='ltr'><strong>είς</strong></span> <span class='ocrx_word' id='word_1_592' title='bbox 3381 3119 3595 3190; x_wconf 86' lang='grc' dir='ltr'>χείρονα</span> <span class='ocrx_word' id='word_1_593' title='bbox 3623 3131 3756 3168; x_wconf 82' lang='grc' dir='ltr'>κατα-</span> 
     </span>
    </p>
   </div>
   <div class='ocr_carea' id='block_1_92' title="bbox 2225 3204 3758 3284">
    <p class='ocr_par' dir='ltr' id='par_1_92' title="bbox 2225 3204 3758 3284">
     <span class='ocr_line' id='line_1_92' title="bbox 2225 3204 3758 3284; baseline -0.005 -20"><span class='ocrx_word' id='word_1_594' title='bbox 2225 3212 2468 3264; x_wconf 75' lang='grc' dir='ltr'>πίπτεινο</span> <span class='ocrx_word' id='word_1_595' title='bbox 2519 3210 2613 3263; x_wconf 78' lang='grc' dir='ltr'><strong>καὶ</strong></span> <span class='ocrx_word' id='word_1_596' title='bbox 2640 3207 2831 3273; x_wconf 87' lang='grc' dir='ltr'>ἄλλους</span> <span class='ocrx_word' id='word_1_597' title='bbox 2862 3211 2917 3261; x_wconf 83' lang='grc' dir='ltr'><strong>ὲν</strong></span> <span class='ocrx_word' id='word_1_598' title='bbox 2943 3211 3054 3272; x_wconf 87' lang='grc' dir='ltr'>τοῖς</span> <span class='ocrx_word' id='word_1_599' title='bbox 3083 3209 3266 3273; x_wconf 85' lang='grc' dir='ltr'>καλοῖς</span> <span class='ocrx_word' id='word_1_600' title='bbox 3293 3209 3594 3284; x_wconf 79' lang='grc' dir='ltr'>τηρεῖσθαι,</span> <span class='ocrx_word' id='word_1_601' title='bbox 3627 3204 3758 3278; x_wconf 50' lang='lat' dir='ltr'><strong>eam</strong></span> 
     </span>
    </p>
   </div>
   <div class='ocr_carea' id='block_1_93' title="bbox 2224 3298 3759 3374">
    <p class='ocr_par' dir='ltr' id='par_1_93' title="bbox 2224 3298 3759 3374">
     <span class='ocr_line' id='line_1_93' title="bbox 2224 3298 3759 3374; baseline -0.003 -16"><span class='ocrx_word' id='word_1_602' title='bbox 2224 3303 2403 3358; x_wconf 88' lang='grc' dir='ltr'>καλῶν</span> <span class='ocrx_word' id='word_1_603' title='bbox 2431 3305 2511 3368; x_wconf 83' lang='grc' dir='ltr'><strong>είς</strong></span> <span class='ocrx_word' id='word_1_604' title='bbox 2541 3302 2824 3374; x_wconf 85' lang='grc' dir='ltr'>κρείττονα</span> <span class='ocrx_word' id='word_1_605' title='bbox 2857 3302 3258 3368; x_wconf 78' lang='grc' dir='ltr'>ἐπαναϐαίνειν,</span> <span class='ocrx_word' id='word_1_606' title='bbox 3296 3303 3490 3368; x_wconf 82' lang='grc' dir='ltr'>ἄλλους</span> <span class='ocrx_word' id='word_1_607' title='bbox 3514 3321 3570 3356; x_wconf 85' lang='grc' dir='ltr'><strong>τε</strong></span> <span class='ocrx_word' id='word_1_608' title='bbox 3597 3298 3655 3356; x_wconf 77' lang='grc' dir='ltr'>αὖ</span> <span class='ocrx_word' id='word_1_609' title='bbox 3673 3300 3759 3362; x_wconf 75' lang='grc' dir='ltr'>τοῖς</span> 
     </span>
    </p>
   </div>
   <div class='ocr_carea' id='block_1_94' title="bbox 2223 3392 3764 3468">
    <p class='ocr_par' dir='ltr' id='par_1_94' title="bbox 2223 3392 3764 3468">
     <span class='ocr_line' id='line_1_94' title="bbox 2223 3392 3764 3468; baseline -0.004 -17"><span class='ocrx_word' id='word_1_610' title='bbox 2223 3399 2412 3461; x_wconf 84' lang='grc' dir='ltr'>κακοῖς</span> <span class='ocrx_word' id='word_1_611' title='bbox 2443 3394 2805 3466; x_wconf 85' lang='grc' dir='ltr'>παραμένειν,</span> <span class='ocrx_word' id='word_1_612' title='bbox 2840 3393 2873 3464; x_wconf 75' lang='grc' dir='ltr'><strong>ἢ</strong></span> <span class='ocrx_word' id='word_1_613' title='bbox 2903 3392 3009 3446; x_wconf 86' lang='grc' dir='ltr'>ἀπὸ</span> <span class='ocrx_word' id='word_1_614' title='bbox 3041 3394 3225 3448; x_wconf 83' lang='grc' dir='ltr'>κακῶν</span> <span class='ocrx_word' id='word_1_615' title='bbox 3265 3396 3534 3468; x_wconf 83' lang='grc' dir='ltr'>χεομένης</span> <span class='ocrx_word' id='word_1_616' title='bbox 3573 3393 3662 3464; x_wconf 83' lang='grc' dir='ltr'>τῆς</span> <span class='ocrx_word' id='word_1_617' title='bbox 3687 3406 3764 3446; x_wconf 79' lang='grc' dir='ltr'>κα·</span> 
     </span>
    </p>
   </div>
   <div class='ocr_carea' id='block_1_95' title="bbox 2223 3484 2919 3558">
    <p class='ocr_par' dir='ltr' id='par_1_95' title="bbox 2223 3484 2919 3558">
     <span class='ocr_line' id='line_1_95' title="bbox 2223 3484 2919 3558; baseline -0.007 -16"><span class='ocrx_word' id='word_1_618' title='bbox 2223 3489 2348 3552; x_wconf 82' lang='grc' dir='ltr'>κίας</span> <span class='ocrx_word' id='word_1_619' title='bbox 2375 3486 2622 3558; x_wconf 88' lang='grc' dir='ltr'>χείρονας</span> <span class='ocrx_word' id='word_1_620' title='bbox 2654 3484 2919 3553; x_wconf 87' lang='grc' dir='ltr'>γίνεσθαι.</span> 
     </span>
    </p>
   </div>
   <div class='ocr_carea' id='block_1_96' title="bbox 2229 3665 3765 3736">
    <p class='ocr_par' dir='ltr' id='par_1_96' title="bbox 2229 3665 3765 3736">
     <span class='ocr_line' id='line_1_96' title="bbox 2229 3665 3765 3736; baseline -0.005 -10"><span class='ocrx_word' id='word_1_621' title='bbox 2229 3671 2372 3726; x_wconf 88' lang='lat' dir='ltr'><strong>sicut</strong></span> <span class='ocrx_word' id='word_1_622' title='bbox 2401 3685 2616 3723; x_wconf 88' lang='lat' dir='ltr'><strong>rursum</strong></span> <span class='ocrx_word' id='word_1_623' title='bbox 2643 3668 2686 3722; x_wconf 92' lang='lat' dir='ltr'><strong>si</strong></span> <span class='ocrx_word' id='word_1_624' title='bbox 2720 3667 2842 3736; x_wconf 91' lang='lat' dir='ltr'><strong>quis</strong></span> <span class='ocrx_word' id='word_1_625' title='bbox 2877 3681 2940 3720; x_wconf 82' lang='lat' dir='ltr'><strong>ex</strong></span> <span class='ocrx_word' id='word_1_626' title='bbox 2971 3665 3401 3736; x_wconf 67' lang='lat' dir='ltr'><strong>prmcedentibus</strong></span> <span class='ocrx_word' id='word_1_627' title='bbox 3426 3667 3660 3723; x_wconf 89' lang='lat' dir='ltr'><strong>causisin</strong></span> <span class='ocrx_word' id='word_1_628' title='bbox 3686 3669 3765 3721; x_wconf 82' lang='lat' dir='ltr'><strong>bac</strong></span> 
     </span>
    </p>
   </div>
   <div class='ocr_carea' id='block_1_97' title="bbox 2226 3758 3766 3822">
    <p class='ocr_par' dir='ltr' id='par_1_97' title="bbox 2226 3758 3766 3822">
     <span class='ocr_line' id='line_1_97' title="bbox 2226 3758 3766 3822; baseline -0.003 -7"><span class='ocrx_word' id='word_1_629' title='bbox 2226 3763 2338 3816; x_wconf 87' lang='lat' dir='ltr'><strong>vita</strong></span> <span class='ocrx_word' id='word_1_630' title='bbox 2374 3777 2470 3815; x_wconf 85' lang='lat' dir='ltr'><strong>vas</strong></span> <span class='ocrx_word' id='word_1_631' title='bbox 2521 3762 2585 3814; x_wconf 89' lang='lat' dir='ltr'><strong>ad</strong></span> <span class='ocrx_word' id='word_1_632' title='bbox 2647 3758 3359 3816; x_wconf 86' lang='lat' dir='ltr'><strong>contumeliamaCreatore</strong></span> <span class='ocrx_word' id='word_1_633' title='bbox 3406 3760 3664 3815; x_wconf 83' lang='lat' dir='ltr'><strong>formatus</strong></span> <span class='ocrx_word' id='word_1_634' title='bbox 3683 3771 3766 3822; x_wconf 90' lang='lat' dir='ltr'><strong>est,</strong></span> 
     </span>
    </p>
   </div>
   <div class='ocr_carea' id='block_1_98' title="bbox 2229 3851 3745 3923">
    <p class='ocr_par' dir='ltr' id='par_1_98' title="bbox 2229 3851 3745 3923">
     <span class='ocr_line' id='line_1_98' title="bbox 2229 3851 3745 3923; baseline -0.001 -15"><span class='ocrx_word' id='word_1_635' title='bbox 2229 3864 2283 3908; x_wconf 90' lang='lat' dir='ltr'><strong>et</strong></span> <span class='ocrx_word' id='word_1_636' title='bbox 2312 3853 2677 3908; x_wconf 88' lang='lat' dir='ltr'><strong>emendaverit</strong></span> <span class='ocrx_word' id='word_1_637' title='bbox 2705 3853 2952 3923; x_wconf 77' lang='lat' dir='ltr'><strong>sciatque</strong></span> <span class='ocrx_word' id='word_1_638' title='bbox 2980 3851 3047 3904; x_wconf 90' lang='lat' dir='ltr'><strong>ab</strong></span> <span class='ocrx_word' id='word_1_639' title='bbox 3066 3851 3316 3904; x_wconf 85' lang='lat' dir='ltr'><strong>omnibus</strong></span> <span class='ocrx_word' id='word_1_640' title='bbox 3342 3855 3595 3908; x_wconf 62' lang='lat' dir='ltr'><strong>Sardibus&#39;</strong></span> <span class='ocrx_word' id='word_1_641' title='bbox 3617 3854 3745 3906; x_wconf 80' lang='lat' dir='ltr'><strong>vitiis</strong></span> 
     </span>
    </p>
   </div>
   <div class='ocr_carea' id='block_1_99' title="bbox 2232 3941 3770 4015">
    <p class='ocr_par' dir='ltr' id='par_1_99' title="bbox 2232 3941 3770 4015">
     <span class='ocr_line' id='line_1_99' title="bbox 2232 3941 3770 4015; baseline -0.003 -17"><span class='ocrx_word' id='word_1_642' title='bbox 2232 3959 2335 4015; x_wconf 92' lang='lat' dir='ltr'><strong>que</strong></span> <span class='ocrx_word' id='word_1_643' title='bbox 2361 3944 2670 4015; x_wconf 81' lang='lat' dir='ltr'><strong>purgaverit</strong></span> <span class='ocrx_word' id='word_1_644' title='bbox 2697 3943 2796 4013; x_wconf 89' lang='lat'><strong>(8),</strong></span> <span class='ocrx_word' id='word_1_645' title='bbox 2815 3942 2903 3997; x_wconf 87' lang='lat' dir='ltr'><strong>illo</strong></span> <span class='ocrx_word' id='word_1_646' title='bbox 2930 3954 3067 3996; x_wconf 87' lang='lat' dir='ltr'><strong>novo</strong></span> <span class='ocrx_word' id='word_1_647' title='bbox 3091 3941 3288 3998; x_wconf 65' lang='lat' dir='ltr'><strong>saeculo</strong></span> <span class='ocrx_word' id='word_1_648' title='bbox 3338 3951 3521 4011; x_wconf 88' lang='lat' dir='ltr'><strong>potest</strong></span> <span class='ocrx_word' id='word_1_649' title='bbox 3544 3942 3672 3999; x_wconf 79' lang='lat' dir='ltr'><strong>efﬁci</strong></span> <span class='ocrx_word' id='word_1_650' title='bbox 3697 3956 3770 3994; x_wconf 82' lang='lat' dir='ltr'><strong>ras</strong></span> 
     </span>
    </p>
   </div>
   <div class='ocr_carea' id='block_1_100' title="bbox 2225 4034 3770 4105">
    <p class='ocr_par' dir='ltr' id='par_1_100' title="bbox 2225 4034 3770 4105">
     <span class='ocr_line' id='line_1_100' title="bbox 2225 4034 3770 4105; baseline -0.002 -13"><span class='ocrx_word' id='word_1_651' title='bbox 2225 4041 2292 4094; x_wconf 92' lang='lat' dir='ltr'><strong>ad</strong></span> <span class='ocrx_word' id='word_1_652' title='bbox 2309 4042 2589 4103; x_wconf 84' lang='lat' dir='ltr'><strong>honorem,</strong></span> <span class='ocrx_word' id='word_1_653' title='bbox 2607 4037 3022 4100; x_wconf 80' lang='lat' dir='ltr'><strong>sanctiﬁcatum,</strong></span> <span class='ocrx_word' id='word_1_654' title='bbox 3041 4046 3094 4090; x_wconf 89' lang='lat' dir='ltr'><strong>et</strong></span> <span class='ocrx_word' id='word_1_655' title='bbox 3107 4034 3257 4101; x_wconf 87' lang='lat' dir='ltr'><strong>utile,</strong></span> <span class='ocrx_word' id='word_1_656' title='bbox 3286 4034 3352 4090; x_wconf 89' lang='lat' dir='ltr'><strong>ad</strong></span> <span class='ocrx_word' id='word_1_657' title='bbox 3371 4050 3535 4091; x_wconf 82' lang='lat' dir='ltr'><strong>omne</strong></span> <span class='ocrx_word' id='word_1_658' title='bbox 3548 4051 3676 4105; x_wconf 88' lang='lat' dir='ltr'><strong>opus</strong></span> <span class='ocrx_word' id='word_1_659' title='bbox 3691 4035 3770 4089; x_wconf 57' lang='lat' dir='ltr'><strong>boe</strong></span> 
     </span>
    </p>
   </div>
   <div class='ocr_carea' id='block_1_101' title="bbox 2222 4128 3771 4202">
    <p class='ocr_par' dir='ltr' id='par_1_101' title="bbox 2222 4128 3771 4202">
     <span class='ocr_line' id='line_1_101' title="bbox 2222 4128 3771 4202; baseline -0.004 -16"><span class='ocrx_word' id='word_1_660' title='bbox 2222 4149 2347 4187; x_wconf 91' lang='lat' dir='ltr'><strong>num</strong></span> <span class='ocrx_word' id='word_1_661' title='bbox 2366 4136 2637 4202; x_wconf 80' lang='lat' dir='ltr'><strong>paratum.</strong></span> <span class='ocrx_word' id='word_1_662' title='bbox 2671 4129 2913 4198; x_wconf 90' lang='lat' dir='ltr'><strong>Denique</strong></span> <span class='ocrx_word' id='word_1_663' title='bbox 2944 4129 3033 4198; x_wconf 92' lang='lat' dir='ltr'><strong>qui</strong></span> <span class='ocrx_word' id='word_1_664' title='bbox 3065 4128 3117 4180; x_wconf 89' lang='lat' dir='ltr'><strong>itt</strong></span> <span class='ocrx_word' id='word_1_665' title='bbox 3148 4131 3249 4184; x_wconf 87' lang='lat' dir='ltr'><strong>boc</strong></span> <span class='ocrx_word' id='word_1_666' title='bbox 3273 4132 3480 4186; x_wconf 64' lang='lat' dir='ltr'><strong>saeculo</strong></span> <span class='ocrx_word' id='word_1_667' title='bbox 3514 4139 3572 4187; x_wconf 88' lang='lat' dir='ltr'><strong>ut</strong></span> <span class='ocrx_word' id='word_1_668' title='bbox 3627 4129 3771 4184; x_wconf 77' lang='lat' dir='ltr'><strong>Israe-</strong></span> 
     </span>
    </p>
   </div>
   <div class='ocr_carea' id='block_1_102' title="bbox 2223 4222 3767 4296">
    <p class='ocr_par' dir='ltr' id='par_1_102' title="bbox 2223 4222 3767 4296">
     <span class='ocr_line' id='line_1_102' title="bbox 2223 4222 3767 4296; baseline -0.003 -18"><span class='ocrx_word' id='word_1_669' title='bbox 2223 4226 2332 4280; x_wconf 75' lang='lat' dir='ltr'><strong>litte</strong></span> <span class='ocrx_word' id='word_1_670' title='bbox 2358 4233 2559 4288; x_wconf 84' lang='lat' dir='ltr'><strong>essent,</strong></span> <span class='ocrx_word' id='word_1_671' title='bbox 2589 4239 2616 4276; x_wconf 90' lang='lat' dir='ltr'><strong>a</strong></span> <span class='ocrx_word' id='word_1_672' title='bbox 2651 4222 2759 4277; x_wconf 89' lang='lat' dir='ltr'><strong>Deo</strong></span> <span class='ocrx_word' id='word_1_673' title='bbox 2788 4223 3002 4278; x_wconf 82' lang='lat' dir='ltr'><strong>formati</strong></span> <span class='ocrx_word' id='word_1_674' title='bbox 3051 4233 3196 4289; x_wconf 91' lang='lat' dir='ltr'><strong>sunt,</strong></span> <span class='ocrx_word' id='word_1_675' title='bbox 3224 4235 3278 4279; x_wconf 92' lang='lat' dir='ltr'><strong>et</strong></span> <span class='ocrx_word' id='word_1_676' title='bbox 3308 4225 3590 4296; x_wconf 85' lang='lat' dir='ltr'><strong>indignam</strong></span> <span class='ocrx_word' id='word_1_677' title='bbox 3623 4226 3767 4277; x_wconf 86' lang='lat' dir='ltr'><strong>vitam</strong></span> 
     </span>
    </p>
   </div>
   <div class='ocr_carea' id='block_1_103' title="bbox 2220 4314 3771 4389">
    <p class='ocr_par' dir='ltr' id='par_1_103' title="bbox 2220 4314 3771 4389">
     <span class='ocr_line' id='line_1_103' title="bbox 2220 4314 3771 4389; baseline -0.003 -18"><span class='ocrx_word' id='word_1_678' title='bbox 2220 4317 2438 4389; x_wconf 85' lang='lat' dir='ltr'><strong>generis</strong></span> <span class='ocrx_word' id='word_1_679' title='bbox 2462 4316 2542 4371; x_wconf 92' lang='lat' dir='ltr'><strong>sui</strong></span> <span class='ocrx_word' id='word_1_680' title='bbox 2577 4314 2859 4371; x_wconf 85' lang='lat' dir='ltr'><strong>nobilitate</strong></span> <span class='ocrx_word' id='word_1_681' title='bbox 2883 4325 3191 4384; x_wconf 83' lang='lat' dir='ltr'><strong>gesserunt,</strong></span> <span class='ocrx_word' id='word_1_682' title='bbox 3239 4327 3401 4387; x_wconf 89' lang='lat' dir='ltr'><strong>atque</strong></span> <span class='ocrx_word' id='word_1_683' title='bbox 3434 4322 3506 4373; x_wconf 88' lang='lat' dir='ltr'><strong>ab</strong></span> <span class='ocrx_word' id='word_1_684' title='bbox 3528 4317 3671 4372; x_wconf 90' lang='lat' dir='ltr'><strong>omni</strong></span> <span class='ocrx_word' id='word_1_685' title='bbox 3701 4314 3771 4368; x_wconf 75' lang='lat' dir='ltr'><strong>ia-</strong></span> 
     </span>
    </p>
   </div>
   <div class='ocr_carea' id='block_1_104' title="bbox 2221 4406 3771 4482">
    <p class='ocr_par' dir='ltr' id='par_1_104' title="bbox 2221 4406 3771 4482">
     <span class='ocr_line' id='line_1_104' title="bbox 2221 4406 3771 4482; baseline -0.003 -18"><span class='ocrx_word' id='word_1_686' title='bbox 2221 4411 2379 4465; x_wconf 70' lang='lat' dir='ltr'><strong>milite</strong></span> <span class='ocrx_word' id='word_1_687' title='bbox 2407 4425 2518 4465; x_wconf 80' lang='lat' dir='ltr'><strong>suae</strong></span> <span class='ocrx_word' id='word_1_688' title='bbox 2539 4411 2902 4477; x_wconf 80' lang='lat' dir='ltr'><strong>generositate</strong></span> <span class='ocrx_word' id='word_1_689' title='bbox 2921 4411 3252 4477; x_wconf 88' lang='lat' dir='ltr'><strong>deciderunt,</strong></span> <span class='ocrx_word' id='word_1_690' title='bbox 3276 4410 3360 4465; x_wconf 87' lang='lat' dir='ltr'><strong>isti</strong></span> <span class='ocrx_word' id='word_1_691' title='bbox 3392 4406 3771 4482; x_wconf 87' lang='lat' dir='ltr'><strong>quodammodo</strong></span> 
     </span>
    </p>
   </div>
   <div class='ocr_carea' id='block_1_105' title="bbox 2220 4501 3771 4571">
    <p class='ocr_par' dir='ltr' id='par_1_105' title="bbox 2220 4501 3771 4571">
     <span class='ocr_line' id='line_1_105' title="bbox 2220 4501 3771 4571; baseline -0.004 -11"><span class='ocrx_word' id='word_1_692' title='bbox 2220 4520 2284 4560; x_wconf 79' lang='lat' dir='ltr'><strong>ex</strong></span> <span class='ocrx_word' id='word_1_693' title='bbox 2338 4503 2482 4558; x_wconf 88' lang='lat' dir='ltr'><strong>vasis</strong></span> <span class='ocrx_word' id='word_1_694' title='bbox 2536 4503 2760 4557; x_wconf 90' lang='lat' dir='ltr'><strong>bouoris</strong></span> <span class='ocrx_word' id='word_1_695' title='bbox 2832 4517 2930 4571; x_wconf 88' lang='lat' dir='ltr'><strong>pro</strong></span> <span class='ocrx_word' id='word_1_696' title='bbox 2992 4501 3368 4558; x_wconf 85' lang='lat' dir='ltr'><strong>incredulitate</strong></span> <span class='ocrx_word' id='word_1_697' title='bbox 3433 4517 3536 4558; x_wconf 83' lang='lat' dir='ltr'><strong>sua</strong></span> <span class='ocrx_word' id='word_1_698' title='bbox 3590 4501 3641 4556; x_wconf 91' lang='lat' dir='ltr'><strong>in</strong></span> <span class='ocrx_word' id='word_1_699' title='bbox 3687 4513 3771 4555; x_wconf 67' lang='lat' dir='ltr'><strong>saa-</strong></span> 
     </span>
    </p>
   </div>
   <div class='ocr_carea' id='block_1_106' title="bbox 1723 4639 2524 4702">
    <p class='ocr_par' dir='ltr' id='par_1_106' title="bbox 1723 4639 2524 4702">
     <span class='ocr_line' id='line_1_106' title="bbox 1723 4639 2524 4702; baseline -0.005 -2"><span class='ocrx_word' id='word_1_700' title='bbox 1723 4639 2281 4702; x_wconf 72' lang='lat' dir='ltr'><strong>INTERPRETATIO</strong></span> <span class='ocrx_word' id='word_1_701' title='bbox 2316 4640 2524 4696; x_wconf 80' lang='lat' dir='ltr'><strong>NOVA.</strong></span> 
     </span>
    </p>
   </div>
   <div class='ocr_carea' id='block_1_107' title="bbox 540 4732 3775 4819">
    <p class='ocr_par' dir='ltr' id='par_1_107' title="bbox 540 4732 3775 4819">
     <span class='ocr_line' id='line_1_107' title="bbox 540 4732 3775 4819; baseline -0.007 -13"><span class='ocrx_word' id='word_1_702' title='bbox 540 4751 762 4806; x_wconf 85' lang='lat' dir='ltr'><strong>honoris</strong></span> <span class='ocrx_word' id='word_1_703' title='bbox 788 4751 1007 4819; x_wconf 82' lang='lat' dir='ltr'><strong>indigna</strong></span> <span class='ocrx_word' id='word_1_704' title='bbox 1032 4749 1241 4812; x_wconf 79' lang='lat' dir='ltr'><strong>fecerit,</strong></span> <span class='ocrx_word' id='word_1_705' title='bbox 1273 4745 1443 4800; x_wconf 89' lang='lat' dir='ltr'><strong>altero</strong></span> <span class='ocrx_word' id='word_1_706' title='bbox 1475 4743 1670 4798; x_wconf 83' lang='lat' dir='ltr'><strong>saeculo</strong></span> <span class='ocrx_word' id='word_1_707' title='bbox 1696 4741 1787 4795; x_wconf 89' lang='lat' dir='ltr'><strong>ﬁat</strong></span> <span class='ocrx_word' id='word_1_708' title='bbox 1813 4757 1906 4819; x_wconf 77' lang='lat' dir='ltr'><strong>vas</strong></span> <span class='ocrx_word' id='word_1_709' title='bbox 1937 4737 2278 4819; x_wconf 69' lang='lat' dir='ltr'><strong>ignominiae:</strong></span> <span class='ocrx_word' id='word_1_710' title='bbox 2311 4738 2472 4819; x_wconf 31' lang='lat' dir='ltr'><strong>‘sicut&#39;</strong></span> <span class='ocrx_word' id='word_1_711' title='bbox 2492 4751 2704 4816; x_wconf 74' lang='lat' dir='ltr'><strong>rursum</strong></span> <span class='ocrx_word' id='word_1_712' title='bbox 2749 4733 2863 4788; x_wconf 87' lang='lat' dir='ltr'><strong>ﬁeri</strong></span> <span class='ocrx_word' id='word_1_713' title='bbox 2895 4742 3070 4814; x_wconf 74' lang='lat' dir='ltr'><strong>potest</strong></span> <span class='ocrx_word' id='word_1_714' title='bbox 3101 4742 3158 4819; x_wconf 69' lang='lat' dir='ltr'><strong>ut</strong></span> <span class='ocrx_word' id='word_1_715' title='bbox 3181 4734 3269 4819; x_wconf 84' lang='lat' dir='ltr'><strong>qui</strong></span> <span class='ocrx_word' id='word_1_716' title='bbox 3296 4749 3362 4787; x_wconf 80' lang='lat' dir='ltr'><strong>ex</strong></span> <span class='ocrx_word' id='word_1_717' title='bbox 3390 4732 3775 4819; x_wconf 66' lang='lat' dir='ltr'><strong>antiquioribus</strong></span> 
     </span>
    </p>
   </div>
   <div class='ocr_carea' id='block_1_108' title="bbox 540 4804 3772 4875">
    <p class='ocr_par' dir='ltr' id='par_1_108' title="bbox 540 4804 3772 4875">
     <span class='ocr_line' id='line_1_108' title="bbox 540 4804 3772 4875; baseline -0.007 0"><span class='ocrx_word' id='word_1_718' title='bbox 540 4804 646 4875; x_wconf 76' lang='lat' dir='ltr'><strong>liae</strong></span> <span class='ocrx_word' id='word_1_719' title='bbox 674 4804 780 4874; x_wconf 88' lang='lat' dir='ltr'><strong>vita</strong></span> <span class='ocrx_word' id='word_1_720' title='bbox 819 4804 999 4874; x_wconf 58' lang='lat' dir='ltr'><strong>cauusis</strong></span> <span class='ocrx_word' id='word_1_721' title='bbox 1042 4819 1214 4873; x_wconf 86' lang='lat' dir='ltr'><strong>factus</strong></span> <span class='ocrx_word' id='word_1_722' title='bbox 1232 4804 1324 4872; x_wconf 77' lang='lat' dir='ltr'><strong>est</strong></span> <span class='ocrx_word' id='word_1_723' title='bbox 1353 4817 1440 4869; x_wconf 90' lang='lat' dir='ltr'><strong>bic</strong></span> <span class='ocrx_word' id='word_1_724' title='bbox 1471 4831 1567 4868; x_wconf 85' lang='lat' dir='ltr'><strong>vas</strong></span> <span class='ocrx_word' id='word_1_725' title='bbox 1600 4804 2027 4872; x_wconf 47' lang='lat' dir='ltr'><strong>contumeliaefsi</strong></span> <span class='ocrx_word' id='word_1_726' title='bbox 2056 4825 2114 4862; x_wconf 83' lang='lat' dir='ltr'><strong>se</strong></span> <span class='ocrx_word' id='word_1_727' title='bbox 2133 4807 2521 4869; x_wconf 77' lang='lat' dir='ltr'><strong>emendaverit,</strong></span> <span class='ocrx_word' id='word_1_728' title='bbox 2558 4806 2607 4858; x_wconf 91' lang='lat' dir='ltr'><strong>in</strong></span> <span class='ocrx_word' id='word_1_729' title='bbox 2641 4819 2776 4858; x_wconf 89' lang='lat' dir='ltr'><strong>nova</strong></span> <span class='ocrx_word' id='word_1_730' title='bbox 2811 4805 3084 4858; x_wconf 82' lang='lat' dir='ltr'><strong>creatione</strong></span> <span class='ocrx_word' id='word_1_731' title='bbox 3108 4804 3211 4875; x_wconf 83' lang='lat' dir='ltr'><strong>_ﬁat</strong></span> <span class='ocrx_word' id='word_1_732' title='bbox 3238 4819 3333 4875; x_wconf 79' lang='lat' dir='ltr'><strong>vas</strong></span> <span class='ocrx_word' id='word_1_733' title='bbox 3359 4805 3772 4875; x_wconf 72' lang='lat' dir='ltr'><strong>sanctiﬁcatum,</strong></span> 
     </span>
    </p>
   </div>
   <div class='ocr_carea' id='block_1_109' title="bbox 539 4872 3776 4954">
    <p class='ocr_par' dir='ltr' id='par_1_109' title="bbox 539 4872 3776 4954">
     <span class='ocr_line' id='line_1_109' title="bbox 539 4872 3776 4954; baseline -0.006 -10"><span class='ocrx_word' id='word_1_734' title='bbox 539 4872 671 4944; x_wconf 74' lang='lat' dir='ltr'><strong>utile</strong></span> <span class='ocrx_word' id='word_1_735' title='bbox 699 4872 946 4953; x_wconf 89' lang='lat' dir='ltr'><strong>Domino,</strong></span> <span class='ocrx_word' id='word_1_736' title='bbox 975 4872 1029 4942; x_wconf 84' lang='lat' dir='ltr'><strong>et</strong></span> <span class='ocrx_word' id='word_1_737' title='bbox 1054 4872 1120 4941; x_wconf 89' lang='lat' dir='ltr'><strong>ad</strong></span> <span class='ocrx_word' id='word_1_738' title='bbox 1155 4901 1314 4941; x_wconf 85' lang='lat' dir='ltr'><strong>omne</strong></span> <span class='ocrx_word' id='word_1_739' title='bbox 1347 4901 1483 4954; x_wconf 84' lang='lat' dir='ltr'><strong>Opus</strong></span> <span class='ocrx_word' id='word_1_740' title='bbox 1510 4884 1712 4954; x_wconf 88' lang='lat' dir='ltr'><strong>bonum</strong></span> <span class='ocrx_word' id='word_1_741' title='bbox 1742 4892 2011 4954; x_wconf 79' lang='lat' dir='ltr'><strong>paratum.</strong></span> <span class='ocrx_word' id='word_1_742' title='bbox 2042 4878 2117 4954; x_wconf 88' lang='lat' dir='ltr'><strong>lt_a</strong></span> <span class='ocrx_word' id='word_1_743' title='bbox 2160 4878 2327 4954; x_wconf 81' lang='lat' dir='ltr'><strong>etiam</strong></span> <span class='ocrx_word' id='word_1_744' title='bbox 2366 4876 2596 4954; x_wconf 73' lang='lat' dir='ltr'><strong>fortasse</strong></span> <span class='ocrx_word' id='word_1_745' title='bbox 2638 4875 2736 4954; x_wconf 73' lang='lat' dir='ltr'><strong>qui</strong></span> <span class='ocrx_word' id='word_1_746' title='bbox 2775 4889 2918 4928; x_wconf 89' lang='lat' dir='ltr'><strong>nunc</strong></span> <span class='ocrx_word' id='word_1_747' title='bbox 2948 4882 3075 4954; x_wconf 81' lang='lat' dir='ltr'><strong>sunt</strong></span> <span class='ocrx_word' id='word_1_748' title='bbox 3105 4872 3394 4954; x_wconf 61' lang='lat' dir='ltr'><strong>Israelita),</strong></span> <span class='ocrx_word' id='word_1_749' title='bbox 3425 4875 3485 4954; x_wconf 38' lang='lat' dir='ltr'><strong>si.</strong></span> <span class='ocrx_word' id='word_1_750' title='bbox 3513 4872 3776 4954; x_wconf 67' lang='lat' dir='ltr'><strong>nobilitate</strong></span> 
     </span>
    </p>
   </div>
   <div class='ocr_carea' id='block_1_110' title="bbox 539 4941 3774 5027">
    <p class='ocr_par' dir='ltr' id='par_1_110' title="bbox 539 4941 3774 5027">
     <span class='ocr_line' id='line_1_110' title="bbox 539 4941 3774 5027; baseline -0.006 -14"><span class='ocrx_word' id='word_1_751' title='bbox 539 4941 946 5027; x_wconf 30' lang='lat' dir='ltr'><strong>suavindignam&#39;</strong></span> <span class='ocrx_word' id='word_1_752' title='bbox 969 4941 1136 5027; x_wconf 87' lang='lat' dir='ltr'><strong>vitam</strong></span> <span class='ocrx_word' id='word_1_753' title='bbox 1167 4941 1500 5027; x_wconf 54' lang='lat' dir='ltr'><strong>egeritit;_ab</strong></span> <span class='ocrx_word' id='word_1_754' title='bbox 1533 4955 1623 5027; x_wconf 83' lang='lat' dir='ltr'><strong>illa</strong></span> <span class='ocrx_word' id='word_1_755' title='bbox 1684 4941 1978 5027; x_wconf 45' lang='lat' dir='ltr'><strong>deciderit,“</strong></span> <span class='ocrx_word' id='word_1_756' title='bbox 2017 4947 2177 5002; x_wconf 91' lang='lat' dir='ltr'><strong>veluti</strong></span> <span class='ocrx_word' id='word_1_757' title='bbox 2197 4962 2262 5027; x_wconf 73' lang='lat' dir='ltr'><strong>_e</strong></span> <span class='ocrx_word' id='word_1_758' title='bbox 2291 4947 2435 5001; x_wconf 90' lang='lat' dir='ltr'><strong>vasis</strong></span> <span class='ocrx_word' id='word_1_759' title='bbox 2466 4941 2686 5027; x_wconf 67' lang='lat' dir='ltr'><strong>honoris</strong></span> <span class='ocrx_word' id='word_1_760' title='bbox 2714 4945 2776 5027; x_wconf 70' lang='lat' dir='ltr'><strong>in</strong></span> <span class='ocrx_word' id='word_1_761' title='bbox 2815 4958 2908 5027; x_wconf 88' lang='lat' dir='ltr'><strong>vas</strong></span> <span class='ocrx_word' id='word_1_762' title='bbox 2949 4944 3258 5027; x_wconf 66' lang='lat' dir='ltr'><strong>ignominia:</strong></span> <span class='ocrx_word' id='word_1_763' title='bbox 3291 4941 3774 5027; x_wconf 35' lang='lat' dir='ltr'><strong>mutatiretﬁniullti</strong></span> 
     </span>
    </p>
   </div>
   <div class='ocr_carea' id='block_1_111' title="bbox 538 5011 3779 5097">
    <p class='ocr_par' dir='ltr' id='par_1_111' title="bbox 538 5011 3779 5097">
     <span class='ocr_line' id='line_1_111' title="bbox 538 5011 3779 5097; baseline -0.006 -13"><span class='ocrx_word' id='word_1_764' title='bbox 538 5011 701 5084; x_wconf 47' lang='lat' dir='ltr'><strong>latius</strong></span> <span class='ocrx_word' id='word_1_765' title='bbox 728 5011 826 5097; x_wconf 65' lang='grc' dir='ltr'>ιιιῘὶ</span> <span class='ocrx_word' id='word_1_766' title='bbox 849 5011 990 5082; x_wconf 84' lang='lat' dir='ltr'><strong>nunc</strong></span> <span class='ocrx_word' id='word_1_767' title='bbox 1015 5011 1251 5097; x_wconf 63' lang='lat' dir='ltr'><strong>Egypiii</strong></span> <span class='ocrx_word' id='word_1_768' title='bbox 1277 5035 1328 5079; x_wconf 89' lang='lat' dir='ltr'><strong>ct</strong></span> <span class='ocrx_word' id='word_1_769' title='bbox 1372 5011 1590 5097; x_wconf 34' lang='lat' dir='ltr'><strong>I&#39;dtunaei</strong></span> <span class='ocrx_word' id='word_1_770' title='bbox 1619 5011 2164 5097; x_wconf 73' lang='lat' dir='ltr'><strong>sunt,_lsrael_itarum</strong></span> <span class='ocrx_word' id='word_1_771' title='bbox 2185 5017 2298 5097; x_wconf 76' lang='lat' dir='ltr'><strong>ﬁde</strong></span> <span class='ocrx_word' id='word_1_772' title='bbox 2333 5025 2604 5097; x_wconf 64' lang='lat' dir='ltr'><strong>suscepta,</strong></span> <span class='ocrx_word' id='word_1_773' title='bbox 2636 5015 2724 5097; x_wconf 86' lang='lat' dir='ltr'><strong>ubi</strong></span> <span class='ocrx_word' id='word_1_774' title='bbox 2750 5011 3185 5097; x_wconf 60' lang='lat' dir='ltr'><strong>{ructus&#39;ubercs</strong></span> <span class='ocrx_word' id='word_1_775' title='bbox 3215 5013 3490 5097; x_wconf 71' lang='lat' dir='ltr'><strong>dederint,</strong></span> <span class='ocrx_word' id='word_1_776' title='bbox 3525 5016 3578 5067; x_wconf 92' lang='lat' dir='ltr'><strong>in</strong></span> <span class='ocrx_word' id='word_1_777' title='bbox 3611 5011 3779 5097; x_wconf 49' lang='lat' dir='ltr'><strong>ﬁccle:</strong></span> 
     </span>
    </p>
   </div>
   <div class='ocr_carea' id='block_1_112' title="bbox 538 5084 3782 5166">
    <p class='ocr_par' dir='ltr' id='par_1_112' title="bbox 538 5084 3782 5166">
     <span class='ocr_line' id='line_1_112' title="bbox 538 5084 3782 5166; baseline -0.007 -12"><span class='ocrx_word' id='word_1_778' title='bbox 538 5103 673 5155; x_wconf 90' lang='lat' dir='ltr'><strong>siam</strong></span> <span class='ocrx_word' id='word_1_779' title='bbox 707 5084 914 5153; x_wconf 73' lang='lat' dir='ltr'><strong>Domini</strong></span> <span class='ocrx_word' id='word_1_780' title='bbox 946 5084 1335 5166; x_wconf 57' lang='lat' dir='ltr'><strong>ingrediantur,</strong></span> <span class='ocrx_word' id='word_1_781' title='bbox 1373 5109 1546 5164; x_wconf 88' lang='lat' dir='ltr'><strong>neque</strong></span> <span class='ocrx_word' id='word_1_782' title='bbox 1581 5095 1723 5147; x_wconf 87' lang='lat' dir='ltr'><strong>inter</strong></span> <span class='ocrx_word' id='word_1_783' title='bbox 1750 5084 2117 5166; x_wconf 44' lang='lat' dir='ltr'><strong>Egyptiosuet</strong></span> <span class='ocrx_word' id='word_1_784' title='bbox 2144 5087 2424 5166; x_wconf 63' lang='lat' dir='ltr'><strong>Idumaeos,</strong></span> <span class='ocrx_word' id='word_1_785' title='bbox 2457 5084 2550 5141; x_wconf 85' lang='lat' dir='ltr'><strong>sed</strong></span> <span class='ocrx_word' id='word_1_786' title='bbox 2587 5087 2727 5166; x_wconf 75' lang='lat' dir='ltr'><strong>inter</strong></span> <span class='ocrx_word' id='word_1_787' title='bbox 2753 5085 3023 5166; x_wconf 72' lang='lat' dir='ltr'><strong>Israelitas</strong></span> <span class='ocrx_word' id='word_1_788' title='bbox 3050 5084 3564 5166; x_wconf 68' lang='lat' dir='ltr'><strong>annumerabuntur</strong></span> <span class='ocrx_word' id='word_1_789' title='bbox 3585 5101 3606 5166; x_wconf 8' lang='lat'><strong>:7</strong></span> <span class='ocrx_word' id='word_1_790' title='bbox 3631 5085 3696 5162; x_wconf 80' lang='lat' dir='ltr'><strong>ita</strong></span> <span class='ocrx_word' id='word_1_791' title='bbox 3729 5091 3782 5166; x_wconf 83' lang='lat' dir='ltr'><strong>ut</strong></span> 
     </span>
    </p>
   </div>
   <div class='ocr_carea' id='block_1_113' title="bbox 537 5154 3777 5241">
    <p class='ocr_par' dir='ltr' id='par_1_113' title="bbox 537 5154 3777 5241">
     <span class='ocr_line' id='line_1_113' title="bbox 537 5154 3777 5241; baseline -0.006 -19"><span class='ocrx_word' id='word_1_792' title='bbox 537 5154 638 5241; x_wconf 82' lang='lat' dir='ltr'><strong>pro</strong></span> <span class='ocrx_word' id='word_1_793' title='bbox 666 5169 847 5241; x_wconf 78' lang='lat' dir='ltr'><strong>variis</strong></span> <span class='ocrx_word' id='word_1_794' title='bbox 881 5154 1173 5241; x_wconf 57' lang='lat' dir='ltr'><strong>voluntatis</strong></span> <span class='ocrx_word' id='word_1_795' title='bbox 1204 5154 1437 5241; x_wconf 78' lang='lat' dir='ltr'><strong>motibus</strong></span> <span class='ocrx_word' id='word_1_796' title='bbox 1459 5154 1752 5241; x_wconf 29' lang='lat' dir='ltr'><strong>qu‘idatma</strong></span> <span class='ocrx_word' id='word_1_797' title='bbox 1791 5154 2234 5241; x_wconf 41' lang='lat' dir='ltr'><strong>dcierioribus‘in</strong></span> <span class='ocrx_word' id='word_1_798' title='bbox 2267 5155 2840 5241; x_wconf 36' lang='lat' dir='ltr'><strong>ntelioraoprocedant,</strong></span> <span class='ocrx_word' id='word_1_799' title='bbox 2883 5155 2971 5241; x_wconf 79' lang='lat' dir='ltr'><strong>alii</strong></span> <span class='ocrx_word' id='word_1_800' title='bbox 3002 5155 3376 5241; x_wconf 49' lang='lat' dir='ltr'><strong>annelio‘riblus</strong></span> <span class='ocrx_word' id='word_1_801' title='bbox 3422 5155 3479 5207; x_wconf 94' lang='lat' dir='ltr'><strong>in</strong></span> <span class='ocrx_word' id='word_1_802' title='bbox 3523 5154 3777 5241; x_wconf 63' lang='lat' dir='ltr'><strong>deteriora</strong></span> 
     </span>
    </p>
   </div>
   <div class='ocr_carea' id='block_1_114' title="bbox 537 5222 3776 5302">
    <p class='ocr_par' dir='ltr' id='par_1_114' title="bbox 537 5222 3776 5302">
     <span class='ocr_line' id='line_1_114' title="bbox 537 5222 3776 5302; baseline -0.006 -7"><span class='ocrx_word' id='word_1_803' title='bbox 537 5222 891 5302; x_wconf 62' lang='lat' dir='ltr'><strong>delabantur;</strong></span> <span class='ocrx_word' id='word_1_804' title='bbox 928 5237 1020 5291; x_wconf 90' lang='lat' dir='ltr'><strong>alii</strong></span> <span class='ocrx_word' id='word_1_805' title='bbox 1058 5244 1310 5290; x_wconf 88' lang='lat' dir='ltr'><strong>maneant</strong></span> <span class='ocrx_word' id='word_1_806' title='bbox 1340 5238 1390 5288; x_wconf 93' lang='lat' dir='ltr'><strong>in</strong></span> <span class='ocrx_word' id='word_1_807' title='bbox 1425 5222 1603 5297; x_wconf 60' lang='lat' dir='ltr'><strong>bo&#39;nis,</strong></span> <span class='ocrx_word' id='word_1_808' title='bbox 1630 5233 1764 5289; x_wconf 91' lang='lat' dir='ltr'><strong>vela</strong></span> <span class='ocrx_word' id='word_1_809' title='bbox 1793 5232 1945 5286; x_wconf 87' lang='lat' dir='ltr'><strong>bonis</strong></span> <span class='ocrx_word' id='word_1_810' title='bbox 1980 5231 2046 5285; x_wconf 87' lang='lat' dir='ltr'><strong>ad</strong></span> <span class='ocrx_word' id='word_1_811' title='bbox 2078 5226 2301 5282; x_wconf 90' lang='lat' dir='ltr'><strong>meliora</strong></span> <span class='ocrx_word' id='word_1_812' title='bbox 2331 5222 2646 5296; x_wconf 85' lang='lat' dir='ltr'><strong>proﬁciant;</strong></span> <span class='ocrx_word' id='word_1_813' title='bbox 2692 5225 2781 5279; x_wconf 85' lang='lat' dir='ltr'><strong>alii</strong></span> <span class='ocrx_word' id='word_1_814' title='bbox 2806 5236 2991 5280; x_wconf 89' lang='lat' dir='ltr'><strong>contra</strong></span> <span class='ocrx_word' id='word_1_815' title='bbox 3036 5225 3088 5279; x_wconf 90' lang='lat' dir='ltr'><strong>in</strong></span> <span class='ocrx_word' id='word_1_816' title='bbox 3125 5225 3282 5278; x_wconf 86' lang='lat' dir='ltr'><strong>malis</strong></span> <span class='ocrx_word' id='word_1_817' title='bbox 3307 5223 3583 5293; x_wconf 67' lang='lat' dir='ltr'><strong>hiereaut,</strong></span> <span class='ocrx_word' id='word_1_818' title='bbox 3613 5222 3693 5278; x_wconf 85' lang='lat' dir='ltr'><strong>vel</strong></span> <span class='ocrx_word' id='word_1_819' title='bbox 3721 5233 3776 5274; x_wconf 68' lang='lat' dir='ltr'><strong>ex</strong></span> 
     </span>
    </p>
   </div>
   <div class='ocr_carea' id='block_1_115' title="bbox 538 5305 1676 5376">
    <p class='ocr_par' dir='ltr' id='par_1_115' title="bbox 538 5305 1676 5376">
     <span class='ocr_line' id='line_1_115' title="bbox 538 5305 1676 5376; baseline -0.007 -11"><span class='ocrx_word' id='word_1_820' title='bbox 538 5311 698 5365; x_wconf 90' lang='lat' dir='ltr'><strong>malis</strong></span> <span class='ocrx_word' id='word_1_821' title='bbox 725 5308 892 5364; x_wconf 80' lang='lat' dir='ltr'><strong>cﬁ‘usa</strong></span> <span class='ocrx_word' id='word_1_822' title='bbox 923 5308 1264 5376; x_wconf 86' lang='lat' dir='ltr'><strong>improbitate</strong></span> <span class='ocrx_word' id='word_1_823' title='bbox 1288 5306 1497 5375; x_wconf 87' lang='lat' dir='ltr'><strong>pejores</strong></span> <span class='ocrx_word' id='word_1_824' title='bbox 1525 5305 1676 5359; x_wconf 87' lang='lat' dir='ltr'><strong>ﬁant.</strong></span> 
     </span>
    </p>
   </div>
   <div class='ocr_carea' id='block_1_116' title="bbox 606 5420 2090 5494">
    <p class='ocr_par' dir='ltr' id='par_1_116' title="bbox 606 5420 2090 5494">
     <span class='ocr_line' id='line_1_116' title="bbox 606 5420 2090 5494; baseline -0.006 -11"><span class='ocrx_word' id='word_1_825' title='bbox 606 5432 649 5462; x_wconf 72' lang='grc'>⁸⁸</span> <span class='ocrx_word' id='word_1_826' title='bbox 679 5430 850 5484; x_wconf 85' lang='lat' dir='ltr'><strong>Exod.</strong></span> <span class='ocrx_word' id='word_1_827' title='bbox 883 5444 994 5494; x_wconf 72' lang='lat' dir='ltr'><strong>xu,</strong></span> <span class='ocrx_word' id='word_1_828' title='bbox 1037 5428 1125 5482; x_wconf 73' lang='lat' dir='ltr'><strong>i9.</strong></span> <span class='ocrx_word' id='word_1_829' title='bbox 1202 5427 1245 5458; x_wconf 64' lang='grc' dir='ltr'><strong>δί’</strong></span> <span class='ocrx_word' id='word_1_830' title='bbox 1281 5426 1437 5480; x_wconf 72' lang='lat' dir='ltr'><strong>ltom.</strong></span> <span class='ocrx_word' id='word_1_831' title='bbox 1491 5442 1566 5489; x_wconf 69' lang='grc' dir='ltr'>ιιι,</span> <span class='ocrx_word' id='word_1_832' title='bbox 1599 5423 1685 5479; x_wconf 78' lang='grc'><strong>19.</strong></span> <span class='ocrx_word' id='word_1_833' title='bbox 1767 5421 1811 5456; x_wconf 80' lang='grc' dir='ltr'><strong>⁷ο</strong></span> <span class='ocrx_word' id='word_1_834' title='bbox 1841 5421 1973 5476; x_wconf 88' lang='lat' dir='ltr'><strong>ibid.</strong></span> <span class='ocrx_word' id='word_1_835' title='bbox 1995 5420 2090 5475; x_wconf 74' lang='grc'><strong>20.</strong></span> 
     </span>
    </p>
   </div>
   <div class='ocr_carea' id='block_1_117' title="bbox 607 5535 2548 5621">
    <p class='ocr_par' dir='ltr' id='par_1_117' title="bbox 607 5535 2548 5621">
     <span class='ocr_line' id='line_1_117' title="bbox 607 5535 2548 5621; baseline -0.007 -15"><span class='ocrx_word' id='word_1_836' title='bbox 607 5551 684 5621; x_wconf 75' lang='grc'><strong>(4)</strong></span> <span class='ocrx_word' id='word_1_837' title='bbox 715 5550 804 5621; x_wconf 51' lang='lat' dir='ltr'><strong>Sic</strong></span> <span class='ocrx_word' id='word_1_838' title='bbox 829 5564 958 5602; x_wconf 91' lang='lat' dir='ltr'><strong>mss.</strong></span> <span class='ocrx_word' id='word_1_839' title='bbox 986 5547 1152 5610; x_wconf 84' lang='lat' dir='ltr'><strong>Alias,</strong></span> <span class='ocrx_word' id='word_1_840' title='bbox 1184 5564 1202 5598; x_wconf 77' lang='grc' dir='ltr'><strong>ι</strong></span> <span class='ocrx_word' id='word_1_841' title='bbox 1239 5564 1340 5602; x_wconf 92' lang='lat' dir='ltr'><strong>non</strong></span> <span class='ocrx_word' id='word_1_842' title='bbox 1373 5547 1439 5621; x_wconf 86' lang='lat' dir='ltr'><strong>ad</strong></span> <span class='ocrx_word' id='word_1_843' title='bbox 1478 5535 1664 5600; x_wconf 86' lang='lat' dir='ltr'><strong>ﬁdeles</strong></span> <span class='ocrx_word' id='word_1_844' title='bbox 1685 5585 1699 5608; x_wconf 92' lang='lat'><strong>,</strong></span> <span class='ocrx_word' id='word_1_845' title='bbox 1731 5545 1824 5621; x_wconf 81' lang='lat' dir='ltr'><strong>sed</strong></span> <span class='ocrx_word' id='word_1_846' title='bbox 1877 5544 1943 5597; x_wconf 88' lang='lat' dir='ltr'><strong>ad</strong></span> <span class='ocrx_word' id='word_1_847' title='bbox 1995 5543 2100 5621; x_wconf 89' lang='lat' dir='ltr'><strong>im-_</strong></span> <span class='ocrx_word' id='word_1_848' title='bbox 2135 5545 2179 5600; x_wconf 85' lang='grc' dir='ltr'>Ι)</span> <span class='ocrx_word' id='word_1_849' title='bbox 2209 5541 2548 5621; x_wconf 52' lang='lat' dir='ltr'><strong>nibusunss,</strong></span> 
     </span>
    </p>
   </div>
   <div class='ocr_carea' id='block_1_118' title="bbox 538 5605 2988 5694">
    <p class='ocr_par' dir='ltr' id='par_1_118' title="bbox 538 5605 2988 5694">
     <span class='ocr_line' id='line_1_118' title="bbox 538 5605 2988 5694; baseline -0.005 -20"><span class='ocrx_word' id='word_1_850' title='bbox 538 5605 680 5694; x_wconf 58' lang='lat' dir='ltr'><strong>pios:</strong></span> <span class='ocrx_word' id='word_1_851' title='bbox 709 5640 726 5671; x_wconf 75' lang='grc' dir='ltr'><strong>ι</strong></span> <span class='ocrx_word' id='word_1_852' title='bbox 759 5611 927 5694; x_wconf 71' lang='lat' dir='ltr'><strong>Paulo</strong></span> <span class='ocrx_word' id='word_1_853' title='bbox 965 5605 1285 5694; x_wconf 76' lang='lat' dir='ltr'><strong>post_inss.,</strong></span> <span class='ocrx_word' id='word_1_854' title='bbox 1323 5636 1344 5694; x_wconf 60' lang='grc' dir='ltr'><strong>ι</strong></span> <span class='ocrx_word' id='word_1_855' title='bbox 1388 5617 1430 5669; x_wconf 91' lang='lat' dir='ltr'><strong>si</strong></span> <span class='ocrx_word' id='word_1_856' title='bbox 1481 5605 1700 5694; x_wconf 70' lang='lat' dir='ltr'><strong>constat</strong></span> <span class='ocrx_word' id='word_1_857' title='bbox 1741 5616 1906 5669; x_wconf 86' lang='lat' dir='ltr'><strong>etiam</strong></span> <span class='ocrx_word' id='word_1_858' title='bbox 1951 5613 2104 5694; x_wconf 73' lang='lat' dir='ltr'><strong>apud</strong></span> <span class='ocrx_word' id='word_1_859' title='bbox 2391 5611 2443 5694; x_wconf 59' lang='lat' dir='ltr'><strong>in</strong></span> <span class='ocrx_word' id='word_1_860' title='bbox 2472 5614 2629 5694; x_wconf 72' lang='lat' dir='ltr'><strong>epist.</strong></span> <span class='ocrx_word' id='word_1_861' title='bbox 2659 5609 2726 5663; x_wconf 91' lang='lat' dir='ltr'><strong>ad</strong></span> <span class='ocrx_word' id='word_1_862' title='bbox 2750 5605 2988 5662; x_wconf 75' lang='lat' dir='ltr'><strong>Avitum.</strong></span> 
     </span>
    </p>
   </div>
   <div class='ocr_carea' id='block_1_119' title="bbox 539 5680 2729 5761">
    <p class='ocr_par' dir='ltr' id='par_1_119' title="bbox 539 5680 2729 5761">
     <span class='ocr_line' id='line_1_119' title="bbox 539 5680 2729 5761; baseline -0.006 -14"><span class='ocrx_word' id='word_1_863' title='bbox 539 5680 701 5761; x_wconf 81' lang='lat' dir='ltr'><strong>ipsos.</strong></span> <span class='ocrx_word' id='word_1_864' title='bbox 739 5710 758 5743; x_wconf 73' lang='grc' dir='ltr'><strong>ι</strong></span> <span class='ocrx_word' id='word_1_865' title='bbox 796 5680 1143 5752; x_wconf 51' lang='grc' dir='ltr'><strong>[Λυδίοιιίιή</strong></span> <span class='ocrx_word' id='word_1_866' title='bbox 1182 5707 1200 5739; x_wconf 74' lang='lat' dir='ltr'><strong>c</strong></span> <span class='ocrx_word' id='word_1_867' title='bbox 1240 5680 1334 5742; x_wconf 89' lang='lat' dir='ltr'><strong>sed</strong></span> <span class='ocrx_word' id='word_1_868' title='bbox 1375 5697 1590 5742; x_wconf 89' lang='lat' dir='ltr'><strong>constat</strong></span> <span class='ocrx_word' id='word_1_869' title='bbox 1631 5687 1795 5741; x_wconf 87' lang='lat' dir='ltr'><strong>etiam</strong></span> <span class='ocrx_word' id='word_1_870' title='bbox 1823 5684 1965 5754; x_wconf 86' lang='lat' dir='ltr'><strong>apud</strong></span> <span class='ocrx_word' id='word_1_871' title='bbox 1994 5680 2096 5752; x_wconf 38' lang='lat' dir='ltr'><strong>‘ip-</strong></span> <span class='ocrx_word' id='word_1_872' title='bbox 2385 5682 2557 5761; x_wconf 85' lang='lat' dir='ltr'><strong>_Caute</strong></span> <span class='ocrx_word' id='word_1_873' title='bbox 2591 5680 2729 5761; x_wconf 56' lang='lat' dir='ltr'><strong>lege.</strong></span> 
     </span>
    </p>
   </div>
   <div class='ocr_carea' id='block_1_120' title="bbox 535 5687 3781 5820">
    <p class='ocr_par' dir='ltr' id='par_1_120' title="bbox 535 5687 3781 5820">
     <span class='ocr_line' id='line_1_120' title="bbox 539 5687 3695 5761; baseline -0.007 -14"><span class='ocrx_word' id='word_1_874' title='bbox 539 5687 701 5761; x_wconf 81' lang='lat' dir='ltr'><strong>ipsos.</strong></span> <span class='ocrx_word' id='word_1_875' title='bbox 739 5710 758 5743; x_wconf 73' lang='grc' dir='ltr'><strong>ι</strong></span> <span class='ocrx_word' id='word_1_876' title='bbox 796 5691 952 5745; x_wconf 89' lang='lat' dir='ltr'><strong>Libb.</strong></span> <span class='ocrx_word' id='word_1_877' title='bbox 988 5688 1143 5752; x_wconf 86' lang='lat' dir='ltr'><strong>editi,</strong></span> <span class='ocrx_word' id='word_1_878' title='bbox 1182 5707 1200 5739; x_wconf 73' lang='grc' dir='ltr'><strong>ι</strong></span> <span class='ocrx_word' id='word_1_879' title='bbox 1240 5689 1334 5742; x_wconf 92' lang='lat' dir='ltr'><strong>sed</strong></span> <span class='ocrx_word' id='word_1_880' title='bbox 1375 5697 1590 5742; x_wconf 89' lang='lat' dir='ltr'><strong>constat</strong></span> <span class='ocrx_word' id='word_1_881' title='bbox 1631 5687 1795 5741; x_wconf 87' lang='lat' dir='ltr'><strong>etiam</strong></span> <span class='ocrx_word' id='word_1_882' title='bbox 1823 5687 1965 5754; x_wconf 86' lang='lat' dir='ltr'><strong>apud</strong></span> <span class='ocrx_word' id='word_1_883' title='bbox 2014 5687 2096 5752; x_wconf 85' lang='lat' dir='ltr'><strong>ip-</strong></span> <span class='ocrx_word' id='word_1_884' title='bbox 2281 5687 2332 5749; x_wconf 84' lang='lat'><strong>(7</strong></span> <span class='ocrx_word' id='word_1_885' title='bbox 2390 5687 2557 5736; x_wconf 83' lang='lat' dir='ltr'><strong>Caute</strong></span> <span class='ocrx_word' id='word_1_886' title='bbox 2591 5687 2729 5749; x_wconf 87' lang='lat' dir='ltr'><strong>tege.</strong></span> <span class='ocrx_word' id='word_1_887' title='bbox 3685 5743 3695 5755; x_wconf 43' lang='lat'>.</span> 
     </span>
     <span class='ocr_line' id='line_1_121' title="bbox 535 5687 3781 5820; baseline -0.006 -4"><span class='ocrx_word' id='word_1_888' title='bbox 535 5778 645 5818; x_wconf 82' lang='lat' dir='ltr'><strong>sos.</strong></span> <span class='ocrx_word' id='word_1_889' title='bbox 681 5782 699 5813; x_wconf 75' lang='grc' dir='ltr'><strong>ι</strong></span> <span class='ocrx_word' id='word_1_890' title='bbox 2280 5687 2357 5820; x_wconf 61' lang='grc' dir='ltr'><strong>(εἶ</strong></span> <span class='ocrx_word' id='word_1_891' title='bbox 2383 5752 2461 5805; x_wconf 89' lang='lat' dir='ltr'><strong>lta</strong></span> <span class='ocrx_word' id='word_1_892' title='bbox 2490 5766 2618 5804; x_wconf 91' lang='lat' dir='ltr'><strong>mss.</strong></span> <span class='ocrx_word' id='word_1_893' title='bbox 2646 5749 2812 5812; x_wconf 83' lang='lat' dir='ltr'><strong>Alias,</strong></span> <span class='ocrx_word' id='word_1_894' title='bbox 2841 5768 2860 5801; x_wconf 82' lang='grc' dir='ltr'><strong>ι</strong></span> <span class='ocrx_word' id='word_1_895' title='bbox 2892 5747 3154 5820; x_wconf 75' lang='lat' dir='ltr'><strong>eﬁicmtur</strong></span> <span class='ocrx_word' id='word_1_896' title='bbox 3179 5761 3273 5820; x_wconf 55' lang='lat' dir='ltr'><strong>vas</strong></span> <span class='ocrx_word' id='word_1_897' title='bbox 3302 5747 3366 5798; x_wconf 89' lang='lat' dir='ltr'><strong>ad</strong></span> <span class='ocrx_word' id='word_1_898' title='bbox 3386 5743 3781 5820; x_wconf 68' lang='lat' dir='ltr'><strong>contumeliam</strong></span> 
     </span>
    </p>
   </div>
   <div class='ocr_carea' id='block_1_121' title="bbox 613 5815 3783 5902">
    <p class='ocr_par' dir='ltr' id='par_1_121' title="bbox 613 5815 3783 5902">
     <span class='ocr_line' id='line_1_122' title="bbox 613 5815 3783 5902; baseline -0.006 -15"><span class='ocrx_word' id='word_1_899' title='bbox 613 5815 838 5902; x_wconf 74' lang='lat' dir='ltr'><strong>(5)1am</strong></span> <span class='ocrx_word' id='word_1_900' title='bbox 864 5848 964 5885; x_wconf 84' lang='lat' dir='ltr'><strong>non</strong></span> <span class='ocrx_word' id='word_1_901' title='bbox 985 5839 1137 5884; x_wconf 87' lang='lat' dir='ltr'><strong>erunt</strong></span> <span class='ocrx_word' id='word_1_902' title='bbox 1159 5828 1701 5902; x_wconf 64' lang='lat' dir='ltr'><strong>diverswanimaruni</strong></span> <span class='ocrx_word' id='word_1_903' title='bbox 1722 5834 1945 5902; x_wconf 70' lang='lat' dir='ltr'><strong>natura).</strong></span> <span class='ocrx_word' id='word_1_904' title='bbox 1973 5823 2098 5879; x_wconf 68' lang='lat' dir='ltr'><strong>Haec</strong></span> <span class='ocrx_word' id='word_1_905' title='bbox 2209 5835 2264 5878; x_wconf 90' lang='lat' dir='ltr'><strong>et</strong></span> <span class='ocrx_word' id='word_1_906' title='bbox 2289 5815 2441 5892; x_wconf 80' lang='lat' dir='ltr'><strong>quod</strong></span> <span class='ocrx_word' id='word_1_907' title='bbox 2469 5837 2564 5875; x_wconf 87' lang='lat' dir='ltr'><strong>vas</strong></span> <span class='ocrx_word' id='word_1_908' title='bbox 2594 5827 2657 5902; x_wconf 78' lang='lat' dir='ltr'><strong>ad</strong></span> <span class='ocrx_word' id='word_1_909' title='bbox 2688 5819 3075 5902; x_wconf 77' lang='lat' dir='ltr'><strong>contumeliam</strong></span> <span class='ocrx_word' id='word_1_910' title='bbox 3116 5834 3144 5872; x_wconf 89' lang='lat' dir='ltr'><strong>a</strong></span> <span class='ocrx_word' id='word_1_911' title='bbox 3180 5815 3437 5872; x_wconf 88' lang='lat' dir='ltr'><strong>Creatore</strong></span> <span class='ocrx_word' id='word_1_912' title='bbox 3488 5817 3783 5871; x_wconf 80' lang='lat' dir='ltr'><strong>formatum</strong></span> 
     </span>
    </p>
   </div>
   <div class='ocr_carea' id='block_1_122' title="bbox 538 5892 3116 5968">
    <p class='ocr_par' dir='ltr' id='par_1_122' title="bbox 538 5892 3116 5968">
     <span class='ocr_line' id='line_1_123' title="bbox 538 5892 3116 5968; baseline -0.007 -8"><span class='ocrx_word' id='word_1_913' title='bbox 538 5902 592 5960; x_wconf 82' lang='lat' dir='ltr'><strong>in</strong></span> <span class='ocrx_word' id='word_1_914' title='bbox 618 5892 776 5959; x_wconf 66' lang='lat' dir='ltr'><strong>antea</strong></span> <span class='ocrx_word' id='word_1_915' title='bbox 805 5903 961 5958; x_wconf 82' lang='lat' dir='ltr'><strong>editis</strong></span> <span class='ocrx_word' id='word_1_916' title='bbox 985 5905 1185 5958; x_wconf 85' lang='lat' dir='ltr'><strong>omissa</strong></span> <span class='ocrx_word' id='word_1_917' title='bbox 1214 5907 1356 5968; x_wconf 84' lang='lat' dir='ltr'><strong>sunt,</strong></span> <span class='ocrx_word' id='word_1_918' title='bbox 1380 5899 1504 5954; x_wconf 88' lang='lat' dir='ltr'><strong>licet</strong></span> <span class='ocrx_word' id='word_1_919' title='bbox 1529 5899 1871 5968; x_wconf 86' lang='lat' dir='ltr'><strong>reperiantur</strong></span> <span class='ocrx_word' id='word_1_920' title='bbox 1903 5897 1958 5951; x_wconf 88' lang='lat' dir='ltr'><strong>in</strong></span> <span class='ocrx_word' id='word_1_921' title='bbox 1982 5911 2097 5953; x_wconf 89' lang='lat' dir='ltr'><strong>om-</strong></span> <span class='ocrx_word' id='word_1_922' title='bbox 2207 5904 2312 5961; x_wconf 86' lang='lat' dir='ltr'><strong>est,</strong></span> <span class='ocrx_word' id='word_1_923' title='bbox 2348 5904 2401 5947; x_wconf 91' lang='lat' dir='ltr'><strong>ut</strong></span> <span class='ocrx_word' id='word_1_924' title='bbox 2431 5892 2801 5948; x_wconf 87' lang='lat' dir='ltr'><strong>emendaverit</strong></span> <span class='ocrx_word' id='word_1_925' title='bbox 2833 5905 2910 5954; x_wconf 90' lang='lat' dir='ltr'><strong>se,</strong></span> <span class='ocrx_word' id='word_1_926' title='bbox 2941 5910 2956 5942; x_wconf 76' lang='grc' dir='ltr'><strong>ι</strong></span> <span class='ocrx_word' id='word_1_927' title='bbox 2999 5899 3116 5943; x_wconf 87' lang='lat' dir='ltr'><strong>etc.</strong></span> 
     </span>
    </p>
   </div>
  </div>
