3988 6418
129 409 197 460 at

129 524 218 578 culo
243 532 448 582 venturo
481 521 540 575 in
583 539 741 580 vasa
779 529 1134 585 contumeliae
1175 541 1597 598 convertentur;
1660 546 1714 588 ct

125 613 238 667 multi
270 628 474 666 rursum
509 617 643 685 {qui
715 621 778 675 in
845 622 957 676 hac
997 623 1102 676 vita
1161 623 1302 676 inter
1335 621 1584 694 {Egyptia
1627 627 1712 680 vel

125 705 304 758 Idumam
347 704 614 773 deputati
684 722 841 766 sunt
873 728 1039 778 vasa,
1084 713 1448 769 lsraelitarnm
1495 717 1601 771 (ide
1650 733 1714 772 ac

124 796 493 852 conversatione
563 814 869 871 suscepta
897 843 913 868 ,
973 820 1094 858 cum
1142 819 1306 875 opera
1345 805 1712 862 lsraelitarum

127 890 317 953 fecerint,
354 889 695 947 Ecclesium
747 896 980 951 Domini
1024 898 1248 969 ingressi
1285 902 1339 955 in
1379 903 1710 959 revelatione

128 984 299 1037 ﬁliorum
337 981 430 1037 Dei
469 999 617 1038 vasa
656 987 913 1053 honoris
948 991 1232 1046 exsistent.
1269 992 1342 1046 Ex
1380 1009 1488 1062 quo
1538 997 1709 1065 magis

134 1071 324 1127 convenit
361 1073 589 1140 regula?
617 1074 902 1144 pietatis,
931 1088 987 1132 ut
1017 1082 1302 1137 credamus
1347 1101 1707 1155 unumquem-

122 1180 190 1230 que
212 1166 640 1223 rationabilium
669 1175 1000 1229 secundum
1029 1179 1364 1245 propositum
1389 1189 1444 1232 et
1481 1195 1709 1235 coaver—

115 1257 330 1312 sationem
361 1273 545 1313 suam
580 1261 920 1332 aliquando
948 1283 1012 1321 ex
1045 1268 1196 1323 malis
1219 1271 1284 1323 ad
1333 1271 1530 1324 bonum
1575 1287 1707 1326 con-

111 1350 229 1412 ret-ti,
261 1350 587 1420 aliquando
630 1369 665 1408 a
687 1356 868 1412 bonis
896 1360 961 1413 ad
990 1361 1124 1413 mala
1147 1363 1436 1429 decidere;
1473 1367 1708 1418 nonnul-

109 1443 168 1497 los
190 1457 395 1498 manere
425 1444 492 1498 in
550 1445 780 1514 bonis,
825 1449 969 1504 alios
995 1466 1123 1506 vero
1160 1455 1322 1508 etiam
1359 1457 1425 1509 ad
1484 1445 1727 1512 meliora

106 1534 345 1602 prolicere.
413 1544 478 1590 et
549 1552 812 1609 semper
871 1544 940 1596 ad
990 1545 1269 1611 superiora
1317 1549 1703 1612 conscendere,

105 1638 342 1693 usquequo
373 1625 447 1678 ad
484 1641 810 1682 summum
841 1632 1084 1685 omnium
1109 1635 1427 1703 perveniant
1454 1640 1700 1707 gradum;

104 1716 204 1770 alios
229 1731 353 1771 vero
384 1733 650 1774 manere
713 1722 772 1774 in
827 1723 1008 1787 malis,
1063 1726 1146 1779 vel
1195 1727 1238 1780 si
1292 1727 1597 1785 dilIundere
1644 1748 1703 1787 se

101 1809 136 1860 iu
163 1809 231 1862 eis
265 1811 480 1865 malitia
547 1816 845 1882 coeperit,
894 1816 1160 1884 proﬁcere
1208 1820 1260 1872 in
1316 1821 1468 1890 pejus
1500 1824 1597 1893 (9),
1646 1836 1702 1879 et

102 1920 229 1974 usque
269 1909 336 1963 ad
393 1911 697 1964 ultimum
767 1913 1104 1980 profundum
1171 1917 1393 1973 malitia:
1435 1921 1694 1991 demergi.

102 1995 212 2051 (inde
239 2009 291 2053 et
316 2000 757 2055 arbitrantium
795 2001 915 2073 (10)
947 2013 1030 2057 est
1055 2006 1312 2072 possibile
1345 2023 1463 2063 esse
1493 2010 1704 2080 aliquos

97 2091 159 2158 qui
198 2092 368 2160 primo
409 2094 678 2162 quidem
717 2111 749 2148 a
782 2096 976 2165 parvis
1017 2099 1256 2166 peccatis
1305 2103 1596 2171 cmperint,
1651 2105 1703 2159 in

94 2192 255 2237 tantam
299 2187 606 2242 malitiam
673 2190 960 2256 diﬂ‘undi,
995 2201 1048 2245 et
1096 2192 1148 2246 in
1177 2203 1389 2249 tantum
1436 2197 1702 2251 malorum

92 2277 236 2330 venire
261 2280 635 2347 profectum,
670 2291 736 2333 ut
779 2283 1044 2351 nequitite
1073 2285 1231 2337 modo
1265 2297 1321 2338 et
1367 2289 1697 2343 adversariis

89 2374 420 2435 totestatibus
457 2384 906 2442 exaequentur:
936 2385 990 2428 et
1026 2392 1240 2431 rursum
1277 2379 1320 2431 si
1354 2395 1450 2446 per
1494 2382 1694 2435 multas

88 2477 331 2528 pernoram
391 2483 624 2536 graves
668 2468 1194 2524 animadversiones
1229 2471 1550 2540 resipiscere
1595 2474 1695 2527 ali-

142 2584 275 2637 Ἐπεὶ
299 2587 358 2639 δὲ
383 2588 539 2640 ὅπου
583 2589 704 2657 μὲν
739 2589 770 2638 ὁ
809 2588 1131 2652 Ἀπόστολος
1153 2589 1212 2641 οὐ
1239 2594 1610 2662 προσποιεῖται
1646 2592 1702 2644 τὸ

192 2679 261 2749 τῷ
291 2680 419 2752 Θεῷ
454 2684 548 2746 εἰς
596 2682 668 2734 τὸ
721 2680 990 2749 γενέσθαι
1023 2682 1211 2746 σκεῦος
1248 2685 1328 2746 εἰς
1357 2685 1520 2756 τιμὴν
1620 2688 1699 2750 εἰς

79 2768 264 2835 ἀτιμίαν
291 2811 307 2834 ,
362 2773 520 2826 ἀλλά
555 2773 626 2825 τὸ
659 2775 789 2826 πᾶν
825 2774 911 2842 ἐφ’
961 2775 1109 2844 ἡμᾶς
1140 2775 1399 2846 ἀναφέρει
1425 2817 1439 2835 .
1488 2777 1660 2846 λέγων
1681 2795 1694 2808 ⁸

80 2878 94 2910 t
130 2863 237 2918 Ἐὰν
272 2862 368 2919 οὖν
420 2885 518 2932 τις
555 2866 881 2938 ἐκκαθάρῃ
917 2868 1137 2933 ἑαυτὸν,
1187 2869 1338 2922 ἕσται
1384 2869 1571 2934 σκεῦος
1619 2873 1698 2934 εἰς

74 2955 203 3026 τιμὴν
226 2960 588 3030 ἡγιασμένον
617 2961 731 3012 καὶ
759 2958 1063 3030 εὔχρηστον
1186 2962 1451 3034 Δεσπὸτῃ,
1483 2963 1560 3026 εἰς
1591 2965 1696 3016 πᾶν

75 3045 200 3115 {PT-'1?
227 3050 442 3118 ἀγαθὸν
477 3050 969 3123 ἡτοιμασμένον·
1009 3071 1027 3101 ι
1062 3051 1194 3104 ὅπου
1226 3050 1281 3105 δὲ
1305 3054 1364 3104 οὐ
1395 3056 1698 3121 προσποιεῖ.

72 3155 141 3191 ται
169 3141 222 3194 τὸ
248 3145 334 3212 ἐφ’
359 3147 394 3216 ἡ
409 3149 517 3216 μτν
539 3188 554 3210 ,
584 3145 750 3199 ἀλλὰ
778 3145 843 3197 τὸ
876 3143 984 3197 πᾶν
1013 3145 1103 3198 ἐπὶ
1127 3145 1216 3198 τὸν
1241 3145 1372 3197 Θεὸν
1405 3146 1694 3219 ἀναφέρειν

70 3231 190 3285 δικξῖ
216 3236 454 3302 ᾳάσκων
482 3254 498 3266 ·
542 3257 560 3287 ι
619 3235 937 3300 Ἐξουσὶαν
971 3235 1078 3307 ἔχει
1106 3239 1134 3288 ὁ
1161 3238 1438 3309 κεραμεὺς
1467 3236 1558 3290 τοῦ
1592 3255 1695 3308 πη-

67 3322 168 3383 λοῦ,
198 3325 259 3376 ἐκ
287 3325 615 3379 toﬁ-acto?)
662 3325 1011 3396 φυράματος
1042 3327 1279 3398 ποιῆσαι,
1311 3325 1339 3379 ὃ
1377 3329 1473 3396 μὲν
1504 3327 1693 3392 σκεῦος

72 3416 130 3452 εἷο

94 3454 127 3468 U‘

116 3469 124 3476 ν

153 3417 333 3489 τιμὴν,
360 3420 392 3471 ὃ
420 3419 488 3472 δὲ
525 3422 617 3484 εἰς
650 3417 905 3488 ἀτιμίαν
931 3435 942 3448 ⁸
983 3438 999 3468 ι
1035 3421 1242 3473 καὶούκ
1275 3420 1419 3474 ἔστιν
1444 3421 1694 3476 ἐναντιώ-

68 3527 184 3575 ματα
205 3511 272 3564 ti
310 3515 441 3585 εἱρη
456 3513 622 3583 μένα
664 3513 773 3563 ὑπ’
808 3509 976 3563 αὑτοῦ
997 3527 1008 3540 ’
1043 3512 1332 3566 συνακτέον
1374 3514 1688 3586 ἀμφότερα,

68 3597 244 3650 κιὶένα
279 3599 454 3668 λόγον
487 3597 558 3665 ἐξ
588 3599 955 3670 ἁμςςοτέρων
980 3600 1179 3657 τέλειον
1214 3602 1519 3659 ἀποδοτέον.
1555 3604 1690 3659 Οὔτε

61 3690 107 3742 τι
129 3693 206 3760 ἐφ’
232 3695 372 3765 ἡμῖν
421 3695 626 3766 χωρὶς
673 3694 788 3762 τῆς
829 3694 1138 3766 ἐπιστήμης
1171 3696 1261 3749 τοῦ
1296 3695 1450 3762 Θεοῦ,
1485 3697 1606 3752 οὔτε
1656 3701 1688 3771 ἡ

65 3783 311 3861 ἑπιπήμη
339 3787 443 3842 τοῦ
471 3785 638 3841 Θεοῦ
685 3784 1032 3858 προκόπτειν
1061 3788 1209 3860 ἡμᾶς
1232 3789 1528 3859 ἀναγκάζει
1551 3835 1563 3857 ,
1596 3791 1688 3844 ἐὰν

64 3876 122 3948 μὴ
142 3882 226 3934 καὶ
267 3885 451 3953 ἡμεῖς
499 3879 610 3934 ἐπὶ
659 3877 730 3931 τὸ
760 3877 968 3946 ἀγαθόν
1003 3897 1052 3931 τι
1086 3882 1520 3952 συνεισάγωμεν·
1566 3885 1687 3940 οὔτε

1498 413 1694 470 LIBER
1735 414 2056 474 TERTIUS.
2082 367 2088 372 I

3284 422 3390 478 302

1744 539 1785 592 A
1815 533 2031 602 quando
2061 535 2358 602 potuerint,
2402 543 2457 589 et
2489 533 2745 605 paulatim
2775 534 3036 590 medelam
3076 534 3390 592 vulneribus

1818 627 1928 678 suis
1983 628 2266 695 requirere
2320 627 2649 681 teutaverint
2701 626 2848 698 (“)3
2881 637 3125 682 cessante
3182 629 3387 683 malitia

1815 718 2057 785 reparari
2094 732 2251 786 posse
2293 719 2357 772 ad
2387 720 2586 773 bonum
2613 735 2626 771 :
2670 734 2734 772 ex
2772 735 2878 786 quo
2903 719 3228 787 opinamur,
3253 735 3391 789 quo-

1817 808 1961 863 niam
2000 806 2156 876 137
2192 807 2432 877 quidem,
2467 807 2607 862 sicut
2643 807 2954 877 frequenter
2986 810 3240 872 diximus,
3288 811 3392 863 im-

1815 901 2061 955 mortalis
2087 911 2169 955 est
2195 901 2384 955 anima
2411 909 2465 954 et
2492 910 2717 965 aeterna,
2739 905 2880 970 quod
2900 904 2951 956 in
2980 902 3169 956 multis
3194 911 3247 956 et
3270 903 3391 956 sine

1815 993 1920 1047 line
1955 994 2145 1061 spatiis
2177 1008 2273 1061 per
2298 994 2558 1047 immensa
2589 1003 2642 1047 et
2666 994 2880 1047 diversa
2913 994 3109 1048 saecula
3131 994 3390 1061 possibile

1813 1095 1895 1139 est
1924 1095 1981 1138 ut
2013 1083 2099 1137 vel
2129 1099 2157 1136 a
2193 1083 2570 1138 summobono
2601 1084 2668 1138 ad
2695 1084 2878 1137 intima
2910 1084 3047 1138 mala
3069 1084 3387 1148 descendat,

1813 1177 1896 1230 vel
1935 1176 2003 1230 ab
2034 1175 2244 1229 ultimis
2281 1175 2438 1228 malis
2469 1176 2534 1229 ad
2563 1189 2771 1228 summa
2807 1177 2944 1231 bona
2971 1185 3278 1244 reparetur.

2127 1281 2314 1322 vensro
2368 1282 2554 1322 SANCTI
2596 1281 2882 1321 tttenouvut
2929 1265 3064 1338 (12).

1881 1380 1991 1452 Ego
2016 1382 2248 1435 arbitror
2271 1398 2419 1449 posse
2441 1383 2696 1450 quosdam
2713 1382 2946 1436 homines
2983 1400 3014 1434 a
3037 1382 3210 1444 parvis
3244 1383 3384 1436 vitiis

1810 1475 2112 1541 incipientes
2136 1474 2203 1525 ad
2234 1482 2436 1525 tantum
2466 1473 2748 1540 nequitiam
2783 1473 3045 1537 pervenire
3087 1471 3170 1542 (si
3211 1482 3386 1525 tamen

1811 1565 2076 1617 uoluerint
2097 1565 2162 1615 ad
2197 1563 2415 1616 meliora
2444 1564 2692 1626 converti,
2720 1573 2766 1615 et
2791 1563 3091 1630 pmnitentia
3107 1566 3387 1618 emendare

1807 1658 2076 1726 peccata),
2118 1668 2170 1709 ut
2212 1665 2260 1708 et
2288 1658 2573 1710 contrariw
2600 1657 2943 1724 fortitudines
2971 1657 3140 1725 ﬁant;
3173 1666 3222 1710 et
3259 1673 3384 1709 rur-

1807 1763 1920 1800 sum
1950 1763 2013 1800 εχ
2052 1747 2280 1800 inimicis
2327 1745 2711 1812 contrariisque
2752 1744 3031 1797 virtutibus
3075 1744 3128 1796 in
3175 1754 3384 1797 tantum

1734 1875 1776 1933 Β
1805 1843 2061 1908 quosdam
2095 1855 2188 1906 per
2216 1837 2378 1890 multa
2403 1849 2635 1903 tempora
2663 1835 2967 1888 vulneribus
2991 1837 3100 1888 suis
3134 1835 3384 1888 adhibere

1805 1929 2138 1993 medicinam,
2171 1937 2219 1982 et
2257 1928 2470 1982 ﬂuentia
2507 1927 2654 1995 prius
2684 1926 2872 1980 delicta
2901 1925 3258 1995 constringere
3282 1964 3298 1989 ,
3324 1935 3382 1978 ut

1806 2023 1873 2074 ad
1906 2022 2074 2075 locant
2111 2029 2385 2074 transeant
2434 2019 2772 2087 optimorum.
2824 2016 3032 2085 Stepius
3064 2018 3297 2072 diximus
3329 2018 3383 2070 in

1804 2113 2023 2181 infinitis
2051 2113 2417 2181 perpetuisque
2445 2111 2652 2164 steculis
2679 2111 2733 2163 in
2759 2110 2947 2174 quibus
2989 2110 3169 2162 anima
3213 2109 3385 2163 subsi-

1803 2209 1892 2259 stit
1920 2216 1969 2259 et
2004 2207 2145 2269 vivit,
2176 2207 2249 2258 sic
2280 2204 2558 2258 nonnullas
2579 2219 2761 2256 earum
2791 2204 2860 2256 ad
2883 2210 3065 2272 pejora
3112 2218 3380 2266 corruere,

1803 2307 1856 2351 ut
1886 2298 2125 2351 ultimum
2171 2297 2392 2350 malitia:
2431 2297 2608 2350 locum
2652 2307 2896 2358 teneant;
2933 2305 2978 2350 et
3013 2295 3086 2349 sic
3122 2294 3393 2363 quasdam

1801 2386 2073 2452 proﬁcere,
2102 2396 2156 2438 ut
2198 2388 2263 2439 de
2310 2386 2496 2438 ultimo
2540 2385 2761 2438 malitia:
2784 2389 2957 2454 gradu
2989 2391 3056 2439 ad
3094 2383 3380 2454 perfectam

1801 2480 2006 2532 veniant
2023 2489 2541 2549 consummatamque
2578 2480 2843 2532 virtutem.

1880 2595 1971 2648 22.
2009 2593 2210 2648 Verum
2244 2595 2497 2664 quoniam
2530 2593 2770 2663 Apestoli
2822 2608 3001 2647 sermo
3049 2594 3103 2647 in
3139 2592 3224 2649 his
3252 2592 3376 2663 qui-

1811 2687 1931 2740 dem
1962 2703 2083 2756 quae
2113 2690 2179 2741 de
2211 2689 2356 2741 vasis
2406 2688 2632 2743 honoris
2688 2687 2770 2740 vel
2813 2686 3156 2742 contumelia:
3207 2687 3376 2751 dicit,

1807 2779 1935 2848 quia
1970 2800 1986 2830 ι
2018 2781 2062 2833 si
2094 2781 2217 2849 quis
2252 2780 2490 2848 seipsum
2519 2779 2890 2843 mundaverit,
2921 2777 3022 2831 erit
3049 2793 3148 2834 vas
3177 2780 3244 2833 ad
3280 2780 3379 2834 ho—

1808 2890 1994 2928 norem
2023 2874 2423 2928 sanctificatum
2450 2881 2504 2926 et
2529 2871 2660 2927 uti'le
2682 2871 2929 2937 Domino,
2959 2872 3024 2926 ad
3049 2886 3212 2928 omne
3241 2887 3378 2940 opus

1805 2966 2004 3019 bonum
2034 2980 2248 3034 semper
2270 2974 2518 3032 paratum
2547 2964 2637 3028 τ⁰·,
2685 2983 2703 3014 ι
2743 2963 2875 3018 nihil
2920 2963 3135 3018 videtur
3169 2966 3220 3020 in
3267 2963 3379 3018 Deo

1805 3058 2074 3128 posuisse,
2107 3057 2201 3110 sed
2236 3067 2408 3112 totum
2443 3056 2494 3111 in
2521 3056 2712 3121 nobis;
2748 3057 2797 3109 iu
2825 3057 2910 3110 his
2937 3070 3067 3110 vero
3095 3057 3147 3110 in
3179 3057 3378 3126 quibus

1805 3153 1881 3203 ait
1924 3168 1936 3203 :
1991 3168 2009 3199 ε
2048 3147 2379 3203 Polestatem
2441 3147 2607 3202 habet
2659 3147 2852 3218 ﬁgulus
2903 3146 3000 3202 luti
3057 3147 3124 3202 de
3184 3149 3373 3203 eadem

1804 3257 1981 3295 massa
2021 3240 2197 3294 facere
2239 3240 2384 3293 aliud
2429 3253 2527 3292 vas
2553 3238 2618 3291 ad
2652 3237 2938 3301 honorem,
2972 3237 3115 3291 aliud
3143 3239 3211 3291 ad
3246 3254 3380 3293 con-

1804 3331 2102 3394 tumeliam,
2139 3350 2156 3381 ι
2199 3340 2368 3384 totum
2401 3329 2618 3382 videtur
2643 3327 2707 3381 ad
2738 3327 2906 3382 Deum
2940 3329 3237 3393 retulisse;
3266 3345 3376 3384 non

1800 3433 1885 3476 est
1913 3421 2296 3491 accipiendum
2331 3421 2432 3474 ista
2457 3418 2556 3473 sibi
2592 3432 2713 3472 esse
2743 3419 3020 3472 contraria
3044 3458 3060 3483 ,
3095 3419 3190 3474 sed
3222 3428 3377 3472 uter-
3431 3459 3440 3468 .

1799 3528 1905 3582 que
1953 3529 2145 3568 sensus
2186 3513 2256 3566 ad
2289 3527 2453 3565 unum
2490 3511 2790 3573 vocandus,
2840 3519 2896 3564 et
2926 3523 2958 3564 e
2990 3510 3200 3565 duobus
3238 3525 3378 3563 unus

1799 3601 1934 3657 cﬂici
1969 3601 2128 3657 debet
2175 3601 2515 3656 intellectus:
2549 3600 2600 3654 id
2625 3607 2707 3654 est
2732 3608 2790 3652 ut
2829 3613 3004 3669 neque
3045 3613 3164 3668 quae
3192 3599 3244 3652 in
3273 3613 3376 3652 no-

1801 3705 1918 3749 stro
1945 3695 2176 3749 arbitrio
2198 3702 2344 3758 sunt,
2377 3703 2632 3761 putemus
2660 3692 2776 3745 sine
2810 3689 3079 3759 adiutorio
3105 3692 3198 3746 Dei
3236 3691 3376 3745 eliiei

1798 3803 1990 3857 posse;
2035 3803 2209 3855 neque
2259 3802 2322 3841 ea
2357 3802 2476 3855 quae
2506 3787 2558 3838 in
2597 3799 2757 3838 mantt
2804 3784 2896 3838 Dei
2929 3793 3088 3851 sunt,
3123 3793 3378 3854 putemus

1797 3882 2002 3948 absque
2037 3880 2236 3934 nostris
2272 3879 2483 3932 actibus
2521 3887 2574 3931 et
2615 3877 2807 3931 studiis
2854 3885 2907 3930 et
2933 3876 3212 3945 proposito
3237 3892 3374 3931 con-

61 3966 107 4017 τὴ
133 3968 208 4036 ἐφ’
251 3973 391 4041 ἡμῖν
443 3970 652 4041 χωρὶς
693 3968 806 4037 τῆς
851 3968 1158 4040 ἐπιστήμης
1182 3971 1274 4024 τοῦ
1311 3973 1444 4026 Ε)εοῦ
1480 3977 1694 4048 καὶτῆς

1802 3975 2060 4030 summari
2087 3991 2100 4038 ;
2148 3973 2360 4028 scilicet
2389 3973 2530 4041 quod
2561 3986 2734 4040 neque
2771 3985 2870 4025 nos
2893 3969 3030 4025 velle
3055 3969 3260 4039 aliquid
3289 3970 3372 4025 vel

60 4064 273 4134 καταχρή
285 4082 438 4128 seu;
478 4063 594 4116 τοῦ
633 4061 772 4114 κατ’
801 4059 959 4124 ἀξίαν
988 4061 1078 4115 τοῦ
1107 4063 1188 4132 ἐφ’
1211 4067 1340 4135 ἡμῖν
1362 4107 1374 4129 ,
1410 4067 1689 4134 ποιοῦντος

59 4154 121 4214 είς
144 4156 303 4227 τιμὴν
329 4157 367 4227 ἦ
404 4155 680 4224 ἀτιμίαν
718 4150 984 4219 γενέσθαι
1013 4159 1162 4209 τινά·
1196 4157 1317 4211 οὔτε
1347 4157 1438 4210 τοῦ
1483 4161 1573 4212 ἐπὶ
1615 4162 1690 4232 τῷ

180 4248 343 4316 μόνον
376 4242 953 4306 κατασκευάζοντος
979 4247 1054 4309 εἰς
1082 4247 1243 4318 τιμὴν
1283 4249 1315 4319 ἢ
1350 4251 1427 4312 εἰς
1467 4252 1690 4322 ἀτιμίαν

55 4340 182 4398 τινὰ,
226 4342 323 4394 ἐὰν
366 4341 452 4411 μὴ
487 4339 655 4409 ὓλην
697 4335 832 4388 τινὰ.
860 4335 1120 4408 διαφορᾶς
1149 4344 1245 4412 σχῇ
1289 4342 1384 4412 τὴν
1415 4344 1688 4416 ἡμετέραν

56 4433 351 4506 προαίρεσιν
385 4434 736 4487 κλίνουσαν
764 4430 862 4480 ἐπὶ
894 4430 956 4481 τὰ
980 4432 1216 4503 χείρονα,
1241 4434 1273 4505 ἣ
1295 4435 1385 4488 ἐπὶ
1415 4435 1480 4487 τὰ
1509 4437 1688 4507 κρείτ-

55 4541 178 4581 τονα.
204 4527 312 4581 Καὶ
342 4527 549 4580 ταῦτα
604 4522 721 4594 μὲν
751 4519 1040 4592 αὐτάρκως
1083 4526 1215 4593 ἡμῖν
1267 4528 1688 4582 κατεσκευάσθω

58 4621 159 4690 περὶ
186 4619 275 4675 τοῦ
315 4622 391 4674 αὑ
401 4637 468 4674 τε
478 4617 766 4685 ξουσεου.

1798 4070 2011 4124 allicere
2054 4069 2126 4121 ita
2183 4069 2234 4120 in
2272 4077 2458 4120 nostro
2503 4065 2802 4120 habeamus
2845 4063 3074 4118 arbitrio
3118 4063 3270 4136 (15),
3315 4076 3375 4117 ut

1799 4176 1904 4213 non
1934 4160 2075 4212 scire
2103 4158 2397 4212 debeamus
2421 4157 2521 4210 hoc
2547 4156 2719 4223 ipsum
2742 4155 2883 4225 quod
2911 4169 3203 4224 possumus
3233 4157 3372 4212 velle

1799 4255 1882 4309 vel
1907 4251 2142 4315 edicere,
2174 4269 2201 4304 a
2233 4252 2341 4305 Deo
2375 4251 2530 4304 nobis
2567 4251 2750 4303 datum
2777 4264 2896 4302 esse
2927 4249 3222 4303 secundum
3249 4265 3369 4304 eam

1799 4343 2204 4396 distinctionem
2254 4356 2418 4408 quam
2470 4355 2628 4408 supra
2685 4339 2940 4392 diximus.
2997 4337 3094 4393 Vel
3149 4354 3368 4393 rursum

1797 4450 1918 4489 cum
1949 4433 2091 4487 Deus
2116 4433 2267 4502 lingit
2293 4448 2443 4496 vasa,
2475 4432 2576 4484 alia
2603 4431 2825 4499 quidem
2855 4431 2921 4484 ad
2951 4434 3234 4495 honorem,
3263 4434 3366 4485 alia

1760 4514 1769 4524 ’
1799 4541 1925 4581 vero
1956 4525 2020 4579 ad
2054 4522 2441 4578 contumeliam
2479 4522 2611 4590 (14),
2637 4523 2932 4592 putandum
2971 4532 3055 4576 est
3085 4523 3230 4591 quod
3261 4539 3365 4576 non

1794 4618 2021 4673 honoris
2062 4615 2147 4670 vel
2184 4614 2526 4670 contumeliae
2555 4629 2752 4668 causas
2787 4624 3042 4684 tanquam
3075 4617 3365 4670 materiam

1289 4733 1850 4815 INTERPRETATIO
1892 4735 2099 4790 NOVA.

112 4855 192 4910 ἓξ.
232 4856 349 4913 Sed
390 4855 708 4925 quoniam
732 4851 1051 4926 ΔΑροειοιιιε
1083 4856 1359 4911 interdum
1390 4874 1492 4910 non
1519 4858 1748 4912 ascribit
1776 4859 1884 4912 Deo
1922 4859 2067 4926 quod
2103 4873 2198 4912 vas
2229 4855 2302 4912 sit
2339 4855 2391 4907 in
2426 4853 2686 4926 honorem
2719 4852 2801 4906 vel
2852 4853 2904 4906 in
2939 4855 3358 4924 contumeliam,

59 4930 131 4978 sed
160 4938 330 4980 tntum
363 4920 441 4980 at]
479 4941 606 4980 nos
649 4920 841 4997 refert
879 4937 998 4977 cum
1026 4927 1103 4978 ait
1131 4943 1145 4979 :
1194 4945 1211 4976 ι
1257 4927 1313 4980 Si
1345 4929 1470 4995 quis
1498 4929 1662 4997 igitur
1695 4920 2084 4996 expurgaverit
2135 4942 2193 4982 se
2220 4965 2236 4990 ,
2271 4927 2376 4980 erit
2418 4923 2592 4997 vasin
2621 4924 2890 4997 honorem
2921 4920 3358 4997 sanctiﬁcatum,

61 4997 165 5051 utile
193 4997 472 5061 Domino,
515 5005 594 5050 et
629 4993 705 5064 ad
744 5007 911 5064 omne
933 5010 1068 5064 opus
1100 4997 1296 5050 bonum
1353 4992 1602 5064 paratum
1633 5016 1647 5063 ;
1690 5018 1706 5049 ι
1744 4992 2014 5052 interdum
2055 5001 2105 5052 id
2137 4997 2294 5051 nobis
2322 5010 2427 5064 non
2471 4992 2682 5056 tribuit,
2716 4992 2816 5047 sed
2849 5001 3019 5047 totum
3047 4995 3151 5048 Deo
3184 4999 3360 5051 ascri—

65 5067 169 5122 ὶκτε
196 5073 430 5123 videtur
469 5082 624 5120 cum
661 5063 810 5116 dicit
838 5085 849 5116 :
885 5082 900 5113 ι
931 5063 1259 5120 Potestatem
1293 5063 1461 5123 habet
1495 5069 1692 5139 ligulas

111 5161 149 5189 τ’
178 5167 195 5183 ⁸
232 5163 271 5216 Il
309 5163 476 5216 Tim.
516 5176 598 5221 ιι,
635 5157 737 5208 21.

1729 5069 1825 5124 luti
1861 5084 1930 5124 ex
1961 5069 2147 5123 eadem
2183 5081 2363 5121 massa
2402 5063 2583 5117 facere
2612 5064 2758 5116 aliud
2790 5064 3005 5130 quidem
3041 5081 3132 5120 vas
3168 5067 3222 5120 in
3259 5071 3359 5122 ho-

87 5258 179 5335 .(9)
212 5259 280 5311 In
309 5259 511 5329 pejus.
555 5254 671 5308 Sic
713 5258 868 5303 recte
905 5264 1030 5304 mss.
1062 5253 1209 5305 Alias
1236 5254 1394 5320 male,
1433 5272 1451 5303 ‹
1477 5253 1528 5304 in
1562 5266 1676 5323 pte-
1703 5269 1754 5328 D
1785 5269 1887 5334 non
1935 5253 2100 5305 multo
2145 5253 2355 5305 saniora
2400 5252 2680 5335 s‘tmtnab
2716 5252 2902 5305 iisdem
2950 5261 3155 5307 retenta
3207 5267 3352 5335 sunt,

56 5338 143 5377 rus.
174 5346 190 5375 ι

115 5398 216 5466 (in)
242 5397 329 5453 Ab
355 5399 454 5453 his
481 5393 785 5449 vocibus:
819 5409 836 5439 ι
869 5389 1028 5466 Unde
1045 5401 1099 5446 et
1123 5393 1491 5466 arbitrantium
1520 5406 1622 5457 est,
1651 5412 1669 5445 ι

58 5463 206 5534 usque
229 5472 296 5523 ad
336 5473 497 5523 istas
525 5484 541 5519 :
601 5482 622 5512 ι
647 5477 853 5534 verum
873 5463 1119 5534 quoniam
1145 5463 1394 5534 Apostoli
1421 5479 1621 5528 sermo,
1648 5483 1666 5515 ι

59 5529 166 5600 ειεζ,
215 5541 614 5593 desideratur
669 5533 726 5585 in
789 5529 1077 5586 l’hilocalia
1129 5529 1350 5588 Graecus
1384 5545 1671 5588 contextus

58 5606 186 5674 cuiius
221 5609 462 5676 jactura
497 5605 789 5660 versione
817 5603 984 5655 sancti
1025 5603 1338 5676 Hieronymi
1389 5619 1418 5657 e
1450 5606 1670 5676 regione

61 5674 274 5748 {apposita
310 5676 780 5748 quodaminodo
808 5682 1100 5748 reparatur.
1133 5674 1461 5748 ldeoatttetn
1506 5675 1666 5748 hujus

63 5741 140 5798 luci
180 5741 366 5804 textus
397 5749 673 5804 Graecus
707 5744 780 5792 ah
807 5743 1111 5797 auctoribus
1158 5743 1468 5797 Philocalia:
1502 5741 1671 5799 omis-

64 5827 134 5868 sas
154 5824 401 5880 videtur,
437 5814 624 5886 quod
658 5810 951 5864 manifesto
973 5823 1028 5886 et
1049 5815 1302 5886 damnato
1329 5816 1397 5869 ab
1430 5815 1669 5869 Ecclesia

65 5898 222 5944 more
249 5884 556 5952 scatet-ct,
596 5895 922 5953 quanquam
972 5884 1075 5938 alia
1105 5885 1331 5953 plurima
1383 5900 1502 5954 qua:
1541 5900 1672 5943 sane

1781 5325 2087 5376 animarum
2133 5332 2258 5390 puta
2307 5322 2679 5393 προῦπαρξις,
2712 5332 2766 5375 et
2795 5338 2858 5375 ea
2901 5338 3020 5391 qua:
3059 5328 3350 5380 secundum

1777 5393 2025 5460 Origenis
2049 5395 2415 5458 opinationem
2449 5395 2624 5444 atnitti
2667 5393 2873 5458 nequit,
2913 5393 3048 5447 bene
3089 5395 3174 5448 vel
3213 5397 3354 5452 male

1773 5465 1965 5534 agendi
1997 5463 2187 5534 quovis
2213 5473 2456 5534 tempore
2480 5470 2534 5515 et
2559 5477 2881 5530 quocunque
2911 5473 3056 5517 statu
3081 5475 3349 5534 potestas;

1771 5532 1830 5587 et
1857 5533 1960 5584 alia
1996 5532 2296 5599 Itujusmodi
2317 5534 2463 5584 .bene
2495 5535 2683 5586 multa.

1840 5605 1950 5674 (lt)
1992 5603 2125 5674 _Vide
2149 5603 2183 5654 Ι.
2211 5602 2609 5674 "Origenian"
2641 5618 2695 5671 q.
2731 5603 2817 5657 Η.
2844 5619 2996 5660 num.
3029 5604 3115 5661 19.

1834 5671 1951 5741 (l2)
1993 5671 2047 5725 in
2077 5673 2300 5741 epistola
2334 5674 2397 5722 ad
2440 5672 2682 5726 Avitum.

1854 5746 1967 5812 (t5)
2001 5745 2092 5797 Sic
2125 5757 2253 5795 mss.
2311 5741 2459 5794 Alias
2487 5781 2501 5806 ,
2553 5760 2572 5794 ι
2608 5759 2672 5796 ex
2711 5755 2899 5800 nostro
2928 5747 3226 5803 habeamus
3260 5763 3350 5804 ar-

1781 5815 1964 5871 bitrio.
2008 5833 2028 5866 ι
3230 5815 3247 5820 ”

1854 5883 1965 5955 (l/t)
2004 5883 2136 5940 Vide
2173 5882 2206 5936 I.
2237 5897 2271 5936 tt
2325 5879 2657 5952 0rigeuian.,
2690 5900 2743 5955 q.
2777 5885 2912 5958 τίη.
2943 5885 3032 5939 Η.
