3880 6536
562 407 679 461 303

1815 393 2138 467 ORIGENIS
2169 395 2327 448 ΠΕΡΙ
2367 394 2597 448 ΑΡΧΩΝ
3690 395 3767 452 501

572 521 864 589 quamdam
900 527 1114 575 nostras
1141 518 1226 572 vel
1255 516 1581 580 voluntates,
1613 518 1695 571 vel
1733 521 2034 585 proposita,
2066 513 2151 569 vel
2183 519 2230 575 Α
2261 513 2522 582 propheta
2550 513 2712 567 dicit:
2742 529 2766 578 ι,
2785 511 2904 566 Vidi
2928 511 3214 566 Dominum
3244 510 3402 566 lsrael
3432 512 3677 569 sedentem
3695 533 3765 570 su-

572 613 770 666 merita
800 611 1017 675 habeat,
1050 625 1112 663 ea
1140 611 1336 678 quibus
1361 623 1454 661 vas
1486 609 1822 678 singulorum
1849 616 2154 662 nostrorum

572 703 658 755 vel
707 702 772 754 ad
807 701 1070 756 honorem
1103 701 1186 755 vel
1237 701 1304 752 ad
1359 699 1746 754 contumeliam
1803 699 1989 766 ﬁngat.
2030 699 2154 753 dum

577 805 758 849 mutus
782 795 898 862 ipse
929 795 1125 847 anima:
1151 793 1235 847 vel
1264 794 1602 863 propositum
1634 793 1830 846 mentis
1861 793 1927 845 de
1955 807 2012 844 se
2039 793 2156 860 ipso

574 896 828 956 suggerat
859 886 933 941 illi
966 901 1128 956 quem
1163 902 1268 941 non
1304 887 1435 941 latet
1467 901 1560 940 cor
1591 896 1647 940 et
1672 887 1935 955 cogitatio
1963 885 2153 950 animi,

574 989 754 1032 utrum
785 980 851 1032 ad
901 978 1163 1033 honorem
1198 979 1325 1050 ﬁngi
1355 995 1453 1033 vas
1480 979 1598 1047 ejus
1623 1020 1638 1043 ,
1674 995 1741 1031 an
1777 979 1842 1031 ad
1875 988 2157 1032 contume-

572 1071 701 1124 liam
734 1071 951 1126 debeat.
983 1071 1092 1127 Sed
1127 1073 1228 1128 isla
1256 1072 1526 1126 suﬁiciant
1554 1072 1712 1127 nobis
1741 1071 1853 1140 (l5)
1880 1083 2039 1141 prout
2067 1087 2158 1142 po-

572 1165 780 1221 tuimus
819 1166 884 1220 de
913 1166 1069 1221 liberi
1101 1166 1315 1220 arbitrii
1353 1165 1748 1236 qutestiouibus
1782 1165 2008 1235 agitata.

1031 1270 1035 1274 ν
1096 1262 1258 1333 133
1303 1253 1532 1317 CAPUT
1567 1260 1635 1316 ιι.

951 1354 1028 1410 De
1077 1354 1360 1408 contrariis
1404 1355 1773 1422 potestatibus.

640 1449 693 1502 1.
729 1448 1037 1502 Videndum
1061 1462 1205 1501 nunc
1233 1456 1316 1500 est
1341 1445 1454 1516 (l6)
1483 1447 1783 1500 secundum
1817 1445 2151 1518 Scripturas,

570 1542 840 1611 quomodo
873 1539 1162 1594 contrariae
1194 1541 1442 1601 virtutes.
1483 1539 1564 1594 vel
1597 1539 1709 1606 ipse
1743 1538 2016 1606 diabolus,
2058 1554 2150 1594 re-

568 1633 848 1687 luctantur
880 1633 1120 1686 humano
1145 1630 1329 1697 generi
1363 1639 1724 1700 provocantes
1750 1641 1804 1684 et
1828 1630 2153 1700 instigantes

571 1724 638 1779 ad
667 1733 975 1794 peccatum.
1014 1724 1081 1778 Et
1121 1725 1296 1793 primo
1331 1723 1552 1792 quidem
1587 1723 1640 1776 in
1669 1721 1870 1776 Genesi
1926 1736 2152 1792 serpens

569 1815 736 1871 Evam
762 1816 1046 1872 seduxisse
1076 1816 1407 1871 describitur
1430 1815 1507 1879 7‘;
1533 1815 1599 1870 de
1623 1831 1733 1885 quo
1756 1814 1808 1868 in
1837 1814 2152 1868 Ascensione

2265 621 2361 676 per
2382 607 2634 660 tltnnum
2655 620 2833 670 suum,
2858 605 3108 660 etomnis
3137 603 3327 658 militia
3344 605 3461 660 εωιὶ
3481 609 3640 661 stabat
3657 613 3768 665 circa

2263 713 2386 753 eum
2423 714 2452 751 a
2487 698 2695 754 dextris
2748 698 2887 768 ejus,
2917 708 3026 751 eta
3077 696 3316 752 sinistris
3367 699 3498 765 ejus.
3554 700 3614 754 Et
3666 703 3772 757 dixit

2264 791 2526 846 Dominus
2551 808 2566 846 :
2596 792 2728 859 Quis
2755 792 2985 847 seducet
3008 791 3199 846 Achab
3225 805 3402 862 regem
3432 790 3583 846 Israel
3603 792 3713 864 (il),
3731 807 3773 851 ut

2265 887 2525 940 ascendat
2547 894 2603 938 et
2654 887 2814 940 cadat
2862 885 2914 938 in
2946 883 3177 938 llamoth
3204 883 3440 938 Galaad?
3470 884 3530 938 Et
3555 886 3671 938 dixit
3696 887 3772 943 iste

2263 976 2366 1040 sic,
2387 985 2441 1030 et
2465 975 2555 1029 ille
2575 975 2714 1030 dixit
2731 975 2828 1030 sic.
2861 975 3004 1029 Exiit
3027 975 3271 1044 spiritus,
3296 984 3352 1029 et
3373 974 3514 1028 stetit
3533 975 3579 1027 in
3597 991 3772 1045 conspe-

2264 1082 2354 1125 ctu
2398 1072 2632 1132 Domini,
2666 1081 2720 1126 et
2743 1070 2921 1124 dixit:
2968 1069 3080 1140 Ego
3110 1070 3369 1124 sedueam
3399 1084 3536 1124 eum.
3580 1070 3634 1123 Et
3669 1073 3773 1124 dixit

2263 1164 2526 1220 Dominus
2572 1165 2640 1218 ad
2667 1180 2790 1217 eum
2820 1181 2835 1218 :
2871 1165 2926 1218 in
2958 1164 3107 1234 quo?
3137 1163 3203 1218 Et
3229 1163 3367 1217 dixit
3397 1178 3411 1214 :
3443 1163 3623 1217 Exeam
3641 1173 3774 1220 etero

2263 1257 2488 1326 spiritus
2510 1256 2742 1310 mendax
2762 1255 2814 1308 in
2840 1269 2935 1309 ore
2963 1260 3210 1310 omnium
3236 1254 3603 1324 prophetarum
3626 1255 3759 1323 ipsius

2262 1349 2330 1404 Et
2361 1349 2540 1404 dixit:
2579 1348 2840 1413 Seduces,
2875 1356 2927 1400 et
2966 1347 3186 1417 quidem
3221 1347 3443 1415 poteris.
3478 1346 3564 1399 Exi
3589 1361 3716 1417 ergo,
3738 1357 3776 1400 et

2262 1439 2351 1496 fac
2381 1441 2493 1494 cito
2527 1440 2627 1494 sic.
2662 1439 2725 1493 Et
2753 1453 2898 1492 nunc
2924 1437 3076 1493 dedit
3104 1437 3365 1491 Dominus
3394 1437 3629 1506 spiritum
3660 1454 3775 1492 meu-

2262 1535 2449 1589 dacem
2484 1534 2536 1588 in
2561 1548 2657 1588 ore
2682 1535 2927 1588 omnium
2958 1531 3349 1601 prophetarum
3377 1539 3612 1595 tuorum;
3640 1529 3776 1584 Domi-

2263 1643 2366 1680 nus
2422 1625 2635 1680 locutus
2669 1636 2752 1679 est
2781 1636 2942 1694 super
2982 1635 3034 1680 te
3058 1627 3196 1678 mala
3229 1626 3297 1680 ττ.
3331 1644 3349 1675 ι
3386 1623 3649 1678 Manifesm
3669 1627 3774 1677 enim

2260 1734 2356 1789 per
2380 1719 2482 1773 hoc
2499 1719 2807 1774 ostenditur
2829 1718 3104 1772 voluntate
3122 1727 3171 1770 et
3193 1717 3470 1787 proposito
3486 1731 3580 1771 suo
3600 1717 3778 1782 elegisse

2261 1812 2488 1882 spiritus
2535 1812 2752 1879 quidam
2810 1810 2920 1882 (92)
2957 1818 3017 1864 ut
3065 1810 3353 1864 seduceret
3400 1818 3455 1863 et
3500 1808 3774 1862 mendacium

573 1905 747 1977 Moysi
779 1906 919 1976 (l7),
951 1906 1110 1975 cujus
1147 1905 1314 1960 libelli
1369 1907 1622 1960 meminit
1672 1908 1722 1960 in
1774 1905 2012 1973 Epistola
2053 1920 2150 1960 sua
2185 1888 2226 1947 Β
2255 1911 2575 1971 operaretur
2601 1917 2708 1972 quo
2736 1902 3054 1955 abuteretur
3101 1901 3363 1954 Dominus
3395 1900 3504 1971 (25)
3531 1899 3591 1952 ad
3631 1915 3773 1953 necem

574 1999 857 2067 apostolus
880 1997 1071 2064 Judas,
1105 1997 1334 2052 Michael
1371 1998 1742 2069 archangelus
1767 2014 1891 2054 cum
1928 1995 2149 2052 diabolo

570 2092 855 2160 disputans
890 2091 958 2146 de
987 2107 1215 2160 corpore
1243 2092 1437 2162 Moysi,
1491 2093 1570 2145 ait
1597 2107 1626 2145 a
1660 2091 1879 2146 diabolo
1913 2090 2148 2160 inspira--

571 2195 688 2239 tum
716 2193 1023 2254 serpentem
1043 2184 1155 2253 (l8)
1181 2200 1403 2239 causam
1440 2185 1718 2240 exstitisse
1747 2184 2153 2254 praevaricatio-

573 2275 660 2330 nis
686 2276 814 2331 Adte
843 2284 898 2330 et
933 2275 1060 2331 Eva:
1086 2277 1159 2332 τ’.
1193 2277 1300 2332 Sed
1355 2285 1409 2330 et
1467 2277 1598 2331 illud
1648 2275 2002 2343 requiritura
2033 2275 2151 2344 qui-

569 2367 823 2432 busdam,
853 2367 976 2437 quis
1003 2375 1090 2424 est
1146 2368 1374 2438 angelus
1399 2372 1488 2438 qui
1527 2371 1593 2424 de
1635 2368 1774 2422 ctelo
1809 2367 2050 2434 loquitur
2082 2369 2150 2420 ad

572 2460 855 2516 Abraham
881 2460 1108 2516 dicens:
1145 2478 1164 2511 ι
1200 2460 1353 2516 Nunc
1381 2461 1608 2530 cognovi
1634 2462 1888 2529 quoniam
1918 2472 1971 2514 ιιι
1996 2461 2152 2515 times

576 2554 770 2617 Deum,
802 2563 856 2606 et
887 2568 992 2606 non
1037 2553 1331 2623 pepercisti
1373 2555 1486 2608 tilio
1521 2565 1612 2608 tuo
1645 2554 1847 2608 dilecto
1875 2568 2035 2623 quem
2071 2553 2152 2606 di-

576 2645 759 2699 lexisti
789 2660 888 2716 pro
925 2659 1009 2700 me
1039 2645 1107 2700 ⁷³.
1144 2664 1163 2697 ι
1199 2644 1486 2701 Manilestc
1517 2647 1662 2700 enim
1715 2647 1944 2717 angelus
1981 2645 2150 2699 fuisse

579 2735 929 2800 describitur,
966 2736 1058 2805 qui
1112 2736 1250 2792 dicit
1283 2738 1608 2808 cognovisse
1641 2752 1700 2791 se
1736 2747 1864 2791 tunc
1902 2737 2032 2808 quia
2081 2738 2151 2791 ti-

576 2837 747 2882 meret
773 2827 942 2882 Deum
957 2825 1254 2890 Abraham,
1268 2833 1321 2880 et
1334 2840 1439 2879 non
1451 2832 1785 2897 pepercisset
1801 2830 1908 2898 (19)
1925 2829 2033 2883 lilio
2055 2844 2153 2883 suo

579 2918 808 2980 dilecto,
838 2921 980 2972 sicut
1011 2917 1293 2989 Scriptura
1324 2921 1498 2974 dicit:
1534 2922 1626 2976 sed
1673 2937 1777 2976 non
1831 2921 2150 2984 declaravit,

574 3011 701 3079 quia
729 3026 827 3080 pro
851 3013 986 3074 Deo,
1011 3012 1102 3066 sed
1135 3027 1236 3080 pro
1259 3025 1340 3079 se,
1367 3014 1470 3067 hoc
1491 3023 1574 3067 est
1605 3029 1701 3083 pro
1735 3028 1801 3069 eo
1829 3016 1919 3082 qui
1947 3019 2048 3070 hoc
2068 3013 2153 3067 di-

571 3105 751 3162 cebat.
787 3104 1197 3174 llequireudum
1223 3114 1307 3159 est
1330 3105 1492 3158 etiam
1522 3106 1648 3159 illud
1673 3108 1736 3160 de
1757 3108 1939 3176 quoin
1965 3107 2154 3161 Exodo

2258 1993 2442 2048 Achab
2470 1994 2560 2062 qui
2612 1996 2710 2047 boc
2745 1992 2854 2062 pati
2885 1994 3078 2063 dignus
3107 2002 3247 2047 erat.
3299 1992 3353 2046 lu
3397 1993 3566 2061 primo
3615 2007 3776 2060 quoque

2261 2086 2396 2140 libro
2448 2085 2918 2156 Paralipomenon,
2977 2105 2996 2137 ε
3034 2085 3373 2152 8ιιεςίιιινίι,ἶ
3407 2085 3594 2153 inquit,
3638 2086 3778 2137 diabo-

2257 2179 2342 2235 lus
2372 2179 2538 2234 Satan
2562 2180 2615 2233 in
2641 2179 2902 2242 lsrael,et
2926 2180 3220 2234 concitavit
3250 2179 3420 2233 David
3444 2187 3502 2232 ut
3527 2188 3779 2233 numeraret

2259 2274 2513 2343 populum
2541 2274 2610 2329 ⁷⁸.
2648 2294 2667 2326 ι
2702 2275 2757 2329 1η
2790 2272 3024 2330 Psalmis
3053 2289 3183 2330 vero
3213 2276 3444 2346 angelus
3496 2274 3654 2329 malus
3676 2284 3779 2325 atte-

2259 2382 2384 2421 rere
2422 2367 2624 2420 dicitur
2659 2367 2946 2436 quosdam.
2980 2368 3036 2422 In
3070 2367 3414 2423 Ecclesiaste
3441 2382 3640 2438 quoque
3663 2365 3778 2419 Salo-

2257 2474 2381 2512 mon
2413 2461 2488 2513 ait
2519 2478 2532 2514 :
2569 2477 2586 2510 ι
2620 2458 2676 2514 Si
2711 2459 2940 2530 spiritus
2968 2468 3294 2529 potestatem
3349 2459 3594 2513 habentis
3637 2472 3780 2510 ascen-

2255 2551 2396 2603 derit
2425 2564 2588 2620 super
2623 2559 2676 2604 te
2705 2591 2720 2614 ,
2781 2550 2958 2606 locum
2997 2559 3150 2604 tuum
3183 2550 3543 2612 nejdimittas.
3573 2546 3779 2618 quoniam

2256 2642 2465 2695 sanitas
2520 2651 2829 2711 compescet
2871 2651 3092 2711 peccata
3127 2643 3297 2696 multa
3329 2643 3401 2697 ⁷⁵.
3436 2661 3454 2695 ι
3489 2642 3542 2696 ln
3569 2641 3778 2695 Zacharia

2260 2747 2394 2786 vero
2427 2733 2653 2802 legimus
2699 2733 2975 2787 diabolum
3011 2743 3244 2788 stantem
3277 2750 3308 2788 a
3341 2734 3551 2789 dextris
3579 2732 3683 2786 Jesu
3707 2773 3718 2797 ,
3742 2741 3780 2784 et

2264 2826 2612 2881 resistentem
2667 2827 2716 2880 ei
2742 2825 2812 2879 ⁸⁸.
2844 2824 3013 2880 Isaias
3066 2841 3195 2880 vero
3247 2827 3324 2880 ait
3351 2826 3587 2896 gladium
3618 2824 3780 2879 Domini

2255 2935 2556 2991 exsurgere
2581 2935 2744 2990 super
2767 2923 3059 2975 draconem
3086 2935 3399 2990 serpentem
3433 2934 3714 2988 perversum
3733 2917 3780 2965 ⁶¹.

2257 3015 2396 3081 Quid
2433 3027 2614 3068 autem
2645 3015 2822 3067 dicam
2857 3013 2924 3068 dc
2975 3012 3234 3067 Ezechiel
3268 3012 3321 3067 in
3360 3014 3595 3068 secunda
3623 3012 3781 3065 visione

2257 3114 2322 3160 ad
2355 3107 2658 3174 principem
2697 3104 2823 3175 'l‘yri
2859 3104 3306 3158 manifestissime
3342 3104 3415 3159 de
3465 3104 3652 3158 virtute
3684 3118 3780 3155 con-

573 3194 862 3259 dicitur",
882 3197 1010 3264 quia
1047 3195 1284 3250 voluerit
1310 3195 1424 3267 (20)
1469 3196 1775 3250 interﬁcere
1801 3197 2035 3268 Moysem
2056 3215 2150 3269 pro
2179 3232 2224 3292 ο
2261 3200 2426 3252 traria
2456 3199 2841 3268 prophetaute,
2867 3197 2960 3266 qui
2992 3199 3156 3251 etiam
3192 3198 3244 3251 in
3271 3196 3586 3251 ﬂuminibus
3613 3193 3782 3266 Egypli

571 3303 636 3341 eo
659 3287 802 3357 quod
827 3288 1012 3342 abibat
1041 3287 1094 3341 in
1132 3287 1446 3358 IEgyptum.
1476 3287 1582 3344 Sed
1616 3300 1668 3344 et
1702 3299 1887 3358 postea
1920 3291 2041 3360 quis
2069 3302 2151 3346 est

570 3379 661 3448 qui
687 3380 1088 3434 exterminator
1111 3380 1336 3450 angelus
1359 3370 1592 3437 dicitur:
1619 3399 1844 3438 necnon
1869 3396 1922 3438 et
1952 3385 2040 3438 ille
2060 3385 2148 3453 qui

571 3473 644 3525 sit
673 3471 766 3540 qui
798 3473 852 3526 in
886 3472 1132 3546 Levitico
1155 3474 1392 3542 scriptus
1421 3485 1509 3530 est
1539 3474 1957 3546 Apopompwus,
1987 3477 2039 3531 id
2067 3485 2151 3531 est

571 3567 951 3630 transmissor,
971 3567 1037 3620 de
1061 3581 1169 3636 quo
1192 3567 1267 3620 ait
1288 3568 1358 3621 ila
1385 3567 1664 3638 Scriptura
1689 3584 1701 3619 :
1729 3587 1746 3620 ι
1771 3568 1906 3624 Sors
1933 3585 2038 3623 una
2063 3570 2150 3624 do-

570 3663 740 3725 mino,
758 3669 943 3715 etsors
960 3677 1063 3714 una
1088 3664 1470 3732 Apopompaeo,
1490 3665 1539 3717 id
1556 3675 1638 3718 est
1657 3666 2026 3720 transmissori
2044 3667 2110 3721 ⁷⁸.
2126 3685 2146 3719 ι

571 3752 678 3804 Sed
719 3760 774 3806 et
818 3752 870 3806 in
897 3752 1075 3822 primo
1112 3754 1252 3809 libro
1284 3754 1593 3826 Regnorum
1625 3757 1847 3824 spiritus
1887 3760 2152 3826 pessimus

567 3844 784 3901 Saulcm
804 3844 1002 3902 dicitur
1016 3846 1245 3902 clior-are
1264 3849 1329 3905 ⁷⁸.
1353 3850 1410 3903 ln
1431 3851 1591 3904 tertio
1611 3865 1733 3905 vero
1751 3850 1886 3904 libro
1904 3852 2154 3908 Michmas

2260 3295 2548 3346 draconem
2590 3291 2718 3346 dicit
2770 3290 3060 3345 habitare?
3111 3289 3284 3344 Totus
3333 3301 3519 3345 autem
3569 3290 3688 3342 liber
3716 3287 3781 3355 qui

2259 3386 2493 3453 scriptus
2533 3394 2618 3438 est
2651 3385 2717 3438 de
2745 3373 2873 3449 Job,
2920 3384 3051 3453 quid
3085 3382 3234 3437 aliud
3293 3399 3462 3452 quam
3514 3382 3576 3437 de
3618 3378 3785 3434 diabolo

2258 3477 2526 3539 continet,
2556 3484 2778 3544 petente
2801 3483 3130 3544 potestatem
3154 3475 3258 3528 sibi
3283 3473 3406 3528 dari
3442 3473 3665 3529 onmium
3695 3481 3785 3538 qua

2259 3569 2424 3624 habet
2450 3566 2574 3634 Job,
2599 3578 2653 3622 et
2681 3567 2916 3621 ﬁliorum
2948 3567 3087 3638 ejus,
3112 3567 3330 3636 insuper
3352 3566 3598 3637 corporis
3626 3563 3720 3632 ejus
3736 3560 3787 3611 3’?

2259 3661 2362 3728 Qui
2397 3671 2573 3715 tamen
2605 3673 2701 3729 per
2737 3660 2856 3729 ejus
2890 3658 3209 3728 patientiam
3241 3660 3506 3714 vincitur.
3537 3659 3588 3713 ln
3622 3671 3712 3728 quo
3741 3655 3787 3706 li-

2260 3755 2360 3810 bro
2397 3753 2560 3808 multa
2593 3753 2868 3823 responsis
2901 3752 3016 3806 suis
3068 3751 3289 3806 edocuit
3321 3752 3587 3807 Dominus
3616 3751 3674 3805 de
3713 3749 3782 3800 ad-

2261 3856 2517 3903 versante
2543 3846 2698 3900 nobis
2741 3845 2947 3900 virtute
2980 3844 3236 3898 draconis
3260 3844 3444 3901 istius.
3470 3843 3593 3900 Haec
3617 3839 3786 3897 interitu

1765 3986 2324 4051 INTERI'RETATIO
2381 3990 2590 4046 NOVA.

568 4121 777 4165 norem.
805 4107 948 4158 aliud
980 4123 1108 4160 vero
1147 4112 1196 4163 in
1231 4113 1643 4184 cmitumeliam,
1681 4134 1698 4164 ι
1740 4130 1840 4168 nec
1875 4114 1966 4168 illa
1995 4131 2182 4170 secum
2222 4123 2464 4184 pugnant
2494 4130 2506 4165 :
2544 4110 2885 4184 concilianda
2923 4119 3154 4179 utraque
3183 4117 3334 4184 sunt.
3373 4119 3437 4184 _et
3464 4123 3528 4164 ex
3563 4110 3625 4163 iis
3650 4104 3788 4184 peric-

570 4186 689 4253 etus
719 4192 859 4253 unus
876 4195 1078 4253 sensus
1110 4183 1507 4242 conliriendus.
1549 4184 1736 4253 Neque
1771 4185 1995 4239 libertas
2031 4178 2366 4240 nostra-sine
2399 4184 2628 4237 scientia
2667 4182 2783 4244 Dei,
2826 4198 3000 4251 neque
3031 4178 3272 4253 scientia
3295 4180 3396 4253 Dei
3424 4195 3525 4253 nos
3574 4178 3788 4253 prolicere

569 4249 761 4325 cogit,_
783 4249 1212 4325 nisiadbonum
1246 4253 1348 4325 ipsi
1387 4253 1592 4325 aliquid
1647 4247 2041 4319 conferamus;
2075 4273 2197 4309 cmn
2235 4272 2408 4325 neque
2441 4257 2664 4307 libertas
2687 4263 2886 4325 nostra
2913 4247 3054 4305 'sine
3080 4251 3312 4325 scientia
3365 4250 3464 4325 Dei
3528 4262 3584 4325 et
3606 4264 3690 4325 usu
3725 4247 3787 4299 di-

568 4317 794 4385 gnitatis
816 4319 1235 4398 arbitrii‘nostri
1265 4317 1456 4388 iaciat,
1480 4317 1534 4377 ut
1560 4324 1906 4398 in_'honoreu_t
1937 4317 2138 4398 aliquis
2167 4333 2249 4382 vel
2281 4317 2792 4398 ignominiamjiat;
2824 4337 2994 4398 neque
3009 4323 3132 4398 sola
3167 4322 3260 4376 Dei
3292 4321 3546 4376 voluntas
3565 4323 3624 4398 in
3656 4321 3788 4371 hono-

512 4410 534 4432 ι
571 4403 683 4442 rem
704 4391 1211 4467 'aut_ignomiuiat_n
1245 4409 1571 4467 quemquam
1606 4393 1772 4448 iaciat
1804 4396 1905 4449 nisi
1941 4391 2223 4450 materiem
2251 4391 2549 4467 quamdam
2581 4392 2901 4467 diﬁ‘erentim
2935 4394 3152 4467 habeat,
3197 4405 3443 4467 nostram
3491 4392 3786 4448 voluntatem

569 4474 690 4528 qua}
725 4459 776 4512 in
807 4460 1081 4514 deteriora
1107 4463 1188 4516 vel
1226 4459 1452 4520 meliora
1479 4467 1839 4536 propendeat.
1878 4467 1984 4522 Sed
2010 4467 2126 4522 inec
2149 4459 2418 4522 suﬁieiaut
2445 4465 2600 4520 nobis
2641 4465 2707 4518 de
2739 4464 2990 4518 libertate
3023 4464 3261 4518 arbitrii.

635 4624 676 4652 ⁷¹
716 4621 856 4676 Gen.
920 4639 1002 4676 Ill.
1103 4620 1150 4653 τ’
1185 4618 1311 4675 Jud.
1363 4621 1417 4676 9.

569 4694 611 4724 ττ
640 4691 707 4746 lll
741 4696 874 4761 lteg.
911 4689 1143 4756 xxu,l9,
1176 4690 1247 4744 ﬁt)
1269 4706 1422 4760 seqq.

1519 4621 1564 4651 ⁷³
1599 4621 1737 4676 Gen.
1770 4639 1922 4685 χχιι.
1961 4623 2052 4677 12.

2165 4626 2212 4660 ⁷⁸
2243 4623 2413 4698 Exod.
2450 4640 2536 4698 tt._
2588 4627 2632 4698 π
2673 4626 2847 4680 Levit.
2888 4624 3117 4698 xvr,78.~
3204 4627 3250 4659 ’⁸
3285 4625 3299 4678 I
3355 4625 3490 4698 lleg.
3534 4640 3692 4698 ηιμ-.
3718 4619 3786 4698 (10.

1497 4691 1542 4722 ⁷⁸
1573 4694 1589 4746 Ι
1619 4694 1740 4746 l’ar.
1776 4710 1892 4758 χχι,
1924 4695 1974 4748 1.

2053 4696 2098 4728 ἠ
2131 4695 2308 4750 Eccle.
2332 4714 2385 4761 Χ,
2409 4701 2463 4755 Α.
2521 4696 2566 4729 ⁸⁰
2595 4697 2761 4751 Zach.
2793 4713 2876 4761 ιιι,
2902 4698 2955 4754 1.
3027 4697 3070 4729 ⁸¹
3103 4696 3207 4751 lsa.
3244 4694 3486 4754 xxvuJ.
3589 4694 3788 4750 “10'”-

642 4807 758 4877 (15)
815 4806 1003 4883 globis.
1040 4806 1207 4861 Deest
1252 4807 1306 4861 in
1327 4817 1516 4883 _ant_ea
1545 4809 1707 4883 editis
1730 4848 1745 4874 ,
1767 4811 1870 4883 sed
1909 4809 2138 4865 habetur
2170 4817 2214 4870 D
2243 4811 2431 4878 prndio
2465 4794 2704 4879 subjecta
2741 4813 2817 4866 ait
2844 4810 3136 4883 Ἀνάληψιν
3159 4827 3413 4868 versuum
3449 4812 3593 4866 mille
3615 4824 3662 4864 et
3683 4823 3788 4883 qua-

569 4880 621 4932 in
654 4877 1019 4948 mss._lbidem
1054 4893 1208 4941 mss.,
1256 4895 1274 4927 ι
1309 4878 1376 4932 de
1405 4880 1559 4932 liberi
1587 4880 1800 4932 arbitrii
1823 4883 2138 4948 quaestioni-

567 4951 688 5004 bus.
729 4965 751 5000 ι
787 4946 945 5018 Libb.
978 4947 1146 5013 editi,
1183 4965 1202 4998 ι
1230 4948 1297 5001 de
1333 4949 1484 5002 liberi
1515 4950 1723 5003 arbitrii
1753 4946 2076 5018 quaestione.
2115 4971 2133 5002 ι

639 5018 752 5090 (16)
796 5015 1102 5090 Videndum
1145 5035 1288 5090 nunc
1323 5028 1423 5074 est.
1482 5020 1573 5074 Sic
1608 5023 1659 5074 in
1695 5015 1950 5075 omnibus
2005 5037 2136 5076 mss.

569 5088 763 5157 incipit
796 5088 900 5143 hoc
924 5101 1104 5160 caput.
1133 5089 1199 5142 At
1233 5091 1284 5142 in
1315 5090 1482 5144 editis
1514 5092 1703 5145 eadem
1732 5092 1895 5143 verba
1928 5108 1992 5145 ex
2022 5094 2142 5160 qui.

567 5160 670 5212 bus
695 5168 913 5213 constat
949 5159 1156 5221 titulus,
1195 5171 1511 5227 repetuntur
1538 5203 1552 5224 ,
1586 5170 1639 5215 et
1687 5161 1882 5229 capitis
1924 5159 2138 5215 initium

568 5230 908 5300 constituunt
939 5231 1039 5284 hoc
1065 5231 1224 5284 modo
1254 5250 1266 5285 :
1307 5251 1325 5282 ι
1359 5233 1434 5286 De
1466 5233 1752 5287 contrariis
1781 5233 2140 5300 potestatibus

570 5299 868 5354 videndum
904 5314 1048 5354 nunc
1081 5311 1183 5354 est.
1213 5319 1232 5351 ι

642 5366 836 5443 (tilla
853 5370 1173 5443 Ascensione
1185 5373 1377 5440 Moysi.
1410 5371 1483 5424 Ex
1511 5371 1610 5443 hoc
1628 5371 1939 5443 apocrypho
1964 5371 2147 5429 libello

568 5440 658 5514 qui
679 5438 1144 5514 llebr‘adicebatur
1157 5438 1299 5514 nm:
1309 5451 1506 5506 muas,
1526 5438 1710 5497 Glauce
1729 5438 2147 5514 νεῐυόἌνάληῲις

568 5513 681 5562 sive
709 5507 1002 5582 ’Avdt6aat;
1031 5511 1328 5574 Μωῢσέως,
1361 5526 1558 5579 praeter
1590 5528 1650 5565 ea
1685 5529 1803 5582 quae
1832 5507 2145 5570 citatJu'das

567 5578 850 5654 apostolus
877 5595 914 5643 ι,
943 5581 998 5644 9,
1029 5596 1133 5634 non
1155 5585 1339 5654 dubito
1358 5578 1486 5650 quin
1512 5578 1747 5636 indidem
1766 5584 2140 5654 siLdesumpta

570 5650 812 5703 narratio
843 5667 961 5719 quze
989 5661 1073 5704 est
1100 5654 1237 5721 apud
1263 5653 1594 5707 Clementem
1629 5653 1894 5709 Alexand.
1928 5650 2131 5714 Stro'm.

571 5735 648 5784 vt,
694 5735 815 5790 pag.
836 5721 976 5792 ‘679.
1004 5722 1132 5792 Ejus
1163 5739 1378 5792 quoque
1417 5723 1577 5777 libelli
1614 5726 1859 5779 meminit
1890 5726 2134 5780 Athana-

569 5793 682 5864 sius
720 5789 788 5842 in?
823 5789 1058 5864 Synopsr
1101 5789 1608 5861 sacrm-Seriphum
1633 5834 1646 5859 ,
1684 5806 1738 5848 et
1796 5796 2133 5864 Nieepborus

570 5862 1199 5932 Constantinopolitanus
1230 5865 1282 5920 in
1307 5865 1680 5922 Sticltomctria
1703 5862 1963 5922 Chronico
1990 5884 2134 5922 com-

2247 4883 2659 4948 dringentorum
2691 4885 2881 4936 fuisse.
2911 4880 3066 4952 Ejus
3090 4885 3221 4937 item
3254 4885 3457 4937 mentio
3489 4887 3548 4936 lit
3590 4885 3640 4936 in
3669 4880 3790 4933 Actis

2244 4953 2438 5020 synodi
2483 4955 2670 5022 prima:
2722 4955 2954 5007 Nicaeum
2982 4954 3077 5010 lib.
3126 4970 3186 5018 ll,
3217 4969 3338 5021 Cap.
3371 4955 3457 5018 l8,
3490 4969 3612 5022 pag.
3641 4952 3720 5012 28,
3749 4959 3790 5022 el

2244 5017 2366 5093 cap.
2388 5017 2494 5086 2οξ
2517 5039 2643 5090 pag.
2670 5025 2759 5079 55.
2814 5025 2947 5078 Vide
2976 5017 3200 5093 insuper
3229 5017 3415 5078 Evodii
3446 5017 3716 5087 episiolam
3739 5017 3788 5068 ad

2247 5088 2725 5162 S.Augustinunt,
2753 5096 2894 5148 inter
2917 5088 3346 5153 Augusiinianas
3373 5094 3510 5158 239;
3542 5093 3788 5162 Didymual

2243 5161 2507 5217 Alexaud.
2542 5166 2592 5216 in
2621 5165 2915 5232 Epistulam
2943 5163 3117 5226 ludas,
3152 5177 3280 5219 tom.
3315 5166 3376 5219 ιν
3409 5167 3547 5219 Bibl.
3583 5161 3787 5232 l’att]i_ll_b

2243 5247 2300 5303 ι).
2330 5235 2549 5307 _Io‘2ti,_‘et_
2582 5228 2970 5307 (Ecumenium
3001 5236 3054 5287 in
3087 5235 3382 5305 Epistulam
3405 5235 3578 5300 Judae,
3610 5250 3657 5304 p.
3686 5228 3787 5282 548.

2320 5303 2431 5373 (18)
2469 5304 2627 5360 Libb.
2666 5308 2822 5372 editi,
2857 5325 2874 5357 ε
2916 5303 2992 5358 ait
3044 5303 3286 5360 diabolo:
3337 5303 3652 5375 inspiratuiu
3695 5315 3790 5355 ser-

2247 5383 2482 5443 pentem.
2517 5395 2534 5426 ι
2571 5377 2672 5432 Sed
2705 5394 2897 5432 omnes
2928 5392 3060 5430 mss.
3100 5386 3154 5429 ut
3186 5379 3238 5431 in
3272 5388 3454 5432 nostro
3487 5385 3651 5432 textu.

2318 5443 2431 5517 (l9)
2468 5446 2559 5500 Sic
2594 5465 2730 5503 mss.
2759 5449 2931 5512 Alias,
2972 5467 2989 5497 ι
3019 5448 3332 5517 pepercisti.
3374 5465 3393 5500 ι

2318 5515 2429 5586 (‘20)
2462 5518 2538 5570 lta
2577 5535 2709 5574 mss.
2747 5520 2920 5582 Alias,
2951 5535 2969 5566 ε
3005 5515 3294 5572 voluerint.
3331 5537 3350 5570 ι

2311 5584 2428 5657 (21)
2459 5587 2652 5643 Israel.
2688 5592 2853 5645 Deest
2885 5591 2938 5642 iu
2970 5600 3132 5644 antea
3164 5590 3347 5655 editis,
3380 5588 3475 5644 sed
3507 5587 3724 5643 habetur
3745 5584 3786 5634 in

2242 5671 2374 5712 mss.

2315 5729 2430 5799 (‘22)
2467 5729 2557 5784 Sic
2592 5745 2725 5786 mss.
2751 5729 2926 5796 Alias,
2958 5749 2978 5782 ι
3015 5730 3158 5800 quod
3188 5730 3496 5786 voluntarie
3525 5741 3590 5802 et
3615 5737 3789 5800 pwPO'

2246 5799 2665 5871 sitosuoelegit
2702 5803 2926 5870 spiritus
2955 5799 3204 5871 quidem,
3243 5820 3262 5852 ι
3297 5811 3404 5858 etc.

2319 5869 2428 5943 (25)
2459 5870 2549 5926 Sic
2582 5869 2712 5930 mss.
2738 5869 2910 5937 Alias,
2951 5869 2984 5924 «⁷
3009 5875 3251 5929 abutitur
3278 5873 3434 5928 Deus.
3473 5891 3495 5923 ι
