3880 6552
175 423 258 480 509

1441 421 1642 477 LIBER
1683 421 2011 478 TERTIUS.

3284 421 3389 478 310

173 553 371 600 testatur
412 541 463 594 in
513 538 732 595 Psalmis
766 540 996 597 dicens:
1053 559 1072 594 α
1103 541 1241 610 Quia
1304 543 1566 610 cogitatio
1604 543 1705 598 ho-
1733 543 2048 600 Ahonores
2115 542 2476 614 magniﬁcos,
2530 538 2798 596 universa:
2842 550 3022 595 autem
3073 550 3388 596 sanctorum

169 637 301 695 minis
375 633 716 690 conﬁtebitur
764 634 885 695 tibi.
947 643 1002 689 et
1051 635 1296 705 reliquiae
1355 636 1701 705 cogitationis

166 731 283 785 diem
313 725 495 782 festum
518 737 674 795 agent
707 727 802 782 tibi
831 728 899 781 θ’.
928 747 946 779 ι
987 727 1139 794 Quod
1184 738 1361 783 autem
1411 739 1467 782 et
1508 745 1538 783 a
1566 746 1700 786 conv-

165 823 315 878 trariis
331 822 612 875 virtutibus
643 821 759 874 fieri
793 821 983 886 soleat,
1005 821 1259 877 Salomon
1280 822 1332 876 in
1365 821 1699 879 Ecclesiaste

166 921 358 965 testatur
384 909 484 961 hoc
508 907 694 961 modo:
720 927 738 958 α
765 906 819 962 Si
851 909 1072 977 spiritus
1095 918 1416 977 potestatem
1449 910 1700 965 habentis

168 998 428 1054 ascenderit
461 1013 626 1068 super
655 1007 725 1063 te,
755 999 932 1054 locum
961 1009 1110 1053 tuum
1145 1015 1211 1056 ne
1243 1000 1514 1066 dimittas;
1565 1017 1700 1071 quo-

168 1095 273 1145 niam
315 1089 515 1145 sanitas
571 1092 869 1160 compescit
932 1104 1152 1161 peccata
1213 1092 1382 1148 multa
1441 1094 1506 1148 ⁸³.
1556 1114 1574 1146 ι
1634 1094 1700 1149 Et

162 1180 324 1235 Paulus
376 1181 650 1250 apostolus
703 1181 768 1234 de
830 1181 1019 1236 iisdem
1092 1183 1461 1238 testimonium
1529 1185 1696 1252 dabit,

162 1272 340 1324 dicens:
371 1287 388 1321 t
425 1268 796 1342 Cogitationes
849 1271 1214 1339 destruentes,
1251 1284 1305 1327 et
1334 1290 1549 1330 omnem
1587 1277 1696 1330 ela-

161 1362 322 1414 tionem
344 1375 459 1429 qua:
506 1377 566 1415 se
600 1362 812 1417 extollit
866 1362 1129 1418 adversus
1165 1366 1449 1419 scientiam
1489 1367 1693 1422 Christi

158 1453 346 1508 ".iEx
379 1454 487 1507 Deo
536 1465 719 1508 autem
772 1455 915 1524 quod
953 1456 1066 1519 iiat,
1118 1455 1284 1510 David
1343 1458 1696 1515 nihilominus

158 1554 353 1600 testatur
399 1547 450 1600 in
497 1547 736 1602 Psalmis
767 1549 989 1603 dicens:
1027 1546 1044 1601 ά
1079 1549 1280 1604 Beatus
1317 1551 1399 1606 vir
1421 1553 1574 1618 cujus
1613 1563 1699 1608 est

155 1638 386 1706 susceptio
414 1637 554 1707 apud
594 1649 666 1703 te,
707 1638 948 1700 Domine,
986 1654 1248 1694 ascensus
1294 1641 1345 1694 in
1375 1643 1537 1697 corde
1579 1643 1697 1713 cjus

155 1728 245 1781 ⁸⁸.»
298 1729 355 1781 Et
393 1729 689 1797 Apostolus
715 1730 1142 1798 dicit,quoniam
1200 1747 1216 1780 ι
1259 1732 1399 1788 Deus
1447 1735 1594 1788 dedit
1641 1737 1693 1790 in

154 1820 282 1876 corde
299 1821 395 1884 Titi
411 1819 476 1877 ".
492 1839 511 1873 ι
539 1820 694 1886 Quod
714 1837 842 1877 vero
865 1822 1027 1876 etiam
1048 1840 1144 1893 per
1167 1827 1386 1896 angelos
1403 1827 1482 1882 vel
1507 1828 1691 1894 bonos,

156 1911 216 1964 vel
262 1913 419 1965 malos
472 1912 660 1981 aliqua
705 1914 956 1968 humanis
1009 1917 1262 1973 cordibus
1311 1929 1688 1990 suggerantur.
1727 1904 1769 1962 Β

155 2001 359 2072 designat
406 2001 540 2073 (59)
578 2003 663 2057 vel
715 2002 940 2058 Tobiam
979 2009 1202 2076 angelus
1260 2010 1551 2062 comitatus
1607 2009 1690 2062 vel

152 2093 383 2162 propheta:
413 2083 598 2148 Sermo
631 2094 891 2149 dicentis:
957 2113 976 2146 ε
1005 2096 1069 2150 Et
1137 2099 1418 2168 reSpondit
1470 2099 1690 2170 angelus

151 2186 221 2251 qui
247 2185 552 2256 loquebatur
576 2186 631 2239 in
668 2201 754 2240 me
791 2187 858 2252 ’5;
890 2206 907 2238 ι
941 2188 1034 2241 sed
1058 2197 1114 2242 et
1140 2187 1382 2244 Pastoris
1409 2191 1546 2246 liber
1579 2193 1691 2245 haec

150 2275 301 2327 eadem
335 2274 577 2328 declarat
623 2275 812 2331 dicens
851 2281 996 2347 quod
1059 2279 1174 2335 bini
1223 2281 1400 2351 angeli
1449 2283 1690 2353 singulos

150 2382 350 2438 quosque
378 2367 665 2422 hominum
697 2370 1060 2437 comitentur;
1087 2376 1154 2442 ζει
1187 2374 1232 2430 si
1279 2377 1500 2444 quando
1535 2378 1690 2432 bonae

149 2462 462 2530 cogitationes
511 2480 613 2520 cor
645 2473 892 2519 nostrum
938 2466 1306 2530 ascenderint,
1336 2484 1364 2521 a
1396 2467 1540 2523 bono
1586 2485 1687 2524 an-

152 2552 245 2622 gelo
267 2557 466 2627 suggcri
502 2558 676 2626 dicit;
723 2559 764 2614 si
794 2570 925 2610 vero
962 2558 1275 2624 contrariae,
1324 2559 1446 2611 mali
1507 2559 1687 2629 angeli

150 2647 251 2700 dicit
277 2662 387 2704 esse
427 2651 772 2706 instincmm.
815 2651 1018 2706 Eadem
1045 2665 1259 2720 quoque
1311 2651 1591 2706 Barnabas
1633 2653 1686 2707 in

151 2739 345 2808 Epistula
402 2759 496 2798 sua
550 2745 818 2810 declarat,
860 2759 984 2802 cum
1033 2745 1170 2799 duas
1223 2745 1338 2800 vias
1378 2759 1498 2800 esse
1533 2745 1685 2812 dicit,

150 2848 274 2887 unam
299 2835 446 2900 lucis,
475 2837 708 2891 alteram
735 2840 1103 2905 tenebrarum,
1146 2839 1344 2908 quibus
1371 2848 1427 2893 et
1457 2854 1687 2907 praeesse

150 2935 289 2981 certos
316 2942 555 2996 quosque
617 2931 838 3000 angelos
888 2933 1050 2987 dicit:
1110 2932 1212 2986 vim
1254 2931 1474 3001 quidem
1527 2932 1686 2998 lucis,

150 3020 322 3089 angelos
345 3021 464 3088 Dei;
512 3025 861 3079 tenebrarum
894 3034 1074 3080 autem
1101 3026 1217 3092 viae,
1257 3025 1479 3096 angelos
1525 3025 1688 3080 Sata-

149 3125 224 3164 ute.
247 3108 368 3166 Nihil
403 3123 587 3170 tamen
625 3114 764 3187 (40)
794 3116 938 3170 aliud
983 3117 1281 3184 putandum
1318 3129 1400 3172 est
1433 3118 1686 3172 accidere

148 3204 268 3258 nobis
287 3222 347 3260 es
374 3207 501 3277 ipsis
530 3223 656 3278 qua:
708 3209 858 3262 cordi
896 3219 1084 3264 nostro
1123 3219 1488 3280 suggeruntur
1525 3209 1682 3266 bonis

1810 635 1954 703 genti
2001 634 2232 690 salutem
2281 635 2523 704 periculo
2545 635 2656 703 jam
2723 635 3044 690 imminente
3090 633 3384 692 conterret.

1805 723 1912 778 Per
1961 726 2296 780 contrariam
2353 742 2483 780 vero
2538 725 2740 780 diaboli
2795 727 3056 780 virtutem
3112 725 3389 790 memoria:

1805 816 2120 886 pontificum
2149 827 2203 872 et
2239 819 2543 873 scribarum
2596 819 2895 889 putandum
2949 826 3030 872 est
3064 825 3386 888 suggestum

1804 907 1933 963 illud
1969 910 2115 978 quod
2158 911 2438 967 venientes
2474 913 2540 965 ad
2587 911 2824 967 Pilatum
2865 909 3172 972 dixerunt:
3215 927 3236 961 ι
3275 908 3383 972 Do-

1804 1002 1971 1064 mine,
2003 1001 2273 1056 recordati
2301 1017 2491 1057 sutnus
2521 1004 2794 1072 quomodo
2824 1003 3083 1056 seductor
3106 998 3197 1055 ille
3223 999 3386 1078 dixit,

1801 1094 1926 1146 dum
1957 1094 2134 1148 adhuc
2175 1095 2570 1165 viveret,quia,
2611 1095 2741 1150 Post
2769 1095 2982 1150 tertiam
3020 1094 3162 1148 diem
3199 1106 3384 1170 resur-

1801 1201 1923 1255 gam
1949 1186 2018 1241 ".
2046 1205 2066 1237 ι
2103 1185 2209 1242 Sed
2240 1197 2296 1241 et
2337 1186 2507 1242 ludas
2536 1188 2680 1256 quod
2715 1189 2781 1242 de
2814 1187 3121 1257 proditione
3169 1184 3383 1240 Domini

1802 1275 2102 1333 Salvatoris
2128 1279 2422 1349 cogitavit,
2467 1294 2572 1332 non
2631 1278 2735 1332 fuit
2781 1293 2812 1332 a
2858 1277 2975 1334 sola
3008 1277 3205 1331 mentis
3260 1275 3380 1344 ejus

1800 1369 2000 1422 malitia
2028 1371 2273 1426 veniens.
2326 1367 2547 1424 Testata
2581 1379 2670 1424 est
2705 1371 2851 1424 enim
2903 1368 3208 1438 Scriptura,
3256 1368 3382 1438 quia

1804 1477 1823 1511 ι
1853 1460 2100 1514 diabolus
2137 1461 2248 1529 jam
2297 1462 2535 1520 misisset
2591 1461 2644 1514 itt
2713 1476 2811 1514 cor
2865 1460 2982 1527 ejus
3032 1467 3091 1512 ut
3141 1460 3383 1514 traderet

1797 1564 1920 1604 eum
1942 1550 2010 1604 θ’.
2039 1571 2056 1604 ι
2099 1550 2325 1621 Propter
2351 1554 2493 1621 quod
2526 1562 2580 1607 et
2609 1551 2870 1606 Salomon
2907 1561 3055 1604 recte
3087 1550 3378 1620 przecepit,

1796 1640 2020 1697 dicens:
2077 1661 2095 1693 ε
2126 1643 2262 1697 Cum
2295 1643 2575 1712 diligentia
2613 1659 2771 1699 serva
2829 1652 2976 1704 tuutn
3016 1657 3116 1697 cor
3148 1642 3216 1696 ⁸⁸.
3253 1659 3270 1692 ι
3319 1639 3384 1709 Et

1798 1731 1996 1787 Paulus
2053 1734 2334 1804 apostolus
2378 1736 2460 1789 ait
2488 1753 2502 1791 :
2535 1755 2554 1786 ι
2607 1735 2853 1804 Amplius
2899 1734 3159 1788 debemus
3206 1734 3384 1786 inten-

1800 1824 1930 1879 dere
1961 1826 2044 1880 his
2066 1841 2186 1896 qua:
2215 1827 2549 1893 audivimus,
2575 1844 2646 1884 ne
2680 1827 2821 1882 forte
2865 1827 3235 1884 ellluamus”.
3270 1845 3288 1880 ι
3322 1826 3384 1880 Et

1797 1919 2062 1974 cumdicit
2089 1936 2104 1972 :
2136 1937 2154 1970 ι
2185 1919 2360 1976 Nolite
2377 1920 2553 1976 locum
2587 1925 2720 1976 dare
2749 1921 3021 1987 diabolo‘,
3051 1920 3383 1984 sosteudens

1799 2025 1894 2078 per
1925 2012 2048 2078 hoc,
2073 2013 2196 2081 quia
2228 2021 2378 2070 certo
2409 2028 2595 2082 opere,
2625 2012 2706 2067 vel
2735 2021 2880 2066 certa
2910 2011 3144 2081 quadam
3174 2010 3384 2064 desidia

1797 2102 1963 2156 animi
1998 2102 2148 2157 locus
2193 2103 2410 2158 diabolo
2456 2105 2640 2166 datur,
2678 2112 2738 2157 ut
2785 2102 2831 2165 si
2888 2102 3055 2158 semel
3103 2103 3384 2170 ingressus

1801 2195 1967 2250 fuerit
1992 2210 2087 2251 cor
2123 2207 2400 2262 nostrum,
2439 2209 2532 2251 aut
2563 2198 2811 2262 obtineat
2845 2213 2964 2260 nos,
2991 2205 3084 2248 aut
3109 2205 3258 2250 certe
3297 2194 3380 2247 vel

1797 2287 2003 2355 polluat
2045 2289 2308 2354 animam,
2341 2288 2386 2343 si
2437 2303 2542 2346 non
2589 2289 2807 2358 penitus
2841 2289 3090 2342 obtinere
3120 2287 3378 2355 potuerit.

1801 2396 1928 2434 cum
1962 2380 2134 2451 ignita
2182 2396 2278 2436 sua
2312 2379 2501 2447 jacula
2539 2379 2718 2448 jactat
2766 2381 2818 2434 in
2853 2395 2984 2444 nos;
3033 2380 3234 2448 quibus
3275 2379 3379 2432 ali-

1797 2473 2013 2543 quando
2040 2473 2257 2544 quidem
2288 2474 2348 2532 in.
2392 2473 2558 2529 altum
2596 2473 2966 2529 descendente
2995 2470 3218 2528 vulnere
3247 2487 3380 2542 sau-

1796 2565 2027 2629 ciamur,
2052 2563 2347 2632 aliquando
2385 2579 2514 2619 vero
2553 2563 2929 2622 tantummodo
2952 2561 3376 2628 inﬂammamur.

1797 2657 1939 2711 Raro
1967 2668 2120 2711 certe
2153 2665 2211 2712 et
2260 2657 2452 2724 paucis
2495 2656 2826 2726 quibusdam
2883 2655 3000 2711 haec
3049 2656 3169 2726 ejus
3211 2651 3380 2724 ignita

1789 2748 1972 2818 jacula
2018 2748 2478 2816 restinguuntur,
2536 2748 2610 2801 ita
2655 2757 2715 2802 ut
2773 2747 2950 2803 locum
3000 2746 3243 2802 vulneris
3270 2761 3380 2800 non

1795 2839 2109 2905 inveniant,
2151 2839 2204 2893 id
2248 2846 2362 2903 est,
2410 2853 2532 2892 cum
2563 2838 2692 2908 quis
2745 2837 3116 2892 munitissimo
3148 2850 3204 2892 et
3242 2838 3381 2892 vali-

1793 2933 2020 2988 dissimo
2071 2941 2228 2987 scuto
2282 2930 2406 2985 lidei
2476 2930 2648 2985 fuerit
2697 2931 2968 2985 obtectus.
3033 2929 3186 2998 Quod
3248 2945 3378 2985 vero

1792 3025 2002 3080 dictum
2046 3033 2132 3079 est
2183 3024 2236 3077 in
2291 3022 2537 3094 Epistula
2571 3024 2638 3078 ad
2687 3023 2991 3093 Ephesios:
3047 3041 3065 3072 ι
3094 3021 3234 3089 Quia
3268 3038 3377 3077 non

1793 3128 1875 3172 est
1913 3119 2070 3173 nobis
2114 3117 2429 3174 colluctatio
2478 3117 2744 3172 adversus
2784 3129 3007 3170 carnem
3055 3123 3108 3170 et
3154 3115 3378 3185 sangui-

1793 3228 1940 3279 nem,
1973 3213 2070 3267 sed
2126 3212 2394 3265 adversus
2430 3210 2769 3280 principatus
2806 3219 2863 3264 et
2910 3217 3247 3278 potestates,
3284 3209 3378 3262 ad-

146 3297 211 3349 vel
270 3300 449 3364 malis,
507 3302 618 3355 nisi
687 3301 1109 3357 commotionem
1159 3302 1329 3356 solam
1382 3311 1436 3357 et
1490 3303 1686 3359 incita-
1715 3278 1768 3348 θ.
1799 3320 1995 3364 versus
2037 3304 2226 3369 mundi
2279 3303 2442 3372 hujus
2487 3311 2731 3358 rectores
2765 3301 3115 3357 tenebrarum
3160 3300 3377 3367 harum,

147 3398 339 3444 mentum
367 3408 670 3462 provocans
714 3409 810 3448 nos
847 3393 932 3448 vel
979 3394 1045 3447 ad
1092 3395 1230 3450 bona
1272 3395 1362 3449 vel.
1417 3396 1484 3450 ad
1521 3397 1683 3458 mala.

149 3477 364 3537 Possibile
393 3496 577 3540 autem
605 3485 758 3541 nobis
818 3495 902 3540 est
926 3502 1050 3541 cum
1106 3488 1343 3555 maligna
1374 3488 1550 3546 virtus
1588 3507 1686 3547 nos

148 3577 330 3642 ceperit
389 3579 453 3632 ad
524 3579 730 3633 malum
803 3581 1059 3648 incitare},
1137 3582 1371 3651 abjicere
1442 3601 1472 3639 a
1530 3588 1684 3642 nobis

147 3682 298 3733 pravas
365 3674 774 3743 suggestiones,
865 3682 918 3726 et
997 3674 1254 3728 resistere
1339 3677 1683 3734 suasionibus

149 3763 376 3829 pessimis,
429 3775 481 3819 et
551 3765 690 3821 nihil
746 3779 971 3836 prorsus
1037 3766 1384 3836 culpabiliter
1464 3785 1677 3838 gerere.

151 3853 266 3926 141
298 3857 355 3911 Et
405 3875 625 3914 rursum
671 3861 924 3929 possibile
956 3869 1040 3915 est
1083 3869 1142 3914 ut
1185 3876 1308 3914 cum
1353 3878 1452 3917 nos
1494 3865 1679 3919 divina

151 3947 283 4002 virtus
319 3951 379 4002 ad
432 3951 659 4005 meliora
720 3952 1136 4019 provocaverit,
1188 3966 1298 4006 non
1348 3970 1676 4025 sequamur,

151 4037 268 4094 liberi
311 4041 511 4097 arbitrii
561 4054 834 4114 potestate
871 4047 924 4098 in
976 4057 1204 4118 utraque
1243 4049 1400 4103 nobis
1442 4062 1673 4105 servata.

154 4129 418 4189 bicebamus
449 4151 585 4191 sane
623 4137 677 4190 in
732 4135 1126 4204 superioribus,
1165 4139 1310 4207 quod
1359 4141 1520 4194 etiam
1560 4119 1675 4196 me-

153 4225 293 4278 moria:
331 4229 472 4283 nobis
509 4229 760 4298 quaedam
814 4229 899 4284 vel
949 4227 1214 4284 bonorum
1272 4233 1364 4286 vel
1404 4234 1674 4289 malorum

153 4327 470 4384 suggerantur,
502 4321 624 4376 sive
654 4336 751 4390 per
787 4321 1028 4376 divinam
1064 4327 1462 4393 providentiam
1483 4367 1497 4391 ,
1559 4326 1674 4380 sive

153 4420 223 4467 per
260 4411 463 4466 virtutes
509 4417 858 4481 contrarias;
911 4417 1053 4472 sicut
1082 4420 1388 4473 ostenditur
1424 4419 1477 4472 in
1533 4418 1672 4473 libro

155 4493 322 4564 Esther,
353 4519 469 4558 cum
515 4507 782 4561 beneﬁcia
811 4507 1098 4579 iustissimi
1138 4499 1463 4565 hlardocliaai
1505 4511 1668 4562 Arta-

156 4600 302 4644 xerxes
351 4608 449 4647 non
556 4599 932 4662 meminisset,

156 4679 438 4755 iatigatus,a
479 4690 588 4746 Deo
642 4692 693 4747 in
765 4697 1080 4750 memoriam
1129 4699 1422 4766 recepisset
1485 4711 1669 4750 rerum

155 4785 370 4836 gestarum
420 4784 753 4838 monimenta
801 4788 1012 4842 chartis
1056 4790 1312 4844 mandata
1353 4790 1668 4858 requirere;

157 4876 194 4916 In
219 4869 383 4935 quibus
405 4874 465 4926 de
489 4875 766 4933 beneﬁciis
793 4878 1118 4936 Mardochaai
1146 4884 1455 4936 admonitus
1487 4882 1670 4934 inimi-

156 4971 244 5013 αιιη
266 4964 456 5032 quidem
485 4971 603 5038 ejus
626 4972 799 5025 Aman
830 4976 1086 5044 suspendi
1121 4976 1368 5045 juberet;
1409 4976 1506 5043 ipsi
1542 4990 1669 5028 vero

1797 3397 2062 3454 adversus
2106 3395 2379 3465 spiritalia
2409 3394 2668 3464 nequitiae
2717 3394 2771 3447 in
2819 3393 3211 3450 ctelestibus‘:
3242 3411 3262 3444 ι
3303 3394 3376 3452 ita

1793 3491 2070 3560 oportebit
2103 3487 2329 3559 intelligi
2354 3489 2499 3558 quod
2535 3487 2674 3542 dixit
2697 3486 2835 3558 (41),
2874 3504 2893 3538 ‹
2924 3485 3112 3552 nobis;
3139 3504 3162 3538 ι
3187 3485 3241 3540 id
3267 3497 3376 3551 est,

1793 3585 1925 3639 mihi
1955 3582 2161 3646 Paulo,
2195 3593 2251 3638 et
2301 3581 2458 3637 vobis
2509 3578 2798 3650 Ephesiis,
2852 3588 2910 3634 et
2959 3579 3376 3649 quibuscunque

1793 3693 1897 3736 non
1927 3687 2011 3732 est
2061 3675 2386 3732 colluctatio
2443 3689 2566 3729 cum
2603 3687 2773 3727 carne
2826 3683 2882 3726 et
2937 3673 3225 3742 sanguine.
3278 3669 3377 3727 His

1789 3769 1994 3824 etenim
2026 3779 2304 3823 certamen
2335 3775 2418 3821 est
2465 3766 2730 3825 adversus
2763 3764 3102 3836 principatus
3127 3775 3182 3819 et
3217 3775 3372 3834 pote-

1789 3873 1980 3928 states,
2016 3863 2281 3916 adversus
2316 3861 2504 3915 tnundi
2537 3861 2702 3930 hujus
2730 3874 2972 3916 rectores
3000 3861 3370 3923 tenebrarum,

1789 3971 1894 4009 non
1925 3956 2068 4010 sicut
2099 3963 2216 4008 erat
2247 3953 2577 4018 Corinthiis,
2618 3953 2818 4022 quibus
2863 3961 3140 4008 certamen
3191 3951 3372 4006 adhuc

1787 4051 2047 4105 adversus
2073 4061 2295 4102 carnem
2324 4058 2387 4102 et.
2422 4048 2742 4114 sanguinem
2775 4054 2924 4111 erat,
2959 4058 3096 4114 quos
3139 4044 3373 4099 tentatio

1786 4159 1894 4197 non
1928 4142 2373 4212 apprehenderat
2398 4139 2502 4194 nisi
2531 4139 2792 4194 humana.

1852 4233 1906 4288 5.
1942 4232 2052 4288 Nec
2084 4242 2267 4287 tamen
2301 4230 2602 4300 putandum
2635 4239 2720 4284 est
2757 4227 2902 4298 quod
2937 4226 3141 4294 singuli
3169 4226 3373 4296 quique

1743 4346 1746 4348 ν
1784 4327 2048 4382 adversus
2063 4326 2246 4381 omnia
2274 4326 2388 4380 haec
2413 4324 2716 4380 decertent.
2731 4320 3074 4392 lmpossibile
3091 4321 3238 4374 enim
3253 4320 3367 4392 (42)

1783 4419 1836 4473 id
1869 4435 1991 4475 esse
2039 4418 2281 4473 arbitror
2331 4416 2424 4470 ulli
2488 4415 2810 4479 hominum,
2863 4412 3114 4482 quamvis
3158 4411 3248 4466 ille
3301 4413 3372 4467 sit

1781 4520 2008 4565 sanctus
2036 4507 2174 4579 (45),
2207 4518 2266 4562 ιιι
2311 4507 2580 4562 adversus
2613 4506 2798 4563 omnia
2851 4505 2966 4558 haec
3007 4502 3166 4558 simul
3194 4503 3374 4573 possit

1020 4615 1075 4656 et
1131 4602 1415 4656 nocturnis
1472 4599 1671 4670 vigiliis
1707 4649 1748 4670 n
1783 4600 1982 4654 habere
2024 4609 2326 4658 certamen.
2359 4599 2514 4665 Quod
2561 4599 2605 4651 si
2640 4597 2752 4650 ullo
2798 4596 2959 4650 modo
3009 4595 3064 4648 id
3110 4595 3366 4659 accidat,

1781 4694 1927 4762 quod
1969 4702 2119 4748 certe
2151 4692 2274 4747 tieri
2321 4708 2428 4744 non
2467 4697 2665 4760 potest,
2716 4687 3054 4758 impossibile
3100 4696 3185 4741 est
3228 4694 3288 4740 ut
3318 4688 3370 4740 id

1783 4801 2008 4854 prorsus
2050 4784 2196 4839 ferre
2241 4784 2412 4852 possit
2451 4783 2690 4836 humana
2725 4789 2919 4835 natura
2965 4780 3086 4835 sine
3132 4780 3371 4834 maxima

1780 4877 2134 4943 subversione
2182 4875 2302 4938 sui;
2341 4874 2437 4932 sed
2471 4877 2636 4938 sicut,
2668 4874 2822 4928 verbi
2864 4871 3064 4943 gratia,
3097 4871 3370 4942 quinqua-

1779 4974 1924 5043 ginta
1959 4969 2128 5039 aliqui
2187 4968 2388 5022 milites
2443 4968 2486 5021 si
2522 4968 2708 5021 dicant
2761 4966 2863 5027 sibi
2916 4965 3204 5030 imminere
3253 4980 3373 5018 cer-

157 5096 190 5184 i‘
212 5097 324 5184 Psal.
358 5122 504 5184 grav,
545 5112 630 5184 tl.
709 5115 752 5145 ⁹¹
784 5115 960 5174 Eccle.
1002 5133 1056 5184 χ,
1087 5118 1141 5180 4.
1219 5117 1265 5147 ⁹¹
1299 5116 1340 5169 ll
1369 5117 1496 5184 (lor.
1532 5132 1585 5184 ξι,
1615 5115 1673 5179 4,

1835 5113 1880 5145 ⁹³
1915 5112 2061 5167 Psal.
2100 5125 2321 5184 thtgtv,
2557 5108 2596 5162 ll
2626 5109 2765 5184 Cor.
2799 5107 3039 5184 vttt,_16_.
3121 5108 3168 5138 "
3197 5107 3366 5184 Zach.

347 5179 406 5244 ,9“
444 5171 637 5260 Matth.
701 5171 868 5260 xxvii,
920 5189 1007 5241 65.

158 5177 406 5264 ξ’έξίηθέ
450 5179 637 5264 Μξιξιιι.
701 5201 868 5260 xxvii,
920 5177 1052 5241 63f
1103 5177 1149 5218 ’7
1203 5185 1358 5242 Joan.
1409 5177 1631 5254 itu,"2.

201 5237 362 5309 Ephcs:
385 5262 455 5314 vt,
498 5251 578 5305 12.

207 5361 310 5446 (59)
361 5367 428 5421 lta
476 5387 606 5446 mss.
649 5371 726 5446 ju
772 5375 935 5429 editis
972 5377 1146 5441 deest,
1183 5395 1201 5427 ε
1245 5377 1586 5446 designat“
1619 5384 1678 5430 et

160 5424 332 5512 Ῐεείιυές
366 5457 382 5490 t
411 5442 488 5494 vel
520 5445 608 5512 qui
648 5443 874 5498 Tobiam
907 5424 1537 5510 θηξυΙιιεόυιιιίιειῗυικ..ἶ
1580 5448 1674 5500 sed

160 5512 197 5550 ει
216 5507 264 5557 de
280 5504 571 5579 Pastoribus
599 5513 752 5579 liber,
802 5535 823 5568 ι
852 5527 956 5571 etc.
983 5504 1192 5573 'Utrum
1233 5529 1411 5572 autem
1452 5517 1673 5571 unicui-

160 5581 234 5654 qgte
279 5577 457 5654 homini
501 5577 748 5654 angelos
778 5588 932 5650 duos,
973 5589 1169 5641 bonum
1233 5605 1424 5653 unum,
1471 5588 1672 5640 malum

163 5639 336 5729 illi?"th
382 5653 529 5729 simul
572 5639 824 5729 assistere

161 5709 382 5800 disseritur
413 5721 844 5800 0r_igen_ianorum
876 5709 1328 5800 ⁷ιίιίΪ-ιιξ-(ιιῖιέέίξ

165 5792 400 5846 νΐῦδδριιὶιιι
427 5792 716 5848 tricesimo.

215 5854 302 5924 lib)
340 5858 454 5916 Vide
484 5864 516 5919 Ι.
566 5883 598 5919 ιι
631 5867 962 5938 0rigeniun.,
1005 5888 1055 5941 q.
1089 5873 1119 5925 7
1148 5913 1162 5939 ,
1203 5889 1254 5926 n.
1361 5880 1413 5926 cl
1449 5871 1533 5926 H3.

1733 5185 1778 5217 ’⁸
1829 5185 1992 5239 Prov.
2045 5199 2118 5250 tv,
2169 5180 2261 5235 25.

2337 5180 2404 5248 ,η
2438 5181 2602 5234 Hebr.
2640 5197 2710 5247 tt,
2746 5181 2797 5233 1.
2875 5179 2890 5208 ¹
2925 5179 3124 5245 Ephes.
3157 5194 3240 5244 tv,
3275 5178 3364 5231 27.

2010 5373 2064 5426 ln
2090 5371 2226 5427 libb.
2256 5381 2414 5425 antea
2461 5370 2624 5453 editis
2652 5379 2800 5453 post,
2833 5388 2850 5421 ι
2876 5369 3034 5433 dixit,
3065 5389 3084 5422 ι
3120 5367 3363 5432 legitur:

1860 5446 1968 5496 tllll
2002 5443 2169 5496 Paulo
2214 5452 2270 5496 et
2320 5442 2571 5496 Ephesus
2614 5444 2810 5496 nutbus
2851 5453 3128 5494 certamen
3187 5438 3363 5490 adhuc

1792 5461 1809 5494 ι
1840 5438 1968 5500 Mihi
2002 5443 2169 5498 Paulo
2214 5452 2270 5496 et
2320 5442 2571 5512 Ephesiis
2614 5438 2810 5511 quibus
2851 5453 3128 5494 certamen
3187 5438 3367 5512 adhuc

1787 5515 2050 5568 adversus
2087 5527 2307 5568 carnem
2338 5508 2393 5567 e1
2428 5508 2752 5582 sanguinem
2782 5521 2920 5576 erat,
2957 5525 3094 5582 quos
3135 5508 3366 5582 tentatio

1785 5600 1892 5638 non
1937 5585 2376 5654 apprehenderat
2423 5579 2834 5637 nisi'humana.
2877 5601 2896 5633 ι
2945 5581 3142 5650 Sicque
3194 5579 3365 5632 multa

1785 5655 1993 5709 omissa
2025 5664 2301 5724 suntquae
2325 5655 2626 5709 restituunt
2650 5655 2806 5708 codd.
2839 5668 2974 5706 mss.

1879 5725 1969 5794 42)
2011 5728 2180 5779 Caute
2216 5728 2353 5795 lege.

1875 5790 1968 5864 45)
2009 5790 2356 5853 δαηειαδξιιι
2387 5796 2510 5852 cod.
2549 5795 2869 5858 Corbcicnsi
2902 5796 3156 5859 habetur,
3190 5810 3207 5844 ι
3246 5790 3364 5866 spi-
3449 5823 3456 5829 ο

1780 5868 1936 5934 ritus,
1970 5886 1988 5918 ι
2030 5867 2187 5924 male.
