3880 6516
538 402 645 462 511

545 531 598 578 ta
613 537 737 576 mea
773 518 1038 573 adversus
1071 513 1208 568 alios

547 613 827 685 ligendum
848 620 955 672 est,
985 608 1126 677 quod
1159 619 1300 658 unus
1340 615 1407 654 ex
1437 599 1546 653 illis
1566 599 1828 650 adversus
1855 593 2126 662 quinqua-

545 711 698 777 ginta
730 704 1095 760 dimicaturus
1125 699 1221 760 sit,
1247 695 1342 750 sed
1387 701 1536 748 recte
1581 690 1715 745 dicit
1754 686 2126 754 unusquisque

548 803 792 862 illorum,
823 797 952 866 quia
987 803 1263 848 certamen
1308 787 1464 842 nobis
1507 795 1591 839 est
1634 782 1924 836 adversum
1967 779 2128 847 quin-

544 891 803 962 quaginta
832 927 849 954 ,
911 884 1163 939 omnibus
1219 889 1397 934 tamen
1439 878 1734 930 adversum
1781 886 2002 936 omnes;
2053 870 2126 923 ita

543 961 710 1036 etiam
754 980 858 1034 hoc
905 974 1234 1030 audiendum
1284 978 1371 1024 est
1419 967 1562 1037 quod
1613 961 1909 1034 Apostolus
1968 961 2123 1026 dicit,

541 1074 691 1144 quod
725 1069 999 1126 universis
1044 1067 1265 1122 athletis
1291 1075 1348 1122 et
1402 1063 1664 1120 militibus
1703 1057 1910 1114 Christi
1959 1054 2126 1111 collu-

541 1166 714 1223 ctatio
758 1174 815 1219 et
857 1173 1134 1220 certamen
1177 1169 1264 1215 est
1313 1161 1578 1212 adversus
1625 1153 1810 1209 omnia
1856 1152 1954 1207 ista
2005 1165 2126 1220 qua:

538 1268 866 1314 enumerata
905 1265 1064 1322 sunt;
1095 1256 1371 1317 omnibus,
1392 1249 1624 1322 singulis
1651 1258 1861 1313 tamen,
1886 1247 1972 1301 vel
2003 1260 2122 1300 cum

540 1352 774 1423 singulis
803 1351 990 1404 futuro
1032 1346 1356 1408 certamine,
1387 1343 1470 1398 vel
1525 1355 1679 1396 certe
1717 1349 1878 1410 prout
1921 1339 2122 1405 proha-

542 1453 659 1498 tum
704 1442 874 1496 fuerit
922 1441 991 1495 ab
1041 1440 1237 1508 agonis
1279 1437 1448 1506 ipsius
1493 1433 1642 1502 justo
1705 1432 1934 1502 prmside
1993 1429 2122 1482 Deo.

546 1534 799 1589 Arbitror
819 1547 1059 1601 namque
1089 1531 1215 1600 quia
1256 1539 1406 1583 certa
1450 1540 1706 1580 mensura
1757 1524 1830 1578 sit
1872 1523 2124 1576 humanae

545 1637 799 1682 natura:
833 1624 935 1682 etsi
967 1624 1168 1678 Paulus
1202 1623 1293 1678 ille
1332 1622 1403 1675 sit
1439 1622 1507 1672 de
1539 1636 1649 1688 quo
1680 1618 1918 1670 dicitur:
1966 1635 1984 1666 ι
2018 1613 2124 1668 Vas

542 1719 834 1775 electionis
884 1727 966 1773 est
1012 1717 1143 1772 mihi
1192 1715 1372 1781 iste‘;
1412 1736 1431 1767 ι
1472 1723 1566 1767 aut
1615 1711 1812 1768 Petrus
1859 1709 2122 1762 adversus

541 1829 711 1881 quem
749 1822 920 1882 portze
972 1810 1132 1864 interi
1159 1823 1266 1862 non
1314 1805 1633 1878 praevalent,
1675 1812 1773 1859 aut
1818 1802 1864 1858 si
1907 1801 2121 1870 Moyses

545 1908 637 1961 ille
672 1907 743 1960 sit
795 1904 1006 1958 amicus
1041 1900 1133 1956 Dei
1181 1899 1329 1970 (44),
1376 1890 1605 1966 quOrum
1663 1893 1843 1948 nullus
1900 1905 2122 1962 prorsus

542 2013 763 2052 nnurcm
816 1996 976 2050 simul
1019 1993 1456 2048 adversariarum
1513 1987 1777 2042 virtutmn
1841 1994 2121 2040 catervam

543 2101 728 2162 posset
759 2095 879 2144 sine
907 2089 1015 2155 [sui
1049 2087 1230 2156 aliqua
1271 2083 1516 2153 pernicie
1552 2080 1808 2144 tolerare,
1851 2079 1953 2132 nisi
1987 2077 2124 2131 forte

545 2185 695 2238 illius
727 2182 897 2237 solius
923 2181 1099 2233 virtus
1132 2186 1389 2244 operetur
1421 2175 1472 2228 in
1503 2188 1569 2227 eo
1594 2172 1684 2242 qui
1727 2172 1898 2226 dixit:
1931 2189 1948 2222 ι
1979 2168 2123 2223 Con-

546 2274 722 2336 tidite,
775 2285 876 2340 ego
913 2270 1015 2323 vici
1064 2265 1390 2321 mundmn‘.
1419 2283 1439 2316 ι
1478 2263 1710 2332 Propter
1745 2277 1906 2331 quem
1951 2260 2126 2314 conti.

540 2365 742 2419 denter
770 2363 931 2418 etiam
977 2359 1176 2414 Paulus
1207 2359 1463 2413 dicebat:
1513 2374 1533 2408 ι
1568 2355 1765 2410 Omnia
1815 2368 2034 2422 possum
2071 2353 2121 2404 in

540 2474 612 2510 eo
644 2456 736 2526 qui
771 2470 859 2509 me
886 2453 1160 2508 confortat
1189 2451 1443 2505 Christus
1462 2451 1506 2504 ³.
1533 2469 1553 2502 ι
1583 2447 1650 2502 Et
1679 2449 1875 2502 iterum
1900 2465 1914 2500 :
1949 2464 1969 2497 ι
1993 2446 2118 2500 Am-

541 2550 691 2619 plius
722 2559 904 2601 autem
946 2543 1058 2614 (l5)
1096 2557 1259 2612 quam
1313 2555 1502 2595 omnes
1553 2539 1629 2594 illi
1675 2537 1958 2603 laboravi,
2015 2551 2121 2590 non

545 2650 727 2695 autem
755 2656 879 2709 ego,
909 2640 1003 2694 sed
1028 2635 1203 2706 gratia
1241 2635 1336 2688 Dei
1364 2649 1572 2688 mecum
1595 2633 1639 2690 ⁸.
1669 2651 1688 2684 ›
1718 2631 1950 2700 Propter
1981 2632 2124 2686 hanc

540 2749 674 2804 ergo
713 2732 969 2786 virtutem
1015 2746 1136 2799 qum
1189 2731 1377 2798 utique
1428 2729 1659 2780 hmnana
1707 2740 1814 2779 non
1857 2734 1963 2788 est,
1993 2740 2122 2792 ope-

544 2833 758 2878 rantem
793 2834 848 2878 et
873 2823 1184 2891 loquentem
1211 2822 1265 2876 in
1298 2837 1384 2882 se,
1415 2819 1621 2874 Paulus
1650 2817 1867 2872 dicebat
1895 2835 1908 2872 :
1947 2835 1965 2867 ι
1989 2815 2122 2872 Cer~

543 2928 631 2971 tus
662 2931 783 2970 sum
820 2926 1001 2969 autem
1027 2915 1155 2984 quia
1180 2928 1355 2981 neque
1384 2927 1556 2972 mors,
1582 2925 1759 2980 neque
1783 2913 1916 2975 vita,
1952 2925 2125 2978 neque

542 3008 748 3078 angeli,
785 3022 962 3078 neque
993 3006 1358 3075 principatus,
1384 3019 1558 3072 neque
1585 3011 1908 3071 potestates,
1944 3017 2122 3071 neque

542 3101 834 3171 prmsentia
858 3140 873 3164 ,
930 3113 1111 3167 neque
1161 3098 1376 3162 futura,
1415 3111 1592 3163 neque
1639 3094 1910 3159 altitudo,
1947 3109 2124 3164 neque

543 3191 901 3261 profundum,
937 3206 1112 3258 neque
1147 3190 1341 3254 virtus,
1378 3201 1553 3255 neque
1586 3185 1692 3239 alia
1739 3184 1845 3239 ulla
1871 3193 2120 3239 creatura
2149 3217 2192 3277 ο

544 3284 744 3354 poterit
779 3298 879 3337 nos
926 3296 1185 3357 separare
1230 3297 1258 3335 a
1307 3279 1580 3334 charitate
1613 3278 1740 3344 Dei,
1769 3292 1892 3346 quae
1932 3287 2015 3332 est
2066 3276 2121 3330 in

541 3377 766 3432 Christo
805 3375 936 3430 Jesu
973 3375 1202 3430 Domino
1248 3383 1435 3428 nostro
1455 3373 1500 3426 ".
1527 3393 1546 3424 ι
1582 3371 1708 3426 Sola
1741 3370 1887 3424 enim
1930 3384 2028 3439 per
2065 3383 2124 3424 se

548 3471 784 3522 luuuana
829 3477 1022 3521 natura
1055 3483 1162 3520 non
1211 3466 1449 3519 arbitror
1488 3464 1617 3533 quia
1648 3463 1818 3532 possit
1860 3463 2124 3517 adversus

545 3561 796 3630 angelos,
818 3569 874 3614 et
906 3560 1126 3614 excelsa
1151 3567 1204 3611 et
1232 3555 1520 3626 profunda,
1543 3565 1596 3610 et
1623 3556 1787 3609 aliam
1814 3564 2122 3609 creaturam

546 3654 754 3707 habere
781 3662 1099 3718 certamen;
1146 3651 1241 3704 sed
1275 3665 1397 3704 cum
1435 3651 1674 3704 senserit
1713 3659 2033 3718 praesentem
2070 3649 2122 3702 in

546 3761 606 3798 se
649 3743 937 3798 Dominum
980 3753 1037 3798 et
1081 3741 1526 3806 inhabitantem,
1578 3738 1910 3793 conlidentia
1951 3738 2120 3790 divini

545 3835 804 3905 adjutorii
831 3837 1013 3890 dicet:
1045 3853 1062 3886 ι
1099 3835 1359 3889 Dominus
1394 3831 1722 3886 illuminatio
1766 3845 1886 3884 mea
1913 3839 1970 3884 et
2001 3829 2125 3882 Sal-

543 3938 704 3983 vator
733 3943 908 3994 meus,
937 3943 1096 3996 quem
1126 3924 1370 3980 timebo?
1406 3925 1667 3978 Dominus
1692 3931 1972 3992 protector
1999 3923 2126 3975 vitae

544 4036 699 4082 meat,
728 4036 758 4073 a
797 4035 905 4090 quo
934 4019 1216 4088 trepidabo
1241 4016 1397 4088 (46)?
1433 4015 1566 4069 Dum
1602 4014 1934 4084 appropiant
1961 4027 2126 4082 super

546 4129 636 4168 me
666 4123 924 4168 nocentes
954 4125 1011 4166 ut
1055 4111 1224 4165 edant
1271 4125 1466 4165 carnes
1499 4123 1681 4172 meas,
1729 4107 1821 4176 qui
1868 4105 2127 4160 tribulaut

546 4219 635 4258 me
670 4202 874 4256 inimici
908 4203 1036 4266 mei,
1066 4201 1166 4271 ipsi
1215 4199 1474 4254 inﬁrmati
1517 4206 1647 4254 sunt
1681 4208 1738 4252 et
1775 4196 2119 4252 ceciderunt.

547 4297 606 4350 Si
643 4297 947 4350 consistant
978 4296 1268 4349 adversum
1299 4308 1386 4346 me
1421 4300 1625 4356 castra,
1649 4306 1758 4345 non
1791 4289 2002 4344 timebit
2030 4303 2128 4343 cor

545 4402 764 4452 nicum;
802 4386 847 4439 si
879 4393 1140 4454 exsurgat
1175 4386 1462 4436 adversum
1496 4395 1583 4434 me
1615 4378 1893 4450 praelium,
1929 4378 1984 4433 in
2023 4379 2126 4433 hoc

545 4495 646 4550 ego
681 4479 915 4549 sperabo
940 4478 982 4531 ‘.
1018 4498 1035 4528 ι
1081 4476 1235 4532 Unde
1264 4489 1366 4544 ego
1397 4472 1636 4527 arbitror
1665 4472 1777 4542 (47)
1813 4471 1956 4542 quod
1987 4485 2128 4525 nun-

1789 376 2120 439 ORIGENIS
2154 375 2313 430 nam
2348 370 2574 425 APXQN
3660 360 3740 413 δη

1248 504 1668 578 quinquaginta,
1702 516 1809 556 non
1855 500 1928 554 ita
1961 496 2124 552 intel-
2156 502 2203 558 Α
2234 484 2566 560 profectibus
2597 485 2739 554 ejus,
2770 480 2935 536 etiam
2975 492 3167 531 nomen
3198 475 3246 530 ei
3287 474 3446 528 lsrael
3480 475 3632 540 dedit,
3660 479 3742 533 iste

2229 599 2351 639 cum
2380 581 2498 651 ipso
2536 577 2807 650 luctatur;
2850 573 2900 626 id
2935 579 3051 634 est,
3084 583 3209 624 cum
3241 566 3354 638 ipso
3396 577 3476 622 est
3500 568 3550 622 in
3583 584 3743 640 agone,

2228 683 2285 729 et
2309 672 2609 740 juvateum
2657 668 2713 722 in
2763 664 3096 726 certamine;
3134 675 3256 714 cum
3286 659 3400 713 sine
3449 659 3599 714 dubio
3635 662 3746 717 alius

2228 775 2371 820 esset
2405 764 2671 818 adversus
2698 773 2860 830 quem
2892 755 3202 819 dimicaret,
3245 762 3300 809 et
3350 753 3598 807 adversus
3618 769 3744 823 quem

2226 859 2275 912 ei
2315 866 2598 912 certamen
2651 860 2922 922 ageretur.
2979 847 3222 917 Denique
3269 845 3464 901 Paulus
3503 862 3601 899 non
3641 846 3750 901 dixit

2227 948 2384 1004 nobis
2420 961 2542 1001 esse
2571 946 2845 1000 luctamen
2895 958 3014 996 cum
3060 939 3408 1010 principibus,
3446 937 3522 991 vel
3548 953 3650 990 cum
3675 955 3749 1007 p0-

2228 1036 2540 1102 testatibus,
2563 1035 2659 1090 sed
2700 1035 2958 1088 adversus
2981 1031 3316 1102 principatus
3339 1037 3392 1082 et
3416 1036 3680 1096 potestates
3696 1027 3747 1083 ι’.

2232 1130 2383 1188 Unde
2413 1127 2518 1184 etsi
2551 1125 2720 1182 Jacob
2761 1124 3000 1179 luctatus
3048 1130 3153 1188 est,
3187 1121 3304 1175 sine
3348 1121 3506 1172 dubio
3529 1120 3749 1172 adversus

2226 1221 2461 1289 aliquam
2491 1217 2682 1271 harum
2714 1215 2979 1268 virtutum
3004 1212 3239 1266 luctatus
3268 1218 3369 1272 est,
3401 1222 3530 1276 quas
3551 1207 3751 1260 humano

2228 1311 2451 1384 generi,
2497 1317 2552 1364 et
2589 1307 2794 1362 sanctis
2843 1305 3112 1376 praecipue
3159 1300 3437 1354 adversari
3475 1310 3527 1354 et
3573 1313 3752 1352 movere

2227 1403 2528 1460 certamina
2579 1399 2779 1454 Paulus
2823 1399 3089 1452 enuntiat.
3141 1394 3265 1448 Ideo
3293 1392 3523 1461 denique
3565 1391 3754 1446 dicitde

2227 1514 2294 1553 eo
2324 1496 2604 1566 Scriptura
2631 1535 2646 1558 ,
2681 1493 2808 1563 quia
2844 1510 2861 1543 ι
2891 1491 3127 1544 luctatus
3174 1499 3258 1544 est
3297 1502 3424 1542 cum
3474 1485 3679 1554 angelo,
3711 1497 3753 1540 et

2228 1591 2451 1646 invaluit
2503 1588 2568 1642 ad
2614 1588 2781 1642 Deum
2810 1587 2888 1650 “;
2917 1603 2937 1636 ι
2977 1594 3030 1638 ιιι
3075 1584 3147 1638 sit
3195 1580 3388 1651 agouis
3427 1580 3630 1650 quidem
3660 1596 3754 1633 cer-

2228 1695 2403 1739 tamen
2439 1681 2618 1752 angeli
2670 1679 2941 1748 adjutorio
2993 1685 3396 1740 sustentatum,
3449 1673 3754 1740 perfectionis

2225 1792 2355 1830 vero
2392 1775 2567 1843 palma
2603 1775 2910 1828 vincentem
2945 1770 3210 1838 perducat
3247 1767 3315 1821 ad
3341 1765 3528 1820 Deum.

2156 1870 2197 1925 Β
2297 1868 2351 1922 6.
2399 1869 2510 1923 Nec
2557 1881 2688 1920 sane
2743 1861 3122 1918 arbitrandum
3176 1867 3262 1913 cst
3312 1859 3437 1927 quia
3494 1857 3753 1928 hujusmodi

2227 1960 2525 2017 certamina
2574 1971 2870 2026 corporum
2923 1955 3121 2007 robore
3181 1960 3237 2004 et
3295 1948 3602 2018 palaestrica:
3649 1949 3754 2002 artis

2225 2053 2507 2110 exercitiis
2538 2059 2894 2121 peraguntur,
2934 2045 3028 2100 sed
3064 2042 3274 2112 spiritui
3326 2042 3583 2096 adversus
3626 2041 3754 2108 spiri-

2228 2158 2338 2203 tum
2369 2147 2482 2218 (48)
2534 2159 2714 2215 pugna
2748 2151 2851 2208 est,
2900 2138 3152 2196 similiter
3205 2145 3264 2190 ut
3307 2135 3506 2190 Paulus
3553 2136 3758 2204 designat

2227 2242 2488 2293 adversus
2526 2235 2896 2304 principatus,
2920 2240 2975 2286 et
3005 2239 3329 2300 potestates,
3351 2243 3410 2283 et
3431 2227 3605 2282 mundi
3631 2223 3757 2293 tutius

2229 2342 2470 2386 rectores
2519 2328 2867 2383 tenebrarum
2923 2323 3115 2379 nobis.
3150 2322 3439 2376 imminere
3503 2330 3757 2374 certamen.

2225 2423 2339 2495 Ipsa
2374 2437 2502 2478 vero
2530 2420 2891 2478 certaminum
2941 2418 3152 2487 species
3199 2415 3272 2468 ita
3310 2411 3646 2484 intelligenda
3676 2421 3758 2474 est,

2225 2534 2345 2575 cum
2383 2518 2576 2572 danma
2598 2555 2614 2581 ,
2648 2530 2772 2570 cum
2805 2511 3081 2582 pericula,
3112 2525 3236 2565 cum
3289 2507 3615 2580 opprobria,
3661 2519 3755 2559 cum

2223 2611 2641 2667 criminationes
2689 2607 3003 2662 excitantur
3062 2603 3351 2657 adversum
3413 2619 3540 2668 nos,
3587 2617 3680 2656 neu
3718 2601 3757 2653 id

2224 2703 2510 2774 agentibus
2535 2701 2778 2757 adversis
2807 2699 3178 2772 potestatibus
3204 2710 3261 2753 ιιι
3285 2702 3400 2753 haec
3431 2697 3760 2752 tantununodo

2236 2797 2541 2865 patiamur,
2591 2795 2686 2850 sed
2736 2803 2794 2848 ut
2837 2809 2933 2862 per
2966 2794 3082 2850 lucc
3129 2793 3217 2847 vel
3265 2794 3331 2848 ad
3370 2794 3508 2846 iram
3552 2790 3760 2848 multam,

2224 2893 2308 2944 vel
2348 2892 2416 2945 ad
2466 2889 2746 2943 tristitiam
2797 2887 3054 2952 nimiam,
3106 2886 3190 2940 vel
3243 2885 3312 2940 ad
3363 2881 3758 2952 desperationem

2223 2985 2468 3038 ultimam
2509 2996 2893 3052 provocemur;
2924 2979 3008 3032 vel
3049 2988 3198 3033 certe
3241 2978 3386 3047 quod
3423 2987 3506 3031 est
3533 2975 3757 3045 gravius,

2223 3076 2485 3147 conqueri
2543 3076 2803 3130 adversus
2854 3075 3022 3127 Deum
3075 3073 3284 3144 tatigati
3331 3081 3388 3126 et.
3446 3070 3574 3125 victi
3624 3066 3762 3121 taediis

2226 3168 2642 3239 con'tpellamur,
2681 3177 2939 3237 tauquam
2970 3167 3265 3220 humanam
3296 3165 3467 3217 vitam
3509 3176 3609 3216 non
3639 3172 3760 3227 asque

2220 3262 2474 3330 justeque
2531 3259 2944 3325 moderantem;
2980 3267 3042 3312 ut
3091 3273 3186 3327 per
3222 3256 3328 3310 hoc
3381 3249 3760 3308 inﬁrmemurin

2226 3352 2354 3416 lide,
2387 3349 2475 3404 vel
2509 3348 2826 3404 decidamus
2861 3345 2929 3400 ab
2957 3360 3074 3414 spe,
3103 3344 3188 3398 vel
3233 3341 3518 3398 transterri
3546 3351 3763 3410 cogamur

2225 3457 2258 3496 a
2292 3441 2525 3496 veritate
2558 3441 2870 3510 dogmatum
2893 3480 2908 3502 ,
2955 3445 3011 3492 et
3068 3436 3293 3506 impium
3345 3434 3553 3504 aliquid
3582 3435 3641 3488 de
3677 3429 3764 3484 Deo

2227 3538 2434 3592 sentire
2493 3537 2946 3605 persuadeamur.
3006 3530 3162 3585 Talia
3239 3543 3484 3597 namque
3554 3523 3761 3596 quaedam

2226 3630 2430 3697 scripta
2467 3636 2592 3682 sunt
2633 3629 2699 3682 de
2728 3625 2868 3690 Joh,
2894 3641 3016 3679 cmn
3062 3621 3313 3677 diabolus
3345 3622 3464 3676 dari
3497 3619 3594 3674 sibi
3629 3613 3764 3670 facul-

2229 3729 2394 3775 tatem
2426 3721 2691 3774 bonorum
2725 3718 2841 3788 ejus
2874 3716 3224 3786 poposcisset
3269 3730 3300 3768 a
3349 3713 3482 3769 Deo.
3523 3711 3624 3767 Per
3651 3705 3764 3777 quod

2227 3813 2396 3868 etiam
2431 3812 2562 3866 illud
2597 3812 2919 3873 educentur,
2949 3809 3092 3877 quod
3119 3824 3224 3864 non
3265 3807 3508 3862 fortuitis
3537 3802 3766 3872 aliquibus

2229 3906 2644 3963 incursionibus
2688 3905 3108 3973 impugnemur,
3158 3902 3204 3957 si
3258 3902 3481 3971 quando
3528 3914 3622 3954 nos
3665 3893 3765 3949 talia

2227 4002 2411 4069 aliqua
2441 3997 2766 4052 facultatum
2796 3999 2996 4052 damna
3035 3995 3426 4066 percusserint,
3456 4007 3627 4062 neque
3651 3986 3765 4058 quod

2229 4091 2463 4149 fortuito
2495 4099 2807 4144 nostrorum
2841 4088 3039 4156 aliquis
3069 4087 3320 4154 captivus
3360 4084 3664 4143 abducitur,
3701 4077 3765 4131 vel

2225 4184 2518 4240 domorum
2541 4180 2655 4253 (49)
2691 4181 2862 4234 ruina:
2897 4183 2949 4232 in
2980 4179 3179 4247 quibus
3210 4177 3363 4230 chari
3395 4177 3597 4246 quique
3619 4169 3766 4241 oppri-

2229 4285 2474 4340 mantur,
2507 4274 2806 4338 eveniunt;
2843 4272 2892 4324 in
2923 4271 3127 4340 quibus
3151 4269 3405 4323 onmibus
3437 4266 3767 4336 unusquisque

2228 4370 2471 4425 ﬁdelium
2506 4368 2689 4422 dicere
2731 4366 2917 4431 debet,
2959 4364 3086 4433 quia
3123 4381 3142 4414 ι
3178 4362 3295 4417 Νοη
3339 4361 3570 4419 haberes
3604 4359 3767 4413 adver-

2229 4477 2354 4519 sum
2416 4475 2502 4515 me
2547 4467 2915 4530 potestatem,
2963 4456 3071 4511 nisi
3123 4465 3274 4509 esset
3321 4456 3446 4510 data
3488 4455 3580 4507 tibi
3633 4453 3766 4505 desu-

545 4589 710 4643 quam
743 4572 905 4627 homo
935 4570 1187 4624 fortassis
1213 4583 1311 4639 per
1342 4568 1580 4639 seipsutn
1609 4568 1867 4622 virtutem
1904 4575 2122 4620 contra-
2157 4567 2202 4622 D
2233 4573 2333 4627 per
2354 4555 2421 4608 ¹².
2454 4574 2472 4607 ι
2509 4554 2643 4609 Vide
2670 4552 2786 4623 (50)
2815 4551 2958 4606 enim
2986 4549 3114 4618 quia
3145 4563 3250 4602 non
3290 4548 3575 4603 cecidisset
3608 4547 3767 4599 domus

544 4667 683 4720 riam
718 4666 938 4719 vincere
981 4671 1177 4733 potest,
1212 4661 1318 4716 nisi
1365 4677 1496 4717 usus
1526 4661 1691 4716 fuerit
1731 4659 2000 4728 adiutorio
2039 4658 2123 4714 di-

543 4758 693 4811 vino.
740 4757 892 4812 Unde
943 4766 999 4810 et
1043 4757 1266 4827 angelus
1313 4755 1556 4809 luctatus
1587 4770 1708 4808 esse
1749 4753 1950 4808 dicitur
1997 4765 2121 4805 cum

544 4847 778 4901 Jacob”.
826 4847 981 4914 Quod
1034 4863 1132 4901 nos
1164 4845 1384 4912 quidem
1437 4845 1513 4899 ita
1564 4843 1952 4912 intelligimus,
1995 4842 2122 4911 quia

546 4956 652 4993 non
691 4941 833 4994 idem
870 4940 942 4994 sit
991 4942 1254 4992 luctatum
1298 4955 1419 4996 esse
1451 4955 1571 4993 cum
1617 4936 1787 4991 Jacob
1834 4935 2124 5006 angelum,

544 5033 686 5101 quod
736 5041 819 5086 est
855 5033 1140 5086 adversum
1193 5031 1399 5099 Jacob;
1455 5033 1550 5086 sed
1600 5031 1646 5084 is
1683 5030 1901 5098 quidem
1931 5027 2022 5097 qui
2071 5027 2120 5081 ei

548 5125 745 5179 salutis
779 5123 937 5196 142
983 5124 1151 5193 ipsius
1179 5139 1347 5180 causa
1396 5123 1621 5189 aderat,
1665 5121 1847 5190 quiet
1895 5118 2126 5188 cognitis

619 5247 640 5277 ⁸
666 5248 788 5301 Act.
824 5261 905 5308 ιχ,
943 5244 1030 5300 15.

544 5333 696 5380 xxvr,
748 5317 796 5381 ι,
843 5315 900 5383 2,
954 5315 1009 5382 5,
1046 5315 1102 5370 4.

1109 5245 1132 5278 δ
1156 5243 1314 5298 Joan.
1343 5244 1456 5306 xvi,
1491 5244 1582 5299 ⁸55.

1202 5315 1222 5347 ⁵
1249 5314 1386 5372 Gen.
1439 5329 1614 5382 χχχιι,
1660 5312 1754 5368 24.

618 5480 731 5553 (ιι)
771 5479 909 5553 _Vide
947 5479 1044 5533 lib.
1081 5474 1495 5553 _tl__0rigeniarr.,
1527 5489 1584 5546 q.
1615 5475 1671 5553 τι,
1699 5490 1765 5553 ῃ.
1802 5472 1889 5552 t7.

609 5542 737 5633 .05.)
777 5551 852 5633 Ita
891 5542 1293 5633 mssaAliasgi
1321 5542 1659 5602 confortavit
1690 5547 1964 5600 Christus.
2002 5542 2136 5596 Am-

546 5623 692 5692 plius
722 5631 927 5692 autem.
955 5640 975 5673 ι
1006 5630 1112 5675 etc.

621 5692 735 5762 (46)
777 5691 1033 5744 Dominus
1054 5697 1319 5762 protector
1343 5688 1687 5762 vita:_mew,-a
1711 5702 1813 5756 quo
1842 5681 2134 5762 trepidabo.

550 5755 677 5819 Haec
710 5755 911 5819 olitissa
945 5755 1074 5815 sunt
1104 5760 1157 5814 in
1199 5770 1356 5815 antea
1385 5759 1584 5824 editis,
1616 5759 1743 5814 licet
1785 5755 2134 5825 reperiantur

553 5852 605 5890 ιιι
630 5832 889 5888 omnibus
924 5848 1052 5886 mss.

625 5904 741 5979 (47)
783 5903 916 5960 Vide
952 5901 1258 5974 Origcniun.
1295 5899 1387 5954 lib.
1423 5915 1482 5965 It,
1530 5915 1584 5971 q.
1621 5898 1671 5964 '2,
1703 5915 1757 5952 n.
1794 5898 1875 5952 l7.

1671 5243 1692 5274 ⁸
1726 5239 1922 5307 Philip.
1961 5253 2046 5304 IV,
2081 5236 2170 5290 15.

1851 5303 1894 5343 ιδ
1933 5309 2134 5380 Ephes.
2165 5321 2247 5371 Vl,
2283 5303 2370 5357 1‘2.

2229 4647 2332 4702 Job
2362 4661 2525 4715 supra
2575 4643 2712 4698 (ilius
2765 4640 2880 4711 ejus
2918 4641 3022 4694 nisi
3075 4640 3228 4708 prius
3267 4641 3526 4694 adversus
3561 4652 3647 4690 eos
3677 4634 3768 4688 dia-

2234 4739 2393 4794 bolus
2433 4736 2738 4807 accepisset
2766 4743 3125 4805 potestatem;
3165 4748 3344 4804 neque
3391 4735 3601 4801 equites
3628 4725 3769 4783 ternis

2231 4828 2518 4900 ordinibus
2549 4826 2862 4891 irruissent,
2897 4834 2956 4880 ut
2984 4835 3242 4897 raperent
3283 4827 3520 4882 camelos
3549 4823 3676 4894 ejus,
3704 4815 3769 4870 vel

2237 4924 2424 4989 boves,
2477 4930 2788 4990 caeteraque
2841 4920 3130 4985 animalia,
3181 4920 3283 4974 nisi
3332 4918 3570 4973 instincti
3616 4914 3676 4967 ab
3715 4923 3768 4962 eo

2235 5015 2430 5086 spiritu
2458 5014 2546 5068 cui
2571 5029 2629 5068 se
2661 5010 2948 5065 ministros
2974 5026 3038 5065 ex
3072 5010 3338 5080 propositi
3368 5011 3450 5064 sui
3494 4999 3767 5063 obedientia

2233 5107 2707 5175 mancipaverant.
2743 5105 2849 5160 Sed
2886 5120 2986 5158 nec
3012 5103 3098 5158 ille
3127 5104 3348 5172 quidem
3392 5101 3488 5172 qui
3521 5097 3767 5153 videbatur

2280 5233 2300 5262 ⁶
2333 5232 2348 5282 l
2381 5231 2506 5282 Cor.
2540 5241 2629 5289 xv,
2665 5225 2752 5278 l0.
2862 5224 2881 5253 ⁷
2920 5223 3074 5275 Rom.
3112 5237 3206 5274 vut
3229 5262 3245 5285 ,
3279 5221 3370 5284 58,
3406 5219 3494 5276 59.
3601 5215 3622 5247 ³
3646 5208 3763 5268 P531.

2449 5299 2488 5328 “
2520 5295 2655 5352 Gen.
2691 5294 2974 5360 xxxuﬂl.
3054 5293 3096 5324 ¹¹
3118 5289 3275 5346 Joan.
3309 5307 3424 5356 nx,
3455 5290 3541 5344 tl.

2302 5467 2419 5538 (48)
2461 5465 2554 5522 Sic
2579 5480 2712 5538 mss.
2741 5463 2965 5538 Alias”
2985 5472 3038 5516 et
3065 5460 3386 5538 palaestrica:
3408 5458 3618 5514 virtutis
3658 5464 3760 5522 per-

2234 5533 2488 5609 agant'ur,
2507 5537 2601 5609 sed
2619 5535 2849 5609 spiritus
2875 5534 3135 5609 adversus
3166 5533 3435 5609 spiri_t_um,
3465 5549 3485 5581 ι
3510 5537 3611 5609 etc.

2308 5609 2418 5678 (49)
2459 5597 2615 5663 Libb.
2647 5597 2804 5678 editi,
2841 5621 2860 5655 ι
2885 5603 2966 5657 vel
3005 5597 3219 5656 domus.
3240 5620 3260 5652 ι
3294 5601 3420 5678 Mss.
3450 5615 3469 5651 ι
3499 5599 3580 5652 vel
3607 5597 3759 5678 doniu-

2236 5675 2355 5733 rum
2403 5675 2606 5733 ruinae.
2641 5696 2660 5728 ι
2690 5675 2892 5730 ibidem
2944 5689 3102 5732 ωδε..
3153 5689 3172 5722 ι
3218 5675 3624 5742 Opprimautur,
3663 5677 3761 5720 οων

2236 5750 2414 5805 ttiunt.
2443 5767 2460 5800 ι
2490 5749 2659 5808 Alias,
2691 5764 2710 5796 ι
2735 5747 3136 5811 opprimantur,
3171 5745 3401 5798 ruerint.
3426 5759 3446 5796 ι

2309 5820 2422 5891 (50)
2465 5819 2555 5875 Sic
2585 5833 2715 5874 mss.
2743 5815 2913 5887 Alias,
2951 5831 2969 5866 ι
3004 5815 3130 5870 vidi.
3158 5832 3179 5867 ›
