3988 6418
212 390 289 413 'I',’

210 413 292 445 δέη.)

1530 391 1734 447 LIBER
1776 394 2090 451 TEllTiUS.

3362 400 3462 455 3M

212 503 436 567 ignis,vel
463 505 612 571 quod
641 516 917 573 putatum
944 519 1027 561 est
1063 510 1283 573 fulmen,
1306 512 1593 566 cecidisset
1624 530 1793 584 super
1823 521 1862 573 Α
1895 531 2014 568 esse
2036 518 2326 585 quamdam
2359 516 2680 583 sapientiam
2714 516 3017 583 principum
3048 515 3208 585 hujus
3250 522 3460 585 mundi,

210 613 312 647 Ores
354 594 476 656 Joh,
519 606 851 664 antequam
910 599 1163 653 diabolus
1219 602 1420 653 diceret
1463 604 1527 656 ad
1579 606 1785 659 Deum:

217 687 414 739 «Nonne
444 698 497 740 tu
535 689 933 742 communisti
978 692 1158 745 omnia
1206 708 1324 761 qua:
1373 694 1508 747 foris
1553 706 1701 759 sunt,
1733 708 1789 749 et

211 783 297 850 ejus
327 780 565 847 reliqua?
592 780 711 835 Sed
751 800 912 838 nunc
945 786 1182 839 immitte
1230 802 1450 840 maumn
1508 796 1687 852 tuam,
1734 800 1788 842 et

212 874 426 938 continge
460 874 655 926 omnia
693 890 837 944 quae
884 879 1069 943 habet,
1120 879 1224 932 nisi
1280 879 1334 932 in
1386 879 1583 935 faciem
1627 883 1791 938 bene-

214 966 371 1018 dixerit
402 966 495 1019 tibi
527 968 596 1018 ”.
626 987 648 1019 ι

259 1058 299 1110 7.
356 1058 427 1111 Ex
483 1060 704 1127 quibus
764 1062 1033 1115 erunibus
1079 1063 1203 1117 illtul
1250 1065 1589 1129 ostenditur,
1644 1068 1788 1133 quod

210 1151 352 1201 mnuia
391 1152 506 1203 haec
546 1167 683 1219 qua:
745 1154 895 1206 Iittnt
932 1154 983 1208 in
1023 1155 1125 1209 hoc
1162 1157 1384 1220 mundo,
1438 1171 1558 1225 quzc
1609 1160 1789 1213 media

206 1250 580 1314 existimantur,
634 1250 773 1303 sive
811 1250 907 1303 illa
959 1251 1137 1305 tristia
1193 1252 1484 1313 sint,sive
1537 1268 1787 1320 quoquo-

207 1346 330 1394 modo
352 1339 459 1410 (5i)
500 1343 649 1403 sint,
680 1360 808 1397 non
849 1346 1066 1412 quidem
1091 1361 1119 1397 a
1157 1344 1265 1398 Deo
1288 1345 1442 1403 ﬁunt.
1482 1362 1580 1399 nec
1606 1357 1801 1421 tamen

205 1434 295 1486 sine
353 1432 496 1497 Deo;
568 1436 719 1488 dum
782 1436 1052 1504 niaiignas
1084 1445 1137 1488 et
1197 1437 1505 1490 contrarias
1559 1439 1787 1492 virtutes

203 1527 299 1577 talia
327 1525 571 1580 volentes
605 1528 854 1595 operari
883 1542 987 1580 non
1012 1528 1186 1579 solum
1212 1543 1318 1580 non
1347 1530 1597 1597 prohibet
1620 1529 1783 1593 Deus,

204 1616 275 1667 sed
303 1626 349 1668 et
376 1619 668 1682 permittit
733 1617 927 1672 facere
958 1617 1093 1680 haec,
1138 1620 1230 1672 sed
1283 1622 1449 1672 certis
1480 1624 1786 1688 quibusque

203 1709 494 1774 temporibus
514 1719 568 1761 et
607 1710 923 1778 personis;
962 1710 1101 1763 sicut
1127 1719 1180 1762 et
1212 1709 1263 1760 in
1284 1712 1398 1777 ipso
1421 1708 1521 1763 Job
1550 1712 1776 1775 dicitur,

202 1800 299 1864 quia
348 1800 409 1851 ad
446 1814 685 1854 certum
746 1812 970 1869 tempus
1029 1810 1246 1871 paratus
1298 1811 1381 1855 est
1426 1804 1619 1856 cadere
1685 1806 1786 1858 suh

201 1888 310 1949 aliis.
335 1899 384 1943 ct
403 1891 612 1945 domus
652 1892 845 1961 ipsius
866 1892 1161 1962 dcprredari
1196 1894 1263 1946 ab
1291 1894 1509 1963 iniquis.
1536 1895 1788 1965 Propter-

201 1996 246 2031 ea
282 1981 428 2034 docet
466 1999 580 2037 nos
619 1984 932 2052 Scriptura
959 1984 1139 2038 divina
1171 1986 1349 2039 oumia
1380 2004 1499 2056 qua:
1531 1990 1789 2042 accidunt

199 2076 322 2128 nobis
353 2087 633 2144 tauquam
669 2095 701 2131 a
743 2079 865 2132 Deo
902 2079 1042 2132 illata
1068 2079 1177 2149 (52)
1215 2082 1517 2149 suscipere,
1548 2086 1787 2139 scientes

198 2168 309 2233 quod
339 2168 453 2221 sine
487 2169 617 2224 Deo
657 2170 807 2224 nihil
850 2171 932 2228 ﬁt.
978 2173 1131 2237 Quod
1162 2182 1343 2226 autem
1392 2175 1506 2229 hzec
1546 2177 1619 2228 ita
1655 2176 1785 2239 sint,

199 2261 236 2312 id
265 2270 357 2324 est,
391 2265 539 2327 quod
585 2264 722 2318 sine
758 2264 878 2318 Deo
898 2264 1031 2317 nihil
1065 2265 1180 2331 liat,
1202 2269 1471 2335 quomodo
1503 2285 1789 2337 possumus

196 2353 438 2418 dubitare,
475 2357 742 2411 Domitio
789 2367 847 2411 et
883 2357 1165 2412 Salvatore
1210 2361 1595 2427 pronuntiante
1618 2374 1674 2415 et
1704 2364 1786 2416 ili-

194 2458 351 2501 ccute:
385 2468 403 2499 ι
432 2448 651 2503 Nonne
679 2448 800 2502 duo
829 2464 1084 2517 passeres
1119 2467 1239 2505 asse
1273 2462 1543 2519 vanieunt,
1570 2465 1623 2508 et
1650 2472 1788 2511 unus

195 2554 242 2589 rt
268 2540 385 2607 ipsis
416 2556 533 2593 non
578 2540 761 2594 cadet
811 2556 982 2606 super
1011 2550 1208 2594 terram
1255 2543 1371 2596 sine
1412 2545 1575 2598 Patre
1609 2558 1789 2600 vestro

192 2630 265 2692 qui
310 2631 360 2682 in
411 2632 582 2685 caelis
642 2630 896 2684 est"?t
951 2630 1057 2685 Sed
1110 2634 1407 2688 necessitas
1464 2651 1562 2689 nos
1623 2638 1788 2690 traxit

194 2724 324 2787 paulo
354 2726 613 2794 amplius
658 2725 895 2793 evagari
927 2726 991 2779 de
1025 2724 1408 2781 colluctatione
1430 2730 1784 2784 adversarmu

194 2812 447 2879 virtutum,
478 2831 673 2884 quam
727 2816 1001 2869 adversus
1040 2815 1289 2871 homines
1328 2831 1547 2887 gerunt,
1594 2822 1784 2890 dison

193 2909 341 2957 tantes
373 2915 426 2959 et
463 2908 540 2960 de
576 2907 676 2962 his
726 2921 860 2976 qum
903 2907 1143 2963 humano
1173 2911 1355 2978 generi
1404 2914 1657 2965 accidunt
1693 2914 1786 2966 tri-

189 2994 439 3059 stioribus,
473 3000 531 3053 id
574 3008 671 3054 est
715 3000 1123 3055 tentationibus
1150 3002 1274 3055 vita:
1319 3004 1503 3071 hujus,
1538 3006 1681 3058 sicut
1709 3007 1786 3059 ait

190 3084 302 3141 Job:
327 3108 342 3139 ι
369 3090 574 3147 Nonne
610 3094 866 3147 tentatio
889 3105 970 3147 est
999 3094 1177 3147 omnis
1202 3097 1307 3149 vita
1349 3099 1588 3151 hominis
1621 3114 1786 3167 super

1894 607 2054 660 aliam
2078 622 2204 660 vero
2226 622 2345 661 esse
2365 606 2475 678 (54)
2503 605 2595 659 Dei
2626 609 2978 675 sapientiam.
3008 608 3110 663 Sed
3140 620 3194 662 et
3217 610 3316 663 hoc
3339 626 3461 664 cum

1899 697 2052 767 143
2082 698 2243 752 dicit:
2271 717 2289 747 ι
2315 698 2656 767 Sapientiam
2682 702 2991 770 principum
3022 700 3182 770 hujus
3204 703 3408 765 mundi,
3438 722 3458 754 ι

1893 803 1997 841 non
2055 788 2294 841 arbitror
2341 804 2465 841 eum
2515 803 2858 844 communem
2918 791 3154 860 aliquam
3217 793 3461 847 omnium

1893 880 2195 949 principum
2231 880 2388 949 hujus
2419 882 2600 934 mttndi
2636 884 2954 951 sapientiam
3001 886 3205 948 dicere,
3228 887 3323 940 sed
3350 886 3463 940 sin-

1892 972 2142 1041 gulorum
2177 973 2478 1041 principum
2521 976 2792 1042 propriam
2822 976 3107 1043 quamdam
3147 978 3277 1030 mihi
3315 978 3463 1031 vide-

1895 1072 1983 1112 tur
2011 1061 2249 1114 iudicare
2277 1061 2622 1128 sapientiam.
2651 1064 2713 1117 Et
2744 1081 2954 1118 rursum
2980 1082 3101 1118 cum
3121 1068 3285 1120 dicit:
3310 1087 3328 1119 ι
3355 1066 3460 1122 Sed

1892 1157 2166 1226 loquimur
2195 1158 2287 1210 Dei
2324 1159 2647 1227 sapientiam
2685 1158 2737 1211 in
2775 1160 3035 1229 mysterio
3064 1162 3458 1227 absconditam,

1891 1263 2052 1317 quam
2079 1250 2481 1318 praedestinavit
2503 1251 2642 1304 Deus
2678 1260 2806 1305 ante
2825 1252 3019 1306 smcula
3046 1252 3096 1304 in
3114 1254 3341 1320 gloriam
3366 1270 3460 1308 no-

1891 1354 2057 1394 Stram
2078 1342 2137 1405 ⁸⁷,
2153 1361 2171 1393 ι
2193 1343 2574 1410 requirendum
2591 1344 2727 1397 estsi
2746 1344 2987 1398 eamdem
3004 1346 3132 1398 dicit
3147 1346 3236 1400 Dei
3252 1347 3461 1414 sapien-

1893 1433 2017 1485 tiam
2035 1432 2173 1487 banc
2192 1450 2309 1502 quae
2325 1433 2637 1489 abscondita
2655 1444 2735 1487 est
2755 1449 2783 1486 a
2806 1436 3133 1503 temporibus
3158 1435 3277 1489 aliis
3304 1446 3352 1490 et
3370 1451 3461 1505 ge-

1891 1526 2284 1588 nerationibus,
2319 1536 2374 1579 et
2401 1542 2504 1577 non
2532 1526 2763 1578 innotuit
2805 1527 2929 1580 liliis
2958 1529 3260 1590 lmmintttu,
3292 1530 3457 1593 sicut,

1891 1636 2032 1674 nunc
2060 1619 2293 1674 revelata
2322 1628 2403 1673 est
2431 1619 2637 1673 sanctis
2668 1622 2923 1689 apostolis
2945 1620 3062 1687 ejus
3085 1632 3140 1673 et
3162 1621 3458 1689 prOphetis.

1890 1730 2007 1781 quae
2027 1722 2144 1767 erat
2176 1722 2229 1767 et
2263 1712 2349 1765 illa
2381 1722 2505 1765 ante
2535 1716 2821 1767 adventum
2862 1713 3161 1767 Salvatoris
3190 1714 3460 1783 sapientia

1895 1804 2005 1864 Dei,
2026 1819 2090 1857 ex
2112 1818 2213 1871 qua
2242 1804 2594 1873 sapieusferat
2626 1800 2901 1865 Salomon,
2918 1819 3023 1871 quo
3038 1804 3325 1859 Salomone
3342 1807 3461 1874 plus

1893 1905 2014 1943 esse
2066 1894 2213 1959 quod
2276 1892 2432 1948 docet
2478 1891 2751 1959 Salvator,
2796 1894 2965 1961 ipsius
2996 1894 3299 1949 Salvatoris
3344 1911 3459 1949 ser-

1896 1996 1983 2034 mo
2009 1982 2121 2051 (55)
2150 1984 2487 2051 pronuntiat,
2520 1998 2642 2037 cum
2676 1983 2807 2037 dicit
2841 2002 2853 2036 :
2894 2002 2912 2033 ι
2950 1983 3015 2036 Et
3046 1999 3173 2038 ecce
3203 1984 3321 2053 plus
3357 1983 3452 2037 Sa-

1891 2074 2106 2128 lomone
2129 2073 2366 2128 hic”-".
2383 2094 2400 2126 ι
2420 2073 2474 2127 In
2489 2091 2600 2144 quo
2614 2074 3057 2142 ostenditurquia
3080 2075 3155 2140 hi,
3174 2075 3265 2142 qui
3297 2075 3463 2128 doce-

1890 2166 2093 2219 bantur
2137 2181 2167 2219 a
2214 2165 2519 2225 Salvatore.
2548 2167 2666 2234 plus
2704 2166 2905 2236 aliquid
2934 2166 3267 2219 docebantur
3298 2180 3460 2233 quam

1890 2259 2126 2312 scivcrat
2175 2257 2453 2313 Salomon.
2488 2262 2544 2314 Si
2584 2262 2727 2315 enim
2756 2262 2879 2329 quis
2905 2260 3052 2314 dicat
3092 2259 3216 2327 quia
3254 2258 3464 2313 sciebat

1890 2351 2103 2419 quidem
2142 2351 2393 2407 Salvator
2449 2355 2703 2421 amplius.
2735 2371 2840 2409 non
2901 2364 3078 2409 tamen
3120 2354 3284 2407 etiam
3342 2353 3463 2405 alii;

1888 2444 2040 2513 plura
2068 2446 2319 2498 tradebat
2347 2461 2507 2515 quam
2541 2447 2822 2513 Salomon,
2841 2446 3112 2515 quomodo
3149 2444 3458 2506 conveniet,

1889 2542 1945 2588 et
2012 2546 2417 2604 consequenter
2490 2538 2691 2591 dictum
2764 2537 3039 2606 putabitur
3104 2537 3268 2589 etiam
3331 2534 3462 2588 illud

1888 2627 2031 2694 quod
2078 2627 2191 2696 (56)
2227 2628 2277 2680 in
2326 2629 2778 2697 subsequentibus
2809 2628 2931 2683 ait:
2970 2648 2989 2682 ί
3032 2630 3233 2698 Regina
3275 2626 3462 2682 Austri

1887 2731 2071 2789 surget
2103 2722 2154 2773 in
2178 2720 2400 2787 judicio,
2429 2731 2484 2775 et
2533 2722 2921 2777 coodemnabit
2961 2723 3209 2775 homines
3232 2736 3463 2790 genera-

1889 2813 2052 2867 tionis
2098 2810 2281 2881 hujus,
2312 2822 2598 2881 propterea
2645 2814 2787 2881 quod
2825 2813 2974 2866 venit
3003 2830 3031 2865 a
3062 2815 3258 2867 linitius
3304 2825 3463 2867 terra:

1887 2906 2077 2959 audire
2100 2902 2424 2974 sapientiam
2457 2904 2788 2970 Salomonis,
2813 2916 2868 2959 et
2891 2921 3017 2960 ecce
3041 2906 3161 2974 plus
3174 2905 3464 2959 Salomone
3518 2972 3521 2975 η

1886 2998 2153 3053 ΙιὶεἳιΕει
2203 2999 2367 3067 igitur
2420 2998 2687 3068 sapientia
2755 2998 2938 3052 mundi
3004 2997 3189 3065 hujus,
3259 3006 3345 3052 est
3408 3006 3465 3051 et

1886 3091 2147 3160 sapientia
2206 3105 2302 3159 per
2347 3091 2595 3161 singulos
2651 3090 2890 3144 fortasse
2948 3089 3219 3158 principes
3276 3089 3463 3142 mundi

192 3189 365 3235 terram
388 3185 431 3215 ¹⁸
455 3184 481 3238 ?
516 3204 537 3236 ι
580 3194 646 3239 ut
688 3185 1041 3239 manifestius
1072 3188 1341 3255 quomodo
1366 3190 1476 3244 inec
1504 3192 1774 3252 accidant,
1812 3198 1857 3258 ο
1891 3184 2068 3253 hujus.
2104 3182 2178 3236 De
2211 3183 2321 3251 ipsa
2368 3197 2498 3235 vero
2537 3181 2697 3236 unius
2731 3181 2825 3235 Dei
2864 3182 3128 3250 sapientia
3181 3179 3311 3235 illud
3342 3196 3465 3235 seno

188 3282 233 3326 et
273 3290 430 3343 quam
489 3279 586 3345 pie
649 3277 725 3332 de
787 3278 877 3331 his
912 3282 1100 3335 sentiri
1156 3283 1377 3346 debeat,
1432 3283 1779 3349 panderetur.

192 3360 321 3419 Itane
347 3368 644 3423 videamus
683 3369 975 3436 quomodo
1004 3372 1249 3426 homines
1285 3373 1447 3426 etiam
1499 3375 1550 3426 in
1588 3388 1784 3440 pecca-

193 3468 286 3511 tum
319 3460 468 3515 talsze
516 3461 790 3515 scientia:
836 3461 1174 3521 dilabuntur.
1213 3465 1296 3518 vel
1346 3482 1451 3533 quo
1491 3475 1779 3534 prospectu

193 3550 401 3606 virtutes
429 3554 753 3607 contraria;
802 3554 975 3607 etiam
1007 3556 1070 3611 de
1120 3558 1206 3612 his
1250 3573 1460 3626 pugnas
1493 3560 1780 3613 adversum

193 3656 275 3697 nos
302 3645 517 3699 soleant
544 3661 946 3702 commovere.

823 3736 1052 3792 CAPUT
1091 3738 1175 3791 Ill.

668 3829 754 3884 De
796 3832 998 3899 triplici
1032 3834 1311 3899 sapientia.

258 3920 306 3973 1.
361 3921 572 3978 Docere
630 3937 749 3977 nos
796 3921 987 3976 volens
1054 3934 1277 3980 sanctus
1324 3926 1432 3997 (55)
1495 3927 1790 3996 Apostolus

196 4027 434 4081 magnum
468 4015 693 4087 aliquid
728 4023 785 4068 et
833 4015 1172 4068 reconditum
1203 4018 1270 4072 de
1313 4019 1541 4073 scientia
1592 4031 1647 4074 et
1692 4036 1785 4074 sa-

199 4106 385 4171 pientia
421 4109 475 4161 in
512 4111 699 4179 prima
751 4108 823 4160 ad
857 4107 1173 4163 Corinthios
1213 4109 1453 4179 Epistula
1490 4113 1595 4167 ait:
1631 4130 1652 4164 ‹
1682 4113 1787 4167 Sa-

198 4197 440 4264 pientiam
477 4212 675 4254 autem
720 4200 1002 4268 loquimur
1044 4200 1186 4255 inter
1221 4202 1525 4270 perfectos;
1573 4205 1790 4272 sapien-

203 4290 325 4343 tiam
346 4306 472 4346 vero
501 4308 615 4346 non
650 4292 823 4360 hujus
851 4292 1056 4353 tnundi,
1082 4307 1255 4362 neque
1279 4296 1584 4365 principum
1627 4296 1787 4363 hujus

204 4386 484 4453 tnundiqui
512 4388 916 4444 destruuntur,
941 4386 1033 4437 sed
1058 4386 1327 4454 loquimur
1348 4388 1439 4440 Dei
1465 4390 1789 4457 sapientiam

209 4472 262 4522 in
295 4477 546 4545 mysterio
575 4474 994 4539 absconditam,
1018 4492 1180 4545 quam
1214 4479 1618 4546 prtedestiuavit
1649 4482 1791 4535 Deus

1897 3276 2062 3329 timus
2097 3274 2344 3340 indicari,
2371 3274 2514 3343 quod
2546 3273 2722 3350 minus
2740 3272 2957 3341 quidem
2985 3273 3040 3325 in
3070 3270 3467 3342 antiquioribus

1892 3379 1948 3423 et
1972 3369 2243 3422 veteribus
2266 3378 2489 3435 operata
2518 3368 2609 3431 sit,
2630 3367 2863 3436 amplius
2884 3380 3014 3420 vero
3041 3375 3097 3418 et
3127 3365 3468 3419 manifestius

1896 3460 2131 3513 revelata
2166 3475 2261 3528 per
2294 3460 2572 3513 Christum
2596 3468 2700 3513 est.
2741 3458 2934 3514 Verum
2972 3460 3039 3514 de
3071 3458 3341 3527 sapientia
3371 3456 3466 3511 Dei

1897 3552 1949 3607 in
1984 3552 2118 3607 locis
2141 3553 2373 3621 propriis
2406 3554 2762 3622 requiremus.

1965 3645 2021 3699 2.
2064 3645 2218 3700 Nunc
2274 3662 2402 3700 vero
2464 3645 2721 3715 quoniam
2766 3647 2983 3714 quidem
3011 3645 3068 3700 in
3105 3646 3355 3700 manibus
3386 3654 3471 3700 est

1898 3746 2171 3794 tractatus
2191 3740 2258 3793 de
2280 3739 2577 3793 virtutibus
2606 3738 2917 3802 centrariis,
2936 3738 3168 3806 qualiter
3217 3747 3471 3793 moveant

1901 3831 2069 3884 etiam
2108 3846 2170 3884 ea
2199 3832 2498 3885 certamina
2531 3832 2729 3901 quibus
2756 3829 2887 3883 falsa
2920 3830 3147 3884 scientia
3175 3829 3337 3883 etiam
3367 3829 3471 3882 hu-

1895 3923 2071 3978 manis
2098 3924 2369 3977 mentibus
2402 3923 2753 3988 iuseritur,et
2783 3923 3114 3975 seducuntur
3129 3920 3321 3974 animat
3342 3920 3468 3974 dum

1894 4032 1956 4071 se
2016 4027 2209 4087 putant
2255 4016 2529 4070 invenisse
2564 4015 2911 4085 sapientiam,
2939 4012 3299 4068 necessarium
3339 4025 3473 4082 puto

1899 4107 2086 4160 dicere
2138 4116 2303 4173 atque
2351 4105 2686 4174 distinguere
2715 4118 2835 4173 qum
2877 4103 2947 4157 sit
2979 4102 3240 4172 sapientia
3285 4102 3467 4155 mundi

1898 4197 2056 4269 hujus
2088 4206 2295 4266 etqua:
2326 4198 2636 4266 principum
2687 4196 2870 4250 mundi
2914 4195 3093 4263 hujus,
3119 4204 3174 4248 ut
3226 4208 3321 4264 per
3367 4193 3471 4248 hoc

1896 4293 1987 4360 qui
2038 4290 2148 4345 sint
2186 4289 2351 4343 etiam
2412 4298 2593 4357 patres
2644 4287 2804 4355 hujus
2858 4287 3162 4356 sapientim,
3197 4286 3307 4339 imo
3340 4300 3472 4338 vero

1897 4382 2291 4451 sapientiarum
2318 4379 2536 4442 harum,
2558 4379 2831 4446 possimus
2861 4375 3290 4448 adverterejﬁi).
3315 4375 3474 4427 Arhi-

1900 4484 2015 4529 tror
2070 4474 2255 4543 igitur,
2291 4474 2432 4527 sicut
2487 4486 2655 4541 supra
2708 4471 2962 4531 diximus,
2998 4470 3318 4539 sapientiam
3352 4481 3476 4521 esse

212 4572 329 4617 ante
354 4568 547 4621 saecula
579 4567 636 4620 in
663 4566 901 4635 gloriam
930 4579 1192 4634 nostram,
1217 4584 1375 4638 quam
1401 4588 1562 4626 nemo
1590 4573 1791 4642 princi-
1822 4552 1867 4607 Ῑ)
1899 4569 2058 4638 hujus
2096 4566 2282 4621 mundi
2336 4566 2497 4619 aliam
2547 4564 2839 4633 quamdam
2869 4572 3065 4631 praeter
3097 4561 3218 4615 illas
3258 4561 3476 4628 sapien-

212 4661 513 4726 pumbujus
555 4659 753 4713 mundi
782 4660 1078 4726 cognovit:
1114 4662 1158 4716 si
1198 4663 1342 4717 enim
1387 4666 1790 4733 cognovissent,

216 4766 471 4821 nunquam
505 4753 810 4807 Domimnn
850 4752 1149 4821 majestatis
1176 4758 1579 4813 cruciﬁxisscut
1600 4761 1663 4812 ιθ.
1695 4778 1713 4811 i
1736 4759 1791 4813 In

220 4858 321 4909 quo
347 4846 637 4899 ostendere
675 4844 872 4897 volens
906 4845 1295 4911 sapientiarum
1325 4850 1793 4911 diii‘erentias,de-

226 4936 393 4988 scribit
429 4952 553 4992 esse
588 4937 893 5005 quamdam
934 4936 1092 5003 hujus
1146 4941 1327 4993 mundi
1357 4944 1703 5010 sapientiam,
1744 4952 1798 4996 et

294 5053 451 5178 agi.
511 5054 682 5122 1,10,
723 5054 814 5107 tt.
897 5053 942 5083 ιι
984 5054 1174 5115 Matth.
1208 5060 1383 5121 x,29.

294 5138 323 5178 Ι.
422 5163 436 5178 ο

242 5136 323 5187 xu,
354 5136 436 5178 ts.

300 5219 400 5286 (51)
440 5220 861 5287 Quoquomodo.
897 5220 969 5273 Ita
1001 5234 1129 5274 mss.
1160 5219 1332 5280 Alias,
1375 5236 1394 5269 ς
1425 5216 1736 5271 commoda.
1770 5236 1788 5268 ι

300 5290 400 5355 (Si)
439 5292 531 5345 Sic
560 5308 700 5344 mss.
724 5291 899 5353 Alias,
937 5309 955 5340 r
980 5288 1068 5342 illa
1104 5290 1265 5341 mala.
1297 5308 1315 5339 ι

302 5362 399 5427 (55)
440 5362 493 5414 lu
537 5362 677 5415 libb.
712 5371 870 5413 antea
919 5361 1079 5413 editis
1131 5359 1357 5429 legitur,
1406 5379 1425 5411 ι
1466 5364 1665 5417 docere
1694 5377 1794 5416 nos

244 5440 401 5483 monet
429 5444 678 5493 sanctus,
710 5449 729 5481 ι
763 5446 885 5498 qua:
916 5432 1077 5483 verba
1120 5430 1461 5485 constituunt
1496 5434 1658 5486 etiam
1694 5433 1796 5485 ibi-

241 5498 344 5549 dem
392 5503 606 5554 initium
667 5503 869 5567 capitis
926 5502 1069 5553 tertii
1119 5501 1397 5569 prauuisso
1440 5504 1542 5557 hoc
1595 5503 1791 5557 titulo:

249 5570 349 5638 the
384 5572 582 5638 triplici
626 5571 923 5638 sapientia,
950 5589 968 5621 ι
1004 5571 1095 5623 sed
1130 5572 1181 5623 in
1227 5574 1482 5625 onmihus
1519 5591 1649 5627 mss.
1677 5574 1797 5625 nul-

242 5634 332 5712 Iuni
376 5634 465 5693 est'
496 5634 711 5709 capitis
747 5640 1059 5712 incipientis
1113 5641 1366 5694 indicium
1398 5683 1412 5705 ,
1449 5653 1502 5696 et
1550 5655 1671 5712 post
1705 5643 1791 5696 illa

242 5711 403 5771 Verba,
429 5729 447 5760 ι
479 5712 780 5764 adversum
831 5727 926 5763 nos
956 5711 1167 5763 soleant
1203 5711 1570 5777 commovere,
1602 5733 1619 5765 ι
1660 5728 1795 5767 cou-

240 5785 372 5828 tuiua
399 5784 537 5832 serie
572 5784 842 5850 scriptum
866 5792 968 5846 est,
998 5798 1016 5831 ι
1049 5784 1245 5835 docere
1283 5798 1383 5839 nos
1428 5785 1616 5842 volens
1661 5800 1789 5840 sau-

237 5857 367 5912 ctus,
394 5867 411 5899 ο
438 5860 542 5907 etc.

1467 5061 1508 5090 ¹³
1543 5059 1646 5115 Job
1676 5074 1774 5123 vu,
1813 5061 1863 5115 1.

1899 4664 2036 4726 tias,
2061 4676 2180 4730 qua:
2235 4666 2363 4712 sunt
2410 4660 2713 4729 principum
2752 4655 2912 4724 hujus
2949 4655 3155 4719 mundi,
3182 4671 3276 4724 per
3311 4668 3474 4723 quam

1898 4755 2224 4823 sapientiam
2256 4750 2475 4820 intelligi
2497 4750 2749 4804 videntur
2772 4766 2835 4805 ea
2858 4760 2912 4803 et
2943 4748 3332 4820 comprehendi
3359 4763 3479 4816 quae

1900 4846 2059 4915 hujus
2087 4842 2268 4897 nmndi
2301 4852 2447 4897 sunt.
2478 4841 2609 4907 Qua:
2644 4852 2822 4896 tamen
2862 4842 2915 4895 in
2946 4857 3004 4896 se
3046 4840 3181 4895 nihil
3210 4842 3399 4904 habet,
3419 4848 3481 4896 ut

1900 4939 2076 5006 possit
2093 4936 2294 5005 aliquid
2316 4939 2395 4988 vel
2414 4936 2481 4989 de
2501 4934 2817 4998 Divinitate,
2834 4934 2919 4989 vel
2947 4935 3013 4988 de
3034 4932 3220 4988 mundi
3245 4935 3481 4999 ratione,

1978 5063 2059 5115 “1
2091 5060 2218 5115 Cor.
2256 5062 2389 5123 11,6,
2418 5058 2471 5123 7,
2499 5057 2553 5112 8.
2620 5056 2662 5087 ⁸⁷
2696 5054 2715 5109 Ι
2746 5055 2872 5109 Cor.
2907 5072 2969 5119 tt,
3006 5054 3057 5112 7.
3136 5054 3254 5098 ¹⁸-¹⁹
3287 5052 3481 5109 Matth.

1977 5220 2091 5287 (54)
2136 5218 2284 5275 Esse.
2309 5221 2399 5274 Sic
2427 5238 2556 5276 mss.
2581 5221 2754 5284 Alias,
2788 5241 2808 5274 ‹
2829 5222 3016 5277 etiam.
3041 5240 3060 5273 ι
3088 5220 3293 5275 ibidem
3320 5236 3479 5287 mss.,

1909 5307 1929 5342 ε
1961 5308 2305 5345 communem
2335 5292 2568 5361 aliquam
2616 5296 2856 5346 omnitun
2902 5293 3229 5362 principum.
3261 5311 3280 5343 ι
3317 5292 3477 5349 Libb.

1907 5362 2058 5423 editi,
2078 5378 2108 5432 ν(
2135 5377 2295 5413 unam
2331 5362 2567 5431 aliquam
2598 5364 2840 5416 omnium
2870 5364 3199 5432 principum.
3224 5381 3244 5414 ι

1977 5431 2092 5501 (55)
2126 5432 2215 5485 Sic
2269 5448 2397 5485 mss.
2437 5433 2615 5498 Alias,
2655 5452 2673 5483 ι
2711 5434 2829 5502 plus
2860 5431 3024 5486 etiam
3054 5431 3268 5486 dicitur
3326 5434 3471 5503 quod

1903 5500 2061 5555 docet
2095 5503 2364 5566 Salvator,
2398 5505 2539 5570 quod
2580 5513 2635 5557 et
2675 5500 2845 5571 ipsius
2874 5503 3176 5557 Salvatoris
3208 5500 3410 5557 seruio.
3451 5523 3472 5556 ι

1976 5573 2087 5641 (56)
2126 5572 2215 5625 Sic
2249 5588 2378 5625 mss.
2410 5574 2576 5635 Alias,
2618 5591 2636 5624 ι
2671 5576 3057 5629 convenienter
3084 5573 3290 5627 dictum
3321 5582 3479 5643 puta-

1902 5642 2049 5697 bitur
2078 5643 2241 5694 etiam
2278 5647 2440 5709 quod,
2480 5663 2497 5695 ι
2530 5656 2636 5698 etc.

1974 5714 2085 5782 (57)
2117 5712 2205 5765 Sic
2249 5729 2381 5766 mss.
2434 5715 2603 5777 Alias,
2646 5732 2665 5764 ‹
2703 5723 2753 5765 et
2781 5728 2879 5783 per
2906 5714 3009 5769 hoc
3034 5713 3123 5783 qui
3157 5722 3285 5783 sunt
3312 5713 3477 5767 etiam

1903 5795 2084 5852 patres
2116 5785 2274 5851 hujus
2309 5785 2589 5852 sapientia-
2619 5801 2714 5852 per
2740 5782 2876 5852 quos
2905 5782 3084 5838 veram
3114 5782 3477 5837 diﬂ'erentiam

1903 5855 2300 5925 sapientiarum
2341 5858 2528 5912 harutu
2565 5856 2837 5931 possimus
2881 5857 3181 5915 advertere.
3226 5868 3249 5909 ι
