3988 6418
541 349 651 408 315
1777 347 2100 404 ORIGENIS

2213 351 2296 402 2P1
2337 348 2563 400 APXQN
3691 336 3788 390 5H3

543 466 630 522 vel
683 466 750 522 de
801 467 1212 537 quibuscunque
1256 466 1650 522 excelsioribus
1703 470 1888 536 rebus,
1921 471 2005 525 vel
2055 476 2119 523 de
2149 473 2197 530 Λ
2228 470 2451 523 lueresis
2480 466 2755 536 principes
2786 479 2908 518 cum
2941 463 3092 533 prius
3123 460 3220 530 ipsi
3255 473 3496 513 errorem
3522 456 3671 511 falsae
3700 458 3793 511 do-

545 559 704 615 honre
750 575 814 614 ac
869 560 1037 616 beatae
1079 561 1204 612 vitae
1256 559 1598 614 institutione
1646 561 1868 626 sentire,
1914 563 2008 615 sed
2040 572 2121 617 est
2229 561 2419 615 ctrina:
2449 575 2549 629 pro
2581 557 2814 611 veritate
2846 554 3206 623 susceperint.
3237 559 3290 603 ει
3326 550 3463 603 hanc
3498 563 3624 602 esse
3655 549 3793 600 Ve'i‘

547 652 845 718 talis,verbi
874 668 1060 715 causa,
1082 662 1138 705 ut
1161 665 1242 707 est
1270 652 1446 706 omnis
1469 668 1557 705 ars
1583 654 1813 720 poetica,
1838 654 1920 707 vel
1942 670 2122 722 gram-
2230 659 2392 704 tatem
2435 649 2575 720 apud
2626 646 2948 714 semetipsos
3000 643 3388 711 judicavcrint,
3423 651 3550 693 tunc
3581 640 3791 693 demum

546 743 768 805 matica,
807 742 887 796 vel
936 743 1228 810 rhetorica,
1271 743 1354 798 vel
1385 746 1707 813 geometria,
1756 745 1841 798 vel
1887 746 2119 810 musica,
2225 744 2389 796 etiam
2436 741 2652 796 czeteris
2706 740 2899 793 eadem
2961 737 3290 806 persuadere
3335 742 3624 797 conantur,
3679 745 3794 800 quze

545 850 672 888 cum
704 835 901 904 quibus
936 838 1344 891 ammmeranda
1371 849 1452 892 est
1479 836 1729 891 fortassis
1757 838 1920 892 etiam
1954 841 2124 893 medi-
2225 834 2363 902 apud
2420 832 2746 900 semetipsos
2798 845 2928 882 vera
2976 844 3098 882 esse
3125 826 3470 889 censuerim;
3498 825 3572 878 ila
3601 833 3794 892 PUlaﬂ'

547 925 690 979 cina.
751 925 804 978 In
869 925 955 978 his
1012 927 1265 981 omnibus
1317 928 1642 996 sapientiam
1714 929 1898 982 mundi
1961 928 2121 997 hujus
2225 927 2350 979 dum
2403 933 2487 978 est
2535 923 2717 976 facere
2763 930 2817 976 et
2852 921 3124 989 principes
3166 919 3327 988 hujus
3359 916 3571 981 mundi,
3609 915 3663 970 in
3693 929 3798 985 quo

548 1016 728 1070 inesse
772 1017 1116 1071 sentiendum
1160 1029 1265 1074 est.
1291 1018 1621 1086 Sapientiam
1656 1034 1782 1072 vero
1815 1020 2120 1090 principum
2225 1018 2425 1072 mundo
2472 1025 2639 1070 certae
2697 1028 2930 1083 quaeque
2995 1012 3272 1081 spiritales
3339 1011 3568 1066 virtutes
3621 1020 3799 1065 certa-

548 1105 712 1174 hujus
761 1109 944 1161 mundi
990 1108 1366 1178 intelligimus,
1406 1119 1463 1161 ut
1501 1119 1584 1162 est
1630 1109 2006 1180 Egyptiorum
2037 1125 2121 1162 se-
2226 1123 2343 1160 rmn
2393 1106 2508 1175 (62)
2557 1106 2800 1175 gentium
2853 1107 3062 1158 sortita:
3115 1113 3247 1157 sunt
3307 1103 3693 1172 principatum,
3747 1110 3802 1155 et

543 1207 718 1260 creta,
748 1213 907 1267 quam
942 1199 1148 1267 dicunt,
1173 1208 1228 1253 et
1257 1201 1463 1255 occulta
1493 1200 1853 1270 philosophia,
1878 1209 1930 1254 et
1955 1198 2120 1253 Chal-
2225 1211 2450 1273 propter
2480 1200 2580 1252 hoc
2611 1199 2887 1267 principes
2918 1197 3075 1264 hujus
3121 1197 3303 1250 mundi
3333 1195 3618 1265 appellatae
3652 1202 3794 1248 sunt.

545 1292 788 1346 dzeorum
821 1294 1108 1363 astrologia
1143 1303 1198 1347 et
1235 1293 1487 1348 ludorum
1521 1295 1634 1367 (58)
1669 1297 1735 1348 de
1766 1297 1991 1350 scientia
2023 1312 2120 1350 ex-
2227 1293 2363 1349 Sunt
2416 1301 2677 1363 praeterea
2736 1291 2900 1344 etiam
2959 1291 3078 1343 alire
3126 1298 3323 1357 praeter
3372 1289 3470 1342 hos
3527 1286 3799 1356 principes

546 1383 678 1438 celsi
743 1383 1138 1452 pollicentium,
1203 1388 1298 1440 sed
1360 1395 1414 1442 et
1466 1386 1780 1441 Graecorum
1840 1388 2117 1455 multiplex
2226 1385 2491 1454 speciales
2549 1380 2708 1453 144
2765 1382 3005 1450 quzedam
3058 1379 3172 1452 (65)
3213 1380 3398 1434 mundi
3439 1379 3600 1449 hujus
3641 1391 3800 1432 euer-

544 1474 804 1542 variaque
837 1475 903 1528 de
940 1474 1236 1529 Divinitate
1289 1480 1582 1530 sententia.
1642 1478 1808 1546 Igitur
1859 1480 1910 1532 in
1970 1479 2120 1531 Scri-
2224 1476 2324 1546 gia‘.
2359 1472 2496 1544 (6t),
2533 1475 2583 1526 id
2623 1485 2730 1535 est,
2767 1472 2999 1525 virtutes
3051 1470 3328 1540 spiritales
3381 1470 3597 1538 aliqum,
3655 1479 3798 1523 certa

544 1565 722 1633 pluris
749 1566 955 1620 sanctis
987 1567 1292 1620 invenimus
1314 1568 1587 1636 principes
1611 1584 1730 1624 esse
1762 1586 1857 1639 per
1884 1573 2121 1642 singulas
2224 1569 2468 1635 quaadam
2515 1575 2806 1633 operantes
2859 1578 2979 1631 quae
3019 1563 3149 1633 ipsze
3184 1563 3289 1618 sibi
3333 1577 3430 1632 pro
3455 1561 3669 1615 arbitrii
3718 1561 3797 1614 sui

549 1667 758 1726 gentes,
793 1662 932 1712 sicut
978 1660 1029 1713 in
1083 1660 1303 1716 Daniele
1336 1661 1564 1730 legimus
1583 1663 1628 1694 ²⁰
1661 1665 1961 1732 principem
2004 1681 2120 1720 esse
2224 1661 2473 1714 libertate
2516 1669 2574 1710 ut
2603 1665 2825 1726 agerent
2856 1659 3164 1727 elegerunt,
3203 1671 3270 1710 ex
3305 1655 3504 1726 quibus
3536 1662 3670 1709 sunt
3715 1653 3797 1707 isti

545 1750 832 1817 quemdam
873 1751 1023 1821 regni
1067 1751 1352 1807 Persarum
1385 1753 1599 1826 (59),et
1627 1756 1788 1809 alium
1823 1758 2118 1827 principem
2227 1753 2504 1821 principes
2529 1751 2619 1818 qui
2659 1757 2959 1817 operantur
2990 1749 3316 1818 sapientiam
3369 1747 3532 1817 hujus
3573 1746 3798 1807 mundi;

548 1840 700 1909 regni
751 1840 1065 1896 Graecorum
1116 1857 1253 1912 quos
1281 1860 1388 1899 non
1422 1844 1667 1899 homines
1711 1859 1856 1907 esse,
1883 1846 1976 1898 sed
2012 1847 2120 1898 vir-
2153 1834 2195 1888 Β
2228 1845 2377 1900 verbi
2414 1859 2599 1909 causa,
2627 1852 2686 1896 ut
2724 1845 2794 1897 sit
2824 1842 3044 1910 propria
3070 1839 3316 1911 qua'dam
3349 1841 3570 1910 energia
3609 1854 3674 1893 ac
3698 1839 3800 1892 vir-

549 1941 692 1987 tutes
738 1934 1025 2003 quasdam,
1056 1936 1340 1991 evidenter
1381 1952 1449 1991 ex
1504 1938 1891 2006 consequentia
1951 1939 2118 2005 ipsius
2231 1948 2339 2005 tus,
2379 1951 2497 2004 quae
2550 1935 2776 2004 inspiret
2806 1936 3097 2005 poeticam,
3131 1935 3234 1987 alia
3277 1949 3396 2003 quze
3427 1933 3794 2005 geometriam,

549 2023 802 2079 lectionis
848 2027 1174 2081 ostenditur.
1210 2025 1315 2082 Sed
1355 2038 1408 2083 et
1444 2030 1496 2082 in
1526 2029 1812 2083 Ezechiele
1856 2029 2120 2099 propheta
2228 2040 2283 2084 et
2318 2030 2392 2083 ita
2425 2044 2655 2097 quaeque
2697 2027 2944 2097 singulas
2992 2041 3236 2096 quasque
3286 2024 3656 2092 hujuscemodi
3691 2023 3798 2094 (65)

549 2115 805 2186 princeps
853 2114 981 2188 Tyri
1026 2118 1198 2173 virtus
1228 2133 1347 2174 esse
1383 2121 1626 2189 quredam
1654 2121 1915 2190 spiritalis
1944 2122 2118 2176 mani-
2229 2133 2376 2177 artes
2423 2123 2848 2190 disciplinasque
2882 2128 3285 2174 commoneant.
3328 2118 3575 2186 Denique
3609 2134 3801 2187 quam-

547 2208 850 2264 festissime
880 2210 1276 2279 designatur“.
1304 2211 1366 2265 lli
1404 2226 1534 2282 ergo
1562 2221 1614 2268 et
1657 2213 1749 2267 alii
1790 2214 2117 2281 hujusmodi,
2229 2217 2446 2286 plurimi
2507 2217 2827 2272 Graecorum
2889 2214 3099 2282 opinati
3149 2220 3279 2267 sunt
3327 2221 3501 2267 artem
3539 2209 3801 2281 poeticam

549 2301 812 2356 habentes
842 2302 1039 2372 singuli
1066 2304 1364 2372 sapientias
1397 2321 1545 2372 suas,
1579 2315 1630 2361 et
1674 2317 1984 2362 astruentes
2026 2308 2120 2362 do-
2229 2310 2347 2363 sine
2379 2309 2590 2362 insania
2626 2324 2730 2362 non
2759 2321 2919 2375 posse
2963 2316 3218 2360 constare
3251 2321 3264 2358 :
3298 2305 3438 2358 unde
3467 2314 3521 2358 et
3548 2304 3603 2357 in
3639 2303 3801 2357 histo-

549 2401 731 2462 gmata
781 2408 878 2448 sua
933 2396 1223 2462 variasque
1271 2399 1592 2466 sententias,
1639 2409 1698 2454 ut
1731 2401 1982 2455 viderunt
2012 2400 2120 2455 Do-
2229 2404 2324 2458 riis
2348 2418 2534 2457 eorum
2562 2400 2796 2457 refertur
2827 2398 3114 2467 aliquoties
3143 2414 3240 2454 eos
3271 2414 3407 2468 quos
3439 2408 3592 2453 vates
3621 2397 3802 2467 appel-

548 2485 758 2541 miuum
795 2495 851 2542 et
881 2487 1218 2544 Salvatorem
1250 2499 1492 2545 nostrum
1520 2492 1866 2561 pollicentem
1898 2502 1952 2548 et
1978 2509 2118 2564 prae-
2229 2495 2362 2556 lant,
2390 2495 2575 2551 subito
2609 2494 2834 2548 insania:
2860 2490 3139 2558 cujusdam
3172 2491 3367 2560 spiritu
3395 2504 3515 2545 esse
3545 2490 3796 2558 repletos.

549 2576 823 2632 dicautem
871 2595 930 2634 se
983 2579 1051 2635 ob
1096 2581 1197 2636 hoc
1228 2582 1444 2638 venisse
1483 2585 1536 2637 in
1570 2584 1712 2638 hunc
1746 2589 2026 2652 mundum,
2064 2598 2121 2640 ut
2229 2586 2367 2654 Quid
2401 2597 2579 2641 autem
2603 2586 2894 2639 dicendum
2921 2593 3006 2639 est
3032 2584 3100 2638 de
3130 2583 3213 2636 his
3239 2582 3402 2637 etiam
3431 2596 3572 2650 quos
3594 2580 3802 2635 divinos

549 2671 856 2726 destrueret
884 2673 1061 2727 omnia
1097 2673 1183 2728 illa
1214 2690 1544 2744 quzecunque
1575 2687 1766 2733 essent
1797 2679 1915 2732 falsi
1947 2681 2121 2734 nomi-
2229 2680 2515 2750 appellant,
2551 2694 2581 2731 a
2614 2679 2810 2747 quibus
2849 2693 2944 2745 per
3000 2675 3428 2744 inoperationem
3460 2672 3572 2742 (66)
3606 2673 3803 2727 dmino-

549 2763 636 2817 nis
687 2765 928 2820 scientia:
979 2767 1249 2838 dogmata,
1292 2771 1549 2824 continuo
1608 2772 1731 2839 quis
1776 2772 2123 2843 obtegeretur
2229 2787 2356 2826 num
2405 2787 2592 2826 eorum
2636 2771 2727 2840 qui
2757 2771 2837 2824 eis
2870 2778 3130 2839 praesunt,
3167 2768 3418 2821 versibus
3457 2777 3580 2820 arte
3611 2769 3798 2820 modu-

547 2857 898 2925 intrinsecus,
928 2860 1258 2930 ignorantes,
1287 2862 1522 2918 insidiati
1555 2875 1681 2918 sunt
1721 2865 1769 2919 ei
1807 2883 1818 2918 :
1855 2882 1874 2915 ι
1921 2865 2121 2918 Astite—
2229 2865 2356 2918 latis
2407 2877 2660 2928 responsa
2712 2861 3103 2931 proferuntur?
3139 2859 3242 2915 Sed
3274 2869 3324 2914 et
3361 2860 3414 2914 hi
3451 2874 3588 2929 quos
3621 2874 3801 2928 magos

547 2958 678 3004 runt
725 2951 868 3005 enim
911 2969 1064 3023 reges
1099 2966 1256 3012 terrae
1284 2956 1419 3027 (60),
1446 2965 1503 3012 et
1541 2958 1816 3027 principes
1847 2972 2119 3012 convene-
2228 2957 2311 3011 vel
2343 2955 2615 3010 maleﬁcos
2640 2957 2846 3019 dicunt,
2868 2955 3160 3023 aliquoties
3174 2954 3514 3008 damonibus
3543 2954 3800 3008 invocatis

547 3051 678 3096 runt
706 3040 762 3095 in
791 3058 956 3096 unum
986 3045 1247 3102 adversus
1272 3047 1559 3102 Dominum
1594 3058 1648 3101 et
1681 3049 1942 3108 adversus
1965 3049 2122 3103 Chri-
2229 3064 2392 3119 supra
2421 3063 2616 3118 pueros
2638 3048 2813 3102 adhuc
2851 3062 3028 3116 parvae
3063 3047 3261 3111 retatis,
3297 3061 3459 3099 versu
3489 3061 3584 3099 eos
3629 3045 3801 3098 dicere

549 3141 692 3186 stum
726 3133 841 3203 ejus
858 3135 924 3188 ’⁸.
961 3154 980 3187 ι
1013 3134 1221 3203 Quibus
1269 3155 1457 3194 eorum
1507 3139 1722 3194 insidiis
1770 3141 2023 3210 cognitis,
2068 3151 2121 3196 et
2159 3195 2194 3211 η
2229 3153 2482 3211 poemata
2515 3139 2832 3194 admiranda
2865 3139 3120 3193 omnibus
3153 3148 3206 3191 et
3236 3139 3500 3207 stupenda
3537 3137 3796 3192 fecerunt.

551 3225 636 3278 his
667 3239 787 3295 quae
815 3226 1077 3283 adversus
1103 3229 1301 3284 Filium
1322 3230 1414 3284 Dei
1445 3230 1620 3284 moliti
1645 3242 1774 3285 sunt
1810 3233 2121 3296 intellectis,
2155 3195 2197 3250 ϐ
2231 3195 2359 3300 hunc
2408 3235 2508 3288 hoc
2559 3233 2718 3287 modo
2761 3231 2874 3300 geri
2923 3229 3234 3282 arbitranda
3265 3239 3414 3294 sunt,
3468 3230 3616 3298 quod
3667 3228 3800 3282 sicut

550 3331 674 3370 cum
730 3316 914 3384 gloria:
953 3320 1237 3374 Dominum
1281 3323 1690 3389 cruciﬁxerunt,
1723 3326 1798 3378 ait
1832 3326 2128 3396 Apostolus
2231 3334 2429 3378 sanctze
2472 3331 2526 3377 et
2565 3322 2927 3376 immaculata:
2958 3320 3152 3373 anima:
3182 3319 3226 3372 si
3257 3336 3381 3374 cum
3413 3320 3562 3373 omni
3603 3318 3797 3374 aﬂ'ectu

548 3403 699 3478 quia,
727 3428 746 3462 ι
776 3411 1111 3480 Sapientiam
1138 3414 1406 3483 loquimur
1429 3419 1568 3474 inter
1595 3420 1887 3489 perfectos,
1907 3424 2125 3490 sapien-
2229 3417 2484 3485 omnique
2509 3417 2745 3485 puritate
2797 3430 2855 3468 se
2904 3414 3152 3467 voverint
3182 3414 3310 3478 Deo,
3340 3421 3393 3466 et
3425 3413 3629 3467 alienas
3659 3429 3716 3467 se
3738 3413 3799 3466 ab

554 3503 685 3557 ιίτιιῐι
739 3515 918 3560 autem
965 3522 1071 3560 non
1133 3506 1290 3576 huius
1336 3511 1539 3578 saeculi,
1590 3526 1768 3581 neque
1818 3514 2123 3583 principum
2229 3509 2381 3563 omni
2443 3509 2748 3561 dannonum
2797 3507 3124 3573 contagione
3173 3504 3549 3570 servaverint,
3608 3511 3665 3558 et
3711 3519 3800 3573 per

552 3596 713 3665 hujus
751 3596 933 3650 smculi
975 3599 1068 3666 qui
1105 3598 1476 3669 destruuntur,
1537 3618 1703 3671 quam
1755 3619 1914 3659 nemo
1976 3608 2127 3675 prin-
2230 3601 2451 3654 multant
2498 3598 2878 3652 abstinentiam
2917 3596 3327 3665 puriﬁcaverint
3363 3611 3446 3662 se,
3479 3605 3535 3650 et
3585 3597 3691 3666 piis
3739 3611 3798 3650 ac

549 3689 727 3757 cipum
795 3690 955 3759 hujus
1020 3691 1202 3745 mundi
1247 3695 1516 3762 cognovit.
1573 3695 1632 3749 Si
1677 3697 1820 3751 enim
1844 3701 2124 3767 cognovis-
2231 3693 2494 3764 religiosis
2553 3693 2774 3746 imbutzc
2807 3692 2919 3762 (67)
2972 3692 3174 3746 fuerint
3224 3690 3544 3757 disciplinis,
3580 3691 3797 3759 partici-

550 3789 688 3843 sent,
719 3797 993 3851 nunquam
1028 3784 1311 3838 Dominum
1358 3785 1541 3855 gloriae
1582 3789 2058 3845 cruciﬁxissent".
2099 3810 2118 3842 ι
2227 3789 2374 3855 piutn
2422 3799 2518 3854 per
2571 3784 2676 3837 hoc
2728 3783 3038 3837 Divinitatis
3078 3792 3382 3846 assumunt,
3408 3791 3462 3835 et
3509 3784 3798 3850 prophetia:

621 3872 675 3924 5.
723 3873 1088 3938 ριιίιιτθιιιιιιιιι
1139 3892 1272 3930 sane
1321 3888 1406 3931 est
1459 3890 1639 3932 utrum
1690 3881 1810 3936 ista:
1845 3885 2124 3952 sapientiae

2227 3897 2292 3934 ac
2325 3887 2648 3934 caaterorum
2677 3876 2987 3929 divinorum
3030 3877 3292 3930 donorum
3322 3875 3557 3943 gratiam
3592 3890 3796 3929 meren-

549 3963 855 4032 principum
912 3965 1071 4035 hujus
1117 3968 1303 4022 mundi
1350 3969 1546 4037 quibus
1581 3970 1826 4025 homines
1873 3974 2122 4029 imbuere
2229 3985 2352 4040 tur;
2384 3974 2455 4026 ita
2493 3969 2794 4042 putandum
2823 3978 2908 4024 est
2933 3967 3098 4024 etiam
3132 3984 3227 4023 eos
3257 3969 3344 4036 qui
3382 3983 3440 4020 se
3465 3979 3796 4036 opportunos

549 4054 822 4123 nituntur,
869 4057 1156 4114 insidiandi
1207 4072 1264 4115 et
1298 4062 1525 4118 lredendi
1576 4065 1756 4121 studio
1789 4067 2120 4136 ingerantur
2227 4068 2522 4124 contrariis
2551 4065 2844 4119 virtutibus
2869 4063 3145 4127 exhibent,
3171 4063 3222 4116 id
3249 4073 3350 4128 est,
3377 4063 3646 4116 industria
3671 4063 3794 4128 vita,

550 4147 862 4203 hominibus
919 4152 986 4205 ab
1033 4152 1359 4210 adversariis
1399 4156 1709 4221 virtutibus,
1745 4167 1839 4210 aut
1883 4170 2124 4214 tantum-
2225 4161 2309 4215 vel
2335 4160 2514 4214 studio
2543 4157 2844 4212 amicoillis
2865 4164 2920 4208 et
2942 4153 3319 4226 accepto(68),
3349 4155 3593 4224 recipere
3615 4169 3794 4210 eorum

549 4238 708 4292 modo
763 4242 964 4296 erroris
1017 4259 1176 4298 causa
1228 4247 1621 4314 adhibeantur;
1654 4248 1704 4301 id
1745 4258 1851 4314 est,
1886 4267 1993 4305 non
2028 4252 2120 4305 lre-
2229 4253 2662 4322 inspirationem,
2690 4261 2744 4304 et
2775 4249 3054 4317 sapientia:
3079 4263 3268 4303 eorum
3296 4263 3359 4301 ac
3389 4248 3650 4302 doctrina:
3679 4263 3795 4317 par-

547 4329 707 4386 deudi
749 4331 986 4389 hominis
1036 4351 1345 4406 prospectu,
1389 4341 1487 4394 sed
1525 4341 1648 4410 quia
1684 4343 1798 4398 haec
1827 4359 1954 4399 vera
1999 4361 2123 4401 esse
2231 4348 2425 4416 ticipes
2457 4344 2613 4400 eﬂici.
2645 4344 2724 4397 Ex
2758 4358 2862 4411 quo
2895 4340 2958 4394 fit
3001 4351 3059 4395 ut
3110 4356 3296 4395 eorum
3338 4339 3793 4409 inoperationihus

547 4424 649 4493 ipsi
692 4425 765 4478 illi
814 4429 998 4483 mundi
1057 4431 1216 4499 hujus
1263 4435 1538 4505 principes
1586 4439 1948 4505 arbitrantur,
2000 4441 2121 4511 ideo
2225 4440 2818 4511 repleantur,quorum
2845 4450 2901 4489 se
2925 4433 3075 4502 prius
3106 4433 3387 4486 famulatui
3421 4432 3789 4502 subjugarunt.

544 4520 706 4576 etiam
730 4532 956 4580 caeteros
982 4527 1181 4584 docere
1203 4531 1427 4600 cupiant
1456 4548 1520 4588 ea
1552 4551 1674 4604 quae
1706 4538 1804 4606 ipsi
1838 4554 1965 4594 vera
1997 4507 2116 4595 esse

2287 4507 2349 4590 dp.
2379 4532 2454 4586 De
2489 4531 2572 4584 his
2604 4544 2734 4583 sane
2759 4527 2850 4596 qui
2886 4528 2950 4583 de
2977 4526 3196 4582 Christo
3229 4526 3387 4579 aliter
3419 4527 3617 4580 docent
3638 4538 3788 4594 quam

544 4616 1000 4690 opinantur(6|);
1052 4625 1743 4695 quodetmagisarbilror.
1772 4629 2116 4698 Sicutenim,
2226 4625 2631 4695 Seripturarum
2685 4622 2868 4690 regula
2927 4621 3150 4688 patitur,
3187 4635 3288 4672 non
3335 4619 3573 4672 otiosum
3606 4626 3689 4670 est
3716 4615 3791 4667 in-

544 4708 695 4762 Vel'bi
731 4725 915 4779 musa.
939 4712 1246 4769 Graecorum
1281 4729 1551 4783 auctores,
1573 4721 1659 4775 vel
1691 4723 2118 4794 uniuscujusque
2221 4717 2380 4782 tueri,
2417 4726 2596 4768 utrum
2644 4714 2905 4768 insidioso
2940 4713 3219 4782 proposito
3249 4712 3544 4765 adversum
3591 4706 3788 4763 Christi

611 4844 657 4874 ὀ
694 4844 832 4899 Dan.
867 4861 922 4900 κ.
999 4846 1260 4903 ²¹ΕΖΘι“⁶Ιι.
1298 4867 1446 4906 xxvr.
1525 4854 1570 4883 ²²
1602 4853 1742 4908 Psal.
1785 4873 1844 4920 ιι,
1878 4858 1932 4911 2.
2009 4861 2053 4890 ’³
2083 4860 2097 4913 l
2133 4859 2186 4914 Cl

1062 4846 1260 4903 Ezerh.
1298 4867 1446 4906 xxvi.
1525 4854 1570 4883 ²²
1602 4853 1742 4908 Psal.
1785 4873 1844 4920 ιι,
1878 4858 1932 4911 2.
2009 4861 2053 4890 ’³
2083 4860 2097 4913 l
2133 4859 2261 4914 Cor.
2295 4875 2358 4921 ιι,
2394 4857 2446 4922 6,
2477 4855 2530 4919 7,
2564 4853 2617 4909 8.

763 4989 1010 5071 Siemss.
1035 4991 1208 5071 Alias,
1239 5012 1257 5044 ι
1297 4992 1630 5071 Juda_'_orum.
1663 5017 1682 5049 ι
1711 5070 1720 5071 7
2223 5019 2241 5051 ι
2274 5002 2548 5070 principes
2609 4998 2794 5071 hujus
2825 4997 3006 5071 mundi
3064 4999 3351 5071 appellatae
3381 5010 3531 5056 sunt.
3570 5021 3590 5053 ι
3635 5000 3782 5055 Libb.

615 5061 728 5141 (59)
768 5061 907 5141 _Vide
957 5063 1245 5141 supra_lib.
1279 5079 1399 5141 t,_c.
1425 5065 1482 5130 5,
1517 5083 1666 5124 num.
1696 5070 1730 5123 4
1780 5079 1833 5125 et
1874 5071 1927 5138 5,
1982 5073 2110 5127 item
2218 5061 2372 5133 editi,
2410 5061 2744 5141 (principes
2787 5069 2943 5130 hujus
2973 5061 3156 5141 mundi
3191 5071 3440 5138 appellati
3473 5082 3622 5124 sunt.
3668 5093 3689 5124 ι

543 5132 582 5187 l.
614 5132 1097 5211 tt‘Qrigenianq‘q.
1125 5133 1178 5194 5,
1219 5135 1398 5211 n._2_l5_.
1559 5209 1568 5211 μ
1617 5209 1625 5211 ᾗ
1729 5210 1732 5211 ν
1911 5132 1923 5138 ⁷
2289 5132 2400 5211 (65)
2418 5132 2682 5208 speciales
2700 5140 2961 5208 quadam.
2985 5132 3453 5204 Sicmsszliasu
3483 5141 3781 5210 spirituales

616 5201 728 5272 (60)
754 5202 986 5282 ltamss’.
1013 5201 1183 5282 Alias,
1217 5223 1236 5257 ι
1273 5203 1394 5259 falsi
1428 5209 1663 5282 nominis
1706 5210 1955 5282 dogmata
1993 5228 2111 5281 qua:
2217 5201 2485 5282 quantam.
2525 5231 2543 5260 ι

544 5273 935 5352 obtegerentur
965 5272 1316 5341 intrinsecus,
1336 5279 1594 5352 continuo
1622 5281 1669 5334 ei
1699 5272 1938 5336 insidiati
1962 5272 2108 5347 sunt,

1879 5284 1938 5336 ιιὶ
1962 5272 2108 5347 sunt,
2234 5272 2249 5281 ’
2290 5281 2402 5352 (64)
2433 5281 2560 5336 Vide
2593 5281 2631 5337 ι.
2671 5295 2707 5334 ιι
2741 5278 3073 5352 0rigenian.,
3098 5296 3156 5350 q.
3192 5283 3242 5344 5,
3276 5298 3332 5334 n.
3367 5281 3454 5335 29.

542 5352 600 5398 et
637 5346 934 5423 astiterunt
965 5357 1121 5412 reges
1182 5355 1358 5401 terrae.
1402 5367 1422 5401 ι
1463 5348 1606 5423 intra
1637 5367 1796 5415 mss.,
1832 5371 1849 5403 ι
1886 5346 2112 5423 hedendi
2289 5346 2400 5422 (ϋῦ)
2435 5353 2525 5405 Sic
2578 5369 2709 5406 mss.
2769 5346 2939 5413 Alias,
2978 5368 2995 5400 ι
3033 5361 3088 5404 et
3116 5346 3217 5405 'ita
3271 5369 3516 5420 quasque
3552 5352 3780 5422 singulas

544 5413 724 5490 studio
752 5413 1154 5490 ingerentum...
1198 5425 1380 5473 aut....
1411 5413 1794 5475 adhibeantur.
1835 5443 1850 5472 ι
1899 5421 1953 5474 lu
1991 5423 2110 5476 edi-
2223 5413 2612 5490 titijusceIIIOtli.
2651 5441 2670 5473 ι

547 5484 618 5537 tis
671 5483 885 5563 legitur,
919 5483 1328 5564 tuingeruntur
1361 5498 1414 5543 et
1463 5491 1810 5564 adhibentur.
1853 5512 1870 5564 ι
1909 5491 2109 5564 Ibidem
2291 5483 2403 5564 (66)
2435 5491 2882 5561 Inoperatiouem.
2916 5489 3007 5546 Sic
3037 5503 3187 5548 recte
3220 5508 3349 5549 mss.
3368 5493 3524 5550 Alias
3541 5496 3784 5551 mendose

544 5567 704 5630 mss”
734 5571 752 5604 ι
786 5554 992 5630 ipsi_illi
1023 5557 1205 5630 mundi
1243 5559 1401 5627 lmjns
1443 5561 1738 5628 principes.
1778 5583 1796 5615 ι
1854 5563 1908 5616 In
1954 5562 2114 5618 editis
2227 5583 2244 5615 ι
2281 5554 2794 5630 incorporationem.
2830 5581 2848 5610 ι

545 5623 718 5703 deest,
751 5641 772 5705 ι
812 5623 992 5705 ipsi”
1032 5637 1086 5680 et
1120 5645 1139 5678 ι
1165 5623 1352 5705 hujus.
1380 5649 1397 5681 ι
1436 5623 1638 5705 ibidem
1673 5650 1825 5698 mss.,
1869 5653 1888 5684 ι
1921 5635 2113 5688 docere
2293 5634 2404 5704 (67)
2434 5623 2571 5686 Ῥέἱε
2618 5650 2678 5686 ac
2742 5632 2997 5705 religiosis
3048 5633 3282 5688 imbutw.
3312 5633 3404 5690 Sic
3445 5651 3585 5690 mss.
3626 5635 3782 5693 Alias,

547 5695 844 5774 cup‘iautLi
882 5695 1052 5774 Alias,
1090 5715 1109 5748 ι
1148 5695 1346 5756 docere
1375 5703 1621 5771 cupiunt.
1663 5721 1682 5752 ι
1815 5695 1822 5698 ⁷

1663 5721 1682 5752 ι
1815 5695 1822 5698 ⁷
2228 5723 2246 5756 ι
2278 5695 2572 5774 ριἱ55τιοιίῐὶ
2598 5695 2878 5774 religionis
2912 5703 3154 5774 imbutae.
3192 5723 3210 5756 ι

621 5763 732 5846 (91)
760 5763 931 5846 ,ἓθυιο
962 5765 1115 5846 ¹ειςρτ.
1447 5763 1464 5771 ’
1737 5842 1769 5846 -,
1797 5845 1804 5846 ,
1833 5844 1841 5846 _

2278 5763 2404 5846 ’(68)
2436 5774 2526 5828 Sic
2573 5763 2904 5838 mssiMias,
2946 5791 2963 5823 ι
3005 5773 3086 5826 vel
3118 5776 3296 5831 studio
3333 5785 3386 5832 et
3421 5778 3656 5832 amicitia
3691 5775 3779 5826 illis

618 5834 727 5906 (62)
759 5836 848 5892 Sic
874 5852 1004 5893 mss.
1026 5834 1202 5909 ‘Alias,
1242 5859 1258 5893 ι
1291 5853 1634 5898 caeterarum.
1673 5861 1689 5896 ι
1735 5842 1932 5898 Ibidem
1961 5863 2114 5911 mss,

976 5834 1202 5909 i.‘Alias,
1242 5859 1258 5893 ι
1291 5853 1634 5898 εωιειειιιιιιι.
1673 5861 1689 5896 ι
1735 5842 1932 5898 Ibidem
1961 5863 2114 5911 mss,
2226 5834 2467 5916 accepta.
2509 5863 2551 5900 ι.
