3988 6418
251 406 345 463 317

1607 396 1810 450 LIBER
1846 390 2163 448 TERTIUS.

3428 373 3531 426 318

256 521 400 580 ﬁdem
439 517 691 572 nitentes
737 517 1040 572 contraria:
1074 516 1301 571 virtutes
1340 513 1581 568 fabulosa
1609 516 1856 582 quaedam
1889 517 1935 572 Α
1963 511 2096 565 Boni
2126 523 2252 578 ergo
2284 505 2510 575 spiritus
2541 497 2972 571 suggestionibus
3002 495 3294 549 humanam
3323 504 3527 545 memo-

1960 604 2094 656 riam
2131 603 2196 654 ad
2237 593 2665 652 recordationem
2701 591 2983 644 meliorum
3031 583 3315 655 provocari
3343 596 3529 637 exem-

1957 691 2057 759 plis
2078 690 2186 757 jam
2218 689 2269 742 in
2297 684 2673 755 superioribus
2695 681 3029 742 edocuimus,
3049 693 3169 731 cum
3202 672 3526 729 Mardochari

1955 793 2008 836 et
2035 780 2353 834 Artaxerxis
2386 775 2616 830 fecimus
2650 775 2998 828 mentionem.

251 609 396 667 simul
444 617 500 662 et
555 608 742 676 impia
789 608 910 680 (69)
944 610 1187 678 dogmata
1245 614 1564 661 commentae
1605 606 1750 672 sint;
1781 622 1848 658 an

253 716 370 757 vero
397 699 566 753 etiam
604 699 755 768 ipsae
786 699 980 752 audito
1009 699 1169 753 verbo
1189 695 1388 752 Christi
1417 703 1469 748 et
1500 709 1676 764 neque
1723 710 1851 748 evo-

255 805 389 844 mere
422 789 474 843 id
506 789 777 843 valentes
807 805 875 843 ex
907 785 1489 842 arcanisconscicntim
1518 800 1651 850 sure,
1676 800 1850 855 neque

253 896 375 951 pure
418 889 740 947 sancteque
803 881 1068 944 retinere,
1105 893 1202 948 per
1230 892 1359 930 vasa
1387 887 1688 946 opportuna
1723 879 1846 942 sibi,

251 985 315 1040 et,
341 982 398 1026 ut
456 973 535 1026 ita
605 972 836 1037 dicam,
892 972 1180 1040 prophetas
1237 985 1365 1024 suos
1404 970 1545 1039 (70),
1604 970 1851 1025 diversos

251 1081 456 1122 errores
481 1076 690 1118 contra
724 1063 982 1135 regulam
1009 1063 1332 1118 Christiana:
1354 1062 1602 1116 veritatis
1630 1062 1854 1114 induxe-

252 1155 367 1206 rint.
404 1150 472 1204 Et
504 1152 701 1221 magis
739 1151 1049 1220 putandum
1085 1161 1167 1207 est
1209 1157 1352 1222 quod
1385 1159 1642 1220 apostata:
1673 1160 1728 1204 et
1767 1166 1850 1204 re-

251 1243 375 1313 fuga:
400 1241 680 1306 virtutes,
715 1258 851 1313 qua:
895 1259 923 1295 a
961 1241 1066 1296 Deo
1100 1242 1521 1302 recesserint,ex
1552 1241 1666 1308 ipsa
1697 1255 1848 1292 men-

252 1336 310 1388 tis
349 1349 459 1388 sua:
519 1335 936 1403 propositique
987 1335 1244 1403 nequitia
1289 1333 1374 1386 vel
1415 1331 1612 1385 imidia
1660 1344 1846 1384 eorum

249 1429 430 1497 quibus
477 1429 741 1483 veritate
781 1428 1000 1496 cognita
1028 1427 1139 1497 (71)
1168 1427 1234 1482 ad
1269 1426 1416 1480 illum
1455 1425 1678 1494 gradum
1709 1423 1850 1476 unde

253 1519 372 1585 ipsa:
394 1517 652 1588 delapsa:
683 1528 849 1582 sunt,
881 1527 1257 1587 praeparantur
1281 1531 1561 1581 ascensus,
1586 1515 1652 1568 ad
1679 1515 1850 1583 impe-

253 1609 465 1664 diendas
515 1611 931 1680 hujuscemodi
981 1609 1277 1679 profectus,
1311 1623 1526 1664 errores
1558 1607 1657 1661 hos
1705 1605 1850 1660 falsae

247 1699 489 1755 doctrinae
573 1702 1071 1771 deceptionesque
1151 1710 1501 1770 componunt.
1566 1702 1850 1756 Maniti'ste

245 1804 358 1856 ergo
402 1798 456 1844 et
492 1807 562 1845 ex
606 1791 823 1845 multis
865 1789 1079 1844 indiciis
1126 1791 1547 1854 demonstratur,
1577 1789 1719 1859 quod
1750 1789 1848 1842 hu~

245 1984 410 2042 potest
446 1976 729 2030 diversas
763 1973 1044 2042 energias,
1084 1973 1132 2026 id
1159 1982 1262 2036 est,
1289 1973 1687 2040 inoperationes
1729 1972 1841 2042 (72)

241 2066 516 2136 spirituum
577 2067 951 2120 diversorum
998 2063 1262 2118 malorum
1318 2079 1380 2117 ac
1439 2064 1738 2129 bonorum;
1791 2074 1845 2118 et

241 2157 494 2211 malorum
569 2157 815 2226 quidem
893 2155 1089 2224 duplici
1149 2155 1352 2223 specie,
1384 2154 1432 2207 id
1479 2163 1582 2219 est,
1612 2154 1693 2208 vel
1720 2165 1844 2208 tunc

240 2263 348 2304 cum
371 2251 607 2319 penitus
641 2264 715 2302 ex
748 2248 966 2317 integro
998 2262 1181 2301 eorum
1215 2245 1558 2317 possederint
1584 2257 1840 2309 mentem.

241 2342 306 2395 ita
340 2353 396 2396 ut
423 2342 577 2398 nihil
614 2340 859 2396 omnino
889 2353 984 2393 eos
1013 2354 1147 2408 quos
1175 2337 1508 2403 obsederint,
1543 2337 1842 2406 intelligere

243 2434 319 2489 vel
359 2435 590 2490 sentire
646 2433 1006 2503 permittant,
1034 2431 1174 2485 sicut
1207 2431 1451 2502 exemplo
1479 2442 1606 2487 sunt
1630 2432 1682 2485 hi
1708 2444 1843 2498 quos

237 2524 384 2596 vulgo
410 2537 855 2594 energumenos
885 2531 1079 2577 vocant
1098 2560 1114 2585 ,
1141 2537 1276 2590 quos
1303 2532 1548 2578 amentes
1592 2529 1646 2576 et
1693 2521 1840 2575 insa-

236 2632 324 2673 nos
362 2619 663 2682 videmus,
699 2615 902 2685 quales
935 2614 1014 2668 illi
1043 2623 1199 2668 erant
1231 2613 1324 2684 qui
1366 2612 1420 2668 in
1482 2612 1772 2682 Evangelia
1809 2627 1841 2666 a

237 2710 519 2766 Salvatore
561 2709 764 2764 curati
795 2721 936 2770 esse.
959 2705 1299 2768 referuntur;
1337 2704 1418 2758 vel
1449 2720 1572 2760 cum
1597 2705 1840 2758 sentien-

238 2811 334 2857 tem
378 2803 622 2873 quidem
673 2809 734 2855 et
785 2798 1179 2867 intelligentem
1217 2797 1453 2851 animum
1493 2795 1841 2872 cogitationi-

238 2893 329 2950 bus
354 2895 534 2950 variis
558 2903 621 2949 et
639 2891 900 2948 sinistris
928 2889 1372 2960 persuasionibus
1401 2889 1614 2944 inimica
1647 2901 1840 2958 sugge-

239 2986 405 3040 stione
450 2987 796 3056 depravant
826 3001 839 3036 :
876 2992 936 3036 ut
971 2981 1217 3050 exemplo
1241 2991 1324 3036 est
1357 2981 1519 3036 ludas
1557 2981 1622 3034 ad
1655 2979 1836 3050 prodi-

235 3075 390 3130 tionis
429 3074 677 3130 facinus
712 3071 923 3127 diaboli
972 3071 1304 3125 immissione
1330 3080 1673 3140 provocatus,
1700 3070 1840 3125 sicut

236 3166 514 3239 Scriptura
553 3166 852 3230 declarat,
884 3164 1066 3218 dicens
1100 3181 1114 3216 :
1157 3180 1175 3213 ι
1206 3161 1336 3217 Cum
1366 3170 1542 3215 autem
1569 3160 1682 3230 jam
1721 3161 1839 3215 dia-

2035 875 2088 929 5.
2129 870 2264 924 lllud
2293 880 2510 938 quoque
2550 881 2686 919 con-

1953 974 2243 1034 sequenter
2314 958 2694 1026 requirendum

1953 1067 2104 1126 puto.
2141 1069 2207 1107 ex
2266 1051 2461 1121 quibus
2506 1047 2686 1102 causis

1953 1151 2188 1204 humana
2289 1144 2464 1198 anima
2549 1154 2692 1194 nunc

1953 1241 2168 1311 quidem
2225 1252 2255 1291 a
2305 1235 2495 1300 bonis,
2558 1245 2699 1285 nunc

1952 1341 2129 1384 autem
2163 1336 2440 1381 moveatur
2460 1339 2487 1376 a
2515 1321 2690 1374 malis.

2959 876 3176 916 ιιιειιοΝ.
3218 873 3400 912 INTER.

2861 952 2962 1007 Sed
3012 951 3210 1006 ctu-hoc
3261 947 3528 1018 requiren-

2775 1044 3032 1113 dunt(75)
3076 1059 3236 1112 quare
3293 1039 3522 1091 humana

2775 1139 2949 1190 anima
2981 1152 3116 1188 nunc
3155 1132 3218 1186 ab
3253 1131 3355 1195 his,
3383 1144 3522 1183 nunc

2793 1230 2855 1280 ab
2881 1227 3000 1279 aliis
3032 1225 3311 1306 virtutibus
3342 1222 3409 1275 ad
3439 1221 3520 1272 di-

2789 1334 2929 1371 versa
2954 1323 3239 1368 moveatur.

1955 1424 2120 1490 Cujus
2144 1423 2223 1477 rei
2258 1433 2454 1476 causas
2481 1417 2594 1487 (76)
2639 1413 2886 1482 suspicor
2926 1424 3048 1464 esse
3094 1409 3356 1478 quasdam
3387 1405 3518 1460 anti-

1951 1517 2166 1586 quiores
2199 1513 2360 1567 etiam
2409 1511 2511 1564 hac
2544 1507 2823 1560 nativitate
2854 1515 3140 1568 corporea,
3193 1499 3332 1553 sicut
3380 1498 3525 1551 desi-

1950 1619 2080 1677 gnat
2102 1607 2338 1664 Joannes
2369 1607 2420 1658 in
2456 1601 2648 1657 matris
2675 1607 2864 1652 ventre
2906 1593 3208 1662 tripudians
3244 1600 3296 1645 et
3337 1588 3525 1645 exsul-

1950 1713 2090 1763 tans,
2123 1715 2245 1755 cum
2294 1713 2393 1752 vox
2447 1691 2796 1750 salutationis
2830 1686 3012 1740 Mariae
3043 1686 3108 1737 ad
3143 1699 3301 1738 aures
3347 1682 3521 1736 Elisa-

1951 1793 2077 1847 beth
2111 1790 2300 1844 matris
2337 1789 2453 1855 ejus
2491 1786 2650 1839 allata
2685 1793 2804 1845 est;
2833 1791 2885 1834 et
2917 1789 2974 1832 ut
3000 1774 3524 1831 declaratJeremias

245 1897 387 1936 mana
451 1884 689 1948 anima,
746 1882 882 1936 dum
939 1881 989 1934 in
1045 1881 1146 1936 hoc
1191 1891 1272 1936 est
1300 1896 1550 1951 corpore,
1605 1882 1836 1950 recipere

1951 1882 2234 1953 propheta,
2275 1879 2365 1948 qui
2407 1888 2694 1944 antequam
2737 1870 3106 1941 plasmaretur
3138 1868 3188 1920 in
3223 1877 3376 1920 utero
3407 1880 3524 1917 ma-

1948 1975 2127 2036 tris",
2157 1975 2408 2043 cognitus
2429 1979 2547 2024 erat
2584 1968 2713 2028 Deo,
2749 1974 2801 2018 et
2833 1974 3126 2030 antequam
3157 1977 3187 2016 e
3217 1959 3374 2012 vulva
3405 1973 3524 2026 pro—

1943 2071 2160 2122 cederet
2224 2063 2594 2118 sanctiﬁcatus
2647 2059 2715 2110 ab
2773 2073 2835 2110 eo
2904 2065 3006 2120 est,
3061 2063 3114 2107 et
3171 2068 3305 2123 puer
3348 2052 3521 2106 adhuc

1943 2159 2238 2228 prophetia:
2272 2156 2502 2226 gratiam
2536 2151 2772 2220 accepit.

1948 2250 2103 2322 145
2122 2249 2185 2303 Ει
2210 2263 2424 2302 rursum
2447 2254 2694 2300 econtra-

1943 2343 2027 2396 rio
2057 2341 2343 2396 manifeste
2386 2337 2694 2394 ostenditur

1942 2437 2054 2509 (77)
2069 2439 2135 2492 ab
2161 2435 2486 2491 adversariis
2499 2431 2695 2502 spiriti-

1939 2531 2043 2586 bus
2058 2530 2320 2600 quosdam
2348 2545 2378 2582 a
2396 2527 2568 2598 prima
2590 2533 2695 2580 sta-

1943 2625 2036 2678 tim
2072 2632 2230 2678 aztate
2273 2634 2556 2692 possessas
2580 2660 2597 2686 ,
2641 2619 2694 2673 id

1939 2726 2023 2772 est
2069 2715 2359 2773 nonnullos
2402 2730 2529 2769 cum
2577 2714 2692 2782 ipso

1939 2813 2181 2868 daemone
2209 2825 2330 2866 esse
2357 2819 2514 2864 natos
2551 2807 2688 2877 (78),

1939 2904 2076 2968 alios
2103 2917 2236 2959 vero
2265 2917 2296 2957 a
2340 2917 2510 2971 puero
2547 2900 2688 2954 divi-

1939 3012 2100 3053 nasse
2150 2997 2507 3053 historiarum
2559 2993 2692 3048 ﬁdes

1938 3089 2204 3146 declarat.
2263 3089 2366 3142 Alii
2428 3103 2458 3142 a
2517 3087 2689 3157 prima

1938 3190 2099 3237 aetate
2167 3182 2466 3236 daemonem
2532 3194 2688 3249 quem

230 3262 378 3316 holus
427 3261 690 3315 misisset
741 3258 798 3310 in
855 3270 954 3310 cor
1006 3254 1161 3309 Judte
1209 3254 1467 3344 Scariotis
1496 3263 1554 3307 ut
1598 3255 1903 3324 traderetc
1936 3273 2240 3344 Ργιιιοηθω
2292 3273 2608 3338 nominant,
2642 3272 2692 3325 id

233 3365 346 3405 eum
364 3352 432 3407 ”.
477 3371 495 3403 ι
536 3349 688 3404 Boni
728 3362 871 3401 vero
913 3345 1134 3414 spiritus
1165 3343 1355 3412 recipit
1388 3344 1508 3412 quis
1533 3345 1832 3414 energiam,

231 3443 277 3496 id
303 3454 407 3510 est,
434 3441 927 3512 inoperationem,
957 3452 1075 3491 cum
1108 3445 1356 3490 movetur
1389 3434 1502 3505 (75)
1539 3445 1594 3490 et
1637 3449 1835 3505 provo-

233 3565 382 3610 catur
425 3555 494 3610 ad
538 3557 725 3616 bona,
763 3561 819 3603 et
867 3548 1162 3618 inspiratur
1192 3548 1258 3601 ad
1297 3547 1535 3602 ccelestia
1580 3547 1662 3602 vel
1693 3547 1832 3602 divi-

232 3663 295 3700 na
325 3648 438 3721 (74)
464 3665 479 3714 ;
511 3647 670 3700 sicut
698 3641 894 3696 sancti
925 3638 1100 3708 angeli
1126 3647 1182 3692 et
1207 3639 1322 3707 ipse
1347 3639 1484 3692 Deus
1517 3639 1834 3708 inoperatus

232 3738 392 3791 estin
439 3733 772 3806 prophetis,
806 3728 1243 3799 suggestionibus
1279 3730 1484 3784 sanctis
1511 3729 1575 3782 ad
1606 3728 1831 3783 meliora

229 3843 535 3897 provocans
568 3836 629 3881 et
674 3823 1022 3887 cohortaris;
1069 3821 1142 3874 ita
1197 3835 1326 3875 sane
1379 3829 1438 3875 ut
1485 3830 1729 3876 maneret
1777 3822 1831 3874 in

232 3920 458 3974 arbitrio
485 3916 756 3974 hominis
789 3929 856 3968 ac
879 3913 1108 3983 judicio,
1142 3912 1187 3967 si
1219 3915 1372 3984 sequi
1401 3914 1532 3969 velit
1566 3922 1656 3966 aut
1697 3911 1833 3966 nolit

231 4013 295 4065 ad
323 4012 580 4067 ctelestia
607 4018 670 4065 et
702 4007 894 4062 divina
921 4013 1328 4074 provocantem.
1355 4004 1509 4060 Unde
1552 4015 1602 4060 et
1631 4019 1698 4058 ex
1730 4005 1831 4059 hac

231 4103 514 4158 manifesta
557 4099 919 4157 discretione
951 4097 1291 4168 dignoscitur
1338 4098 1606 4166 quomodo
1647 4097 1828 4150 anima

230 4195 466 4250 melioris
489 4195 738 4264 spiritus
768 4191 1063 4261 pra:sentia
1088 4199 1396 4253 moveatur,
1427 4190 1475 4242 id
1504 4199 1608 4253 est,
1639 4189 1682 4243 si
1710 4190 1830 4243 nul-

235 4286 338 4339 lam
378 4303 615 4357 prorsus
663 4300 738 4339 ex
777 4282 1086 4338 imminenti
1125 4282 1457 4350 aspiratione
1488 4282 1829 4338 obturbatio-

238 4393 355 4434 ttem
385 4380 469 4440 vel
497 4378 912 4434 alienationem
968 4376 1168 4430 mentis
1201 4376 1461 4442 incurrat,
1491 4392 1590 4432 nec
1637 4377 1830 4443 perdat

238 4466 442 4524 arbitrii
485 4471 573 4526 sui
618 4467 899 4538 judicium
947 4465 1210 4531 liberum;
1243 4466 1385 4521 sicut
1423 4468 1672 4536 exemplo
1704 4478 1829 4522 sunt

239 4576 420 4618 omnes
449 4562 539 4618 vel
569 4562 886 4632 prophetae,
936 4557 1020 4612 vel
1075 4559 1322 4627 apostoli,
1369 4561 1462 4629 qui
1498 4561 1700 4614 divinis
1744 4576 1828 4616 re-

239 4656 447 4724 sponsis
481 4655 607 4710 sine
639 4652 753 4707 ulla
786 4649 990 4705 mentis
1012 4649 1392 4706 obturbatioue
1415 4651 1812 4708 ministrabant.

281 4769 322 4802 "
347 4771 501 4826 Joan.
542 4785 676 4837 xm,
699 4770 764 4823 2.
844 4768 890 4799 ³⁸
917 4766 1028 4822 Jer.
1063 4783 1100 4820 I.

315 4866 417 4927 (69)
443 4865 647 4934 Impia.
683 4864 781 4920 Sic
817 4877 946 4934 mss.
985 4861 1155 4924 Alias,
1191 4879 1210 4912 ι
1263 4861 1409 4934 ipsze.
1452 4879 1466 4910 ι

316 4937 418 5006 (70)
451 4933 544 4991 Sic
581 4951 722 4991 mss.
759 4933 937 5006 Alias,
974 4951 992 4984 ι
1034 4946 1287 5001 perversa
1320 4933 1592 5001 dogmata,
1622 4939 1678 4984 et
1705 4943 1820 5000 per,

255 5017 309 5059 ut
335 5003 408 5060 ita
433 5007 613 5061 dicam
647 5003 996 5074 ,vprophetas
1026 5017 1171 5058 suos.
1206 5019 1226 5050 ι

260 5145 271 5158 ⁹
319 5078 421 5146 (7t)
460 5070 714 5147 Cognita.
766 5070 928 5129 Deest
967 5074 1020 5127 in
1055 5081 1214 5126 antea
1242 5070 1424 5138 editis,
1460 5071 1552 5125 sed
1589 5071 1822 5126 habetur

258 5161 304 5200 tn
332 5163 453 5203 mss.

320 5217 422 5287 (τί)
451 5217 612 5272 Libb.
649 5216 812 5282 editi,
847 5233 866 5266 ι
895 5214 1260 5287 operationes.
1300 5231 1318 5264 ι

321 5283 425 5359 (73)
451 5289 545 5344 Sic
564 5302 702 5342 mss.
729 5287 786 5340 ln
807 5287 898 5359 ed.
923 5283 1094 5359 deest,
1120 5303 1138 5336 ι
1165 5283 1308 5359 qui_s,
1334 5286 1474 5359 s'et_¢
1503 5292 1767 5337 movetur.
1800 5301 1818 5334 ι

321 5354 425 5423 (74)
459 5360 595 5414 Vide
640 5359 679 5411 l.
716 5373 755 5411 ιι
796 5355 1212 5425 0rigenian.,q.
1239 5354 1294 5418 7,
1329 5371 1384 5406 n.
1423 5355 1475 5409 5.

323 5421 427 5496 (75)
460 5429 567 5484 Sed
621 5437 674 5483 et
720 5429 822 5481 hoc
866 5421 1252 5496 requirendum,
1302 5435 1409 5478 etc.
1464 5423 1542 5478 Ex
1596 5421 1824 5496 epistola

263 5491 560 5570 Hieronymi
601 5500 671 5553 ad
722 5491 965 5570 Avitum.
993 5495 1080 5549 ubi
1125 5495 1274 5549 addit
1309 5512 1325 5570 ξ
1355 5513 1372 5545 ι
1413 5504 1466 5548 et
1485 5502 1647 5570 putat
1677 5491 1824 5562 (Ori-

264 5565 834 5638 genesfquorumdam
884 5577 1176 5638 antequam
1200 5565 1453 5638 venirent
1483 5565 1536 5618 in
1573 5579 1823 5638 corpora,

263 5633 437 5714 merita
465 5633 853 5714 praecessisse;
888 5648 944 5690 ut
971 5633 1054 5690 est
1085 5635 1222 5714 illud
1248 5633 1474 5690 Joannis
1500 5633 1826 5714 essultantis

264 5705 309 5775 in
338 5704 486 5764 utero
532 5708 731 5763 matris
757 5723 888 5772 sum,
921 5706 1136 5775 quando
1159 5705 1222 5759 ad
1264 5721 1451 5760 vocem
1479 5704 1824 5760 salutationis

262 5773 432 5850 Mariae
480 5780 793 5850 indignam
818 5793 878 5830 se
920 5773 1356 5850 contabulatione
1377 5775 1819 5850 _ejus_l§_lisabeth

260 5846 796 5924 ςιξιιιὶιειιιτῂῖριιυό
823 5863 1008 5924 revera
1023 5847 1264 5924 boeloro
1281 5847 1485 5903 dixisse
1508 5846 1818 5919 Origenem,

264 5915 410 5971 tidem
444 5920 574 5975 facit
616 5918 991 5988 interpretatio
1021 5915 1224 5973 Ruﬁni.

1860 4863 1904 4918 D

1943 3375 2029 3421 est
2055 3406 2070 3431 ,
2124 3365 2524 3436 ventriloquum
2580 3364 2691 3437 (79)

1942 3459 2087 3528 passi
2139 3469 2286 3513 sunt.
2336 3461 2442 3514 Pro
2495 3459 2694 3528 quibus

1941 3551 2189 3606 omnibus
2229 3552 2296 3606 ab
2337 3552 2422 3605 his
2471 3551 2563 3619 qui
2598 3550 2691 3604 Dei

2869 2249 3159 2290 lllERONYlll
3191 2248 3407 2287 INTERP.

2765 2330 2831 2384 Et
2868 2329 3162 2383 econtrario
3200 2327 3408 2396 parvuli
3451 2326 3521 2381 li-

2765 2435 2861 2490 cet,
2892 2433 2942 2479 et
2967 2441 3092 2493 pene
3119 2422 3371 2476 lactantes
3399 2440 3520 2476 ma-

2765 2523 2830 2574 lis
2854 2521 3120 2587 replentur
3140 2517 3440 2587 spiritibus,
3467 2526 3519 2571 et

2766 2620 2821 2670 in
2850 2617 3054 2670 divinos
3087 2625 3246 2684 atque
3284 2613 3520 2667 hariolos

2766 2712 3119 2779 inspirantur,
3147 2711 3200 2762 in
3229 2717 3434 2762 tantum
3460 2719 3518 2760 ut

2763 2807 2922 2859 etiam
2952 2806 3155 2858 dwmon
3191 2803 3517 2872 Pythoniqu

2762 2897 3016 2969 quosdam
3063 2913 3096 2948 a
3141 2905 3318 2948 tenera
3359 2903 3518 2948 atate

2762 2994 3050 3064 possideat,
3073 3009 3201 3062 quas
3236 2991 3516 3044 derelictos

2763 3101 2873 3140 esse
2927 3083 3066 3151 apud
3134 3081 3514 3150 providentiam

2766 3179 2879 3242 Dei,
2917 3194 3035 3231 cum
3073 3176 3202 3230 nihil
3232 3175 3338 3229 tale
3381 3175 3520 3244 fece—

2767 3273 2871 3324 rint
2924 3280 2979 3323 ut
3023 3269 3318 3322 istiusmodi
3372 3269 3518 3320 insa-

2767 3366 2906 3417 niam
2937 3364 3272 3427 sustinerent,
3303 3377 3406 3413 non
3433 3367 3514 3413 est

2766 3456 2878 3525 ejus
2905 3458 2994 3524 qui
3020 3455 3151 3508 nihil
3188 3455 3294 3508 vult
3327 3455 3516 3522 absque

2765 3552 2874 3606 Deo
2901 3553 3039 3620 ﬁeri,
3073 3561 3120 3606 et
3159 3551 3335 3604 omnia
3372 3551 3516 3603 illius

1940 3643 2278 3712 providentia
2336 3643 2448 3712 regi
2509 3643 2690 3697 omnia
2757 3645 2974 3712 justitia
3006 3644 3308 3714 gubernari.

1940 3750 2060 3804 quae
2094 3736 2146 3789 in
2180 3736 2380 3790 mundo
2403 3743 2548 3797 sunt,
2578 3745 2859 3800 asserunt,
2888 3737 3029 3790 sicut
3069 3743 3249 3789 nostra
3299 3747 3516 3803 quoque

1939 3829 2184 3882 continet
2218 3829 2371 3894 ﬁdes,
2405 3838 2465 3882 ut
2504 3828 2635 3882 mihi
2672 3827 2916 3894 videtur,
2967 3844 3070 3883 non
3123 3827 3280 3882 aliter
3319 3827 3518 3896 poterit

1940 3922 2275 3991 responderi,
2310 3922 2384 3976 ita
2419 3932 2479 3975 ut
2505 3921 2713 3990 absque
2733 3923 2880 3975 omni
2910 3921 3190 3990 injustitia:
3216 3921 3368 3988 culpa
3396 3935 3518 3988 pro-

1940 4014 2174 4068 videntia
2203 4014 2630 4078 demonstretur,
2673 4013 2774 4066 nisi
2817 4012 3024 4082 priores
3065 4012 3310 4082 quaedam
3349 4009 3517 4065 fuisse

1937 4107 2015 4159 eis
2049 4119 2227 4158 causae
2269 4102 2556 4165 dicantur,
2596 4103 2794 4171 quibus
2842 4111 3132 4171 antequam
3187 4103 3238 4155 in
3287 4114 3518 4170 corpore

1937 4205 2293 4250 nascerentur
2321 4197 2550 4260 animae,
2583 4194 2786 4264 aliquid
2835 4193 3211 4248 contraxerint
3253 4193 3424 4260 culpa:
3461 4193 3513 4245 in

1935 4291 2180 4346 sensibus
2208 4290 2291 4344 vel
2323 4291 2558 4344 motibus
2588 4288 2702 4342 suis
2725 4327 2740 4352 ,
2797 4302 2892 4356 pro
2937 4288 3133 4356 quibus
3182 4287 3286 4339 hoc
3320 4285 3516 4339 merito

1936 4382 2044 4449 pati
2073 4396 2101 4432 a
2125 4381 2304 4434 divina
2338 4378 2673 4449 providentia
2695 4375 2955 4445 judicataa
2985 4384 3131 4428 sunt.
3159 4374 3335 4428 Liberi
3360 4389 3516 4426 nam-

1935 4490 2042 4544 que
2066 4473 2275 4526 arbitrii
2315 4486 2530 4541 semper
2561 4480 2644 4525 est
2695 4470 2875 4524 anima
2924 4467 3062 4537 (80),
3097 4465 3258 4520 etiam
3287 4479 3409 4517 cum
3459 4465 3514 4518 in

1935 4579 2164 4633 corpore
2195 4563 2318 4628 hoc,
2346 4564 2509 4618 etiam
2543 4578 2665 4616 cum
2706 4571 2860 4614 extra
2893 4571 3092 4626 corpus
3119 4565 3235 4620 est;
3265 4562 3320 4608 et
3341 4553 3510 4608 liber-

1929 4663 2012 4710 tas
2037 4654 2250 4708 arbitrii
2279 4654 2362 4708 vel
2399 4658 2465 4708 ad
2503 4655 2641 4706 bona
2687 4664 2899 4718 semper
2924 4649 3037 4719 (8t)
3067 4689 3081 4713 ,
3127 4647 3210 4702 vel
3255 4645 3322 4700 ad
3369 4645 3513 4701 mala

2010 4860 2124 4930 (76)
2158 4860 2406 4915 Videlib.
2431 4860 3047 4932 nOrigenian.,'q.6,n.
3071 4864 3246 4931 Aetq.
3284 4864 3514 4928 7,n.15.

2005 4933 2116 5003 (77)
2164 4932 2254 4986 Sic
2288 4947 2421 5003 mss.
2450 4933 2691 5003 Alias._}
2732 4948 2796 4986 ex
2844 4938 3122 5003 responsis
3162 4949 3191 4986 e
3239 4937 3519 4988 contrario

1930 5000 2327 5075 ostenditur.)
2385 5000 2593 5075 \lersio
2619 5000 2946 5074 Hieronymi
2991 5022 3021 5060 e
3074 5007 3294 5075 regione
3339 5005 3515 5072 posita

1929 5081 2108 5128 exstat
2137 5073 2187 5124 in
2221 5071 2447 5141 epistola
2476 5072 2542 5125 ad
2567 5071 2810 5126 Avitum.

2000 5143 2116 5214 (78)
2147 5143 2240 5198 Sic
2270 5159 2399 5198 mss.
2433 5141 2601 5205 Alias,
2639 5161 2656 5193 ι
2699 5158 2822 5197 cum
2855 5145 2973 5214 ipso
3009 5145 3256 5200 daemone
3294 5160 3515 5216 posses—

1927 5230 2018 5270 SOS
2055 5229 2180 5267 esse
2207 5223 2382 5267 natos.
2423 5232 2442 5264 ι

2001 5284 2116 5354 (79)
2151 5283 2242 5337 Sic
2269 5299 2398 5336 mss.
2431 5283 2712 5354 Merlinus,
2752 5304 2768 5334 ι
2813 5285 3220 5351 ventricolum;
3267 5307 3286 5338 ι
3328 5286 3513 5342 Gener

1931 5353 2183 5416 brardus,
2213 5373 2230 5404 ε
2272 5353 2663 5408 ventricosum.
2722 5374 2739 5407 ι
2789 5355 2990 5409 Ibidem
3041 5358 3091 5410 in
3141 5367 3302 5411 antea
3347 5356 3515 5412 editis

1931 5424 2177 5504 legitur:
2219 5437 2373 5504 r_pro
2408 5424 2607 5504 quibus
2637 5425 2890 5504 omnibus
2936 5428 3003 5504 ab
3053 5428 3136 5482 his
3187 5427 3282 5481 Dei

3325 5428 3511 5495 provi-

1933 5495 2112 5572 dentia
2157 5495 2268 5564 regi
2307 5495 2488 5547 omnia
2533 5510 2653 5562 qua:
2696 5496 2750 5548 in
2786 5496 2984 5549 nmndo
3018 5507 3148 5551 sunt
3188 5497 3272 5568 (ut
3313 5507 3515 5572 sanctge

1935 5565 2526 5636 Scripturaarasserunt,
2577 5575 2761 5636 nostra
2792 5579 3006 5635 quoque
3048 5565 3296 5621 continet
3330 5565 3511 5636 ﬁdes),

1935 5645 1994 5688 ut
2028 5634 2157 5689 mihi
2191 5635 2427 5700 videtur,
2469 5653 2486 5686 ι
2520 5644 2628 5688 etc.
2664 5635 2770 5689 Sed
2795 5634 2986 5691 omnes
3011 5639 3171 5692 codd.
3197 5651 3329 5692 mss.
3359 5645 3417 5689 ut
3453 5634 3509 5690 in

1935 5715 2124 5759 nostro
2161 5713 2329 5758 textu.

2005 5774 2116 5846 (80)
2148 5774 2280 5846 Yide
2311 5774 2346 5827 Ι.
2381 5791 2419 5846 ιι
2456 5775 2789 5842 0rigenian.,
2825 5791 2878 5846 q.
2913 5775 2969 5839 7,
3002 5793 3056 5831 ιι.
3083 5778 3141 5831 2.

2002 5844 2110 5915 (81)
2139 5844 2369 5913 Semper.
2401 5845 2558 5902 Deest
2592 5848 2641 5899 in
2677 5843 3046 5911 antea'editis,
3083 5846 3172 5901 scd
3202 5845 3429 5900 habetur
3452 5843 3506 5898 in

1929 5933 2056 5971 IIISS.
