3880 6518
528 386 634 446 519

1769 352 2093 459 OIUGENIS
2132 403 2290 454 ΠΕΡΙ
2325 404 2554 456 ΛΡΧΩΝ

3657 413 3739 470 3‘20

530 519 809 576 movetur;
851 528 950 568 nec
995 531 1230 585 unquam
1271 517 1606 572 rationabilis
1655 536 1886 588 sensus,
1939 523 1989 578 id
2031 533 2111 577 est
2139 529 2185 582 Α
2215 538 2277 576 ac
2301 525 2496 591 spiritu
2536 523 2708 585 vitali,
2739 531 2815 575 est
2845 523 3006 576 etiam
3031 524 3175 576 aliud
3201 524 3400 596 aliquid
3418 532 3552 595 quod
3577 533 3738 583 Inrita-

529 615 685 655 mens
715 603 800 657 vel
851 607 1028 660 anima
1056 648 1070 673 ,
1111 610 1232 663 sine
1285 619 1433 665 motu
1472 613 1654 681 aliquo
1710 615 1792 669 vel
1834 616 1976 670 bono
2023 617 2106 672 vel

529 691 670 746 malo
702 708 821 749 esse
851 707 1048 765 potest.
1086 701 1233 766 Quos
1268 710 1448 757 motus
1476 718 1666 759 causas
1691 716 1952 775 praestare
1993 724 2107 762 me-

527 781 755 839 ritdrum
801 789 1094 844 verisimile
1146 803 1230 846 est
1274 794 1442 848 etiam
1491 797 1640 864 prius
1683 814 1845 866 quam
1899 802 1951 855 in
2004 803 2104 856 hoc

527 877 726 929 mundo
755 877 956 949 aliquid
995 893 1180 948 agant;
1214 895 1271 937 ut
1305 902 1403 955 pro
1431 888 1516 942 his
1554 890 1760 944 meritis
1796 891 1878 944 vel
1922 895 2102 949 causis

522 978 620 1032 per
651 966 883 1020 divinam
918 973 1313 1038 providentiam
1342 980 1526 1030 statim
1555 995 1583 1032 a
1621 981 1792 1048 prima
1821 984 2102 1038 uativitatc

2212 623 2449 667 mentum
2486 614 2685 666 habeat
2718 613 2991 681 proprium
3023 613 3164 681 (Si),
3193 625 3246 666 et
3273 619 3666 673 commutionent
3686 624 3740 677 ad

2209 705 2410 758 malum
2464 715 2888 775 provocantem;
2941 705 3083 759 sicut
3151 707 3336 761 haberi
3383 725 3412 762 a
3459 711 3738 777 quibusdam

2206 799 2430 865 quiestio
2472 796 2612 851 solet
2636 794 2969 862 hujusmodi,
3007 807 3314 852 utrumnam
3343 800 3484 853 velut
3513 803 3620 856 duae
3643 807 3740 858 aui-

2207 905 2306 942 ma:
2345 888 2459 959 (85)
2496 888 3002 943 in-nobisdicet‘tdze
3034 889 3164 952 sint,
3193 906 3296 944 una
3345 895 3583 959 quaedam
3626 897 3739 950 divi-

2206 982 2325 1034 nior
2359 990 2412 1036 et
2443 980 2701 1045 ctelestis,
2741 981 2928 1035 etalia
2966 983 3192 1036 inferior
3233 1000 3247 1034 :
3289 999 3353 1036 an
3404 1000 3527 1038 vero
3565 1002 3623 1041 ex
3655 990 3739 1046 hoc

2205 1073 2320 1141 ipso
2348 1075 2491 1142 quod
2525 1074 2846 1142 corporibus
2881 1074 3207 1128 inhaeren'tus
3254 1076 3398 1144 (qua:
3423 1093 3635 1147 corpora
3655 1082 3739 1151 (‘se-

2202 1168 2445 1218 cundum
2479 1165 2754 1234 prOpriam
2791 1166 3010 1234 quidem
3041 1177 3290 1220 naturam
3324 1181 3538 1222 mortua
3567 1187 3676 1226 sunt
3698 1184 3742 1229 et

2202 1259 2413 1325 penitus
2443 1259 2718 1321 exanima,
2743 1259 2870 1326 quia
2897 1274 2966 1313 ex
2990 1261 3168 1324 nobis,
3205 1261 3256 1314 id
3279 1272 3381 1324 est,
3408 1277 3473 1315 ex
3492 1265 3741 1321 animabus

2199 1365 2397 1418 corpus
2421 1350 2700 1403 materiale
2730 1351 3053 1416 vivitieatur,
3074 1351 3218 1420 quod
3241 1354 3426 1423 utique
3449 1358 3741 1410 contrarium

2197 1453 2279 1497 est
2306 1453 2360 1496 et
2392 1443 2668 1497 inimicutn
2706 1443 2971 1511 Spiritui),
3007 1446 3278 1500 trahimur
3313 1456 3368 1500 et
3412 1462 3741 1515 provocamur

2197 1533 2262 1586 ad
2291 1533 2407 1587 bare
2439 1533 2578 1586 mala
2612 1548 2731 1600 qua:
2759 1531 2970 1601 corpori
2994 1545 3149 1602 grata
3182 1545 3309 1590 sunt
3341 1536 3455 1606 (8U)
3482 1555 3495 1602 ;
3547 1554 3607 1591 an
3641 1554 3741 1592 vero

2197 1626 2440 1689 tertium,
2493 1626 2632 1694 quod
2676 1625 2895 1694 quidam
2949 1627 3264 1682 Grascorum
3315 1631 3562 1685 arbitrati
3615 1645 3740 1698 sunt,

521 1056 629 1111 imo
679 1068 736 1112 et
780 1071 907 1115 ante
959 1064 1319 1130 nativitatem,
1369 1078 1427 1122 ut
1465 1069 1536 1122 ita
1571 1071 1789 1136 dicam,
1829 1075 1928 1133 .vel
1973 1075 2098 1130 boni

518 1148 722 1218 aliquid
752 1152 832 1206 vel
866 1155 992 1208 mali
1024 1159 1229 1225 perpeti
1264 1161 1670 1229 dispensentur.
1705 1166 1770 1221 Et
1820 1167 1935 1220 luec
1971 1169 2098 1238 qui~

515 1240 635 1294 dent
664 1242 808 1297 dicta
844 1244 956 1300 sint
983 1247 1048 1300 de
1073 1248 1157 1302 his
1190 1265 1310 1318 qua:
1339 1252 1590 1308 videntur
1617 1257 1964 1322 hominibus,
2017 1260 2097 1313 vel

514 1346 544 1383 a
583 1332 752 1400 prima
791 1337 1076 1393 nativitate
1123 1343 1328 1407 statim,
1375 1345 1456 1398 vel
1491 1348 1652 1400 etiam
1698 1359 1989 1418 antequam
2042 1351 2093 1405 in

513 1423 654 1476 hanc
680 1423 854 1479 lucem
889 1442 1268 1500 prorumpunt,
1295 1436 1535 1490 evenire.
1570 1439 1644 1490 De
1674 1439 1758 1493 his
1795 1456 1923 1496 vero
1971 1459 2093 1512 qua:

511 1531 540 1568 ιι
576 1515 804 1572 diversis
843 1519 1125 1587 spiritibus
1147 1525 1364 1591 animae,
1393 1527 1446 1581 id
1476 1539 1560 1583 est
1595 1531 1848 1586 humana:
1880 1536 2092 1603 cogitas

513 1608 644 1662 tioni
681 1623 1065 1681 suggeruntur,
1091 1633 1210 1686 qua:
1242 1619 1323 1672 vel
1354 1621 1418 1672 ad
1452 1620 1612 1686 bona,
1656 1624 1736 1678 vel
1771 1625 1835 1678 ad
1875 1638 2094 1680 contra-

508 1700 587 1754 ria
614 1714 924 1770 provocent,
953 1707 1220 1764 interdum
1247 1713 1406 1766 etiam
1451 1713 1502 1768 in
1533 1715 1632 1769 hoc
1662 1720 1925 1774 exsistere
1947 1737 2067 1791 qua:

2193 1715 2317 1782 quia
2349 1715 2525 1767 anima
2557 1723 2740 1768 nostra
2771 1730 2896 1769 cum
2930 1731 3033 1771 una
3068 1718 3140 1771 sit
3172 1735 3270 1789 per
3296 1721 3740 1785 substantiam,ex

507 1795 630 1848 dam
669 1799 971 1856 anteriores
1003 1819 1282 1875 corporea:
1312 1808 1615 1864 nativitatis
1643 1826 1816 1866 causae
1843 1819 2069 1882 putanda

2194 1804 2440 1872 pluribus
2475 1813 2652 1859 tamen
2682 1815 2915 1871 constet,
2947 1818 3003 1862 et
3033 1825 3136 1863 una
3173 1825 3301 1878 pars
3351 1814 3472 1882 ejus
3521 1816 3729 1869 rationa-

505 1898 654 1941 sunt.
695 1887 969 1948 Interdum
1003 1911 1131 1950 vero
1162 1898 1390 1969 vigilans
1430 1918 1582 1958 meus
1606 1944 1621 1968 ,
1674 1914 1729 1958 et
1763 1907 2020 1976 abjicieus
2060 1928 2069 1964 :

2195 1897 2336 1960 bilis,
2370 1911 2496 1965 pars
2549 1913 2676 1951 vero
2726 1897 2830 1951 alia
2884 1900 3278 1956 irrationabilis
3321 1905 3573 1971 dicatur,
3617 1922 3664 1961 et
3688 1925 3738 1962 ea

504 1994 565 2032 se
598 1997 716 2050 quae
741 1985 880 2040 mala
927 1999 1073 2052 sum,
1105 1991 1368 2047 bonorum
1410 1997 1475 2049 ad
1519 2011 1577 2050 se
1598 1998 1933 2068 mummium
1962 2020 2088 2072 νη),
2191 1985 2407 2053 quidem
2438 2002 2562 2055 pars
2599 2002 2762 2056 quam
2808 1988 3246 2046 irrationabilem
3287 1995 3501 2060 dicunt,
3535 1997 3583 2050 in
3627 1998 3742 2054 duos

500 2084 679 2139 vocat;
742 2076 827 2130 νει
879 2083 1186 2136 θεοηιηηεο
1236 2085 1515 2154 negligens
1563 2101 1618 2143 οι
1670 2093 1908 2159 ignava,
1957 2097 2084 2150 dum
2191 2093 2409 2132 rursum
2451 2078 2727 2134 dividatur
2757 2081 2987 2138 alI‘ectus
3018 2085 3337 2154 cupiditatis
3367 2097 3423 2141 et
3455 2089 3735 2145 iracundia.

502 2164 682 2220 minus
716 2177 875 2223 cauta
907 2180 1012 2238 est,
1046 2173 1222 2230 locum
1265 2177 1355 2231 dat
1384 2179 1469 2234 his
1504 2182 1789 2250 spiritibus
1814 2188 1905 2256 qui
1940 2189 2086 2242 velut
2190 2166 2299 2221 "as
2331 2183 2462 2238 ergo
2500 2178 2611 2225 "es
2663 2170 2824 2242 146
2871 2189 3008 2242 quas
3043 2190 3211 2244 supra
3259 2177 3500 2233 animus
3539 2178 3640 2251 (8⁷)
3685 2186 3736 2235 ⁴¹⁸

500 2255 742 2314 lalmnes
778 2275 846 2315 ex
898 2265 1111 2319 οεουιιο
1150 2268 1469 2328 insidianms
1492 2315 1506 2338 ’
1563 2277 1774 2332 "mere
1820 2255 2084 2335 humanas
2187 2261 2369 2314 anima
2405 2262 2694 2330 opiniones
2726 2281 2754 2317 a
2784 2264 3058 2321 nonnullis
3094 2268 3281 2323 haberi
3318 2270 3640 2326 invenimus.
3677 2274 3736 2328 Et

496 2358 729 2416 mentes,
763 2368 887 2408 cum
924 2354 1100 2412 locum
1137 2361 1240 2414 sibi
1274 2361 1458 2417 datum
1490 2381 1589 2435 per
1621 2371 1902 2438 segnitiem
1931 2374 2081 2429 νωθ-
2183 2353 2381 2421 quibus
2420 2355 2550 2410 illud
2591 2357 2833 2424 interim,
2880 2360 3024 2428 quod
3079 2360 3406 2428 quibusdam
3456 2363 3735 2420 Grateorum

497 2437 630 2505 rint,
669 2441 993 2510 moliuntur,
1034 2448 1177 2502 sicut
1206 2450 1284 2504 ait
1336 2453 1532 2510 petrus
1575 2437 1858 2528 apogmlus
1885 2505 1899 2529 ,
1953 2466 2079 2533 quia
2182 2448 2522 2518 philosophis
2539 2450 2709 2505 visum
2729 2451 2988 2518 diximus,
3019 2456 3140 2524 quia
3165 2457 3445 2525 tripartita
3472 2459 3734 2526 sitanima,

499 2545 520 2579 ι
551 2531 900 2591 adversarius
929 2547 1117 2594 uoster
1148 2541 1397 2599 diabolus
1426 2553 1683 2617 tanquam
1736 2551 1818 2607 leo
1864 2557 2069 2625 rugiens

2184 2555 2288 2594 non
2327 2541 2486 2597 valde
2526 2544 2838 2600 conﬁrmari
2872 2561 2939 2600 ex
2971 2547 3170 2602 divinae
3199 2551 3501 2622 Scripturte
3523 2553 3733 2606 auctori-

491 2623 704 2690 circuit,
746 2641 994 2697 quaerens
1029 2648 1191 2700 quem
1227 2636 1454 2693 devoret
1489 2640 1558 2697 ".
1614 2660 1634 2693 ι
1668 2641 1901 2714 PrOpter
1929 2623 2074 2717 quod
2179 2641 2292 2686 ιθίθ
2323 2634 2582 2701 Perﬁde”
2619 2653 2632 2701 ἓ
2671 2637 2738 2690 ad
2775 2637 3039 2718 ³¹Ῐ³Ὑθτ⁰
3074 2643 3179 2694 δυο
3224 2639 3337 2713 (88)
3394 2658 3514 2712 ιιυεε
3558 2645 3736 2713 remi“

490 2715 578 2769 die
607 2725 874 2790 noctuque
898 2737 994 2777 cor
1018 2734 1263 2781 nostrum
1286 2730 1435 2784 omni
1465 2734 1713 2789 custodia
1742 2742 2069 2797 servandum

2184 2733 2324 2791 sunt,
2358 2726 2590 2781 inveniri
2617 2739 2844 2798 possunt
2875 2715 3155 2799 aliquanta
3194 2749 3318 2804 quae
3346 2750 3416 2791 ex
3437 2734 3630 2793 divinis
3645 2734 3730 2790 Lit-

486 2818 604 2870 est,
641 2822 696 2864 et
738 2812 891 2870 locus
938 2831 1042 2870 non
1081 2827 1166 2874 est
1207 2820 1420 2877 dandus
1451 2824 1671 2881 diabolo
1699 2867 1714 2892 ,
1762 2832 1857 2885 sed
1889 2833 2072 2889 omnia
2178 2817 2312 2871 ῑθτίε
2346 2819 2520 2886 aPlari
2551 2834 2707 2889 Posse
2734 2821 3042 2876 Videam"?-

484 2896 690 2962 ageuda
731 2911 876 2968 sunt,
913 2903 1108 2972 quibus
1137 2909 1372 2965 ministri
1404 2913 1521 2976 Dei,
1549 2916 1603 2969 bi
1635 2917 1888 2975 videlicet
1909 2924 2069 2991 spiri-

2241 2913 2298 2964 2.
2359 2910 2438 2964 Ex
2501 2913 2701 2980 quibus
2761 2915 2936 2982 primo
2999 2914 3131 2969 illud
3188 2916 3558 2974 discutiamus
3611 2921 3733 2990 quod

486 2994 573 3038 tus
600 2988 693 3055 qui
724 2990 790 3042 ad
817 2991 1194 3051 hereditatem
1228 2999 1426 3056 saluus
1450 3007 1627 3060 νοωιί
1658 3017 1786 3062 sum
1817 3011 1883 3075 ιτ.
1912 2988 2068 3066 ﬁne-
2173 3008 2424 3056 astruere
2451 3003 2628 3057 solent
2651 3003 2898 3073 quidam,
2932 3009 3058 3074 quia
3089 3022 3193 3063 una
3221 3010 3294 3064 sit
3328 3010 3477 3065 bona
3515 3013 3565 3067 in
3598 3017 3734 3070 nobis

484 3075 633 3130 niant
666 3079 717 3132 in
757 3083 912 3137 nobis
941 3084 1143 3151 locum,
1170 3099 1225 3143 et
1250 3092 1590 3150 delectentur
1622 3098 1835 3166 ingredi
1871 3107 2064 3175 hospi-

2184 3093 2351 3146 mima
2383 3103 2439 3150 et
2472 3097 2734 3162 caelestis,
2770 3098 2877 3152 alia
2907 3113 3037 3153 vero
3078 3099 3307 3158 interior
3352 3114 3412 3158 et
3447 3109 3727 3173 terrestris,

482 3167 616 3220 ιίιιιῐ)
642 3169 840 3225 anima:
868 3185 1087 3243 Itosll'm,
1119 3189 1174 3232 et
1201 3181 1511 3240 habitantes
1534 3191 1674 3257 apud
1709 3206 1806 3247 nos
1828 3167 2068 3254 consiliis
2093 3221 2135 3281 ο
2169 3194 2225 3239 et
2254 3185 2394 3255 quod
2421 3203 2485 3242 ea
2509 3188 2728 3258 quidem
2763 3206 2884 3260 qua:
2912 3191 3105 3247 melior
3133 3204 3237 3261 est,
3288 3199 3513 3254 caelitus
3554 3202 3731 3254 insera-

481 3273 579 3311 nos
618 3273 825 3330 regant;
857 3266 901 3319 si
936 3276 1115 3324 tamen
1143 3272 1509 3331 habitaculum
1535 3283 1718 3337 cordis
1748 3290 1924 3342 nostri
1957 3292 2065 3343 vir-

2184 3288 2260 3331 :ur
2291 3277 2424 3348 (89),
2462 3280 2637 3348 qualis
2668 3291 2748 3335 est
2780 3283 2870 3336 illa
2897 3300 3017 3353 qua:
3043 3298 3096 3342 et
3124 3287 3295 3344 Jacob
3317 3293 3584 3347 adversus
3606 3293 3727 3347 Esau

481 3348 613 3402 tutis
643 3359 700 3404 et
733 3355 1038 3411 sanctitatis
1068 3360 1213 3414 cultu
1238 3363 1890 3426 invenerintexornatum
1926 3377 2056 3448 (8:2).
2167 3371 2345 3425 adhuc
2375 3373 2426 3424 in
2455 3382 2614 3426 utero
2651 3375 2830 3442 posito
2857 3376 3093 3444 palmam
3127 3379 3378 3436 victoria:
3422 3383 3729 3452 supplantati

480 3437 682 3495 Verum
731 3444 999 3502 sulliciant
1038 3451 1138 3505 ista
1177 3469 1276 3521 pro
1320 3456 1528 3512 viribus
1573 3464 1780 3518 nostris
1829 3467 2057 3524 disserta

2184 3463 2422 3516 irrestitit
2457 3463 2650 3519 fratris
2686 3466 2754 3532 ¹⁸;
2789 3477 2844 3520 et
2879 3484 3002 3537 quae
3031 3470 3082 3524 in
3112 3469 3346 3528 Jeremia
3378 3476 3729 3530 sanctiﬁcatur

475 3545 505 3585 a
539 3534 695 3590 nobis
715 3539 891 3595 dehis
922 3544 1210 3600 virtutibus
1239 3565 1359 3616 qua:
1392 3550 1626 3610 lunnano
1651 3561 1834 3626 generi
1865 3563 2061 3618 adver-

2184 3568 2232 3605 :x
2268 3554 2426 3606 vulva
2461 3555 2526 3620 ’9,
2557 3566 2612 3610 et
2645 3556 2854 3626 Spiritu
2885 3569 3076 3615 sancto
3107 3561 3350 3632 repletur
3393 3581 3461 3620 ex
3495 3575 3645 3621 utero
3680 3567 3726 3620 in

474 3636 685 3682 santur.
2160 3642 2388 3699 JOanue.
2442 3645 2591 3702 Illam
2642 3665 2774 3706 vero
2827 3651 3184 3722 inferiorem,
3223 3671 3393 3726 quam
3446 3659 3631 3713 dicunt
3669 3675 3725 3714 ex

2161 3745 2427 3813 corporali
2465 3763 2583 3801 eam
2616 3750 2826 3805 semine
2853 3751 3014 3807 simul
3045 3765 3300 3809 asserunt
3322 3755 3442 3826 {90)
3476 3772 3593 3811 cum
3623 3772 3726 3811 cor-

2159 3849 2292 3904 pore
2320 3837 2600 3904 seminari,
2647 3842 2788 3896 unde
2832 3853 2886 3899 et
2921 3855 3114 3913 praeter
3155 3863 3353 3917 corpus
3389 3852 3572 3906 vivere
3619 3868 3722 3907 eam

2159 3926 2240 3978 vel
2265 3927 2567 3983 subsistere
2607 3942 2810 4002 negant
2840 3949 3022 4003 posse,
3066 3949 3288 4008 propter
3335 3945 3482 4011 quod
3530 3953 3584 3999 et
3615 3960 3722 3999 car-

2158 4032 2280 4070 nem
2309 4034 2429 4072 eam
2470 4021 2784 4090 frequenter
2826 4027 3088 4096 appellari
3142 4029 3351 4088 dicunt.
3405 4034 3558 4100 Quod
3593 4035 3719 4089 enim

2155 4111 2417 4178 scriptum
2444 4124 2528 4166 est
2582 4131 2596 4167 :
2647 4133 2666 4166 ι
2710 4115 2850 4171 Caro
2896 4122 3238 4188 concupiscit
3274 4125 3540 4182 adversus
3581 4128 3722 4198 spiri-

2157 4209 2267 4254 tnni
2301 4202 2366 4267 ³ο,
2403 4221 2424 4255 ο
2460 4220 2566 4258 non
2599 4208 2701 4260 hoc
2736 4208 2803 4260 de
2832 4224 3000 4264 carne
3033 4211 3239 4266 dictum
3276 4217 3596 4286 accipiunt,
3634 4220 3716 4274 sed

2156 4294 2222 4346 de
2249 4295 2348 4348 hac
2375 4297 2553 4349 anima
2585 4312 2704 4365 quae
2738 4301 2954 4368 proprie
2983 4302 3171 4357 carnis
3193 4314 3278 4359 est
3301 4308 3511 4362 anima.
3545 4309 3645 4364 Sed
3669 4317 3718 4362 et

1078 3729 1309 3787 CAPUT
1348 3735 1442 3790 IV.

867 3815 942 3872 De
965 3819 1209 3876 humanis
1248 3828 1644 3885 tentationibus.

551 3906 600 3964 1.
625 3905 781 3964 Nunc
801 3925 866 3965 ne
881 3912 948 3967 de
964 3915 1214 3981 humanis
1240 3921 1460 3988 quidem
1477 3926 1869 3986 tentationibus
1886 3933 2054 3989 silen-

469 3997 598 4051 dum
613 4009 764 4068 puto,
784 4017 904 4070 quae
923 4016 1218 4062 nascuntur
1233 4011 1500 4066 interdum
1516 4031 1581 4069 ex
1597 4032 1761 4074 carne
1773 4032 1828 4076 et
1842 4029 2057 4094 sangui-

469 4103 558 4155 ne,
581 4090 667 4144 vel
684 4107 750 4147 ex
775 4097 1062 4163 prudentia
1082 4102 1266 4156 carnis
1281 4113 1334 4158 et
1353 4109 1637 4177 sanguinis
1654 4127 1774 4182 quae
1796 4113 1906 4172 Deo
1920 4119 2054 4175 dici-

471 4193 557 4236 tur
575 4198 697 4240 esse
722 4187 964 4245 inimica.
990 4192 1057 4246 Et
1078 4202 1256 4248 utrum
1276 4210 1462 4253 verum
1486 4201 1556 4255 sit
1575 4205 1716 4272 quod
1738 4209 1952 4275 quidam
1971 4215 2056 4268 di-

461 4285 616 4344 cunt,
633 4280 785 4347 quasi
804 4280 954 4337 binas
971 4285 1178 4341 animas
1191 4302 1312 4344 esse
1322 4293 1669 4362 persingulos
1687 4297 1823 4370 (8-3),
1842 4313 2054 4372 postea-

459 4370 1210 4436 quamdehistentationibus
1225 4383 1735 4458 exposuimus,qum
1750 4370 1870 4460 ριηέ
1887 4411 2048 4465 quam
2154 4400 2219 4437 ex
2259 4386 2342 4439 his
2373 4388 2592 4441 student
2622 4390 2977 4448 nihilominus
3003 4395 3334 4452 conﬁrmare
3365 4399 3484 4456 haec
3521 4417 3635 4472 quze
3667 4401 3713 4455 in

459 4457 710 4516 Immanm
735 4463 1010 4528 dicuntur,
1046 4470 1096 4522 id
1121 4483 1360 4540 estquas
1386 4457 1673 4533 adversum
1708 4457 2046 4557 principatus
2155 4481 2397 4538 LeViliCO
2430 4484 2503 4537 ila
2538 4486 2743 4554 εονίριει
2783 4496 2956 4543 sum:
3001 4508 3020 4539 ι
3059 4492 3256 4545 Attium
3293 4495 3477 4551 omnis
3525 4496 3710 4559 carnis.

457 4559 512 4600 et
530 4558 1421 4619 potestates,etadversummundi
1448 4565 1610 4632 hujus
1630 4581 1869 4630 rectores
1887 4584 2039 4631 tene-
2088 4579 2380 4648 Dsanguis
2430 4580 2598 4648 ipsius
2634 4580 2698 4633 δι.
2757 4599 2776 4632 ι
2826 4579 2903 4635 Ex
2938 4596 3003 4636 eo
3055 4584 3198 4638 enim
3239 4588 3381 4655 quod
3415 4605 3512 4658 per
3564 4600 3709 4643 totam

454 4641 675 4698 bmrum
700 4646 912 4715 harum,
934 4659 987 4706 et
1016 4651 1276 4710 adversus
1295 4657 1554 4726 spiritalia
1581 4667 1834 4733 nequitiae
1851 4668 1902 4724 in
1928 4684 2041 4724 coe-
2155 4685 2372 4723 carnem
2403 4671 2620 4740 sanguis
2649 4670 2877 4727 diﬂ'usus
2907 4674 3070 4728 vitam
3095 4687 3314 4746 prtestat
3335 4681 3582 4744 carni,in
3601 4697 3711 4735 san-

454 4732 680 4790 lestibus
698 4740 956 4806 gerimus,
976 4745 1197 4815 velquaz
1220 4751 1374 4805 nobis
1395 4732 1900 4826 adversusspiritns
1923 4778 2039 4815 ma~
2147 4761 2310 4830 guiue
2343 4762 2518 4815 inesse
2552 4762 2707 4815 aiunt
2739 4762 2881 4818 hanc
2906 4763 3145 4820 animam
3176 4785 3295 4838 (μω
3330 4769 3535 4824 dicitur
3563 4772 3711 4824 totius.

452 4820 628 4894 Iiguos
660 4839 714 4879 et
747 4829 1052 4890 immundos
1075 4838 1347 4894 daamones
1374 4856 1731 4913 peraguntur,
1769 4851 2033 4908 dicemus.
2144 4855 2330 4909 carnis
2356 4870 2476 4908 esse
2505 4855 2710 4908 anima.
2742 4853 2852 4910 Iloc
2903 4867 3086 4914 autem
3122 4861 3296 4930 ipsum
3327 4865 3473 4932 quod
3521 4865 3705 4919 dictqu

454 4909 506 4932 Ι..
549 4930 588 4932 _,,
624 4930 637 4932 _
716 4931 723 4932 ,

1513 4909 1536 4913 _
1718 4909 1727 4912 -
2840 4909 2845 4910 ν
2927 4909 3086 4914 γένη-η
3122 4909 3296 4930 τ------
3330 4909 3473 4932 ηι--υ
3523 4909 3704 4919 um"-

452 4909 510 4964 In
540 4930 646 4983 qua
676 4931 733 4970 re
763 4933 1160 4990 consequenter
1189 4931 1426 4986 arbitror
1457 4939 1866 5007 requirendum,
1900 4943 1944 4997 si
1980 4945 2032 4998 in
2147 4957 2229 5002 est
2261 4962 2484 5001 carnem
2527 4961 2832 5017 repugnare
2864 4948 3124 5007 adversus
3158 4955 3432 5025 spiritum,
3473 4957 3706 5027 spiritum

457 5005 607 5027 ....l_2_
629 5008 770 5027 LA..-‘
817 5011 848 5027 οι
1042 5019 1051 5027 .
1255 5023 1265 5027 -

1852 5005 1859 5007 ,
2589 5005 2604 5017 _
2661 5005 2689 5016 υ
3105 5005 3120 5007 -
3159 5005 3432 5025 7mm",
3473 5005 3703 5027 ,νη-,η

455 5005 934 5068 ¹⁸⁰δί³¹¹⁰¹¹¹ίηίυυ⁵
961 5019 1051 5084 qui
1080 5033 1146 5074 ex
1177 5023 1358 5079 anima
1382 5039 1698 5084 constamus
1721 5042 1775 5087 et
1810 5049 2039 5107 corpore
2146 5050 2328 5094 autem
2358 5039 2618 5094 adversus
2635 5056 2875 5112 carnem;
2906 5056 2963 5100 et
2984 5047 3128 5114 quod
3159 5047 3362 5102 dictum
3387 5058 3471 5105 est
3497 5068 3512 5104 :
3543 5068 3562 5102 ι
3588 5049 3703 5104 Aui-

532 5121 616 5176 ²⁶Ι
635 5121 751 5181 Pet.
772 5142 824 5194 v,
842 5126 897 5183 8.
932 5131 977 5161 ³⁷
1000 5130 1136 5190 IIeb.
1164 5151 1204 5202 ι,
1230 5140 1317 5194 14.
1397 5145 1440 5175 ³⁸
1467 5144 1668 5202 Cenes.
1697 5164 1825 5204 xxv.
1903 5153 1949 5185 ⁸ο
1976 5154 2068 5212 Jer

2221 5173 2262 5213 l.
2362 5155 2408 5188 ⁸⁸
2432 5155 2550 5213 Gal.
2584 5172 2640 5222 v,
2681 5158 2770 5213 17.

2197 5241 2315 5348 ’(86)
2367 5275 2535 5332 Grata
2590 5289 2731 5334 sunt.
2785 5279 2879 5336 Sic
2932 5299 3066 5339 mss.
3127 5285 3314 5354 Alias,
3373 5306 3393 5340 ι
3440 5287 3699 5344 contraria

2881 5162 2924 5193 ³¹
2969 5162 3144 5221 Levit.
3167 5181 3298 5232 xvu,
3325 5167 3416 5221 14.

519 5236 713 5331 (ξελιι)
749 5242 1068 5331 libb...an_tea
1090 5255 1259 5331 editis
1287 5272 1411 5331 vox,
1442 5279 1460 5312 ι
1501 5276 1849 5331 exornatum,
1884 5289 1905 5322 ›
1939 5273 2022 5325 ul-

743 5318 941 5406 ετξβξιίδ
980 5305 1267 5406 milli.qu
1297 5305 2017 5406 viii—Citiitmea-piiiwq'nbrtt‘hlzt
2128 5305 2323 5402 subit”.

449 5393 570 5431 cum
610 5380 710 5435 hoc
743 5380 896 5441 titulo
929 5407 943 5442 :
991 5407 1009 5440 ε
1048 5380 2018 5467 Dehumanisrietitaiio’t't'ibu‘sru;

449 5461 566 5496 l'llzn
600 5451 652 5496 in
686 5468 812 5496 mea-
845 5459 984 5496 ηιιΙΙσι
1019 5463 1319 5496 I...:..m.m.i:
1365 5470 1502 5496 .:...r:
1889 5482 1918 5496 ..

2358 5418 2451 5473 Sic
2488 5433 2621 5475 mss.
2669 5419 2840 5485 Alias,
2876 5441 2897 5476 ι
2937 5439 3073 5494 quos
3118 5426 3479 5496 produximus
3507 5439 3632 5494 tres,
3664 5445 3684 5480 ι

449 5459 813 5546 Ξῗειιιιιιιιιιεεο.
845 5459 985 5542 nulla
1019 5463 1320 5546 huiusmodi
1364 5470 1506 5526 tituli
1543 5459 2013 5546 mentiti—nullum
2127 5459 2236 5543 etd:

443 5522 1314 5632 “ixmilisiaacjmfmisriilpieium'
1451 5522 1506 5632 Ἴ..-
1543 5522 1770 5632 ’ἶν’-’.ν’
1807 5522 2013 5632 iii-1w"
2127 5522 2314 5630 “2.33)
2349 5557 2488 5616 Duo.
2518 5560 2700 5631 gDeest
2722 5561 2777 5617 in
2813 5571 2973 5620 antea
3013 5565 3210 5632 editis,
3244 5570 3339 5625 sed
3371 5571 3603 5626 habetur
3643 5570 3691 5624 III

517 5590 630 5683 (βὸ)
662 5591 754 5649 Sic
781 5590 914 5682 mss.
947 5602 1118 5668 Alias,
1157 5590 1708 5683 {persubstantiatm
1750 5641 1769 5673 ι
1813 5621 2016 5678 Ibidem
2128 5590 2258 5683 ms‘so.

443 5673 1062 5752 nis-lghchexposuiutus.
1101 5695 1120 5727 ι
1151 5677 1320 5752 Alias,
1354 5701 1372 5731 ‹
1408 5673 1844 5752 exposuerimus.
1881 5714 1901 5747 ι

921 5743 1150 5835 ἑ
1871 5728 2014 5835 quod

442 5806 643 5882 tanturn
667 5807 860 5882 habeat
883 5806 1177 5882 proprium.
1213 5837 1232 5871 ι

515 5871 631 5942 (δῦ)
663 5876 752 5934 Sic
787 5871 918 5940 mss.
955 5871 1128 5954 A'lias,
1169 5907 1188 5942 ι
1228 5900 1408 5948 utrum
1445 5895 1563 5953 dua:
1595 5900 1807 5962 animae.
1847 5921 1868 5962 ο

2334 5699 2495 5791 μω).
2526 5700 2744 5791 εάἰιξ,ν‹
2775 5704 3126 5791 inferatur..."
3209 5787 3218 5791 Δ
3634 5779 3645 5791 ⁸

2198 5769 2424 5840 (90)Sic
2456 5786 2586 5826 mss.
2629 5775 2798 5839 Alias,
2845 5796 2864 5828 ι
2915 5778 3295 5835 sanctilicatur
3339 5797 3404 5837 ex
3439 5792 3590 5836 utero
3632 5779 3683 5833 iu

2125 5838 2353 5921 Joanne.
2389 5839 2544 5923 Illam
2588 5860 2718 5899 vero
2758 5838 3068 5904 inferiorem
3115 5866 3280 5916 quam
3324 5868 3391 5908 ex
3421 5860 3673 5923 υοτροι’.ι1ι

2123 5911 2329 5973 semine
2358 5912 2518 5968 simul
2550 5929 2820 5982 asserunt,
2862 5936 2879 5970 ι
2913 5930 3018 5974 etc.
