3880 6530
197 380 279 439 52!
1476 375 1672 434 LIBER
1716 382 2040 438 TERTIUS.
3294 385 3405 444 39.3

197 496 266 530 tua
296 475 454 527 omnis
484 473 655 526 carnis
685 513 699 536 ,
743 473 968 542 sanguis
1010 473 1175 542 ipsius
1198 514 1212 538 ,
1270 492 1290 526 ο
1338 476 1444 530 alio
1497 479 1716 530 nomine
1747 486 1790 538 Α
1820 497 1947 533 caro
1981 489 2246 549 repugnat
2278 480 2540 535 adversus
2573 481 2845 550 spiritum,
2875 490 2925 536 et
2953 482 3178 552 spiritus
3210 485 3399 537 adver-

195 563 328 620 iidem
371 560 543 613 vocari
589 560 773 614 dicunt
811 560 1133 628 sapientiam
1168 563 1354 616 carnis
1380 605 1394 630 ,
1441 566 1580 633 quod
1630 577 1714 622 est
1824 585 1916 624 sus
1951 586 2169 624 carnem
2198 570 2266 635 ⁸⁸,
2304 590 2321 622 t
2354 575 2430 624 uti
2462 587 2568 624 non
2593 588 2712 640 qua:
2733 573 2980 627 volumus
3003 573 3398 638 illafaciamus,

190 654 381 722 spiritus
410 651 622 718 quidam
666 651 984 716 malerialis,
1013 653 1106 721 qui
1150 654 1251 724 legi
1301 655 1392 709 Dei
1443 656 1716 723 subjectus
1823 678 1942 729 qua:
1973 672 2097 716 sunt
2122 664 2188 719 de
2224 664 2420 734 quibus
2451 664 2581 718 dicit
2617 674 2672 718 ιιι
2699 681 2804 718 non
2832 681 2952 735 quae
2980 666 3226 720 volumus
3250 707 3264 730 ,
3311 665 3394 719 fa-

189 760 274 798 non
300 753 393 804 est,
425 743 516 796 sed
547 758 642 796 nec
669 753 847 812 potest
867 759 989 799 esse
1017 745 1313 814 subjectus,
1359 748 1486 816 quia
1519 750 1712 802 volun-
1823 754 2056 808 ciamus?
2081 755 2296 808 Certum
2325 766 2426 819 est,
2454 757 2627 820 aiunt,
2662 756 2726 810 de
2756 758 2942 824 spiritu
2973 756 3084 830 (97)
3112 773 3215 812 non
3241 758 3348 812 dici
3378 777 3393 813 :

188 849 299 891 tates
328 837 483 890 habet
523 848 764 891 terrenas
785 851 837 891 et
868 839 1134 894 desideria
1163 843 1488 910 corporalia.
1515 842 1587 896 De
1614 844 1716 896 hoc
1822 843 1939 896 Non
1980 845 2122 897 enim
2158 846 2406 899 voluntas
2440 846 2664 914 spiritus
2691 847 3031 914 prohibetur.
3065 847 3172 903 Sed
3213 863 3394 918 neque

185 939 346 996 putant
390 929 550 980 etiam
593 929 906 998 Apostolum
960 930 1164 986 dixisse
1199 932 1328 987 illttd
1382 934 1522 1002 quod
1571 935 1646 987 ait
1696 948 1712 987 :
1821 935 1888 988 de
1920 949 2108 998 carne,
2132 936 2258 1004 quia
2284 935 2326 987 si
2362 951 2464 988 non
2492 937 2653 989 habet
2682 937 2918 990 animam
2948 939 3248 1006 propriam,
3277 942 3396 995 sine

188 1042 202 1071 ι
237 1023 384 1075 \‘ideo
406 1033 584 1075 autent
616 1023 778 1074 aliam
810 1024 979 1093 legem
1009 1025 1059 1076 in
1091 1027 1352 1080 membris
1382 1027 1516 1080 meis
1555 1042 1713 1095 repu-

185 1121 406 1176 gnantem
441 1112 542 1179 legi
577 1111 770 1166 mentis
801 1122 1040 1178 ntere,,et
1068 1115 1339 1183 captivum
1377 1131 1461 1169 me
1513 1116 1714 1170 ducen-

180 1213 264 1259 tem
291 1204 336 1256 in
361 1204 472 1272 lege
506 1204 712 1274 peccati
749 1218 868 1272 qure
897 1213 980 1257 est
1010 1204 1064 1258 in
1108 1207 1366 1260 membris
1406 1207 1539 1260 meis
1571 1207 1636 1262 ³².
1686 1227 1706 1260 ι

179 1297 220 1346 Si
246 1310 358 1348 vero
385 1295 508 1362 quis
545 1294 766 1364 objiciat
806 1295 887 1348 eis
917 1295 1021 1350 hoc
1049 1297 1152 1350 dici
1179 1298 1243 1350 de
1272 1308 1464 1352 natura
1514 1314 1711 1369 corpo-

176 1390 252 1450 ris,
277 1386 406 1454 quod
441 1401 569 1439 vere
600 1388 895 1441 secundum
941 1388 1332 1456 proprietatem
1366 1391 1580 1458 quidem
1613 1407 1712 1446 na-

175 1486 282 1530 turze
307 1493 412 1530 suae
445 1489 722 1531 mortuum
752 1489 855 1543 est,
897 1480 1096 1534 habere
1135 1490 1312 1533 autent
1359 1481 1560 1535 dicitur
1587 1498 1712 1537 sen-

173 1586 268 1622 sum
297 1569 398 1636 (91)
424 1571 505 1623 vel
540 1572 862 1638 sapientiam
903 1585 1020 1639 qua:
1049 1571 1266 1625 inimica
1293 1581 1374 1626 est
1424 1572 1533 1626 Deo
1561 1611 1576 1638 ,
1619 1572 1703 1628 vel

172 1676 270 1727 qum
298 1671 556 1726 repugnat
588 1661 852 1716 adversus
897 1663 1146 1732 spiritum
1169 1703 1185 1728 ,
1237 1679 1333 1731 pro
1360 1679 1425 1718 eo
1467 1663 1633 1718 veluti
1664 1666 1708 1720 si

169 1753 267 1818 quis
305 1753 445 1804 dicat
491 1755 898 1822 quodammodo
927 1754 1109 1807 carnis
1142 1753 1312 1822 ipsius
1355 1769 1474 1810 esse
1520 1771 1706 1811 vocem

169 1859 264 1910 quae
290 1845 479 1897 clamet
510 1861 618 1898 non
657 1847 1007 1899 esurientium
1032 1885 1048 1910 ,
1083 1861 1189 1899 non
1223 1846 1516 1900 sitiendum
1542 1888 1556 1912 ,
1607 1862 1712 1900 non

167 1935 442 2006 algendum,
481 1952 664 2006 neque
701 1939 835 1993 velle
864 1953 1088 2007 prorsus
1123 1939 1174 1990 in
1206 1937 1385 2006 aliquo
1412 1939 1712 1992 molestiam

167 2029 255 2096 pati
283 2029 389 2082 sive
410 2043 472 2082 ex
509 2031 872 2095 almndantia,
900 2033 1016 2086 sive
1061 2049 1124 2088 ex
1167 2033 1432 2102 penuria;
1485 2031 1601 2086 haec
1637 2032 1712 2086 illi

166 2119 402 2173 resolvere
432 2129 599 2189 atqtte
630 2123 947 2191 impugnare
972 2125 1338 2188 conabuntur,
1360 2125 1714 2178 ostendentes

164 2210 562 2278 quamplurimas
593 2212 727 2266 alias
751 2228 874 2267 esse
908 2217 1185 2283 passiones
1212 2215 1322 2286 (92)
1354 2214 1548 2268 anima:
1594 2230 1714 2284 qua:

163 2299 205 2350 in
229 2301 362 2352 nullo
388 2316 619 2368 prorsus
637 2318 666 2356 a
687 2319 854 2360 carne
877 2306 1139 2375 originem
1173 2308 1414 2373 trahant,
1445 2316 1500 2360 et
1532 2316 1709 2360 tamen

162 2392 230 2443 his
254 2391 467 2460 spiritus
499 2395 843 2460 adversetur,
871 2397 1010 2451 sicut
1042 2407 1123 2452 est
1159 2398 1406 2464 ambitio,
1452 2397 1710 2460 avaritia,

160 2483 418 2546 aemulatio,
466 2485 695 2550 invidia,
727 2489 979 2556 superbia
1008 2531 1025 2557 ,
1065 2498 1120 2543 et
1152 2489 1238 2542 his
1279 2489 1474 2543 similia
1527 2507 1540 2543 :
1588 2505 1708 2544 cum

159 2574 328 2641 quibus
355 2591 596 2644 pugnam
628 2579 917 2646 quamdam
947 2594 1067 2634 esse
1107 2581 1358 2635 humana:
1389 2581 1577 2646 menti,
1628 2582 1709 2636 vel

161 2658 342 2724 spiritui
377 2660 649 2728 videntes,
681 2664 804 2718 ideo
833 2680 1052 2720 causam
1085 2669 1329 2722 omnium
1361 2670 1554 2723 horum
1588 2686 1709 2724 ma-

164 2746 306 2802 lorum
333 2766 438 2805 non
475 2765 688 2822 ponunt
723 2755 866 2810 aliud
906 2757 1034 2826 qttid
1068 2759 1169 2812 nisi
1203 2760 1345 2814 hanc
1381 2760 1446 2813 de
1480 2777 1584 2828 qua
1620 2777 1709 2815 su-

159 2841 311 2906 perius
340 2843 602 2912 diximus,
629 2846 775 2900 velut
803 2849 1140 2918 corporalem
1166 2852 1401 2905 animam
1429 2852 1541 2924 (93)
1565 2863 1617 2908 et
1641 2868 1706 2907 ex

157 2933 348 2988 seminis
383 2937 616 2991 traduce
667 2950 1008 3006 generatam.
1052 2942 1326 2996 Adhibere
1377 2960 1588 3013 quoque
1639 2945 1706 2998 ad

157 3027 477 3080 assertionem
539 3027 654 3098 (94)
699 3029 890 3084 horum
937 3033 1102 3085 etiam
1152 3033 1282 3087 illud
1338 3035 1704 3088 testimonium

157 3113 363 3182 Apostoli
404 3119 612 3181 solent,
652 3122 793 3190 quod
823 3122 940 3176 ait:
980 3142 997 3174 ι
1038 3123 1321 3178 Manifesta
1355 3135 1533 3179 autem
1577 3134 1705 3180 sunt

1823 1026 1987 1080 dubio
2027 1042 2123 1080 nec
2157 1028 2487 1079 voluntatem
2519 1027 2754 1081 habebit.
2794 1030 3053 1097 Superest
3082 1044 3212 1098 ergo
3239 1041 3297 1082 ttt
3329 1032 3395 1084 de

1823 1118 1980 1184 hujus
2013 1117 2207 1170 animae
2256 1117 2532 1170 voluntate
2562 1118 2796 1182 dicatur,
2827 1134 2944 1186 qum
2981 1120 3179 1172 habere
3221 1129 3399 1188 potest

1822 1209 2093 1278 propriam
2128 1208 2461 1263 voluntatem
2497 1209 2629 1277 (98),
2663 1225 2782 1278 qua:
2835 1211 3024 1279 utique
3075 1211 3396 1264 adversatur

1819 1300 2085 1354 voluntati
2121 1301 2368 1369 spiritus.
2402 1300 2467 1354 Et
2503 1302 2546 1354 si
2581 1301 2653 1354 ita
2688 1310 2789 1364 est,
2821 1310 3032 1355 constat
3062 1303 3204 1371 quod
3235 1300 3394 1370 hujus

1821 1392 2016 1446 animae
2045 1392 2294 1445 voluntas
2321 1391 2564 1458 quaadam
2597 1393 2768 1446 media
2808 1403 2890 1445 est
2917 1393 3057 1444 inter
3087 1407 3307 1445 carnem
3339 1402 3392 1445 ct

1821 1483 2094 1552 Spiritum,
2125 1484 2216 1536 uni
2246 1485 2362 1537 sine
2397 1482 2562 1536 dubio
2592 1500 2621 1537 e
2662 1485 2872 1538 duobus
2903 1483 3143 1537 serviens
3197 1491 3251 1536 et
3293 1485 3391 1534 oh-

1819 1587 2155 1642 temperaus.
2184 1575 2491 1640 cuicunque
2523 1573 2902 1640 obtemperare
2936 1572 3212 1642 delegerit.
3262 1574 3390 1640 Quae

1819 1681 1944 1717 cum
1978 1680 2035 1718 se
2068 1663 2520 1719 delectationibus
2548 1663 2730 1718 carnis
2764 1662 3100 1727 subdiderit,
3145 1664 3394 1719 carnales

1820 1757 2069 1810 homines
2102 1755 2267 1820 facit;
2319 1771 2440 1809 cum
2488 1770 2617 1809 vero
2662 1771 2720 1810 se
2776 1755 2986 1823 spiritui
3032 1753 3292 1822 iunxerit,
3340 1757 3391 1809 in

1751 1841 1788 1895 Β
1820 1847 2010 1915 spiritu
2040 1862 2160 1900 esse
2189 1847 2436 1900 homines
2469 1845 2620 1912 facit,
2653 1857 2707 1901 et
2737 1856 2956 1916 propter
2989 1846 3092 1900 hoe
3125 1847 3396 1916 spiritales

1825 1935 2112 1992 nominari.
2144 1935 2294 2002 Quod
2345 1937 2629 2002 designare
2660 1934 2770 2005 (99)
2812 1935 3108 2004 Apostolus
3150 1937 3388 2001 videtur,

1821 2043 1943 2081 cuin
1978 2028 2110 2081 dicit
2147 2045 2160 2081 :
2198 2047 2218 2079 ι
2259 2027 2363 2082 Vos
2389 2038 2567 2083 autem
2597 2030 2649 2082 in
2678 2042 2842 2082 carne
2871 2043 2972 2081 non
3008 2028 3164 2093 estis,
3196 2027 3289 2082 sed
3338 2028 3390 2081 in

1821 2119 2012 2185 spiritu
2047 2118 2115 2172 ³⁸.
2153 2137 2170 2169 ι
2203 2118 2610 2189 Requirendunt
2639 2133 2772 2188 ergo
2795 2127 2880 2173 est
2909 2133 3028 2187 quae
3070 2119 3140 2173 sit
3169 2119 3395 2173 omnino

1820 2208 1935 2262 hzec
1963 2207 2075 2274 ipsa
2103 2207 2355 2262 voluntas
2387 2209 2529 2262 inter
2552 2222 2768 2262 carnem
2801 2217 2855 2262 et
2883 2209 3153 2276 Spiritum,
3200 2216 3396 2278 praeter

1820 2313 1940 2352 eam
1970 2298 2301 2352 voluntatem
2337 2313 2457 2368 quae
2482 2300 2666 2352 carnis
2720 2315 2840 2354 esse
2878 2300 2957 2353 vel
2995 2301 3216 2369 spiritus
3259 2301 3394 2354 dici-

1822 2396 1930 2440 tur.
1960 2387 2066 2440 Pro
2093 2399 2244 2441 certo
2288 2404 2520 2457 namque
2555 2390 2786 2443 habetur
2815 2390 2958 2460 quod
3003 2392 3186 2444 omnia
3239 2406 3392 2458 quaso

1819 2494 2034 2547 cunque
2060 2478 2284 2549 spiritus
2312 2493 2433 2534 esse
2461 2480 2736 2546 dicuntur,
2772 2481 3020 2535 voluntas
3047 2481 3115 2535 sit
3143 2483 3385 2552 spiritus;

1817 2579 1871 2625 et
1899 2585 2233 2640 quaecunque
2261 2585 2422 2639 opera
2456 2573 2639 2626 carnis
2675 2587 2794 2627 esse
2819 2573 3103 2635 dicuntur,
3136 2573 3390 2628 voluntas

1815 2663 1886 2717 sit
1909 2663 2110 2718 carnis.
2143 2662 2272 2728 Quae
2297 2677 2426 2731 ergo
2472 2663 2572 2717 ista
2608 2673 2691 2717 est
2740 2673 2936 2732 praeter
2967 2663 3082 2717 hzec
3136 2663 3390 2718 voluntas

1815 2754 2012 2808 anima:
2040 2769 2157 2823 qua:
2183 2753 2523 2808 extrinsecus
2570 2755 2903 2820 nominatur,
2937 2771 3098 2824 quam
3141 2756 3390 2811 volunta-

1815 2855 1918 2899 tem
1949 2846 2138 2900 nolens
2172 2862 2270 2900 nos
2296 2848 2475 2900 facere
2516 2846 2670 2918 147
2708 2848 3002 2917 Apostolus
3033 2848 3165 2902 dicit
3210 2869 3221 2903 :
3255 2866 3275 2899 σ
3317 2848 3388 2904 [τι

1814 2952 1918 2990 non
1946 2952 2281 3006 quaecunque
2312 2939 2472 2992 vultis
2505 2939 2590 2990 illa
2619 2938 2832 2992 faciatis
2865 2935 2930 2992 ³⁷.
2965 2957 2982 2990 t
3037 2937 3092 2991 lu
3134 2953 3242 3007 quo
3285 2939 3388 2993 hoc

1812 3029 2026 3082 videtur
2059 3030 2350 3098 designari,
2380 3029 2520 3099 quod
2565 3039 2755 3084 neutro
2781 3045 2846 3082 ex
2876 3029 2961 3082 his
2979 3028 3204 3091 duobus,
3225 3029 3277 3082 id
3303 3039 3386 3084 est

1814 3135 1986 3187 neque
2016 3122 2190 3184 carni,
2228 3137 2400 3187 neque
2430 3121 2642 3190 spiritui
2695 3119 2891 3174 debeat
2937 3121 3228 3176 adhaerere.
3275 3120 3382 3175 Sed

156 3223 287 3275 Opera
317 3213 520 3278 carnis,
557 3230 683 3283 qua:
709 3226 834 3270 sunt
863 3215 1172 3283 foruicatio,
1209 3220 1575 3281 itnmunditia.
1609 3223 1707 3274 itn-
1736 3200 1776 3255 ο
1812 3214 1954 3266 dicet
1985 3214 2104 3282 qtlis
2128 3213 2252 3282 quia
2290 3213 2430 3268 sient
2476 3215 2663 3266 melius
2693 3212 2910 3282 quidem
2943 3222 3024 3267 est
3057 3213 3249 3265 animm
3279 3211 3383 3284 (l),

157 3301 416 3371 pudicitiae,
447 3306 786 3371 idololatria,
809 3310 1064 3364 veneficia
1084 3310 1216 3381 (95),
1239 3312 1550 3375 illlllllCllliI‘,
1579 3329 1709 3366 cou-

1810 3305 1852 3358 si
1891 3306 2168 3375 propriam
2199 3304 2362 3360 faciat
2388 3305 2748 3369 voluntatem,
2779 3319 2939 3374 quant
2974 3313 3031 3356 ttt
3053 3303 3384 3359 voluntatem

1813 3397 1973 3450 faciat
2007 3399 2213 3460 carnis;
2244 3398 2323 3452 sic
2356 3398 2548 3451 iterum
2584 3397 2778 3450 melius
2808 3406 2893 3450 est
2923 3397 3103 3450 facere
3129 3398 3386 3450 volunta.

157 3393 412 3460 tentiones,
458 3399 843 3460 mntulationes
871 3441 886 3466 ,
927 3401 1044 3466 irze,
1093 3403 1264 3470 rixae,
1311 3401 1702 3471 dissensiones,

156 3478 386 3548 hereses,
421 3500 616 3552 secta},
651 3490 890 3556 invidiae,
922 3493 1236 3557 ebrietates,
1259 3495 1704 3558 comessationes,

153 3582 195 3625 et
224 3575 294 3629 his
323 3579 519 3632 similia
557 3581 641 3648 ³⁸;
673 3601 692 3634 ι
738 3583 984 3638 dicentes
1011 3601 1113 3638 non
1149 3586 1262 3639 hinc
1287 3587 1465 3639 omnia
1505 3587 1570 3639 de
1606 3602 1702 3640 usu

153 3665 220 3711 vel
244 3661 597 3721 delectatione
631 3671 817 3724 carnis
846 3674 1108 3743 originem
1143 3675 1382 3740 trahere,
1417 3674 1487 3726 ita
1515 3684 1572 3727 ut
1603 3691 1704 3744 pu-

154 3759 308 3805 tentur
337 3756 453 3825 ejus
487 3759 812 3816 substantia:
841 3779 960 3831 qua:
994 3766 1227 3818 animam
1262 3780 1366 3818 non
1404 3765 1592 3830 habet,
1643 3767 1695 3819 id

152 3857 218 3898 est
240 3855 432 3916 carnis,
467 3854 522 3907 bi
566 3869 760 3910 omnes
800 3869 976 3913 motus
1009 3860 1294 3914 exsistere.
1344 3860 1449 3914 Sed
1493 3869 1547 3913 et
1576 3859 1702 3914 illud

152 3943 267 4008 quod
294 3945 405 3999 ait:
445 3966 464 3998 ι
513 3948 730 4016 Videte,
765 3951 964 4008 fratres
989 3993 1002 4016 ,
1055 3954 1393 4007 vocationem
1441 3962 1698 4017 vestram,

152 4035 373 4097 quoniam
405 4054 512 4092 non
565 4041 722 4093 nmlti
771 4042 910 4096 inter
955 4059 1050 4098 vos
1080 4045 1356 4112 sapientes
1404 4044 1699 4097 secundum

153 4138 338 4179 carnem
365 4129 436 4195 ³⁸;
478 4149 496 4181 ι
533 4135 605 4184 ad
633 4132 736 4189 hoc
775 4135 1044 4190 videbitur
1068 4137 1464 4202 inclinandum,
1499 4145 1702 4204 utpro-

152 4216 245 4281 pria
272 4222 512 4286 quredam
541 4224 798 4278 videatur
827 4226 940 4295 (96)
969 4242 1090 4282 esse
1128 4227 1372 4281 carnalis
1415 4241 1478 4280 ac
1527 4237 1699 4280 mate-

154 4302 277 4358 rialis
300 4309 604 4375 sapientia,
646 4313 750 4366 alia
792 4329 921 4369 vero
962 4317 1032 4369 sit
1082 4317 1346 4385 sapientia
1397 4318 1698 4369 secundum

154 4397 390 4465 spiritum,
421 4419 546 4471 qua:
583 4406 770 4474 utique
800 4422 903 4460 non
930 4416 1102 4476 potest
1129 4409 1234 4462 dici
1271 4409 1560 4478 sapientia,
1593 4409 1697 4462 nisi

153 4486 208 4536 sit
234 4489 396 4545 anima
435 4497 647 4563 carnis,
675 4513 794 4565 quae
835 4500 1012 4566 sapiat
1055 4500 1156 4554 hoc
1192 4502 1335 4570 quod
1371 4500 1553 4554 carnis
1610 4515 1699 4554 Sa-

152 4578 320 4643 pientia
349 4588 691 4642 nominatur.
721 4590 798 4643 Ad
831 4592 945 4645 lucc
977 4590 1131 4644 aiunt
1163 4594 1326 4646 etiam
1355 4591 1484 4644 illud
1524 4609 1536 4644 :
1576 4608 1595 4642 ι
1639 4592 1694 4645 Si

1811 3501 1914 3544 tem
1976 3489 2200 3557 spiritus
2252 3490 2423 3553 magis
2475 3505 2635 3557 quam
2695 3488 2969 3559 propriam
3023 3488 3379 3542 voluntatem.

1807 3584 2088 3650 Quomodo
2110 3596 2240 3649 ergo
2269 3579 2559 3648 Apostolus
2583 3579 2698 3642 ait,
2731 3598 2750 3630 r
2785 3587 2841 3632 ut
2879 3594 2980 3633 non
3017 3594 3136 3647 quae
3183 3579 3374 3643 vultis,

1807 3675 1896 3728 illa
1937 3673 2190 3727 faciatis?
2232 3691 2249 3723 ι
2302 3673 2565 3738 Quoniam
2627 3671 2681 3724 iit
2737 3686 2798 3724 ea
2846 3685 3020 3740 pugna
3073 3685 3191 3738 quat
3239 3670 3383 3724 inter

1805 3781 2024 3819 carnem
2061 3775 2113 3818 et
2152 3765 2402 3833 spiritum
2448 3763 2676 3832 geritur,
2725 3778 2831 3816 non
2883 3762 3105 3816 omnino
3154 3762 3380 3830 spiritus

1805 3865 1951 3907 certa
1985 3854 2210 3908 victoria
2249 3864 2350 3907 est.
2383 3852 2728 3906 Manifestum
2761 3861 2844 3906 est
2877 3853 3021 3906 enim
3051 3851 3298 3906 obtinere
3325 3852 3376 3904 iu

1805 3944 2224 4016 quan‘tplurimis
2249 3957 2468 3996 carnem
2505 3942 2600 4012 (2).

1876 4037 1930 4088 5.
1977 4032 2170 4087 Verum
2219 4033 2476 4102 quoniam
2529 4032 2581 4084 in
2613 4029 3032 4098 disputationem
3085 4028 3378 4083 incidimus

1803 4126 2147 4195 profundam,
2192 4124 2242 4177 iit
2294 4138 2396 4192 qua
2433 4138 2654 4177 necesse
2678 4132 2762 4176 est
2792 4137 2858 4176 ex
2897 4121 3122 4192 singulis
3154 4121 3376 4190 quibus-

1803 4233 1909 4287 que
1958 4216 2202 4285 partibus
2258 4229 2376 4283 qua:
2413 4225 2636 4283 possunt
2683 4213 2908 4279 moveri,
2957 4214 3225 4267 discutere
3256 4210 3371 4282 (5);

1801 4311 2086 4364 videamus
2119 4323 2185 4361 ne
2233 4306 2375 4360 forte
2409 4306 2459 4358 in
2500 4307 2600 4360 hoc
2638 4306 2756 4358 loco
2789 4304 2892 4358 tale
2922 4303 3123 4373 aliquid
3155 4301 3374 4356 tractari

1801 4408 2001 4470 potest,
2037 4399 2160 4468 quia
2189 4397 2329 4450 sicut
2360 4397 2550 4449 melius
2585 4404 2667 4449 est
2694 4395 2885 4448 animae
2917 4397 3066 4462 sequi
3099 4393 3369 4461 spiritum,

1805 4501 1930 4545 tunc
1987 4504 2109 4543 cum
2147 4487 2370 4554 spiritus
2416 4501 2632 4539 carnem
2661 4485 2874 4547 vicerit,
2909 4483 2981 4536 ita
3017 4483 3178 4536 etiam
3221 4481 3264 4533 si
3296 4479 3370 4550 (ί)

1804 4583 2022 4637 videtur
2047 4578 2096 4633 ei
2133 4592 2251 4631 esse
2277 4576 2515 4630 deterius
2547 4575 2700 4644 sequi
2731 4589 2950 4630 carnem
2981 4581 3370 4642 repugnantem

1886 4764 1930 4795 ³⁸
1961 4760 2134 4817 Galat.
2166 4776 2220 4821 v.
2253 4761 2340 4814 17.
2417 4758 2628 4813 “Rom.
2649 4774 2766 4825 vnt,
2793 4759 2847 4813 9.
2921 4757 2964 4789 ³⁷
2987 4757 3162 4812 Galat.
3194 4771 3242 4819 v,
3279 4759 3366 4815 17.

1865 4856 1980 4924 (99)
2029 4855 2120 4908 Sic
2160 4869 2288 4909 mss.
2329 4851 2498 4914 Alias,
2549 4871 2570 4904 ι
2625 4854 2755 4921 quid
2803 4865 2930 4921 ergo
2962 4851 3284 4918 designare,
3339 4867 3360 4903 ι

204 4762 240 4792 ³¹
268 4763 413 4818 Rom.
457 4775 559 4826 vn,
584 4762 673 4817 25.
694 4764 740 4795 ³⁸
780 4766 897 4821 Gal.
930 4783 982 4833 v,
1007 4768 1090 4829 l9,
1110 4768 1198 4830 9.0,
1218 4768 1310 4823 ‘2l.

206 4855 303 4922 (91)
336 4859 426 4912 Sic
460 4875 594 4913 mss.
624 4859 795 4921 Alias,
827 4879 845 4910 ‹
875 4876 1087 4914 sensus.
1121 4881 1138 4911 ι

1387 4767 1472 4820 ³⁵1
1501 4767 1626 4822 Cor.
1649 4785 1687 4833 l,
1719 4766 1808 4820 26.

207 4921 304 4993 (9'2)
338 4929 426 4981 Sic
463 4945 598 4982 mss.
644 4930 811 4987 Alias.
863 4950 880 4982 ι
930 4934 1028 4984 hoc
1062 4933 1168 4984 illis
1204 4931 1472 4983 resolvere
1527 4941 1689 4998 atque
1795 4937 1908 4999 etc.
1962 4921 2006 4999 Ἀ
2062 4995 2073 4999 _
2238 4993 2268 4999 ‘
2447 4993 2459 4999 _
2757 4993 2786 4999 __
2825 4993 2832 4999 ι
2995 4989 3011 4999 _
3043 4989 3056 4999 _
3119 4990 3130 4999 .
3305 4991 3313 4999 _

154 4989 433 5069 impugnare
479 5000 806 5052 conabimur
837 5003 1187 5054 ostendentes
1233 5003 1369 5054 alias
1403 5015 1521 5053 esse
1565 4989 1691 5068 υἱιδ-
1869 4998 1942 5065 (1)
1973 4995 2196 5048 Autmm.
2237 4993 2396 5048 Deest
2447 4993 2497 5046 in
2527 5002 2680 5044 antra
2706 4993 2886 5054 editis,
2919 4989 3014 5044 sed
3043 4989 3274 5043 habetur
3304 4991 3357 5044 in

152 5073 317 5118 sumes.
351 5088 370 5117 ο
1797 5084 1929 5122 mss.

1873 5136 1950 5205 (2)
1980 5133 2069 5188 Sic
2101 5150 2232 5188 mss.
2260 5134 2428 5192 Alias,
2486 5130 2796 5205 «(quomodo
2817 5145 2914 5205 _ea_
2959 5144 3155 5205 pugna.
3186 5147 3205 5179 ι
3261 5127 3366 5183 lbi.

1795 5199 1941 5260 dent?
1975 5220 2128 5269 mss,
2188 5205 2470 5255 «obtinere
2508 5199 2560 5254 in
2613 5199 3026 5268 quampluritnis
3072 5214 3310 5251 carnem.
3338 5218 3357 5250 ι

1792 5277 1966 5336 Alias,
2002 5294 2019 5325 ι
2045 5276 2268 5326 obedire
2296 5278 2347 5324 itt
2380 5271 2792 5339 qttzttnpluritnis
2818 5285 3057 5322 carnem.
3084 5286 3102 5318 ι

1867 5347 1942 5415 (5)
1977 5345 2050 5396 Ita
2107 5359 2243 5415 mss.
2266 5336 2440 5415 Alias,
2493 5362 2508 5391 ε
2535 5336 2584 5393 in
2621 5357 2780 5407 quam
2815 5355 3056 5415 praeesse
3099 5351 3182 5391 eSt.
3211 5336 3365 5415 collie

1795 5410 2018 5486 gere'ett
2073 5413 2299 5480 singulis
2336 5414 2635 5479 quibusque
2685 5410 2932 5478 partibus
2981 5424 3100 5476 qua:
3142 5414 3368 5477 possunt

1795 5501 1974 5540 lllOl",'S
2011 5486 2303 5537 discutere.
2336 5501 2356 5532 ι

1868 5556 1943 5625 (4)
1975 5553 2053 5607 Si.
2103 5555 2261 5606 Deest
2299 5553 2351 5625 i_n
2393 5551 2576 5625 editis,
2608 5557 2662 5602 at
2693 5549 2970 5625 reperitur
2995 5547 3046 5625 in
3074 5560 3202 5600 mss.
3223 5544 3365 5625 Pau-

1794 5627 1848 5680 lo
1875 5616 2008 5692 ‘post
2038 5638 2169 5676 mss.
2206 5640 2219 5675 :
2253 5640 2272 5672 ‹
2297 5622 2500 5676 Tamen
2535 5621 2676 5674 forte
2708 5620 2893 5692 utilius
2925 5619 3173 5692 videatur
3217 5616 3362 5668 obti-

1794 5687 1908 5750 neri
1943 5695 2177 5747 animam
2229 5709 2257 5745 a
2297 5707 2484 5754 carne,
2517 5707 2678 5758 quam
2733 5691 2972 5742 residere
3001 5690 3051 5740 in
3091 5687 3204 5740 suis
3238 5701 3364 5758 pro-

1794 5767 1947 5835 priis,
1975 5785 1992 5815 »
2027 5773 2130 5815 etc.
2174 5763 2348 5835 Alias.
2380 5781 2397 5812 ι
2419 5757 2543 5814 eum
2575 5762 2720 5835 forte
2748 5760 2934 5835 utilius
2962 5760 3208 5835 videatur
3239 5757 3365 5809 obe-

1796 5829 1909 5890 dire
1936 5829 2170 5888 animum
2201 5833 2352 5886 carui
2388 5848 2548 5901 quant
2585 5832 2818 5885 residere
2855 5831 2905 5882 itt
2948 5829 3205 5898 propriis.
3231 5846 3248 5876 ι

209 5134 304 5205 (95)
333 5138 603 5191 Animam.
641 5139 800 5192 Deest
838 5139 888 5192 in
919 5140 1050 5194 libb.
1084 5149 1239 5193 antea
1264 5141 1448 5204 editis,
1479 5139 1570 5195 sed
1601 5141 1693 5194 ha-

154 5199 292 5257 betur
307 5207 356 5258 in
390 5224 520 5260 mss.

208 5275 305 5340 (91)
337 5275 405 5326 Ila
439 5294 570 5329 mss.
612 5279 782 5341 Alias,
824 5299 840 5328 ι
877 5293 1205 5333 sermonem.
1247 5300 1264 5331 t

210 5343 307 5416 193)
350 5345 635 5416 Veneficio.
664 5349 806 5403 Alias
835 5353 1040 5414 deerat,
1069 5354 1160 5404 sed
1193 5353 1418 5405 habetur
1450 5351 1503 5402 in
1555 5364 1687 5403 mss.

209 5414 305 5477 (9:5)
342 5416 431 5469 Sic
454 5414 587 5470 mss.
620 5419 787 5485 Alias,
823 5438 840 5469 ι
886 5421 1180 5472 videretur.
1222 5441 1240 5472 ι

209 5487 305 5556 illi)
333 5488 484 5540 Libb.
523 5490 688 5552 editi,
739 5507 756 5539 ε
796 5491 862 5544 de
909 5488 1115 5558 Spiritu
1159 5501 1368 5544 sancto.
1414 5509 1433 5540 ι
1483 5489 1587 5544 Sed
1637 5491 1689 5543 in

157 5565 260 5604 mss.
289 5559 451 5617 deest.
491 5578 510 5610 ι
548 5571 755 5615 sancto.
789 5581 807 5612 ι

155 5689 166 5701 ,
210 5624 307 5691 198)
333 5627 460 5701 Qud;
489 5630 677 5684 habere
701 5640 866 5699 pateat
898 5631 1161 5699 propriam
1195 5632 1533 5685 voluntatem.
1562 5629 1689 5684 ll:ec

155 5700 359 5770 {nautea
388 5700 549 5752 editis
563 5704 764 5754 nituisse
780 5713 924 5768 suttl,
949 5703 1076 5756 licet
1102 5705 1442 5770 reperiantur
1471 5703 1524 5754 iit
1555 5716 1684 5754 mss.

156 5759 510 5838 liiideutntss”
552 5789 569 5821 ι
609 5772 730 5824 etsi
764 5773 834 5825 ita
867 5759 968 5838 est,
1006 5759 1240 5827 constat.
1282 5793 1298 5824 ι
1336 5772 1494 5827 Libl).
1526 5771 1681 5834 editi,

159 5846 176 5880 ι
201 5843 242 5886 et
272 5839 311 5889 si
334 5836 417 5890 illa
451 5851 549 5901 est,
586 5853 820 5896 constat.
857 5862 875 5894 ι
