3880 6518
529 360 630 416 5⁵27

1745 339 2068 405 ouIGENts
2105 348 2265 402 Περι
2303 349 2534 403 APan

530 495 596 532 ex
620 477 749 539 otio,
784 474 981 544 quibus
1008 482 1058 528 et
1093 474 1304 528 initium
1335 471 1538 527 habere
1567 472 1818 538 mundus,
1847 482 1903 526 et
1933 471 2093 525 linem
2125 478 2170 532 Α
2199 472 2341 525 ciam
2371 484 2694 542 permanere
2726 469 2778 524 in
2813 483 2948 524 con-

531 583 752 640 Sperare
780 568 1003 620 dicitur.

601 659 654 711 2.
691 656 748 710 Si
787 657 910 723 quis
951 666 1079 722 ergo
1121 660 1205 706 est
1237 651 1327 720 qui
1359 651 1678 706 adversetur
1715 654 1767 707 in
1803 653 1903 707 bac
1937 662 2093 722 parte

532 752 614 803 vel
657 747 962 803 auctoritati
1010 747 1305 814 Scriptura:
1358 744 1480 816 (16)
1529 755 1759 809 ιιοδινειξ,
1813 748 1893 800 vel
1946 747 2101 811 fidei,

536 844 869 913 iuqniremus
910 840 979 892 ab
1017 854 1082 892 eo
1130 848 1309 892 utrum
1357 841 1500 892 dicat
1546 839 1711 892 Deum
1746 831 2107 909 comprehch

536 936 665 987 dere
693 944 854 1000 posse
877 929 1083 992 omnia,
1131 945 1308 982 annon
1340 929 1534 997 posse?
1565 929 1630 983 Et
1659 930 1840 984 dicere
1885 931 2103 1000 quidem

537 1039 642 1077 non
691 1037 876 1090 posse,
933 1019 1215 1074 manifeste
1262 1021 1486 1089 impium
1531 1029 1632 1074 est.
1681 1021 1735 1075 Si
1771 1037 1921 1088 vero,
1962 1025 2106 1093 quod

536 1131 758 1172 necesse
783 1125 884 1182 est,
930 1114 1128 1168 dixerit
1154 1113 1280 1181 quia
1313 1113 1494 1166 omnia
1542 1115 1975 1181 comprehendit,
2021 1133 2111 1169 su-

537 1221 719 1282 perest
764 1219 822 1264 ut
867 1225 930 1265 eo
975 1211 1090 1277 ipso
1151 1223 1258 1277 quo
1311 1209 1695 1276 comprehendi
1762 1216 2017 1276 possunt,
2057 1219 2110 1263 et

539 1305 749 1358 initium
793 1304 994 1358 habere
1044 1303 1416 1369 intelligantur
1460 1311 1513 1356 et
1555 1301 1738 1355 finem.
1783 1301 1915 1354 Nam
1965 1302 2108 1371 quod

539 1401 751 1467 penitus
782 1399 899 1452 sine
947 1397 1104 1450 initio
1143 1396 1252 1449 ullo
1297 1404 1410 1461 est,
1453 1393 1838 1464 comprehendi
1887 1393 2110 1447 omnino

539 1507 645 1546 non
692 1498 888 1561 potest.
921 1488 976 1542 lu
1012 1497 1492 1558 quantumcunque
1539 1486 1682 1538 enim
1713 1501 1771 1540 se
1810 1467 2112 1540 iutelhictus

537 1583 872 1647 estenderit,
903 1581 955 1636 in
983 1591 1188 1636 tantum
1215 1565 1706 1648 comprehendeudi
1742 1577 1974 1632 facultas
1995 1580 2113 1633 sine

541 1681 646 1731 line
691 1676 1012 1731 subducitur
1055 1685 1109 1731 et
1151 1672 1418 1738 differtur,
1462 1673 1551 1728 ubi
1600 1672 1810 1726 initium
1865 1686 1969 1726 non
2012 1672 2109 1725 ha-

543 1771 723 1823 betur.

610 1861 664 1914 5.
699 1859 804 1914 Sed
839 1859 1014 1915 solent
1043 1859 1200 1914 nobis
1225 1857 1462 1926 objicere
1492 1856 1733 1911 dicentes
1763 1873 1776 1908 :
1811 1871 1829 1904 ι
1860 1853 1915 1909 Si
1947 1855 2112 1925 cmpit

542 1951 775 2006 mundus
817 1968 884 2008 ex
923 1961 1168 2021 tempore
1199 1947 1332 2022 (l7),
1377 1949 1506 2017 quid
1557 1955 1681 1999 aute
1715 1945 1946 2000 faciebat
1974 1947 2115 2000 Deus

542 2062 703 2114 quam
735 2045 970 2100 mundus
1013 2043 1310 2113 inciperet?
1337 2033 1579 2097 Otiosaiu
1629 2042 1771 2094 enim
1816 2051 1871 2094 et
1921 2041 2115 2094 immo-

545 2139 702 2193 bilem
743 2138 924 2192 dicere
959 2145 1213 2190 naturam
1263 2134 1388 2197 Dei,
1440 2134 1661 2201 impium
1709 2140 1796 2186 est
1845 2131 2010 2186 simul
2059 2140 2116 2185 et

543 2229 838 2284 absurdum
880 2227 1017 2296 (l8),
1042 2225 1125 2281 vel
1156 2235 1348 2294 putare
1384 2224 1527 2294 quod
1577 2223 1792 2276 bonitas
1821 2223 2114 2291 aliquando

545 2323 680 2376 bene
721 2336 825 2374 non
876 2318 1102 2379 fecerit,
1141 2329 1192 2370 et
1233 2317 1623 2385 omnipotentia
1672 2314 1962 2384 aliquando
2007 2328 2113 2367 non

544 2415 714 2484 egerit
762 2421 1122 2482 potentatum.
1155 2409 1268 2464 Hoc
1321 2409 1476 2463 nobis
1522 2409 1759 2476 objicere
1809 2408 1982 2461 solent
2031 2409 2112 2461 di-

546 2507 795 2561 centibus
823 2505 1078 2558 mundum
1112 2503 1252 2556 hunc
1279 2517 1345 2555 ex
1375 2512 1525 2555 certo
1572 2511 1814 2568 tempore
1854 2501 2113 2568 cwpisse,

545 2608 600 2653 et
626 2597 918 2652 secundum
950 2595 1246 2664 Scriptura:
1280 2597 1437 2648 fidem
1488 2608 1658 2646 annos
1690 2608 1907 2664 quoque
1941 2594 2116 2647 aetatis

549 2690 717 2760 ipsius
771 2689 1202 2742 numerautibus.
1245 2688 1325 2740 Ad
1385 2701 1535 2755 quas
1568 2687 1962 2754 propositiones
2009 2700 2114 2740 non

547 2784 788 2838 arbitror
814 2780 1044 2851 aliquem
1087 2781 1467 2835 hmreticorum
1503 2780 1806 2831 secundum
1848 2779 2114 2832 rationem

2207 574 2392 634 spectu
2434 578 2573 627 meo,
2606 564 2740 617 dicit
2773 562 2955 616 Domi-

2209 671 2310 708 nus
2323 657 2422 710 ι’.»
2447 656 2597 722 Quod
2623 663 2800 707 autem
2829 662 2956 707 ante

2209 749 2353 804 hunc
2427 749 2684 802 mundum
2755 745 2958 800 fuerint

2207 845 2368 897 etiam
2417 843 2541 905 alii,
2591 840 2955 896 Ecclesiastes

2208 935 2444 988 ostendit
2496 935 2724 988 dicetis:
2765 950 2782 982 α
2815 931 2954 998 Quid

2210 1037 2292 1079 cst
2322 1027 2462 1093 quod
2508 1025 2708 1078 factum
2755 1021 2953 1078 est?ld

2213 1125 2382 1192 ipsum
2412 1123 2551 1192 quod
2588 1122 2824 1176 futurum
2854 1129 2956 1175 est.

2213 1199 2279 1270 Et
2325 1216 2452 1285 quid
2501 1223 2584 1268 est
2620 1214 2760 1283 quod
2809 1227 2959 1267 crea-

2215 1317 2322 1361 tum
2340 1307 2455 1362 est?
2479 1305 2591 1360 Hoc
2606 1289 2799 1374 ipsum
2815 1303 2958 1374 quod

2213 1400 2542 1462 creandum,
2594 1408 2648 1451 et
2695 1397 2829 1451 nihil
2874 1403 2958 1450 est

2213 1493 2434 1552 omnino
2463 1505 2649 1544 recens
2690 1492 2790 1543 sub
2819 1489 2953 1544 sole.

2216 1588 2320 1642 Sed
2393 1585 2514 1654 quis
2591 1586 2842 1652 loquetur
2905 1593 2957 1638 et

3618 353 3694 409 533

3023 468 3136 520 est?
3169 465 3338 530 ipsum
3362 469 3487 536 quod
3513 470 3697 537 futurum

3025 571 3121 614 est.
3182 557 3244 610 Et
3316 575 3410 611 non
3460 569 3528 613 est
3586 579 3700 618 omne

3027 667 3213 706 novum
3246 651 3336 704 sub
3375 651 3472 704 sole
3506 656 3623 718 quod
3645 657 3703 708 lo-

3026 755 3219 815 quntur
3245 755 3290 797 et
3318 744 3448 797 dicat
3470 743 3614 800 :Ecce
3628 749 3698 804 hoc

3030 854 3212 891 novum
3288 850 3380 890 est.
3433 834 3548 890 lam
3600 843 3703 894 enim

3031 931 3130 1000 fuit
3179 930 3232 982 in
3279 929 3476 983 stecuiis
3527 931 3708 996 pristinis

3027 1040 3143 1092 qum
3195 1023 3404 1092 fuerunt
3439 1031 3547 1076 ante
3578 1039 3707 1077 nos.»

3032 1117 3184 1183 Quod
3255 1116 3582 1169 testimonium
3635 1133 3713 1173 non

3031 1211 3198 1267 solum
3234 1212 3418 1280 fuisse,
3444 1211 3523 1264 sed
3554 1210 3714 1278 futuros

3031 1305 3254 1358 mundos
3332 1320 3437 1358 esse
3509 1313 3714 1367 testatur,

3029 1416 3131 1453 non
3167 1397 3321 1469 quod
3379 1395 3527 1450 simul
3564 1407 3606 1449 et
3647 1414 3718 1464 pu-

3029 1493 3156 1546 riter
3218 1507 3394 1545 omnes
3458 1491 3607 1559 ﬁant,
3656 1491 3719 1543 sed

3031 1587 3168 1640 alius
3197 1595 3308 1655 post
3347 1583 3525 1637 alium.

2214 1681 2372 1741 dicet,
2402 1677 2538 1732 Ecce
2564 1678 2665 1731 hoc
2701 1692 2896 1730 novum
2927 1677 3042 1730 est?
3076 1676 3195 1731 .Iam
3227 1676 3330 1731 fuit
3368 1676 3417 1729 id
3458 1676 3508 1729 in
3555 1675 3722 1728 suculis

2217 1789 2334 1842 qua:
2397 1775 2614 1826 fuerunt
2679 1781 2805 1824 ante
2869 1784 2967 1823 nos
3003 1770 3121 1823 ⁵ο.»
3177 1769 3385 1836 Quibus
3455 1768 3725 1821 testimoniis

2219 1877 2508 1934 utrumque
2556 1861 2716 1917 simul
2768 1863 3052 1933 probatur,
3097 1861 3241 1930 quod
3289 1869 3344 1914 et
3396 1868 3517 1912 ante
3568 1857 3726 1911 fuerint

2215 1959 2437 2023 smeula,
2465 1964 2519 2011 et
2557 1954 2734 2010 futura
2778 1955 2888 2008 sint
2929 1953 3297 2024 postmodum.
3331 1951 3445 2006 Non
3476 1961 3633 2004 tamen
3658 1966 3728 2018 pu-

2217 2051 2435 2104 tandum
2485 2057 2574 2104 est
2622 2052 2807 2118 plures
2853 2047 3081 2101 mundos
3127 2045 3283 2100 simul
3330 2059 3485 2110 esse,
3525 2045 3606 2097 sed
3641 2054 3729 2110 post

2217 2145 2358 2197 hunc
2408 2141 2620 2196 initium
2707 2139 2933 2193 aliorum
3009 2138 3247 2190 futurum
3291 2134 3440 2208 (20);
3488 2135 3548 2188 de
3581 2132 3734 2201 quibus

2216 2251 2360 2290 nunc
2407 2249 2509 2288 non
2556 2247 2638 2288 est.
2690 2232 3056 2288 necessarium
3107 2243 3204 2298 per
3247 2229 3456 2300 singula
3511 2239 3732 2298 repetere,

2216 2344 2339 2384 cum
2363 2327 2473 2396 jam
2507 2327 2557 2383 id
2587 2329 2638 2380 in
2669 2325 3038 2396 superioribus
3072 2322 3387 2398 fecerimus.

2286 2422 2341 2479 4.
2387 2421 2519 2474 Illud
2564 2435 2694 2474 sane
2761 2420 2936 2474 otiose
2987 2417 3426 2488 praetereundum
3475 2430 3574 2468 non
3623 2414 3734 2466 arlii‘

2219 2527 2332 2571 tror
2382 2513 2535 2589 (9.1),
2582 2516 2726 2584 quod
2779 2512 3076 2582 Scriptura:
3144 2520 3347 2566 sancta:
3413 2508 3733 2563 conditionem

2219 2608 2403 2662 mundi
2443 2623 2583 2662 novo
2613 2606 2848 2675 quodam
2879 2613 2935 2658 et
2983 2606 3205 2674 proprio
3239 2602 3460 2657 nomine
3509 2613 3738 2665 nuncupa-

2218 2711 2444 2767 verunt,
2494 2699 2736 2753 dicentes
2774 2695 3083 2767 καταϐολὴν
3137 2695 3356 2760 mundi,
3410 2692 3547 2762 quod
3593 2689 3742 2743 Latine

548 2876 816 2943 dogmatis
844 2875 925 2928 sui
959 2891 1116 2944 posse
1151 2874 1307 2927 facile
1338 2871 1687 2941 respondere.

550 2964 658 3020 Nos
716 2981 849 3021 vero
904 2973 1298 3033 consequenter

553 3060 996 3129 respondebimus
1043 3057 1156 3130 (l9)
1203 3058 1302 3109 ob-

551 3161 832 3205 servantes
891 3149 1132 3220 rcguiaui
1183 3131 1299 3217 pie-

553 3247 712 3310 tatis,
754 3255 809 3302 et
848 3248 1126 3311 dicentes,
1168 3259 1303 3313 quo-

553 3343 700 3396 niam
731 3358 838 3397 non
891 3352 1017 3396 tunc
1067 3341 1300 3411 primum

553 3453 674 3493 cum
766 3436 1029 3491 visibilem
1141 3435 1301 3488 istum

555 3530 816 3584 mundum
913 3528 1042 3583 fecit
1121 3528 1303 3590 Deus.

554 3621 722 3690 erepit
753 3620 998 3690 operari,
1034 3617 1128 3672 sed
1163 3618 1306 3672 sicut

556 3721 676 3779 post
703 3709 1108 3777 corruptionem
1145 3704 1302 3771 hujus

555 3805 661 3857 erit
695 3803 834 3857 alius
865 3803 1118 3866 mundus,
1146 3800 1222 3852 ita
1251 3807 1304 3853 et

558 3907 844 3964 antequam
928 3894 1020 3948 hic
1119 3901 1303 3955 esset,

560 3987 730 4042 fuisse
810 3986 946 4041 alios
1007 3986 1304 4042 credimus.

558 4083 712 4150 Quod
777 4091 1068 4152 utrumque
1115 4083 1310 4135 divinae

561 4177 860 4245 Scriptura:
981 4174 1310 4227 auctoritate

562 4265 890 4322 firmabitur.
955 4266 1089 4320 Nam
1170 4266 1311 4334 quod

561 4359 665 4414 erit
689 4368 810 4429 post
836 4359 976 4412 hunc
1001 4359 1137 4412 alius
1163 4373 1315 4410 ruun-

561 4451 664 4504 dus
695 4451 859 4506 lsaias
883 4451 1064 4514 docet,
1091 4450 1308 4503 dicens:

569 4563 588 4596 ι
619 4547 732 4599 Erit
779 4545 973 4599 cmlmu
1028 4560 1223 4599 novum
1259 4553 1314 4598 et

559 4645 710 4688 terra
743 4651 904 4700 nova,
931 4651 1051 4704 qua:
1094 4653 1194 4705 ego
1227 4636 1312 4690 fa-

641 4821 686 4853 ⁸³
707 4819 830 4876 lsai.
863 4825 1116 4890 Lstu,‘2‘2..
1181 4828 1224 4858 ⁵⁰
1239 4824 1421 4880 Ecclc.
1452 4839 1489 4886 ιν
1525 4822 1578 4877 9-

571 5084 745 5143 dt‘est,
784 5100 802 5130 ι
829 5082 956 5132 ullo.
985 5098 1003 5131 ι

643 5151 730 5217 (ιτ

643 5155 756 5291 liii

579 5521 598 5553 ι
629 5504 786 5556 bene.
816 5523 833 5552 ι

647 5573 756 5644 (19)
799 5575 942 5645 tlave
967 5581 1023 5626 et
1052 5583 1210 5626 caute
1244 5576 1378 5645 lege.

646 5640 758 5714 ('30)
802 5643 1018 5696 luitium
1063 5640 1602 5711 alioritufl'itturuni.
1652 5643 1745 5699 Sic
1791 5657 1923 5699 mss.
1961 5640 2147 5710 Alias,

581 5731 603 5769 ί
627 5714 844 5774 interim
881 5715 1014 5769 alios
1045 5714 1272 5769 futuros.
1299 5735 1316 5767 ι

1506 2977 1721 3015 IIIERON.
1755 2977 1974 3020 INTERP.

1370 3053 1539 3108 Nobis
1612 3064 1786 3107 autem
1839 3056 2008 3122 placet
2068 3065 2114 3108 et

2223 2789 2515 2861 improprie
2551 2789 2874 2842 translatum
2923 2788 3354 2841 constitutionem
3415 2781 3587 2837 mundi
3623 2781 3744 2833 dixe-

2223 2895 2388 2947 runt;
2422 2879 2694 2952 καταϐολή
2731 2896 2854 2934 vero
2901 2881 2952 2933 iu
2997 2877 3187 2934 Grzeco
3216 2879 3393 2948 magis
3439 2876 3654 2944 dejicere
3685 2872 3742 2922 εἰ.

2221 2976 2461 3047 gnificat,
2494 2975 2546 3027 id
2574 2984 2660 3027 est
2713 2974 2966 3026 deorsum
3014 2972 3221 3041 jacere,
3266 2969 3412 3040 quod
3453 2966 3632 3022 Latine
3670 2963 3748 3016 iui-

2223 3068 2461 3139 proprie,
2505 3076 2566 3120 ut
2616 3065 2885 3125 diximus,
2917 3062 3363 3118 constitutionem
3419 3057 3594 3112 mundi
3643 3052 3748 3124 (Si)

1370 3161 1490 3201 tmte
1518 3148 1654 3201 [tunc
1679 3150 1930 3200 mundum
1953 3149 2116 3202 alium

2245 3159 2562 3228 nterpretati
2623 3166 2786 3220 sunt,
2837 3157 2975 3211 sicut
3034 3155 3087 3208 in
3146 3151 3445 3222 Evangelio
3496 3147 3748 3204 secundum

1370 3239 1532 3308 fuisse
1574 3242 1846 3308 mundum,
1895 3249 1944 3292 et
2005 3251 2115 3309 post

1370 3336 1558 3399 istum,
1622 3336 1786 3388 alium
1857 3335 2116 3404 futurum.

1382 3429 1469 3483 Vis
1527 3431 1726 3484 discere
1785 3432 1924 3500 quod
2004 3439 2120 3499 post

1371 3529 1751 3591 corruptionem
1766 3525 1924 3592 hujus
1939 3524 2123 3577 ntuudi

1371 3617 1509 3670 alius
1558 3621 1626 3670 sit
1683 3619 1935 3685 futurus?
1980 3619 2123 3670 Audi

1373 3708 1572 3763 Isaiam
1601 3711 1892 3779 loquentem
1917 3724 1935 3762 :
1965 3729 1982 3761 ι
2008 3712 2122 3763 Erit

1373 3805 1556 3857 ccc/um
1627 3822 1811 3859 uorum
1864 3813 1913 3857 et
1984 3813 2124 3857 terra

1375 3914 1525 3960 nova,
1557 3914 1672 3968 qua'
1697 3915 1788 3968 ('gO
1819 3913 2125 3967 permanere

1374 3990 1512 4059 facio
1545 3994 1597 4044 in
1637 4004 1913 4061 conspectu
1941 4007 2073 4044 meo.
2102 4011 2120 4042 ι

1389 4081 1473 4136 Vis
1519 4102 1668 4137 nosse
1701 4085 1840 4154 quod
1886 4095 2006 4138 ante
2045 4085 2128 4155 fn-

1377 4175 1571 4228 bricnm
1607 4177 1760 4229 istius
1797 4178 2000 4240 mundi,
2027 4177 2119 4229 alii

1378 4273 1557 4322 mundi
1600 4272 1652 4322 in
1703 4275 1966 4340 prmtcrito
2016 4271 2132 4340 fue-

1380 4365 1533 4417 rint?
1566 4367 1821 4418 zluscultu
1859 4363 2132 4418 Ecclesia-

1379 4470 1490 4510 sten
1534 4472 1550 4508 :
1599 4479 1615 4508 ι
1665 4458 1800 4523 Quid
1857 4467 1932 4513 est
1991 4461 2131 4528 quod

2220 3250 2482 3307 Joannem
2528 3266 2651 3305 eum
2698 3249 2830 3305 dicit
2875 3247 3166 3302 Salvator:
3206 3261 3225 3295 (
3254 3244 3320 3298 Et
3352 3243 3461 3298 erit
3518 3236 3752 3294 tribulatio

2224 3346 2278 3398 in
2343 3342 2446 3397 illis
2505 3342 2693 3396 diebus
2753 3339 2929 3410 qualis
2986 3353 3090 3391 non
3146 3335 3246 3388 fuit
3311 3349 3339 3386 a
3409 3329 3758 3388 constitutione

2223 3435 2407 3490 mundi
2429 3433 2497 3499 ⁵⁸,
2521 3452 2541 3486 ι
2576 3434 2662 3487 hic
2685 3432 3000 3486 constitutio
3027 3426 3298 3498 καταϐολή
3329 3426 3475 3480 dicta
3503 3431 3581 3478 est
3605 3441 3617 3476 ι
3643 3418 3756 3490 quod

2228 3529 2298 3581 ita
2345 3526 2758 3599 intelligendum
2809 3533 2892 3578 est
2940 3523 3080 3576 sicut
3132 3520 3380 3588 superius
3433 3515 3760 3585 exposuimus.

2227 3619 2331 3673 Sed
2365 3628 2420 3672 et
2454 3616 2746 3686 Apostolus
2797 3616 2849 3668 iu
2907 3612 3148 3683 Epistula
3201 3612 3265 3664 ad
3306 3608 3571 3678 Ephesios
3611 3605 3762 3661 eodem

2226 3725 2477 3764 sermone
2522 3723 2654 3762 usus
2689 3718 2770 3762 est
2814 3722 2936 3760 cum
2969 3707 3045 3758 ait
3083 3723 3096 3759 :
3134 3721 3152 3754 ‹
3181 3702 3283 3769 Qui
3337 3700 3504 3771 elegit
3542 3713 3633 3752 nos
3669 3705 3769 3748 ante

2230 3804 2414 3858 mundi
2459 3801 2908 3856 c0ustitutionem
2940 3798 3018 3865 ",
3046 3817 3064 3849 ι
3120 3806 3174 3851 et
3217 3797 3307 3850 hic
3353 3790 3766 3850 constitutionem

2229 3897 2413 3950 mundi
2455 3894 2757 3965 καταϐολὴν
2789 3893 2947 3958 dixit,
2981 3891 3170 3944 eodem
3205 3903 3369 3942 sensu
3400 3902 3509 3957 quo
3559 3880 3770 3952 superius

2233 3988 2574 4057 interpretati
2641 4001 2828 4040 smnus
2884 3981 3307 4053 intelligendam.
3358 3979 3587 4050 Dignum
3639 3975 3771 4045 igitur

2230 4084 2443 4137 videtur
2474 4080 2750 4149 inquirere
2785 4079 2911 4147 quid
2953 4087 3035 4131 est
3073 4076 3214 4144 quod
3256 4075 3358 4128 hoc
3383 4088 3526 4126 novo
3554 4070 3660 4142 ('35)
3698 4083 3770 4118 uo-

2233 4175 2376 4228 miue
2407 4173 2675 4227 indicetur
2703 4189 2717 4222 :
2750 4181 2806 4224 et

2232 4269 2489 4331 arbitror,
2535 4252 2795 4333 quoniaui
2854 4262 2979 4330 qui-
3213 4271 3406 4313 \‘EBSlO
3437 4272 3484 4311 s.
3510 4269 3648 4310 ηεειι.

2232 4360 2354 4415 dem
2386 4359 2506 4413 ﬁnis
2539 4367 2595 4411 et
2618 4370 2983 4420 .consmnna-
3063 4352 3325 4407 Divinitus
3452 4343 3777 4402 habitaculum

2237 4445 2310 4506 tio
2339 4460 2650 4507 sanctorum
2682 4450 2787 4503 erit
2816 4449 2870 4502 in
2904 4449 2987 4500 his
3059 4447 3174 4515 (ΕΜ)
3226 4456 3274 4500 et
3330 4461 3507 4498 veram
3582 4439 3777 4509 requiem

1384 4549 1533 4618 fuit?
1577 4550 1756 4620 Ipsum
1807 4553 1946 4622 quod
2011 4537 2358 4618 nihl)qu
2429 4563 2533 4601 non
2599 4546 2854 4598 videntur
2936 4553 2990 4596 et
3062 4541 3204 4608 apud
3278 4555 3494 4608 superos
3575 4535 3781 4589 existimo

1386 4641 1452 4695 Et
1491 4644 1616 4713 quid
1651 4657 1724 4698 est
1764 4647 1901 4713 quod
1931 4645 2134 4714 factum

801 5151 928 5203 Vide
965 5151 999 5203 Ι.
1032 5167 1065 5202 ιι
1098 5151 1432 5220 0rigcuian.,
1460 5151 1627 5220 q.12,
1657 5167 1709 5205 n.
1737 5150 1789 5204 4.

800 5221 890 5274 Sic
940 5236 1069 5276 mss.
1121 5218 1293 5284 Alias,
1335 5218 1502 5288 .quid
1547 5232 1670 5274 ante
1710 5221 1946 5274 faciebat
1993 5218 2138 5274 Deus

574 5289 862 5358 antequam
921 5296 1150 5345 mundus
1212 5294 1409 5346 fieret?
1465 5293 1694 5345 otiosam
1763 5294 1905 5345 enim
1957 5289 2142 5343 dicere

574 5376 820 5416 naturqu
876 5362 1000 5424 Dei,
1049 5367 1282 5416 otiosum
1333 5375 1432 5417 cst.
1461 5382 1479 5414 ›
1532 5361 1733 5416 Ibidem
1785 5378 1940 5424 mss.,
1989 5379 2006 5410 (
2041 5360 2141 5411 ali-

573 5434 788 5501 quando
818 5434 953 5485 bene
990 5450 1093 5486 non
1136 5434 1352 5490 fecerit.
1380 5454 1398 5485 ι
1437 5434 1493 5487 lu
1541 5444 1699 5487 antea
1743 5432 1903 5487 editis
1952 5431 2141 5497 deest,

805 5784 935 5858 Ynle
970 5786 1004 5836 I.
1043 5801 1079 5838 η
1113 5784 1446 5855 0rigeuian.,
1473 5803 1528 5856 q.
1556 5786 1655 5850 1‘3.

647 5855 762 5925 (22)
802 5856 1060 5911 Dixerunt
1104 5871 1123 5911 .'

1167 5854 1442 5930 καταϐολή
1481 5854 1598 5914 itero
1648 5859 1702 5912 in
1754 5854 1937 5912 (ἐνωεο
1982 5854 2150 5928 magis

1655 4823 1697 4852 δι
1727 4822 1922 4876 Matth.
1952 4839 2103 4888 xxxv,
2127 4823 2218 4878 ξι.

641 4937 753 5009 (l6)
792 4937 1099 4996 Scriptum.
1126 4940 1283 4994 Deest
1315 4942 1365 4994 in
1394 4952 1550 4993 antea
1577 4939 1755 5001 editis,
1782 4939 1876 4992 sed
1905 4940 2138 4992 habetur

573 5011 624 5062 iu
661 5024 791 5064 mss.
820 5009 961 5062 Iul'ra
1000 5026 1155 5074 mss.,
1190 5030 1207 5061 ι
1235 5015 1350 5065 sine
1390 5012 1546 5065 initio
1573 5011 1682 5064 ullo
1707 5021 1808 5064 est.
1833 5028 1852 5060 ι
1891 5009 1947 5063 ln
1975 5012 2138 5065 editis

2243 4656 2444 4700 aeterna
2491 4651 2650 4708 sunt,
2699 4656 2766 4694 ex
2822 4640 2991 4708 ipsius
3064 4631 3306 4702 intelligi,
3332 4632 3387 4684 in
3419 4647 3522 4700 qun
3561 4635 3782 4680 creatura:

2311 4825 2356 4856 ⁵²
2387 4824 2584 4893 Ephes.
2623 4822 2736 4888 1,4.

2246 4941 2468 5010 dejicere
2491 4940 2772 5010 signiﬁcat.
2797 4939 2852 4992 id
2877 4946 2952 4992 est
2976 4938 3220 4990 deorsum
3241 4937 3441 5006 jacere,
3467 4930 3790 5010 qitod_LtI_t_iue

2251 5001 2558 5078 iniproiirie:
2589 5001 2640 5062 ui
2690 5013 2939 5072 diximus,
2985 5001 3406 5061 constitutionem
3443 5001 3647 5078 mundi.
3688 5001 3789 5076 Ila'c

2245 5077 2364 5150 qua:
2393 5083 2457 5134 de
2491 5097 2590 5134 suo
2630 5082 2830 5148 adjecit
2865 5081 3112 5141 Rufinus,
3163 5080 3212 5131 in
3246 5081 3505 5130 omnibus
3550 5077 3792 5130 habentur

2249 5167 2420 5214 niss.;
2458 5154 2548 5204 scd
2581 5153 2780 5204 omissa
2817 5151 3022 5204 suntin
3057 5160 3217 5202 antea
3251 5150 3428 5201 editis.
3491 5216 3503 5218 _
3563 5215 3576 5218 _
3750 5210 3759 5218 _

2319 5221 2432 5293 (25)
2480 5222 2646 5275 Novo.
2683 5223 2840 5276 Deest
2874 5225 2924 5274 iu
2954 5230 3126 5293 antea
3153 5217 3452 5293 editis,sed
3491 5215 3790 5293 habetur_iu

2250 5282 2386 5346 mss.
2417 5282 2584 5346 Paulo
2627 5303 2746 5358 post
2783 5307 2934 5355 mss.,
2967 5311 2984 5341 ‹
3017 5306 3081 5344 ex
3117 5291 3284 5358 ipsius
3328 5291 3449 5340 linis
3481 5282 3792 5350 contempla-

2252 5367 2416 5418 tione.
2447 5383 2464 5414 ι
2498 5357 2654 5418 Ιλίιὼί.
2683 5373 2839 5416 antea
2886 5363 3036 5427 editi,
3075 5379 3093 5412 ι
3119 5357 3174 5414 et
3208 5361 3375 5429 ipsius
3415 5357 3545 5411 linis
3575 5365 3794 5410 εοιιιειιι-

2252 5437 2418 5505 platio
2457 5445 2556 5487 cst.
2587 5453 2604 5486 ι

2320 5505 2430 5576 (ili)
2474 5504 2746 5576 Diviuilus
2769 5502 3146 5576 habitaculum,
3176 5510 3283 5554 etc.
3327 5499 3451 5576 Harp
3489 5511 3609 5566 ψιίε
3639 5493 3792 5576 ¹⁰⁰Ψ¹Ῐ

2248 5571 2581 5645 superiorem
2608 5575 2674 5626 ab
2707 5572 3281 5645 HicrOnymoallatum
3307 5572 3488 5645 statim
3516 5571 3793 5645 sequuulut'

2250 5637 2500 5714 in'epist.
2527 5645 2593 5698 ad
2622 5646 2867 5706 Avitum,
2899 5637 2994 5697 aut
3031 5642 3398 5698 dissimulavit
3438 5638 3680 5714 Rutilius,
3714 5637 3793 5714 aut

2251 5698 2580 5841 iidul'teravit
2625 5698 2710 5771 ruti
2743 5698 2916 5789 liquet
2946 5730 3014 5770 ex
3051 5714 3338 5782 utriusque
3370 5711 3675 5766 versionum
3699 5698 3795 5756 coi-

2274 5797 2470 5841 allone.

2274 5790 2470 5843 alioue.
