3880 6540
121 388 201 446 529

118 513 211 565 linis
261 510 399 582 15o
449 515 774 585 contempla-

118 606 239 670 tione,
274 608 400 661 sicut
441 608 491 661 in
540 611 781 678 superio-

114 700 226 754 ribus
263 700 555 769 frequenter
591 715 778 759 osten-

114 792 262 845 dimus.
289 791 461 846 Simile
496 794 650 848 etiam
696 812 783 850 ra-

117 886 338 939 tionabiles
364 896 637 949 creaturas
684 891 781 945 ha-

115 980 244 1032 buisse
263 982 565 1036 censendum
591 991 689 1038 est.
712 986 779 1040 Et

117 1070 148 1124 si
170 1070 243 1123 tale
267 1072 460 1125 initium
492 1073 778 1133 habuerint

113 1160 267 1227 qualem
318 1162 468 1215 tinem
524 1175 740 1233 sperant
761 1207 776 1232 ,

109 1252 269 1305 fuerunt
307 1254 416 1310 sine
461 1257 625 1313 dubio
664 1258 774 1327 jam

105 1346 152 1397 ab
173 1346 293 1401 initio
321 1348 367 1402 in
400 1351 479 1404 his
512 1366 634 1421 qua:
668 1370 774 1409 non

103 1443 292 1497 videntur
311 1454 360 1499 et
388 1456 591 1503 aeterna
626 1462 773 1507 sunt.

102 1534 212 1600 Quod
231 1538 268 1590 si
303 1549 400 1604 est,
435 1542 501 1594 de
530 1547 778 1613 superio-

102 1629 208 1682 ribus
252 1631 309 1684 ad
358 1632 615 1690 inferiora
679 1640 773 1694 de~

101 1731 286 1773 sccnsurn
319 1734 397 1776 est
441 1741 546 1781 non
596 1728 769 1785 solum

100 1814 145 1866 ab
161 1814 225 1868 bis
244 1816 502 1875 animabus
526 1822 637 1895 (23)
653 1841 772 1895 quae

101 1901 135 1953 id
158 1914 354 1960 motuum
404 1926 626 1967 suorum
681 1931 773 1969 va-

101 1993 238 2050 rietate
255 2012 771 2067 meruerunt,verum

100 2091 135 2134 et
161 2088 210 2137 ab
236 2086 310 2144 bis
341 2106 454 2158 qua:
497 2095 564 2147 ad
606 2097 772 2153 totius

99 2175 228 2230 mundi
282 2179 635 2240 ministerium
704 2204 769 2242 ex

97 2264 167 2319 illis
192 2273 531 2339 superiorilms
572 2287 629 2333 et
680 2281 771 2333 in-

94 2360 328 2419 visibilibus
359 2369 424 2420 ad
478 2372 598 2425 haec
639 2371 771 2429 infe-

95 2450 193 2504 riora
206 2462 251 2507 et
274 2455 495 2511 visibilis
514 2461 767 2518 deducta.-

94 2549 196 2607 sunt,
216 2542 323 2599 licet
350 2562 452 2601 non
486 2550 765 2620 volentes;

97 2646 110 2678 ι
134 2634 308 2688 vanitati
357 2640 555 2709 quippe
612 2658 769 2698 crea-

96 2728 175 2774 tura
221 2727 435 2797 subjecta
499 2744 589 2788 est
662 2752 767 2791 non

76 2810 243 2879 volens,
268 2820 349 2872 sed
389 2834 615 2892 propter
643 2840 767 2880 eum

92 2899 155 2965 qui
191 2905 391 2974 subjecit
425 2912 479 2965 in
525 2930 628 2982 spe
649 2917 717 2980 ⁸³,
744 2937 762 2969 ι

92 3003 165 3055 qua
184 2995 250 3049 vel
275 2998 365 3065 sol,
393 3002 472 3056 vel
503 3004 654 3069 luna,
685 3008 769 3062 vel

92 3083 227 3151 stella,
263 3091 334 3145 vel
365 3097 537 3165 angeli
583 3102 769 3167 exple-

94 3186 176 3230 rent
203 3180 493 3251 obsequium
538 3191 765 3259 mundo,

93 3271 210 3325 etbis
237 3277 499 3335 animabus
539 3298 667 3352 qua:
703 3288 771 3342 ob

94 3362 234 3421 nimios
270 3370 496 3430 defectus
542 3380 769 3446 mentis,

92 3456 376 3518 crassioribus
417 3466 537 3521 istis
581 3478 639 3523 et
682 3485 772 3527 so-

91 3542 304 3606 lidioribus
334 3555 621 3627 indignere
646 3577 767 3617 cor-

91 3638 269 3705 poribus,
302 3653 354 3698 et
410 3661 636 3720 propter
676 3668 770 3709 eos

91 3729 231 3793 quibus
265 3736 356 3793 boc
396 3753 514 3797 erat
570 3760 769 3801 neces-

92 3823 265 3893 sarium,
335 3835 569 3892 mundus
666 3838 771 3895 iste

92 3914 206 3972 etiam
229 3924 434 3984 visibilis
478 3932 770 3990 institutus

92 4016 163 4060 est.
192 4012 249 4068 Ex
289 4020 385 4077 hoc
430 4039 562 4095 ergo
620 4042 771 4083 com-

95 4108 268 4164 muniter
334 4122 575 4173 omnium
674 4138 770 4192 per

94 4194 191 4253 hanc
224 4205 623 4275 sigrriiicantiam
644 4256 658 4279 ,
713 4216 766 4271 id

94 4294 149 4336 εδι
179 4308 253 4361 per
274 4301 587 4375 καταϐολὴν,
619 4321 647 4358 a
678 4322 763 4361 su-

95 4376 320 4441 Periuribns
372 4393 436 4445 ad
501 4394 765 4449 inferiora

96 4465 251 4526 videtur
301 4475 514 4542 indicari
592 4488 764 4543 dedu-

95 4558 184 4613 ctio.
224 4562 358 4634 Spem
414 4587 547 4627 sane
599 4575 765 4630 liber-

98 4651 185 4705 tatis
228 4659 452 4718 universa
507 4676 764 4723 creatura

96 4741 191 4803 gerit
213 4755 258 4800 ut
283 4764 309 4803 a
336 4755 612 4810 servitutis
649 4774 768 4813 cor-

98 4835 281 4899 nl[itione
321 4840 598 4913 liberetur,
641 4864 765 4904 cum

98 4918 161 4975 ﬁlii
185 4924 257 4982 Dei
280 4934 361 5001 qui
388 4936 469 4990 vel
502 4938 762 5009 prolapsi.

98 5014 153 5067 vel
202 5021 399 5094 dispersi
490 5042 654 5099 sunt,
712 5036 764 5089 in

98 5122 209 5168 unum
270 5120 455 5180 fuerint
536 5144 766 5199 congre-

99 5203 188 5268 Sati,
208 5210 273 5265 vel
305 5228 415 5269 cum
450 5229 649 5275 caetera
682 5222 765 5276 of-

141 5318 176 5356 "
198 5327 327 5387 lium.
365 5349 478 5402 vin,
500 5337 595 5392 ΞΟ.

1373 400 1569 458 LiBER
1609 407 1934 465 TERTIUS.

858 520 1199 576 rationabiles
1223 538 1601 582 commorantes
1633 533 1677 587 Α
1705 532 1865 583 steria
1886 573 1899 597 ,
1937 544 1987 585 ut
2034 535 2304 588 ruentibus
2345 553 2457 588 ma—

855 624 1132 684 antequam
1201 618 1270 671 ad
1348 621 1598 688 inferiora

856 705 970 761 loca
1011 709 1406 779 descenderent,
1447 724 1495 767 et
1540 717 1602 769 de

856 798 1206 856 inuisibilibus
1256 806 1324 857 ad
1376 806 1601 860 visibilia

855 894 1293 961 commigrarent,
1367 909 1600 952 ruentes-

853 1001 952 1053 que
1006 989 1075 1040 ad
1141 1000 1335 1043 terram
1412 1000 1603 1048 crassis

855 1079 1130 1145 coporibus
1174 1083 1484 1152 indigerent,
1516 1103 1606 1140 an-

854 1168 999 1237 tiqua
1071 1172 1381 1229 beatitudine
1453 1180 1649 1245 frue-‘

856 1258 1067 1318 bantur.
1136 1263 1286 1319 Unde
1363 1273 1604 1326 conditor

858 1350 995 1405 Deus
1058 1354 1178 1422 fecit
1230 1359 1305 1412 eis
1370 1377 1600 1431 congrua

852 1441 1134 1500 humilibus
1177 1450 1304 1503 locis
1347 1469 1600 1521 corpora,

852 1544 900 1585 et
949 1538 1199 1593 mundum
1244 1543 1400 1597 istum
1433 1548 1603 1601 visibi-

851 1622 949 1676 lem
993 1626 1281 1693 fabricatus
1311 1646 1415 1696 est,
1448 1640 1602 1692 mini-

850 1726 1087 1788 strosque
1152 1724 1213 1775 ob
1276 1725 1495 1783 salutem
1553 1742 1600 1784 et

850 1814 1230 1879 correptionem
1284 1834 1465 1874 eorum
1513 1827 1601 1894 qui

852 1905 1175 1973 ceciderunt,
1200 1911 1341 1964 misit
1372 1914 1425 1967 in
1457 1933 1603 1973 mun-
1633 1888 1676 1943 Β

851 1996 1009 2063 dum;
1035 2016 1098 2053 ea:
1124 2004 1311 2071 quibus
1339 2007 1433 2060 alii
1463 2021 1602 2065 certa

851 2089 1140 2147 obtinerent
1172 2094 1308 2160 loca,
1332 2108 1377 2151 et
1418 2103 1602 2156 mundi

852 2186 1251 2241 necessitatibus
1300 2190 1599 2261 obedirent;

850 2275 944 2328 alii
993 2279 1230 2348 injuncta
1284 2284 1385 2337 sibi
1432 2288 1598 2357 officia

849 2368 1071 2437 singulis
1122 2374 1412 2445 quibusque
1471 2389 1599 2433 tem~

848 2460 1064 2527 poribus
1089 2481 1208 2532 qua:
1236 2470 1372 2520 novit
1400 2471 1599 2540 artifex

853 2550 1010 2618 Deus,
1048 2558 1231 2611 sedula
1277 2572 1446 2617 mente
1489 2575 1597 2617 tra-

848 2652 1070 2699 ctarent.
1103 2646 1169 2700 Et
1209 2665 1272 2702 ea:
1308 2654 1390 2705 Iris
1430 2655 1598 2709 subli-

848 2739 1016 2793 miora
1048 2743 1233 2797 mundi
1275 2746 1390 2801 loca
1433 2752 1512 2804 sol
1548 2762 1599 2806 et

847 2829 974 2884 luna
1020 2842 1070 2886 et
1137 2835 1301 2891 stella:
1363 2857 1480 2910 qua:
1532 2845 1595 2896 ab

845 2926 1096 2993 Apostolo
1182 2943 1426 2989 creatura
1513 2938 1596 2992 di-

846 3030 1061 3086 cuntur,
1107 3038 1437 3093 acceperunt.
1468 3028 1598 3094 Quae

847 3122 1090 3167 creatura
1118 3118 1340 3171 vanitati
1364 3120 1597 3186 subiecta

845 3211 921 3255 est
965 3219 1025 3257 eo
1064 3206 1203 3274 quod
1249 3210 1443 3263 crassis
1492 3212 1598 3265 cir-
1624 3234 1670 3296 ο

846 3300 1097 3354 cumdata
1168 3305 1479 3373 corporibus
1548 3318 1595 3361 et

846 3394 1083 3461 aspectui
1116 3406 1323 3462 pateat;
1350 3405 1399 3450 et
1425 3407 1596 3452 tamen

845 3501 948 3539 non
998 3498 1179 3555 sponte
1228 3490 1465 3557 subjecta
1520 3502 1596 3544 est

844 3576 1094 3643 vanitati,
1132 3579 1224 3632 sed
1268 3590 1479 3648 propter
1510 3598 1596 3635 vo-

847 3665 1099 3721 luntatem
1158 3668 1273 3738 ejus
1324 3672 1414 3739 qui
1479 3688 1594 3725 eam

840 3758 1061 3827 subjecit
1112 3759 1166 3812 in
1220 3777 1328 3828 spe.
1372 3760 1439 3814 Et
1488 3762 1592 3816 ite-

840 3864 960 3902 rum
1002 3849 1156 3903 :Alii
1204 3868 1324 3905 vero
1379 3853 1433 3907 in
1482 3853 1593 3907 sin-

838 3939 975 4007 gulis
1024 3938 1151 3993 locis
1200 3950 1356 4010 atque
1394 3952 1592 4010 tempo-

840 4030 1005 4095 ribus,
1049 4047 1166 4099 qute
1207 4036 1349 4084 solus
1400 4034 1593 4102 artifex

840 4123 977 4175 novit
998 4160 1014 4184 ,
1070 4123 1253 4175 mundi
1326 4123 1589 4190 guberna-

837 4212 971 4265 culis
1005 4213 1269 4277 serviunt,
1314 4229 1441 4283 quos
1494 4230 1590 4267 an-

838 4304 981 4373 gelos
1028 4320 1139 4358 esse
1192 4306 1476 4358 credimus.
1527 4305 1591 4360 Et

837 4406 961 4465 post
1035 4397 1312 4466 paululum
1360 4417 1371 4451 :
1420 4397 1586 4462 Quem

838 4506 1014 4543 rerum
1092 4491 1331 4543 ordinem
1424 4491 1587 4544 torius

1712 636 1835 672 num
1879 624 2185 690 porrigant;
2222 624 2332 678 ilch
2369 643 2458 679 ca-

1711 722 1905 777 guntur
1941 712 2181 779 ingratae,
2211 724 2265 765 ut
2311 724 2456 769 tanto

1711 806 1935 867 tempore
1976 801 2029 853 in
2084 814 2320 873 suscepto
2354 807 2458 874 ofﬁ-

1710 891 1790 944 cio
1848 905 2191 961 perseverent.
2236 895 2301 950 Et
2353 898 2455 953 ite-

1713 999 1828 1036 rum
1859 1003 1871 1037 :
1906 984 1987 1037 Ea:
2010 1002 2112 1054 quo
2138 989 2377 1056 sequitur
2403 1000 2459 1043 ut

1710 1074 1772 1127 ob
1824 1076 1997 1129 varios
2074 1087 2245 1132 motus
2322 1083 2457 1133 varii

1711 1176 1952 1221 creentur
1974 1178 2019 1222 et
2046 1171 2248 1236 mttndi,
2272 1182 2316 1225 et
2344 1184 2455 1239 post

1710 1262 1847 1313 hunc
1921 1278 2071 1331 quem
2155 1264 2456 1330 incolimus,

1711 1352 1850 1404 alius
1924 1352 2087 1405 nauita
2185 1354 2457 1410 dissimilis

1712 1444 1935 1494 mundus
1987 1443 2099 1509 ﬁat.
2155 1441 2457 1516 Nullusque

1708 1530 1846 1583 alius
1891 1534 2105 1588 diversis
2157 1538 2364 1591 casibus
2407 1550 2455 1592 et

1708 1624 2051 1691 pro/actibus,
2087 1635 2135 1678 et
2174 1631 2248 1681 vel
2293 1630 2457 1685 virtu-

1709 1724 1817 1767 tum
1838 1718 2089 1784 pra'miis,
2112 1720 2184 1771 vel
2211 1722 2453 1776 vitiorum

1708 1808 2000 1877 suppliciis,
2030 1820 2074 1863 et
2104 1812 2157 1864 in
2190 1816 2453 1881 prtesenti,

1706 1910 1754 1953 et
1809 1904 1861 1955 in
1924 1904 2137 1971 futuro,
2193 1917 2348 1977 atque
2402 1912 2456 1966 in

1707 1996 1944 2050 erunibus
2033 2008 2084 2052 et
2178 2012 2354 2067 retro,
2406 2014 2454 2057 et

1706 2087 1882 2153 priora
1922 2092 2238 2158 temporibus
2287 2107 2452 2164 potest

1706 2180 1894 2233 merita
1931 2183 2251 2250 dispensare,
2292 2200 2337 2241 et
2386 2194 2454 2244 ad

1708 2286 1870 2325 unum
1900 2290 2106 2329 rursum
2144 2278 2302 2345 linem
2337 2298 2457 2337 cun—

1706 2370 1789 2416 cta
1817 2371 2137 2433 pertrahere.
2170 2374 2270 2426 nisi
2314 2377 2455 2430 solus

1706 2459 1947 2521 conditor
1998 2464 2229 2517 omnium
2278 2467 2451 2533 Deus.

1704 2550 1795 2617 qui
1849 2553 1945 2605 scit
2006 2572 2193 2609 causas
2244 2571 2455 2627 propter

1703 2656 1834 2708 quas
1877 2643 2009 2699 alios
2042 2648 2311 2713 permittat
2354 2668 2452 2706 sua

1702 2736 1908 2805 perfrui
1961 2740 2247 2809 voluntate,
2292 2754 2339 2798 et
2390 2748 2454 2801 de

1706 2827 1996 2897 majoribus
2032 2834 2100 2885 ad
2146 2833 2331 2888 ultima
2366 2838 2454 2891 de-

1704 2913 1835 2981 labi,
1855 2918 1987 2973 alios
2005 2920 2220 2991 incipiat
2241 2926 2452 2981 visitare

1704 3016 1751 3059 et
1794 3010 2055 3078 gradatim
2092 3017 2245 3082 quasi
2289 3033 2449 3071 manu

1704 3098 1832 3152 data
1861 3101 1929 3154 ad
1973 3104 2251 3169 pristinum
2287 3116 2450 3161 retra-

1706 3187 1825 3243 liere
1856 3199 2080 3255 statum,
2117 3205 2163 3247 et
2200 3196 2251 3247 in
2286 3196 2453 3251 subli-

3177 416 3280 471 53:0

2533 533 2652 587 ficia
2704 533 3044 604 expleverint
3080 534 3133 588 in
3179 537 3280 591 lmc

2531 627 2761 690 mundo,
2815 641 2933 696 qure
2984 626 3134 681 solus
3180 642 3277 683 co-

2526 720 2738 787 gnoscit
2789 722 3027 774 omnium
3073 722 3273 776 artifex

2527 808 2690 861 Deus.
2746 807 2928 863 'l‘alem
2999 824 3160 874 vero,
3214 826 3279 864 ac

2529 905 2734 952 tantum
2810 900 3114 967 putandum
3194 911 3279 957 est

2528 988 2725 1044 factum
2780 1006 2901 1046 esse
2974 992 3276 1059 mundum,

2526 1079 2616 1147 qui
2668 1078 2751 1133 vel
2801 1093 2992 1134 omnes
3023 1094 3115 1135 eas
3162 1083 3280 1134 ani-

2528 1190 2643 1229 mas
2690 1190 2812 1243 quae
2858 1177 2911 1230 in
2948 1178 3048 1257 hoc
3079 1180 3278 1232 mundo

2528 1277 2744 1324 statuta:
2803 1278 2929 1324 sunt
2996 1274 3237 1326 exerceri
3261 1315 3276 1339 ,

2526 1368 2770 1429 caperet,
2813 1361 2895 1414 vel
2949 1377 3142 1418 omnes
3186 1379 3279 1418 eas

2525 1454 2756 1509 virtutes
2796 1469 2914 1525 quae
2950 1457 3142 1511 adesse
3176 1458 3275 1520 eis,

2525 1556 2580 1597 et
2611 1546 2924 1614 dispensare
2955 1562 3066 1609 eas,
3104 1564 3166 1603 ac
3192 1551 3279 1618 ju-

2526 1653 2653 1691 varc
2685 1648 2884 1708 paratae
2923 1651 3068 1695 sunt.
3103 1640 3275 1696 Unius

2526 1741 2758 1795 natnqne
2791 1736 2998 1783 natura:
3025 1743 3145 1784 esse
3168 1744 3280 1783 0m-

2526 1836 2621 1876 nes
2655 1821 3004 1877 rationabiles
3049 1832 3273 1878 creatu-

2526 1926 2613 1967 ras
2652 1912 2797 1984 (26),
2847 1927 2911 1967 ex
2956 1913 3137 1969 multis
3189 1928 3280 1969 as-

2527 2004 2859 2059 sertionibus
2950 2005 3276 2075 comproba-

2526 2107 2613 2152 tur
2639 2114 2655 2153 :
2685 2114 2781 2168 per
2806 2100 2947 2169 quod
2974 2099 3146 2156 s‘lum
3180 2099 3276 2156 Dei

2520 2189 2723 2256 justitia
2825 2192 3077 2247 omnibus
3180 2208 3242 2248 ea
3259 2223 3275 2233 ο

2529 2299 2645 2338 rum
2708 2284 2834 2355 (Ξῖ)
2905 2287 3271 2355 dispensatio-

2530 2374 2688 2429 nibus
2772 2374 2982 2430 defendi
3058 2384 3237 2446 potest
3258 2418 3271 2441 ,

2528 2464 2653 2518 dum
2701 2478 3035 2533 unaquaeque
3083 2466 3135 2520 in
3188 2482 3276 2521 se-

2527 2553 2755 2621 metipsa
2831 2555 2994 2608 habet
3080 2570 3274 2610 causas

2526 2642 2667 2710 quod
2718 2643 2771 2697 in
2824 2643 2936 2709 illo,
2980 2647 3060 2700 vel
3095 2648 3146 2700 in
3183 2647 3275 2702 illo

2527 2734 2651 2787 vitae
2677 2733 2870 2789 ordine
2902 2737 3075 2803 posita
3107 2738 3198 2792 sit.

2595 2824 2647 2878 5.
2683 2825 2833 2880 lianc
2874 2841 3004 2896 ergo
3050 2828 3277 2897 disposi-

2525 2918 2724 2973 tionem
2754 2919 2849 2974 Dei
2889 2936 3048 2989 quam
3087 2930 3274 2990 postea

2523 3015 2829 3079 ordinavit,
2869 3015 2981 3083 jam
3040 3025 3165 3073 tunc
3207 3020 3274 3072 ab

2524 3110 2733 3179 origine
2752 3111 2935 3165 mundi
2968 3111 3273 3167 rationibus

2524 3203 2807 3271 causisque
2845 3209 3149 3275 perSpectis
3179 3220 3274 3259 eo-

1699 3280 1866 3334 mibus
1896 3282 2168 3340 collocare.
2526 3306 2644 3345 rum
2686 3293 2776 3362 qui
2811 3294 2891 3349 vel
2930 3310 3026 3363 pro
3056 3294 3271 3351 defectu

1700 3370 1896 3425 mentis
1930 3374 2116 3430 venire
2163 3376 2213 3429 in
2250 3391 2476 3447 corpora
2513 3385 2885 3449 merebantur,
2931 3385 3015 3440 vel
3063 3400 3253 3441 eorum

1698 3461 1786 3528 qui
1829 3461 2119 3519 visibilium
2156 3467 2447 3541 cupiditate
2488 3474 2859 3541 raptabantur,
2904 3478 3000 3530 sed
3049 3485 3104 3532 et
3151 3476 3274 3531 illo-

1702 3567 1817 3606 rum
1851 3556 1940 3623 qui
1986 3555 2069 3610 vel
2096 3557 2334 3613 volentes
2368 3559 2479 3632 (28)
2508 3563 2591 3615 vel
2623 3563 2775 3618 inviti
2811 3575 3067 3633 praestare
3093 3566 3271 3624 cilicia

1697 3645 1940 3714 quredam
1972 3646 2054 3701 his
2081 3649 2170 3716 qui
2217 3649 2271 3702 in
2317 3651 2456 3706 hunc
2502 3661 2700 3708 statum
2744 3656 3080 3723 deciderant,
3114 3674 3266 3734 com-

1697 3736 2035 3804 pellebantur
2066 3740 2132 3793 ab
2163 3754 2226 3794 eo
2252 3742 2342 3810 qui
2377 3742 2427 3795 in
2467 3757 2560 3812 spe
2587 3744 2926 3813 subjiciebut,
2959 3764 3061 3804 non
3104 3750 3273 3805 intel-

1698 3827 1924 3896 ligentes
1961 3829 2202 3898 quidam,
2237 3846 2336 3887 nec
2383 3834 2727 3892 advertentes
2771 3840 2915 3907 quod
2953 3854 3019 3895 es
3069 3856 3269 3910 praece-

1695 3916 1949 3972 dentibus
1981 3918 2135 3974 liberi
2167 3920 2378 3976 arbitrii
2404 3925 2581 3980 causis
2610 3927 2854 3982 instituta
2887 3930 3075 3985 fuisset
3104 3946 3133 3984 a
3164 3930 3270 3985 Deo

1696 4010 2067 4080 dispositionis
2092 4014 2194 4069 ista
2228 4017 2480 4082 varietas,
2506 4018 2755 4074 arbitrati
2783 4030 2905 4075 sunt
2925 4022 3007 4076 vel
3032 4021 3269 4077 fortuitis

1695 4102 1933 4155 motibus
1962 4102 2045 4157 vel
2076 4101 2224 4158 fatali
2258 4107 2583 4160 necessitate
2612 4109 2693 4178 agi
2725 4111 2902 4164 omnia
2932 4126 3053 4179 qua:
3083 4112 3135 4165 in
3166 4113 3269 4167 hoc

1694 4187 1895 4245 mundo
1937 4190 2098 4257 fiunt,
2153 4208 2251 4249 nec
2292 4210 2414 4249 esse
2461 4196 2661 4266 aliquid
2703 4198 2753 4252 in
2793 4208 2976 4253 nostro
3016 4201 3265 4257 arbitrio.

1694 4282 1850 4337 Unde
1881 4298 1981 4338 nec
2011 4284 2106 4340 Dei
2149 4287 2545 4356 providentiam
2577 4288 2956 4359 inculpabilem
2988 4293 3270 4361 assignare

1690 4383 2014 4442 potuerunt.

1760 4489 1813 4545 6.
1854 4488 2010 4542 Sicut
2055 4497 2233 4543 autem
2275 4490 2533 4554 diximus,
2578 4491 2704 4558 quia
2745 4492 2950 4557 multis,
2984 4494 3065 4547 vel
3103 4492 3265 4547 mini-

836 4582 1019 4634 mundi
1064 4582 1191 4651 regit
1222 4580 1585 4648 Providentia,
1622 4572 1666 4626 D
1696 4582 1865 4645 stris,
1906 4579 1991 4634 vel
2043 4580 2363 4645 rectoribus,
2409 4580 2492 4634 vel
2528 4582 2945 4637 auxiliatoribus
2992 4595 3264 4651 eguerunt

838 4671 963 4723 dum
994 4673 1116 4725 alia:
1156 4674 1372 4726 virtutes
1400 4673 1466 4726 de
1508 4689 1594 4726 su-

839 4761 1168 4818 blimioribus
1291 4774 1547 4818 corruunt
1572 4804 1587 4829 ,

836 4855 958 4909 alite
1018 4856 1277 4925 paulatim
1341 4857 1595 4910 labuntur

837 4945 892 4998 in
932 4957 1136 5012 terras;
1178 4948 1295 5002 ista:
1348 4947 1593 5001 volunta—

838 5041 933 5094 ria:
1015 5039 1378 5103 descendunt,
1466 5038 1589 5093 aliw

835 5131 1236 5200 praecipitantur
1267 5131 1477 5197 invitat;
1507 5130 1591 5183 lue

836 5234 1020 5294 sponte
1083 5224 1377 5293 suscipiunt
1433 5222 1592 5275 mini-

144 5458 226 5540 (ξ)
246 5465 325 5540 Sic
352 5488 475 5530 mss.
505 5475 564 5531 ln
589 5476 747 5531 editis
776 5479 1048 5532 omittitur
1082 5492 1101 5527 ί
1133 5475 1330 5539 solum,
1356 5491 1374 5523 ι
1399 5480 1456 5527 et
1487 5485 1585 5540 pro

103 5532 355 5617 ﬂgitium
378 5561 397 5594 ι
434 5546 630 5617 legitur
661 5566 679 5597 ί
708 5547 1068 5611 animalibus;
1108 5563 1127 5596 ›
1158 5553 1212 5599 et
1242 5532 1407 5613 paulo
1438 5532 1583 5611 post,

134 5596 308 5681 Ἠ)Ἷὲ
334 5596 631 5681 amissa
658 5596 1103 5681 an'vBlémiaf»

146 5666 227 5793 (ἓξ)
262 5676 378 5733 Vide
400 5679 440 5734 1.
459 5666 1030 5767 rr'o;r',;.;n..'.;';.:"s:
1046 5666 1103 5742 n.
1138 5685 1227 5742 tt.

148 5745 161 5805 ι
217 5750 230 5811 )
263 5745 328 5799 Ita
362 5764 487 5806 mss.
520 5753 660 5809 Editt
692 5767 894 5811 autem.
932 5774 950 5807 ι
980 5769 1227 5810 eorum.r

263 5745 328 5831 lt_a
362 5764 487 5806 mss.
520 5745 950 5831 Edil'i‘autesz
980 5745 1191 5831 eorum2
1215 5774 1232 5807 ι
1263 5752 1428 5831 P131110
1459 5759 1585 5831 ρρξι

104 5818 217 5877 ωσι
254 5819 422 5874 «hanc
470 5838 601 5893 ergo
653 5818 1057 5897 dispositionem
1102 5825 1259 5880 Dei.»
1314 5824 1371 5879 ln
1423 5818 1584 5878 editis

386 5918 652 5984 PLTROL.
694 5923 810 5989 Gn.
863 5924 968 5985 XI.

1691 4672 1885 4725 animae
1910 4685 2097 4725 omnes
2130 4686 2249 4740 quae
2280 4671 2331 4725 in
2360 4662 2466 4725 lioc
2496 4671 2696 4724 mundo
2737 4680 2964 4726 versatae
2995 4680 3121 4726 sunt
3150 4691 3163 4725 :
3192 4673 3269 4727 ita

1692 4765 1746 4818 in
1806 4763 2120 4818 novissimis
2173 4761 2506 4832 temporibus
2553 4777 2676 4816 cum
2711 4761 2822 4830 jam
2881 4762 3007 4821 linis
3070 4765 3270 4818 mundo

1691 4854 1977 4924 proximus
2024 4851 2368 4918 immineret,
2413 4858 2467 4904 et
2512 4851 2565 4905 in
2611 4849 2855 4905 ultimam
2908 4850 3269 4921 perditionem

1692 4960 1854 5000 omne
1882 4946 2178 4998 humanum
2207 4949 2455 5009 vergeret
2485 4955 2679 5010 genus,
2724 4940 3015 4995 infirmatis
3043 4956 3147 4995 non
3193 4956 3275 4995 so.

1698 5035 1927 5091 lumbis
1968 5036 2059 5104 qui
2094 5034 2440 5105 regebantur,
2486 5047 2676 5088 verum
2721 5033 2885 5087 etiam
2928 5032 3035 5088 illis
3075 5032 3273 5103 quibus

1702 5126 1923 5197 regendi
1971 5125 2150 5180 fuerat
2191 5123 2505 5178 sollicitudo
2547 5123 2860 5188 commissa,
2892 5138 2996 5178 non
3029 5122 3141 5191 jam
3179 5123 3271 5178 tali

1698 5218 1922 5285 auxilio,
1946 5232 2044 5272 nec
2069 5214 2340 5270 similibus
2368 5212 2482 5268 suis
2510 5212 2739 5283 indiguit
2760 5212 3157 5277 defensoribus,
3179 5212 3273 5267 sed

1693 5473 1843 5542 deest
1873 5490 1891 5523 s
1921 5486 2073 5542 ergo.
2105 5491 2123 5525 ι
2199 5505 2210 5542 ρ

1762 5541 1873 5613 (28)
1904 5540 2011 5613 Sic
2031 5557 2158 5596 mss.
2187 5540 2325 5613 Editi
2360 5554 2515 5613 vero,
2546 5558 2565 5593 ι
2595 5541 2894 5613 urgentes.»
2931 5541 3079 5597 Infra
3110 5555 3269 5609 mss.,

1696 5631 1715 5664 ι
1746 5610 1867 5681 quae
1902 5611 1955 5665 in
1992 5613 2096 5666 hoc
2133 5610 2334 5696 mrime
2389 5611 2544 5665 fiunt.
2577 5630 2595 5663 ι
2646 5610 2829 5694 Εᾱὶιίη
2856 5630 2873 5663 ι
2903 5628 3046 5696 quae
3074 5614 3125 5667 in
3168 5614 3268 5696 hoc

1691 5680 1893 5737 mundo
1930 5692 2125 5761 suun}
2172 5680 2339 5761 Paulo
2377 5691 2498 5761 post
2537 5696 2753 5761 mss.,_.«
2778 5680 2932 5761 sicut
2962 5693 3143 5740 autem
3185 5684 3265 5735 die

1692 5751 1889 5808 ximus.
1915 5772 1932 5804 ι
1973 5752 2139 5821 Editi,
2174 5769 2192 5802 ι
2223 5752 2363 5809 sicut
2395 5760 2577 5809 autem
2609 5752 2935 5807 audivimus.
2964 5771 2983 5803 ι

2835 5911 2905 5969 11
