3880 6540
133 444 219 504 π,
890 508 906 523 ⁸
1413 444 1611 499 suum
1657 443 1974 501 manus.
3218 468 3323 525 εει

134 550 436 609 indubitatam
468 546 584 613 qnis
615 548 820 618 ceperit
856 550 1124 621 salutem;
1170 554 1367 625 quibus
1426 558 1541 610 haec
1583 572 1647 609 ex
1683 561 1726 616 Α
1760 557 1856 609 hoc
1889 574 1915 612 a
1953 558 2111 616 Patre
2146 546 2424 634 discipulis
2452 568 2565 622 suis
2598 570 2891 641 impetrare
2936 576 3206 648 dignatur,
3240 583 3325 638 di-

129 642 274 698 esusis
296 639 367 694 vel
397 639 584 709 quibus
610 641 986 696 occasiOuibus
1035 643 1203 709 ﬁant;
1242 648 1437 715 quidve
1470 649 1520 702 in
1558 650 1641 704 his
1748 664 1922 704 cens:
1961 670 1978 703 ι
2022 652 2206 721 Pater,
2247 658 2365 712 volo
2413 671 2469 713 ut
2508 662 2595 715 ubi
2642 678 2740 732 ego
2782 680 2899 720 sum
2947 678 3002 724 et,
3062 671 3150 727 isti
3211 676 3320 729 εειη

130 737 241 790 intro
277 732 549 801 inspiciens
580 734 761 787 divina
812 735 1102 802 sapientia,
1132 739 1217 793 vel
1269 756 1406 809 quos
1464 752 1639 795 motus
1748 758 1992 809 mecum;
2027 754 2079 799 et
2110 746 2248 800 sicttt
2275 762 2373 817 ego
2414 760 2468 802 et
2496 763 2548 803 tu
2584 768 2747 807 unum
2790 771 2998 825 sumus,
3036 761 3107 815 ita
3145 773 3197 818 et
3230 764 3319 821 isti

129 826 336 894 propositi
366 838 545 878 eorum
571 824 758 879 videns
790 826 905 882 lucc
936 831 1187 885 universa
1212 831 1505 900 dispenset,
1536 832 1635 887 soli
1747 834 1796 885 in
1844 835 1997 889 nobis
2046 851 2210 891 unttm
2250 839 2357 892 sint
2386 841 2451 894 ⁸⁸.
2491 860 2511 894 ι
2549 842 2604 896 lu
2640 859 2748 912 quo
2780 844 2891 913 jam
2937 849 3148 906 videtur
3202 856 3317 924 ipsa

127 918 208 971 Deo
226 916 470 987 cognitum
490 924 573 969 est
604 924 655 969 et
686 916 971 989 Unigenito
990 923 1128 988 ejus,
1154 938 1247 991 per
1273 938 1429 990 quem
1453 936 1633 978 creata
1742 925 2039 980 similitudo
2067 927 2202 997 (40),
2234 930 2277 982 si
2311 931 2414 985 dici
2468 942 2668 1001 potest,
2700 939 2983 1006 prolicere,
3034 951 3087 996 et
3132 960 3198 998 ex
3244 950 3316 1001 si-

129 1025 173 1062 ac
204 1019 420 1076 reparata
456 1020 579 1064 sunt
634 1013 909 1077 universa,
945 1023 997 1067 et
1046 1013 1269 1083 Spiritui
1316 1024 1505 1071 sancto
1539 1034 1632 1087 per
1741 1017 1850 1069 mili
1901 1032 2064 1071 unum
2109 1018 2220 1086 jam
2276 1020 2540 1091 ﬁeri,pro
2588 1041 2653 1080 eo
2701 1028 2818 1083 sine
2864 1030 3027 1087 dubio
3065 1038 3207 1103 quod
3256 1039 3307 1093 in

124 1114 239 1169 quem
267 1110 444 1152 cuncta
471 1102 900 1163 sanctilicantur.
937 1106 1029 1173 qui
1066 1106 1133 1159 ab
1168 1107 1283 1175 ipso
1310 1108 1469 1163 Patre
1504 1124 1623 1178 pro.
1739 1111 2216 1164 consummatione
2245 1110 2328 1165 vel
2378 1111 2483 1167 line
2519 1114 2696 1169 omnia
2723 1127 2775 1171 et
2798 1117 2863 1188 [in
2896 1122 3147 1180 omnibus
3176 1125 3313 1182 Deus

118 1190 242 1255 cedit,
264 1191 336 1245 cui
368 1202 447 1245 est
475 1192 643 1263 gloria
678 1194 729 1247 in
767 1206 972 1250 :eterna
1005 1197 1224 1252 sarcula.
1258 1198 1451 1254 Amen.
1736 1208 1839 1253 est.

655 1330 881 1387 CAPUT
938 1334 1001 1388 VI
1794 1289 1847 1343 In
1867 1305 1973 1359 quo
1993 1296 2284 1364 requiritur
2302 1312 2329 1351 a
2350 1312 2483 1352 non-

1733 1382 1914 1447 nullis,
1973 1386 2017 1438 si
2076 1388 2211 1441 ratio
2273 1398 2481 1444 natura:

439 1443 521 1497 De
551 1449 1001 1501 consummatione
1030 1452 1233 1504 mundi.

1732 1491 2004 1545 corporeae
2070 1484 2314 1550 quamvis
2383 1499 2476 1538 ex-

1730 1582 1970 1639 purgatu?
2016 1575 2082 1627 ad
2130 1576 2388 1645 liquidum
2424 1588 2480 1633 et

1727 1665 1942 1730 penitus
1968 1667 2225 1735 spiritalis
2250 1669 2474 1734 elice-tte,

2697 1320 2907 1363 INTEBP.
2930 1326 3196 1366 SJIIERON.

2609 1393 2770 1461 Quia,
2793 1410 2845 1452 ut
2862 1404 3037 1456 crebro
3047 1405 3157 1474 jam
3175 1406 3309 1459 dixi-

2550 1502 2665 1541 mus
2687 1491 2818 1559 (4|),
2842 1496 3155 1564 principium
3188 1516 3305 1552 rur-

2552 1597 2642 1635 sus
2700 1600 2763 1637 ea:
2821 1586 2925 1652 ﬁne
2986 1601 3303 1657 generatur,

2550 1676 2805 1743 quwrilur
2856 1690 3031 1736 utrum
3091 1696 3137 1738 et
3184 1696 3305 1739 tunc

2552 1765 2734 1834 futura
2776 1770 2879 1825 sint
2934 1792 3185 1845 corpora,
3233 1797 3301 1834 an

2550 1858 2664 1912 sine
2691 1864 2992 1930 corporibus
3016 1867 3300 1937 aliquando

2548 1951 2816 2006 vivendum
2835 1958 2925 2020 sit,
2945 1974 3060 2009 cum
3088 1962 3299 2014 redacta

170 1553 206 1605 l.
228 1554 291 1608 De
316 1553 415 1610 line
443 1570 570 1611 vero
602 1561 783 1613 mundi
807 1569 860 1615 ct
886 1566 1357 1621 consummatione
1383 1572 1619 1627 omnium

106 1641 188 1709 iam
207 1642 404 1710 quidem
435 1652 489 1697 et
522 1644 577 1697 in
614 1649 986 1716 superioribus
1032 1669 1129 1723 pro
1167 1657 1374 1712 viribus
1422 1661 1620 1717 nostris

106 1730 420 1795 disseruimus,
456 1736 758 1790 secundum
794 1740 934 1807 quod
979 1742 1172 1799 divina:
1206 1745 1506 1817 Scriptura:
1539 1754 1620 1805 iu-
1728 1768 1833 1808 non
1904 1757 2149 1812 videatur
2215 1760 2479 1817 obsistere

106 1819 229 1872 dalsit
271 1823 583 1890 auctoritas,
620 1842 739 1894 quia:
790 1828 1034 1885 sulﬁcere
1087 1838 1152 1889 ad
1206 1837 1614 1898 instructionem
1723 1847 1809 1901 vel
1874 1849 1938 1903 ad
1988 1850 2352 1908 similitudinis
2395 1855 2477 1909 di-

107 1921 320 1978 putautus,
359 1918 547 1982 paucis
582 1919 748 1971 etiam
797 1938 937 1977 nunc
983 1926 1307 1994 admouitis,
1356 1937 1590 2001 quonian

1717 1941 1999 2011 gnitatem,
2040 1946 2117 1998 vel
2157 1946 2221 1999 ad
2252 1948 2476 2005 unitatis

104 2002 149 2051 ad
176 2000 472 2070 152hunc
530 2023 633 2063 nos
690 2011 865 2065 locum
927 2020 1240 2084 quaestionis
1295 2025 1428 2079 ordo
1486 2042 1611 2096 per-

104 2090 215 2144 duxit
238 2094 359 2162 (56).
390 2097 559 2166 Igitur
594 2114 868 2157 summum
914 2106 1113 2161 bonum
1147 2112 1213 2164 ad
1246 2116 1389 2182 quod
1424 2090 1611 2174 natura

104 2184 370 2241 rationabilis
402 2191 661 2245 universa
694 2194 935 2262 festinat,
968 2200 1108 2268 quod
1143 2202 1306 2257 etiam
1342 2205 1466 2261 linis
1498 2209 1609 2279 (57)

1717 2036 2136 2104 preprietatem;
2185 2042 2326 2108 quod
2379 2058 2474 2096 na-

1718 2132 1848 2179 tura:
1883 2127 2079 2183 divina)
2126 2144 2247 2199 qua:
2285 2132 2472 2201 utique

1716 2218 2030 2286 incorporea
2065 2231 2171 2283 est,
2203 2239 2301 2278 nec
2322 2227 2470 2280 simi-

2546 2040 2598 2092 in
2624 2044 2843 2097 nihilum
2868 2049 3101 2115 fuerint;
3131 2061 3179 2104 et
3215 2054 3297 2105 in-

2542 2138 2894 2203 corpore/ium
2928 2143 3032 2196 vita
3063 2145 3296 2215 incorpo-

2542 2224 2668 2277 ralis
2722 2243 2830 2280 esse
2876 2234 3135 2287 credenda
3188 2239 3291 2297 sit,

100 2276 283 2329 omnium
312 2279 523 2345 dicitur,
554 2299 584 2337 a
618 2286 1034 2355 quamplurimis
1066 2294 1227 2347 etiam
1262 2276 1608 2369 philosopho-

99 2368 296 2421 tumhoc
340 2372 496 2426 modo
534 2376 881 2443 terminatur,
917 2382 1041 2447 quia
1085 2399 1356 2441 summum
1408 2391 1606 2446 bonum

97 2456 160 2517 sit,
185 2469 317 2525 prout
346 2466 606 2529 possibile
632 2479 736 2536 est,
772 2471 1001 2528 similem
1038 2475 1153 2529 fieri
1191 2479 1320 2534 Deo.
1365 2480 1470 2535 Sed
1505 2485 1607 2539 hoc

98 2562 169 2598 non
197 2558 283 2602 tam
312 2553 546 2622 ipsorum
595 2558 892 2629 inventum,
927 2580 1088 2633 quam
1126 2581 1191 2623 ex
1226 2570 1424 2628 divinis
1458 2574 1609 2632 libris

96 2639 141 2689 ab
163 2641 223 2694 eis
250 2657 579 2715 assumptum
618 2661 769 2720 puto.
805 2654 916 2710 lloc
966 2674 1196 2730 namque
1229 2663 1427 2719 indicat
1462 2666 1608 2739 Moy-

95 2740 155 2780 ses
176 2741 277 2787 ante
307 2749 511 2803 omnes,
542 2754 669 2793 cum
698 2744 930 2811 primam
973 2752 1340 2808 conditionem
1374 2757 1607 2813 hominis

92 2831 257 2874 enarrat
283 2824 456 2881 dicens
488 2842 504 2880 :
546 2848 565 2881 ε
611 2830 676 2883 Et
705 2833 841 2887 dixit
875 2836 1017 2890 Deus
1049 2856 1063 2892 :
1098 2839 1385 2899 Faciamus
1432 2847 1607 2901 homi-

93 2924 178 2963 nem
204 2913 257 2966 ad
278 2914 556 2987 imaginem
586 2932 642 2975 et
674 2924 1086 2984 similitudinem
1117 2943 1378 2990 nostram.
1408 2957 1426 2989 ι
1456 2938 1606 2997 Tune

92 3003 233 3058 deinde
266 3007 401 3062 addit
432 3028 491 3064 ε(
526 3012 599 3067 Et
625 3014 749 3070 fecit
772 3018 910 3074 Deus
942 3021 1236 3091 hominem,
1262 3030 1329 3082 ad
1359 3032 1449 3084 Dei
1480 3034 1606 3086 ima-

90 3092 217 3159 ginem
243 3095 354 3150 fecit
381 3100 553 3167 illum,
583 3106 880 3162 masculum
907 3120 961 3164 et
986 3111 1241 3169 feminam
1268 3119 1392 3174 fecit
1412 3138 1527 3189 eos,
1551 3134 1607 3179 et

88 3181 297 3241 benedixit
317 3194 486 3251 eos“.
514 3214 533 3246 ι
562 3193 680 3248 Hoc
697 3211 823 3269 ergo
848 3204 986 3269 quod
1007 3206 1161 3273 dixit,
1185 3225 1204 3258 ι
1224 3210 1288 3263 ad
1309 3181 1597 3283 imaginem
1627 3236 1670 3294 α

90 3272 151 3328 Dei
176 3278 279 3334 fecit
307 3299 443 3353 cum,
482 3305 503 3338 ι
540 3300 601 3343 ct
629 3292 695 3345 de
731 3293 1084 3352 similitudine
1118 3299 1285 3369 siluit,
1318 3321 1421 3359 non
1449 3307 1594 3364 aliud

92 3365 240 3424 indicat
279 3377 372 3429 nisi
413 3380 557 3447 quod
611 3382 858 3454 imaginis
918 3390 1134 3465 quidem
1171 3394 1488 3462 dignitatem
1540 3402 1593 3455 in

90 3460 214 3522 prima
256 3468 549 3523 conditione
601 3475 842 3544 percepit
865 3477 1009 3549 (38);
1054 3460 1425 3543 similitudinis
1465 3505 1594 3546 vero

85 3553 281 3616 perfectio
310 3558 358 3611 itt
391 3566 868 3622 consummatione
899 3583 1115 3627 servata
1143 3586 1261 3639 est;
1296 3580 1503 3637 scilicet
1536 3595 1592 3639 ut

86 3641 165 3707 ipse
183 3645 266 3697 sibi
290 3662 398 3703 eam
428 3655 671 3720 propria:
710 3657 988 3714 industria:
1019 3665 1212 3719 studiis
1243 3683 1307 3722 ex
1343 3670 1435 3724 Dei
1470 3674 1591 3727 imi-

87 3736 232 3792 tatione
258 3746 641 3813 conscisceret,
689 3764 808 3804 cum
862 3756 1219 3821 possibilitate
1266 3761 1368 3815 sibi
1412 3765 1590 3831 perle-

85 3822 226 3881 uionis
262 3832 307 3884 in
353 3834 521 3891 initiis
582 3840 707 3893 data
738 3856 836 3911 per
870 3845 1123 3916 imaginis
1159 3851 1498 3921 dignitatem,
1534 3858 1585 3911 in

85 3910 157 3967 line
180 3917 357 3977 demum
383 3942 478 3996 per
504 3944 738 3998 operum
768 3935 1129 4003 expiationem
1164 3942 1455 4010 perlectam
1481 3948 1584 4001 sibi

84 4002 162 4070 ipse
184 4011 566 4074 similitudinem
610 4038 1037 4083 consummaret.
1066 4029 1169 4085 Sed
1196 4036 1437 4102 apertius
1470 4038 1584 4093 hanc

84 4107 119 4149 et
140 4104 394 4165 evidentius
426 4113 498 4165 ita
542 4129 608 4168 se
640 4117 840 4172 habere
871 4118 1105 4176 Joannes
1135 4127 1411 4192 apostolus
1451 4130 1581 4184 deli-

85 4192 153 4257 nit,
180 4198 257 4253 hoc
286 4205 430 4257 modo
461 4211 833 4275 pronuntians
866 4227 883 4265 :
922 4230 940 4263 ‹
966 4213 1162 4280 Ριιιοίι,
1197 4221 1431 4274 nondum
1470 4223 1577 4275 sci-

84 4295 165 4337 mus
188 4292 291 4357 quid
336 4295 493 4352 futuri
546 4315 780 4366 sumus;
824 4302 869 4357 si
919 4310 1049 4359 vero
1099 4308 1394 4365 revelatum
1426 4311 1579 4369 nobis

84 4368 197 4429 luerit
233 4384 287 4436 de
324 4387 635 4451 Salvatore.
670 4395 787 4449 sine
824 4396 988 4451 dubio
1038 4399 1251 4468 dicetis,
1287 4398 1501 4460 Similes
1526 4408 1576 4461 ei

82 4464 303 4527 erimus”.
334 4497 351 4529 ι
387 4479 486 4535 Per
516 4485 663 4551 quod
708 4488 1012 4543 certissime
1059 4492 1263 4548 indicat
1313 4504 1368 4550 et
1415 4495 1574 4553 linem

83 4555 276 4623 omnium,
307 4576 458 4630 quem
494 4571 673 4624 adhuc
702 4574 805 4627 sibi
834 4576 962 4631 dicit
996 4580 1258 4649 ignotum,
1287 4596 1342 4640 et
1382 4588 1575 4644 simili-

86 4644 256 4750 tudinem
298 4655 379 4709 Dei
409 4665 757 4733 sperandam,
788 4682 905 4737 qua:
944 4686 1041 4739 pro
1080 4677 1402 4734 meritorum
1451 4698 1576 4750 per-

746 4730 751 4733 ,
804 4730 819 4737 -
944 4730 957 4739 _
1254 4730 1289 4732 ρ
1451 4730 1539 4750 rv-

86 4730 251 4831 ltttioue
268 4753 618 4812 praestabitur.
642 4756 759 4823 ipse
789 4775 1003 4831 quoque
1036 4765 1295 4825 Dominus
1321 4772 1375 4827 in
1398 4773 1573 4829 Evan-

83 4826 180 4922 salio
216 4833 311 4891 hac
347 4844 529 4897 eadem
573 4848 685 4916 (59)
741 4866 848 4906 non
900 4855 1076 4910 solum
1131 4858 1331 4926 futura,
1386 4880 1569 4921 verum

84 4917 195 4971 etiam
216 4926 284 4980 sui
325 4931 709 4994 intercessione
759 4942 936 4998 futura
977 4947 1251 5019 designat,
1288 4954 1411 5007 dum
1457 4958 1571 5025 ipse

2537 2318 2742 2384 qualem
2768 2312 2771 2317 ’
2799 2332 2844 2372 et
2900 2323 2993 2376 Dei
3036 2328 3289 2383 novimus.

2544 2406 2653 2460 Nec
2700 2412 2914 2465 dubiant
2956 2426 3030 2468 est
3072 2421 3195 2484 quin
3246 2424 3294 2475 si

2541 2507 2714 2559 omnia
2759 2525 2978 2577 corpora
3028 2514 3098 2566 ad
3142 2533 3292 2570 mun-

2538 2594 2662 2647 dum
2683 2599 2841 2652 istaut
2864 2605 3155 2658 sensibilem
3178 2625 3291 2677 pcr-

2536 2687 2755 2753 tineant,
2798 2710 2914 2761 quae
2955 2699 3288 2764 appellantur

2537 2777 2600 2829 ab
2633 2780 2877 2847 Apostolo
2912 2787 3159 2855 visibilia,
3196 2793 3283 2859 fu-

1713 2308 1779 2362 lis
1804 2311 2048 2365 videatur
2074 2314 2179 2367 dici
2206 2330 2465 2385 corporea

1715 2411 1904 2456 natura
1938 2420 2117 2472 posse,
2167 2422 2265 2461 llCC
2304 2425 2466 2463 unum

1711 2509 1834 2548 cum
1885 2510 1946 2549 ea
1989 2511 2114 2551 vere
2162 2513 2226 2552 ac
2275 2502 2466 2557 merito

1712 2586 2008 2656 designari,
2062 2593 2296 2646 maxime
2344 2609 2464 2647 cum

1710 2678 1762 2731 id
1790 2679 1929 2747 quod
1972 2696 2134 2734 unum
2175 2692 2258 2737 est
2300 2683 2467 2739 Filius

1710 2784 1830 2823 cum
1891 2770 2071 2837 Patre,
2131 2775 2196 2827 ad
2258 2784 2466 2830 natura:

1708 2864 2461 2931 proprietatemreferendum
2536 2884 2653 2928 tura
2707 2878 2772 2931 sit
2826 2882 2928 2934 vita
2983 2885 3286 2957 incorpora-

1710 2955 1828 3008 lidei
1866 2957 2062 3011 veritas
2096 2957 2308 3013 doceat.
2536 2967 2663 3019 lium
2695 2971 3068 3036 incorporalis.

1778 3047 1845 3103 Et
1871 3048 2027 3117 paulo
2062 3063 2218 3119 post;
2254 3052 2397 3107 Illud
2426 3074 2626 3126 quoque
2653 3064 2790 3128 quod
2829 3065 2892 3117 ab
2932 3068 3109 3121 eodem
3144 3071 3285 3140 Ap..-

1706 3139 1840 3193 stolo
1866 3141 2102 3195 dicitur:
2141 3161 2157 3193 ι
2196 3142 2375 3199 Omnis
2418 3160 2659 3203 creatura
2699 3152 3011 3208 liberabitur
3044 3176 3075 3211 a
3118 3139 3283 3216 servi-

1705 3240 1809 3283 tute
1831 3234 2207 3300 corruptionis,
2228 3236 2279 3289 in
2309 3238 2591 3292 libertatem
2608 3241 2791 3310 gloriae
2808 3244 3039 3313 ﬁliorum
3064 3249 3157 3305 Dei
3174 3254 3237 3316 ⁸⁸,
3254 3273 3275 3307 ι

1696 3322 1771 3373 sic
1805 3322 2164 3393 intelligimus,
2193 3335 2249 3378 ut
2288 3329 2510 3395 primam
2557 3344 2851 3389 creaturam
2882 3340 3276 3397 rationabilium

1698 3421 1748 3464 et
1782 3413 2187 3483 incorporalium
2215 3433 2323 3471 esse
2367 3421 2625 3485 dicamus,
2658 3442 2774 3493 qua:
2804 3444 2907 3483 non
2939 3434 3127 3486 serriat
3161 3451 3277 3489 cor-

1702 3508 1955 3573 ruptioni,
1990 3525 2048 3562 eo
2080 3512 2218 3580 quod
2247 3528 2347 3565 non
2393 3515 2460 3566 sit
2494 3518 2673 3569 vestitu
2704 3523 3043 3588 corporibus;
3074 3536 3123 3578 et
3159 3528 3274 3579 ubi-

1694 3613 1894 3668 cunque
1943 3616 2158 3668 corpora
2196 3603 2411 3670 fuerint,
2454 3608 2629 3659 statim
2673 3615 2941 3679 corruptio
2985 3617 3273 3687 subsequa-

1694 3698 1798 3741 tur.
1834 3686 2023 3744 Postea
2054 3702 2228 3746 autem
2268 3694 2573 3749 liberabitur
2603 3701 2667 3751 de
2704 3703 2947 3756 servitute
2976 3711 3269 3776 corruptio-

1692 3780 1769 3833 nis
1808 3784 2016 3850 quando
2051 3786 2330 3852 receperint
2370 3790 2591 3855 gloriam
2639 3791 2869 3857 ﬁliorum
2900 3795 3014 3863 Dei,
3039 3810 3087 3852 et
3126 3800 3267 3856 Deus

1689 3869 1848 3936 fuerit
1882 3875 2057 3927 omnia
2090 3877 2142 3929 in
2170 3878 2432 3931 omnibus.

1760 3963 1820 4016 Et
1859 3967 1910 4017 in
1950 3967 2135 4019 eodem
2185 3968 2302 4023 loco
2335 3985 2349 4022 :
2387 3968 2450 4022 Ut
2484 3981 2655 4026 autem
2700 3976 3062 4045 incorporeum
3106 3983 3265 4049 linem

1686 4057 1913 4108 omnium
1962 4074 2133 4111 rerum
2184 4076 2291 4114 esse
2343 4063 2642 4126 credamus,
2691 4066 2785 4119 illa
2828 4084 2919 4122 nos
2973 4069 3264 4128 Saluatoris

1685 4151 1856 4202 oratio
1893 4162 2135 4216 provocat
2177 4153 2229 4205 in
2257 4171 2359 4223 qua
2385 4156 2457 4205 ait
2490 4170 2508 4207 :
2544 4173 2561 4205 ι
2603 4156 2673 4211 Ut
2708 4162 2964 4228 quomodo
2995 4180 3087 4233 ego
3119 4176 3165 4219 et
3208 4178 3265 4220 tu

1685 4256 1843 4293 unum
1872 4258 2071 4306 sumus,
2101 4245 2173 4296 sic
2206 4254 2254 4297 et
2298 4246 2383 4297 isti
2413 4246 2465 4300 in
2499 4248 2644 4301 nobis
2680 4265 2839 4303 unum
2879 4252 2984 4305 sint
3007 4256 3072 4307 5°.
3104 4275 3123 4308 ι
3169 4256 3265 4309 Et-

1680 4331 1813 4383 enim
1844 4332 1979 4385 scire
2004 4332 2246 4387 debemus
2276 4336 2400 4400 quid
2436 4337 2499 4388 sit
2532 4336 2693 4403 Deus,
2724 4350 2772 4392 et
2798 4343 2925 4409 quid
2954 4344 3021 4396 rit
3050 4344 3261 4412 futurus

1680 4420 1735 4473 in
1764 4421 1868 4486 [ine
1905 4419 2193 4475 Saluator:
2223 4436 2273 4476 et
2316 4425 2576 4493 quomodo
2620 4427 2673 4490 in
2726 4431 2921 4483 sanctis
2971 4434 3260 4489 similitudo

1680 4509 1859 4564 Patris
1906 4522 1952 4564 et
2003 4510 2134 4565 Filii
2181 4516 2499 4582 repromissa
2543 4519 2648 4581 sit;
2690 4521 2948 4587 quomodo
2984 4524 3036 4575 in
3083 4541 3137 4578 se
3180 4526 3260 4580 illi

1606 4570 1651 4627 Β
1677 4607 1841 4654 unum
1875 4612 2017 4668 sunt,
2053 4604 2129 4656 sic
2172 4616 2218 4658 et
2253 4605 2337 4658 isti
2369 4608 2422 4658 in
2473 4609 2545 4660 eis
2595 4626 2755 4662 unum
2799 4612 2925 4666 sint.
2969 4614 3073 4667 Aut
3119 4618 3259 4671 enim

1682 4694 2067 4762 suscipiendum
2101 4706 2173 4748 est
2216 4698 2570 4752 universitatis
2619 4700 2781 4754 Deum
2812 4705 2987 4757 vestiri
3020 4721 3255 4774 corpore,

1681 4794 1725 4837 et
1754 4789 2011 4851 quomodo
2041 4802 2132 4840 nos
2164 4788 2428 4851 carnibus,
2459 4791 2534 4842 sic
2584 4790 2732 4844 illum
2766 4794 2993 4862 qualibet
3034 4801 3257 4851 materia

1680 4878 2020 4944 circumdari,
2075 4887 2130 4931 ut
2171 4881 2462 4933 similitudo
2507 4883 2621 4935 vitae
2664 4882 2783 4949 Dei,
2828 4886 2882 4939 in
2926 4886 3030 4953 ﬁne
3058 4891 3254 4943 sanctis

1678 4971 1836 5037 possit
1873 4971 2071 5041 tl‘quari
2089 4988 2109 5035 ;
2141 4981 2230 5025 aut
2262 4973 2307 5024 si
2338 4972 2433 5026 lioc
2464 4973 2703 5028 indecens
2734 4986 2831 5041 est,
2859 4978 3085 5032 maxime
3110 4982 3254 5048 apud

131 5033 287 5098 "Gen.
318 5062 353 5114 ι,
379 5050 467 5117 26,
491 5054 583 5107 27.
660 5058 705 5091 ⁸⁷
739 5058 899 5118 Joan.
926 5079 1011 5131 ιιι,
1046 5068 1097 5130 '2,
1128 5070 1181 5122 5.
1258 5074 1302 5106 ⁸⁸
1332 5075 1489 5136 Joan.
1519 5100 1585 5138 xv

1693 5087 1767 5139 2|.
1868 5088 1912 5118 ⁵³
1947 5087 2099 5139 Rern.
2138 5103 2251 5151 vtu,
2283 5086 2371 5141 28.
2468 5087 2513 5118 ⁶⁰
2536 5085 2691 5141 Joan.
2720 5103 2853 5155 xvii,
2880 5089 2969 5144 21.

131 5178 343 5271 fide
362 5191 397 5246 1.
429 5195 828 5271 tt__0rigriiian.,
856 5218 909 5271 q.
944 5206 1027 5263 12.
1055 5225 1105 5263 n.
1133 5209 1185 5262 9.

130 5252 301 5344 (§7}Sic
322 5277 443 5317 mss.
472 5252 618 5322 Editi
640 5252 783 5337 vero,
810 5252 828 5322 ί
851 5252 969 5342 qua:
993 5252 1152 5331 etiam
1180 5281 1317 5336 linis.
1347 5303 1365 5335 ι
1398 5284 1563 5344 Paulo

84 5329 170 5447 im)
195 5341 320 5442 mss.,
357 5349 375 5381 ι
414 5329 942 5411 assumptum'pulo.
981 5367 999 5397 ι

131 5457 299 5559 ESlhlta
335 5486 458 5531 mss.
502 5477 638 5559 lilditi
681 5482 879 5559 autem,
918 5502 935 5535 σ
972 5494 1295 5559 perceperit.
1340 5513 1358 5545 ι
1397 5496 1564 5553 Paulo

196 5547 350 5623 nisi.“
375 5548 723 5623 possibilitate
770 5533 879 5605 sibi.
917 5533 1263 5620 perirecnimis
1296 5565 1347 5617 in
1397 5533 1565 5623 initiis

88 5598 649 5701 ﬁliiﬁlii{1'3"“056’
667 5640 701 5701 1
714 5598 1123 5701 ροβείρίῖίιθιρηι
1139 5598 1559 5701 είυῖρὶιντεειίυῗ

112 5666 118 5669 _
183 5666 193 5676 .
225 5670 235 5681 Ο
272 5675 282 5684 .
484 5666 649 5681 ν,,ν,,-,
679 5666 689 5669 -
714 5666 1238 5687 r---.........wmau.u
1269 5666 1559 5701 PCIICLHU'

87 5666 366 5765 rﬂtzrnuus
384 5680 594 5765 datam:
618 5706 640 5765 ι
665 5689 830 5765 Paulo
857 5693 995 5747 infra
1029 5712 1182 5765 mss.,
1218 5721 1235 5753 ι
1272 5706 1340 5757 ita
1377 5722 1436 5760 se
1457 5709 1561 5760 ΔΙιει-

618 5734 630 5739 -
665 5734 828 5744 --ων
1030 5734 1154 5753 ...πη
1218 5734 1234 5753 ι
1315 5740 1324 5753 .
1457 5742 1460 5745 λ

146 5734 415 5829 maxumas.
451 5770 475 5829 ι
505 5753 665 5829 Editj,
701 5777 719 5811 ‹
760 5763 811 5813 in
842 5777 901 5817 se
932 5764 1135 5822 habere
1167 5734 1436 5829 ἰοέιῖἒιὲςῗ
1464 5734 1488 5827 ἲ

146 5802 165 5815 φ
506 5802 665 5821 __--.,
703 5802 719 5811 .
760 5802 811 5813 ν..
842 5802 901 5817 αν
932 5802 1135 5822 “tum”;
1182 5802 1433 5829 auauuca.
1467 5802 1488 5827 I

130 5802 342 5902 {fingite
380 5822 575 5876 eadem.
610 5826 876 5885 Otuiltunt
905 5834 1037 5890 libb.
1086 5839 1237 5902 editi,
1265 5846 1356 5897 sed
1402 5850 1563 5899 resti-

89 5876 192 5929 luunt
212 5894 349 5940 nisu:
382 5906 500 5945 mox
534 5876 685 5965 mss.,
711 5876 1356 5981 "ipse"
1378 5876 1552 5972 ιῖὄὲἶλ

1672 5224 1833 5288 Editi,
1863 5243 1881 5275 α
1912 5224 2193 5312 denuntiat
2236 5226 2348 5293 ipse
2378 5227 2503 5312 (irim
2539 5226 2669 5308 μιορἶ
2703 5245 2720 5278 ι
2755 5227 2917 5309 Paulo
2945 5237 3249 5312 βοειιιιξεε,

1674 5314 1691 5345 ι
1731 5298 1918 5363 inquo
1954 5296 2063 5362 jam
2100 5295 2329 5351 videtur.
2362 5316 2379 5349 ι
2414 5298 2571 5361 Editi,
2605 5316 2622 5348 ι
2660 5298 2710 5351 ιιι
2737 5314 2842 5367 quo
2882 5299 2993 5367 jam
3038 5299 3247 5354 videbi-

1667 5374 1776 5418 tur.
1817 5384 1836 5415 ι

1888 5434 2021 5519 Xiile
2044 5435 2077 5487 Ι.
2108 5451 2143 5519 ιι
2174 5434 2507 5519 Origenian.,
2530 5454 2590 5519 q.
2620 5438 2706 5519 ll,
2738 5454 2885 5491 num.
2922 5438 2953 5490 7
2985 5448 3043 5519 ει
3068 5437 3155 5494 10.

1742 5505 1850 5575 (41)
1882 5506 2122 5588 (litim-ut
2158 5507 2336 5588 crebro
2375 5510 2506 5588 jam_
2536 5505 2787 5588 diximus.
2831 5518 2941 5588 e_t_c..
2983 5508 3247 5588 Hierony-

1672 5590 1791 5628 mus
1817 5580 1976 5643 epist.
2002 5576 2088 5658 9ξ,
2126 5578 2189 5628 ad
2217 5574 2458 5658 Avitum,
2495 5578 2608 5631 haec
2637 5577 2798 5658 refert
2835 5577 3035 5631 dixisse
3057 5574 3249 5658 Orige-

1670 5660 1816 5708 nem,
1842 5662 1859 5694 ι
1884 5661 2003 5698 eum
2020 5646 2097 5725 .de
2124 5648 2227 5699 line
2251 5646 2530 5715 disputare
2551 5649 2807 5726 cuspissql
2827 5664 2839 5711 ;
2858 5666 2895 5726 ﬂ)
2922 5663 3041 5715 qua:
3059 5649 3244 5726 munia

1666 5726 1853 5781 utpote
1903 5715 2063 5768 nimis
2107 5714 2719 5796 erronea’prmtermisit
2768 5714 3014 5796 Ruﬁnus,
3053 5726 3108 5796 et
3138 5714 3242 5770 alia

1669 5784 1825 5855 nobis
1869 5786 1955 5841 hic
2002 5794 2055 5839 et
2108 5786 2265 5855 paulo
2323 5798 2448 5841 ante
2493 5786 2758 5853 obtrudit,
2798 5796 2852 5841 ut
2906 5786 3105 5855 legenti
3146 5801 3242 5855 pn-

1669 5854 1823 5912 tebit.
