3988 6418
651 379 757 436 355

1856 377 1942 435 ΟΒ
1954 378 2016 433 IG
2026 378 2179 435 ENIS
2219 381 2377 435 ΠΕΡΙ
2414 382 2643 434 ΑΡΧΩΝ

3793 381 3890 436 356

643 516 735 554 eos
763 500 852 569 qui
880 497 1060 551 saltem
1105 513 1169 550 ea-
1199 495 1415 548 minima
1445 508 1594 564 parte
1653 497 1747 550 Dei
1786 501 1978 552 sentire
2014 499 2226 566 cupiunt
2259 506 2302 562 Α
2335 500 2588 553 omnibus
2609 501 2788 554 omnia
2823 501 3020 555 dicitur
3063 515 3184 554 esse
3221 498 3382 562 Deus,
3423 498 3689 568 signiticet
3730 501 3889 553 etiam

648 594 998 662 majestatem,
1029 600 1076 642 et
1122 589 1366 657 ingenita:
1396 599 1549 656 atque
1591 591 1765 644 omnia
1797 592 2092 646 excedentis
2133 610 2225 645 na-

648 693 786 739 tura:
812 683 1034 752 gloriam
1078 683 1372 748 suspicari;
1409 698 1436 736 e
1465 684 1668 737 duobus
1708 685 1932 737 alterum
1965 685 2225 750 suscipere

645 773 906 842 cogimur,
952 780 1008 823 ut
1062 779 1155 823 aut
1210 771 1540 837 desperemus
1583 771 1981 825 similitudinem
2027 771 2140 831 Dei.
2178 772 2224 825 si

641 864 824 916 eadem
856 877 1059 929 semper
1085 877 1266 914 sumus
1293 876 1512 929 corpora
1557 862 1812 925 habituri,
1853 873 1943 916 aut
1973 863 2017 914 si
2063 863 2225 916 beati-

646 951 772 1004 tudo
821 951 969 1003 nobis
1010 950 1243 1018 ejusdem
1294 965 1412 1002 cum
1454 949 1558 1003 Deo
1603 951 1721 1005 vitae
1760 953 2102 1020 promittitur,
2135 970 2223 1006 ea-

643 1039 765 1093 dem
796 1055 899 1108 qua
945 1040 1068 1093 vivit
1118 1040 1279 1104 Deus,
1309 1041 1456 1093 nobis
1485 1040 1780 1094 conditione
1813 1041 2083 1094 vivendum
2121 1052 2218 1096 est.

747 1128 858 1199 (42)
913 1129 1244 1200 [Λεγομένου
1304 1130 1398 1182 τοῦ

643 1219 780 1273 Θεοῦ
825 1220 1007 1274 πάντα
1051 1219 1302 1287 γενέσθαι
1343 1221 1398 1272 ἐν

645 1312 843 1375 πᾶσιν,
889 1309 1078 1382 ὥσπερ
1129 1311 1188 1364 οὐ
1237 1309 1399 1362 δυνά-

647 1405 787 1475 μεθα
816 1405 1015 1458 κακίαν
1059 1404 1395 1468 καταλιπεῖν,

643 1498 766 1553 οὔτε
806 1498 938 1562 Θεὸς
979 1499 1154 1552 πάντα
1190 1499 1398 1567 γίνεται

645 1598 703 1649 ἐν
727 1597 914 1658 πᾶσιν,
933 1594 1053 1648 οὐδὲ
1073 1593 1242 1662 ἄλογα
1261 1592 1395 1658 ζῶα,

646 1691 733 1744 ἵνα
792 1691 866 1761 μὴ
917 1690 1013 1744 καὶ
1056 1691 1113 1741 ἐν
1163 1689 1328 1759 κακίᾳ
1371 1690 1399 1741 ὁ

646 1785 778 1849 Θεὸς
804 1786 1042 1856 γίνηται,
1072 1785 1164 1839 καὶ
1200 1787 1257 1837 ὲν
1289 1783 1403 1836 ἀλό-

648 1898 765 1950 γοις
796 1880 984 1945 ζώοις·
1027 1879 1140 1932 ἀλλ’
1187 1880 1307 1932 οὐδὲ
1337 1879 1402 1933 ἇ-

647 1976 814 2046 ψυχα,
847 1977 932 2030 ἵνα
970 1975 1043 2046 μὴ
1086 1975 1180 2027 καὶ
1213 1973 1270 2027 ὲν
1310 1974 1406 2026 αὐ·

648 2070 761 2130 τοῖς
809 2069 839 2119 ὁ
897 2066 1050 2128 Θεὸς,
1083 2065 1170 2118 ὅτε
1226 2064 1402 2117 πάντα

656 2155 874 2224 γίνεται.
909 2153 1095 2217 υΰτως
1135 2155 1253 2207 οὐδὲ
1294 2153 1399 2206 σώ-

651 2265 816 2319 ματα,
853 2248 1011 2301 ἅτινα
1051 2251 1114 2318 τῇ
1166 2247 1271 2318 ἰδίᾳ
1305 2245 1401 2316 φύ-

651 2356 731 2391 σει
770 2337 952 2408 ἄψυχά
983 2339 1146 2391 ἐστιν.

863 2444 1018 2483 γειις.
1061 2444 1185 2483 κον.

720 2519 851 2572 Cum
880 2518 1018 2572 Deus
1045 2521 1260 2572 dicatur
1283 2520 1400 2586 ﬁeri

647 2616 821 2670 omnia
853 2617 906 2667 in
934 2615 1192 2677 ontnibus,
1228 2631 1402 2684 quem-

645 2708 928 2759 admodum
978 2721 1079 2758 uon
1121 2721 1399 2766 possumus

645 2812 879 2854 asserere
942 2796 1268 2865 nequitiam,
1325 2795 1398 2847 ita

646 2904 807 2956 neque
849 2887 987 2940 Deus
1030 2886 1088 2953 ﬁt
1132 2887 1308 2939 omnia
1344 2885 1398 2938 in

645 2980 907 3046 omnibus,
955 2995 1116 3047 neque
1159 2981 1213 3030 id
1259 2977 1396 3047 quod

644 3082 766 3125 sunt
820 3073 994 3133 bruta,
1047 3087 1108 3122 ne
1157 3069 1296 3122 Deus
1331 3069 1396 3120 sit

645 3178 850 3232 quoque
901 3163 956 3214 in
1011 3161 1216 3214 malitia
1265 3170 1311 3214 et
1344 3163 1399 3212 in

647 3254 816 3306 brutis
884 3251 1243 3315 animalibus;
1310 3251 1399 3302 sed

650 3360 817 3413 neque
849 3344 906 3413 ﬁt
938 3345 1087 3413 quod
1128 3353 1246 3396 sunt
1280 3343 1402 3394 ina-

648 3437 870 3505 nimato,
918 3454 980 3491 ne
1028 3439 1096 3491 sit
1146 3439 1302 3490 etiam
1345 3437 1399 3490 in

648 3530 776 3594 illis,
828 3533 1040 3600 quando
1084 3530 1146 3596 ﬁt
1199 3530 1396 3583 omnia.

1539 1129 1594 1182 2.
1642 1129 1776 1184 Cum
1823 1143 1954 1196 ergo
2008 1130 2059 1183 in
2112 1130 2218 1185 line

1473 1219 1612 1274 Deus
1655 1234 1776 1274 esse
1827 1220 2010 1273 omnia
2068 1228 2123 1274 et
2169 1221 2220 1274 in

1471 1311 1723 1367 omnibus
1737 1312 2108 1380 promittatur,
2125 1313 2223 1368 sic-

1474 1412 1533 1457 ut
1576 1417 1918 1473 consequens
1954 1413 2037 1458 est
2083 1404 2220 1475 (45),

1475 1511 1578 1548 ιιοη
1604 1505 1686 1549 est
1715 1496 2005 1566 putandum
2040 1498 2222 1552 venire

1473 1589 1538 1641 ad
1572 1588 1716 1640 illum
1751 1587 1909 1644 linem
1945 1589 2218 1657 animalia,

1474 1679 1556 1734 vel
1603 1694 1821 1749 pecora,
1871 1681 1953 1734 vel
2003 1681 2218 1746 bestias,

1475 1793 1542 1831 ne
1571 1779 1735 1831 etiam
1771 1778 1823 1831 in
1877 1778 2218 1843 animalibus,

1475 1883 1568 1925 aut
1593 1871 1902 1938 pecoribus,
1931 1871 2011 1924 vel
2036 1872 2222 1926 bestiis

1478 1966 1620 2020 Deus
1650 1968 1824 2022 inesse
1871 1968 2220 2038 designetur;

1475 2056 1566 2111 sed
1593 2071 1688 2110 nec
1716 2056 1857 2126 ligna
1879 2058 1960 2109 vel
1993 2058 2221 2127 lapides,

1475 2163 1543 2203 ne
1597 2151 1647 2201 in
1702 2149 1787 2202 bis
1840 2165 2056 2218 quoque
2103 2164 2224 2204 esse

1472 2242 1686 2296 dicatur
1737 2242 1896 2296 Deus.
1949 2241 2102 2312 153
2145 2241 2222 2297 lla

1473 2351 1540 2390 ne
1589 2336 1748 2389 ullam
1804 2337 2018 2404 quidem
2067 2336 2224 2390 mali-

1474 2431 1600 2482 tiam
1645 2429 1710 2480 ad
1753 2427 1898 2480 illum
1939 2428 2096 2480 linem
2129 2443 2224 2495 pu.

1476 2519 1694 2574 tandum
1747 2527 1830 2572 est
1882 2519 2162 2588 pervenire
2207 2535 2219 2572 :

1474 2624 1540 2663 ne
1568 2610 1692 2664 dum
1726 2611 1777 2664 in
1803 2612 2056 2665 omnibus
2085 2611 2225 2665 Deus

1471 2715 1591 2756 esse
1615 2701 1836 2764 dicitur,
1859 2702 2020 2755 etiam
2050 2702 2101 2754 in
2127 2703 2225 2755 ali-

1471 2808 1578 2863 quo
1612 2793 1829 2847 malit‘aa
1877 2794 2099 2849 vasculo
2143 2797 2224 2849 in-

1471 2901 1592 2942 esse
1626 2887 1857 2940 dicatur.
1907 2886 2038 2941 Nam
2081 2897 2135 2941 et
2178 2887 2222 2941 si

1473 2995 1613 3034 nunc
1666 2994 1880 3050 quoque
1928 2980 2125 3049 ubique
2169 2990 2224 3033 ct

1471 3071 1524 3124 iu
1557 3073 1808 3125 omnibus
1839 3071 2067 3124 tlicimus
2101 3086 2222 3126 esse

2327 591 2381 644 in
2437 590 2664 661 singulis
2696 606 2821 645 eum
2879 593 3057 646 omnia
3106 606 3252 646 esse.
3292 590 3396 644 Per
3440 589 3680 660 singulos
3715 599 3892 643 autem

2325 682 2508 736 omnia
2534 682 2639 738 erit
2665 682 2766 738 hoc
2790 684 2972 750 modo,
2998 693 3056 737 ut
3079 683 3345 753 quidquid
3375 681 3712 736 rationabilis
3745 695 3892 735 mens

2324 784 2621 843 expurgatu
2652 775 2890 829 omnium
2924 776 3177 830 vitiorum
3210 775 3357 836 faece.
3389 767 3550 843 atque
3575 774 3720 828 omni
3751 774 3896 843 peni-

2327 873 2414 919 tus
2445 866 2693 920 abstersa
2725 867 2867 919 nube
2917 866 3158 934 malitiae,
3207 867 3290 919 vel
3323 869 3545 928 sentire,
3585 864 3667 920 vel
3701 864 3898 918 intelli-

2323 970 2476 1025 gere,
2502 957 2585 1008 vel
2615 955 2857 1023 cogitare
2899 966 3094 1026 potest,
3125 957 3307 1011 omnia
3344 957 3482 1010 Deus
3506 956 3601 1018 sit,
3633 969 3736 1008 nec
3761 955 3898 1007 ultra

2317 1049 2428 1118 jam
2459 1051 2604 1105 aliud
2647 1051 2849 1120 aliquid
2897 1053 2997 1105 nisi
3033 1053 3198 1106 Deum
3249 1051 3450 1114 videat,
3484 1049 3652 1104 Deum
3699 1056 3898 1110 teneat,

2323 1146 2505 1199 omnis
2562 1154 2739 1200 motus
2784 1146 2864 1200 sui
2903 1144 3042 1198 Deus
3071 1143 3264 1197 modus
3293 1152 3348 1196 et
3401 1155 3652 1196 mensura
3691 1140 3803 1203 sit;
3851 1148 3903 1193 et

2323 1237 2398 1292 ita
2447 1238 2551 1291 erit
2601 1239 2782 1293 omnia
2843 1239 3017 1292 Dens:
3065 1251 3168 1292 non
3232 1235 3376 1290 enim
3418 1234 3530 1303 jam
3587 1235 3734 1286 ultra
3779 1233 3901 1285 boni

2322 1331 2561 1400 malique
2608 1330 2894 1393 discretio,
2944 1329 3067 1398 quia
3125 1342 3394 1396 nusquam
3445 1324 3676 1388 malum;
3725 1324 3904 1378 omnia

2321 1423 2466 1474 enim
2501 1423 2639 1475 Deus
2673 1432 2776 1484 est,
2818 1421 2902 1473 cui
2945 1421 3054 1488 jam
3093 1434 3197 1471 non
3244 1417 3456 1484 atljacet
3506 1415 3748 1478 malum;
3810 1429 3905 1466 nec

2323 1513 2464 1566 ultra
2493 1528 2558 1566 ex
2597 1515 2792 1578 arbore
2824 1512 3036 1566 sciendi
3086 1510 3284 1564 bonum
3337 1521 3393 1562 et
3440 1507 3640 1561 malum
3678 1507 3906 1558 mandu-

2322 1614 2448 1654 care
2493 1601 2860 1670 concupiscet,
2907 1600 2999 1667 qui
3031 1613 3247 1667 semper
3278 1600 3328 1651 in
3367 1599 3508 1651 bono
3555 1605 3659 1660 est,
3721 1605 3777 1648 et
3824 1594 3904 1647 cui

2321 1692 2500 1745 omnia
2538 1692 2678 1746 Deus
2715 1702 2814 1746 est.
2854 1690 2944 1746 Sic
2983 1707 3112 1762 ergo
3143 1691 3266 1744 linis
3296 1692 3360 1744 ad
3391 1690 3726 1760 principium
3759 1703 3903 1757 rapa.

2325 1795 2495 1847 ratus,
2550 1792 2604 1838 et
2657 1799 2834 1838 rerum
2896 1784 3075 1837 exitus
3130 1782 3360 1836 collatus
3408 1782 3603 1847 initiis,
3661 1781 3909 1834 restituet

2328 1877 2472 1931 illum
2499 1885 2697 1932 stalmn
2741 1891 2901 1946 quem
2940 1887 3066 1930 tunc
3093 1876 3282 1928 habuit
3313 1884 3505 1928 natura
3541 1872 3906 1936 rationabilis,

2326 1984 2446 2024 cum
2493 1969 2557 2023 de
2603 1969 2747 2038 ligno
2787 1968 2988 2022 sciendi
3022 1968 3220 2022 bonum
3253 1976 3306 2020 et
3362 1966 3564 2018 malum
3621 1966 3911 2019 comedere

2327 2077 2432 2114 non
2461 2061 2690 2130 egebat;
2745 2067 2803 2113 ut
2839 2068 3023 2114 amoto
3073 2057 3221 2111 onmi
3259 2057 3478 2110 malitia:
3513 2071 3700 2120 sensu,
3731 2065 3788 2108 et
3847 2055 3908 2107 ad

2326 2152 2595 2207 sincerum
2648 2166 2952 2219 purumque
3013 2152 3254 2211 deterso,
3306 2149 3453 2203 solus
3497 2149 3588 2217 qui
3637 2157 3721 2202 est
3773 2163 3911 2201 unus

2327 2242 2502 2295 bonus
2545 2240 2683 2293 Deus
2715 2240 2802 2293 hic
2851 2240 2900 2294 ei
2949 2239 3040 2292 liat
3093 2241 3298 2303 omnia,
3353 2248 3408 2294 et
3464 2254 3572 2292 non
3613 2239 3667 2293 in
3725 2238 3912 2306 paucis

2327 2333 2599 2402 aliquibus
2632 2331 2713 2386 vel
2745 2331 3011 2399 pluribus,
3045 2331 3136 2385 sed
3179 2331 3230 2384 in
3265 2331 3518 2385 omnibus
3548 2332 3664 2398 ipse
3697 2331 3768 2382 sit
3800 2345 3912 2382 om-

2329 2427 2414 2479 nia
2443 2423 2576 2494 (45).
2609 2423 2743 2478 Cum
2769 2422 2881 2489 jam
2938 2439 3205 2492 nusquam
3265 2437 3431 2487 mors,
3468 2437 3737 2490 nusquam
3789 2436 3912 2472 acu-

2329 2515 2440 2569 leus
2487 2515 2694 2573 mortis,
2761 2529 3025 2579 nusquam
3081 2514 3304 2568 omnino
3337 2513 3561 2574 malum,
3596 2524 3727 2565 tunc
3789 2524 3911 2565 vere

2329 2607 2466 2661 Deus
2505 2606 2686 2660 omnia
2729 2605 2782 2657 in
2809 2604 3064 2658 omnibus
3097 2605 3222 2659 erit.

2398 2697 2596 2750 Verum
2624 2697 2736 2766 (46)
2771 2698 2923 2750 istam
2954 2712 3078 2766 per-

2328 2791 2615 2846 lectionem
2654 2789 2765 2858 (47)
2799 2803 2861 2841 ac
2904 2790 3077 2842 beati-

2330 2882 2567 2935 tudinem
2668 2879 3072 2934 rationabilium

2327 2983 2722 3037 creaturarum,
2784 2971 2867 3022 vel
2918 2979 3070 3023 natu-

2327 3080 2532 3127 rarum,
2581 3065 2652 3117 ita
2700 3064 2915 3116 demum
2959 3063 3080 3130 qui-

1474 3161 1661 3221 Deum.
1693 3177 1790 3230 pro
1815 3177 1880 3216 eo
1913 3163 2054 3230 quod
2085 3164 2216 3216 nihil
2245 3163 2290 3224 ο
2324 3157 2444 3212 dam
2471 3170 2787 3227 permanere
2811 3154 2863 3208 in
2887 3157 3074 3209 eodem

1473 3263 1650 3321 potest
1681 3268 1802 3307 esse
1832 3268 2056 3307 vncuum
2091 3254 2220 3319 Deo,

1473 3360 1577 3397 non
1622 3354 1798 3398 tamen
1848 3345 1919 3399 ita
1976 3361 2099 3400 esse
2142 3348 2223 3400 di-

1473 3437 1664 3504 cimus,
1694 3446 1751 3490 ut
1776 3441 1952 3492 Omnia
1982 3441 2052 3493 sit
2078 3455 2220 3496 nunc

1476 3530 1527 3583 in
1564 3529 1758 3598 quibus
1781 3540 1884 3584 est.
1919 3530 2070 3586 Unde
2097 3532 2222 3585 dili-

648 3621 735 3677 Ita
757 3640 918 3694 neque
938 3623 1158 3692 ﬁtquod
1179 3639 1398 3691 corpora
1469 3621 1683 3692 gentius
1759 3623 2070 3677 intuendum
2140 3633 2221 3678 est

645 3723 789 3779 sunt,
821 3730 938 3778 qua:
961 3715 1176 3782 propria
1205 3723 1398 3769 natura
1469 3715 1627 3783 quale
1656 3724 1738 3770 est
1783 3715 1884 3769 hoc
1916 3714 2059 3783 quod
2093 3731 2219 3784 per-

646 3804 884 3857 inanima
913 3813 1035 3857 sunt
1065 3803 1084 3876 ]
1473 3805 1760 3862 lectionem
1870 3805 2220 3863 beatitudinis

646 3911 939 3966 rerumque
970 3896 1129 3950 linem
1159 3897 1468 3967 signiﬁcat:
1504 3900 1646 3967 quod
1683 3915 1787 3953 non
1817 3900 1988 3953 solum
2019 3899 2072 3952 in
2102 3915 2220 3954 om-

649 3989 808 4044 nibus
837 3989 952 4057 (44)
978 4002 1098 4042 esse
1132 3987 1330 4043 dicitur
1381 3990 1547 4052 Deus,
1595 3991 1688 4045 sed
1723 3991 1888 4044 etiam
1932 3991 2114 4044 omnia
2165 3991 2217 4043 in

647 4079 922 4133 omnibus.
947 4077 1076 4146 Qua:
1106 4082 1219 4135 sint
1255 4095 1383 4151 ergo
1430 4083 1532 4136 ista
1571 4082 1751 4136 omnia
1795 4099 1916 4152 qua:
1963 4082 2103 4136 Deus
2133 4081 2220 4134 l‘u-

650 4176 804 4222 turus
835 4167 905 4222 sit
932 4167 984 4222 in
1016 4171 1288 4235 omnibus,
1318 4174 1686 4241 requiramus.

717 4257 770 4313 ὅ.
810 4257 875 4314 Ει
927 4273 1028 4329 ego
1073 4262 1292 4330 quidem
1329 4263 1586 4329 arbitror,
1640 4263 1766 4332 quia
1816 4265 1918 4320 hoc
1963 4265 2106 4332 quod
2161 4263 2214 4318 iu

714 4423 830 4496 (ιέ)
857 4423 1195 4496 Λετομένοιξν
1236 4427 1340 4481 τοῦ
1372 4425 1542 4482 Θεοῦ.
1585 4426 1756 4482 Locus
1805 4428 1890 4482 hic
1939 4435 2115 4482 exstat
2160 4428 2226 4483 ad

646 4494 1150 4566 calceinrcpistolaav
1168 4495 1461 4552 Iustiniani
1503 4498 1848 4566 imperatoris
1880 4498 1946 4551 ad
1993 4497 2224 4555 Menam.

2322 3259 2465 3305 statu
2497 3263 2604 3320 quo
2633 3262 2798 3316 supra
2836 3247 3075 3300 diximus

2323 3353 2533 3414 putant,
2583 3342 2634 3396 id
2683 3348 2764 3396 est
2815 3349 2876 3393 ut
2908 3341 3076 3394 Deum

2322 3435 2503 3488 omnia
2540 3434 2797 3495 habeant,
2845 3441 2896 3485 et
2938 3433 3078 3486 Deus

2322 3526 2404 3580 eis
2442 3525 2511 3579 sit
2541 3524 2743 3588 omnia,
2775 3526 2818 3576 si
2851 3523 3077 3576 nullate-

2324 3635 2425 3673 nus
2460 3633 2556 3672 eas
2581 3617 2817 3671 societas
2863 3625 3076 3670 naturte

2324 3710 2624 3780 corporalis
2652 3719 2906 3764 amoveat
2937 3709 3070 3778 (48).

2322 3806 2574 3875 Alioquin
2616 3805 2929 3860 existimant
2963 3805 3078 3874 glo-

2325 3899 2459 3953 riam
2483 3914 2706 3953 summat
2727 3899 3078 3954 beatitudinis

2325 3991 2596 4060 impediri,
2663 3992 2706 4045 si
2781 3990 3077 4044 matcrialis

2328 4083 2644 4136 substantia:
2719 4081 3079 4136 interseratur

2329 4173 2602 4227 admistio.
2645 4172 2716 4227 De
2742 4189 2845 4241 qua
2881 4188 2936 4226 re
2968 4174 3080 4240 ple-

2326 4263 2448 4316 nius
2477 4277 2504 4315 a
2549 4263 2704 4316 nobis
2733 4277 2853 4330 qua:
2882 4262 2933 4314 in
2982 4276 3078 4315 su-

3186 2713 3508 2752 INTEBPRET.
3559 2710 3881 2752 IIIEBONYII.

3197 2790 3307 2845 Nec
3325 2792 3541 2844 dubiant
3557 2802 3632 2844 est
3652 2791 3781 2859 qttin
3801 2800 3911 2858 post

3148 2885 3390 2953 quardant
3441 2884 3720 2937 intervalla
3781 2893 3910 2935 tento-

3149 2993 3336 3044 porum
3416 2992 3602 3029 rursus
3685 2977 3912 3028 materia

3149 3069 3420 3132 subsistat,
3441 3079 3487 3122 et
3508 3085 3733 3137 corpora
3761 3070 3911 3135 ﬁant,

3149 3168 3198 3214 et
3232 3161 3412 3214 mundi
3454 3163 3731 3214 diversitas
3787 3177 3914 3213 con-

3147 3263 3388 3307 struatur
3456 3265 3669 3321 proltter
3736 3253 3912 3304 varias

3149 3347 3440 3402 voluntates
3508 3347 3915 3400 rat;'on..-bilium

3149 3449 3513 3492 creaturarum
3589 3455 3706 3508 qua:
3795 3451 3912 3507 post

3147 3531 3430 3598 perfectura
3534 3530 3916 3583 beatitudinem

3151 3639 3311 3693 usque
3354 3624 3428 3675 ad
3468 3624 3626 3690 ﬁnem
3676 3625 3913 3676 omnium

3149 3733 3321 3769 rerum
3360 3717 3619 3784 paulatim
3653 3718 3723 3770 ad
3775 3717 3914 3786 infe-

3149 3810 3291 3861 riora
3321 3807 3550 3874 delapsa:
3569 3819 3776 3862 tantam
3803 3827 3916 3860 ma-

3148 3897 3319 3952 litiant
3364 3909 3686 3967 receperunt,
3746 3911 3806 3952 ut
3865 3903 3915 3952 in

3149 3994 3472 4042 contrarium
3562 4002 3912 4054 verterentur,

3153 4082 3276 4133 dum
3311 4082 3491 4134 nolunt
3522 4099 3735 4136 servare
3769 4084 3916 4152 prius

3153 4174 3379 4240 cipiunt,
3435 4184 3485 4226 et
3545 4175 3915 4243 incorruptam

3154 4261 3525 4314 beatitudinem
3618 4263 3909 4328 possidere.

2337 4436 2439 4482 tem
2469 4426 2754 4498 origenem
2789 4429 3016 4494 inducit,
3056 4429 3104 4482 id
3137 4431 3506 4498 confutantem
3556 4424 3913 4498 ipsumeth

2337 4499 2427 4552 bet
2457 4495 2595 4552 infra
2629 4515 2777 4554 num.
2807 4499 2861 4562 6,
2897 4500 2980 4552 his
3005 4500 3183 4555 verbis
3211 4519 3224 4551 :
3268 4519 3286 4550 ι
3324 4496 3380 4550 ln
3411 4511 3520 4564 quo
3543 4505 3680 4548 statu
3706 4495 3916 4560 (beati-

717 4544 1484 4639 (ta'j’ua’ihiEfEJiiiSBiEiﬁ,
1503 4544 2224 4639 Πἱὲὺῖ’ἑὸἒιῖνὲιῖίεὶιξὲξιζῖ
2261 4544 2304 4598 ο
2333 4544 3915 4639 finitis)‘eiiitspastinati;inti-"et"nuntianda...

645 4631 820 4706 ραίιισ
841 4646 964 4706 post
1005 4651 1159 4706 mss.,
1193 4653 1212 4687 ι
1246 4652 1312 4690 ne
1364 4636 1416 4689 in
1466 4637 1550 4690 his
1591 4651 1807 4706 quoque
1849 4653 1971 4692 esse
2015 4638 2228 4692 dicatur

649 4701 809 4758 Deus.
839 4701 914 4758 ita
949 4721 1016 4759 ne
1042 4705 1201 4758 ullam
1237 4706 1476 4774 quidem.
1520 4724 1538 4756 υ
1571 4701 1734 4770 Editi,
1766 4725 1784 4758 ι
1817 4718 1872 4760 ιιι
1901 4709 1951 4760 in
1981 4707 2068 4762 his
2093 4722 2228 4774 quo-

649 4784 754 4837 que
779 4787 902 4846 esse
922 4775 1134 4846 dicatur
1164 4775 1327 4846 Deus.
1357 4774 1431 4846 ita
1465 4789 1565 4830 nec
1591 4776 1754 4846 ullatn
1778 4777 2018 4846 quidem.
2053 4795 2072 4828 ι
2103 4778 2224 4834 Mox

649 4855 808 4911 Ipsm,
837 4862 853 4892 ι
891 4843 944 4897 in
975 4844 1153 4911 aliquo
1199 4844 1416 4898 malitiae
1455 4845 1673 4899 vasculo
1709 4843 1903 4900 inesse.
1935 4865 1952 4896 ι
1983 4846 2036 4898 In
2068 4847 2227 4900 editis

649 4908 824 4985 deest,
855 4930 872 4962 ι
902 4908 1155 4985 malitiae,
1192 4931 1210 4965 ι
1242 4923 1293 4967 et
1323 4929 1419 4982 pro
1452 4916 1684 4985 «inesse
1721 4934 1738 4965 ι
1771 4915 1963 4985 legitur
1991 4931 2008 4964 t
2039 4929 2177 4969 esse.
2199 4934 2220 4968 ι

721 4980 833 5051 (44)
887 4981 1040 5047 Quod
1100 4999 1200 5037 non
1249 4980 1419 5038 solum
1478 4984 1534 5037 in
1581 4980 1973 5038 ontnibus'esse
2021 4986 2220 5038 dicitur

648 5046 824 5114 om;
877 5046 968 5104 sed
1025 5056 1181 5106 etiant
1238 5055 1413 5108 omnia
1471 5055 1525 5107 in
1567 5055 1827 5108 omnibus.
1875 5054 2224 5109 llmcdesunt

647 5120 702 5174 in
733 5129 890 5176 antea
943 5122 1122 5189 editis,
1177 5125 1270 5179 sed
1319 5125 1372 5180 in
1408 5125 1661 5180 omnibus
1713 5124 1981 5180 habentur
2023 5125 2224 5180 nostris

647 5205 780 5244 11158.

718 5257 830 5330 (45)
868 5257 933 5333 ΕΙ
959 5277 1062 5333 non
1094 5259 1150 5312 iu
1181 5263 1362 5333 paucis
1403 5262 1667 5333 aliquibus
1706 5263 1783 5317 vel
1833 5263 2096 5333 pluribus,
2130 5265 2221 5318 sed

644 5329 982 5402 irtomnibus
1017 5331 1125 5398 ipse
1169 5331 1235 5383 sit
1282 5329 1500 5386 omnia.'
1528 5332 1654 5387 llaec
1685 5329 1903 5402 quoque
1953 5334 2004 5386 in
2059 5345 2219 5388 antea

643 5399 815 5469 editis
838 5401 1217 5469 tlesideranlur
1245 5414 1365 5469 qua:
1394 5402 1563 5456 nostri
1603 5399 1734 5458 mss.
1764 5399 2079 5458 restituunt.

716 5467 826 5538 (46)
857 5467 1026 5538 Caute
1050 5469 1190 5538 lege.

718 5537 829 5608 (47)
878 5537 1066 5592 Verum
1104 5539 1261 5593 istam
1305 5537 1696 5608 perfectionem,
1735 5551 1840 5596 etc.
1875 5542 2001 5596 Mihi
2061 5541 2218 5597 valde

645 5607 748 5680 hoc
775 5607 893 5680 loco
927 5609 1102 5662 adhuc
1132 5607 1384 5680 suspecta
1407 5620 1491 5664 est
1516 5610 1823 5680 interpretis
1853 5612 2031 5666 lluliui
2061 5614 2213 5667 lides.

645 5674 1030 5748 Pet-vulgatum
1062 5674 1260 5748 quippe
1295 5678 1546 5747 Origenis
1587 5674 1775 5748 dogma
1825 5682 1890 5735 de
1935 5682 2215 5736 beatarum

648 5747 955 5820 animarum
981 5747 1218 5820 peccatis
1249 5757 1304 5820 et
1333 5748 1594 5820 lapsibus,
1639 5747 1690 5802 in
1727 5751 1862 5820 alios
1891 5750 2216 5820 interpreta-

652 5814 797 5872 tione
833 5829 931 5869 sua
960 5814 1236 5873 transfert.
1273 5814 1586 5887 Quinetiam
1617 5819 1760 5889 quod
1790 5820 1912 5877 aliis
1937 5814 2212 5879 ascriben-

2330 4634 2607 4693 Creatoris
2638 4634 2911 4693 voluntate
2950 4649 3030 4689 est
3061 4634 3412 4697 credendum,
3450 4653 3467 4686 ι
3504 4644 3612 4687 etc.
3643 4634 3915 4701 Suspicor

2331 4707 2514 4777 itaque
2563 4708 2676 4762 lure
2718 4709 2899 4760 omnia
2943 4708 3008 4760 de
3057 4724 3154 4762 suo
3212 4707 3464 4760 Rufinum
3506 4703 3816 4777 attexuisse
3863 4718 3917 4777 ct

2328 4775 2442 4845 pro
2462 4778 2528 4831 iis
2555 4778 2864 4832 obtrudisse
2895 4792 3013 4844 quae
3063 4779 3217 4832 initio
3248 4777 3407 4845 hujus
3437 4775 3634 4842 capitis
3661 4789 3822 4828 num.
3860 4776 3911 4834 l.

2329 4856 2382 4899 et
2419 4847 2505 4900 hic
2539 4847 3208 4919 ea;epistolallicronymi
3243 4849 3307 4899 ad
3338 4846 3572 4919 Avitum
3607 4859 3915 4919 repraesen-

2331 4923 2534 4970 tantur.
2588 4917 2799 4971 Videsis
2842 4917 2933 4970 lib.
2974 4931 3010 4969 tt
3061 4915 3389 4985 Urigenianw
3424 4930 3478 4982 q.
3520 4915 3603 4979 ll,
3647 4930 3809 4985 nunt.
3855 4916 3908 4967 9.

2399 4985 2508 5056 (48)
2536 4986 2628 5040 Sic
2675 5001 2808 5041 mss.
2841 4987 2984 5041 Editi
3028 4983 3306 5050 mendose,
3332 5002 3362 5056 rt
3413 4984 3678 5056 corporali
3703 4983 3909 5037 admo-

2328 5066 2466 5125 veat.
2508 5075 2526 5107 ι
2574 5057 2740 5111 Paulo
2779 5067 2898 5123 post
2926 5072 3081 5119 mss.,
3125 5074 3142 5106 ι
3181 5055 3433 5125 quoniam
3477 5055 3618 5121 apud
3665 5056 3918 5120 Apostu-

2327 5123 2438 5177 lum
2477 5127 2806 5180 mentionem
2845 5126 3106 5192 spiritalis
3145 5123 3386 5193 corporis
3420 5125 3728 5178 invenimus
3768 5139 3915 5192 qua-

2325 5193 2449 5249 liter
2485 5197 2648 5250 etiatn
2680 5195 2804 5249 inde
2829 5197 3043 5253 sentiri.
3087 5215 3104 5248 ι
3141 5196 3303 5261 Editi,
3336 5213 3353 5246 ι
3390 5195 3642 5262 quoniam
3681 5206 3915 5259 apustu-

2323 5263 2443 5337 lunt
2459 5265 2680 5337 Paulum
2712 5266 3036 5337 mentionem
3061 5265 3316 5337 spiritalis
3335 5266 3526 5337 l‘gcisse
3552 5265 3911 5337 invenimus;

2323 5335 2560 5403 qualiter
2607 5336 2771 5388 etiam
2823 5335 2952 5387 mihi
3001 5332 3216 5389 sentiri.
3273 5353 3291 5386 ι
3345 5333 3514 5388 Paulo
3566 5332 3699 5386 infra
3741 5349 3913 5392 mss.,

2329 5421 2348 5454 ι
2391 5405 2549 5459 talem
2593 5405 2882 5474 quamdam
2926 5419 3046 5459 esse
3073 5405 3355 5460 sentimus.
3398 5421 3418 5456 ι
3458 5403 3620 5467 Editi,
3661 5419 3681 5452 ι
3728 5404 3913 5474 talem

2321 5475 2540 5542 quidem
2570 5473 2695 5529 eése
2725 5475 3009 5529 sentimus.
3051 5492 3070 5526 s
3107 5474 3227 5529 Mox
3267 5489 3421 5536 mss.,
3455 5491 3476 5525 ι
3516 5487 3693 5526 verum
3725 5473 3913 5524 etiam

2320 5557 2537 5598 omnem
2590 5546 2740 5599 illam
2787 5552 3117 5598 creaturam.
3162 5562 3181 5595 ι
3211 5546 3264 5598 In
3312 5545 3473 5598 editis
3528 5545 3674 5593 deest
3716 5556 3740 5590 ι
3784 5556 3914 5593 om-

2321 5628 2463 5682 nem.
2506 5633 2526 5666 s
2569 5615 2771 5668 Ibidem
2817 5629 2970 5678 mss.,
3003 5631 3020 5664 ι
3054 5615 3120 5670 de
3148 5628 3371 5682 corpore
3403 5611 3570 5682 etiam
3594 5610 3729 5682 illud
3753 5614 3917 5679 Apo-

2320 5681 2492 5739 stolus
2520 5685 2692 5756 dixit;
2724 5703 2753 5756 is
2784 5683 2937 5750 editi,
2959 5677 2995 5738 s
3033 5688 3220 5756 dequo
3244 5677 3478 5753 corpore
3501 5680 3660 5736 etiam
3685 5677 3919 5736 Paulus

2321 5754 2600 5824 apostolus
2623 5755 2782 5812 dixit.
