3880 6580
140 389 232 445 53?

1452 395 1662 450 LIBER
1696 394 2019 454 TERTIUS.

3269 407 3372 460 538

137 508 416 580 perioribus
447 525 739 566 occurrere
763 526 860 582 po-
937 513 1047 568 Nec
1063 515 1160 568 hoc
1179 516 1524 584 ignominiam
1547 519 1684 590 quod
1718 522 1763 578 Α
1792 533 1909 572 rum
1953 525 2126 573 status
2153 516 2428 574 vocaverit
2451 525 2505 571 et
2525 517 2779 572 meritum
2828 519 3171 576 rationabilis
3203 533 3367 574 natu-

137 613 866 676 tuerunt.pertractataatque
938 607 1120 661 multa:
1153 609 1497 665 rationabiles
1542 627 1691 664 erea-

136 698 312 763 digesta
340 705 486 751 sunt.
936 708 1072 754 turw
1112 717 1275 771 usque
1311 703 1380 756 ad
1406 704 1690 756 secundum

138 799 174 841 tt
203 787 396 840 tertium
445 796 495 840 et
539 797 786 856 quartum
818 790 1069 844 mundum
1114 803 1312 846 servent
1353 795 1686 862 principium,

140 896 211 932 nec
248 879 526 931 mutationi
574 881 627 932 in
657 896 708 933 se
747 879 917 934 locum
960 883 1230 946 tribuant;
1271 885 1393 938 alia:
1428 902 1541 938 vero
1581 896 1688 938 tant

140 985 288 1039 parum
314 969 378 1023 de
404 971 636 1037 pristino
659 980 802 1025 statu
831 974 1110 1028 amissum
1149 976 1285 1040 sint,
1320 986 1373 1028 ut
1405 993 1531 1045 pene
1559 978 1689 1031 nihil

143 1063 388 1128 perdidisse
437 1063 741 1125 videantur,
791 1075 836 1118 et
882 1065 1149 1118 nonnulla:
1193 1067 1384 1134 grandi
1429 1070 1586 1121 ruina
1634 1071 1689 1122 in

140 1154 338 1206 ultimum
365 1158 771 1222 pra'cipitandte
803 1157 904 1209 sint
938 1158 1267 1212 barathrum.
1307 1157 1562 1229 .‘Vovitque
1581 1159 1689 1214 dis-

129 1256 340 1316 pensator
395 1249 638 1302 omnium
669 1248 800 1303 Deus
825 1251 878 1301 in
907 1251 1203 1304 conditione
1229 1252 1539 1306 mundorum
1571 1259 1684 1308 sin-

131 1339 241 1408 gulis
263 1338 402 1390 abuti
425 1339 596 1404 juxta
622 1341 863 1393 meritum
900 1351 948 1394 et
981 1345 1400 1411 opportunitates
1425 1354 1472 1398 et
1497 1362 1685 1400 causas

131 1431 282 1499 quibus
307 1432 493 1484 mundi
513 1433 875 1502 gubernacula
901 1444 1271 1488 sustentantur
1293 1446 1338 1488 et
1365 1437 1643 1489 initiantur
1665 1452 1683 1490 :

131 1534 174 1575 ut
202 1522 280 1590 qui
325 1539 507 1576 omnes
565 1525 740 1577 vicerit
789 1525 1044 1595 nequitia,
1093 1536 1140 1579 et
1176 1527 1383 1596 penitus
1423 1544 1476 1580 se
1530 1539 1684 1582 terra:

131 1613 458 1680 toa'quauerit,
492 1613 552 1666 in
602 1614 710 1666 alio
762 1615 954 1669 mundo
993 1617 1085 1685 qui
1124 1629 1304 1688 postea
1339 1617 1681 1687 fabricantlus

129 1715 204 1767 est,
229 1706 313 1770 ﬁat
355 1707 632 1773 diabolus,
682 1711 995 1778 principium
1028 1711 1397 1779 plasmationis
1449 1712 1678 1780 Domini,

131 1807 170 1847 ut
193 1796 430 1849 illudatur
479 1798 532 1850 ei
579 1800 647 1852 ab
689 1800 887 1869 angelis
920 1804 1007 1871 qui
1053 1803 1258 1856 exordii
1299 1805 1520 1858 amisere
1578 1807 1681 1858 vir-

130 1897 277 1942 tatem.

183 1982 226 2034 ὁ.
254 1980 395 2036 Nunc
440 1997 580 2036 vero
609 1985 866 2050 quoniam
907 1987 1048 2056 apud
1085 1987 1404 2055 Apostolum
1446 1992 1679 2044 mentio-

134 2087 224 2123 nem
259 2071 522 2138 spiritalis
568 2075 823 2142 corporis
859 2076 1188 2145 invenimus,
1243 2080 1478 2149 qualiter
1517 2085 1680 2137 etiam

132 2163 225 2217 inde
249 2165 430 2218 sentiri
460 2166 668 2220 debeat
699 2167 765 2219 de
793 2168 921 2233 hoc,
954 2174 1336 2228 tantummodo
1365 2186 1528 2243 prout
1563 2191 1684 2245 pos-

131 2269 280 2308 sumus
329 2255 706 2322 requiramus.
756 2258 1026 2324 Quantum
1078 2275 1210 2328 ergo
1255 2276 1452 2316 sensus
1498 2271 1683 2316 noster

129 2358 288 2411 rapere
317 2356 514 2413 potest,
552 2349 882 2417 qualitatem
932 2350 1194 2417 spiritalis
1235 2353 1484 2421 corporis
1519 2354 1681 2408 talem

129 2438 373 2504 quamdam
401 2454 530 2492 esse
560 2441 862 2504 sentimus,
909 2441 960 2494 in
1006 2456 1114 2510 quo
1147 2442 1456 2498 inhabitare
1495 2444 1683 2499 deceat

131 2543 212 2580 non
253 2528 416 2582 solum
466 2540 698 2586 sanctas
736 2548 980 2602 quasque
1029 2535 1405 2605 perfectasque
1449 2538 1679 2605 animas,

132 2633 283 2674 rerum
305 2622 468 2676 etiam
499 2639 727 2678 omnem
761 2625 904 2679 illam
936 2635 1244 2681 creaturam
1271 2643 1391 2697 qua:
1427 2628 1681 2684 liberabi-

132 2721 200 2764 tur
222 2727 247 2764 a
274 2714 537 2770 servitute
577 2717 973 2784 corruptionis.
1006 2717 1077 2772 De
1101 2733 1330 2787 corpore
1363 2720 1528 2774 etiam
1555 2721 1682 2775 illud

131 2802 375 2868 Apostolus
405 2805 545 2858 dixit
576 2824 589 2860 :
626 2825 645 2856 ι
680 2805 906 2861 Domum
946 2808 1211 2863 habemus
1243 2825 1351 2864 non
1403 2826 1562 2865 ntanu
1610 2811 1684 2866 fa-

129 2900 262 2956 ctam,
289 2902 548 2947 aeternam
604 2896 659 2949 in
684 2896 842 2950 caelis
876 2896 942 2961 ⁶¹,
986 2917 1004 2949 ι
1033 2897 1085 2951 id
1110 2906 1191 2952 est
1220 2900 1272 2952 in
1309 2901 1683 2958 mansionibus

131 2984 391 3040 beatorum.
427 2986 505 3040 Ex
546 2987 658 3043 hoc
708 3003 838 3058 ergo
899 2989 1274 3057 conjecturam
1325 2991 1435 3064 (i9)
1489 3009 1683 3063 capere

131 3090 396 3143 possumus,
455 3090 686 3149 quanta:
744 3082 1023 3151 puritatis,
1077 3092 1296 3152 quanta:
1341 3085 1681 3152 subtilitatis,

134 3176 410 3236 quantaque
461 3170 663 3239 glorize
711 3172 785 3225 sit
833 3173 1070 3240 qualitas
1121 3175 1368 3244 corporis
1408 3177 1588 3241 illius,
1637 3179 1680 3234 si

1800 624 1875 663 rae
1901 610 2227 678 poposcerit.
2251 610 2490 681 Denique
2520 625 2641 665 cum
2675 612 2937 666 varietate
2962 622 3019 666 et
3055 613 3375 668 diversitate

1799 705 2030 758 mundus
2073 703 2326 772 indiguit,
2359 718 2455 774 per
2487 705 2730 759 diversas
2796 719 2979 758 rerum
3034 704 3205 759 facies
3247 721 3371 774 spe-

1798 797 2017 864 ciesque
2045 795 2190 848 omni
2211 793 2468 848 famulatu
2495 798 2727 864 praebuit
2753 813 2813 852 se
2837 797 3059 850 materia
3077 796 3369 861 conditori,

1798 896 1983 956 utpote
2024 885 2252 940 Domino
2281 896 2334 939 et
2381 889 2614 943 creatori
2647 905 2766 954 suo,
2801 903 2910 958 quo
2939 889 3177 942 diversas
3205 888 3372 945 caele-

1795 977 1960 1032 stium
1995 990 2445 1046 terrenorumque
2475 992 2539 1031 ex
2575 993 2640 1032 ea
2688 978 2911 1033 duceret
2950 977 3178 1033 formas.
3232 978 3370 1033 Cum

1796 1083 1926 1122 vero
1955 1083 2040 1122 res
2067 1069 2132 1122 ad
2181 1068 2313 1122 illud
2344 1071 2610 1138 eruperint
2651 1070 2910 1126 festinare
2943 1078 3001 1124 ut
3033 1070 3142 1124 sint
3183 1086 3371 1126 omnes

1797 1174 1983 1224 unum,
2015 1160 2154 1213 sicut
2193 1170 2278 1214 est
2312 1159 2475 1214 Pater
2498 1175 2622 1214 cum
2650 1159 2786 1213 Filio
2817 1177 3000 1226 unum,
3034 1176 3372 1231 consequen-

1797 1259 1875 1304 ter
1902 1250 2125 1320 intelligi
2165 1250 2342 1313 datur,
2371 1250 2515 1319 quod
2547 1249 2635 1304 ubi
2665 1266 2855 1305 omnes
2895 1265 3059 1302 unum
3083 1259 3232 1314 sunt,
3257 1249 3368 1318 jam

1793 1343 2083 1396 diversitas
2108 1358 2214 1396 non
2251 1342 2381 1396 erit.

1865 1436 1915 1488 5.
1948 1435 2238 1503 Propterea
2271 1447 2503 1502 namque
2549 1432 2661 1505 (52)
2713 1431 2876 1485 etiam
2919 1430 3239 1485 novissimus
3271 1431 3373 1486 inl-

1793 1528 1967 1582 micus
1997 1525 2132 1598 (55),
2168 1525 2258 1595 qui
2299 1539 2445 1579 mors
2475 1524 2800 1593 appellatur,
2829 1522 3029 1576 destrui
3061 1521 3281 1586 dicitur,
3315 1533 3371 1575 ut

1792 1634 1966 1689 neque
2001 1618 2140 1671 ultra
2175 1617 2331 1672 triste
2361 1617 2432 1671 sit
2475 1616 2676 1685 aliquid
2715 1614 2803 1667 ubi
2849 1629 2995 1668 mors
3027 1630 3131 1667 non
3161 1623 3262 1672 est.
3285 1629 3371 1668 ne-

1790 1726 1894 1780 que
1931 1711 2222 1764 adversum
2277 1707 2368 1771 sit,
2422 1707 2508 1760 ubi
2553 1722 2657 1760 non
2701 1717 2784 1760 est
2827 1705 3099 1759 inimicus.
3154 1703 3367 1759 Destrui

1790 1819 1922 1856 sane
1952 1800 2280 1854 novissimus
2322 1799 2578 1852 inimicus
2605 1797 2679 1850 ita
2712 1795 3090 1865 intelligendus
3121 1803 3224 1860 est,
3263 1811 3368 1850 non

1790 1901 1844 1946 ut
1891 1878 2193 1947 substantia
2225 1888 2341 1958 ejus
2372 1904 2492 1958 quae
2540 1903 2568 1940 a
2603 1886 2712 1941 Deo
2746 1887 2884 1941 facta
2915 1895 2995 1941 est
3022 1895 3226 1956 pereat,
3273 1885 3370 1940 sed

1791 1987 1850 2034 ut
1883 1979 2217 2049 propositum
2254 1986 2308 2031 et
2354 1977 2600 2032 voluntas
2640 1975 2878 2043 inimica,
2901 1991 3018 2044 qua:
3053 1991 3158 2030 non
3184 1991 3212 2028 a
3243 1975 3366 2040 Deo,

1790 2075 1882 2128 sed
1913 2074 1983 2127 ab
2021 2076 2137 2142 ipso
2164 2072 2453 2143 processit,
2489 2070 2737 2124 intereat.
2769 2068 3090 2124 Destruelur
3113 2084 3243 2140 ergo
3266 2083 3370 2124 non

1791 2176 1850 2220 ut
1889 2182 1992 2222 non
2027 2167 2116 2228 sit,
2149 2170 2242 2219 sed
2282 2173 2339 2217 ut
2387 2161 2640 2216 inimicus
2682 2176 2787 2213 non
2824 2161 2892 2215 sit
2936 2171 2989 2214 et
3021 2177 3187 2215 mors.
3228 2158 3372 2213 Nihil

1789 2259 1932 2312 enim
1961 2255 2327 2327 Omnipotenti
2383 2251 2719 2324 impossibile
2770 2262 2873 2318 est,
2921 2267 3018 2307 nec
3071 2252 3371 2306 insanabile

1789 2346 2104 2416 estaliquid
2139 2345 2335 2401 factori
2366 2360 2500 2410 suo;
2530 2353 2818 2415 propterea
2851 2343 2994 2397 enim
3025 2343 3154 2398 fecit
3180 2341 3366 2396 omnia

1791 2449 1848 2492 ut
1877 2449 2082 2505 essent,
2109 2449 2163 2493 et
2189 2455 2307 2509 quae
2332 2438 2474 2493 facta
2501 2447 2627 2492 sunt
2659 2447 2714 2491 ut
2748 2448 2953 2503 essent,
2985 2455 3089 2492 non
3113 2453 3233 2493 esse
3265 2453 3370 2490 non

1789 2541 2038 2602 possunt.
2064 2531 2290 2602 Propter
2319 2531 2462 2600 quod
2493 2530 2920 2586 immutationem
2949 2531 3168 2600 quidem
3191 2529 3372 2582 varie-

1793 2632 2068 2693 tatemque
2101 2625 2388 2693 recipient,
2415 2625 2563 2679 itaut
2593 2639 2690 2694 pro
2723 2624 2930 2678 meritis
2964 2623 3045 2677 vel
3072 2623 3124 2676 in
3159 2621 3371 2676 tueliori

1792 2714 1873 2768 vel
1902 2715 1955 2768 in
1983 2716 2239 2770 deteriori
2270 2717 2573 2770 habeantur
2594 2726 2772 2782 statu;
2802 2715 3213 2770 subslantialem
3243 2731 3373 2769 vero

1793 2807 2072 2862 interitum
2106 2823 2169 2861 ea
2207 2823 2329 2878 quae
2358 2824 2386 2861 a
2421 2809 2529 2864 Deo
2561 2811 2626 2863 ad
2667 2811 2766 2864 hoc
2791 2808 2930 2862 facta
2958 2817 3162 2862 suntut
3189 2816 3372 2861 essent

1791 2909 1845 2954 et
1898 2910 2303 2968 permanerent,
2343 2901 2583 2968 recipere
2630 2918 2734 2954 non
2784 2908 3029 2970 possunt.
3062 2897 3177 2953 Non
3228 2901 3371 2954 enim

1791 3007 1911 3062 qua:
1958 2993 2227 3062 .opinione
2275 2993 2415 3063 vulgi
2476 2994 2702 3048 interire
2752 2993 3070 3056 creduntur,
3118 2993 3374 3046 continuo

1789 3084 1958 3139 etiam
1990 3083 2074 3136 vel
2115 3083 2236 3137 ﬁdei
2281 3084 2364 3137 vel
2406 3085 2658 3139 veritatis
2696 3083 2834 3138 ratio
2870 3098 2933 3138 ea
2965 3082 3190 3137 interire
3239 3099 3372 3138 con-

1792 3175 2047 3229 senserit.
2102 3175 2344 3243 Denique
2393 3190 2530 3229 caro
2560 3185 2744 3229 nostra
2769 3173 2838 3229 ab
2877 3173 3146 3244 imperitis
3173 3185 3227 3228 et
3256 3176 3375 3227 inti-

133 3261 551 3327 comparationem
589 3260 858 3320 faciamus
880 3265 999 3336 ejus
1028 3265 1094 3320 ad
1128 3281 1189 3320 ea
1224 3282 1344 3336 qute
1371 3285 1538 3333 nunc,
1566 3271 1690 3327 licet
1715 3239 1759 3296 θ
1794 3263 2006 3319 delibus
2040 3264 2112 3318 ita
2158 3274 2279 3334 post
2325 3275 2556 3319 mortem
2609 3264 2858 3333 deperire
2899 3263 3266 3327 existimatur,
3319 3273 3376 3317 ut

134 3351 334 3405 cules-na
366 3355 474 3409 sint
500 3366 559 3410 et
591 3356 1035 3424 splendidissima
1065 3374 1319 3430 corpora,
1348 3379 1510 3417 manu
1546 3363 1684 3419 facta

137 3446 280 3494 tamen
302 3454 421 3497 sunt
452 3454 510 3499 et
543 3446 806 3500 visibilia.
841 3446 1026 3502 Deillo
1051 3459 1232 3504 autem
1265 3451 1467 3506 dicitur
1495 3455 1687 3509 domus

138 3547 229 3586 esse
268 3550 364 3588 non
398 3553 562 3592 manu
615 3537 784 3603 facta,
820 3541 914 3594 sed
966 3549 1167 3595 aeterna
1215 3541 1268 3595 in
1319 3543 1494 3599 oculis.
1548 3545 1684 3612 Quia

137 3636 236 3692 ergo
271 3644 287 3676 ι
330 3642 446 3695 qua}
478 3630 744 3683 videntur
795 3631 1111 3698 temporalia
1157 3642 1305 3698 sunt,
1350 3650 1472 3704 qua:
1502 3647 1683 3691 autem

141 3729 222 3767 non
240 3717 495 3785 videntur,
533 3730 745 3775 aeterna
787 3721 947 3794 154
979 3730 1104 3777 sunt
1139 3724 1209 3788 5’,
1258 3743 1274 3775 ι
1315 3727 1568 3782 omnibus
1603 3727 1686 3784 his

139 3810 431 3876 corporibus,
467 3828 597 3882 qua:
641 3815 754 3869 sive
793 3815 844 3868 in
887 3815 1072 3877 terris,
1102 3815 1216 3871 sive
1250 3817 1300 3870 in
1350 3817 1504 3872 ccelis
1535 3821 1684 3875 vide-

140 3913 248 3964 tuus,
271 3913 320 3955 et
345 3918 460 3972 qua:
494 3906 679 3959 videri
734 3917 979 3977 possunt,
1024 3917 1076 3960 et
1128 3923 1289 3962 manu
1345 3909 1483 3964 facta
1533 3923 1686 3978 sunt,

141 4001 180 4041 et
201 4002 372 4048 aeterna
422 4012 531 4050 non
587 4005 738 4061 sunt,
791 3998 956 4052 multa
1006 4000 1166 4071 longe
1203 4000 1514 4069 prtulatione
1545 4018 1682 4071 prte-

142 4081 253 4136 t‘ellit
279 4085 399 4140 illud
431 4089 581 4156 quod
635 4098 690 4142 et
715 4089 928 4144 visibile
957 4101 1193 4155 nonest,
1242 4107 1342 4147 nec
1383 4108 1544 4146 tnauu
1605 4092 1686 4146 fa-

143 4183 252 4228 ctum
295 4190 388 4245 est,
417 4183 511 4235 sed
559 4191 830 4236 attentum
862 4193 966 4238 est.
999 4183 1074 4237 Ex
1119 4199 1223 4253 qua
1275 4185 1684 4254 comparatione

143 4266 301 4335 conjici
331 4271 438 4342 (50)
464 4281 652 4342 potest
679 4284 918 4342 quantus
936 4277 1119 4343 decor,
1142 4286 1383 4347 quantus
1405 4277 1682 4345 splendor,

145 4367 334 4420 quantus
363 4361 537 4432 fulgor
570 4364 910 4435 sitcorporis
936 4367 1232 4436 Spit-italis;
1264 4376 1319 4420 et
1346 4383 1534 4421 verum
1563 4383 1684 4423 esse

149 4445 247 4502 illud
275 4454 399 4521 quod
422 4457 636 4510 dictum
671 4469 774 4518 est,
810 4460 936 4526 quia
979 4477 998 4510 ι
1046 4459 1235 4513 oculus
1263 4473 1370 4511 non
1396 4459 1552 4523 vidit,
1582 4473 1682 4514 nec

150 4540 265 4594 auris
290 4545 502 4611 audivit,
556 4562 664 4602 nec
714 4547 768 4601 in
811 4564 910 4603 cor
958 4550 1194 4604 hominis
1239 4551 1506 4614 ascendit,
1562 4565 1684 4620 qua:

151 4637 422 4697 pneparavit
450 4638 597 4691 Deus
622 4624 969 4705 diligentibus
995 4641 1140 4694 illum
1162 4642 1228 4694 ⁵³.
1273 4661 1292 4694 ι
1338 4641 1454 4696 Non
1500 4649 1680 4694 autem

152 4719 453 4782 dubitandum
502 4741 591 4785 est
621 4730 732 4803 (5|)
762 4743 1010 4787 naturam
1047 4735 1294 4804 corporis
1319 4733 1476 4803 hujus
1507 4734 1681 4788 nostri

153 4817 375 4874 voluntate
409 4820 501 4876 Dei
533 4825 632 4893 qui
683 4825 846 4878 talem
878 4825 1006 4881 fecit
1046 4841 1189 4891 eam,
1226 4842 1398 4896 usque
1441 4827 1508 4881 ad
1539 4826 1682 4880 illam

152 4911 410 4974 qualitatem
439 4916 785 4972 subtilissimi
830 4926 885 4972 et
925 4920 1204 4986 purissimi
1245 4936 1308 4974 ac
1349 4919 1682 4989 splendidis-

158 5001 243 5054 titui
268 5009 494 5072 corporis
529 5023 693 5078 posse
721 5024 750 5061 a
797 5009 1051 5064 Creatore
1083 5011 1332 5079 perduci,
1389 5018 1548 5080 prout
1597 5027 1683 5066 re-

207 5159 240 5192 “
265 5158 300 5213 ll
315 5162 432 5217 Cor.
451 5179 504 5227 v,
534 5170 582 5223 ι,

163 5299 726 5419 αέιέξὶξὶξιιιηὶεεευταηι.
756 5309 971 5379 Optime
1008 5323 1138 5364 mss.
1170 5306 1314 5364 Male
1366 5306 1520 5371 editi,
1551 5323 1571 5357 ι
1621 5314 1677 5361 et-

207 5383 282 5422 llSll
291 5387 410 5430 ram.
450 5395 467 5428 ι

212 5436 301 5514 tif?)
329 5442 414 5514 _Sjc
443 5463 571 5502 mss.
601 5448 742 5502 Editi
786 5449 1068 5514 mendose,
1114 5466 1132 5498 ι
1170 5445 1439 5505 convinci.
1471 5464 1492 5497 ι

155 5515 162 5572 l
325 5511 452 5590 _V_'tde
479 5517 514 5570 l.
548 5518 954 5590 tt_0rigenian.,
990 5506 1066 5586 q.'
1087 5519 1142 5584 9,
1180 5536 1233 5573 ιι.
1266 5520 1318 5571 7.

207 5575 406 5660 ίξῖλδίε
437 5602 567 5640 mss.
601 5588 657 5641 lu
681 5575 838 5644 editis
865 5575 1020 5644 deest.
1063 5608 1080 5640 ι
1121 5575 1372 5660 namque,
1411 5605 1429 5638 ι
1477 5597 1678 5660 etpost

208 5658 437 5718 immicus,
471 5675 490 5706 ι
526 5660 781 5714 additur:
832 5678 848 5709 ι
895 5661 946 5712 id
992 5670 1077 5713 est
1126 5658 1390 5714 diabolus.
1448 5677 1467 5710 ι
1513 5658 1678 5710 Paulo

286 5735 423 5787 mss.,
461 5743 477 5774 ι
509 5739 724 5796 propter
753 5730 894 5799 quod
920 5730 1356 5783 immutationem
1379 5730 1620 5791 quidem.
1650 5746 1666 5777 ι

166 5783 290 5852 illiti,
312 5807 328 5840 ι
357 5783 628 5868 propterea
667 5783 1019 5853 mut'ationem
1036 5801 1275 5868 quidem.
1319 5817 1336 5850 ι
1368 5783 1485 5852 Mox
1513 5812 1670 5862 mss.,

171 5872 350 5926 “pltea
389 5864 489 5920 Deo
517 5870 582 5923 ad
626 5869 732 5925 hoc
773 5870 915 5926 laeta
959 5864 1103 5926 sunt.
1150 5889 1168 5923 ι
1208 5869 1265 5924 In
1318 5868 1476 5925 editis
1525 5870 1675 5924 deest

1795 3357 1929 3410 nihil
1959 3371 2183 3424 prorsus
2215 3357 2486 3425 reliquum
2520 3357 2838 3411 subst-annm
2866 3373 2976 3412 sua:
3022 3359 3223 3413 habere
3257 3373 3375 3411 cre-

1794 3449 1972 3502 datur.
2000 3445 2107 3502 Nos
2137 3462 2266 3502 vero
2301 3446 2410 3518 (54)
2447 3447 2536 3517 qui
2573 3449 3027 3502 resurrectionem
3055 3447 3171 3518 ejus
3200 3449 3376 3505 credi-

1794 3554 1934 3604 mus,
1970 3541 2400 3594 immuta-tionem
2445 3540 2564 3608 ejus
2609 3541 2984 3596 tantummodo
3013 3556 3109 3610 per
3145 3550 3374 3596 mortem

1795 3630 1993 3685 factam
2027 3631 2405 3700 intelligimus,
2440 3631 2807 3686 substantiam
2857 3647 2984 3686 vero
3014 3634 3132 3701 ejus
3167 3643 3373 3688 certum

1793 3733 1877 3780 est
1902 3739 2246 3793 permanere,
2295 3733 2350 3778 et
2383 3723 2665 3779 voluntate
2701 3724 2977 3779 Creatoris
3011 3727 3092 3778 sui
3118 3736 3377 3795 certoque

1795 3825 2039 3885 tempore
2086 3831 2275 3870 rursus
2331 3815 2568 3884 reparari
2623 3815 2689 3869 ad
2738 3815 2926 3882 vitam,
2971 3825 3133 3883 atque
3179 3816 3374 3870 iterum

1793 3908 2254 3976 permutationem
2285 3907 2403 3977 ejus
2457 3907 2598 3971 ﬁeri,
2644 3918 2699 3961 ut
2743 3923 2863 3977 qua:
2893 3908 3070 3978 primo
3097 3907 3198 3962 fuit
3245 3923 3377 3963 caro

1793 4013 1858 4053 ex
1896 4008 2040 4053 terra
2073 4010 2308 4063 terrena,
2343 4007 2452 4053 tum
2489 4000 2685 4054 deinde
2713 4001 2973 4054 dissoluta
3002 4016 3093 4069 per
3121 4010 3374 4068 mortem,

1792 4102 1844 4145 et
1878 4092 2074 4145 iterum
2109 4091 2244 4146 facta
2273 4093 2411 4146 cinis
2441 4107 2505 4145 ac
2543 4102 2705 4156 terra,
2744 4094 2764 4144 ι
2802 4092 3068 4158 Quoniam
3104 4101 3244 4146 terra
3295 4110 3374 4159 es,

1794 4181 1994 4249 inquit,
2026 4183 2155 4235 etin
2193 4189 2394 4235 terram
2442 4179 2544 4234 ibis
2590 4179 2656 4241 ⁸⁸,
2703 4197 2721 4230 ι
2757 4195 2970 4233 rursum
3019 4180 3376 4234 resuscitetur

1791 4285 2011 4342 eterra,
2034 4284 2233 4344 etpost
2259 4275 2356 4330 hoc
2378 4274 2517 4344 jam,
2548 4283 2709 4344 prout
2735 4275 2984 4328 meritum
3016 4273 3376 4329 inhabitanlis

1791 4368 1988 4422 animae
2015 4366 2342 4437 poposcerit,
2375 4367 2427 4420 in
2460 4365 2688 4437 gloriam
2723 4366 2967 4435 corporis
2984 4363 3238 4434 proficiat
3265 4365 3378 4435 spi-

1792 4459 1986 4514 ritalis.

1862 4547 2008 4602 6.1a
2045 4549 2186 4602 hunc
2234 4563 2364 4616 ergo
2408 4555 2605 4601 statum
2651 4556 2872 4599 onmem
2931 4544 3072 4597 hanc
3135 4551 3374 4596 nostram

1786 4636 2146 4690 subStantiam
2165 4635 2500 4703 corporalem
2529 4634 2826 4704 putandum
2846 4641 2928 4686 est
2951 4632 3369 4700 perducendum,

1789 4736 1916 4780 tunc
1943 4743 2064 4781 cum
2088 4728 2273 4782 omnia
2311 4726 2684 4790 restituentur,
2722 4734 2781 4780 ut
2817 4740 2983 4779 unum
3009 4723 3137 4786 sint,
3173 4731 3374 4778 etcum

1789 4819 1928 4873 Deos
1961 4818 2120 4872 luerit
2147 4819 2328 4872 omnia
2353 4817 2405 4871 in
2435 4817 2708 4871 omnibus.
2738 4816 2892 4884 Quod
2921 4825 3096 4870 tamen
3125 4800 3234 4885 (‘55)
3262 4830 3371 4870 non

1786 4914 1851 4968 ad
1883 4914 2118 4967 subitum
2162 4912 2299 4977 lieri,
2329 4914 2420 4967 sed
2450 4910 2708 4981 paulatim
2741 4920 2796 4966 et
2827 4925 2924 4980 per
2950 4919 3133 4980 partes
3167 4909 3371 4964 intelli-

1786 5006 2020 5077 gendum
2057 5017 2162 5071 est,
2197 5007 2422 5061 infinitis
2449 5015 2502 5059 et
2544 5005 2831 5060 immensis
2863 5003 3169 5060 tabentibus
3199 5017 3369 5057 saecuv

663 5168 707 5200 ⁸³
743 5168 926 5223 llCor.
966 5184 1036 5232 tv,
1072 5167 1156 5221 18-
1209 5167 1255 5198 ⁸³
1284 5168 1300 5221 Ι
1334 5167 1457 5222 Cor.
1488 5182 1547 5233 ιι,
1582 5167 1635 5222 9.
1688 5166 1734 5197 ⁸⁵
1757 5165 1893 5222 Gen.
1931 5181 2016 5229 ιιι,
2049 5167 2133 5220 l9.

1787 5324 1806 5357 ι
1839 5305 1903 5358 ad
1938 5303 2062 5357 hoc.
2100 5321 2118 5353 ι
2149 5301 2276 5356 Post
2312 5299 2589 5370 paululum
2622 5314 2782 5364 mss.,
2814 5317 2843 5370 ﬁt
2880 5296 3114 5370 interire
3141 5296 3373 5350 credun-

1785 5385 1892 5429 tur.
1929 5393 1947 5424 ι
1970 5374 2134 5438 Editi,
2163 5390 2180 5424 ι
2215 5366 2438 5425 interire
2463 5371 2735 5425 dicuntur.
2761 5387 2779 5419 ι
2812 5366 2952 5421 Infra
2979 5380 3147 5438 mss.,,
3176 5383 3193 5415 ι
3216 5377 3374 5438 prout

1785 5436 2163 5498 m'eritum.....
2199 5441 2532 5511 poposcerit,
2569 5441 2632 5511 in
2656 5439 2890 5511 gloriam
2933 5437 3182 5505 corporis
3214 5436 3376 5506 proli-

1785 5515 1895 5568 eiat
1926 5509 2214 5580 spiritalis.
2255 5509 2472 5575 rEditi,
2502 5529 2520 5562 ι
2555 5509 2702 5580 velut
2736 5509 3064 5580 meritum...
3117 5521 3375 5576 poposce-

1783 5585 1883 5650 rit.
1913 5577 2159 5651 ingloria
2192 5583 2443 5651 corporis
2476 5579 2721 5649 proﬁciet
2746 5577 3036 5651 spiritalis.
3067 5595 3088 5629 ι

1859 5654 1970 5724 (55)
1993 5648 2130 5775 “Id:
2155 5653 2188 5705 l.
2222 5669 2259 5706 ιι
2298 5648 2635 5720 Origenian.,
2666 5663 2722 5717 q.
2769 5650 2854 5712 ll,
2891 5663 2945 5702 ιι.
2979 5648 3066 5710 18,
3090 5658 3144 5702 et
3179 5655 3375 5714 quaest.

1866 5743 2016 5775 IHIIII.
2121 5765 2132 5774 .

1783 5726 1838 5779 5.
1866 5743 2016 5778 unm.
2051 5725 2132 5776 14.

2153 5792 2187 5845 I.
2219 5808 2254 5844 ιι
2291 5791 2628 5864 Οιρᾳιξηὶαιι..
2656 5796 2849 5857 qttzest.
2884 5786 2938 5852 9,
2968 5800 3117 5864 [ιιιιη.
3146 5785 3198 5838 (ἰ.

2012 5863 2140 5919 Vide
2182 5863 2217 5917 ι.
2273 5878 2312 5916 ιι
2343 5853 2687 5930 0iigenian.,
2720 5868 2914 5926 quaest.
2966 5854 3054 5922 ll,
3087 5871 3237 5909 ntttn.
3290 5853 3367 5908 l0.
