3880 6550
543 400 649 458 5'53
1763 399 2070 459 ORIGENIE

2187 401 2283 454 EPI
2318 399 2542 453 ᾹΡΧΩΝ
3635 398 3716 456 Siti

542 518 628 585 lis,
664 535 784 574 eum
811 522 1008 576 sensim
1042 531 1093 576 et
1121 536 1214 591 per
1246 522 1484 593 singulos
1523 526 1826 580 emendatio
1869 525 2033 578 fuerit
2057 533 2107 578 et
2146 528 2184 584 Α
2215 519 2576 590 dijudicetur;
2612 517 2684 572 it‘a
2708 516 2870 572 etiam
2897 516 2964 571 de
2992 513 3235 583 corporis
3267 520 3402 569 statu
3431 514 3715 570 sentiendum

537 612 804 667 cerrectio
826 623 1131 682 prosecuta,
1161 617 1614 682 prrecurrentihus
1645 616 1764 670 aliis
1785 625 1836 670 et
1857 615 2106 670 velociori
2211 620 2313 667 est.
2347 609 2489 678 quod
2532 607 2706 676 ipsum
2735 606 2874 660 idem
2917 619 3112 674 corpus
3139 604 3287 673 quod
3309 619 3440 658 nunc
3465 619 3551 673 pro
3586 607 3716 662 mini-

535 721 700 762 cursu
739 707 805 759 ad
856 720 1063 758 summa
1127 707 1489 769 tendentibus,
1542 708 1662 763 aliis
1705 723 1831 762 vero
1860 710 2108 778 proximo
2211 699 2379 754 sterio
2419 699 2614 752 animae
2650 704 3012 764 nuncupatum
3043 703 3127 750 est
3166 695 3411 760 animale,
3443 711 3531 765 per
3568 695 3710 766 prefe-

533 812 745 866 quoqnc
771 797 942 866 spatio
970 797 1396 866 insequentibus,
1437 808 1546 852 tum
1575 799 1765 853 deinde
1792 799 1909 853 aliis
1955 799 2110 868 longe
2211 802 2358 847 clum
2386 791 2694 860 quemdam,
2717 807 2840 846 cum
2871 791 3050 846 anima
3081 790 3330 861 adjuncta
3354 790 3458 846 Deo
3483 807 3602 847 unus
3621 807 3716 849 cnvn

534 886 824 954 posterius,
865 894 918 940 et
949 886 1024 942 sic
1051 902 1146 954 per
1197 887 1391 943 mullos
1439 897 1492 943 ct
1538 890 1846 944 innumeros
1892 891 2110 945 ordines
2210 900 2274 939 eo
2317 885 2540 954 spiritus
2596 885 2756 939 fuerit
2791 883 3004 948 effecta,
3034 882 3150 950 iam
3197 892 3322 936 tunc
3370 897 3549 951 corpus
3596 886 3716 953 quasi

531 979 923 1045 proficientium
962 997 1023 1035 ac
1052 981 1159 1037 Deo
1185 994 1244 1035 se
1274 995 1338 1034 ex
1377 980 1613 1035 inimicis
1644 981 2105 1036 reconciliantium
2209 977 2423 1044 spiritui
2461 976 2774 1031 ministrans
2805 976 2858 1028 in
2899 983 3099 1029 statum
3146 974 3552 1042 qnalitatemque
3583 975 3711 1043 profl-

529 1068 836 1136 pervenitnr
862 1084 1029 1133 usque
1058 1073 1121 1123 ad
1156 1069 1506 1123 novissimum
1543 1070 1818 1123 inimicum
1853 1071 1943 1139 qui
1976 1069 2108 1122 dici-
2210 1072 2316 1125 ciat
2351 1071 2674 1140 Spiritalem,
2723 1069 2954 1122 maxime
2999 1081 3145 1130 cum,
3178 1071 3319 1121 sicut
3357 1081 3488 1136 saepe
3525 1069 3718 1120 ostendi-

529 1169 615 1211 tttr
639 1173 806 1222 mors,
851 1167 907 1224 ut
948 1159 1110 1212 etiam
1143 1159 1256 1229 ipse
1291 1161 1600 1212 destruatur
1630 1173 1695 1214 ne
1726 1157 1859 1212 ultra
1892 1160 1960 1210 sit
2001 1159 2104 1210 ini-
2210 1177 2352 1227 mus,
2401 1161 2520 1216 talis
2552 1177 2583 1215 a
2609 1161 2903 1216 Conditore
2957 1158 3100 1214 facta
3136 1159 3208 1213 sit
3252 1167 3438 1212 natura
3481 1172 3716 1226 corporea,

526 1248 716 1304 micns.
753 1249 884 1305 Cum
929 1265 1057 1321 ergo
1095 1251 1360 1306 restitutte
1395 1250 1596 1305 fuerint
1640 1264 1830 1304 omnes
1870 1250 2106 1302 rationa-
2179 1262 2266 1304 -ιιι
2295 1253 2346 1306 in
2382 1266 2764 1321 quamcunque
2800 1250 3050 1316 voluerit,
3078 1247 3160 1302 vel
3189 1262 3275 1304 res
3313 1247 3597 1317 poposcerit
3618 1263 3723 1316 qua-

526 1339 659 1394 biles
687 1345 879 1395 animm
931 1342 984 1395 in
1037 1343 1405 1412 hujuscemodi
1467 1351 1688 1404 statum,
1742 1349 1866 1395 tunc
1913 1349 2103 1394 natura
2208 1343 2431 1408 Iitatem,
2464 1341 2619 1396 facile
2647 1343 3028 1407 subsequatur.

523 1432 684 1485 etiam
715 1430 869 1498 hujus
901 1435 1146 1500 corporis
1175 1433 1341 1487 nostri
1377 1432 1486 1504 (56)
1522 1432 1576 1486 in
1620 1431 1886 1502 spiritalis
1911 1447 2106 1501 corpo«
2276 1435 2328 1487 7.
2359 1432 2544 1487 Omnis
2579 1433 2740 1501 igitur
2782 1433 2894 1485 h:cc
2948 1432 3085 1484 ratio
3135 1432 3238 1485 hoc
3291 1429 3560 1493 continet",
3605 1429 3726 1496 quod

525 1523 600 1576 ris
623 1522 848 1590 gloriam
876 1523 1221 1592 perducetur.
1251 1524 1404 1578 Sicut
1434 1524 1576 1578 enim
1603 1524 1667 1577 de
1695 1523 2102 1578 rationabilibus
2205 1525 2343 1579 duas
2381 1523 2662 1592 generales
2693 1533 2918 1578 naturas
2960 1521 3265 1576 condiderit
3289 1522 3428 1575 Deus
3457 1536 3470 1572 :
3503 1529 3712 1572 naturam

522 1613 730 1667 naturis
777 1613 1040 1681 videmus,
1077 1629 1182 1667 non
1231 1615 1362 1668 alias
1393 1629 1514 1668 esse
1551 1630 1670 1683 qua:
1721 1630 1819 1682 pro
1864 1613 2101 1683 peccatis
2205 1616 2500 1677 visibilem,
2536 1615 2701 1668 idest
2750 1628 3102 1684 corpoream,
3141 1622 3194 1666 et
3225 1623 3470 1665 naturam
3517 1610 3722 1664 invisibi-

523 1707 573 1759 in
603 1707 921 1776 indignitate
951 1707 1203 1770 vixerint,
1237 1719 1292 1761 ct
1339 1709 1473 1761 alias
1506 1723 1624 1776 qure
1670 1724 1765 1778 pro
1799 1708 2003 1762 meritis
2037 1709 2102 1762 ad
2207 1708 2331 1773 lem,
2385 1722 2505 1776 qua:
2535 1716 2619 1761 est
2666 1707 3004 1775 incorporea.
3043 1705 3166 1760 Ista:
3203 1719 3334 1758 vero
3385 1704 3500 1758 dure
3545 1712 3718 1755 natura

519 1781 902 1852 beatitudinem
942 1799 1175 1853 invitata:
1201 1801 1326 1862 sint,
1353 1801 1444 1854 sed
1481 1801 1577 1854 has
1597 1802 1809 1854 easdem
1835 1817 1955 1869 qure
1978 1811 2100 1853 aute
2139 1862 2175 1869 __
2205 1797 2450 1850 diversas
2499 1795 2580 1850 sui
2617 1795 2889 1864 recipiunt
2942 1795 3396 1863 permutat-ianos.
3425 1791 3513 1845 Illa
3544 1791 3720 1859 quidem

521 1889 734 1944 fuerant
779 1892 1132 1958 peccatrices,
1171 1905 1372 1944 convcr
1406 1907 1464 1944 as
1513 1892 1850 1960 postmodum
1909 1901 1962 1944 et
1994 1892 2100 1945 Deo
2139 1862 2180 1916 Β
2209 1887 2494 1942 invisibilis
2521 1903 2640 1957 qua:
2665 1886 2998 1941 rationabilis
3027 1896 3128 1951 est,
3164 1887 3346 1938 animo
3385 1883 3726 1952 propositoque

520 1981 892 2034 reconciliatas
949 1981 1196 2034 videmus
1249 1983 1314 2033 ad
1369 1981 1755 2034 beatitudinem
1815 1981 2096 2045 revocari;
2208 1990 2445 2034 mutatur
2476 1994 2571 2048 pro
2605 1993 2670 2033 eo
2707 1979 2852 2047 quod
2893 1979 3106 2032 arbitrii
3161 1977 3242 2032 sui
3278 1976 3527 2048 libertate
3562 1973 3720 2029 donata

519 2071 590 2123 ita
645 2072 806 2125 etiam
857 2072 920 2125 de
953 2080 1146 2125 natura
1174 2073 1412 2140 corporis
1447 2072 1785 2125 sentiendum
1840 2081 1919 2125 est
1961 2070 2094 2142 (δι),
2205 2081 2322 2137 est;
2359 2081 2413 2126 et
2446 2085 2540 2142 per
2572 2071 2673 2125 hoc
2721 2069 3015 2139 aliquando
3061 2069 3116 2123 in
3163 2063 3344 2133 bonis,
3388 2067 3653 2137 aliquando
3683 2067 3724 2117 in

516 2164 663 2231 quod»
689 2177 790 2216 non
816 2163 960 2216 aliud
996 2179 1192 2232 corpus
1223 2172 1304 2217 est
1345 2179 1452 2233 quo
1485 2164 1708 2217 nuncin
1762 2163 2096 2232 ignobilitate
2204 2163 2502 2218 contrariis
2554 2162 2848 2216 invenitur.
2901 2160 3024 2215 [hec
3077 2174 3206 2214 vero
3260 2168 3452 2213 natura
3501 2171 3723 2226 corporea

513 2253 644 2307 etin
667 2257 1011 2324 corruptione
1034 2264 1087 2308 et
1120 2253 1438 2308 infirmitate
1463 2257 1688 2318 utimur,
1723 2264 1774 2306 et
1809 2254 1954 2307 aliud
1990 2256 2095 2308 erit
2204 2256 2626 2313 substantialem
2658 2256 2853 2325 recipit
2898 2254 3389 2324 permutationem;
3421 2251 3554 2305 unde
3593 2259 3639 2302 et
3676 2249 3724 2300 ad

517 2338 645 2394 illud
676 2353 782 2408 quo
807 2340 860 2394 in
903 2342 1333 2410 incorruptione,
1365 2351 1417 2396 et
1457 2343 1507 2395 in
1553 2344 1774 2406 virtute,
1809 2353 1861 2396 et
1900 2344 1950 2396 in
1978 2344 2095 2413 glo-
2202 2365 2361 2404 omne
2396 2349 2538 2413 quod
2599 2348 2824 2413 moliri,
2877 2347 2959 2402 vel
2987 2347 3298 2426 fabricare,
3343 2344 3427 2398 vel
3475 2351 3727 2397 retractare

517 2434 594 2486 ria
628 2441 878 2496 utemur;
911 2434 1002 2488 sed
1031 2435 1132 2488 hoc
1159 2434 1298 2488 idem
1329 2433 1552 2502 abjectis
1575 2435 1657 2489 his
1686 2436 2094 2490 infirmitatibus
2202 2442 2427 2496 voluerit
2462 2440 2659 2496 artifex
2691 2441 2929 2495 omnium
2961 2441 3120 2497 Deus,
3151 2439 3396 2492 materia:
3425 2435 3576 2503 hujus
3602 2433 3729 2486 habet

516 2525 566 2576 in
601 2525 797 2592 quibus
829 2541 970 2580 nunc
1007 2535 1107 2592 est,
1159 2527 1206 2579 in
1240 2526 1466 2593 gloriam
1503 2529 1958 2582 transmutabitur
1981 2532 2092 2597 spi-
2203 2533 2254 2585 in
2289 2532 2542 2586 omnibus
2578 2530 2918 2594 famulatum,
2955 2538 3013 2582 ut
3043 2530 3095 2582 in
3119 2540 3472 2598 quascunque
3515 2526 3615 2578 vult
3643 2524 3728 2577 for-

515 2615 673 2668 ritale
708 2617 979 2683 effiat-tum,
1017 2627 1073 2670 ut
1115 2619 1256 2684 quod
1309 2617 1408 2672 fuit
1455 2618 1792 2689 indignitatis
1839 2635 1955 2685 vas,
1989 2623 2091 2675 hoc
2201 2641 2316 2680 mas
2343 2625 2422 2678 vel
2451 2624 2681 2692 species,
2714 2632 2871 2693 prout
2897 2639 3077 2676 rerum
3116 2622 3302 2675 merita
3330 2622 3633 2688 deposcunt,
3662 2632 3729 2670 na-

511 2705 685 2775 ipsnm
717 2720 1071 2778 expurgatum
1116 2708 1208 2762 fiat
1254 2724 1344 2761 vas
1385 2709 1606 2763 honoris
1647 2719 1698 2761 ct
1736 2711 2089 2766 beatitudinis
2201 2726 2376 2769 turam
2431 2730 2754 2784 corpoream
2795 2724 3121 2768 transmutet
3164 2723 3216 2766 ct
3266 2714 3570 2766 transferat.
3607 2707 3727 2774 Quod

513 2798 901 2852 habitaculum.
955 2799 1009 2852 In
1067 2815 1172 2868 quo
1221 2809 1362 2854 statu
1412 2799 1574 2852 etiam
1632 2799 1742 2871 (58)
1772 2817 2092 2870 permanere
2199 2807 2480 2862 evidenter
2505 2805 2764 2875 propheta
2813 2807 3105 2878 designans
3146 2807 3221 2858 ait
3252 2805 3473 2860 :rDeus
3511 2802 3595 2873 qui
3624 2800 3730 2856 facit

511 2904 724 2958 semper
768 2900 821 2943 et
876 2891 1281 2944 itttttttttahililer
1337 2891 1609 2944 Creatoris
1670 2891 1943 2944 voluntate
2007 2900 2091 2945 est
2196 2901 2375 2953 omnia
2405 2910 2457 2952 et
2490 2907 2842 2953 transmttlat.
2875 2917 2894 2949 ι

511 2982 862 3047 credendum,
912 2983 1068 3036 fidem
1123 2982 1197 3036 rei
1247 2982 1496 3057 faciente'
1529 2984 1794 3037 sententia
1848 2982 2088 3050 Apostoli
2266 2989 2470 3044 8.1am
2519 3006 2650 3044 sane
2683 2990 2810 3044 illud
2845 2990 3196 3060 quaerendum
3235 2999 3339 3053 est,
3390 2989 3434 3043 si
3479 2997 3602 3041 tunc
3630 2999 3731 3040 cum

511 3072 776 3126 dicen-tis:
824 3093 840 3123 ι
902 3074 1124 3128 Domum
1175 3075 1440 3128 habemus
1491 3090 1595 3126 non
1651 3090 1808 3127 manu
1861 3073 2086 3139 factam,
2195 3080 2300 3135 erit
2338 3080 2480 3136 Deus
2535 3083 2717 3135 omnia
2769 3081 2823 3135 in
2871 3080 3145 3147 omnibus,
3205 3081 3257 3134 in
3305 3077 3731 3135 consummatione

509 3171 768 3216 :eternam
830 3165 942 3234 (59)
973 3166 1022 3218 in
1078 3167 1232 3220 coelis
1261 3169 1325 3220 ⁸⁵.
1377 3189 1393 3220 ι
1431 3166 1542 3221 Νοιι
1585 3170 1727 3222 enim
1786 3169 2082 3222 secundum
2117 3217 2158 3242 η
2195 3172 2438 3230 omnium
2472 3172 2728 3227 universa
2760 3171 3006 3242 corporis
3037 3179 3228 3224 natura
3260 3187 3364 3225 una
3406 3171 3581 3240 specie
3623 3184 3729 3222 con-

509 3250 771 3317 qnosdam
805 3250 1120 3306 Crit-corum
1153 3255 1502 3325 philosophos
1527 3268 1726 3328 prceter
1761 3258 1862 3311 hoc
1889 3273 2088 3328 corpus
2116 3250 2158 3274 ν
2191 3263 2378 3330 stabit,
2415 3273 2470 3319 et
2493 3265 2672 3320 omnis
2706 3264 2940 3332 qualitas
2973 3263 3221 3333 corporis
3254 3262 3342 3317 illa
3377 3263 3490 3318 sola
3522 3262 3728 3328 eritque.

509 3341 651 3407 quod
676 3356 738 3394 ex
767 3343 1294 3411 quatuorelementis
1321 3359 1422 3411 est,
1454 3350 1592 3402 aliud
1618 3351 1866 3418 quintum
1892 3365 2089 3418 corpus
2193 3353 2245 3408 in
2281 3355 2370 3407 illa
2420 3355 2768 3410 inenarrabili
2801 3355 2972 3425 gloria
3018 3355 3260 3422 fulgebit,
3315 3370 3438 3424 qum
3487 3351 3716 3423 spiritalis

509 3435 650 3500 quod
686 3450 782 3502 per
801 3438 979 3489 omnia
1016 3438 1159 3493 aliud
1188 3439 1258 3492 sit
1285 3450 1338 3493 et
1372 3441 1642 3495 diversum
1667 3442 1734 3494 ab
1767 3442 1868 3495 hoc
1904 3452 2089 3497 nostro
2191 3449 2433 3513 corporis
2467 3447 2642 3501 futura
2681 3463 2802 3502 esse
2835 3449 3116 3503 sentiendo
3163 3460 3268 3503 est.
3311 3446 3369 3502 Si
3411 3447 3553 3502 enim
3603 3453 3725 3498 recte

507 3533 758 3585 corpore,
795 3524 928 3575 fides
955 3523 1212 3578 Ecclesiae
1243 3526 1432 3586 recipit
1466 3545 1477 3579 :
1519 3527 1772 3594 quoniam
1804 3544 1978 3597 neque
2022 3545 2070 3582 et

2192 3540 2512 3607 accipimus,
2546 3541 2593 3592 id
2645 3540 2696 3593 in
2731 3540 2888 3593 initio
2935 3540 3058 3594 libri
3094 3540 3175 3594 sui
3209 3539 3424 3610 Moyses
3459 3537 3639 3592 scribit
3659 3535 3724 3588 ιιι.

511 3611 810 3679 Scripturis
838 3615 1039 3669 sanctis
1062 3616 1141 3668 vel
1184 3618 1548 3684 suspicionem
1577 3619 1807 3687 aliquam
1845 3621 2070 3689 proferri

2190 3647 2318 3686 cens
2343 3649 2356 3688 :
2382 3651 2398 3682 ι
2422 3631 2760 3701 lnprincipio
2784 3633 2912 3686 fecit
2943 3633 3085 3686 Deus
3111 3633 3302 3686 emtum
3335 3639 3390 3685 et
3425 3641 3615 3684 terrain
3639 3627 3721 3678 ".i

509 3707 575 3760 de
604 3706 689 3760 his
721 3705 842 3775 quis
872 3716 1065 3774 potest,
1117 3725 1288 3778 neque
1321 3711 1434 3780 ipsa
1468 3727 1648 3766 rerum
1694 3715 2085 3782 c0nscquentia
2193 3722 2303 3776 lloc
2339 3723 2483 3776 enim
2513 3723 2837 3791 principium
2869 3721 3034 3776 totius
3059 3731 3356 3786 creaturze;
3391 3721 3456 3776 ad
3492 3722 3586 3774 hoc
3607 3718 3730 3788 prin-

510 3797 625 3851 ιιωο
663 3799 828 3867 recipi
857 3800 1079 3868 patitur,
1109 3803 1342 3857 maxime
1368 3818 1488 3856 cum
1539 3803 1824 3858 manifeste
1867 3804 2060 3859 dclinia

2187 3815 2389 3883 cipiunt
2425 3814 2583 3869 finem
2619 3815 2860 3869 omnium
2895 3814 3524 3883 consummationemque
3555 3825 3729 3868 conve-

507 3900 728 3944 sanctus
771 3893 1076 3960 Apostolus,
1108 3896 1232 3963 quia
1284 3910 1386 3948 non
1431 3911 1567 3948 nova
1626 3895 1805 3964 aliqua
1851 3912 2083 3964 corpora
2188 3905 2263 3957 nit
2318 3919 2610 3958 revocare:
2653 3905 2704 3959 id
2736 3915 2820 3960 est
2866 3914 2924 3959 ut
2957 3905 3088 3960 illud
3120 3904 3340 3967 cretum,
3377 3916 3433 3959 et
3465 3905 3551 3958 illa
3587 3913 3726 3961 terra.

505 3984 918 4048 resurgenlibus
954 4003 982 4036 a
1019 3985 1244 4038 mortuis
1287 3986 1506 4049 dentur,
1540 3988 1632 4040 sed
1668 3989 1782 4041 hinc
1822 3989 1932 4057 ipsa
1962 4004 2080 4057 quze
2188 3993 2454 4047 habitatio
2494 4003 2546 4047 ct
2576 3995 2790 4062 requies
2817 3996 2888 4050 sit
2916 3996 3125 4064 piorum
3154 4013 3168 4062 ;
3203 3997 3277 4049 ita
3325 4003 3385 4048 ut
3416 3997 3564 4064 prius
3594 4004 3727 4046 terra:

505 4072 747 4128 viventes
779 4074 1099 4138 habuerant,
1121 4091 1184 4130 ex
1209 4078 1564 4132 deterioribus
1588 4079 1638 4132 in
1671 4080 1863 4133 melius
1895 4091 2075 4132 trans-
2187 4083 2334 4138 illius
2363 4086 2538 4139 sancti
2581 4087 2784 4155 quique
2816 4096 2869 4142 et
2917 4088 3181 4141 mansueti
3230 4089 3603 4142 [nereditatem
3646 4100 3723 4138 ca-

508 4161 741 4218 formata
795 4167 1080 4235 recipiant.
1114 4168 1201 4222 Ait
1234 4170 1376 4224 enim
1411 4187 1424 4224 :
1463 4189 1482 4220 ι
1517 4169 1830 4224 Seminatur
1879 4186 2081 4240 corpus
2185 4175 2357 4244 piant,
2386 4178 2822 4246 quandoquidem
2856 4179 2958 4234 hoc
2979 4180 3140 4232 etiam
3172 4179 3275 4238 lex.
3305 4189 3358 4233 et
3384 4180 3665 4249 prophetae,
3686 4185 3729 4228 et

506 4257 764 4321 animale,
809 4270 1054 4327 resurget
1085 4274 1283 4330 corpus
1313 4261 1634 4332 Spirituale;
1674 4263 1976 4315 Seminatur
2027 4264 2078 4316 in
2185 4265 2534 4335 Evangelium
2568 4269 2785 4321 docent.
2843 4269 2897 4321 In
2931 4283 3037 4336 qua
3081 4279 3222 4323 terra
3259 4279 3392 4338 puto
3443 4284 3563 4324 esse
3591 4279 3728 4320 veras

504 4349 869 4416 corruptione,
903 4351 1059 4422 155
1086 4363 1328 4424 resurget
1361 4354 1412 4407 in
1449 4355 1889 4422 incorruptione;
1923 4356 2082 4408 senii-
2184 4356 2305 4410 illas
2322 4367 2376 4411 et
2399 4358 2547 4412 vivas
2579 4360 2782 4414 formas
2803 4360 2945 4413 illius
2970 4360 3335 4414 observantia:
3357 4375 3519 4429 quam
3545 4357 3728 4426 Moyses

505 4449 669 4494 natur
708 4443 760 4495 in
792 4441 1122 4512 infirmitate,
1164 4454 1411 4515 resurget
1443 4447 1492 4498 in
1523 4447 1749 4510 virtute;
1781 4448 2080 4500 seminatur
2184 4463 2277 4516 per
2304 4448 2440 4519 legis
2469 4452 2714 4504 umbram
2764 4452 3032 4505 tradebat.
3077 4451 3152 4504 De
3180 4451 3376 4519 quibus
3407 4452 3606 4505 dictum
3637 4455 3722 4506 est.

507 4531 557 4584 i'n
590 4531 947 4601 ignobilitate,
993 4543 1234 4603 resurget
1280 4535 1332 4588 in
1367 4535 1536 4605 gloria
1581 4537 1644 4588 ⁸⁸.
1688 4556 1705 4587 ι
1759 4536 1910 4591 Sicut
1943 4553 2075 4606 ergo
2111 4555 2152 4610 ι)
2181 4543 2642 4610 quiaiexemplari
2671 4553 2724 4596 et
2758 4545 2960 4599 umbra:
2987 4537 3726 4603 deserviuntcmlestium“;t

503 4622 778 4688 profectus
810 4633 892 4679 est
916 4625 1121 4682 homini
1157 4629 1374 4696 quidam
1412 4628 1543 4700 (60),
1581 4639 1638 4682 ut
1665 4644 1785 4683 cum
1825 4630 1898 4682 sit
1925 4629 2073 4696 prius

504 4711 756 4766 animalis
801 4715 982 4780 homo,
1037 4733 1138 4773 nec
1188 4719 1449 4790 intelligat
1501 4736 1620 4790 quae
1681 4733 1808 4775 sunt
1835 4721 2073 4787 Spiritus

504 4802 620 4869 Dei,
663 4805 843 4860 veniat
894 4807 944 4860 in
1002 4809 1102 4862 hoc
1152 4825 1246 4878 per
1295 4811 1652 4866 eruditionem
1700 4823 1758 4865 ut
1809 4813 2074 4867 elIicialur

500 4893 778 4963 spiritalis,
829 4905 881 4950 et
927 4898 1180 4966 dijudicet
1225 4902 1430 4967 (nimia,
1466 4903 1578 4972 ipse
1625 4919 1754 4957 vero
1793 4920 1821 4957 a
1857 4905 2076 4960 nemine

571 5051 616 5083 ⁸⁸
640 5049 683 5104 II
714 5052 842 5106 Cor.
873 5069 926 5121 ν,
955 5057 1004 5108 1.
1084 5058 1129 5088 ⁸⁵
1168 5056 1183 5109 Ι
1218 5057 1342 5114 Cor.
1369 5075 1460 5124 xv,
1499 5060 1589 5126 49.,
1622 5060 1710 5123 45,
1735 5061 1826 5115 44.

573 5186 682 5258 (56)
723 5187 814 5261 Sic
849 5206 983 5246 mss.
1022 5191 1076 5246 ln
1123 5193 1287 5248 editis
1327 5197 1496 5261 deest,
1541 5214 1560 5248 ι
1614 5199 1807 5252 nostri.
1843 5218 1864 5250 ι
1916 5201 2073 5258 Deest

497 5254 680 5331 item}
714 5260 981 5331 _s_piritalis
1012 5267 1275 5331 corporis.
1311 5283 1330 5315 ι

709 5328 847 5404 Χῇᾀϐ
874 5331 910 5404 l.
950 5347 984 5385 ll
1014 5327 1346 5404 (pigerrima,
1377 5344 1566 5404 quaest.
1597 5335 1652 5403 9,
1683 5353 1829 5390 num.
1857 5339 1909 5395 '7.

709 5399 844 5472 Vide
873 5399 908 5452 Ι.
945 5417 978 5455 ll
1012 5397 1347 5470 0ri§enian.,
1466 5405 1552 5469 ll,
1585 5397 1695 5460 ιι.’9
1728 5409 1901 5462 0123.

498 5535 508 5546 .
572 5466 680 5538 (59)
713 5468 1019 5546 ίζξιενιιαιιι.
1051 5466 1209 5525 Deest
1238 5474 1289 5525 in
1320 5466 1475 5546 antea
1508 5466 1691 5541 editis,
1720 5480 1812 5530 sed
1841 5479 2071 5534 habetur

499 5537 549 5613 in
573 5537 709 5613 mss.
745 5537 862 5613 Mox
890 5555 1040 5613 ms_s.,
1085 5544 1436 5613 {secundum
1472 5537 1730 5613 quosdam
1755 5546 2064 5604 Grarcorum

495 5605 864 5675 philosophos.
909 5627 930 5683 ε
961 5611 1021 5683 ΔΙιι
1051 5611 1210 5683 editis
1242 5612 1416 5676 deest,
1464 5605 1804 5683 (qniosdam.
1850 5637 1868 5668 ι
1902 5618 2068 5672 Paulo

495 5685 614 5740 post
643 5691 798 5753 mss.,
838 5697 856 5729 ι
903 5680 1032 5753 fides
1076 5681 1326 5736 Eeclesim
1368 5680 1579 5753 recipit.
1614 5703 1631 5737 ι
1676 5685 1843 5753 Editi,
1877 5708 1894 5738 ι
1936 5690 2070 5743 fides

497 5748 807 5818 necessario
845 5750 1060 5818 recipit.
1102 5771 1119 5801 ι

576 5815 688 5883 (60)
730 5814 973 5881 ραιίίαιιί
1020 5819 1094 5874 Ita
1133 5823 1509 5894 manuscripti.
1547 5824 1690 5880 Editi
1720 5840 1870 5894 vero,
1897 5845 1915 5877 ι
1945 5828 2067 5898 qui-

1907 5064 1950 5095 ⁶⁷
1981 5062 2116 5119 Gen.
2149 5079 2186 5131 ι,
2215 5066 2260 5119 1.

2185 4633 2236 4686 hi
2273 4632 2506 4695 scilicet,
2535 4633 2626 4700 qui
2660 4633 2972 4688 serviebant
2997 4634 3048 4686 in
3083 4633 3219 4700 lege.
3251 4633 3359 4687 Sed
3389 4641 3444 4686 et
3483 4632 3547 4684 ad
3573 4631 3725 4698 ipsum

2183 4720 2398 4792 Moysen
2434 4726 2636 4776 dictum
2687 4733 2807 4778 est:
2844 4742 2862 4776 ι
2904 4724 3035 4778 Vide
3087 4735 3145 4779 ut
3199 4725 3370 4782 facias
3412 4723 3592 4780 omnia
3626 4720 3728 4792 (6i)

2181 4817 2478 4869 secundum
2495 4813 2722 4868 formam
2740 4823 2794 4868 et
2813 4815 3222 4871 similitudinem
3249 4834 3370 4888 qua:
3403 4818 3499 4871 tibi
3526 4825 3722 4871 ostensa

2179 4913 2263 4960 est
2291 4905 2342 4958 in
2377 4915 2555 4959 monte
2587 4905 2652 4960 θ’.
2692 4924 2710 4957 ι
2748 4905 2898 4961 Unde
2925 4908 3055 4961 mihi
3082 4907 3294 4963 videtur
3330 4910 3474 4978 quod
3509 4909 3644 4963 sicut
3679 4903 3726 4956 iu

2343 5067 2390 5097 θ’
2417 5065 2552 5122 lleh.
2593 5083 2712 5131 vm,
2735 5069 2790 5123 5.
2868 5069 2911 5100 θ’
2939 5067 3115 5123 Exod.
3142 5085 3273 5134 xxx,
3300 5069 3391 5124 40.

2182 5204 2326 5278 dem,
2358 5223 2377 5255 ι
2411 5203 2552 5278 Infra
2583 5209 2962 5278 manuscripti,
3000 5227 3019 5259 ‹
3044 5224 3140 5276 pro
3166 5205 3474 5278 ministerio
3496 5207 3719 5261 animat.»

2180 5273 2325 5328 Editi
2353 5277 2626 5346 mendose,
2663 5295 2681 5328 ι
2717 5293 2814 5346 pro
2845 5273 3105 5346 iiiyster'io
3137 5283 3349 5334 animm.
3381 5295 3399 5327 ι
3431 5275 3552 5328 Mox
3586 5292 3721 5334 mss..

2186 5360 2206 5416 ι
2245 5359 2366 5398 cum
2391 5345 2567 5416 anima
2598 5345 2848 5414 adjuncta
2892 5345 3002 5400 Deo
3031 5363 3169 5404 unus
3203 5366 3325 5405 cum
3355 5362 3418 5402 eo
3456 5348 3723 5416 spiritus.»

2179 5413 2234 5465 In
2262 5416 2436 5486 editis
2461 5413 2688 5486 deestg
2727 5418 3007 5486 adjuncta.
3049 5436 3067 5468 ι

2251 5483 2360 5553 (61)
2400 5483 2611 5554 Omnia.
2640 5485 2762 5540 [hec
2793 5483 2894 5540 vox
2925 5489 3073 5542 deest
3098 5489 3148 5541 in
3177 5489 3359 5554 editis,
3392 5489 3484 5543 sed
3513 5485 3726 5542 habetur

2179 5550 2411 5627 ἱιιξιιιὲε.
2455 5553 2575 5627 Mox
2624 5570 2778 5619 mss.,
2817 5574 2836 5607 ι
2867 5558 2936 5627 ab
2971 5559 3082 5625 ipsa
3119 5550 3355 5627 perduci
3392 5559 3663 5611 deberent.
3702 5571 3719 5605 ι

2180 5621 2344 5685 Editi,
2373 5641 2391 5672 ι
2418 5623 2486 5676 ab
2519 5624 2632 5692 ipso
2655 5625 2877 5694 perduci
2899 5621 3177 5682 deb‘eretit.
3203 5648 3220 5680 ›
3246 5629 3411 5683 Paulo
3436 5635 3556 5694 post
3583 5641 3719 5685 mss.,

2185 5709 2204 5741 ι
2243 5704 2463 5746 sanctos
2503 5708 2750 5763 quosque
2794 5697 3116 5763 suscipiens.
3157 5717 3174 5748 ι
3213 5699 3266 5752 In
3321 5699 3479 5754 editis
3540 5697 3719 5752 deest.

2183 5779 2216 5837 ς.
2241 5776 2506 5837 quosque.
2549 5783 2566 5814 ι
2605 5763 2725 5818 Mth
2757 5779 2911 5831 mss.,
2950 5785 2968 5818 ι
3012 5767 3062 5821 in
3089 5783 3196 5837 quo
3233 5783 3355 5824 vere
3385 5767 3490 5823 erit
3527 5765 3672 5820 illud.
3699 5781 3716 5814 ι

2177 5829 2318 5887 Editi
2353 5829 2632 5901 ottiittunt,
2666 5852 2684 5887 ι
2721 5849 2866 5890 vere.
2898 5829 2917 5886 ι
