3988 6418
571 352 674 409 3ίῦ

1789 365 2111 426 ORIGENIS
2144 372 2302 427 ΠΕΡΙ
2337 375 2572 430 APXON

3717 391 3812 447 5ιῶ

570 473 636 528 de
681 473 782 529 hoc
831 476 1234 550 assignahimus
1280 497 1346 538 ex
1399 482 1530 551 ipsis
1567 480 1765 538 divinis
1813 485 2118 555 Scripturis

2243 489 2653 564 διειλέχθημεν’
2699 493 2832 565 φέρε
2882 497 2974 550 καὶ
3018 501 3146 571 περὶ
3194 473 3400 556 τούτων
3440 499 3599 572 ὀλίγα
3646 502 3720 566 ὡς
3761 505 3815 558 ἐν

485 613 490 618 .
567 579 688 634 qua:
715 581 812 624 nos
843 578 1214 639 competenter
1247 573 1517 626 moverint
1551 572 1912 643 proferentes,
1951 577 2004 633 id
2036 589 2138 645 est,

567 660 632 714 de
669 657 854 732 Moyse
893 661 1068 730 primo
1110 662 1422 732 legislatore
1460 666 1636 735 gentis
1677 667 1951 735 llebrzrae,
1991 678 2044 725 et
2074 686 2140 726 ex

566 749 747 806 verbis
772 749 900 805 Jesu
933 751 1132 807 Christi
1166 757 1406 810 auctoris
1436 767 1489 810 et
1518 759 1783 828 principis
1800 759 2140 817 Christiano-

479 887 484 890 .
566 855 684 894 rum
719 840 997 912 religionis
1023 853 1077 898 et
1108 843 1397 914 dogmatis.
1431 848 1562 903 Cum
1595 850 1742 905 enim
1771 852 2025 920 permulti
2061 853 2138 908 le-

562 930 852 1001 gislatorcs
881 934 1196 990 exstiterim
1232 937 1371 1007 apud
1398 937 1622 995 Graecos
1652 949 1705 994 et
1739 940 2025 1006 barbaros,
2053 944 2137 998 in-

562 1025 773 1080 numeri
804 1041 1019 1097 quoque
1067 1030 1317 1090 doctores
1365 1032 1448 1087 vel
1492 1033 1802 1104 philosophi
1850 1037 2134 1090 veritatem

557 1131 616 1174 se
644 1118 966 1188 pollicentes
998 1137 1247 1178 asserere
1273 1142 1286 1193 ;
1310 1123 1512 1179 nullum
1546 1125 1893 1180 meminimus
1924 1125 2136 1197 legisla-

555 1217 725 1264 torem
765 1209 1019 1267 allectum
1062 1214 1351 1282 quemdam
1393 1224 1447 1269 et
1495 1217 1734 1271 studium
1773 1217 1935 1272 etiam
1983 1227 2136 1272 exte-

557 1317 740 1354 rarum
777 1304 1019 1372 gentium
1063 1305 1264 1361 animis
1310 1305 1533 1374 injicere
1582 1310 1847 1377 potuisse,
1885 1318 1942 1362 ut
1987 1309 2133 1381 leges

551 1409 681 1448 suas
708 1397 792 1448 vel
813 1398 1158 1468 susciperent
1193 1399 1442 1462 libenter,
1473 1399 1555 1453 Vel
1585 1401 1748 1455 etiam
1783 1402 1927 1456 omni
1962 1402 2129 1455 animi

553 1485 856 1543 in'eutione
905 1489 1283 1546 defenderent.
1320 1490 1491 1547 Nemo
1525 1508 1656 1563 ergo
1701 1509 1820 1548 eam
1867 1485 1985 1562 quae
2026 1495 2127 1549 sibi

552 1580 668 1632 visa
708 1589 794 1632 est
831 1581 1112 1652 veritatem
1152 1599 1254 1637 non
1313 1582 1471 1654 157
1517 1585 1690 1639 solum
1733 1585 1977 1656 pluribus
2009 1588 2130 1642 aliis

550 1671 754 1725 exteris
786 1673 1122 1737 nationibus,
1160 1676 1251 1729 sed
1285 1691 1350 1731 ne
1377 1677 1468 1731 uni
1502 1678 1720 1747 quidem
1750 1680 1896 1749 genti
1939 1679 2013 1733 ita
2047 1680 2128 1733 in-

549 1763 772 1818 sinuare
795 1775 958 1834 atque
991 1766 1329 1821 innotescere
1375 1770 1572 1836 potuit,
1606 1781 1662 1824 ut
1696 1771 1763 1824 ad
1792 1784 1984 1826 omnes
2009 1769 2126 1839 eius

2241 582 2472 653 ἐπιτομῇ
2491 583 2850 657 διαλάϐωμεν,
2885 589 2953 642 τὰ
2973 590 3222 643 κινοῦντα
3239 592 3404 662 ἡμᾶς,
3422 593 3499 656 ὡς
3513 595 3644 663 περὶ
3667 593 3814 647 θείων

2241 677 2608 745 γραμμάτων,
2635 680 2714 742 εἰς
2738 679 2892 733 τοῦτο
2912 681 3353 753 παρατιθέμενοι.
3383 686 3492 738 Καὶ
3517 685 3732 757 πρῶτόν
3754 703 3814 755 γε

2237 764 2333 817 τοῦ
2367 767 2460 819 ἀπ’
2505 768 2683 822 αὐτῶν
2736 770 2843 824 τῶν
2892 774 3236 844 γραμμάτων
3270 775 3363 828 καὶ
3407 777 3514 829 τῶν
3549 779 3607 829 ἐν
3641 779 3816 842 αὐτοῖς

2237 855 2601 928 δηλουμένων,
2649 862 2833 932 ῥητοῖς
2869 865 3197 935 χρήσασθαι,
3260 869 3388 938 περὶ
3435 868 3683 931 Μωσέως
3726 868 3816 923 καὶ

2250 947 2422 1017 Ἰησοῦ
2444 951 2700 1019 Χριστοῦ,
2722 952 2815 1004 τοῦ
2842 955 3129 1024 νομοθέτου
3161 957 3268 1010 τῶν
3295 959 3579 1032 Ἐϐραίων,
3606 961 3702 1014 καὶ
3729 960 3816 1014 τοῦ

2237 1040 2530 1112 εἰσηγητοῦ
2555 1043 2659 1096 τῶν
2681 1046 2820 1099 κατὰ
2843 1048 3266 1120 Χριστιανισμδν
3302 1052 3586 1122 σωτηρίων
3617 1051 3816 1123 δογμά-

2237 1148 2364 1196 των,
2391 1133 2565 1186 ταῦτα
2596 1134 2938 1206 διαληπτέον.
2962 1139 3236 1193 Πλείστων
3273 1141 3381 1213 γὰρ
3415 1143 3555 1196 ὅσων
3588 1143 3810 1214 νομοθε-

2234 1221 2341 1275 τῶν
2378 1227 2759 1295 γεγενημένων
2791 1229 2849 1282 ἐν
2882 1229 3102 1300 Ἕλλησι
3135 1232 3228 1283 καὶ
3259 1231 3576 1305 βαρϐάροις,
3615 1236 3710 1288 καὶ
3741 1234 3819 1289 δι-

2233 1311 2517 1366 δασκάλων
2565 1315 2810 1386 δόγματα
2855 1320 3329 1389 καταγγελλόντων
3375 1323 3819 1395 ἐπαγγελλόμενα

2234 1401 2331 1471 τὴν
2361 1403 2638 1474 ἀλήθειαν,
2679 1406 2868 1460 οὐδένα
2909 1410 3270 1480 ἱστορήσαμεν
3313 1409 3611 1483 νομοθέτην
3660 1412 3817 1482 ζῆλον

2234 1495 2528 1566 ἐμποιῆσαι
2563 1496 2917 1567 δεδυνημένον
2949 1503 3059 1562 τοῖς
3092 1500 3294 1564 λοιποῖς
3329 1501 3507 1556 ἔθνεσι
3544 1503 3679 1574 περὶ
3723 1505 3814 1557 τοῦ

2233 1587 2641 1656 παραδέξασθαι
2675 1591 2800 1654 τοὺς
2833 1591 3022 1660 λόγους
3057 1593 3241 1646 αὑτοῦ.
3279 1594 3486 1666 Πολλήν
3527 1613 3588 1648 τε
3643 1613 3817 1667 παρα-

2233 1679 2430 1750 σκευὴν
2472 1680 2568 1752 τὴν
2618 1683 2758 1754 μετὰ
2791 1683 2889 1753 τῆς
2929 1684 3192 1757 δοκούσης
3234 1686 3559 1751 ἀποδείξεως
3592 1688 3816 1760 λογικῆς

2231 1770 2698 1843 εἰσενεγκαμένων
2731 1773 2836 1826 τῶν
2862 1778 2989 1846 περὶ
3017 1776 3272 1847 ἀληθείας
3299 1776 3611 1848 φιλοσοφεῖν
3641 1781 3812 1848 ἐπαγ-

549 1856 777 1910 scientia
813 1855 895 1911 vel
923 1857 1224 1912 credulitas
1247 1861 1580 1928 perveniret.
1611 1860 1677 1914 Et
1707 1861 1927 1930 quidem
1959 1862 2118 1917 dubi-

2227 1862 2568 1934 γελλομένων
2603 1865 2737 1937 (69),
2786 1867 2961 1931 οὐδεὶς
3000 1868 3279 1941 δεδύνηται
3319 1870 3416 1942 τὴν
3463 1871 3816 1942 νομισθεῖσαν

549 1949 648 2001 tari
681 1965 784 2002 nun
811 1958 1011 2019 potest,
1040 1950 1183 2020 quod
1214 1950 1550 2022 legislatores
1577 1955 1886 2024 optaverint
1927 1955 2122 2010 obser—

547 2040 668 2093 vari
701 2040 769 2094 ab
802 2042 1079 2106 omnibus,
1121 2043 1165 2096 si
1213 2043 1329 2098 lieri
1377 2054 1584 2114 posset,
1634 2045 1943 2101 hominibus
1977 2046 2123 2116 leges

544 2145 700 2194 suas,
722 2140 776 2185 et
803 2133 1045 2203 magistri
1077 2135 1328 2190 omnibus
1366 2137 1703 2191 innotescere
1729 2151 1848 2190 eam
1878 2153 1997 2205 qua:
2021 2139 2120 2193 sibi

542 2223 656 2277 visa
688 2222 884 2288 fuerat,
920 2227 1224 2280 veritatem.
1263 2225 1367 2281 Sed
1403 2227 1639 2282 scientes
1665 2225 1791 2296 quia
1827 2228 1876 2282 id
1899 2229 2120 2282 omnino

543 2327 655 2367 non
687 2325 930 2382 possent,
958 2326 1016 2370 ut
1046 2318 1217 2370 virtus
1253 2318 1303 2370 in
1345 2317 1424 2372 eis
1464 2316 1645 2386 aliqua
1677 2325 1824 2371 tanta
1857 2317 2117 2372 subsiste-

544 2413 628 2458 ret
665 2421 770 2473 qua
802 2408 962 2460 etiam
1009 2420 1228 2464 exteras
1279 2409 1530 2463 nationes
1565 2407 1629 2461 ad
1669 2407 1844 2475 legum
1895 2423 2117 2462 suarum

542 2493 627 2548 vel
655 2499 1016 2552 asscrtionum
1051 2499 1461 2554 observantiam
1498 2507 1884 2568 provocarent,
1930 2516 1996 2554 ne
2025 2515 2118 2556 eo-

540 2586 662 2639 nari
697 2589 913 2654 quidem
945 2592 1046 2644 hoc
1071 2600 1164 2644 aut
1207 2591 1449 2660 incipere
1479 2592 1702 2646 omnino
1726 2593 1841 2646 ausi
1872 2601 2024 2657 sunt,
2050 2608 2117 2647 ne

539 2684 913 2751 imprudentes
943 2698 1036 2738 eos
1061 2683 1224 2736 etiam
1255 2682 1308 2735 in
1344 2683 1445 2735 hoc
1486 2681 1740 2736 inefﬁcax
1772 2691 1827 2736 et
1875 2683 2118 2750 inexple-

537 2774 647 2830 bile
676 2784 888 2830 notaret
913 2775 1205 2844 inceptum.
1249 2775 1319 2828 At
1344 2788 1473 2829 vero
1504 2773 1557 2826 in
1590 2772 1736 2827 omni
1761 2770 1894 2826 orbe
1937 2782 2113 2826 terra-

536 2881 680 2932 rum,
715 2869 763 2920 in
796 2868 941 2923 omni
979 2866 1210 2933 Grazeia,
1250 2877 1414 2937 atque
1448 2865 1719 2920 universis
1747 2862 1951 2918 exteris
1997 2861 2112 2932 (68)

534 2960 843 3014 nationibus
892 2959 1159 3016 innumeri
1204 2969 1332 3014 sunt
1377 2968 1433 3012 et
1481 2958 1755 3024 immensi,
1789 2957 1878 3027 qui
1911 2956 2114 3012 relictis

533 3048 727 3118 patriis
753 3049 961 3120 legibus
987 3059 1041 3104 et
1079 3048 1162 3104 his
1183 3065 1322 3118 quos
1353 3049 1620 3119 putabant
1651 3052 1800 3110 deos,
1827 3048 1892 3100 ad
1923 3049 2112 3101 obser-

531 3141 770 3194 vantiam
805 3139 1002 3211 Moysis
1035 3140 1164 3210 legis
1195 3151 1249 3194 et
1270 3139 1656 3208 discipulatum
1679 3151 1736 3190 se
1759 3138 1960 3191 Christi
1995 3137 2109 3192 cul-

533 3233 1212 3303 tumquetradiderunt,et
1241 3235 1342 3287 hoc
1374 3247 1479 3286 non
1503 3230 1839 3298 sincingenti
1858 3231 1980 3285 odio
2017 3231 2112 3285 ad-

530 3341 746 3380 versum
778 3343 836 3381 se
862 3336 1134 3381 commoto
1167 3343 1359 3382 eorum
1403 3330 1493 3397 qui
1522 3329 1808 3382 simulacra
1850 3343 2114 3380 veneran-

532 3429 640 3483 tur,
677 3424 744 3473 ita
797 3431 854 3472 ut
895 3420 964 3475 ab
1008 3419 1095 3473 his
1135 3420 1448 3489 frequenter
1497 3431 1548 3475 et
1578 3424 1911 3478 cruciatibus
1968 3420 2109 3475 allii-

531 3520 764 3580 gantur,
808 3527 1198 3581 nonnunquam
1241 3512 1408 3566 etiam
1465 3525 1696 3584 agantur
1735 3515 1786 3568 in
1834 3524 2108 3578 martem;

530 3603 932 3673 amplectuntur
957 3614 1159 3670 tamen,
1179 3611 1372 3657 etcum
1401 3606 1548 3659 omni
1581 3606 1774 3660 alfeetu
1801 3606 2112 3660 custodiunt

530 3696 792 3750 doctrina:
823 3695 1028 3752 Christi
1063 3710 1392 3754 sermonem.

2226 1952 2376 2022 αύτῷ
2409 1953 2686 2025 ἀλήθειαν,
2724 1955 2899 2008 ἔθνεσι
2939 1957 3214 2028 διαφόροις
3257 1960 3581 2031 ἐμποιῆσαι,
3627 1961 3661 2032 ἢ
3697 1962 3816 2025 ἐνὸς

2223 2043 2407 2107 ἔθνους
2435 2045 2730 2114 ἀξιολόγοις
2758 2045 3004 2118 πλήθεσι.
3032 2049 3289 2119 Καίτοιγε
3321 2051 3606 2105 ἐϐούλοντο
3632 2053 3697 2106 ἂν
3718 2053 3816 2107 καὶ

2223 2141 2271 2192 οἱ
2290 2137 2576 2208 νομοθέται
2597 2139 2862 2210 κρατῦναι
2884 2141 3008 2203 τοὺς
3035 2142 3297 2210 φανέντας
3323 2144 3523 2214 νόμους
3550 2140 3691 2199 εἶναι
3715 2164 3818 2200 κα-

2222 2226 2346 2290 λοὺς
2378 2227 2510 2296 (70),
2547 2228 2594 2279 εἰ
2629 2227 2873 2290 δυνατὸν,
2906 2229 3055 2300 παρὰ
3081 2231 3244 2283 παντὶ
3269 2231 3348 2302 τῷ
3375 2231 3483 2285 τῶν
3507 2233 3816 2304 ἀνθρώπων

2222 2315 2368 2384 γένει
2392 2335 2400 2343 ·
2423 2315 2546 2369 οἵτε
2577 2317 2882 2370 διδάσκαλοι
2924 2319 3320 2392 ἐπινεμηθῆναι
3353 2322 3421 2392 ἢν
3463 2323 3817 2396 ἐφαντάσθη-

2223 2423 2321 2459 σαν
2355 2405 2495 2461 εἶναι
2530 2408 2786 2479 ἀλήθειαν
2821 2411 3096 2479 πανταχοῦ
3133 2413 3230 2483 τῆς
3273 2415 3621 2486 οἰκουμένης.
3673 2416 3815 2468 Ἀλλ’

2220 2497 2296 2561 ὡς
2325 2496 2412 2551 οἷα
2451 2499 2526 2570 μὴ
2560 2500 2845 2571 δυνάμενοι
2881 2501 3359 2573 προσκαλέσασθαι
3391 2508 3520 2569 τοὺς
3553 2508 3664 2561 ἀπὸ
3704 2511 3816 2563 τῶν

2221 2592 2423 2664 ἐτέρων
2456 2593 2750 2648 διαλέκτων
2785 2596 2878 2649 καὶ
2903 2597 3008 2651 τῶν
3036 2598 3242 2652 πολλῶν
3265 2600 3432 2654 ἐθνῶν
3467 2603 3560 2655 ἐπὶ
3584 2604 3682 2674 τὴν
3715 2607 3816 2676 τη-

2222 2701 2379 2754 ρησιν
2398 2683 2504 2737 τῶν
2528 2687 2729 2756 νόμων,
2751 2689 2844 2740 καὶ
2861 2689 2957 2760 τὴν
2979 2691 3287 2762 παραδοχὴν
3308 2692 3414 2746 τῶν
3437 2694 3809 2765 μαθημάτων,

2216 2774 2374 2827 τοῦτο
2409 2777 2630 2847 ποιῆσαι
2659 2779 2779 2831 οὐδὲ
2814 2779 3141 2835 ἐπεϐάλοντο
3167 2784 3264 2853 τὴν
3294 2783 3488 2856 ἀρχὴν,
3514 2787 3615 2840 οὐκ
3640 2788 3815 2860 ἀφρό-

2217 2883 2324 2928 νως
2337 2883 2396 2918 τε
2425 2869 2599 2938 σκοπὴ
2611 2885 2797 2933 σαντες
2820 2871 2946 2942 περὶ
2967 2872 3058 2925 τοῦ
3080 2873 3338 2927 ἀδύνατον
3361 2877 3545 2940 αὐτοῖς
3565 2879 3626 2931 τὸ
3638 2879 3815 2934 τοιοῦ-

2215 2973 2304 3010 τον
2337 2959 2645 3028 τυγχάνειν.
2667 2961 2823 3014 Πᾶσα
2851 2961 2907 3013 δὲ
2944 2963 3129 3027 Ἑλλὰς
3157 2968 3250 3019 καὶ
3283 2966 3560 3040 βάρϐαρος
3596 2971 3629 3041 ἡ
3665 2974 3813 3026 κατὰ

2213 3051 2312 3122 τὴν
2329 3051 2656 3124 οἰκουμένην
2686 3053 2840 3124 ἡμῶν
2866 3055 2997 3125 (71),
3025 3055 3268 3127 ζηλωτὰς
3289 3058 3400 3129 ἔχει
3428 3062 3680 3130 μυρίους,
3707 3081 3814 3117 xa-

2215 3142 2542 3208 ταλιπόντας
2574 3147 2700 3208 τοὺς
2731 3146 3018 3218 πατρῴους
3057 3148 3257 3218 νόμους
3290 3152 3384 3204 καὶ
3415 3152 3814 3224 νομιζομένους

2214 3234 2389 3301 θεοὺς,
2427 3237 2525 3308 τῆς
2569 3241 2856 3310 τηρήσεως
2897 3241 3006 3294 τῶν
3038 3243 3282 3307 Μωσέως
3323 3245 3525 3316 νόμων,
3577 3247 3674 3300 καί
3705 3249 3812 3320 τῆς

2215 3327 2513 3399 μαθητείας
2547 3330 2652 3382 τῶν
2706 3332 2878 3401 Ἰησοῦ
2914 3333 3150 3403 Χριστοῦ
3189 3335 3381 3402 λόγων⁶
3420 3338 3670 3407 καίτοιγε
3711 3357 3812 3409 μι-

2214 3437 2304 3472 σου
2313 3420 2492 3490 μένων
2518 3423 2616 3492 μὲν
2651 3423 2756 3475 ὑπὸ
2778 3425 2882 3478 τῶν
2913 3424 2982 3478 τὰ
3007 3426 3296 3497 ἀγάλματα
3325 3431 3811 3500 προσκυνούντων,

2212 3512 2320 3564 τῶν
2355 3512 2431 3582 τῷ
2465 3513 2710 3577 Μωσέως
2744 3515 2894 3586 νόμῳ
2943 3519 3405 3589 προστιθεμένων·
3443 3521 3542 3574 καὶ
3575 3521 3675 3592 τὴν
3711 3523 3815 3578 ἐπὶ

2211 3605 2422 3676 θανάτῳ
2437 3606 2514 3671 δὲ,
2536 3608 2670 3679 πρὸς
2693 3607 2770 3678 τῷ
2791 3610 3064 3679 μισεῖσθαι
3085 3610 3217 3681 (ἳΞ),
3245 3612 3666 3668 κινδυνευόντων
3697 3616 3815 3669 τῶν

2213 3699 2301 3752 τὸν
2326 3697 2418 3752 τοῦ
2461 3699 2633 3772 Ἰησοῦ
2670 3701 2905 3772 Χριστοῦ
2931 3702 3086 3772 λόγον
3121 3704 3613 3776 παραδεξαμένων.

1755 3843 1821 3898 ΙΝ
1828 3841 2313 3900 ΤΕΒΡΒΕΤΑΤΙΟ
2349 3842 2555 3898 NOVA.

530 3940 847 4011 habeamus.
886 3939 1086 3996 Verum
1113 3951 1405 4010 antequam
1449 3943 1518 3996 ab
1559 3940 1688 4010 ipsis
1723 3940 2024 4010 Scripturis
2064 3950 2118 3995 et
2152 3941 2218 3996 iis
2267 3955 2386 4011 quae
2415 3940 2468 4011 in
2501 3939 2633 4006 ipsis
2659 3940 3033 4007 declarantur,
3074 3941 3389 4010 testimonia
3422 3941 3813 4011 proferamus,

529 4011 596 4083 de
625 4009 808 4083 Moyse
841 4021 896 4068 et
929 4015 995 4068 de
1029 4011 1154 4066 Jesu
1194 4009 1434 4072 Christo,
1468 4009 1698 4081 quorum
1732 4009 1870 4083 alter
1897 4011 2254 4083 l’lelirreoruut
2279 4009 2577 4083 legislator,
2607 4011 3111 4083 alter_salutariunt
3153 4009 3486 4083 Christiana!
3515 4012 3814 4081 religionis

529 4080 981 4137 doeunientorum
1036 4093 1228 4136 auctor
1258 4093 1363 4144 est,
1407 4080 1522 4136 haec
1553 4083 1711 4136 nobis
1759 4081 1988 4134 dicenda
2040 4090 2186 4135 sunt.
2221 4081 2354 4136 Cum
2387 4081 2529 4135 enim
2567 4080 2710 4134 inter
2740 4081 2959 4137 ercos
3014 4091 3066 4135 et
3101 4080 3367 4136 barbaros
3397 4080 3808 4150 quamplurimi

526 4151 838 4222 exstiterint
865 4152 1042 4222 legum
1071 4151 1296 4222 latores,
1331 4153 1587 4206 doctores
1611 4153 1738 4204 item
1771 4151 1862 4218 qui
1891 4150 2137 4222 veritatis
2171 4151 2417 4222 notitiam
2441 4150 2555 4204 suis
2591 4153 2880 4220 prmceptis
2915 4151 3331 4222 pollicerentur,
3359 4153 3568 4206 nullum
3610 4161 3807 4208 tamen

526 4218 696 4292 fuisse
733 4218 1044 4290 accepimus
1071 4221 1442 4292 legislatorrem
1478 4223 1569 4290 qni
1609 4221 2114 4292 reliquisgentihns
2137 4236 2374 4292 suarum,
2399 4218 2941 4290 legum’suscipiendi
2971 4221 3210 4292 studium
3248 4221 3574 4292 ingenerare
3607 4232 3813 4289 potue-

530 4290 622 4343 rit.
656 4290 720 4346 Et
753 4294 1001 4360 quamvis
1026 4291 1334 4361 phil050phi
1363 4307 1484 4344 eum
1517 4292 1686 4345 multo
1715 4290 1994 4360 prodirent
2019 4291 2844 4361 demonstrationumapparatu
2873 4306 2994 4360 quas
3019 4305 3048 4344 e
3079 4291 3288 4345 ratione
3315 4290 3510 4361 petita:
3543 4293 3814 4346 videren-

527 4369 637 4430 tur,
669 4359 899 4430 quaeque
925 4359 1154 4417 multum
1177 4359 1576 4430 probabilitatis
1608 4359 1894 4426 haberent,
1923 4375 2079 4413 nemo
2106 4376 2171 4414 ex
2206 4359 2314 4413 illis
2345 4359 2445 4413 fuit
2482 4359 2570 4430 qui
2597 4359 3010 4430 probatam'sibi
3045 4359 3337 4430 veritatem
3360 4361 3597 4416 diversis
3621 4376 3811 4430 popu-

527 4428 616 4493 lis,
652 4428 733 4503 vel
769 4428 930 4503 unius
962 4435 1140 4503 gentis
1171 4428 1458 4500 prmcipuae
1484 4431 1817 4503 multitudini
1850 4431 2201 4503 persuadere
2231 4430 2490 4503 potuerit.
2521 4429 2705 4503 _Atqui
2727 4439 3122 4503 peroptassent
3157 4429 3499 4503 legislatures
3527 4428 3815 4503 etdocto-

526 4513 634 4572 res,
664 4501 739 4556 illi
765 4501 834 4557 iis
866 4498 1002 4572 quas
1035 4498 1207 4558 bonas
1239 4498 1524 4572 putabant,
1555 4501 1763 4571 legibus
1792 4500 2132 4572 nniverstuu,
2161 4501 2218 4572 si
2240 4500 2354 4572 ﬁeri
2386 4498 2671 4572 potuisset,
2727 4500 3018 4572 hominum
3059 4498 3231 4572 genus
3279 4500 3499 4572 subjici,
3539 4501 3810 4572 hihquatu

524 4571 708 4626 animo
738 4569 1103 4640 conceperant
1130 4569 1418 4627 veritatem
1459 4569 1659 4640 ubique
1687 4582 1955 4626 terrarum
1999 4569 2387 4635 dissemiuari;
2423 4569 2517 4621 sed
2567 4577 2754 4640 utpote
2809 4585 2915 4622 non
2971 4569 3164 4640 idonei
3203 4570 3298 4638 qui
3331 4570 3563 4623 alterius
3592 4570 3811 4638 lingua:

525 4639 924 4713 multarumque
947 4645 1186 4713 gentium
1231 4641 1480 4697 homines
1513 4639 1580 4697 ad
1621 4642 1796 4712 legum
1825 4656 2045 4713 suarum
2076 4640 2514 4713 observationem
2569 4647 2624 4690 et
2674 4639 2760 4713 ad_
2786 4653 2941 4713 suam
2978 4639 3325 4713 disciplinam
3377 4641 3809 4713 suscipiendam

522 4707 878 4778 adducerent,
914 4707 981 4768 ne
1009 4713 1249 4783 aggressi
1299 4713 1514 4782 quidem
1549 4707 1761 4766 sunt'id
1809 4711 2052 4783 edicere;
2091 4710 2392 4780 prudenter
2422 4709 2565 4761 enim
2599 4707 2964 4783 praeviderant
2999 4710 3049 4762 id
3081 4725 3138 4762 se
3169 4709 3430 4783 consequi
3464 4709 3612 4783 nullo
3631 4712 3811 4763 modo

522 4795 701 4850 posse.
729 4780 1430 4838 Atnniversa'tumGraecia
1459 4794 1572 4836 tum
1602 4798 1723 4850 qua:
1749 4796 1843 4848 per
1866 4782 2180 4835 universum
2209 4788 2454 4833 nostrqu
2477 4787 2742 4850 terrarum
2778 4782 2964 4850 orbem
2998 4788 3144 4847 patet
3168 4781 3443 4843 barbaria,
3471 4780 3809 4850 innumeros

523 4849 686 4929 habet
706 4853 798 4920 qui
827 4853 1106 4908 derelictis
1141 4854 1336 4920 patriis
1366 4852 1575 4929 legibus
1605 4847 1658 4906 et
1684 4847 1797 4929 diis
1835 4853 2086 4929 receptis,
2112 4865 2326 4929 summo
2351 4849 2533 4929 studio
2563 4847 2828 4929 Mosaicae
2858 4849 3002 4929 leges
3025 4859 3078 4929 e_t
3115 4850 3458 4929 disciplinam
3489 4849 3806 4903 verborum

518 4919 646 4974 Jesu
679 4917 880 4976 Christi
905 4917 1238 4984 custodiunt,
1261 4917 1511 4991 quamvis
1535 4917 2288 4991 simulacrorumcultoribus
2323 4920 2449 4972 odio
2492 4919 2600 4972 sint
2627 4919 2720 4987 qui
2765 4917 3012 4973 Mosaicae
3049 4919 3152 4991 legi
3183 4917 3482 4987 adhaerent,
3511 4930 3565 4974 et
3589 4930 3807 4989 praeter

519 4991 726 5054 odium,
761 4993 812 5045 in
846 4994 972 5047 vitm
1005 4993 1248 5060 periculo
1279 4989 1566 5046 versentur
1590 4993 1680 5058 qui
1712 4991 1837 5044 Jesu
1875 4989 2081 5044 Christi
2107 4989 2410 5046 doctrinam
2439 4997 2812 5054 susceperunt.
2889 5010 2892 5013 ·

585 5144 830 5218 (68)VSic
863 5159 996 5218 mss.
1025 5144 1164 5218 Editi
1193 5157 1347 5208 vero,
1381 5162 1420 5218 ⁸ι
1452 5143 1690 5218 caeteris.
1731 5163 1748 5218 ι
1779 5141 1900 5218 Mox
1931 5158 2086 5208 mss.,

2222 5139 2389 5192 Parin!
2420 5139 2570 5218 deest
2598 5137 2757 5218 eiut.
2794 5139 2936 5195 Infra
2965 5157 3156 5218 o_mne_s
3187 5157 3342 5218 mss.,
3372 5143 3624 5218 περὶ-τοῦ
3653 5143 3807 5198 ἀδύ-

519 5234 550 5291 ¢_
577 5217 642 5269 ad
676 5210 1083 5291 observantiam
1123 5215 1356 5291 Moysen:
1381 5215 1514 5291 legis
1540 5227 1596 5268 et
1617 5214 1998 5291 discipulatuut
2031 5230 2091 5267 se

2222 5227 2355 5291 ιατρν
2388 5210 2862 5291 αὐτοῖςετειῐίιιιιδ,
2897 5213 3024 5282 περὶ
3055 5212 3154 5291 τοῦ
3179 5210 3673 5291 ἁδυνὰτουάὒτοῖς.

513 5287 734 5343 Christi.
774 5307 792 5338 ι
830 5286 992 5349 Editi,
1033 5303 1051 5335 ι
1089 5289 1153 5338 ad
1185 5281 1587 5340 observantiam
1622 5285 1848 5353 Moysen:
1877 5285 2010 5354 legis
2035 5297 2087 5342 et
2199 5350 2209 5354 _
2267 5281 2379 5350 (7i)
2427 5281 2534 5354 Vox
2574 5281 2731 5352 ἡμῶν
2748 5283 2906 5354 deest
2939 5281 3080 5354 apud
3114 5283 3395 5350 Tarinunt,
3424 5287 3517 5337 sed
3551 5285 3800 5339 habetur

513 5357 567 5409 in
627 5357 1034 5426 diseiplinatmn
1097 5371 1155 5408 se
1211 5355 1436 5410 Christi.
1478 5374 1496 5406 ›
1530 5350 1721 5408 Ριδιιιιί
1752 5365 1868 5421 post
1930 5350 2083 5422 mss.,
2196 5350 2261 5426 in_
2299 5351 2564 5426 omnibus
2588 5350 2790 5426 uestris
2825 5367 2954 5405 IIL‘S.
2996 5352 3141 5406 lnl'ra
3170 5368 3359 5407 onmes
3390 5369 3550 5422 mss.,
3585 5371 3795 5424 μισου-

513 5442 551 5500 ς-
573 5420 996 5500 venet'a'ntur..._.
1031 5426 1432 5500 alliigantnrr.
1466 5439 1695 5494 agantur
1721 5420 1770 5479 in
1801 5420 2080 5480 morteth

2222 5421 2373 5500 ts'v_tov
2413 5421 2529 5500 μὲν.
2545 5420 2803 5499 ὑπὸ-τῶν.
2853 5491 2877 5500 υ

1297 5489 1760 5566 υίΠὶτέθνῖτιιὶυΓ....
1794 5507 2086 5564 agerentur

2222 5562 2230 5566 _
2257 5491 2375 5566 Δ(μ’ἵξέ)
2416 5489 2574 5558 Πρὸς
2604 5491 2685 5566 τῷ
2706 5491 3054 5566 μισεῖσθαι.-
3078 5492 3150 5546 lla
3188 5501 3334 5566 recte
3367 5503 3607 5566 quatuor
3640 5508 3790 5546 mss.

2191 5561 2369 5614 Editio
2399 5573 2578 5634 autem
2610 5562 2817 5634 Tartari,
2849 5562 2984 5634 πρὸς
3005 5563 3068 5616 τὸ
3103 5562 3394 5634 μισεῖσθαι.
3432 5563 3634 5634 Ibide")
3669 5580 3799 5634 otii-

2189 5647 2287 5684 nes
2320 5624 2478 5702 codd.
2520 5647 2671 5702 mss.,
2713 5628 2827 5702 τῶν
2868 5624 2956 5683 τ’ὸν
2990 5624 3303 5702 τοῦ’Ίησοῦ
3335 5632 3568 5702 Χριστοῦ
3616 5631 3790 5700 λόγον

2187 5699 2875 5775 παραδεξαμένων.*Ιῦιιίιη
2897 5702 3108 5769 Turini,
3157 5699 3263 5754 τῶν
3295 5699 3395 5754 τοῦ
3428 5702 3602 5774 Ἰησοῦ
3631 5699 3789 5775 Χριν

2185 5769 2308 5824 στοῦ
2343 5769 2497 5840 λόγον
2530 5769 3010 5842 παραδεξαμέλων.

513 5495 680 5559 Βόὶιί,
713 5514 733 5546 ι
772 5495 1264 5549 veneratautur....

513 5568 565 5619 in
601 5577 854 5620 mortem.
888 5588 908 5620 ι

580 5635 695 5721 (ὅθ)
739 5638 813 5690 Ita
847 5646 1087 5718 quatuor
1111 5636 1462 5721 ‘In,S‘S.AEt|ili0
1487 5646 1678 5721 autem
1715 5636 1920 5720 Turini,
1940 5639 2080 5721 eiera-

510 5705 841 5777 νεγκὰμενον
869 5706 974 5758 τῶν
1007 5705 1135 5776 περ).
1156 5705 1409 5777 ἀληθείας
1427 5706 1726 5777 φιλοσόφων
1753 5706 2081 5778 ἐπαγγελλο-

512 5779 705 5848 μένων.

580 5851 688 5922 (70)
727 5853 963 5923 Νόμους
985 5846 1134 5905 εἶναι
1173 5851 1417 5915 καλούς.
1452 5849 1525 5903 Ita
1564 5860 1674 5906 tres
1703 5866 1829 5906 mss.
1861 5848 1915 5904 In
1947 5850 2080 5905 edit.
