3988 6418
549 378 654 434 347

1777 376 2096 432 ORIGENIS

2208 377 2562 430 EPIAPXQN
3677 362 3758 416 33

548 499 617 554 de
657 498 836 566 templi
869 499 1062 554 decore
1084 538 1099 563 ,
1145 497 1223 552 vel
1260 498 1328 552 de
1365 497 1556 552 altaris
1589 497 1920 565 insignibus,
1954 510 2107 566 atque

2223 495 2421 566 μένων.
2466 491 2786 564 Ἐ’πληρὼθη
2805 488 2911 561 γὰρ
2926 489 2958 559 ἡ
2974 487 3206 555 λέγουσα
3240 487 3594 558 προφητεία·ι
3623 477 3762 547 Ἡμέ-

549 589 802 644 om'uibus
828 590 934 644 illis
967 589 1395 646 sacerdotalibus
1432 587 1634 654 infulis,
1671 589 2112 658 indumentisque

547 680 885 750 pontificum,
926 679 1084 734 simul
1149 680 1400 734 universa
1443 681 1717 735 destructa
1756 690 1906 735 sunt.
1953 680 2113 735 Com-

550 771 690 840 pleta
739 782 817 826 est
853 773 994 825 enim
1036 772 1316 840 prephetia
1351 785 1470 840 qum
1508 771 1721 826 dixerat
1759 789 1773 826 :
1816 791 1834 824 ι
1866 772 1967 826 Per
1997 771 2111 826 dies

550 861 747 916 multos
773 861 1036 916 sedebunt
1067 863 1156 914 lilii
1188 861 1351 914 Israel
1387 862 1502 916 sine
1525 878 1668 933 rege,
1692 865 1808 918 sine
1836 863 2109 932 principe;

549 967 652 1003 non
685 951 786 1004 erit
818 951 1018 1012 hostia,
1068 952 1396 1018 uec.altare,
1448 967 1548 1005 nec
1593 954 1975 1017 sacerdotium,
2015 968 2114 1007 nec

549 1054 802 1108 responsa
823 1041 889 1093 τι.
926 1059 942 1090 ι
984 1041 1075 1094 llis
1106 1057 1234 1110 ergo
1258 1043 1580 1097 testimoniis
1612 1043 1815 1096 utimur
1844 1043 2113 1096 adversus

544 1145 638 1185 eos
669 1131 760 1198 qui
787 1130 1035 1184 videntur
1069 1147 1318 1186 asserere
1361 1133 1521 1202 159
1551 1133 1618 1186 de
1647 1133 1732 1187 his
1767 1147 1886 1200 quae
1921 1133 1974 1185 in
2007 1132 2114 1187 Ge-

544 1221 657 1274 nesi
694 1221 759 1274 ab
789 1219 954 1274 Jacob
983 1221 1124 1276 dicta
1169 1232 1316 1287 sunt,
1347 1227 1489 1293 quod
1521 1225 1584 1278 de
1611 1223 1746 1278 Jnda
1792 1224 1936 1278 dicta
1970 1225 2106 1290 sint;

541 1320 594 1366 et
636 1312 826 1377 dicunt
867 1327 1188 1381 permanere
1225 1315 1399 1368 adhuc
1443 1316 1742 1384 principem
1797 1330 1862 1368 ex
1913 1331 2111 1384 genere

539 1404 710 1466 Iudae,
739 1405 896 1459 istum
912 1406 1161 1460 videlicet
1189 1406 1278 1474 qui
1305 1416 1388 1460 est
1416 1406 1594 1474 gentis
1617 1420 1801 1458 eorum
1831 1407 2105 1474 princeps,

540 1510 698 1564 quem
723 1497 1006 1550 nominant
1023 1496 1390 1564 patriarcham
1417 1495 1552 1564 (8i),
1585 1511 1682 1550 nec
1703 1497 1933 1551 deficere
1954 1513 2112 1564 posse

539 1585 605 1636 de
644 1585 853 1638 semine
874 1585 989 1652 ejus
1011 1585 1100 1652 qui
1137 1594 1489 1652 permaneant
1527 1599 1698 1652 usque
1725 1587 1791 1637 ad
1824 1586 2108 1638 adventum

449 1659 452 1662 ’
536 1675 652 1744 ejus
683 1676 882 1729 Christi
914 1691 1071 1745 quem
1093 1676 1196 1729 sibi
1227 1675 1326 1744 ipsi
1360 1675 1692 1729 describunt.
1717 1674 1820 1731 Sed
1845 1677 1891 1729 si
1922 1692 2108 1729 verum

536 1773 616 1818 est
645 1766 790 1832 quod
812 1765 889 1819 ait
921 1768 1203 1834 propheta,
1243 1766 1371 1834 quia
1403 1785 1422 1816 ι
1463 1767 1578 1821 dies
1609 1767 1813 1821 multos
1845 1767 2110 1821 sedebant

2219 604 2317 658 ρας
2340 587 2539 649 πολλὰς
2572 584 2885 637 καθίσονται
2908 580 3018 651 (82)
3039 579 3088 631 οἱ
3115 579 3224 630 υἱοὶ
3259 576 3492 647 Ἰσραὴλ,
3517 573 3614 627 οὐκ
3638 571 3762 636 ὄντος

2219 677 2504 750 βασιλέως,
2525 675 2644 728 οὐδὲ
2666 675 2817 737 ὄντος
2835 673 3110 743 ἄρχοντος,
3134 669 3234 722 οὔκ
3254 671 3309 722 οἵ
3321 683 3419 738 σης
3438 666 3642 729 θυσίας,
3663 661 3761 717 οὐδὲ

2215 769 2367 830 ὄντος
2411 761 2814 832 θυσιαστηρίου,
2854 759 2974 813 οὐδὲ
3018 755 3314 828 ἱερατείας,
3365 753 3488 805 οὐδέ
3535 750 3756 820 δήλων.»

2215 858 2325 910 Καὶ
2357 857 2564 919 τούτοις
2607 853 2864 927 χρώμεθα
2902 853 3014 913 τοῖς
3049 851 3252 920 ῥητοῖς,
3300 845 3436 916 πρὸς
3466 844 3592 906 τοὺς
3624 844 3672 894 ἐν
3698 840 3763 910 τῷ

2215 947 2490 1001 θλίϐεσθαι
2514 948 2620 999 ἀπὸ
2652 946 2759 998 τῶν
2782 947 2838 997 ἐν
2860 945 2925 1014 τῇ
2956 940 3170 994 Γενέσει
3191 938 3296 991 ὑπὸ
3313 935 3407 990 τοῦ
3446 932 3633 988 Ἰακὼϐ
3653 933 3763 1003 πρὸς

2212 1039 2303 1092 τὸν
2343 1039 2542 1092 Ἰούδαν
2569 1036 2870 1108 εἰρημένων
2899 1035 3208 1102 φάσκοντας
3243 1029 3332 1083 τὸν
3375 1026 3638 1098 ἐθνάρχην
3674 1023 3765 1077 ἀπὸ

2213 1129 2303 1182 τοῦ
2351 1129 2520 1182 Ἰούδα
2551 1128 2740 1196 γένους
2765 1125 3099 1194 τυγχάνοντα
3142 1122 3332 1192 ἄρχειν
3372 1118 3465 1173 τοῦ
3497 1117 3643 1180 λαοῦ,
3680 1117 3767 1169 οὐκ

2214 1220 2567 1290 ἐκλειψὸντων
2602 1219 2707 1271 τῶν
2729 1217 2836 1270 ἀπὸ
2867 1215 2958 1268 τοῦ
2993 1215 3306 1287 σπέρματος
3336 1211 3446 1281 (8⁸5)
3470 1209 3648 1272 αὐτοῦ,
3677 1208 3768 1269 ἕως

2211 1310 2278 1383 ἧς
2313 1308 2664 1381 φαντάζονται
2706 1306 2939 1380 Χριστοῦ
2967 1305 3278 1376 ἐπιδημίας.
3311 1305 3372 1357 EE
3399 1303 3507 1374 γὰρ
3531 1320 3548 1352 ι
3581 1300 3768 1370 ἡμέρας

2214 1405 2411 1467 πολλὰς
2435 1404 2744 1456 καθίσονται
2768 1399 2876 1471 (84)
2909 1402 2956 1452 οἱ
2975 1396 3440 1467 υἱοὶἸσραὴλ,οὺκ
3455 1395 3606 1457 ὄντος
3636 1392 3770 1462 βασι-

2212 1497 2368 1558 λέως,
2405 1495 2536 1565 μηδὲ
2572 1494 2721 1556 ὄντος
2755 1493 3032 1562 ἄρχοντος,
3075 1490 3176 1541 οὒκ
3219 1487 3384 1558 οὔσης
3415 1486 3624 1549 θυσίας’
3664 1482 3770 1537 οὐδὲ

2213 1585 2616 1656 θυσιαστηρίου,
2643 1585 2761 1636 οὐδὲ
2793 1583 3081 1654 ἱερατείας,
3118 1581 3238 1634 οὐδὲ
3262 1581 3434 1651 δήλων
3455 1596 3468 1609 ·
3510 1599 3528 1631 ι
3565 1577 3619 1644 ἐξ
3642 1569 3699 1629 οὗ
3722 1576 3772 1630 δὲ

2213 1677 2531 1746 κατεσκάφη
2564 1679 2591 1728 ὁ
2616 1676 2763 1739 ναὸς,
2794 1675 2894 1727 οὐκ
2925 1673 3004 1726 ἐτι
3032 1673 3212 1735 θυσία,
3243 1671 3362 1724 οὑδέ
3388 1669 3770 1738 θυσιαστήριον,

2212 1770 2332 1821 οὐδὲ
2377 1769 2635 1838 ἱερατεία·
2679 1767 2838 1836 δῆλον
2877 1767 2958 1817 ὅτι
3000 1763 3240 1830 ἐξέλιπεν
3280 1762 3460 1832 ἄρχων
3493 1759 3552 1826 ἐξ
3598 1758 3770 1819 Ἰούδα,

535 1857 627 1911 ﬁlii
663 1859 824 1913 Israel
852 1860 968 1913 sine
997 1873 1146 1927 rege,
1176 1860 1292 1912 sine
1315 1860 1586 1927 principe,
1625 1875 1723 1914 uec
1751 1862 1855 1914 erit
1901 1860 2104 1920 hostia,

2211 1861 2306 1913 καὶ
2329 1859 2628 1929 ἡγούμενος
2659 1859 2724 1909 ἐκ
2744 1856 2848 1909 τῶν
2875 1855 3062 1927 μηρῶν
3091 1853 3276 1908 αὐτοῦ.
3319 1851 3472 1906 Ἐπεὶ
3499 1851 3557 1904 δέ
3587 1852 3619 1921 ἡ
3655 1867 3774 1920 προ-

535 1962 635 2002 nec
663 1948 862 2012 altare,
912 1964 1011 2002 nec
1062 1949 1427 2002 sacerdotium
1460 1965 1474 2013 ;
1518 1969 1534 2000 ι
1573 1958 1627 2002 et
1660 1949 1847 2017 utique
1883 1965 1947 2003 ex
1997 1965 2104 2017 quo

533 2038 846 2091 subversum
879 2047 961 2092 est
984 2039 1265 2106 templum,
1303 2053 1403 2093 nec
1434 2039 1623 2094 hostia:
1645 2038 1972 2102 eﬂ‘eruntur,
2005 2057 2102 2094 nec

532 2130 704 2182 altare
742 2129 1034 2191 invenitur,
1069 2145 1167 2183 nec
1195 2130 1566 2184 sacerdotium
1595 2140 1831 2194 constat,
1859 2130 2104 2184 certissi-

530 2234 678 2271 mum
704 2227 787 2273 est
805 2219 1066 2274 defecisse
1087 2220 1364 2288 principes
1389 2235 1454 2274 ex
1477 2218 1636 2284 Juda,
1663 2221 1805 2273 sicut
1837 2222 2098 2290 scriptum

530 2322 631 2375 est,
667 2320 721 2364 et
761 2313 955 2365 ducem
995 2327 1059 2366 ex
1113 2310 1413 2366 femoribus
1459 2314 1574 2382 ejus
1626 2329 1906 2383 usquequo
1959 2315 2102 2366 venit

533 2395 624 2448 ille
670 2398 753 2450 cui
801 2400 1096 2467 repositum
1142 2411 1224 2455 est
1250 2403 1321 2455 ⁷⁸.
1356 2404 1582 2456 Constat
1628 2418 1758 2473 ergo
1802 2404 1926 2472 quia
1955 2405 2102 2457 venit

2212 1951 2406 2020 φητεία
2449 1949 2632 2021 φησὶν,
2690 1968 2707 1999 ι
2737 1950 2852 2001 Οὐκ
2898 1947 3134 2016 ἐκλείψει.
3164 1947 3344 2017 ἄρχων
3378 1931 3437 2008 ἐξ
3480 1943 3648 1996 Ἰούδα
3689 1942 3775 1996 καὶ

2210 2039 2508 2111 ἡγούμενος
2565 2041 2628 2091 ἐκ
2674 2036 2779 2090 τῶν
2824 2035 3011 2108 μηρῶν
3047 2035 3232 2096 αὑτοῦ,
3285 2033 3389 2096 ’έως
3424 2032 3490 2086 ἂν
3545 2031 3672 2104 ἔλθῃ
3712 2031 3774 2085 τὰ

2209 2131 2544 2201 ἀποκείμενα
2575 2128 2740 2199 αὐτῷ’
2785 2128 2972 2198 »δῆλον
3004 2128 3085 2180 ὅτι.
3123 2126 3377 2197 ἐλήλυθεν
3476 2125 3544 2178 τὰ
3568 2123 3775 2178 ἀποκεί-

2211 2241 2368 2294 μενα,
2427 2225 2458 2291 ὴ
2514 2220 2806 2293 προσδοκία
2862 2219 2970 2273 τῶν
3026 2219 3212 2272 ἐθνῶν.
3267 2217 3377 2270 Καὶ
3421 2216 3577 2269 τοῦτο
3621 2214 3777 2284 σαφὲς

2208 2318 2272 2367 ἐκ
2297 2312 2389 2366 τοῦ
2420 2312 2654 2382 πλήθους
2679 2312 2785 2364 τῶν
2811 2311 2978 2365 ἐθνῶν
2998 2310 3105 2363 τῶν
3127 2310 3215 2364 διὰ
3238 2307 3474 2380 Χριστοῦ
3497 2324 3779 2361 πεπιστευυ

2208 2404 2379 2457 κάτων
2413 2403 2522 2474 (85)
2555 2403 2634 2465 εἱς
2664 2401 2756 2454 τὸν
2788 2401 2938 2458 Θεὸν.

531 2488 620 2544 ille
647 2491 734 2544 cui
769 2493 1060 2559 repositum
1096 2503 1202 2560 est,
1254 2496 1305 2548 in
1349 2511 1456 2565 quo
1479 2497 1813 2565 exspectatio
1846 2496 2087 2565 gentium
2117 2505 2220 2551 est.
2260 2499 2414 2561 Quod
2448 2497 2734 2551 manifeste
2769 2496 2984 2551 videtur
3019 2497 3296 2566 impletum
3341 2497 3407 2550 de
3440 2492 3780 2550 multitudine

527 2599 716 2639 eorum
748 2587 839 2654 qui
877 2602 972 2656 per
997 2589 1271 2642 Christum
1304 2590 1414 2644 Deo
1449 2605 1517 2646 ex
1552 2590 1780 2644 diversis
1810 2591 2064 2658 gentibus
2097 2591 2468 2645 crediderunt.

596 2680 651 2734 4.
697 2678 802 2735 Sed
834 2693 888 2736 et
927 2684 984 2750 in
1010 2684 1414 2739 Deuteronomii
1477 2687 1693 2740 cantico
1745 2701 1844 2756 per
1874 2688 2106 2757 prophe-

525 2769 655 2824 tiam
687 2770 999 2840 designatur
1032 2789 1130 2842 pro
1180 2777 1424 2840 peccatis
1459 2777 1656 2844 prioris
1708 2777 1888 2846 populi
1918 2777 2099 2831 futura

522 2877 641 2916 esse
699 2862 985 2918 insensatze
1052 2866 1228 2934 gentis
1276 2867 1514 2932 electio,
1569 2882 1673 2921 non
1747 2869 1849 2923 alia
1915 2870 2101 2937 utique

522 2968 683 3022 quam
713 2955 828 3007 haec
860 2970 980 3024 qua:
1028 2971 1126 3023 per
1157 2955 1436 3012 Christum
1484 2957 1625 3012 facta
1657 2967 1742 3011 est
1773 2975 1787 3023 ;
1840 2959 1917 3013 sic
1953 2959 2094 3012 enim

523 3047 644 3099 ait:
687 3065 703 3096 ι
736 3046 1216 3102 Exacerbaverunt
1256 3066 1340 3103 me
1375 3051 1428 3104 in
1470 3051 1780 3104 simulacris
1832 3051 1944 3104 suis
1969 3089 1983 3115 ,
2042 3059 2096 3103 et

521 3154 622 3207 ego
657 3140 709 3192 in
744 3141 862 3194 zelo
896 3142 1182 3194 concitabo
1211 3147 1308 3196 eos
1330 3182 1345 3205 ,
1383 3143 1433 3196 in
1461 3152 1622 3211 gente
1652 3142 1943 3210 insipiente
1978 3143 2094 3195 irri-

525 3229 648 3284 tabo
679 3231 850 3284 eos".
886 3251 904 3282 ι
969 3233 1062 3285 Est
1106 3248 1236 3300 ergo
1288 3234 1420 3286 satis
1454 3234 1734 3286 evidenter
1779 3248 2092 3301 agnoscere,

521 3319 972 3387 quemadmodum
1005 3321 1212 3375 Hebraei
1265 3323 1354 3390 qui
1414 3323 1584 3376 Deum
1630 3321 1962 3376 exacerbare
2011 3322 2092 3376 di-

2273 2687 2383 2740 Καὶ
2423 2689 2478 2738 ἐν
2508 2690 2572 2757 τῇ
2616 2686 2707 2740 τοῦ
2742 2686 3160 2756 Δευτερονομεου
3193 2685 3250 2738 δέ
3282 2683 3392 2754 ᾠδῇ
3427 2679 3780 2752 προφητικῶς

2200 2777 2452 2848 δηλοῦται
2484 2781 2516 2847 ἡ
2553 2777 2640 2830 διὰ
2680 2777 2747 2830 τὰ
2781 2777 3152 2846 ἁμαρτήματα
3202 2774 3296 2827 τοῦ
3343 2773 3610 2843 προτέρου
3656 2771 3777 2824 λαοῦ

2199 2868 2430 2938 ἐσομένη
2464 2867 2572 2919 τῶν
2602 2867 2875 2920 ἀσυνέτων
2906 2865 3080 2918 ἐθνῶν
3109 2863 3327 2934 ἐκλογὴ,
3354 2866 3413 2916 οὐ
3437 2863 3504 2915 δι’
3529 2862 3690 2916 ἄλλου
3712 2881 3781 2916 τι·

2198 2959 2338 3030 νὸςῆ
2368 2959 2456 3011 τοῦ
2483 2959 2660 3029 Ἰησοῦ
2683 2958 3022 3029 γεγενημένη
3051 2956 3183 3027 (86).
3221 2976 3237 3007 ι
3267 2957 3428 3009 Αὐτοὶ
3459 2957 3590 3026 γὰρ,
3623 2956 3778 3024 φησι,

2154 3060 2166 3120 ',
2200 3050 2594 3121 παρεζηλωτάν
2629 3067 2692 3120 με
2724 3051 2809 3102 ἐπ’
2838 3051 2898 3101 οὐ
2925 3048 3062 3118 Θεῷ,
3102 3047 3456 3117 παρώργισάν
3487 3065 3555 3117 με
3583 3048 3643 3098 ἐν
3669 3049 3781 3108 τοῖς

2198 3143 2432 3206 εἰδώλοις
2467 3143 2665 3206 αὐτῶν,
2707 3141 2859 3210 κάγὼ
2893 3139 3273 3212 παραζηλώσω
3305 3140 3502 3202 αὐτοὺς
3549 3141 3638 3193 ἐπ’
3684 3141 3781 3192 οὐκ

2196 3235 2357 3297 ἔθνει,
2395 3235 2487 3288 καὶ
2516 3235 2608 3287 ἐπὶ
2630 3235 2768 3287 ἔθνει
2790 3234 3036 3302 ἀσυνέτῳ
3073 3234 3351 3302 παροργιῶ
3373 3232 3593 3294 αὐτούς.
3621 3251 3638 3283 ι
3673 3230 3783 3286 Καὶ

2195 3326 2308 3378 ἐστι
2337 3327 2540 3399 σφόδρα
2572 3326 2786 3398 τρανῶς
2812 3326 3137 3379 καταλαϐεῖν
3157 3325 3400 3388 δυνατὸν,
3427 3327 3551 3379 τίνα
3581 3325 3782 3396 τρόπον

519 3422 718 3467 cuntur
748 3414 800 3467 iu
834 3415 918 3469 his
939 3416 1028 3483 qui
1063 3431 1166 3469 non
1203 3426 1327 3490 sunt
1352 3417 1446 3480 dii,
1503 3425 1558 3470 et
1595 3416 1838 3469 irritasse
1880 3430 2000 3468 eum
2039 3415 2090 3468 in

517 3505 825 3560 simulacris
859 3506 991 3573 suis,
1045 3506 1244 3560 irritati
1295 3507 1406 3561 sint
1461 3517 1514 3561 et
1567 3507 1667 3577 ipsi
1724 3509 1775 3561 in
1821 3508 2093 3578 Zelotypia

2192 3423 2240 3473 oi
2260 3420 2541 3491 λεγόμενοι
2563 3418 3013 3489 παρεζηλωκέναι
3039 3419 3126 3470 τὸν
3151 3417 3282 3470 Θεὸν
3321 3417 3563 3488 Ἑϐραῖοι
3589 3418 3682 3471 ἐπὶ
3703 3417 3781 3486 τῷ

2191 3513 2251 3565 οὐ
2277 3512 2412 3583 Θεῷ,
2446 3514 2539 3566 καὶ
2566 3513 2974 3584 παρωργικέναι
3001 3512 3159 3565 αὑτὸν
3190 3513 3246 3564 ἐν
3273 3514 3384 3574 τοῖς
3412 3510 3656 3573 εἰδώλοις
3686 3509 3782 3563 αὑ-

1755 3627 2050 3681 I-NTERPR
2061 3629 2312 3685 ETATIO
2348 3631 2555 3685 NOVA.

517 3718 691 3792 tium?
727 3719 801 3773 Ex
833 3720 1057 3774 historia
1087 3716 1228 3772 enim
1260 3728 1314 3773 et
1353 3721 1420 3775 iis
1451 3737 1571 3789 quae
1599 3721 1762 3774 hodie
1793 3729 2124 3792 cernuntur,
2159 3725 2513 3778 manifestum
2551 3733 2634 3778 est
2675 3740 2703 3777 a
2737 3723 2938 3779 Christi
2989 3723 3327 3792 temporibus
3369 3722 3547 3777 nullos
3579 3722 3783 3776 deinde

515 3787 831 3862 Judazorum
887 3804 1046 3862 reges
1080 3791 1379 3862 exstitisse,
1443 3787 1628 3845 fractis
1660 3801 1714 3844 et
1751 3791 2032 3858 dissipatis
2067 3794 2230 3848 rebus
2276 3795 2530 3848 omnibus
2579 3794 2822 3848 Judaicis
2876 3795 3071 3860 quibus
3102 3787 3506 3862 'gloriabautur,
3571 3792 3783 3860 templo

515 3861 951 3932 nernpe,_altari,_
975 3860 1050 3912 rei
1094 3860 1291 3932 divina:
1315 3871 1573 3932 consueto
1605 3862 1733 3932 ritu,
1767 3871 1819 3915 et
1852 3862 2181 3917 indumentis
2205 3864 2494 3931 pontificis.
2531 3863 2749 3931 Impleta
2776 3872 2858 3917 est
2894 3865 3092 3932 quippe
3113 3860 3401 3930 prophetia
3434 3875 3560 3930 qua:
3590 3862 3733 3915 dicit
3765 3877 3780 3913 :

519 3928 667 4002 rPer
699 3929 814 3984 dies
849 3930 1345 4002 mulloshsedebunt
1378 3931 1478 4002 filii
1514 3930 1676 3982 Israel
1703 3932 1820 3985 sine
1847 3947 1992 4002 rege,
2025 3933 2140 3986 sine
2170 3928 2434 4001 principe,
2463 3934 2581 3986 sine
2603 3928 3044 3999 sacrificio,'sine
3077 3928 3257 3998 altari,
3291 3934 3411 4002 sine
3433 3928 3780 4002 sacerdotio,

512 3999 629 4072 sine
659 3999 956 4072 responsis.
990 4019 1007 4049 ι
1043 3999 1248 4061 Quibus
1279 4000 1458 4054 verbis
1507 4003 1710 4053 utimur
1739 3999 1998 4072 adversus
2031 4018 2125 4056 eos
2160 3999 2249 4070 qui
2289 4004 2414 4055 dum
2468 4015 2730 4072 urgentur
2757 4004 2825 4057 iis
2853 4020 2968 4070 qum
2999 4004 3047 4055 in
3072 4002 3258 4055 Genesi
3283 4004 3350 4056 ab
3382 4001 3552 4054 Jacob
3583 4002 3652 4055 ad
3686 3999 3783 4072 Ju-

513 4071 634 4120 dam
662 4069 806 4123 dicta
836 4079 981 4142 sunt,
1002 4084 1325 4142 permanere
1343 4072 1640 4142 etiamnum
1665 4086 1728 4122 ex
1753 4071 2116 4139 genereJndae
2134 4069 2378 4126 asserunt
2411 4069 2707 4139 principem
2735 4076 2822 4138 qui
2849 4069 3394 4142 populodominetur,
3423 4087 3604 4140 neque
3625 4070 3786 4125 defu—

514 4147 666 4192 turos
694 4156 758 4191 ex
784 4139 990 4210 semine
1017 4138 1133 4202 ejus
1165 4141 1331 4210 duces
1353 4155 1524 4208 usque
1549 4141 1616 4192 ad
1653 4138 1775 4194 eum
1809 4158 1966 4209 quem
1987 4143 2087 4196 sibi
2109 4138 2732 4210 animoﬁnguutChrisri
2759 4138 3070 4196 adventum.
3106 4144 3160 4195 Si
3182 4144 3324 4195 enim
3345 4162 3362 4194 ι
3391 4157 3485 4209 per
3501 4138 3622 4196 dies
3643 4141 3786 4194 ιιιιιΙ⁴

515 4220 594 4260 tos
629 4210 893 4262 sedebant
921 4208 1012 4262 filii
1048 4209 1208 4261 Israel
1233 4210 1350 4262 sine
1375 4227 1520 4278 rege,
1551 4210 1669 4265 sine
1694 4208 1957 4279 prinCipe,
1978 4214 2092 4265 sine
2123 4208 2410 4275 sacriﬁcio,
2432 4214 2550 4266 sine
2582 4213 2755 4276 altari,
2775 4214 2893 4268 sine
2910 4214 3240 4275 sacerdotio,
3262 4208 3730 4279 sineresponsis;
3756 4230 3777 4262 ι

509 4293 575 4351 ex
602 4294 709 4344 quo
733 4291 912 4351 autem
942 4294 1200 4351 eversum
1217 4289 1304 4333 est
1333 4282 1612 4348 templum,
1644 4292 1855 4335 nonest
1885 4283 2234 4343 sacriﬁcium,
2269 4297 2372 4334 non
2407 4281 2598 4346 altare,
2619 4300 2724 4335 non
2757 4285 3148 4346 sacerdotium,
3181 4283 3526 4351 perspicuum
3565 4292 3655 4336 est
3679 4283 3781 4334 de-

508 4347 708 4403 fecisse
740 4349 1040 4422 principem
1077 4365 1141 4422 eix
1173 4347 1310 4402 Juda
1332 4359 1394 4422 et
1425 4347 1614 4422 ducem
1652 4352 1719 4404 de
1745 4351 1948 4405 femore
1976 4353 2111 4419 ejus.
2142 4352 2407 4418 Quoniam
2445 4353 2612 4421 igitur
2637 4354 2914 4422 prephetia
2949 4355 3078 4407 dicit
3114 4371 3128 4406 :
3163 4347 3326 4406 (Non
3364 4353 3586 4406 deliciet
3621 4352 3783 4420 prin-

506 4432 636 4491 c_eps
667 4436 728 4473 ex
753 4419 1052 4491 Jnda,_ncc
1088 4421 1192 4471 dux
1220 4422 1284 4473 de
1323 4420 1525 4491 femore
1553 4421 1669 4489 ejus
1706 4422 1874 4475 donec
1908 4425 2128 4475 veniant
2159 4424 2389 4491 reposita
2423 4419 2496 4488 ei,
2533 4441 2552 4473 ι
2579 4419 2891 4477 νοίιὶιόριίρ
2923 4425 3006 4475 cui
3046 4423 3277 4491 reposita
3296 4433 3445 4483 sunt,
3479 4419 3783 4487 exspecta-

508 4487 875 4561 tioigeutium.
909 4489 1058 4555 Quod
1084 4497 1129 4542 et
1166 4490 1515 4544 manifestum
1541 4487 1622 4544 εει
1649 4505 1713 4543 ex
1742 4492 2088 4545 multitudine
2118 4487 2357 4561 gen—tium
2404 4487 2522 4558 quae
2555 4509 2650 4560 per
2678 4494 2954 4546 Christum
2991 4493 3042 4545 in
3075 4487 3240 4546 Deum
3278 4491 3665 4561 crediderunt.

575 4560 630 4612 ι.
662 4560 714 4612 In
753 4560 1159 4614 Deuteronomii
1188 4575 1404 4629 quoque
1461 4563 1678 4615 cantico
1713 4563 1999 4614 stultarnm
2059 4559 2302 4629 gentium
2354 4571 2575 4630 propter
2609 4563 2812 4629 prioris
2856 4565 3035 4630 pepuli
3073 4572 3296 4627 peccata
3347 4561 3532 4613 futura
3569 4559 3784 4612 electio

506 4630 822 4697 prophetico
855 4631 1186 4694 declaratur,
1222 4647 1343 4698 qure
1379 4648 1482 4685 nou
1515 4647 1612 4698 per
1645 4631 1809 4685 alium
1847 4647 2008 4699 quam
2056 4647 2154 4700 per
2180 4631 2366 4685 Jesum
2423 4633 2565 4686 facta
2601 4644 2706 4688 est.
2753 4651 2771 4683 ι
2808 4631 2909 4699 Ipsi
2943 4634 3110 4695 enim,
3150 4633 3345 4700 inquit,
3384 4645 3468 4682 me
3499 4643 3784 4698 provoca-

505 4711 700 4754 verant
738 4703 790 4753 iu
820 4715 884 4754 eo
913 4703 1002 4769 qui
1029 4718 1134 4756 non
1177 4711 1296 4754 erat
1331 4701 1470 4755 Deus
1505 4743 1519 4768 ,
1562 4714 1616 4756 et
1664 4703 2018 4756 irritaveruut
2055 4703 2104 4755 in
2139 4703 2298 4756 idolis
2330 4704 2477 4770 suis;
2533 4713 2588 4757 et
2637 4718 2738 4771 ego
2769 4705 3076 4772 provocabo
3105 4717 3199 4757 eos
3233 4719 3286 4754 III
3322 4717 3388 4755 eo
3421 4703 3514 4768 qui
3547 4715 3658 4752 non
3689 4710 3784 4753 est

597 4793 638 4824 "'
677 4791 806 4849 Ose.
837 4810 925 4858 ιιι,
949 4795 1003 4852 4.
1080 4796 1124 4827 ⁷⁸
1148 4794 1288 4852 Gen.
1321 4813 1474 4861 XLIX,
1512 4797 1598 4851 l0.
1676 4797 1724 4828 7°
1755 4796 2116 4861 Deubxxxu,
2140 4799 2232 4852 QI.

571 4891 685 4964 (81)
719 4892 1092 4967 Patriam-liam
1116 4933 1132 4958 ,
1159 4906 1271 4967 etc.
1314 4897 1738 4967 Chrysostomus
1770 4898 1820 4950 in
1855 4899 2075 4952 licinilia
2114 4905 2155 4958 ι)
2185 4898 2382 4967 larium
2419 4898 2472 4950 in
2502 4896 2642 4967 uotis
2667 4896 2732 4949 ad
2763 4896 3231 4967 Epiphanium,et
3262 4894 3524 4967 Jacobu_m
3549 4892 3769 4947 Gothe-

500 4961 686 5018 coutra
712 4961 924 5017 Judaaos
948 4974 1000 5017 et
1026 4965 1275 5033 gentiles,
1323 4961 1474 5032 Quod
1509 4967 1754 5020 Christus
1809 4969 1879 5020 sit
1914 4968 2069 5031 Deus,
2182 4966 2383 5019 fridmn
2416 4969 2480 5018 ad
2504 4965 2626 5018 cod.
2653 4961 2924 5021 'I‘heoilos.
2959 4979 3089 5021 tom.
3123 4965 3208 5030 VI,
3245 4980 3364 5034 pag.
3389 4965 3518 5018 ‘2l'5.

503 5032 1093 5108 meminitpatriarclue
1149 5035 1483 5091 Judceorum.
1533 5037 1806 5105 Ejusmodi
1842 5039 2074 5106 patriar-
2253 5037 2365 5108 (A82)
2403 5037 2782 5090 Καθίσονται.
2817 5039 2889 5091 Ita
2913 5048 3148 5108 quatuor
3176 5032 3305 5091 mss.
3325 5032 3513 5089 Editio
3544 5032 3783 5096 Tarini,

499 5105 656 5178 cbam
681 5112 985 5178 memorant
1001 5105 1182 5178 itidem
1205 5109 1356 5172 multi
1376 5110 1670 5177 scriptores
1689 5105 2069 5162 ecclesiastici.
2182 5106 2529 5178 καθήσονξαι.

501 5175 763 5247 Origenes
794 5175 848 5247 in
875 5175 1134 5241 opusculo
1158 5179 1299 5247 quod
1334 5180 1384 5230 in
1414 5172 1520 5232 alio
1559 5189 1705 5232 l()IItt)
1733 5181 1978 5244 edemus,
2017 5189 2075 5232 ut

2253 5172 2364 5247 (83)
2413 5174 2532 5230 Ίὶῖιν
2576 5175 2693 5231 ἀπὸ
2750 5177 2855 5231 τοῦ
2908 5176 3266 5246 σπέρματος.
3333 5174 3408 5247 |I_a
3444 5175 3555 5247 duo
3601 5172 3782 5247 codd.

499 5245 2070 5317 genuinumfragu'ieutumCornmentariorumiIiI’saImos,
2182 5244 2381 5317 Regii,
2435 5258 2490 5303 et
2539 5247 2927 5303 Coisliuiauus.
2977 5247 3036 5301 ιιι
3063 5244 3313 5302 ὀύιιίυιιθ
3357 5244 3544 5298 Tariui
3606 5245 3789 5298 deest

496 5314 630 5371 dicit
675 5330 732 5368 se
773 5330 896 5370 cum
949 5315 1257 5381 patriarcha
1297 5316 1795 5384 Judaaorutn,Jul|o
1836 5321 2069 5383 nomine,
2181 5314 2308 5373 τῶν.

497 5379 1080 5460 Congressum_ess_e.'
1136 5385 1511 5460 Patriarcham
1581 5379 1728 5460 item
1765 5379 2072 5443 Judaeorum
2209 5391 2358 5460 7(84)
2398 5389 2512 5460 Duo
2557 5387 2706 5458 Regii
2760 5397 2812 5439 et
2831 5386 3228 5460 Coislinianus.
3265 5383 3607 5460 xagfcov-zatt.
3653 5379 3790 5460 Τξὶ-

498 5449 807 5530 memorant
854 5455 1086 5530 Cyrinus
1126 5455 1610 5528 .Ierosolymitauus
1643 5499 1656 5524 ,
1691 5457 2070 5530 Hieronymus,
2173 5449 2368 5530 rin‘us,’
2406 5449 2764 5530 καθήσονῗεαι.
2824 5459 3026 5530 Ibidem
3093 5460 3295 5525 primus
3346 5456 3551 5524 Regius
3585 5494 3600 5521 ,
3659 5449 3794 5504 οὐκ

497 5525 830 5600 etpiaxime
865 5525 1248 5600 ’I‘heodoretus
1274 5525 1469 5596 dialog.
1508 5531 1531 5582 1
1562 5570 1575 5594 ,
1633 5545 1699 5582 ex
1732 5525 2071 5600 cujus'dictis

2208 5547 2320 5592 ντος
2353 5525 2633 5599 βασιλέως,
2661 5529 2781 5581 οὐδὲ
2814 5528 3090 5598 ἄρχοντος.

497 5593 775 5669 colligitur
829 5596 1172 5669 patriarchas
1221 5593 1530 5653 Judmorum
1586 5615 1645 5654 se
1691 5615 1756 5653 ex
1796 5593 2069 5669 'progenie
2240 5593 2362 5669 485)
2395 5602 2604 5653 Primus
2631 5602 2798 5669 codex
2841 5593 3058 5669 l't'e'gius.
3091 5595 3520 5669 πιστευσάντων.

500 5661 717 5740 οενὶξιίε
746 5661 865 5740 esse
891 5664 1348 5740 falsojactitasse.
1387 5669 1586 5723 llorum
1624 5671 1762 5724 alter
1809 5661 1858 5724 in
1882 5661 2063 5740 Judzca

2236 5661 2348 5740 (86)
2385 5670 2525 5740 Idem
2563 5710 2577 5732 ,
2623 5669 2655 5740 ἢ
2703 5668 2789 5722 διὰ
2833 5661 3133 5740 τοῦίἸησοῦ
3193 5661 3781 5740 γεγε-νημένηηῐιιΐτξι

499 5736 760 5810 degebat,
803 5737 945 5810 alter
976 5735 1266 5807 Babylone.
1336 5739 1408 5793 De
1457 5741 1521 5810 iis
1552 5750 1719 5810 agunt
1751 5741 1841 5810 qui
1871 5741 1938 5795 dc
1963 5738 2026 5792 Ju
2046 5770 2060 5780 -

2208 5735 2302 5793 lein
2333 5735 2348 5793 ξ
2382 5739 2467 5793 ἐπ’
2503 5740 2600 5793 οὐκ
2635 5735 2780 5810 ἔθνει
2806 5779 2820 5802 ,
2866 5739 2957 5791 ἐπὶ
2997 5735 3157 5794 ἔθνει.
3204 5735 3536 5806 ΙίιιιΙοΊιοεί
3571 5735 3730 5789 idem
3755 5777 3771 5791 .

497 5805 733 5861 datorum
764 5808 1038 5878 republica
1077 5805 1401 5866 tractarere.
1470 5805 1612 5866 Vide—
1631 5805 1927 5881 praesertim
1960 5811 2056 5866 Pe-

2208 5813 2365 5882 ,ςόδρα
2396 5810 2578 5882 σαφῶς
2613 5809 2953 5866 καταλαϐεῖν.
