3880 6580
199 439 289 496 δῶ

1487 441 1686 497 LIBER
1730 443 2068 511 QUARTUS

3317 456 3422 512 334
3467 465 3470 469 ’

196 563 300 614 σθαι
327 560 412 614 τὸν
445 561 608 630 νόμον
650 560 740 612 καὶ
779 562 904 624 τοὺς
948 561 1228 632 προφήτας
1264 563 1335 626 ὡς
1382 565 1441 616 οὑ
1479 565 1618 626 Gaia,
1656 565 1725 628 είς

1838 566 2062 634 spirata,
2096 575 2275 622 tamen
2308 570 2522 624 ostendi
2554 585 2686 625 vera
2736 585 2854 627 esse
2886 587 2993 626 non
3025 580 3282 642 poterant
3323 589 3421 642 pro

191 652 470 722 τούμφανὲς
517 652 738 721 ἢγαγεν,
782 651 857 715 ὡς
895 653 1129 724 οὐρανίῳ
1163 653 1348 725 χάριτι
1390 655 1500 726 (98)
1545 657 1740 724 ἀναγε-

188 743 470 815 γραμμένα.
542 744 604 796 '0
655 744 709 796 δὲ
764 746 892 814 μετ’
941 744 1258 815 ἐπιμελείας
1316 747 1408 800 καὶ
1470 748 1741 818 προσοχῆς

191 834 500 903 ἐντυγχάνων
522 836 637 898 τοῖς
669 839 1024 907 προφητικοῖς
1051 835 1247 904 λόγοις,
1274 836 1457 890 παθὼν
1487 838 1546 902 ἐξ
1574 838 1737 891 αὐτοῦ

187 926 264 978 τοῦ
291 924 676 992 ἀναγινώσκειν
711 925 853 996 ἴχνος
876 926 1288 998 ἐνθουσιασμοῦ,
1315 929 1379 981 δι’
1416 922 1489 982 ὧν
1518 929 1736 1001 πάσχει,

190 1016 529 1087 πεισθήσεται,
553 1018 651 1069 οὐκ
678 1018 979 1088 ἀνθρώπων
1013 1014 1147 1071 εἶναι
1183 1019 1585 1090 συγγράμματα
1611 1021 1736 1082 τοὺς

187 1109 618 1174 πεπιστευμένους
653 1109 757 1178 (99)
791 1109 927 1162 Θεοῦ
961 1109 1170 1177 λόγους.
1208 1111 1317 1165 Καὶ
1341 1109 1402 1162 τὸ
1431 1111 1732 1182 ἐνυπάρχον

184 1200 227 1252 δὲ
254 1199 357 1268 ςῶς
386 1198 462 1268 τῷ
501 1200 744 1263 Μωσέως
777 1200 924 1271 νόμῳ
959 1200 1276 1270 καλύμματι
1317 1203 1732 1273 ὲναποκεκρυμ-

187 1291 319 1360 μένον
345 1291 651 1362 συνέλαμψε
682 1295 745 1362 τῇ
784 1291 952 1364 Ἰησοῦ
985 1293 1266 1363 ἐπιδημίᾳ,
1298 1293 1732 1364 περιαιρεθέντος

182 1382 257 1434 τοῦ
290 1383 660 1454 καλύμματος,
703 1385 796 1436 καὶ
839 1383 944 1437 τῶν
991 1384 1209 1451 ἀγαθῶν
1257 1385 1396 1438 κατὰ
1441 1384 1611 1455 βραχὺ
1653 1387 1731 1446 εἰς

182 1474 350 1540 γνῶσιν
375 1475 711 1545 ἐρχομένων,
740 1470 814 1530 ὧν
847 1476 1004 1529 σκιὰν
1034 1471 1147 1545 εἶχε
1173 1475 1232 1528 τὸ
1266 1477 1516 1548 γράμμα.

1838 669 1903 710 eo
1934 658 2079 726 quod
2127 659 2365 712 nondum
2415 660 2780 729 probarentur
2825 661 3076 731 impleta.
3140 663 3422 717 Adventus

1838 764 1967 803 vero
2002 750 2206 806 Christi
2249 766 2374 805 vera
2419 767 2540 808 esse
2591 762 2644 806 ct
2692 750 2954 808 divinitus
2999 753 3260 822 inspirata
3302 768 3422 822 qua:

1843 841 2001 911 162
2030 841 2302 908 dixerant,
2325 843 2640 909 declaravit,
2667 859 2788 897 cum
2809 845 2996 913 utique
3021 844 3170 911 prius
3200 844 3422 897 habere-

1840 942 1926 986 tur
1948 934 2214 987 incertum
2248 935 2293 988 si
2326 951 2514 989 eorum
2542 952 2660 1005 quae
2689 937 2944 1006 prmdicta
2977 937 3212 998 fuerant,
3237 936 3419 990 exitus

1839 1032 1982 1078 esset
2004 1023 2326 1094 implendus.
2363 1025 2468 1080 Sed
2503 1035 2557 1080 et
2592 1026 2635 1080 si
2664 1028 2785 1094 quis
2811 1043 2931 1081 cum
2969 1027 3113 1080 omni
3159 1027 3337 1080 studio
3364 1035 3419 1078 et

1841 1115 2142 1168 reverentia
2182 1129 2285 1183 qua
2318 1116 2536 1186 dignum
2571 1125 2652 1170 est
2684 1118 3002 1186 prophetica
3041 1118 3186 1170 dicta
3235 1115 3417 1170 consi-

1838 1205 2008 1268 deret,
2046 1205 2097 1259 iu
2127 1219 2192 1259 eo
2230 1205 2345 1275 ipso
2373 1207 2498 1260 dum
2537 1207 2665 1278 legit
2704 1217 2758 1262 et
2793 1197 3106 1277 diligentius
3150 1197 3413 1272 intuetui,

1836 1304 2046 1347 certum
2077 1304 2160 1348 est
2183 1298 2325 1364 quod
2346 1296 2527 1366 aliquo
2551 1298 2821 1351 diviniore
2851 1299 3148 1367 spiramine
3177 1307 3414 1351 mentem

1837 1398 2163 1455 sensumque
2200 1386 2445 1456 pulsatus
2489 1398 2747 1458 agnoscet
2785 1404 2890 1443 non
2921 1390 3237 1443 humanitus
3292 1403 3414 1442 esse

1838 1477 2076 1546 prolatos
2107 1493 2204 1532 eos
2239 1495 2378 1548 quos
2403 1480 2555 1550 legit,
2589 1483 2681 1536 sed
2721 1482 2815 1535 Dei
2847 1497 2967 1535 esse
3009 1494 3328 1541 sermones;
3360 1487 3416 1530 et

184 1585 240 1622 ex
269 1569 551 1636 semetipso
598 1571 796 1623 sentiet
835 1585 936 1622 non
975 1572 1206 1624 humana
1241 1581 1380 1634 arte,
1411 1585 1510 1625 nec
1538 1569 1748 1640 mortali
1801 1571 2036 1640 eloquio,
2075 1574 2168 1626 sed
2205 1572 2409 1638 divino,
2441 1583 2497 1627 ut
2533 1575 2603 1628 ita
2641 1575 2895 1640 dixerim,
2924 1575 3216 1638 cothurno,
3247 1573 3412 1624 libros

184 1673 282 1711 esse
318 1659 676 1728 conscriptos.
718 1658 914 1728 Legem
966 1675 1095 1729 ergo
1133 1659 1329 1730 Moysis
1369 1661 1624 1729 splendor
1667 1661 1930 1716 adventus
1977 1663 2185 1717 Christi
2236 1679 2330 1734 per
2377 1665 2636 1733 fulgorem
2677 1669 2922 1722 veritatis
2959 1666 3033 1739 (Ξ)
3081 1668 3409 1729 illuniinans,

181 1747 223 1804 id
255 1748 385 1817 quod
427 1749 828 1818 superpositum
891 1759 1007 1803 erat
1054 1750 1248 1804 littera:
1300 1749 1416 1818 ejus
1464 1751 1730 1817 velamen,
1773 1755 2056 1822 abstraxit,
2085 1764 2140 1810 et
2169 1758 2350 1812 omnia
2383 1773 2502 1825 quae
2527 1769 2846 1828 coopertura
2877 1761 3023 1815 verbi
3073 1759 3212 1816 bona
3270 1770 3413 1832 tege-

183 1841 374 1905 bantur,
403 1840 681 1894 uuiversis
729 1841 781 1893 in
827 1856 886 1893 se
925 1841 1269 1895 credentibus
1314 1843 1597 1896 reseravit.

233 1929 355 1980 Πολὺ
376 1928 419 1980 δ’
449 1928 515 1982 ἂν
558 1929 649 1999 εἴη
688 1929 782 1983 νῦν
822 1928 1175 1998 ἀναλέγεσθαι
1208 1931 1305 1993 τὰς
1342 1933 1468 2002 περὶ
1499 1933 1726 1986 ἑκάστου
1761 1940 1804 1994 Β

178 2020 264 2073 τῶν
317 2019 618 2089 μελλόντων
671 2021 1033 2090 ἀρχαιοτάτας
1094 2028 1463 2092 προφητείας,
1515 2023 1602 2077 ἵνα.
1657 2023 1720 2076 δι’

176 2111 324 2165 αΰτῶν
353 2113 380 2163 ό
411 2111 772 2182 ἀμφιΰάλλων
812 2113 1074 2183 πληχθεὶς
1110 2113 1186 2177 ὡς
1225 2113 1442 2178 ἐνθέων,
1474 2115 1723 2185 διψυχίαν

178 2205 325 2255 πᾶσαν
373 2204 464 2255 καὶ
522 2204 908 2274 περισπασμὸν
967 2202 1320 2274 ἀποθέμενος,
1386 2205 1482 2278 ὅλῃ
1535 2206 1722 2259 ἑαυτὸν

178 2293 315 2363 ἐπιδῷ
339 2297 399 2364 τῇ
428 2295 578 2365 ψυχῇ
624 2298 734 2358 τοῖς
773 2295 951 2362 λόγοις
979 2295 1073 2348 τοῦ
1116 2295 1271 2348 Θεοῦ.
1307 2297 1368 2349 Εἰ
1402 2297 1456 2349 δὲ
1494 2296 1566 2368 μὴ
1600 2298 1720 2352 καθ’

176 2386 367 2438 ἕκαστον
391 2386 498 2440 τῶν
530 2389 879 2458 γραμμάτων
912 2391 1023 2451 τοῖς
1055 2389 1452 2458 ἁνεπιστήμοσι
1493 2390 1722 2461 προσπί-

178 2495 301 2529 πτειν
329 2478 470 2530 δοκεῖ
507 2479 571 2530 τὸ
621 2479 760 2550 ὑπὲρ
795 2479 1078 2547 ἄνθρωπον
1108 2479 1214 2533 τῶν
1247 2480 1552 2550 νοημάτων,
1591 2482 1720 2534 θαυ-

181 2571 347 2639 μαστὸν
389 2573 570 2625 οὐδέν’
615 2574 710 2624 καὶ
742 2573 850 2643 γὰρ
889 2573 981 2625 ἐπὶ
1007 2571 1112 2625 τῶν
1143 2573 1241 2643 τῆς
1272 2573 1582 2642 ἁπτομένης
1625 2573 1718 2625 τοῦ

178 2665 341 2726 cavae;
358 2665 559 2734 κόσμου
589 2665 842 2736 προνοίας
863 2665 1057 2734 ἔργων,
1084 2665 1204 2717 τινὰ
1229 2664 1326 2735 μὲν
1350 2665 1719 2736 ἐναργέστατα

179 2755 404 2823 φαίνεται,
483 2757 745 2827 προνοίας
772 2757 916 2808 ἐστὶν
942 2756 1095 2826 ἔργα,
1125 2757 1286 2826 ἕτερα
1306 2755 1360 2808 δὲ
1389 2755 1560 2819 οὕτως
1584 2757 1717 2808 ἁπο-

178 2846 458 2917 κέκρυπται,
497 2849 574 2912 ὼς
624 2847 877 2910 ἀπιστίας
904 2839 1087 2918 χώραν
1129 2847 1383 2919 παρέχειν
1420 2847 1594 2900 δοκεῖν
1621 2848 1720 2916 τῆς

178 2939 279 3008 περὶ
314 2937 400 2990 τοῦ
437 2939 614 3011 τέχνῃ
651 2938 841 3007 ἀφάτῳ
885 2939 978 2990 καὶ
1013 2937 1241 3008 δυνάμει
1283 2937 1607 3000 διοικοῦντος
1651 2938 1718 2990 τὰ

178 3028 254 3080 ὅλα
273 3029 412 3082 Θεοῦ.
444 3031 554 3098 Οὐχ
583 3028 728 3080 οὕτω
761 3028 867 3100 γὰρ
895 3028 1070 3099 σαφὴς
1091 3030 1118 3080 ὁ
1147 3029 1272 3099 περὶ
1304 3028 1396 3080 τοῦ
1425 3027 1716 3098 προνοοῦν-

178 3135 248 3180 τος
271 3120 496 3188 τεχνικὸς
535 3120 701 3186 λόγος
726 3121 784 3171 ὲν
819 3123 929 3182 τοῖς
967 3120 1058 3173 ἐπὶ
1089 3120 1211 3189 γῆς,
1248 3119 1322 3182 ὼς
1351 3120 1409 3172 ὲν
1448 3118 1584 3189 ἡλίῳ
1625 3121 1717 3171 καὶ

182 3209 342 3283 σελήνῃ
368 3213 454 3264 καὶ
481 3211 710 3282 ἄστροις
728 3227 741 3240 ·
770 3213 862 3263 καὶ
887 3211 983 3279 οὐχ
1005 3211 1145 3264 οὕτω
1170 3210 1333 3281 δῆλος
1358 3214 1412 3262 ἐν
1440 3214 1551 3274 τοῖς
1577 3211 1716 3263 κατὰ

1903 1932 1952 1985 ‘7.
1993 1933 2186 1988 Vcrtnn
2212 1935 2343 1988 satis
2377 1949 2604 2004 operosa
2628 1951 2713 1991 res
2755 1948 2835 1990 est
2865 1952 3193 1996 enumerare
3226 1944 3412 2016 singu-

1833 2025 1880 2077 la
1916 2041 2035 2092 qua:
2061 2041 2090 2078 a
2125 2027 2398 2094 prophetis
2431 2027 2560 2080 olim
2594 2029 2851 2098 prtedicta
2888 2042 3033 2098 sunt,
3067 2034 3302 2102 qualiter
3355 2047 3410 2091 et

1827 2120 2045 2189 quando
2072 2121 2339 2190 completa
2376 2122 2509 2184 sint,
2541 2129 2599 2175 ut
2627 2137 2692 2176 ex
2731 2122 2816 2176 his
2856 2124 3139 2179 videamur
3183 2143 3275 2181 eos
3315 2130 3404 2196 qui

1829 2210 2074 2263 dubitant
2119 2211 2482 2275 conﬁrmare;
2534 2227 2656 2265 cum
2702 2211 2959 2280 possibile
3005 2215 3075 2267 sit
3115 2217 3408 2286 unicuique

1826 2300 2024 2355 volenti
2047 2300 2112 2354 de
2149 2301 2231 2354 his
2263 2300 2572 2370 diligentius
2599 2317 2846 2364 noscere,
2891 2318 2956 2358 ex
2987 2305 3116 2374 ipsis
3145 2306 3296 2360 libris
3325 2325 3408 2363 ve-

1828 2392 2004 2445 ritatis
2037 2395 2388 2460 probamenta
2422 2392 2787 2447 abundantius
2815 2409 3167 2464 congregare.
3198 2396 3254 2450 Si
3279 2413 3406 2454 vero

1827 2481 1910 2536 his
1939 2485 2028 2552 qui
2064 2483 2238 2536 minus
2288 2482 2339 2534 in
2393 2483 2592 2537 divinis
2642 2485 2838 2538 eruditi
2894 2495 3022 2540 sunt
3069 2486 3400 2556 disciplinis,

1828 2587 1932 2624 non
1961 2573 2142 2625 statim
2168 2575 2219 2626 in
2253 2574 2422 2642 prima
2456 2571 2632 2628 fronte
2673 2573 2862 2629 littera:
2889 2591 3081 2630 sensus
3115 2577 3208 2646 qui
3239 2594 3403 2647 supra

1827 2662 2096 2717 hominem
2152 2673 2236 2718 est
2285 2663 2497 2716 videtur
2530 2679 2842 2729 occurrere,
2889 2666 3021 2720 nihil
3074 2668 3270 2721 mirtnn
3324 2678 3406 2724 est

1826 2755 1963 2821 quod
1997 2768 2116 2822 qua:
2147 2754 2323 2807 divina
2357 2762 2483 2807 sunt
2519 2755 2583 2807 ad
2625 2756 2874 2810 homines
2899 2757 3056 2824 paulo
3089 2757 3290 2813 lentius
3323 2760 3402 2831 (5)

1825 2841 2160 2905 deteruntur,
2197 2855 2337 2896 eteo
2368 2845 2538 2912 magis
2578 2844 2766 2908 latent,
2799 2861 2905 2914 quo
2949 2846 3069 2915 quis
3099 2848 3185 2901 vel
3228 2849 3404 2902 incre-

1825 2929 1983 2983 dulus
2039 2929 2225 2993 fuerit,
2278 2931 2358 2984 vel
2395 2930 2670 3000 indignus.
2719 2931 2852 2986 Nam
2899 2948 3019 2987 cum
3072 2945 3286 2990 certum
3331 2937 3404 2990 sit

1829 3022 2006 3074 omnia
2041 3039 2159 3090 qua:
2195 3024 2294 3077 hoc
2341 3023 2616 3078 inmundo
2653 3034 2798 3089 sunt,
2842 3025 2926 3078 vel
2959 3037 3245 3096 geruntur,
3305 3028 3397 3082 Dei

1833 3113 2175 3181 providentia
2220 3113 2557 3183 dispensari,
2599 3117 2843 3183 qumdam
2871 3116 3088 3183 quidem
3121 3118 3254 3170 satis
3289 3118 3402 3170 evi-

1826 3205 2015 3258 denter
2068 3212 2368 3272 apparent,
2419 3205 2558 3273 quod
2609 3204 2968 3274 providentia:
3006 3207 3402 3276 gubernatione

178 3299 231 3349 vi
263 3299 556 3371 ἀνθρώπινα
608 3299 1017 3371 συμπτώματα,
1053 3301 1128 3364 ὡς
1159 3303 1215 3354 ἐν
1249 3305 1367 3364 ταῖς
1397 3301 1592 3370 ψυχαῖς
1630 3301 1723 3353 καὶ

1830 3296 2031 3366 digesta
2065 3297 2210 3360 sint;
2245 3297 2348 3350 alia
2384 3313 2514 3352 vero
2543 3308 2646 3352 tam
2694 3299 2905 3353 occulte
2942 3308 3159 3368 tamque
3201 3301 3403 3353 incom-

179 3391 267 3451 τοῖς
285 3387 482 3458 σώμασι
506 3389 623 3442 τῶν
647 3387 800 3453 ζώων
819 3406 831 3419 ⁸
860 3389 1063 3460 σφόδρα
1085 3388 1177 3442 τοῦ
1208 3390 1343 3459 πρὸς
1370 3390 1420 3443 τί
1443 3390 1535 3443 καὶ
1562 3389 1724 3444 ἕνεκα

179 3475 293 3538 τίνος
325 3476 713 3547 εὑρισκομένου
747 3480 856 3541 τοῖς
889 3477 1090 3531 τούτων
1123 3478 1551 3549 ἐπιμελομένοις,
1598 3480 1725 3550 περὶ

181 3569 256 3630 τὰς
272 3571 448 3639 ὁρμὰς,
476 3571 574 3624 καί
605 3570 705 3633 τὰς
728 3571 1047 3639 φαντασίας,
1073 3571 1164 3623 καὶ
1194 3570 1384 3640 φύσεις
1409 3571 1516 3623 τῶν
1548 3570 1721 3637 ζώων,

183 3660 254 3710 καὶ
285 3661 371 3724 τὰς
398 3662 744 3724 κατασκευὰς
787 3661 893 3716 τῶν
924 3661 1212 3732 σωμάτων.
1257 3660 1395 3714 Ἀλλ’
1429 3661 1616 3732 ὥσπερ
1661 3662 1722 3713 οὐ

183 3760 512 3829 χρεοκοπεῦται
602 3756 636 3826 ἡ
687 3754 913 3824 πρόνοια
958 3753 1044 3806 διὰ
1093 3753 1160 3805 τὰ.
1214 3753 1286 3824 μὴ
1341 3752 1718 3822 γινωσκόμενα

183 3844 301 3912 παρὰ
319 3845 385 3915 (l)
409 3847 518 3909 τοῖς
543 3862 616 3914 γε
642 3844 786 3909 ἅπαξ
814 3843 1281 3914 παραδεξαμένοις
1309 3842 1476 3914 αὐτὴν
1503 3843 1683 3906 καλῶς
1702 3861 1716 3874 ·

183 3931 320 4000 οὕτως
339 3938 450 3992 οὐδὲ
474 3942 507 4010 ἡ
539 3939 644 4010 τῆς
672 3939 892 4010 Γραφῆς
921 3937 1134 4008 Θειότης
1159 3936 1493 3989 διατείνουσα
1510 3937 1588 3997 εἰς
1617 3936 1721 3987 πᾶ-

1824 3387 2260 3456 prehensibiliter
2289 3388 2650 3457 explicantur,
2687 3398 2746 3442 ut
2777 3389 2992 3458 penitus
3026 3388 3078 3442 in
3111 3389 3195 3443 his
3232 3389 3400 3443 lateat

1822 3477 2015 3532 divina:
2048 3480 2184 3534 ratio
2223 3480 2618 3549 providentiae;
2660 3481 2732 3535 ita
2768 3491 2826 3535 ut
2879 3481 3149 3536 interdum
3181 3498 3210 3536 a
3257 3498 3399 3537 non-

1823 3569 1985 3624 nullis
2017 3585 2117 3624 nec
2144 3571 2436 3624 credantur
2471 3571 2716 3639 quaedam
2745 3571 2810 3624 ad
2849 3571 3242 3640 providentiam
3273 3587 3391 3640 per-

1823 3659 2013 3723 tinere,
2046 3659 2298 3728 quoniam
2339 3661 2475 3713 ratio
2506 3660 2573 3713 ab
2614 3661 2694 3714 eis
2735 3661 2863 3715 latet
2893 3677 2989 3730 per
3020 3676 3180 3731 quam
3213 3661 3404 3717 ineffa-

1821 3749 1916 3802 bili
1946 3751 2176 3819 quadam
2212 3761 2328 3806 arte
2357 3735 2518 3819 opera
2564 3752 2756 3804 divinae
2791 3751 3147 3820 providentiae
3174 3751 3395 3819 dispen-

1828 3850 2049 3908 santur;
2099 3858 2220 3912 quae
2264 3853 2442 3897 tamen
2474 3845 2612 3897 ratio
2655 3858 2759 3898 non
2812 3843 3094 3909 aequaliter
3144 3843 3399 3897 omnibus

1826 3936 2100 3989 Occuitala
2139 3943 2242 3988 est.
2296 3933 2427 3987 Nam
2456 3945 2508 3988 et
2539 3935 2676 3989 inter
2705 3934 2849 4002 ipsos
2883 3933 3132 3987 homines
3182 3933 3251 3986 ah
3289 3931 3397 3986 alio

1373 4049 1935 4106 INTERPRETATIO
1968 4049 2179 4106 NOVA.

241 4164 285 4220 7.
313 4167 603 4237 Operosum
637 4185 778 4224 nunc
817 4169 980 4224 fuerit
1016 4169 1422 4238 antiquissimas
1473 4169 1539 4221 de
1593 4167 1818 4238 singulis
1867 4183 1988 4235 qua!
2031 4166 2407 4238 futuraerant
2457 4165 2834 4238 prtedietiones
2879 4178 3193 4238 recensere,
3223 4165 3397 4238 utqui

186 4234 377 4301 dubitat,
407 4241 471 4292 iis
504 4251 768 4308 tauquam
799 4241 999 4293 divinis
1031 4234 1330 4308 perculsus,
1367 4239 1514 4291 'omni
1557 4234 1896 4308 dubitatione
1929 4247 1982 4290 et
2021 4236 2271 4308 ancipitis
2307 4237 2470 4308 animi
2506 4237 2840 4289 haesitatione
2867 4235 3132 4308 deposita,
3168 4235 3258 4308 Dei
3281 4251 3397 4308 ser-

187 4309 390 4374 monibus
415 4319 520 4364 tota
556 4305 827 4362 semente
867 4305 1046 4363 dedat.
1079 4309 1232 4374 Quod
1277 4310 1321 4360 si
1367 4308 1601 4360 indoctis
1645 4322 1749 4360 non
1796 4307 2045 4361 videntur
2089 4305 2322 4372 majores
2370 4307 2609 4360 humano
2651 4314 2806 4372 captu
2841 4305 3123 4358 sententia:
3171 4305 3398 4373 singulis

189 4373 294 4445 locis
319 4393 625 4443 occurrere,
655 4379 789 4432 nihil
815 4381 1043 4444 mirum;
1083 4373 1133 4432 in
1162 4377 1421 4445 operibus
1449 4377 1592 4429 enim
1629 4377 1769 4430 illius
1799 4392 1918 4443 qua:
1951 4376 2209 4428 mundum
2248 4376 2559 4428 universum
2587 4375 2984 4445 complectitur,
3023 4374 3394 4445 providentia,

189 4443 267 4516 alia
293 4446 444 4516 liquet
472 4450 622 4500 illius
649 4463 771 4500 esse
801 4464 1000 4516 Opera;
1031 4443 1132 4500 alia
1176 4443 1254 4501 sic
1284 4447 1528 4500 abstrusa
1569 4453 1622 4498 et
1658 4445 1864 4516 occulta
1911 4456 2060 4505 sntit,
2099 4455 2156 4498 ut
2180 4445 2464 4516 dubitandi
2500 4459 2684 4497 ansam
2727 4443 2966 4511 prtebere
3007 4443 3290 4496 videantur
3325 4458 3396 4495 an

191 4512 300 4568 Deus
323 4512 426 4571 arte
447 4530 497 4571 et
527 4520 767 4586 potentia
794 4512 1140 4590 humari-abi“
1162 4526 1363 4590 _cuncta
1381 4517 1746 4590 administret.
1783 4515 1962 4590 hleque
1995 4516 2138 4568 enim
2158 4515 2233 4590 _in
2261 4515 2324 4565 iis
2349 4530 2465 4580 qua:
2487 4528 2643 4580 supra
2681 4523 2879 4590 terram
2911 4521 3178 4590 sunt-tatu
3211 4522 3391 4590 aperta

190 4581 583 4658 estprovidetitis
614 4588 706 4640 Dei
743 4587 1040 4658 artiﬁciosa
1074 4586 1233 4650 ratio,
1279 4601 1439 4651 quam
1478 4585 1528 4636 itt
1565 4584 1678 4658 sole
1715 4595 1768 4638 et
1803 4581 1924 4658 luna
1955 4596 2007 4638 et
2037 4585 2232 4658 astris;
2264 4597 2441 4649 neque
2463 4594 2568 4633 tam
2607 4581 2916 4658 manifesta
2943 4591 3027 4633 est
3052 4581 3103 4632 iit
3142 4581 3395 4658 humanis

191 4648 362 4728 eventis
387 4668 436 4710 et
463 4658 703 4728 casibus,
736 4672 898 4723 quam
931 4657 984 4708 in
1013 4657 1188 4708 anima
1216 4648 1268 4708 et
1297 4648 1536 4728 corpore
1566 4654 1961 4728 animantium;
2001 4652 2310 4728 cumplaue
2334 4648 2701 4728 corriperet-int
2741 4652 2830 4728 qui
2865 4651 2949 4703 his
2987 4648 3394 4728 perscrutandis

192 4721 479 4793 diligentiam
511 4721 791 4788 adhibent,
827 4741 947 4788 cur,
975 4739 1252 4793 quamque
1275 4725 1343 4777 ob
1369 4738 1590 4777 cauSam
1623 4723 1673 4776 hi
1709 4725 1818 4776 sint
1853 4725 2102 4792 impetus,
2135 4722 2213 4774 litt:
2247 4722 2456 4793 species
2486 4721 2536 4774 in
2563 4721 2761 4793 animo,
2797 4722 2877 4772 ha:
2911 4729 3117 4772 natura}
3153 4721 3396 4793 animati-_-

194 4787 314 4864 tium,
340 4795 446 4849 hzec
469 4797 676 4850 fabrica
706 4787 1016 4863 corpm'tnn.
1047 4787 1641 4861 Setl'quemadmodum
1682 4787 2019 4862 providentia
2052 4793 2198 4864 apud
2230 4787 2321 4844 eo.
2347 4791 2589 4864 qui‘eam
2626 4790 2791 4864 probe
2823 4796 3200 4864 perceperunt,
3259 4787 3392 4840 nihil

192 4862 434 4982 quidquam
466 4867 778 4919 detrimenti
808 4859 1052 4930 capituli
1077 4880 1136 4915 ea
1166 4859 1286 4933 qua:
1317 4879 1422 4918 non
1454 4859 2016 4929 comprehenduntur;
2051 4859 2124 4914 ita
2152 4876 2323 4928 neque
2346 4859 2639 4928 Scripturte
2671 4859 2940 4938 divinitati
2973 4873 3067 4936 per
3085 4872 3206 4937 eam
3227 4865 3389 4934 totam

225 4931 364 4982 ilium
387 4936 681 4982 uuidnuam
712 4937 1016 4982 detrahitur
1038 4949 1104 4982 ex
1140 4948 1205 4982 eo
1229 4935 1372 4982 quod
1421 4932 1618 4982 ingenii
1663 4933 1835 4982 nostri
1867 4931 2212 4982 imbecillitas
2248 4933 2300 4982 in
2347 4943 2666 4982 unauuauue
2699 4930 2936 4982 dictione
2970 4941 3188 4980 minime
3221 4937 3389 4982 possit

225 4928 368 5005 una
387 4936 681 5005 quidquam
712 4928 1016 4987 detrahitur
1038 4949 1104 4986 ex
1140 4928 1205 4988 eo
1229 4935 1372 5005 quod
1421 4928 1618 5005 ingenii
1653 4933 1835 5005 μυξη-ἰ
1867 4931 2212 5005 itnbecillitas
2248 4933 2300 5005 in
2347 4928 2936 5005 unaquaquedictione
2970 4928 3394 5005 minimepossit

195 4996 433 5076 pervenire
460 4996 811 5059 ad'arcanum
845 4996 1608 5076 sententiarum'spleud‘orem
1653 5001 1709 5076 in
1739 5002 1937 5076 humili
1958 5014 2011 5076 et
2039 5001 2248 5076 alijeeta
2277 4999 2548 5054 locutione
2580 4999 2985 5052 delitescentem
3015 5013 3028 5049 :
3062 5015 3099 5076 t_
3119 4996 3391 5076 llabemqs

195 5064 306 5125 enim
342 5076 639 5129 thesaurum
678 5076 732 5128 in
771 5074 918 5127 vasis
944 5073 1219 5136 ﬁctilibus,
1247 5064 1630 5126 ntsublimitas
1665 5073 1881 5126 virtutis
1908 5071 1998 5126 Dei
2033 5064 2252 5138 fulgeat,
2296 5079 2348 5122 et
2382 5085 2484 5122 non
2524 5077 2741 5136 ptttetur
2770 5083 2889 5122 esse
2918 5083 2982 5121 ex
3015 5067 3172 5120 nobis
3218 5064 3391 5118 homi-

197 5141 373 5197 nibus.»
399 5143 527 5198 Nam
561 5147 607 5199 si
645 5147 784 5198 trita:
811 5145 950 5215 inter
980 5145 1229 5215 homines
1269 5142 1788 5215 detnoustratiouum
1831 5137 2175 5215 vitenostris
2221 5140 2376 5215 libris
2417 5141 2632 5215 inserta:
2665 5139 3064 5215 convertissem
3087 5137 3388 5215 humanum

197 5221 364 5284 genus_._
393 5215 581 5268 merito
625 5215 750 5283 quis
789 5214 1052 5284 suspicari
1083 5213 1348 5284 potuisset
1379 5211 1534 5284 tidem
1571 5220 1809 5284 nostram
1845 5211 1898 5264 in
1948 5213 2182 5284 humana
2222 5209 2507 5284 sapientia,
2539 5216 2592 5284 et
2631 5223 2736 5284 non
2766 5207 2818 5284 in
2858 5209 3066 5284 virtute
3085 5206 3175 5284 Dei
3200 5206 3386 5284 _sitatn

198 5273 303 5334 ésse.
326 5281 470 5338 Nunc
505 5273 1100 5338 vero'cuilibet'oculos
1139 5281 1400 5336 attollenti
1433 5281 1779 5350 perspicuum
1817 5291 1900 5335 est
1932 5281 2202 5335 sermonis
2230 5273 2716 5348 et'przedicationis
2741 5279 2845 5330 vim
2875 5277 2931 5331 in
2961 5273 3386 5338 multitudinem,

363 5402 602 5495 Earinus,
636 5404 713 5466 ὡς
743 5401 1032 5495 ἐνουρανίιρ
1060 5401 1260 5495 χάριτι.
1401 5469 1414 5481 .
1541 5468 1577 5495 ο
1659 5469 1669 5480 ⁸

1876 5398 2062 5495 '(dﬂn.
2099 5397 2471 5495 mss.nleglitur
2497 5415 2544 5495 οι
2588 5395 2806 5495 lentius.
3205 5389 3386 5495 ἵξἮὲ

365 5473 482 5529 Post
525 5468 1094 5545 πεετιστευμένουςῖιῖ
1113 5468 1302 5526 codice
1333 5469 1508 5538 primo
1539 5468 1708 5540 Regio

197 5540 389 5615 additur,
415 5546 542 5615 ἡμῖν
572 5541 729 5598 εἶναι.

251 5608 315 5675 (1)
339 5612 387 5666 ιιι
411 5608 580 5684 ρἰῖὶιιιο
605 5615 772 5685 Regio
794 5612 948 5667 deest
971 5608 1142 5682 παρά,
1168 5608 1313 5678 quod
1334 5613 1497 5666 etiam
1523 5609 1714 5664 abesse

201 5688 590 5818 Ὗίξῗεὶνστίωιὶε.
618 5753 780 5808 Deest
805 5755 857 5806 in
901 5750 1080 5818 editis,
1117 5750 1210 5803 sed
1240 5747 1471 5804 habetur
1492 5749 1545 5804 in
1579 5763 1710 5803 mss.

202 5812 508 5935 :ax'aiiquot
532 5839 684 5892 niss.,
721 5841 740 5876 ι
767 5837 888 5894 quae
907 5812 1163 5894 cooperta
1195 5819 1345 5875 verbi
1377 5821 1515 5875 bona
1562 5829 1711 5890 tege-

230 5900 376 5935 :lmur-
411 5912 428 5935 ι

230 5900 376 5945 antur.
409 5912 428 5945 ι

1822 5463 2154 5543 «intentius.
2190 5463 2403 5543 i_Paulo
2427 5477 2744 5543 post-mss“
2781 5485 2799 5517 ι
2833 5463 3172 5543 explicantur
3209 5469 3390 5543 ut'pe-

1816 5541 1962 5594 nitus
1994 5539 2047 5592 in
2091 5539 2175 5592 his
2207 5538 2392 5591 lateat.
2427 5528 2455 5588 ἰ
2492 5536 2630 5590 Editi
2659 5528 2754 5603 pro
2787 5553 2805 5586 ι
2833 5528 3250 5603 explicantur,»
3285 5528 3388 5581 ha-

1811 5610 1960 5672 bent,
2010 5627 2028 5660 ι
2079 5607 2442 5661 occultantur.
2494 5625 2512 5657 ι
2559 5601 2679 5658 Moti
2715 5620 2871 5668 mss.,
2911 5601 2928 5653 ι
2986 5618 3054 5672 ne
3092 5601 3390 5672 credantur

1811 5667 2115 5750 quidem.)
2153 5676 2317 5739 Editi,
2354 5693 2386 5750 t_
2409 5690 2474 5729 ne
2525 5667 2877 5750 crederentur
2905 5671 3145 5750 quidem.
3191 5685 3210 5750 ξ
3244 5667 3385 5720 Infra

1813 5739 1969 5813 .;.ss.,
2009 5765 2029 5798 ι
2071 5747 2321 5800 humana:
2341 5745 2663 5814 eloquentia:
2691 5745 2866 5801 fucus.
2910 5739 3124 5806 iEditi,
3149 5756 3168 5790 t
3194 5739 3385 5793 huma-

1811 5833 1893 5874 na:
1922 5816 2288 5888 intelligentia:
2313 5815 2487 5873 fucus.

3407 5903 3426 5938 κ

3429 5951 3437 5972 l
