3988 6418
501 334 600 390 559

1725 331 2049 390 ORIGENIS
2085 334 2242 390 ΠΕΡΙ
2277 337 2507 391 ΑΡΧΩΝ

3669 345 3764 403 550

497 453 718 521 Sani";
751 473 769 507 ι
807 462 863 510 et
895 454 1062 510 multa
1092 452 1194 508 alia
1218 453 1305 513 his
1333 450 1528 507 similia
1561 467 1680 522 quae
1709 454 1910 524 scripta
1954 470 2054 509 sun

2183 474 2330 521 κασι,
2369 455 2785 526 μυθοποιοῦντες
2818 458 3030 521 ἑαυτοῖς
3058 456 3370 520 ὑποθέσεις,
3397 455 3516 510 καθ’
3543 456 3609 522 ἃς
3635 460 3766 513 οἴον-

499 545 761 617 legentes,
779 548 959 602 dicere
981 547 1198 616 quidem
1232 559 1326 601 eas
1353 562 1458 602 non
1485 559 1607 601 esse
1631 544 1724 599 Dei
1763 545 2072 614 Scripturas

499 653 606 692 non
662 639 779 692 ausi
831 647 980 701 sunt,
1028 637 1120 693 sed
1154 652 1247 693 eas
1273 637 1569 692 conditoris
1614 635 1710 690 Dei
1747 637 1888 691 illius
1911 651 2070 704 quem

494 729 664 786 Judaei
711 731 980 797 colebant,
1042 738 1336 800 putarunt;
1375 745 1536 800 quem
1581 731 1786 800 justum
1833 738 2073 784 tantum-

495 823 680 884 modo,
730 836 834 875 non
862 821 1026 874 etiam
1060 821 1260 875 bonum
1290 822 1439 876 credi
1473 821 1672 876 debere
1717 821 2072 875 existimave-

497 923 652 980 runt;
691 911 1028 966 Salvatorem
1078 927 1208 967 vero
1253 914 1558 977 adveniése,
1593 921 1650 966 ut
1690 913 2070 983 perfectiorcm

494 1004 652 1060 nobis
686 1005 1036 1059 annuntiaret
1075 1006 1266 1072 Deum,
1296 1021 1456 1075 quem
1508 1016 1708 1076 negant
1739 1019 1859 1060 esse
1885 1006 2074 1060 condi-

495 1104 667 1150 torem
726 1095 934 1160 mundi,
969 1095 1203 1150 diversis
1261 1097 1426 1150 etiam
1470 1099 1536 1151 de
1587 1099 1688 1152 hoc
1723 1098 1838 1165 ipso
1862 1097 2074 1165 opinio-

2179 561 2265 598 ται
2304 544 2583 612 γεγονέναι
2612 546 2678 596 τὰ
2714 545 3042 615 βλεπόμενα,
3071 548 3168 600 καὶ
3203 545 3366 616 ἕτερά
3392 562 3512 600 τινα
3547 546 3621 616 μὴ
3656 545 3765 614 βλε-

2184 637 2248 689 πό
2259 653 2392 706 μενα
2413 677 2426 700 ,
2465 636 2606 706 ἅπερ
2629 639 2660 706 ἡ
2685 635 2827 707 ψυχὴ
2857 636 3034 691 αὐτῶν
3063 637 3570 708 ἀνειδωλοποίησεν.
3613 637 3765 689 Ἀλλᾶ

2185 725 2288 797 μὴν
2335 725 2426 779 καὶ
2474 727 2520 778 οἱ
2562 727 2934 798 ἁκεραιότεροι
2980 728 3086 783 τῶν
3133 729 3244 780 ἀπὸ
3289 729 3387 800 τῆς
3447 727 3765 796 Ἑκκλησίας

2181 818 2486 886 αὐχούντων
2529 819 2834 888 τυγχάνειν,
2880 819 2971 872 τοῦ
3022 821 3120 891 μὲν
3164 819 3498 892 δημιουργοῦ
3549 820 3766 890 μείζονα

2177 905 2368 958 οὐδένα
2397 905 2778 976 ὑπειλήφασιν,
2815 906 2983 974 ὑγιῶς
3013 907 3173 962 τοῦτο
3205 909 3482 973 ποιοῦντες
3502 927 3515 939 '
3546 908 3764 963 τοιαῦῑα

2177 1005 2232 1057 δὲ
2272 1005 2711 1075 ὑπολαμϐάνουσι
2760 1008 2888 1078 περὶ
2936 1009 3100 1060 αὑτοῦ
3146 1011 3306 1062 ὁποῖα
3338 1010 3457 1064 οὐδὲ
3499 1011 3628 1082 περὶ
3673 1009 3760 1062 τοῦ

2178 1096 2460 1166 ὠμοτάτου
2495 1098 2587 1150 καὶ
2619 1099 2953 1152 ἁδικωτάτου
2990 1099 3303 1171 ἀνθρώπου.

495 1188 658 1243 nibus
707 1189 1074 1255 dissidentes;
1129 1191 1382 1260 quoniam
1423 1192 1642 1260 quidem
1699 1191 1864 1246 semel
1916 1191 2232 1246 recedentes
2292 1208 2321 1245 a
2383 1193 2485 1247 ﬁde
2544 1195 2807 1248 creatoris
2865 1194 2955 1248 Dei
3020 1195 3112 1263 qui
3161 1205 3242 1248 est
3283 1196 3522 1250 omnium
3580 1195 3759 1263 Deus,

491 1278 768 1348 ﬁgmentis
811 1297 871 1359 se
912 1283 1082 1337 variis
1121 1283 1233 1351 (l5)
1278 1298 1341 1337 ac
1372 1283 1570 1339 fabulis
1613 1286 1946 1339 tradiderunt
2005 1294 2434 1340 commentantes
2489 1287 2753 1355 qnzcdam,
2799 1295 2854 1341 et
2899 1287 3144 1342 dicentes
3197 1288 3298 1342 alia
3349 1302 3469 1344 esse
3533 1290 3762 1345 visibilia

490 1375 546 1425 et
575 1370 644 1426 ab
671 1373 778 1428 alio
807 1373 969 1440 faeta,
1011 1375 1114 1428 alia
1155 1389 1279 1429 vero
1311 1377 1558 1445 quaedam
1596 1377 1880 1431 invisibilia
1908 1387 1964 1432 et
1997 1380 2063 1433 ab
2099 1377 2204 1433 alio
2233 1379 2470 1442 condita,
2520 1386 2683 1446 prout
2735 1379 2817 1433 eis
2881 1381 3076 1433 animae
3119 1394 3231 1433 sua:
3277 1380 3562 1448 phantasia
3613 1382 3765 1436 vani-

493 1471 685 1535 tasque
727 1469 1080 1537 suggesserit.
1115 1467 1220 1523 Sed
1248 1477 1301 1522 et
1333 1470 1574 1524 nonnulli
1619 1486 1685 1524 ex
1741 1471 2160 1540 simplicioribus
2191 1471 2395 1526 scilicet
2452 1485 2642 1524 eorum
2701 1471 2796 1540 qui
2862 1471 3002 1526 intra
3063 1471 3323 1526 Ecclesiae
3383 1472 3542 1526 ﬁdem
3590 1473 3766 1527 conti-

494 1559 612 1613 neri
657 1559 931 1624 videntur,
967 1561 1225 1628 maiorem
1259 1561 1474 1630 quidem
1512 1571 1759 1618 creatore
1826 1564 1936 1618 Deo
1991 1564 2194 1618 nullum
2241 1579 2362 1617 esse
2391 1563 2702 1631 epinantnr,
2757 1571 2961 1617 rectam
3001 1563 3054 1616 in
3086 1563 3190 1618 hoc
3249 1571 3492 1618 tenentes
3547 1579 3761 1620 sanam-

490 1669 598 1724 que
643 1653 993 1714 sententiam,
1031 1667 1214 1706 verum
1266 1653 1392 1708 talia
1434 1654 1500 1710 de
1541 1670 1606 1709 eo
1660 1655 1922 1723 sentiunt,
1951 1670 2071 1725 quae
2128 1670 2226 1710 nec
2279 1655 2344 1709 de
2392 1653 2575 1722 aliquo
2623 1651 2979 1720 injustissimo
3031 1665 3086 1708 et
3129 1652 3494 1708 immitissimo
3541 1654 3763 1710 homine

493 1746 773 1802 sentienda
805 1756 953 1799 sunt.

573 1843 624 1897 9.
655 1841 859 1896 [lorum
882 1850 1060 1894 autem
1083 1840 1322 1895 omnium
1347 1841 1492 1896 falsa:
1517 1842 1883 1913 intelligentize
1909 1858 2056 1900 caus:

2247 1841 2403 1896 Αἰτία
2436 1841 2492 1894 δὲ
2526 1841 2659 1893 πᾶσι
2689 1843 2802 1902 τοῖς
2838 1838 3256 1912 προειρημένοις
3281 1838 3636 1908 ψευδοδοξιῶν
3669 1841 3762 1892 καὶ

500 1931 588 1985 his
623 1931 689 1985 de
719 1931 914 1999 quibus
940 1946 1101 2001 supra
1139 1931 1394 1996 diximus,
1425 1948 1528 1986 non
1559 1934 1663 1987 alia
1698 1921 1930 1999 exstitit,
1963 1937 2067 1991 nisi

495 2023 640 2090 quod
673 2032 858 2075 sancta
902 2023 1181 2091 Scriptura
1218 2025 1285 2077 ab
1315 2021 1404 2078 his
1434 2039 1540 2078 non
1576 2027 1876 2080 secundum
1902 2027 2064 2095 spiri-

493 2113 654 2167 talem
699 2129 950 2177 sensum,
993 2114 1084 2167 sed
1117 2114 1414 2168 secundum
1464 2114 1665 2169 littera:
1693 2132 1882 2170 sonum
1911 2117 2068 2170 intel-

490 2201 706 2272 ligitur.
737 2203 963 2272 Propter
993 2205 1136 2272 quod
1171 2205 1508 2270 conabimur,
1547 2207 1706 2276 166
1736 2223 1832 2277 pro
1861 2208 2066 2262 medio—

491 2294 690 2348 critate
738 2309 932 2348 sensus
986 2297 1294 2360 nostri,his
1336 2298 1426 2366 qui
1485 2298 1705 2351 credunt
1759 2299 2066 2368 Scripturas

488 2395 706 2439 sanctas
752 2385 862 2455 (16)
899 2402 1002 2440 non
1039 2389 1270 2441 humana
1302 2390 1464 2442 verba
1498 2390 1672 2458 aliqua
1701 2405 1819 2445 esse
1849 2406 2070 2462 compo-

489 2477 616 2539 sita,
655 2476 746 2530 sed
780 2478 954 2531 sancti
988 2475 1223 2546 Spiritus
1268 2479 1620 2548 inspiratione
1643 2484 1974 2552 conscripta,
2007 2491 2065 2536 et

486 2565 769 2621 voluntate
800 2568 897 2622 Dei
939 2568 1113 2624 Patris
1151 2584 1244 2639 per
1288 2572 1625 2641 unigenitum
1663 2572 1859 2626 Filium
1899 2589 2058 2628 suum

485 2655 672 2712 Jesum
702 2659 974 2714 Christum
1010 2662 1165 2716 nobis
1190 2677 1410 2732 quoque
1450 2679 1567 2718 esse
1598 2667 1794 2718 tradita
1818 2674 1872 2718 et
1905 2679 2057 2719 com-

487 2750 676 2814 missa,
711 2767 830 2820 quae
874 2753 1031 2807 nobis
1081 2754 1330 2809 videntur
1378 2764 1523 2809 recta
1558 2755 1641 2808 via
1689 2756 2061 2825 intelligentia:

484 2841 922 2909 observantibus,
951 2842 1334 2898 demonstrare
1368 2845 1512 2898 illam
1555 2845 1794 2912 regulam
1821 2853 1873 2899 et
1895 2846 2062 2900 disci-

483 2934 685 3002 plinam
725 2950 889 3004 quam
940 2935 1008 2988 ab
1056 2934 1184 2989 Jesu
1221 2937 1436 2989 Christo
1475 2937 1728 2989 traditam
1766 2936 1870 2989 sibi
1921 2951 2058 3004 apo-

481 3024 628 3092 Stoli,
659 3038 755 3092 per
794 3027 1200 3080 successionem
1231 3027 1470 3094 posteris
1509 3041 1727 3096 quoque
1779 3028 1891 3081 suis
1935 3043 2059 3081 san-

481 3128 624 3172 ctam
650 3119 946 3173 Ecclesiam
973 3119 1319 3181 docentibus,
1364 3118 1721 3174 tradiderunt.
1746 3117 1811 3170 Et
1838 3119 2056 3188 quidem

481 3211 626 3278 quod
663 3209 1098 3279 dispensationes
1149 3211 1401 3278 quaedam
1457 3211 1699 3279 mysticae
1748 3211 2056 3264 iudicentur

482 3316 580 3371 per
607 3301 921 3371 Scripturas
962 3311 1182 3356 sanctas
1203 3342 1216 3365 ,
1249 3316 1472 3365 omnes,
1502 3309 1560 3354 ut
1586 3302 1844 3368 arbitror,
1885 3303 2052 3356 etiam

482 3385 845 3463 simpliciores
897 3393 1096 3460 quique
1145 3391 1483 3446 credentium
1519 3393 1868 3448 conﬁtentur.
1923 3394 2054 3459 Qua:

483 3495 662 3540 tamen
687 3485 825 3548 istm,
856 3483 938 3537 vel
963 3483 1259 3551 cuiusmodi
1291 3484 1422 3547 sint,
1453 3485 1496 3538 si
1526 3485 1646 3553 quis
1670 3494 1830 3539 rectae
1853 3486 2052 3540 mentis

2171 1934 2434 1987 ἀσεϐειῶν
2473 1933 2584 2004 (l7)
2631 1932 2662 2003 ἢ
2699 1929 2992 1985 ,ἰδιωτικῶν
3028 1931 3159 2001 περὶ
3204 1929 3339 1982 Θεοῦ
3383 1930 3596 1998 λόγων,
3659 1931 3761 1983 οὐκ

2169 2026 2301 2096 ἄλλη
2347 2043 2430 2088 τις
2465 2021 2604 2077 εἶναι
2646 2023 2793 2076 δοκεῖ
2909 2022 3099 2093 Γραφὴ
3133 2021 3274 2075 κατὰ
3304 2020 3372 2074 τὰ
3414 2021 3764 2092 πνευματικὰ

2173 2117 2246 2188 μὴ
2276 2116 2576 2188 νενοημένη
2598 2156 2612 2180 ,
2653 2114 2767 2168 ἀλλ’
2801 2113 2877 2175 ῶς
2909 2113 3045 2184 πρὸς
3079 2113 3139 2164 τὸ
3172 2113 3325 2182 ψιλὸν
3351 2114 3591 2184 γράμμα
3625 2112 3763 2179 ὲξει-

2169 2207 2441 2278 λημμένηι.
2467 2206 2669 2275 Διόπερ
2698 2207 2809 2267 τοῖς
2830 2202 3173 2273 πειθομένοις
3199 2204 3273 2275 μὴ
3294 2203 3390 2279 ἀνθ
3401 2203 3600 2275 ρώπων
3621 2200 3762 2256 εἶναι

2170 2298 2576 2368 συγγράμματα
2610 2296 2708 2358 τὰς
2749 2295 2898 2366 ἱερὰς
2935 2295 3181 2365 βίϐλους,
3226 2295 3338 2348 ἀλλ’
3383 2296 3441 2361 ἐξ
3475 2295 3763 2359 ἐπιπνοίας

2167 2386 2260 2439 τοῦ
2288 2389 2440 2455 ἁγίου
2473 2387 2785 2456 Πνεῦματος
2803 2387 3104 2457 βουλήματι
3134 2387 3226 2438 τοῦ
3256 2387 3467 2458 Πατρός
3492 2387 3603 2440 τῶν
3621 2387 3760 2440 ὅλων

2166 2478 2255 2532 διὰ
2313 2478 2487 2548 Ἰησοῦ
2535 2477 2768 2549 Χριστοῦ
2815 2477 3016 2540 ταύτας
3065 2477 3480 2549 ἀναγεγράφθαι
3537 2481 3636 2532 καλ⁸
3679 2481 3760 2542 εἰς

2167 2570 2315 2640 ἡμᾶς
2343 2568 2678 2639 ἐληλυθέναι,
2714 2569 2812 2632 τὰς
2846 2567 3176 2638 φαινομένας
3201 2570 3353 2633 ὁδοὺς
3385 2571 3756 2623 ὑποδεικτέον

2167 2658 2448 2729 ἐχομένοις
2477 2658 2572 2710 τοῦ
2607 2659 2826 2721 κανόνος
2856 2659 2957 2727 τῆς
2998 2658 3174 2729 Ἰησοῦ
3205 2660 3442 2730 Χριστοῦ
3469 2661 3618 2713 κατὰ
3639 2661 3762 2714 δια-

2164 2748 2327 2820 δοχὴν
2361 2748 2469 2803 τῶν
2503 2749 2818 2802 ἀποστόλων
2852 2751 3107 2820 οὐρανίου
3149 2750 3495 2821 Ἐκκλησίας.
3526 2753 3638 2805 Καὶ
3673 2755 3759 2806 ὅτι

2167 2846 2264 2916 μὲν
2307 2846 2612 2917 οἰκονομίαι
2653 2846 2760 2898 εἰσί
2793 2864 2937 2910 τινες
2981 2847 3246 2918 μυστικαὶ
3283 2847 3614 2917 δηλούμεναι
3668 2848 3759 2900 διὰ

2161 2937 2270 2989 τῶν
2302 2937 2460 2990 θείων
2495 2937 2749 3008 Γραφῶν,
2789 2939 2988 3001 πάντες
3023 2939 3117 2991 καὶ
3145 2941 3192 2990 οἱ
3227 2939 3614 3009 ἀκεραιότατοι
3645 2938 3758 2991 τῶν

2161 3027 2240 3098 τῷ
2267 3027 2410 3098 λόγῳ
2451 3029 2788 3099 προσιόντων
2831 3028 3228 3081 πεπιστεύκασι
3253 3045 3266 3058 ο
3303 3029 3446 3091 τίνες
3475 3029 3534 3080 δὲ
3570 3024 3756 3091 αὗται,

2161 3119 2210 3170 οἱ
2259 3117 2602 3187 εὐγνώμονες
2652 3117 2749 3170 καὶ
2791 3117 2982 3186 ἄτυφοι
3028 3115 3348 3187 ὁμολογοῦσι
3402 3115 3478 3187 μὴ
3530 3117 3755 3169 εἰδέναι.

2160 3207 2222 3260 Εἰ
2251 3208 2380 3276 γοῦν
2413 3211 2760 3280 ἐπαπορήσαι
2787 3209 2898 3280 (18)
2925 3227 3013 3272 τις
3041 3209 3171 3279 περὶ
3195 3207 3294 3277 τῆς
3317 3207 3413 3260 τοῦ
3438 3207 3564 3260 Λὼτ
3587 3208 3759 3276 θυγα-

2160 3299 2462 3371 τρομιξίας,
2493 3303 2585 3355 καὶ
2605 3302 2712 3355 τῶν
2735 3303 2827 3357 δύο
2854 3301 3127 3371 γυναικῶν
3153 3301 3245 3354 τοῦ
3282 3300 3554 3371 Ἀϐραὰμ,
3581 3301 3673 3354 δύο
3692 3314 3757 3355 τε

2161 3385 2403 3456 ἀδελφῶν
2430 3407 2645 3462 γεγαμη
2657 3391 2831 3460 μένων
2853 3391 2931 3462 τῷ
2975 3390 3188 3455 Ἰακὼϐ,
3212 3393 3306 3444 καὶ
3334 3391 3427 3444 δύο
3448 3391 3758 3446 παιδισκῶν

2159 3478 2566 3530 τετεκνωκυιῶν
2587 3479 2643 3545 ἐξ
2659 3479 2844 3543 αὑτοῦ,
2869 3480 3020 3532 οὐδὲν
3036 3479 3164 3533 ἄλλο
3185 3481 3450 3550 φήσουσιν
3474 3481 3508 3551 ἢ
3545 3482 3759 3551 μυστή-

478 3585 584 3641 est,
637 3575 1034 3645 necjactantia:
1065 3575 1196 3628 vitio
1223 3575 1500 3644 fatigatur,
1535 3577 1835 3646 religiosius
1867 3591 1925 3632 se
1967 3579 2049 3632 [ιι-

2164 3585 2247 3638 ρια
2265 3571 2440 3624 ταῦτα
2453 3573 2760 3642 τυγχάνειν,
2780 3573 2868 3640 ὑφ’
2884 3573 2917 3642 ἡ
2926 3571 3040 3642 μῶν
3065 3571 3137 3643 μὴ
3156 3547 3440 3642 νοοῦμενα.
3460 3547 3625 3626 Ἀλλὰ
3657 3547 3758 3627 καὶ

481 3669 684 3723 tebitur
709 3670 981 3738 ignorare.
1001 3668 1134 3722 Nam
1160 3669 1203 3722 si
1229 3669 1368 3738 quis,
1389 3669 1538 3724 verbi
1561 3671 1759 3737 gratia,
1780 3678 2049 3740 proponat

2164 3665 2336 3732 ὲπὰνή
2359 3664 2667 3735 κατασκευὴ
2685 3664 2782 3734 τῆς
2799 3664 3004 3734 σκηνῆς
3018 3663 3483 3735 ἀναγινώσκηται,
3499 3665 3758 3734 πειθόμε-

479 3761 642 3817 nobis
671 3761 739 3816 de
762 3760 978 3816 ﬁliabus
1011 3760 1132 3825 Lot,
1162 3761 1301 3829 quod
1337 3761 1474 3830 patri
1511 3771 1700 3816 contra
1735 3762 1816 3816 fas
1851 3763 2042 3817 viden-

2164 3777 2230 3814 μοι
2246 3759 2448 3817 τύπους
2462 3753 2681 3811 εἶναιτὰ
2697 3758 3077 3828 γεγραμμένα,
3097 3755 3349 3827 ζητοῦσιν
3365 3757 3400 3812 δι
3425 3759 3752 3829 δυνήσονται

1667 3879 2244 3936 INTERPRETATIO
2284 3877 2494 3934 NOVA.

473 3989 662 4059 pacem
694 3984 748 4029 ct
775 3990 970 4059 creans
1001 3975 1246 4059 malai»
1278 3983 1336 4059 et
1361 3975 1616 4059 alio__loco
1655 3995 1667 4030 :
1707 3997 1722 4058 ι
1756 3977 1869 4030 Non
1906 3978 2211 4059 est_tnalum
2243 3977 2292 4029 in
2321 3975 2545 4059 civitate
2575 3973 2858 4059 quodnon
2889 3973 3434 4059 fecerithDominus;_
3457 3994 3477 4028 ι
3499 3984 3573 4059 et
3614 3976 3750 4059 illud

475 4043 730 4114 insuper:
758 4064 776 4097 ι
807 4046 1213 4099 Descendcrunt
1238 4045 1373 4098 mala
1407 4063 1434 4098 a
1458 4046 1684 4100 Domino
1709 4049 1760 4101 in
1793 4059 1973 4116 portas
1991 4047 2326 4109 Jerusalem;
2355 4065 2372 4096 ι
2403 4055 2457 4098 et
2485 4064 2498 4098 :
2526 4063 2544 4095 ι
2573 4043 2812 4116 Spiritus
2838 4044 3054 4097 malusa
3081 4044 3189 4098 Deo
3212 4043 3515 4116 suﬁ‘ocabat
3539 4045 3667 4101 Saul
3689 4066 3740 4111 ;ι

473 4126 529 4170 et
564 4112 774 4186 inlinita
807 4117 1192 4186 prupcmodum
1227 4115 1312 4168 his
1342 4117 1670 4180 consimilia,
1704 4112 1904 4186 negare
1930 4119 2144 4186 quidem
2188 4131 2282 4186 eas
2319 4130 2455 4169 essc-
2491 4115 2582 4168 Dei
2638 4112 2952 4186 Scripturas
2982 4129 3086 4166 non
3119 4115 3235 4186 ausi
3269 4125 3417 4179 sunt,
3461 4120 3555 4172 sed
3599 4118 3746 4172 illius

473 4200 632 4254 quem
658 4184 826 4238 Judaei
856 4186 1043 4237 colunt
1071 4185 1353 4238 Creatoris
1385 4202 1478 4240 eas
1517 4201 1638 4239 esse
1671 4183 1798 4248 rati',
1831 4183 1983 4255 quasi
2021 4185 2374 4254 imperfectus
2404 4200 2502 4237 nec
2528 4186 2703 4237 bonus
2733 4192 2875 4236 esset
2901 4183 2989 4237 ille
3013 4185 3284 4255 conditor,
3313 4186 3571 4240 arbitrati
3607 4199 3741 4242 sunt

471 4255 759 4308 advenisse
785 4254 1120 4308 Salinatorem
1149 4255 1238 4322 qui
1274 4255 1657 4322 perfectiorem
1689 4254 2037 4311 annuntiaret
2062 4257 2227 4310 Deum
2263 4269 2422 4323 quem
2449 4256 2637 4307 dicunt
2657 4267 2771 4323 non
2799 4266 2920 4323 ess_e
2954 4254 3440 4323 mundiropiticcm,
3462 4256 3516 4308 in
3552 4261 3742 4311 varias

470 4338 533 4377 ea
566 4325 630 4377 de
662 4338 720 4377 re
748 4324 953 4391 abrepti
1007 4321 1326 4388 sententias,
1356 4336 1410 4380 et
1459 4335 1740 4394 postquam
1775 4345 1802 4380 a
1847 4328 2106 4380 Creatore
2131 4327 2219 4393 qui
2257 4321 2340 4379 est
2387 4324 2656 4393 ingenitus
2695 4322 2844 4376 solus
2879 4321 3044 4394 Deus,
3073 4321 3408 4394 defecerunt,
3448 4327 3736 4394 ﬁgmentis

470 4394 1182 4464 adhaeserunt,excogitatis
1215 4394 1420 4448 ﬁctitiis
1447 4393 1835 4464 liypothesibns
1880 4399 2176 4450 secundum
2207 4411 2341 4463 quas
2375 4395 2510 4448 facta
2544 4407 2666 4447 esse
2719 4400 2912 4464 putant
2943 4393 3200 4464 Vjsibilia,
3229 4401 3281 4445 et
3325 4393 3429 4448 alia
3478 4393 3738 4464 quaedam

471 4462 766 4534 invisibilia
791 4477 912 4531 qua:
934 4465 1114 4518 animo
1159 4465 1262 4517 sibi
1298 4461 1593 4518 ﬁnxerunt.
1623 4465 1929 4531 Quinetiam
1984 4461 2344 4534 simplicioi‘es
2371 4463 2610 4517 nonnulli
2645 4464 2743 4534 qui
2770 4476 2835 4534 se
2856 4462 2922 4515 de
2955 4461 3196 4534 Ecclesia
3230 4477 3351 4516 esse
3397 4461 3736 4534 gloriantur,

469 4531 734 4603 Creatore
775 4534 992 4603 quidem
1053 4534 1253 4586 nullum
1333 4534 1588 4602 majorem
1655 4537 1990 4600 existimant,
2024 4531 2208 4590 sanam
2257 4537 2358 4588 hac
2404 4538 2455 4587 in
2512 4550 2567 4587 re
2604 4531 2838 4603 amplexi
2909 4532 3261 4603 sententiam,
3294 4531 3487 4588 verum
3537 4550 3604 4589 ea
3663 4537 3738 4590 de

470 4601 590 4674 ipso
623 4601 971 4674 suspicantur
1012 4610 1130 4672 quin
1162 4617 1229 4657 ne
1260 4605 1326 4658 de
1349 4606 1466 4672 ipso
1507 4605 1722 4658 homine
1753 4608 1967 4674 quidem
2004 4607 2380 4660 crudelissimo
2408 4615 2459 4656 et
2495 4601 2855 4674 injustissimo
2890 4602 3130 4674 cogitare
3162 4601 3240 4656 l'as
3275 4603 3368 4658 sit.

539 4673 596 4728 9.
632 4673 700 4728 lis
720 4671 910 4727 autem
939 4671 1192 4727 omnibus
1222 4671 2013 4744 nullail'alsarumOpinionum,
2045 4676 2188 4729 nulla
2221 4674 2514 4743 impietatis
2545 4671 2600 4727 et
2630 4671 2951 4744 stolidarum
2977 4673 3043 4744 de
3071 4671 3178 4725 Deo
3214 4687 3530 4744 sermonum
3561 4689 3732 4730 causa

467 4757 589 4798 esse
619 4745 724 4796 alia
756 4744 972 4815 videtur
996 4759 1159 4815 quam
1188 4744 1472 4813 Scriptura
1510 4760 1612 4797 non
1656 4742 1956 4799 secundum
1992 4742 2311 4815 spiritalem
2348 4759 2566 4815 sensum
2601 4742 2900 4807 intellecta,
2936 4743 3034 4795 sed
3065 4743 3366 4815 secundum
3415 4743 3725 4800 litteralern

467 4823 716 4882 accepta.
754 4813 1096 4881 Quapropter
1124 4814 1189 4865 iis
1217 4815 1306 4879 qui
1351 4829 1671 4882 persuasum
1704 4817 1908 4869 habent
1933 4812 2118 4869 sacros
2144 4817 2312 4870 libros
2343 4829 2446 4868 non
2476 4814 2754 4866 hominum
2788 4826 2910 4864 esse
2952 4812 3394 4874 commentarios,
3424 4815 3522 4867 sed
3550 4816 3733 4870 sancti

469 4881 714 4952 Spiritus
743 4883 949 4946 alllatn,
992 4883 1268 4954 voluntate
1299 4881 1392 4954 Dei
1424 4885 1664 4952 parentis
1693 4887 2072 4939 universorum
2116 4902 2211 4954 per
2249 4885 2432 4939 Jesum
2464 4884 2742 4938 Christum
2774 4882 3165 4954 scriptosesse
3195 4893 3254 4935 et
3288 4885 3357 4937 ad
3383 4898 3487 4937 nos
3528 4900 3727 4953 perve-

466 4951 637 5018 nisse,
677 4968 786 5021 qua
819 4959 901 5005 via
926 4955 978 5006 in
1004 4965 1190 5005 eorum
1220 4951 1503 5007 lectionem
1530 4953 1892 5008 insistendum
1930 4971 2049 5010 esse
2074 4951 2230 5010 nobis
2261 4957 2536 5017 videatur,
2563 4953 2810 5006 iudicare
2836 4951 3180 5016 conabimur,
3223 4965 3440 5007 servata
3477 4951 3729 5021 caelestis

466 5025 762 5094 secundum
797 5023 1197 5094 successionem
1246 5023 1611 5094 apostolorum
1664 5025 1915 5080 Ecclesiae
1955 5025 2083 5080 Jesu
2130 5026 2330 5080 Christi
2365 5024 2573 5092 regula.
2625 5023 2856 5094 Ethessc
2905 5021 3129 5094 quidem
3160 5024 3423 5092 mysticas
3451 5027 3724 5094 quasdam

465 5091 895 5163 dispensationes
917 5091 1288 5163 quasdivina:
1317 5093 1610 5162 Scriptura:
1642 5096 1900 5160 indicant,
1949 5099 2110 5151 etiam
2165 5091 2531 5163 simpliciores
2583 5092 2821 5148 ﬁdeliqu
2870 5093 3133 5163 credunt;
3179 5091 3432 5162 quaenam
3470 5091 3605 5149 vero
3634 5097 3725 5150 ha:

463 5160 595 5231 sini,
637 5163 844 5218 cordati
873 5173 928 5217 et
961 5161 1192 5214 modesti
1216 5160 1510 5219 nescire—se
1548 5163 1806 5221 fatentur.
1838 5167 2020 5233 Quare
2051 5169 2096 5220 si
2135 5166 2256 5235 quis
2277 5160 2592 5219 sciscitetur
2622 5165 2688 5218 de
2733 5176 3033 5232 congressu
3073 5160 3171 5216 Lot
3195 5160 3343 5216 ’cum
3376 5165 3616 5233 ﬁliabus,
3653 5167 3726 5219 de

532 5301 577 5336 ’τ
619 5300 636 5356 1
667 5301 801 5370 Reg.
833 5315 989 5365 xvin,
1020 5298 1105 5355 10.

2136 5437 2336 5483 centur
2386 5441 2483 5497 per
2528 5426 2843 5498 Scripturas
2887 5439 3130 5485 sanctas.
3173 5449 3192 5482 ι
3246 5429 3302 5484 1η
3343 5430 3510 5486 editis
3565 5433 3720 5487 deest

2137 5517 2157 5548 ‹
2193 5509 2430 5574 sanctas.
2489 5518 2506 5550 ι
2566 5499 2782 5574 [bidem
2823 5514 2978 5574 m_ss.,
3024 5517 3043 5550 ι
3083 5500 3451 5574 simpliciores
3509 5503 3718 5574 quique

2128 5570 2483 5622 credentium.
2524 5587 2542 5619 ι
2572 5567 2626 5621 In
2657 5569 2816 5623 editis
2848 5570 3016 5633 deest,
3049 5587 3068 5620 ι
3106 5567 3468 5624 credentium.
3505 5591 3524 5624 ι

2124 5637 2308 5759 6..(1⁸7)
2349 5637 2560 5694 Primus
2593 5641 2764 5693 codex
2804 5638 3026 5708 Regius,
3063 5639 3403 5709 ψευδολόγων
3432 5643 3529 5697 καὶ
3574 5643 3710 5697 ἀσε-

2157 5726 2250 5759 ων.

2157 5726 2305 5851 ωᾶὃ)
2346 5778 2562 5837 Primus
2588 5780 2718 5850 Reg.
2754 5780 2944 5847 codex,
2972 5780 3333 5850 ὲπαπορήσει.

531 5437 644 5510 (15)
685 5435 778 5491 Sic
808 5449 939 5510 m_ss.
962 5433 1416 5510 __E_dit_iautem_,__t
1447 5433 1620 5487 vanis.
1652 5449 1671 5483 ι
1713 5429 1891 5510 Paulo
1907 5439 2028 5510 post

462 5501 674 5574 mss.,}
709 5520 776 5560 ex
819 5503 1242 5572 simplicioribus
1289 5501 1522 5574 scilicet_
1545 5517 1756 5555 eorum.
1793 5519 1813 5553 ›
1853 5501 2022 5566 Editi,

466 5596 484 5631 ι
513 5593 580 5633 ex
604 5570 1033 5645 'sitnplicioribus
1075 5574 1398 5645 quibusque.
1418 5590 1448 5645 _»
1474 5570 1595 5645 Mox
1633 5585 1799 5645 mss.,__
1821 5588 1839 5622 ι
1871 5585 2025 5624 crea-

458 5656 577 5702 tore
607 5642 953 5702 Deo'nullum
997 5658 1136 5700 esse.
1161 5661 1180 5694 ι
1208 5642 1263 5698 In
1294 5642 1461 5697 editis
1488 5644 1673 5706 deest,
1711 5657 1730 5690 ι
1770 5643 1881 5696 Deo
1905 5658 1925 5691 ι
1966 5649 2020 5696 et

454 5734 482 5861 ι.
513 5731 654 5858 ῗίῗ
683 5733 930 5841 Sanctus.
956 5783 1114 5842 Deest
1155 5784 1209 5843 in
1241 5782 1422 5840 editis.
1452 5781 1591 5838 Infra
1633 5794 1790 5848 mss.,
1821 5799 1838 5832 ι
1875 5779 2013 5834 indi-
