3954 6414
588 376 692 432 367

1810 376 2133 431 ORIGENIS
2163 380 2324 432 ΠΕΡΙ
2361 381 2591 433 ᾹΡΧΩΝ

3719 384 3816 442 365

588 512 684 567 pro
735 483 1102 564 puriﬁcatione
1155 493 1464 550 Judteornm
1518 512 1608 552 sex
1667 498 1870 570 byth-ine
1917 501 2100 570 posita:
2131 499 2206 562 δέ

2254 500 2347 553 τοῦ
2378 501 2534 569 λόγου
2579 501 2705 573 περὶ
2734 501 2838 554 τῶν
2869 501 3019 576 παρά
3045 501 3124 575 τῷ
3159 503 3463 578 ’Δποστόλῳ
3503 507 3564 562 ἐν
3594 508 3820 580 κρυπτῷ

585 589 859 658 capientes
901 595 1156 642 metretas
1206 586 1394 654 binas,
1443 587 1526 643 vel
1570 597 1772 654 ternas,
1810 591 1862 644 in
1915 607 2044 661 quo,
2093 600 2152 646 ut

584 679 716 744 dixi,
765 679 867 734 hoc
913 678 1126 732 videtur
1172 693 1352 734 sermo
1402 682 1748 748 evangelieus
1794 681 2036 736 indicare
2084 682 2152 738 de

578 771 666 835 ,bis
698 771 790 839 qui
840 769 1094 825 dicuntur
1136 771 1189 824 in
1231 772 1443 827 occulto
1489 775 1556 826 ab
1596 771 1848 842 Apostolo
1887 773 2057 829 Juda-i
2104 775 2149 837 ⁸.

580 863 721 930 quod
773 862 825 916 lii
882 862 1236 930 purilicentnr
1294 879 1389 931 per
1433 864 1656 918 verbum
1708 864 2020 935 Scripturzu,
2059 883 2152 922 ca-

581 960 790 1025 pientes
849 959 1122 1012 interdum
1162 959 1380 1028 quidem
1435 960 1571 1014 duas
1621 970 1898 1024 metretas,
1959 962 2010 1016 id
2068 971 2150 1016 est

519 1040 522 1044 ’
578 1050 776 1102 anima:
809 1049 892 1103 vel
931 1049 1154 1119 spiritus
1191 1049 1490 1106 secundum
1524 1054 1664 1121 quod
1697 1068 1857 1120 supra
1888 1053 2146 1118 diximus,

578 1139 916 1194 intellectum
948 1139 1310 1210 recipientes;
1352 1141 1620 1196 interdum
1651 1152 1829 1196 autem
1860 1153 1993 1205 tres,
2023 1158 2146 1196 cmn

577 1232 742 1286 etiam
791 1233 1128 1300 corporalem
1159 1233 1590 1303 intelligentiam,
1621 1249 1740 1302 quae
1769 1245 1848 1288 cst
1885 1235 2144 1298 historias,

577 1339 798 1378 servare
846 1325 1012 1379 lectio
1057 1325 1124 1378 atl
1165 1325 1580 1380 :edilicationem
1626 1335 1820 1395 potest.
1867 1325 1970 1379 Sex
2021 1342 2148 1382 vero

576 1414 780 1484 hydria:
808 1424 1203 1486 consequenter
1231 1415 1350 1486 (57)
1387 1414 1545 1470 dicta:
1587 1426 1710 1471 sunt
1744 1417 1810 1471 de
1848 1415 1932 1470 bis
1961 1419 2052 1485 qui
2095 1417 2145 1470 in

578 1508 783 1561 mundo
834 1508 993 1576 positi
1047 1507 1419 1577 puriﬁcantur.
1481 1508 1536 1561 In
1595 1522 1693 1562 sex
1751 1506 1896 1561 enim
1958 1506 2147 1561 diebus

577 1599 690 1670 (qui
716 1600 984 1668 perfectus
1010 1609 1092 1654 est
1118 1601 1394 1667 numerus)
1427 1598 1685 1652 mundum
1712 1598 1854 1652 hunc
1881 1604 1934 1652 et
1962 1599 2142 1652 omnia

575 1706 696 1761 quae
735 1692 786 1744 in
817 1705 881 1746 eo
904 1701 1030 1745 sunt
1056 1690 1284 1761 legimus
1304 1699 1699 1745 consummata.
1737 1690 1948 1757 Quanta
1981 1691 2146 1760 igitur

575 1787 645 1837 sit
681 1782 884 1836 utilitas
911 1783 962 1836 in
1003 1783 1104 1837 boc
1137 1783 1310 1852 primo
1341 1797 1500 1852 quem
1532 1782 1767 1836 diximus
1793 1782 1951 1852 170
1978 1781 2144 1836 bisto-

2266 591 2548 657 Ἰουδαίων,
2583 593 2657 657 ὡς
2689 593 2794 665 ἄρα
2825 590 2964 649 οὗτοι
3005 595 3386 667 καθαρίζονται
3423 598 3509 654 διὰ
3535 598 3632 653 τοῦ
3663 599 3820 668 λόγου

2249 683 2358 736 τῶν
2397 685 2645 756 Γραᾳῶν,
2687 687 2818 738 ὅπου
2859 687 2956 756 μὲν
3003 687 3096 741 δύο
3138 689 3430 760 μετρητὰς,
3478 690 3592 755 τὸν,
3640 689 3813 744 ῖνόῢ-

2251 792 2357 838 τως
2380 775 2538 838 εἴπω,
2566 776 2793 846 ψυχικὸν
2837 778 2931 830 καὶ
2957 776 3048 832 τὸν
3097 777 3464 851 πνευματικὸν
3509 779 3670 850 λόγον
3716 798 3821 853 χω-

2251 868 2516 938 ρούντωνο
2716 869 2771 921 δὲ
2797 873 2964 940 τρεῖς,
2991 870 3112 923 ἐπεί
3145 887 3287 934 τινες
3319 871 3498 943 ἔχουσι
3547 873 3686 944 πρὸς
3711 874 3820 936 τοῖς

2250 961 2660 1032 προειρημένοις
2714 961 2826 1031 (58)
2876 962 2970 1014 καὶ
3011 963 3072 1015 τὸ
3119 964 3428 1034 σωματικὸν
3471 964 3820 1035 οἰκοδομῆσαι

2247 1051 2560 1123 δυνάμενον.
2602 1052 2698 1118 Ἐξ
2743 1053 2799 1106 δὲ
2849 1053 3024 1124 ὑδρίαι
3064 1055 3302 1123 εὐλόγως
3349 1056 3456 1110 εἰσὶ
3492 1059 3606 1120 τοῖς
3641 1059 3700 1109 ὲν
3744 1057 3821 1128 τῷ

2248 1144 2432 1216 κόσμῳ
2462 1144 2924 1217 καθαριζομένοις,
2955 1147 3234 1218 γενομένῳ
3263 1148 3375 1219 (59)
3409 1151 3465 1202 ὲν
3489 1149 3820 1221 ἐξ,ημέραις

2248 1235 2460 1307 ἀριθμῷ
2503 1237 2711 1308 τελείῳ.
2770 1239 2898 1291 Ἀπὸ
2943 1239 3040 1309 μὲν
3080 1235 3174 1293 οὖν
3217 1239 3314 1310 τῆς
3347 1239 3567 1313 πρώτης
3594 1241 3820 1312 ὲκδοχῆς

2260 1327 2353 1380 καὶ
2383 1327 2522 1380 κατά
2552 1327 2708 1382 τοῦτο
2739 1329 3068 1402 ὠφελούσης,
3089 1332 3172 1384 ὅτι
3216 1331 3358 1385 ἔστιν
3401 1331 3648 1398 ὄνασθαι,
3682 1351 3823 1406 μαρ-

2245 1419 2487 1489 τυρεῖτά
2513 1420 2690 1492 πλήθη
2721 1421 2826 1476 τῶν
2861 1424 3095 1493 γνησίως
3119 1426 3212 1478 καὶ
3245 1425 3612 1498 ἁπλούστερον
3663 1443 3820 1479 πεπι-

2247 1509 2545 1563 στευκότων
2569 1527 2582 1539 ⁸
2627 1512 2723 1582 τῆς
2752 1511 2807 1564 δὲ
2835 1512 2911 1575 ὡς
2939 1512 3004 1566 ἀν
3035 1517 3112 1578 εἰς
3135 1514 3313 1588 ψυχὴν
3341 1517 3687 1588 ἀναγομένης
3709 1518 3821 1589 (40)

2245 1599 2569 1672 διηγήσεως,
2621 1603 2968 1676 παράδειγμα
3013 1607 3072 1658 τὸ
3118 1609 3268 1679 παρά
3313 1608 3389 1679 τῷ
3425 1610 3623 1682 Παύλῳ
3654 1613 3714 1664 ὲν
3750 1615 3818 1683 τῇ

2243 1690 2432 1766 πρώτῃ
2465 1694 2599 1765 πρὸς
2640 1695 2954 1767 Κορινθίους
2987 1697 3253 1768 κείμενον.
3291 1718 3310 1750 ι
3350 1701 3662 1772 Γέγραπται
3688 1703 3822 1775 γὰρ,

2244 1785 2426 1855 φησιν,
2456 1787 2529 1838 Οὐ
2577 1786 2840 1857 φιμώσεις
2867 1789 2992 1860 βοῦν
3040 1790 3304 1845 ἀλοῶντα.
3342 1810 3360 1842 ι
3423 1795 3657 1848 Ἔπειτα
3703 1796 3823 1868 διη-

574 1876 693 1929 riali
734 1874 1038 1939 intellectu,
1072 1873 1384 1927 testimonio
1411 1882 1495 1927 est
1522 1872 1764 1926 omnium
1794 1872 2136 1925 credentium
2175 1861 2206 1914 Π

2249 1877 2510 1948 γούμενος
2561 1879 2747 1932 τοῦτον
2799 1882 2887 1934 τὸν
2921 1883 3082 1952 νόμον
3137 1883 3266 1953 (41),
3318 1885 3603 1958 ἐπιφέρειο
3655 1907 3674 1941 ι
3723 1861 3820 1963 ιιιῆ

576 1967 886 2030 multitudo,
917 1981 1034 2036 quae
1063 1974 1118 2021 et
1152 1968 1284 2020 satis
1315 1965 1541 2018 ﬁdeliter
1569 1975 1622 2019 ct
1656 1965 1981 2035 simpliciter
2015 1981 2132 2019 cre-

2249 1969 2350 2021 τῶν
2386 1968 2520 2038 βοῶν
2552 1970 2698 2040 μέλει
2719 1971 2795 2042 τῷ
2818 1972 2971 2044 Θεῷ;
3007 1975 3078 2026 Ἦ
3110 1974 3177 2027 δι’
3210 1976 3355 2047 ἡμᾶς
3393 1979 3609 2044 πάντως
3631 1980 3820 2049 λέγεις

569 2061 674 2120 ‘rlit,
722 2074 822 2114 nec
868 2059 1036 2113 multa
1067 2059 1365 2113 assertione
1412 2058 1615 2128 indiget
1641 2060 1782 2129 quod
1813 2059 1984 2128 palam
2019 2074 2138 2112 om-

2249 2060 2318 2112 Δι’
2349 2061 2495 2130 ἡμᾶς
2530 2061 2638 2133 γὰρ
2675 2064 2907 2134 ἐγράφη,
2941 2065 3022 2118 ὅτι
3053 2065 3254 2136 ὀφείλει
3289 2069 3374 2120 ἐπ’
3403 2069 3580 2124 ἐλπίδι
3617 2073 3646 2124 6
3686 2073 3821 2144 ἀρσ-

573 2152 734 2204 nilms
781 2161 946 2220 patet.
1003 2150 1131 2218 Ejus
1183 2164 1310 2203 vero
1361 2149 1727 2220 intelligentia:
1775 2164 1937 2218 quam
1993 2150 2137 2204 velut

2249 2153 2408 2222 τριῶν
2438 2154 2714 2225 ἀροτριᾷν,
2749 2158 2841 2210 καὶ
2881 2158 2910 2208 ὁ
2962 2157 3135 2211 ἀλοῶν
3171 2160 3256 2212 ἐπ’
3291 2159 3462 2214 ἐλπίδι
3507 2162 3603 2216 τοῦ
3652 2165 3822 2234 μετέ-

573 2242 806 2294 animant
861 2255 984 2295 esse
1038 2239 1332 2310 Scriptura:
1380 2255 1544 2310 supra
1591 2241 1862 2306 diximus,
1896 2241 2136 2311 exempla

2249 2262 2373 2316 χειν.
2419 2265 2435 2296 ι
2475 2248 2582 2299 Καὶ
2627 2247 2870 2301 πλεῖσται
2900 2249 2956 2302 δὲ
3006 2253 3431 2324 περιφερόμεναι
3463 2258 3578 2318 τοῖς
3617 2256 3824 2328 πλήθε-

573 2333 730 2387 noliis
759 2333 1157 2404 quamplurima
1210 2334 1357 2389 dedit
1407 2334 1686 2403 apostolus
1731 2333 1950 2398 Paulus,
1997 2336 2138 2390 sicut

2249 2353 2325 2388 σιν
2386 2337 2715 2407 ἀρμόζουσαι
2768 2340 3052 2411 ἑρμηνεῖαι
3119 2342 3212 2394 καὶ
3263 2345 3643 2416 οίκοδομοῦσαι
3688 2349 3824 2412 τοὺς

569 2437 652 2478 est
702 2427 754 2480 in
792 2428 961 2496 prima
993 2427 1232 2495 Epistola
1273 2427 1338 2478 ad
1370 2426 1708 2481 Corinthios.
1746 2427 2021 2496 Scriptum
2055 2436 2137 2482 est

2249 2428 2584 2500 ὑψηλοτέρων
2620 2431 2834 2484 ἀκούειν
2867 2431 2941 2504 μὴ
2973 2432 3318 2504 δυναμένους,
3368 2437 3460 2492 τὸν
3503 2439 3666 2492 αὐτόν
3696 2456 3824 2502 πως

570 2520 713 2572 enim
762 2533 778 2571 :
824 2537 842 2569 ι
901 2518 1014 2573 Non
1065 2521 1362 2576 inl'renabis
1406 2523 1596 2576 bovem
1647 2523 1988 2576 triturantetn
2025 2523 2065 2576 ⁸.
2111 2540 2130 2573 ι

2249 2521 2364 2592 ἔχου
2373 2539 2423 2574 σι
2450 2523 2788 2595 χαρακτῆρα.

571 2615 722 2668 'l‘unc
765 2616 960 2671 deinde
1006 2617 1299 2684 explanans
1341 2617 1576 2686 qualiter
1631 2629 1955 2688 prazceptum
2011 2618 2152 2672 istntl
2207 2617 2425 2672 deberet
2459 2617 2700 2686 intelligi,
2747 2619 2895 2674 addit
2941 2621 3124 2678 dicens
3157 2638 3172 2677 :
3210 2642 3230 2676 ι
3277 2623 3526 2692 Nunqnid
3589 2624 3659 2680 de
3710 2624 3820 2678 bo-

569 2715 667 2767 bus
701 2729 826 2767 cura
877 2725 957 2767 est
1011 2715 1152 2769 Deo?
1199 2717 1280 2768 An
1315 2724 1532 2785 propter
1578 2731 1674 2770 nos
1722 2717 1907 2786 utique
1950 2713 2489 2785 dicitiProptereos
2518 2715 2660 2769 enim
2689 2717 2952 2787 scriptum
3015 2728 3120 2786 est,
3179 2721 3303 2790 quia
3349 2721 3507 2776 debet
3552 2721 3644 2789 qui
3693 2728 3824 2774 arat

569 2807 620 2858 in
662 2821 758 2875 spe
810 2821 989 2872 arare,
1050 2817 1104 2862 et
1163 2807 1252 2876 qni
1302 2810 1539 2873 triturat,
1606 2808 1656 2862 in
1706 2823 1802 2878 spe
1849 2807 2200 2878 percipiendi.
2257 2826 2276 2858 ι
2313 2807 2417 2861 Sed
2487 2815 2542 2860 ct
2606 2807 2708 2860 alia
2759 2807 3058 2877 bnjusmodi
3096 2811 3489 2881 quamplurima
3535 2824 3659 2880 qua!
3705 2809 3821 2865 hoc

563 2900 724 2957 modo
778 2909 904 2955 sunt
958 2902 1306 2969 interpretata
1369 2904 1436 2956 de
1493 2902 1639 2971 lege,
1675 2902 2082 2957 instructionem
2122 2899 2572 2971 quamplurimum
2603 2901 2945 2955 audientibus
2973 2901 3278 2956 conferunt.

638 2994 726 3046 15.
759 2992 1030 3061 Spiritalis
1066 3002 1242 3045 autem
1276 2992 1587 3061 explanatio
1626 3003 1708 3047 est
1749 2991 1892 3057 talis,
1919 2993 1961 3044 si
2009 2991 2128 3061 quis

2306 2988 2655 3061 Πνευματικὴ
2704 2989 2760 3044 δὲ
2805 2990 3054 3062 διήγησις
3099 2990 3176 3061 τῷ
3207 2990 3490 3064 δυναμένῳ
3531 2990 3821 3058 ἀποδεῖξαι

566 3093 741 3152 potest
767 3085 1058 3138 ostendere
1097 3099 1329 3155 quorum
1368 3085 1674 3140 caelestium
1726 3085 2127 3154 exemplaribus
2169 3153 2197 3158 _

2249 3081 2400 3135 τοίων
2458 3083 2791 3154 ἐπουρανίων
2839 3083 3191 3154 ὑποδείγματι
3235 3085 3328 3138 καὶ
3392 3086 3521 3158 σκιᾷ
3567 3087 3618 3138 οί
3668 3085 3822 3139 κατά

565 3185 620 3228 et
653 3175 855 3230 umbrat
885 3153 1198 3230 deserviunt
1230 3175 1282 3229 lii
1319 3176 1408 3245 qui
1451 3175 1745 3229 secundum
1781 3153 2000 3230 carnem
2030 3173 2126 3230 Ju-
2157 3153 2199 3211 ο

2249 3178 2412 3248 τάρκα
2475 3177 2713 3231 Ἰουδαῖοι
2760 3177 3046 3250 ἐλάτρευον
3070 3195 3085 3208 ·
3140 3180 3231 3232 καὶ
3285 3179 3443 3233 τίνων
3507 3180 3821 3251 μελλόντων

565 3271 662 3322 (1τεί
688 3277 832 3330 sunt,
863 3276 916 3322 et
946 3282 1172 3336 quorum
1209 3266 1511 3320 futurorum
1550 3266 1794 3322 umbram
1835 3268 1918 3322 lex
1944 3269 2124 3331 habet,

2249 3269 2454 3339 ὶγαθῶν
2501 3271 2528 3323 6
2573 3270 2735 3342 νόμος
2781 3269 2892 3340 ἔχει
2942 3268 3121 3326 σκιάν.
3172 3271 3281 3324 Καὶ
3328 3271 3667 3336 ἁπαξαπλῶς
3723 3275 3823 3326 ἐπὶ

563 3371 619 3414 et
647 3361 690 3415 si
718 3375 824 3432 qua
852 3361 1161 3428 ltujusmodi
1197 3361 1249 3415 in
1283 3361 1584 3432 Scriptnris
1606 3363 1809 3419 sanctis
1840 3363 2127 3418 inveniun-

2249 3366 2450 3418 τάντων
2478 3363 2617 3416 κατά
2651 3363 2750 3435 τὴν
2790 3362 3146 3435 ἀποστολικην
3188 3363 3517 3432 ἐπαγγελίαν
3548 3363 3824 3435 ζητητέον

565 3466 686 3521 tur;
735 3453 817 3509 vel
872 3469 995 3509 eum
1050 3454 1345 3522 requiritur
1374 3469 1493 3524 qua
1533 3455 1604 3510 sit
1640 3455 1730 3510 illa
1776 3457 2044 3526 sapientia
2075 3457 2126 3511 lu

2249 3454 2429 3523 rocpiav
2483 3455 2541 3506 ὲν
2599 3453 2878 3524 μυστηρίῳ
2923 3453 3022 3525 τὴν
3077 3455 3611 3525 ἀποκεκρυμμένην,
3664 3474 3684 3506 ι
3751 3455 3823 3526 ἣν

564 3548 827 3618 mysterio
870 3549 1184 3602 abscondita
1237 3567 1257 3600 ι
1315 3563 1474 3616 quam
1521 3549 1924 3618 praedestinavit
1985 3549 2128 3605 Deus

2249 3545 2534 3618 προώρισεν
2560 3548 2587 3599 6
2621 3545 2754 3606 Θεὸς
2779 3546 2883 3618 πρὸ
2921 3545 3028 3598 τῶν
3063 3545 3272 3600 αῐώνων
3292 3549 3371 3610 είς
3397 3546 3557 3611 δόξαν
3585 3548 3698 3601 τῶν
3735 3549 3821 3602 δι-

564 3648 690 3693 ante
717 3638 909 3693 secula
936 3639 990 3691 in
1026 3638 1253 3708 gloriam
1291 3651 1556 3704 nostram,
1588 3655 1751 3710 quam
1785 3655 1942 3695 nemo
1978 3641 2130 3711 prin-

2249 3637 2432 3690 taiwv'
2475 3637 2542 3707 ἢν
2580 3636 2754 3699 οὐδεὶς
2795 3635 2903 3688 τῶν
2949 3636 3220 3706 ἀρχόντων
3260 3635 3352 3689 τοῦ
3387 3635 3582 3700 αἰῶνος
3616 3637 3823 3691 τούτου

562 3732 746 3798 cipum
808 3729 968 3799 bujus
1013 3729 1192 3784 saeculi
1226 3732 1560 3801 cognovit";
1621 3752 1637 3782 ι
1691 3731 1770 3786 vel
1808 3733 1935 3786 illud
1982 3733 2126 3802 quod

2249 3730 2450 3796 ζγνωκε.
2489 3748 2508 3778 ι
2555 3729 2691 3799 Φησὶ
2737 3725 2792 3780 δέ
2835 3744 2938 3779 που
2979 3727 3007 3779 6
3045 3727 3204 3789 αὐτὸς
3243 3726 3564 3791 Ἀπόστολος
3600 3729 3827 3799 χρησά-

563 3825 696 3876 dicit
729 3821 844 3891 ipse
874 3821 1189 3890 Apostolus,
1216 3837 1342 3878 cum
1381 3825 1642 3893 exemplis
1670 3825 1989 3894 quibusdam
2021 3827 2126 3880 uti-

2249 3820 2395 3883 ιενός
2423 3837 2532 3872 τισι
2580 3822 2762 3890 ῥητοῖς
2812 3819 2919 3872 ἀπὸ
2969 3820 3067 3889 τῆς
3133 3818 3341 3885 Ἐξόδου
3397 3819 3509 3889 (49.)
3549 3821 3644 3873 καὶ
3697 3820 3821 3874 τῶν

564 3927 651 3968 Ιιιι·
693 3915 759 3968 de.
809 3913 1013 3978 Evado,
1044 3914 1129 3969 vel
1174 3914 1445 3976 Numeris.
1483 3928 1536 3970 et
1583 3918 1656 3971 ait
1701 3918 1825 3987 quia
1869 3935 1887 3968 ι
1929 3919 2042 3972 hzec
2071 3919 2122 3972 in

2249 3910 2536 3983 Ἀριθμῶν,
2564 3912 2644 3964 ὅτι
2681 3929 2700 3961 ι
2739 3911 2912 3964 ταῦτα
2936 3909 3177 3972 τυπικῶς
3200 3910 3509 3963 συνέϐαινεν
3539 3911 3817 3974 ἐκείνοιςσ

566 4009 734 4074 lignra
781 4005 1176 4076 contingebant
1221 4005 1344 4072 illis,
1393 4009 1594 4077 scripta
1627 4017 1754 4062 sunt
1785 4021 1963 4067 autem
2002 4025 2123 4077 pru-

2249 4004 2441 4074 ιγράῳη
2472 4002 2529 4055 δὲ
2555 4003 2620 4055 δι’
2642 4003 2787 4072 ἡμᾶς
2812 4005 2892 4065 είς
2927 4002 3020 4066 οὓς
3051 4002 3120 4056 τὰ
3148 4002 3273 4071 τέλη
3297 4001 3404 4055 τῶν
3430 4002 3643 4055 αἰώνων
3671 4019 3823 4056 κατ-

562 4107 684 4165 pter
714 4110 810 4150 nos
835 4097 890 4150 in
923 4111 1065 4165 quos
1095 4097 1227 4150 lines
1253 4099 1571 4152 saeculorum
1616 4098 1951 4169 devenerunt
1993 4099 2044 4164 ⁸;
2097 4115 2117 4148 ι

2249 4111 2445 4164 λντηκε.
2505 4113 2523 4145 ›
2587 4095 2694 4146 Καὶ
2745 4093 2998 4164 ἀψορμάς
3044 4093 3224 4147 δίδωσι
3273 4092 3366 4146 τοῦ
3411 4094 3572 4146 τίνων
3622 4096 3823 4148 ἐκεῖνα

561 4199 615 4239 et
648 4189 991 4243 occasionem
1022 4189 1177 4244 nobis
1215 4201 1438 4260 prmstat
1475 4191 1861 4260 intelligentiw,
1910 4197 1968 4243 ut
1995 4203 2122 4259 pos-

2249 4185 2384 4238 ;ύποι
2415 4185 2724 4256 ἐτύγχανον,
2743 4184 2915 4253 λέγων
2939 4202 2951 4214 ο
2991 4203 3008 4236 ι
3038 4187 3258 4238 Ἐπινον
3285 4185 3392 4256 γὰρ
3416 4186 3480 4238 ἐκ
3509 4203 3825 4255 πνευματι-

559 4285 731 4335 sinms
759 4281 1042 4335 advertere
1073 4296 1302 4351 quorum
1343 4281 1530 4351 ﬁgura:
1551 4291 1706 4336 erant
1741 4281 1842 4334 ista
1874 4296 1994 4349 qua:
2021 4281 2124 4334 illis
2157 4299 2198 4351 ι)

2249 4277 2332 4345 ti;
2369 4277 2764 4348 ἀκολουθούσης
2819 4277 3026 4348 πέτρας
3063 4278 3196 4348 (45),
3240 4280 3274 4350 η
3317 4277 3375 4332 δὲ
3421 4278 3600 4350 πέτρα
3644 4274 3726 4348 ἦν
3787 4279 3820 4331 6

1760 4369 2317 4447 INTERPRETATIO
2351 4391 2564 4448 NOVA.

563 4485 846 4538 iuvolucro
869 4486 1184 4553 designatur
1217 4500 1308 4536 eos
1333 4485 1424 4551 qui
1479 4486 1615 4550 apud
1644 4485 1956 4552 Apostolum
1995 4485 2046 4534 in
2080 4485 2293 4537 occulto
2339 4482 2508 4537 Jnda-i
2541 4493 2688 4545 sunt,
2716 4482 2989 4552 pttrilicari
3021 4497 3117 4549 per
3143 4481 3477 4549 Scripturas,
3514 4480 3826 4553 aliquando

562 4556 721 4609 binas
758 4552 1018 4608 metretas
1051 4557 1351 4622 capientes,
1385 4555 1435 4606 id
1482 4565 1586 4620 est,
1625 4564 1682 4606 ut
1713 4555 1794 4607 sic
1839 4555 2309 4622 dicam,_animatn
2357 4565 2412 4608 et
2457 4555 2752 4622 spiritum;
2800 4554 3094 4621 aliquando
3141 4561 3337 4611 ternas.
3373 4567 3496 4605 cum
3529 4552 3826 4606 nmttmllzn

560 4637 757 4690 ιιι-(ιιιον
787 4627 1066 4695 praedicta,
1101 4609 1350 4678 liabeant'
1383 4625 1548 4677 etiam
1572 4609 1778 4692 'corpus
1818 4625 1960 4695 quod
1993 4609 2266 4676 tedilicare
2311 4609 2511 4695 potest:
2562 4622 2670 4695 Segt
2717 4609 2907 4695 autem
2945 4622 3148 4692 hydria:
3191 4609 3385 4695 merito
3431 4631 3576 4695 sunt;
3600 4635 3711 4688 pro
3749 4624 3824 4676 iis

557 4696 654 4764 qui
704 4695 757 4747 in
789 4692 1003 4749 'mundo
1037 4695 1396 4764 put'illcantur
1441 4697 1656 4748 condito
1687 4709 1783 4748 sex
1819 4693 2031 4764 diebus,
2071 4692 2324 4764 numero‘
2347 4693 2606 4763 perfecto.
2639 4693 2874 4747 Primam
2925 4706 3056 4764 ergo
3075 4692 3476 4764 expositionem
3510 4692 3677 4745 etiam
3715 4705 3830 4759 per

560 4760 618 4818 se
649 4765 836 4817 utilem
872 4779 994 4818 esse
1029 4760 1208 4835 posse,
1247 4773 1476 4819 testatur
1502 4779 1688 4819 eorum
1723 4763 2014 4835 multitudo
2055 4765 2144 4831 qui
2187 4760 2499 4835 ingeniteet
2546 4764 2866 4835 simpliciter
2897 4761 3293 4835 crediderunt;
3340 4760 3484 4835 illius
3519 4775 3650 4835 vero
3678 4777 3826 4832 qua:

557 4835 728 4887 veluti
781 4835 847 4888 ad
878 4831 1114 4890 animam
1152 4836 1345 4890 referri
1393 4842 1598 4902 potest,
1630 4833 1935 4900 exemplum
1973 4842 2059 4886 est
2109 4831 2260 4900 quod
2297 4834 2438 4902 apttd
2471 4833 2698 4888 Paulum
2750 4833 2802 4886 in
2849 4836 3024 4901 prima
3068 4833 3133 4884 ad
3172 4831 3489 4885 Corinthios
3540 4831 3826 4885 habetur.

562 4923 580 4954 ι
623 4905 898 4974 Scriptum
945 4914 1030 4959 est
1072 4906 1238 4970 enim,
1277 4901 1470 4974 inquit,
1509 4903 1626 4958 Non
1678 4903 1920 4971 alligabis
1967 4918 2027 4956 os
2073 4902 2193 4955 bovi
2231 4901 2522 4974 trituranti.
2580 4903 2858 4974 rDeiude
2889 4902 3061 4970 legem
3112 4901 3247 4954 lianc
3277 4901 3559 4968 explicans
3599 4902 3768 4954 addit
3806 4917 3826 4956 ε

563 4991 583 5027 ι
621 4969 874 5043 Nunquid
925 4976 991 5028 de
1022 4977 1196 5030 bobus
1225 4969 1366 5028 cura
1401 4987 1484 5028 est
1522 4974 1669 5028 Deo?
1717 4969 1797 5026 An
1831 4983 2050 5043 propter
2080 4986 2177 5026 nos
2211 4973 2393 5041 utique
2445 4974 2548 5026 boc
2594 4971 2764 5043 dicit?
2813 4969 2963 5043 Nam
2997 4981 3220 5043 prapter
3265 4985 3366 5022 IIOs
3404 4974 3670 5043 scriptum
3729 4981 3829 5043 est

556 5039 811 5113 quoniam
846 5045 1009 5100 debet
1038 5047 1089 5098 in
1123 5060 1219 5115 spe
1253 5045 1345 5114 qui
1372 5054 1508 5109 arat,
1541 5053 1800 5115 arare,et
1833 5039 2180 5110 qui—triturat
2227 5045 2277 5095 in
2309 5039 2406 5115 spe
2448 5042 2802 5115 percipiendi.
2842 5059 2862 5092 ι
2901 5039 3033 5094 Tum
3070 5039 3313 5115 plurima-
3353 5053 3474 5109 qna:
3502 5040 3834 5115 circumfe-

559 5110 754 5170 runtur
791 5116 1126 5170 multitudini
1153 5110 1542 5176 accommodaz,
1573 5124 1626 5167 et
1655 5113 1984 5166 aediﬁcantes
2013 5127 2110 5167 eos
2150 5115 2243 5182 qui
2271 5110 2466 5167 altiora
2498 5110 2798 5183 intelligere
2838 5120 3132 5181 nequeunt,
3172 5110 3675 5179 interpretationes.
3712 5126 3827 5165 ea-

557 5188 678 5239 dem
708 5187 1100 5253 propemodum
1126 5185 1302 5238 lorma
1332 5193 1387 5237 et
1411 5185 1733 5237 charactere
1761 5190 1908 5235 sunt.

630 5247 722 5310 15.
757 5247 828 5307 At
856 5255 1125 5324 spiritalis
1154 5257 1422 5322 expositio
1455 5254 1595 5306 illius
1628 5262 1710 5306 est
1761 5251 2096 5324 propriaqui
2130 5252 2728 5324 demonstrarepotest
2753 5263 2981 5324 quarum
3024 5247 3331 5324 cmlestium
3355 5267 3358 5270 ί
3381 5247 3832 5324 rer_um_si_mili-

555 5327 727 5380 tudini
765 5337 818 5379 et
858 5318 1063 5380 n'mbra:
1089 5318 1258 5377 Judaei
1289 5327 1583 5377 secundum
1613 5318 1831 5375 cari-tem
1861 5318 2155 5386 servirent,
2181 5335 2235 5376 et
2261 5338 2488 5393 quorum
2517 5318 2825 5376 futurorum
2857 5320 3119 5393 bonorum
3171 5322 3419 5393 umbram
3464 5320 3546 5393 lex
3573 5318 3829 5393 habent.

552 5402 654 5460 Ac,
687 5405 746 5451 ut
794 5404 1108 5450 summatim
1156 5394 1355 5457 dicam,
1389 5393 1441 5446 in
1497 5395 1748 5446 oumibus
1804 5394 2102 5447 secundum
2143 5389 2384 5462 Apostoli
2429 5402 2754 5462 praeceptum
2797 5391 3242 5461 requirenda-est
3289 5391 3555 5460 sapientia
3581 5389 3642 5443 iu
3681 5405 3827 5459 my-

1401 5513 1421 5542 ⁶
1452 5512 1468 5564 |
1498 5510 1625 5566 Cor.
1659 5528 1736 5576 ιλ,
1761 5510 1814 5566 9.
1891 5511 1910 5541 ⁷
1937 5512 1953 5564 l
1978 5516 2102 5565 Cur.
2138 5528 2202 5577 ιι,
2238 5513 2291 5566 7.
2365 5511 2427 5565 ⁸1
2456 5511 2582 5566 Cor.
2611 5525 2667 5574 ι,
2706 5509 2793 5564 ll.
2950 5565 2953 5569 ,
3032 5567 3038 5573 ,

645 5638 738 5705 37)
780 5643 854 5690 tta
887 5649 1018 5689 mss.
1055 5634 1199 5705 Editi
1231 5648 1357 5688 vero
1389 5653 1402 5688 ι
1443 5653 1462 5685 ι
1502 5636 1906 5690 convenienter.
1956 5653 1974 5685 ι

2302 5633 2413 5705 (4.1)
2455 5633 2667 5687 Primus
2695 5634 2816 5705 eqd.
2854 5631 3012 5700 lleg.,
3039 5629 3226 5705 νόμον.
3255 5627 3510 5705 ’[Ξεῑηιιε,
3535 5621 3747 5680 τόπον.

684 5697 740 5776 8)
778 5707 922 5760 ltlem
956 5747 971 5770 ,
1002 5704 1326 5775 εἰρημένοις.

2301 5697 2412 5776 (ﬁl
2457 5705 2546 5758 Sic
2581 5719 2710 5758 mss.
2743 5697 2999 5776 Till'itltt—s,
3031 5697 3136 5776 ὑπὸ
3165 5697 3512 5776 τῆςᾟςόδου.

781 5779 920 5851 idem
952 5761 969 5826 ξ
997 5761 1414 5851 γεγενημένῳ..-
1473 5846 1514 5851 _
1581 5848 1590 5851 _
1767 5846 1777 5851 _
1911 5845 1922 5851 _

2280 5761 2414 5851 _(45l
2459 5776 2550 5833 Sic
2602 5789 2743 5837 tusis...
2771 5761 3030 5840 .Tartnu's,
3065 5761 3245 5825 ἔπινον
3293 5761 3364 5834 ἐξ
3396 5761 3837 5841 ἀκολουθούσης

625 5844 736 5919 (40)
779 5849 852 5907 lu
885 5847 990 5902 duo
1023 5844 1235 5902 codices
1262 5844 1430 5914 ltegii.
1473 5846 1726 5913 Tarinus,
1755 5845 2044 5917 ἀγομένης.

2249 5844 2446 5916 πέτρας.

619 5516 645 5550 δ
673 5514 833 5576 Joan.
868 5530 928 5568 ιι.
1009 5513 1032 5544 ⁸
1058 5512 1220 5567 Rom.
1258 5527 1320 5566 tt.
