3954 6414
541 311 650 370 583
717 312 725 322 ’
1763 311 2083 372 οιιιῦΕΝιε
2112 313 2131 365 1

2235 313 2269 366 ⁵1
2297 311 2532 366 APan
2550 369 2553 374 ι
3686 301 3788 356 581

542 429 700 486 sione
723 438 829 496 est,
849 440 1030 503 posset
1045 431 1237 506 aliquis
1265 417 1518 492 revocare
1540 433 1861 506 prasputium
1879 435 1904 490 2
1922 434 2125 501 Tertio,

2235 433 2463 504 ἱστορίᾳ,
2511 431 2606 486 καὶ
2645 433 2712 503 τῇ
2756 426 2897 486 κατά
2942 428 3002 483 τὸ
3046 425 3210 502 ῥητὸν
3242 424 3522 500 χρησίμων
3575 423 3800 493 νομοθε-

545 521 690 589 quod
744 535 894 580 certe
922 525 1038 580 ﬁeri
1089 527 1140 580 id
1191 529 1336 582 omni
1378 541 1576 598 genere
1631 527 1966 598 impossibile
2013 537 2119 584 est.
2229 524 2480 595 σίᾳ(95).

546 613 673 670 Haec
697 626 874 670 autem
909 618 1087 672 omnia
1121 633 1152 673 a
1181 620 1337 676 nobis
1381 621 1523 675 dicta
1575 627 1738 683 su'nt,
1771 603 1829 674 ut
1856 619 2202 674 ostendamus
2233 619 2358 687 quia
2392 617 2479 672 hic
2536 624 2856 685 prospectus
2903 621 2984 668 est
3029 609 3264 682 Spiritus
3305 608 3504 674 sancti,
3557 607 3655 679 qui
3701 624 3797 664 no-

548 706 630 760 bis
657 707 963 778 Scripturas
994 709 1203 766 divinas
1242 711 1445 766 donare
1475 710 1726 780 dignatus
1748 719 1849 774 est,
1883 699 1990 764 non
2017 716 2074 763 ut
2107 723 2172 762 ex
2200 710 2314 763 sola
2371 707 2572 770 littera,
2616 704 2701 759 vel
2753 703 2805 758 in
2837 703 3088 758 omnibus
3133 717 3201 756 ex
3262 715 3327 756 ca
3357 701 3620 757 aediﬁcari
3669 717 3796 771 pos-

549 805 739 869 simus,
768 821 928 875 quam
971 804 1284 875 frequenter
1317 805 1700 875 impossibilem
1763 820 1861 861 nec
1900 803 2251 859 suﬁicientem
2316 803 2418 859 sibi
2469 802 2664 855 adesse
2715 796 3198 869 deprehendimus;
3235 796 3286 850 id
3319 804 3431 859 est,
3487 809 3590 866 per
3636 811 3794 864 quam

549 897 818 951 interdum
852 893 1174 953 non'solum
1235 899 1645 964 irrationabilia,
1715 913 1900 952 verum
1956 896 2120 951 etiam
2177 894 2530 964 impossibilia
2572 893 2957 960 designantur;
3004 888 3097 943 sed
3149 895 3208 941 ut
3257 885 3622 957 intelligamus
3668 897 3799 940 con-

546 994 694 1039 texta
721 1002 841 1042 esse
867 986 1112 1056 quaedam
1151 988 1280 1043 huic
1326 989 1524 1044 visibili
1589 989 1847 1056 historiae,
1901 1003 2020 1058 qua:
2074 987 2298 1042 interius
2335 987 2680 1043 considerata
2729 991 2784 1039 et
2835 981 3109 1036 intellecta
3165 978 3349 1036 utilem
3402 977 3712 1032 hominibus
3767 985 3799 1026 ο

548 1077 662 1133 Deo
695 1079 913 1148 dignam
949 1080 1228 1150 proferunt
1251 1081 1446 1152 legem.

622 1173 708 1230 19.
738 1175 815 1229 Ne
839 1177 963 1246 quis
991 1187 1170 1232 autem
1208 1179 1511 1244 suspicetur
1528 1197 1625 1236 nos
1647 1182 1748 1237 hoc
1768 1181 1946 1236 dicere
1980 1179 2120 1250 (99.),

551 1267 679 1338 quia
714 1268 915 1322 nullam
950 1270 1230 1324 historiam
1275 1271 1569 1344 Scriptura:
1596 1275 1792 1329 lactant
1839 1288 1956 1329 esse
2000 1288 2124 1328 sen-

553 1359 780 1426 tiamus,
837 1362 1092 1431 quoniam
1121 1361 1298 1430 aliqua
1331 1380 1394 1418 cx
1434 1365 1517 1419 his
1551 1381 1652 1419 non
1692 1366 1828 1419 facta
1867 1380 1987 1420 esse
2033 1381 2127 1419 su-

547 1451 858 1521 spicamur;
894 1453 975 1508 vel
1002 1455 1144 1509 nulla
1177 1464 1442 1525 pra-cepta
1475 1456 1608 1527 legis
1651 1459 1943 1511 secundum
1979 1455 2125 1510 litte‘

554 1560 670 1599 ram
703 1555 872 1611 stare,
905 1547 1158 1615 quoniam
1205 1549 1445 1618 quaedam
1502 1549 1794 1603 secundum
1824 1564 1942 1604 eam
1987 1549 2124 1604 diei-

552 1651 678 1691 mus
699 1639 902 1692 servari
935 1653 1037 1692 non
1062 1648 1240 1708 posse,
1288 1637 1339 1692 iu
1383 1637 1583 1708 quibus
1613 1639 1694 1694 vel
1728 1640 1888 1701 ratio,
1931 1639 2012 1695 vel
2043 1638 2121 1694 rci

556 1728 885 1796 possibilitas
931 1745 1035 1786 non
1085 1732 1351 1798 admittit;
1387 1732 1470 1786 vel
1501 1747 1562 1786 ea
1593 1746 1710 1799 qua:
1740 1732 1803 1786 de
1841 1729 2122 1787 Salvatore

551 1819 755 1889 scripta
789 1829 936 1885 sunt,
966 1838 1068 1877 non
1096 1833 1286 1892 putare
1316 1824 1478 1879 etiam
1505 1823 1838 1878 sensibiliter
1866 1823 2076 1894 impleta
2103 1841 2120 1891 ;

553 1910 641 1965 vel
680 1924 946 1982 przecepta
992 1914 1111 1983 ejus
1137 1917 1436 1971 secundum
1492 1917 1727 1972 litteram
1782 1931 1888 1972 non
1937 1917 2132 1972 debere

555 2004 762 2056 servari
803 2021 817 2059 :
868 1995 1303 2075 respondendum
1331 2022 1459 2078 ergo
1491 2017 1572 2062 est
1619 2007 1875 2076 quoniam
1907 2023 1936 2062 a
1972 2008 2131 2062 nobis

555 2095 832 2150 evidenter
867 2096 1193 2163 decernitur,
1249 2099 1301 2152 in
1351 2099 1766 2168 quamplurimis
1817 2099 2026 2154 servari
2078 2107 2132 2155 ct

561 2200 718 2253 posse
767 2197 823 2242 ct
865 2197 1113 2257 oportere
1174 2189 1413 2244 historia:
1473 2191 1779 2245 veritatem.
1819 2190 1953 2256 Quis
1987 2190 2128 2244 enim

2295 1174 2410 1228 'lva
2425 1172 2480 1226 δὲ
2497 1171 2570 1243 μὴ
2588 1169 2825 1241 ὑπολάϐῃ
2838 1186 2920 1232 τις
2935 1167 3079 1239 ἡμᾶς
3095 1166 3188 1220 ἐπὶ
3202 1167 3418 1222 πάντων
3426 1163 3585 1220 τοῦτο
3597 1163 3815 1234 λέγεινὶ

2224 1269 2305 1322 ὅτι
2337 1266 2566 1337 οὐδεμία
2598 1264 2807 1335 ἱστορία
2837 1263 3077 1332 γέγονεν,
3111 1261 3232 1314 ἐπεὶ
3257 1263 3340 1326 τὶς
3371 1261 3431 1314 οὐ
3464 1260 3679 1331 γέγονεο
3709 1260 3803 1315 καὶ

2225 1359 2452 1431 οὐδεμία
2478 1358 2767 1428 νομοθεσία
2787 1358 2927 1412 κατά
2948 1356 3008 1410 τὸ
3033 1355 3193 1428 ῥητὸν
3214 1355 3452 1426 τηρητὲα
3472 1355 3646 1417 ἐστὶν,
3674 1353 3798 1406 ἐπεὶ

2226 1452 2314 1515 τίς
2337 1449 2476 1504 κατά
2496 1449 2591 1520 τὴν
2611 1449 2752 1514 λέξιν
2777 1449 2965 1518 ἄλογος
2989 1447 3263 1518 τυγχάνει,
3285 1446 3316 1518 ἢ
3347 1446 3610 1509 ἀδύνατος
3629 1461 3644 1475 ο
3669 1444 3702 1515 ἢ
3723 1443 3804 1497 ὅτι

2227 1544 2296 1598 τὰ
2336 1541 2464 1614 περὶ
2506 1540 2598 1594 τοῦ
2647 1541 2895 1615 Σωτῆρος
2924 1539 3028 1612 (94)
3062 1539 3420 1610 γεγραμμένα
3452 1537 3597 1592 κατά
3635 1535 3697 1589 τὺ
3721 1536 3806 1588 ab

2227 1635 2422 1707 σθητὸν
2467 1635 2569 1689 οὐκ
2606 1633 2945 1704 ἀληθεῦεταιο
2988 1633 3129 1704 ἢὸτι
3175 1630 3440 1704 μηδεμίαν
3480 1627 3803 1701 νομοθεσίαν

2227 1725 2389 1780 αὐτοῦ
2418 1725 2512 1780 καὶ
2539 1723 2753 1795 ἐντολὴν
2775 1723 2884 1794 (95)
2909 1722 3229 1792 φυλακτέον*
3270 1722 3486 1775 λεκτέον
3511 1722 3594 1774 ὅτι
3621 1719 3805 1788 σαφῶς

2227 1819 2361 1890 ἡμῖν
2392 1818 2720 1889 παρίσταται
2747 1816 2871 1888 περί
2891 1832 3050 1868 τινων
3071 1815 3131 1867 τὸ
3146 1815 3243 1885 τῆς
3261 1813 3497 1885 ἱστορίας
3515 1808 3660 1865 εἶναι
3676 1811 3804 1883 ἀλη-

2232 1909 2350 1972 θέςο
2380 1907 2455 1972 ὡς
2485 1909 2567 1961 ὅτι
2606 1905 2854 1977 Ἀϐραὰμ
2889 1907 2946 1958 ὲν
2977 1903 3054 1976 τῷ
3073 1903 3242 1974 διπλῷ
3264 1903 3514 1974 σπηλαίῳ
3540 1901 3722 1972 ἐτάφη
3743 1901 3800 1954 ὲν

2230 1999 2488 2072 Χεϐρὼμ,
2523 1999 2616 2053 καὶ
2659 1998 2865 2060 Ἰσαὰκ,
2898 1997 2992 2050 καὶ
3037 1995 3250 2058 Ἰακὼϐ,
3291 1994 3384 2049 καὶ
3418 1994 3653 2048 ἑκάστου
3685 1993 3807 2046 τού-

2230 2109 2336 2145 των
2363 2091 2458 2162 μία
2491 2091 2656 2161 γυνή’
2693 2089 2786 2143 καὶ
2815 2089 2898 2141 ὅτι
2925 2087 3138 2157 Σίκημα
3167 2085 3321 2156 μερὶς
3340 2083 3548 2137 δέδοται
3571 2082 3652 2152 τῷ
3691 2082 3804 2134 Ἰω-

2234 2182 2359 2254 σὴφ,
2389 2181 2482 2236 καὶ
2515 2179 2866 2252 Ἰερουσαλὴμ
2894 2176 3219 2249 μητρόπολίς
3249 2176 3364 2228 ἐστι
3393 2175 3493 2245 τῆς
3528 2173 3808 2238 Ἰουδαίας,

559 2292 757 2344 negare
803 2288 999 2348 potest,
1049 2281 1190 2350 quod
1244 2281 1512 2338 Abraham
1552 2282 1601 2337 in
1634 2281 1834 2350 duplici
1873 2280 2131 2350 spelunca

2235 2275 2291 2328 ὲν
2383 2273 2693 2345 ᾠκοδόμητο
2722 2270 2824 2324 ὑπὸ
2846 2268 3186 2340 Σολομῶντος
3214 2265 3340 2330 ναὸς
3364 2265 3524 2329 Θεοῦ,
3554 2267 3650 2318 καὶ
3675 2265 3808 2318 ἀλλα

561 2369 806 2439 sepultus
860 2381 942 2426 est
1003 2371 1054 2426 in
1112 2372 1334 2438 Ebron,
1399 2376 1490 2428 scd
1538 2384 1590 2428 et
1627 2373 1797 2439 Isaac,
1840 2381 1898 2428 ct
1940 2371 2129 2439 Jacoh,

559 2470 619 2514 et
671 2461 897 2530 singulae
968 2479 1154 2518 eorum
1233 2467 1493 2520 uxores?
1568 2466 1661 2518 Vel
1726 2466 1845 2534 quis
1918 2464 2133 2518 dubitat

563 2552 708 2622 quod
755 2552 992 2606 Sichima
1041 2554 1092 2606 in
1140 2554 1436 2622 portionem
1473 2555 1594 2608 data
1625 2565 1710 2610 est
1752 2555 1984 2624 Joseph?
2037 2552 2132 2608 Vel

528 2630 531 2633 ”
560 2640 707 2711 quod
733 2639 1034 2697 Jerusalem
1063 2644 1370 2713 metropolis
1413 2654 1497 2698 est
1530 2642 1748 2710 Jndmae,
1779 2647 1832 2699 in
1861 2659 1966 2715 qua
1996 2659 2128 2699 CCII-

557 2740 825 2788 strnctuut
856 2741 938 2788 cst
969 2735 1221 2805 templum
1247 2735 1336 2788 Dei
1359 2752 1387 2788 a
1417 2735 1741 2791 Salomone?
1763 2748 1816 2791 et
1842 2737 1944 2790 alia
1972 2737 2129 2789 imm-

562 2825 861 2880 merabilia.
890 2823 1054 2879 Multo
1086 2826 1228 2879 enim
1258 2825 1408 2895 plura
1439 2830 1564 2880 sunt
1588 2841 1707 2896 qua:
1730 2827 2024 2881 secundum
2048 2827 2133 2881 bi-

561 2915 784 2970 storiam
816 2925 1085 2980 constant,
1106 2915 1258 2986 181
1279 2931 1439 2984 quant
1469 2931 1530 2968 ea
1557 2930 1675 2983 qua:
1697 2918 1895 2970 nudum
1916 2930 2132 2970 sensum

558 3010 840 3064 Continent
871 3007 1186 3077 spiritalem.
1216 3008 1350 3061 'l‘nm
1383 3007 1579 3062 deinde
1602 3008 1724 3077 quis
1749 3022 1852 3060 non
1875 3007 2132 3072 afﬁrmet,

563 3099 872 3153 mandatum
925 3101 1025 3153 hoc
1077 3097 1219 3167 quod
1277 3097 1555 3168 praecipit:
1587 3115 1605 3149 ι
1656 3097 1874 3152 llonora
1923 3108 2133 3167 patrem

564 3201 714 3244 tuum
745 3201 800 3245 et
825 3203 1046 3245 matrem
1071 3201 1234 3256 tuam,
1259 3201 1315 3244 ut
1337 3191 1556 3244 benesit
1579 3191 1745 3254 tibi“,
1774 3209 1794 3244 ι
1823 3191 1986 3245 etiam
2019 3191 2138 3246 sine

565 3284 672 3336 ulla
709 3282 941 3352 spiritali
983 3281 1428 3352 interpretatione
1473 3280 1735 3347 snllicere,
1780 3291 1835 3334 et
1871 3295 1993 3335 esse
2035 3281 2134 3336 ob-

565 3375 908 3429 servantibus
957 3373 1360 3428 necessarium?
1403 3374 1640 3428 tnaxime
1675 3388 1798 3428 cum
1838 3383 1891 3427 et
1935 3373 2135 3429 Paulus

560 3465 767 3520 eisdem
821 3465 1002 3520 verbis
1031 3475 1299 3535 repetens,
1331 3467 1733 3521 conﬁrmaverit
1782 3468 1956 3537 ipsum
1995 3484 2141 3522 man-

564 3559 772 3610 datum.
801 3556 939 3622 Quid
966 3572 1094 3610 vero
1125 3564 1338 3626 oportet
1368 3557 1548 3613 dicere
1581 3559 1647 3612 de
1675 3573 1740 3613 eo
1770 3561 1911 3630 qttuJ
1935 3560 2135 3614 dictmn

562 3657 650 3702 est
683 3665 698 3703 :
743 3663 762 3698 ι
800 3646 912 3701 Non
945 3648 1294 3712 adulterabis,
1345 3664 1447 3702 non
1499 3650 1751 3714 occides,
1787 3667 1890 3704 non
1924 3651 2140 3717 jurtttnt

568 3738 734 3814 facies
758 3776 774 3800 .
817 3752 922 3791 non
979 3735 1173 3791 falsum
1230 3738 1596 3792 testimonium
1629 3740 1779 3795 dices
1794 3741 1862 3806 “,
1895 3759 1915 3794 ι
1953 3751 2008 3794 et
2040 3757 2144 3796 cte-

570 3836 688 3880 tera
720 3825 1064 3895 bujusmodi?
1120 3826 1236 3882 Jsm
1273 3844 1403 3883 vero
1445 3830 1510 3883 de
1551 3830 1638 3885 his
1669 3845 1788 3900 qua:
1820 3832 1871 3884 in
1904 3831 2146 3903 Evange-

568 3917 644 3973 lio
673 3919 922 3972 mandata
955 3928 1100 3984 sunt,
1137 3935 1205 3974 ne
1243 3920 1478 3975 dubitari
1510 3923 1725 3991 quideui
1755 3932 1951 3992 potest,
2009 3928 2140 3994 quin

567 4012 867 4066 secumlum
896 4009 1128 4064 litteram
1163 4013 1559 4082 quamplurima
1615 4015 1950 4070 observanda
2007 4019 2138 4083 sint,

2237 2368 2423 2439 μυρία.
2447 2365 2633 2436 Πολλῷ
2647 2365 2756 2436 γὰρ
2781 2363 2998 2418 πλείονά
3028 2364 3141 2415 ἐστι
3167 2360 3236 2414 τὰ
3259 2359 3399 2414 κατά
3428 2359 3530 2430 τὴν
3565 2355 3810 2428 ἱστορίαν

2233 2458 2606 2530 ἀληθευόμενα
2632 2457 2738 2511 τῶν
2759 2453 3241 2528 προσυερανθέντων
3267 2468 3332 2521 γυ
3342 2449 3488 2522 μνῶν
3510 2463 3810 2518 πνευματι-

2233 2551 2365 2607 κῶν.
2394 2551 2561 2605 Πάλιν
2587 2567 2647 2603 τε
2679 2544 2746 2605 αὖ
2775 2549 2860 2614 τίς
2879 2549 2978 2601 οὐκ
3023 2546 3090 2600 ἂν
3122 2545 3266 2599 εἴποι
3299 2541 3396 2613 τὴν
3425 2539 3692 2608 λέγουσαν
3725 2537 3812 2590 ὲν-

2232 2645 2410 2717 τολήν·
2451 2663 2469 2695 ι
2499 2643 2646 2714 Τίμα
2663 2641 2752 2696 τὸν
2775 2641 2988 2713 πατέρα
3008 2639 3100 2694 καὶ
3129 2637 3225 2708 τὴν
3257 2633 3486 2707 μητέρα,
3518 2631 3608 2684 ἵνα
3638 2625 3700 2683 εὖ
3731 2645 3810 2682 σοι

2233 2737 2476 2808 γένηται,
2511 2755 2528 2788 ι
2567 2734 2735 2807 χωρὶς
2766 2735 2946 2805 πάσης
2985 2729 3274 2800 ἀναγωγῆς
3304 2723 3585 2798 χρησίμην
3617 2722 3813 2792 τυγχά-

2233 2846 2343 2882 νειν
2372 2828 2463 2881 καὶ
2488 2827 2759 2898 τηρητέαν
2777 2842 2863 2893 γε,
2892 2825 2986 2878 καὶ
3003 2823 3094 2877 τοῦ
3121 2819 3420 2875 ἀποστόλου
3444 2814 3660 2869 Παύλου
3685 2829 3814 2884 χρη-

2236 2919 2468 2992 σαμένου
2500 2918 2669 2990 ταύτῃ
2699 2917 3004 2982 αὑτολεξείς
3032 2916 3095 2969 Τί
3119 2914 3174 2970 δὲ
3195 2913 3274 2966 δεῖ
3303 2911 3484 2978 λέγειν
3520 2910 3652 2980 περὶ
3678 2906 3807 2960 τοῦ·

2240 3031 2260 3065 ι
2313 3013 2388 3066 οὐ
2424 3009 2750 3084 μοιχεύσεις,
2787 3011 2845 3064 οὐ
2881 3008 3178 3079 φονεύσεις,
3213 3008 3272 3060 οὐ
3305 3004 3542 3073 κλέψεις,
3587 3002 3651 3054 οὐ
3683 2999 3813 3071 ψευ-

2233 3103 2694 3176 δομαρτυρήσεις;
2739 3121 2756 3152 ι
2791 3102 2899 3155 Καὶ
2933 3101 3093 3155 πάλιν
3128 3101 3185 3154 ἐν
3214 3099 3290 3170 τῷ
3313 3095 3635 3167 Εὑαγγελίῳ
3667 3098 3813 3149 ἐντο-

2235 3195 2325 3249 λαί
2355 3197 2460 3248 είσι
2493 3192 2875 3265 γεγραμμέναι
2907 3192 2970 3244 οὐ
3003 3189 3347 3262 ζητούμεναι,
3379 3189 3610 3259 πότερον
3641 3185 3812 3248 αὐτὰς

2238 3288 2377 3342 κατὰ
2399 3286 2497 3358 τὴν
2518 3287 2660 3351 λέξιν
2679 3284 2991 3356 τηρητέονῆ
3013 3283 3095 3336 οῦ·
3118 3283 3194 3347 ὡς
3219 3285 3251 3354 ἡ
3279 3283 3587 3352 φάσκουσα·
3617 3298 3635 3332 ι
3669 3278 3813 3347 Ἐγὼ

2234 3377 2294 3433 δὲ
2338 3376 2479 3445 λέγω
2511 3377 2657 3447 ὑμῖν,
2703 3375 2761 3438 ὃς
2801 3373 2896 3428 ἐὰν
2924 3373 3159 3446 εόργισθῇ
3194 3372 3282 3443 ’³τῴ
3314 3363 3528 3443 ἀδελφῷ
3561 3368 3750 3433 αὐτοῦ,
3785 3385 3809 3421 ι

2237 3470 2332 3524 καὶ
2364 3471 2432 3524 τὰ
2469 3469 2593 3541 ἑξῆς
2617 3487 2630 3500 ·
2663 3469 2786 3522 καὶο
2826 3487 2844 3519 ι
2898 3467 3038 3536 Ἐγὼ
3070 3466 3125 3519 δὲ
3157 3466 3298 3534 λέγω
3330 3467 3458 3536 ὑμῖν
3505 3464 3581 3536 μὴ
3613 3463 3811 3534 ὀμόσαι

2238 3560 2394 3624 ὅλως.
2433 3579 2452 3613 ι
2487 3561 2598 3614 Καὶ
2620 3561 2770 3632 παρᾶ
2797 3557 2876 3628 τῷ
2913 3559 2971 3610 Ἀ
2982 3557 3219 3627 ποστόλῳ
3238 3555 3299 3608 τὸ
3329 3555 3491 3626 ῥητὸν
3513 3553 3806 3624 τηρητέον·

2245 3672 2265 3704 ι
2303 3651 2617 3706 Νουθετεῐτε
2644 3651 2769 3714 τοὺς
2795 3649 3081 3714 ἀτάκτους,
3115 3645 3524 3720 παραμυθεῖσθε
3551 3647 3680 3709 τοὺς
3707 3643 3813 3696 ὀλι-

2237 3744 2532 3816 γοψύχουςο
2563 3741 2848 3813 ἀντέχεσθε
2891 3741 2999 3795 τῶν
3031 3741 3394 3795 ἀσθενούντων
3422 3739 3554 3811 (96),
3599 3755 3810 3810 μακρο-

2238 3839 2460 3910 θυμεῖτε
2496 3835 2630 3907 πρδς
2659 3836 2864 3900 πάντας
2883 3853 2895 3866 ·
2941 3853 2959 3885 ι
3002 3835 3050 3887 εί
3079 3835 3172 3888 καὶ
3216 3833 3367 3906 παρὰ
3395 3835 3507 3898 τοῖς
3535 3833 3811 3903 φιλοτιμο-

2235 3931 2418 4000 τέροις
2453 3929 2675 3982 δύναται
2721 3925 2914 3992 σώζειν
2948 3925 3175 3980 ἕκαστον
3209 3925 3384 3979 αὐτῶν
3431 3924 3570 3996 μετά
3603 3923 3696 3976 τοῦ
3731 3923 3807 3993 μὴ

2235 4022 2542 4077 ἀθετεῖσθαι
2568 4021 2664 4092 τὴν
2684 4020 2823 4074 κατά
2845 4019 2906 4072 τὺ
2929 4018 3089 4092 ῥητὸν
3120 4017 3358 4088 ἐντολὴν,
3389 4016 3526 4088 βάθη
3550 4015 3690 4068 Θεοῦ
3714 4032 3803 4067 σο-

565 4103 710 4160 sicut
735 4117 856 4159 cum
879 4103 1010 4159 dicit
1044 4121 1057 4156 :
1096 4121 1115 4156 ι
1154 4102 1266 4176 Ego
1312 4115 1492 4161 autem
1545 4107 1668 4162 dico
1716 4108 1869 4163 vobis
1902 4123 2004 4164 non
2050 4109 2131 4178 ju-

2242 4117 2386 4186 φίας.
2430 4115 2489 4168 '0
2526 4114 2705 4186 μέντοι
2737 4129 2801 4180 γε
2831 4111 3061 4183 ἀκριϐὴς
3087 4110 3177 4163 ἐπί
3228 4127 3386 4163 τινων
3415 4107 3808 4181 περιελκυσθή·

1759 4222 2322 4282 INTERPRETATIO
2364 4226 2570 4282 NOVA.

641 4311 725 4390 Β.
754 4313 830 4390 _Ne
858 4314 980 4383 quis
1002 4330 1129 4390 vero
1159 4330 1256 4390 nos
1301 4317 1609 4390 suspicetur
1636 4319 1688 4373 in
1716 4319 1968 4374 omnibus
1992 4321 2042 4372 id
2075 4321 2278 4383 dicere,
2317 4323 2515 4375 nullam
2553 4321 2833 4374 historiam
2872 4318 3466 4390 contigisse,_quoniam
3484 4317 3661 4390 aliqua
3692 4331 3800 4370 non

567 4385 910 4460 centigitrct
943 4386 1138 4460 nullam
1163 4388 1334 4460 legem
1361 4385 1428 4440 ad
1457 4388 1700 4460 litteram
1727 4405 1847 4443 esse
1871 4391 2219 4454 servandam,
2249 4393 2505 4460 quoniam
2532 4393 2710 4459 aliqua
2740 4385 3046 4445 secundun'r
3070 4385 3302 4443 litteram
3334 4385 3683 4442 autebsutda
3712 4395 3807 4440 ant

572 4456 922 4528 impossibilia
957 4456 1236 4528 prwcipit,
1260 4459 1339 4511 vel
1369 4474 1490 4525 quae
1519 4461 1584 4512 de
1617 4459 1898 4513 Salvatore
1925 4461 2127 4528 scripta
2162 4456 2308 4527 sunt,
2340 4456 2635 4515 secundum
2673 4461 2960 4517 litteralem
2987 4475 3205 4514 sensum
3244 4475 3346 4512 non
3376 4473 3497 4512 esse
3522 4474 3685 4522 vera;
3709 4466 3806 4510 aut

571 4525 769 4600 nullam
801 4526 967 4600 ipsius
991 4525 1161 4596 legem
1189 4539 1242 4581 et
1267 4539 1591 4597 pstea-cptum
1623 4530 1826 4600 servari
1859 4525 2110 4598 oportere
2140 4547 2154 4584 :
2183 4525 2420 4586 dicimus
2449 4531 2733 4587 manifeste
2768 4533 2820 4585 in
2852 4531 3176 4600 quihusdam
3215 4529 3479 4600 historiae
3518 4531 3804 4600 veritatem

570 4596 726 4668 nutris
760 4597 1051 4666 apparere,
1082 4601 1231 4652 verbi
1259 4596 1456 4668 gratia,
1486 4600 1782 4662 Aln'aham,
1814 4596 1962 4653 Isaac
1986 4611 2035 4654 et
2069 4600 2384 4664 Jacoh,cum
2419 4619 2521 4655 una
2558 4618 2652 4654 sua
2681 4596 3121 4668 "unumquemque
3161 4613 3331 4652 uxore
3360 4599 3411 4652 in
3449 4597 3648 4667 duplici
3681 4615 3806 4664 spe-

572 4666 740 4740 ΙιιηιξειΔ
765 4668 1001 4740 sepultos
1046 4683 1165 4722 esse
1201 4669 1269 4740 itr
1290 4667 1542 4740 Hebron;
1593 4669 1811 4740 Sichcm
1852 4669 2083 4738 ,ιυμυμιιο
2125 4675 2176 4726 in
2213 4673 2510 4740 portionem
2555 4688 2675 4727 esse
2726 4666 3415 4740 attributam;Jerusalem
3463 4666 3804 4740 metropoltm

567 4751 688 4788 esse
714 4735 1014 4812 Jttdil‘tll,_lli
1043 4755 1149 4808 qua
1179 4755 1207 4790 a
1240 4737 1530 4791 Salomone
1576 4739 1902 4792 aediﬁcatum
1938 4735 2037 4793 fuit
2071 4735 2328 4812 templum
2363 4745 2478 4804 Dei,
2507 4753 2561 4796 ct
2593 4743 2697 4796 alia
2738 4751 3020 4797 sexcenta.
3061 4739 3226 4793 Multo
3275 4742 3432 4812 enim
3466 4735 3650 4812 plura
3676 4747 3805 4812 sunt

571 4809 867 4861 secundum
906 4809 1209 4881 |_iistoriam_
1240 4822 1402 4870 vera,
1445 4824 1604 4877 quam
1648 4824 1766 4876 qua:
1811 4825 1956 4864 mere
2004 4809 2311 4881 spirittialia
2356 4815 2459 4867 illis
2500 4823 2704 4866 attexta
2758 4822 2900 4865 sunt.
2961 4813 3194 4864 llursum
3236 4810 3362 4881 quis
3425 4809 3808 4881 inliciasierit

574 4885 880 4932 mamlatum
915 4879 1017 4931 hoc
1055 4900 1066 4932 :
1105 4897 1124 4930 ι
1169 4879 1380 4932 Honora
1415 4894 1621 4946 patrem
1654 4888 1803 4931 tuum
1831 4891 1884 4934 et
1918 4878 2143 4937 tnatrem
2175 4895 2345 4945 tuam,
2369 4896 2427 4936 ut
2453 4887 2588 4936 bene
2621 4884 2693 4935 sit
2720 4882 2836 4945 tibi,
2869 4899 2888 4933 ι
2917 4883 3085 4935 etiam
3125 4882 3243 4934 sine
3273 4880 3465 4932 altiore
3496 4878 3805 4942 intelligen-

573 4946 645 5002 tia
677 4947 808 5002 utile
835 4966 956 5000 esse
986 4965 1047 4999 ac.
1078 4947 1424 5010 servandum,
1456 4949 1690 5001 maxime
1711 4965 1831 5002 cum
1863 4949 2056 5007 Paulus
2093 4955 2282 5008 iisdcnt
2342 4954 2521 5006 verbis
2561 4953 2689 5006 illud
2734 4951 3166 5006 commendarit?

3207 4951 3343 5015 Quid
3401 4949 3592 5002 attinet
3624 4948 3810 5000 dicere

573 5016 643 5087 tie
671 5020 883 5073 caeteris
915 5033 930 5073 :
961 5035 980 5069 ι
1012 5017 1127 5072 Non
1158 5019 1537 5079 mualtaberis.
1575 5035 1679 5072 non
1707 5021 1944 5087 ocridcs,
1973 5040 2077 5077 non
2106 5025 2304 5078 furtum
2342 5024 2527 5085 facies,
2563 5037 2666 5077 non
2701 5023 2850 5077 dices
2878 5021 3072 5074 lalsum
3108 5017 3519 5074 testimonium?
3551 5038 3570 5068 ι
3597 5017 3809 5070 llursus

455 5121 477 5132 η
572 5084 626 5163 in
654 5087 1221 5163 Evangelioinandata
1249 5089 1494 5163 quaedam
1520 5091 1719 5163 scripta
1765 5102 1910 5158 sunt,
1931 5084 2000 5148 de
2024 5097 2224 5163 quibus
2255 5112 2356 5147 non
2392 5084 2652 5163 quaeritur
2677 5088 2853 5147 sintite
2881 5091 2948 5143 ad
2981 5090 3220 5145 litteram
3246 5087 3582 5163 observanda
3607 5102 3803 5163 necne.

571 5158 882 5234 Clljttsllttttli
924 5157 1064 5234 illutl‘
1083 5169 1166 5210 est
1200 5175 1212 5211 :
1245 5175 1263 5207 ‹
1309 5158 1417 5234 Ego
1442 5159 1564 5214 dico
1586 5160 1763 5234 vobis.
1796 5157 2104 5234 quieunque
2132 5166 2301 5218 iratus
2329 5157 2489 5217 fuerit
2510 5161 2667 5217 fratri
2694 5180 2816 5234 suo,
2848 5180 2868 5214 ι
2896 5173 2949 5234 et
2978 5176 3104 5234 qua;
3121 5169 3448 5234 sequuntur.
3489 5157 3551 5211 Et
3581 5173 3595 5210 :
3622 5174 3652 5234 _c
3692 5157 3807 5234 Ego

573 5228 876 5300 liitfthOlllS
913 5243 1016 5279 non
1047 5229 1231 5300 jurare
1253 5229 1494 5284 omnino.
1526 5247 1544 5280 ι
1583 5229 1646 5282 Et
1678 5227 2087 5287 custodiendum
2114 5243 2196 5288 est
2224 5235 2354 5289 illud
2392 5234 2633 5300 Apostoli
2675 5253 2688 5289 :
2724 5252 2744 5285 ι
2783 5227 3046 5297 Corripite
3082 5227 3387 5300 inquietos,
3451 5227 3806 5283 consulamini

574 5299 968 5370 pusillanimes,
1035 5301 1196 5370 ειιερίι
1222 5298 1290 5351 ite
1316 5300 1578 5362 inlirn-os,
1639 5302 2105 5370 patientes-estote
2131 5305 2198 5358 ad
2235 5298 2460 5369 munies;
2499 5323 2518 5356 ι
2559 5305 2767 5358 tametsi
2800 5303 3014 5370 quires
3043 5298 3206 5354 altius
3253 5308 3586 5370 scrutantur,
3649 5311 3806 5370 com-

574 5365 773 5436 ponere
801 5367 1007 5434 possi..t
1033 5369 1369 5422 altitudinem
1395 5365 1671 5438 sapientiae
1695 5369 1792 5426 Dei
1819 5388 1938 5431 cum
1971 5374 2193 5428 litterali
2223 5365 2598 5429 mandatorum
2645 5365 2831 5428 sensu.
2865 5369 3244 5426 Verumtamen
3269 5369 3363 5439 qui
3388 5369 3654 5425 attentius
3722 5365 3810 5424 le-

647 5457 694 5490 ⁸⁵
723 5461 886 5511 ιιιυιι.
916 5473 1006 5522 xx,
1040 5459 1122 5512 1:2.
1215 5462 1259 5492 ³⁸
1287 5461 1420 5515 lbid.
1452 5478 1542 5529 xx,
1581 5464 1672 5519 '13.

647 5550 760 5614 (92)
790 5550 881 5606 Sic
916 5567 1044 5606 mss.
1091 5551 1227 5608 Editi
1270 5569 1396 5609 vero
1434 5579 1446 5606 ι
1483 5559 1681 5612 docere
1754 5574 1773 5610 ι
1821 5557 1962 5612 lnl'ra
2005 5571 2130 5610 mss.

583 5636 609 5674 ι
638 5633 692 5674 νι
715 5622 938 5689 singula:
961 5639 1145 5676 eorum
1172 5640 1384 5679 uxores.
1421 5646 1438 5678 ι

649 5691 760 5770 (ἓξ)
790 5692 1081 5770 Quantas"
1114 5696 1363 5770 χρησίμῳ
1383 5697 1700 5770 νομοθεσίᾳ.

649 5761 760 5832 (94)
790 5761 1039 5831 Tarinus,
1070 5761 1218 5836 παρᾶ
1255 5761 1348 5821 τοῦ
1380 5761 1770 5838 Σιιιτῆροςίεειι
1800 5764 2003 5838 primus
2044 5781 2135 5824 c0-

2243 5559 2346 5614 dex
2385 5557 2587 5626 Regius
2616 5555 2750 5609 utin
2779 5561 2977 5626 nostro_
2992 5563 3164 5626 textu.

2315 5630 2427 5698 (9.3)
2463 5623 2599 5682 idem
2629 5623 3083 5698 ευιίυξηεντολάς.

2310 5693 2424 5772 (96)
2459 5699 2670 5753 Primus
2699 5694 2986 5766 cod.lieg.,
3022 5693 3283 5753 ἀσθενῶν.
