3954 6414
140 409 226 460 393

1335 399 1533 452 LIBER
1569 398 1918 465 QUARTUS.

140 521 318 590 χωρίον
367 517 535 589 ᾅδου,
574 519 781 572 τόπων
820 517 1089 590 διαφόρων
1129 516 1415 588 τυγχάνειν
1463 519 1605 571 κατὰ
1648 519 1745 588 τὴν

1868 515 1965 585 ’22)
2005 530 2102 586 pro
2150 517 2361 572 actibus
2397 517 2508 572 suis
2543 524 2596 570 et

136 609 406 678 ἀναλογίαν
461 609 580 662 τῶν
630 610 1066 680 ἁμαρτημάτων
1089 651 1101 675 ,
1137 609 1306 670 οὕτως
1345 611 1393 661 ol
1428 609 1634 662 ἐκεῖθεν
1676 611 1741 661 ἵν’

135 704 283 766 οὕτως
319 705 489 763 εἴπω,
530 701 1006 773 ἀποθνήσκοντες
1035 701 1112 763 εἰς
1143 701 1231 753 τὸν
1263 700 1393 771 ᾆδην
1422 699 1608 753 τοῦτον
1646 719 1744 753 κα-

135 797 431 850 ταϐαίνουσι
455 795 812 865 κρινόμενοι
841 794 978 860 ἄξιοι
999 793 1102 845 τῶν
1124 792 1211 844 τοῦ
1235 793 1431 856 παντὸς
1465 794 1740 864 περιγείου

135 888 273 940 τόπου
317 885 625 956 διαφόρων
684 886 1028 956 οἰκητηρίων
1063 883 1400 954 βελτιόνωνῆ
1445 885 1700 956 χειρόνων
1726 902 1738 914 ·

133 979 208 1031 καὶ
231 977 379 1048 παρὰ
423 976 621 1030 τοῖσδε
658 977 698 1048 ἢ
755 976 933 1029 τοῖσδε
956 980 1063 1038 τοῖς
1085 975 1368 1044 πατράσιν·
1395 975 1469 1040 ὡς
1491 975 1744 1030 δύνασθαί

133 1090 241 1124 ποτε
280 1072 658 1142 Ἰσραηλίτην
703 1075 899 1124 πεσεῖν
934 1073 988 1134 ἐς
1019 1069 1261 1134 Σκύθας,
1313 1070 1406 1122 καὶ
1450 1069 1745 1138 Αἰγύπτιον

133 1168 197 1225 εἰς
214 1164 306 1233 τὴν
345 1163 633 1216 Ἰουδαίαν
660 1163 976 1216 κατελθεῖν.
1006 1162 1146 1234 Πλὴν
1169 1165 1196 1216 ὁ
1219 1162 1402 1232 Σωτὴρ
1424 1165 1744 1230 συναγαγεῖν

133 1253 242 1327 ἦλθε
268 1255 334 1309 τὰ
365 1255 644 1326 πρόϐατα
698 1256 776 1308 τὰ
818 1255 1128 1308 ἀπολωλότα
1173 1254 1318 1308 οἶκον
1365 1255 1598 1325 Ἰσραήλ.
1635 1256 1743 1308 Καὶ

135 1347 322 1400 πολλῶν
351 1346 467 1399 ἀπὸ
499 1345 604 1398 τοῦ
667 1343 904 1415 Ἰσραὴλ
939 1343 1010 1414 μὴ
1045 1342 1295 1406 εἰξάντων
1342 1343 1406 1411 τῇ
1438 1340 1752 1412 διδασκαλίᾳ

134 1438 300 1503 αὐτοῦ,
337 1439 388 1490 οἱ
419 1439 538 1490 ἀπὸ
572 1437 699 1490 τῶν
730 1435 904 1489 ἐθνῶν
932 1434 1238 1488 καλοῦνται.

1852 609 2056 662 meritis
2076 609 2598 679 dispensantnrpro-

1852 710 1909 754 ut
1933 701 2079 769 digni
2116 702 2315 756 fuerint
2343 703 2595 772 iudicati,

1853 793 1940 846 alii
1969 795 2184 861 quidem
2213 795 2266 848 in
2303 795 2478 848 locum
2505 795 2597 865 qui

1851 886 2045 938 dicitur
2089 885 2369 952 infernus,
2412 887 2504 939 alii
2544 886 2597 939 in

1851 977 2025 1030 sinum
2070 976 2336 1041 Abrahae,
2397 987 2454 1032 et
2502 991 2598 1047 per

1853 1071 2060 1125 diversa
2087 1087 2317 1140 quaeque
2342 1073 2423 1126 vel
2456 1072 2594 1142 loca,

1854 1163 1934 1215 vel
1973 1163 2298 1227 mansiones;
2335 1165 2405 1216 ita
2430 1165 2594 1217 etiam

1850 1273 1913 1309 cx
1951 1258 2056 1311 illis
2092 1258 2227 1312 locis
2271 1258 2416 1312 velut
2462 1259 2594 1323 illic,

1853 1352 1894 1402 si
1933 1351 2037 1402 dici
2063 1357 2258 1418 potest,
2283 1351 2594 1414 morientes,

3312 405 3417 458 39l-

2668 526 2715 571 et
2754 519 2968 583 animm,
3009 519 3169 588 juxta
3203 535 3414 588 operum

2669 609 3018 679 differentiam
3049 614 3250 666 diversa
3276 617 3416 682 apud

2671 702 2866 772 inferos
2888 703 3118 756 obtinent
3152 708 3267 758 loca
3296 721 3314 758 :
3344 707 3418 757 sic

2669 795 2759 862 qui
2778 795 2840 847 de
2855 795 3070 848 caelestis
3099 795 3415 858 Jerusalem,

2674 895 2728 939 ut
2763 887 2836 939 ita
2865 887 3421 952 dicam,administra-

2671 980 2810 1034 tione
2832 982 3147 1046 moriuntur,
3164 983 3234 1034 ad
3257 985 3420 1040 nostri

2672 1071 2854 1125 muna’i
2923 1072 3131 1141 inferna
3201 1074 3419 1128 descen-

2673 1166 2845 1232 dunt,
2902 1179 2956 1220 ut
3018 1185 3114 1236 pro
3165 1168 3421 1238 qualitate

2673 1261 3018 1323 meritorum,
3083 1264 3288 1314 diversa
3367 1264 3420 1314 in

2675 1352 2829 1405 terris
2867 1355 3162 1420 possideant
3192 1360 3327 1406 loca.

1855 1456 1882 1490 a
1917 1440 2126 1506 superis
2149 1440 2200 1492 in
2230 1441 2374 1493 hunc
2405 1440 2638 1494 inferum
2664 1441 3016 1496 descendunt.
3053 1443 3184 1495 Nam
3212 1443 3301 1497 ille
3335 1442 3417 1494 in-

135 1535 267 1585 ferus
316 1533 380 1584 ad
428 1546 610 1599 quem
671 1530 816 1583 hinc
863 1527 1206 1582 morientium
1243 1527 1437 1581 animae
1478 1527 1768 1590 ducuntur.
1802 1532 1966 1584 credo
2004 1529 2137 1601 (‘25),
2175 1532 2245 1586 ob
2281 1533 2418 1586 hanc
2477 1534 2878 1589 distinctionem
2915 1534 3156 1589 infernus
3189 1534 3417 1588 inferior

136 1649 154 1678 :l
197 1628 482 1693 Scriptura
531 1623 901 1687 nominatur,
933 1623 1070 1676 sicut
1103 1622 1299 1676 dicitur
1325 1621 1374 1674 in
1406 1620 1634 1675 Psalmis
1664 1642 1676 1676 :
1706 1642 1722 1673 ι
1762 1625 1893 1690 Quia
1924 1625 2166 1679 liherasti
2189 1626 2424 1680 animam
2461 1641 2633 1680 meam
2666 1642 2731 1682 ex
2764 1620 2974 1682 inferno
3007 1629 3245 1682 inferiori
3278 1629 3366 1685 "'5.
3399 1650 3416 1678 ο

138 1720 520 1786 Unusquisque
545 1732 699 1786 ergo
731 1715 1178 1769 descendentium
1211 1716 1262 1768 in
1297 1723 1494 1768 terram
1531 1731 1629 1784 pro
1658 1721 1888 1783 meritis,
1923 1720 2005 1773 vel
2041 1720 2158 1775 loco
2207 1736 2304 1776 suo
2339 1736 2496 1790 quem
2537 1721 2610 1774 ibi
2658 1721 2920 1775 habuerat
2961 1721 3095 1792 (2s),
3135 1722 3419 1789 dispensa-

137 1825 212 1864 tur
246 1814 294 1865 in
330 1813 438 1865 hoc
473 1810 709 1863 mundo
747 1811 804 1863 in
837 1809 1066 1862 diversis
1097 1807 1180 1861 vel
1210 1808 1363 1873 locis,
1393 1809 1474 1862 vel
1497 1811 1764 1878 gentibus,
1803 1811 1882 1862 vel
1912 1814 2440 1877 conversationibus,
2481 1813 2643 1884 186
2695 1813 2778 1867 vel
2815 1813 3224 1866 inﬁrmitatibus
3249 1813 3422 1876 nasci,

137 1904 205 1958 vel
240 1921 264 1956 a
298 1903 616 1973 religiosis,
656 1912 766 1955 aut
795 1910 947 1956 certe
978 1902 1154 1955 minus
1187 1902 1291 1969 piis
1313 1905 1623 1973 parentibus
1648 1907 1916 1972 generari,
1947 1907 2018 1960 ita
2053 1917 2112 1961 ut
2150 1908 2442 1977 aliquando
2468 1909 2741 1977 contingat
2781 1907 3079 1960 Israelitam
3107 1906 3158 1959 in
3187 1904 3421 1975 Scythas

136 2000 488 2065 descendere,
544 2008 608 2052 et
665 1995 991 2069 Egyptiqu
1034 2009 1322 2063 pauperem
1353 1995 1544 2049 deduci
1587 1997 1651 2048 ad
1690 1995 1947 2052 Judaeum.
1991 2000 2373 2055 Verumtamen
2412 2001 2660 2056 Salvator
2687 2011 2872 2055 noster
2907 2013 3240 2067 congregare
3273 1997 3424 2052 venit

139 2116 244 2153 oves
267 2113 388 2166 qua:
414 2095 740 2165 perierant
768 2096 962 2143 domus
989 2087 1187 2154 Israel;
1219 2097 1272 2143 et
1299 2103 1421 2143 cum
1463 2088 1675 2159 plurimi
1706 2105 1768 2142 ex
1807 2090 2066 2146 Israelitis
2118 2107 2222 2146 non
2257 2093 2655 2162 acquievissent
2679 2093 2938 2148 doctrina:
2975 2090 3113 2159 ejus,
3148 2091 3200 2143 hi
3229 2090 3319 2159 qui
3351 2105 3418 2143 ex

139 2191 600 2261 gentibusverant,
631 2181 833 2237 vocati
862 2190 1010 2236 sunt.

191 2282 334 2338 Unde
362 2292 755 2348 consequens
789 2273 1059 2327 videbitur
1088 2271 1200 2342 (25)
1231 2273 1393 2327 etiam
1426 2270 1740 2341 prophetias
1775 2280 1813 2333 Β

89 2379 96 2386 ’
139 2393 237 2445 qua:
269 2374 511 2445 singulis
546 2369 842 2443 gentibus
885 2370 1252 2434 proferuntur,
1285 2366 1529 2419 revocari
1573 2363 1746 2433 magis

140 2471 192 2520 a4
223 2469 437 2520 animas
471 2465 708 2519 debere
743 2501 760 2524 .
812 2469 868 2514 et
915 2459 1160 2513 diversas
1197 2457 1504 2511 mansiones
1557 2469 1744 2508 earum

141 2560 386 2616 ctelestes.
431 2557 551 2612 Sed
587 2565 652 2610 et
689 2554 962 2608 historias
990 2566 1168 2604 rerum
1203 2558 1496 2620 gestarum.
1527 2562 1646 2617 qua:
1669 2548 1738 2599 di-

141 2659 316 2703 cuntur
367 2647 458 2702 vel
515 2646 682 2717 genti
737 2643 940 2708 Israel,
972 2642 1055 2696 vel
1085 2640 1407 2704 Jerusalem,
1441 2639 1525 2694 vel
1551 2637 1750 2692 ludam

140 2741 421 2804 accidisse,
476 2739 603 2792 illis
655 2735 755 2790 vel
805 2735 914 2789 illis
971 2733 1222 2804 gentibus
1267 2732 1744 2802 impugnantibus,

139 2833 597 2901 perserutandum
649 2837 838 2884 estet
877 2814 1292 2896 perquirendum
1322 2866 1336 2890 ,
1385 2825 1641 2894 quoniam
1694 2824 1746 2878 in

139 2924 550 2992 quamplurimis
584 2919 970 2990 corporaliter
991 2926 1140 2988 gesta
1170 2933 1274 2971 non
1307 2925 1583 2981 constant,
1611 2931 1745 2984 quo-

141 3020 286 3074 modo
332 3017 510 3086 magis
559 3015 681 3068 ista
736 3011 1137 3066 conveniebant
1183 3008 1287 3062 illis
1315 3009 1565 3078 gentibus
1605 3007 1745 3080 (25⁸)

139 3110 455 3174 animarum,
493 3121 630 3176 qum
664 3105 724 3158 in
756 3103 901 3156 cmlo
933 3103 1054 3163 isto,
1083 3101 1223 3169 quod
1255 3100 1485 3153 transire
1528 3100 1740 3162 dicitur,

141 3201 406 3264 habitant,
458 3197 551 3252 vel
591 3196 783 3250 etiam
839 3209 982 3246 nunc
1016 3193 1261 3247 habitare
1296 3192 1549 3258 putanda:
1599 3203 1744 3245 sunt.

142 3290 191 3344 Si
225 3294 338 3360 quis
369 3307 508 3347 vero
545 3290 866 3343 evidentes
887 3294 942 3338 et
974 3284 1106 3336 satis
1138 3282 1457 3336 manifestas
1495 3284 1752 3336 assertio-

139 3398 228 3438 nes
260 3387 449 3438 horum
482 3383 559 3436 de
595 3377 928 3443 Scripturis
957 3375 1157 3429 sanctis
1191 3384 1453 3442 exposcat
1496 3390 1521 3427 a
1571 3375 1749 3437 nobis,

139 3475 572 3542 respondendum
605 3479 704 3525 est
741 3468 876 3537 quia
905 3466 1178 3520 occultare
1209 3465 1380 3534 magis
1409 3465 1524 3519 hzec
1573 3464 1751 3534 Spiri-

141 3566 208 3618 mi
232 3575 418 3620 sancto
441 3566 497 3618 in
543 3564 641 3616 his
681 3574 817 3628 qua:
852 3559 1101 3612 videntur
1127 3573 1248 3613 esse
1278 3556 1519 3610 historia
1558 3572 1739 3611 rerum

2317 2291 2504 2332 VERSIO
2542 2293 2587 2333 S.
2627 2292 2938 2333 HIEBONYII.

1927 2366 1994 2420 Et
2026 2369 2148 2438 quia
2187 2370 2602 2434 eomparavimus
2633 2371 2697 2422 de
2729 2372 2828 2423 isto
2859 2371 3052 2423 mundo
3100 2370 3168 2422 ad
3216 2369 3424 2439 inferna

1853 2473 2117 2531 pergentes
2139 2463 2342 2514 animas
2363 2461 2498 2532 (27),
2535 2463 2601 2515 iis
2632 2461 2906 2515 animabus
2929 2477 3046 2530 quae
3074 2465 3138 2516 de
3168 2463 3426 2530 superiori

1854 2551 1980 2604 caelo
2004 2553 2072 2603 ad
2109 2561 2290 2604 nostra
2324 2551 2629 2604 habitacula
2659 2553 3012 2618 pervenientes
3037 2553 3428 2622 quodammodo

1857 2654 2078 2697 morture
2107 2655 2250 2709 sunt,
2278 2646 2523 2710 prudenti
2556 2645 2954 2714 investigatione
2986 2647 3291 2698 rimandum
3325 2655 3428 2710 est,

1855 2751 1922 2786 an
1944 2734 2040 2787 hoc
2072 2735 2240 2802 ipsum
2273 2737 2532 2803 poss’mus
2561 2737 2717 2790 etiam
2749 2737 2802 2788 in
2832 2737 3102 2790 nativitate
3125 2738 3300 2790 dicere
3323 2738 3432 2790 sin-

1854 2827 2119 2896 gularum;
2144 2838 2196 2880 ut
2227 2829 2484 2897 quomodo
2521 2845 2636 2895 qtue
2664 2829 2719 2883 in
2769 2833 2870 2883 ista
2921 2839 3062 2882 terra
3100 2840 3281 2882 nostra
3327 2847 3426 2882 na-

1855 2929 2071 2972 scuntur
2092 2920 2300 2984 animm,
2331 2922 2405 2974 vel
2429 2922 2492 2974 de
2520 2921 2724 2990 inferno
2747 2938 2961 2977 rursum
2986 2921 3205 2975 meliora
3227 2922 3432 2988 capien-

1855 3025 1928 3066 tes
1959 3013 2026 3065 ad
2054 3013 2327 3079 superiora
2355 3013 2560 3066 veniunt
2583 3055 2596 3080 ,
2631 3025 2677 3068 et
2715 3014 3002 3067 humanum
3050 3029 3235 3080 corpus
3274 3029 3429 3065 assu-

1858 3115 2025 3166 munt,
2052 3104 2126 3157 vel
2150 3104 2213 3157 de
2231 3104 2532 3157 melioribus
2553 3104 2679 3157 locis
2701 3106 2770 3156 ad
2794 3120 2883 3157 nos
2908 3119 3068 3172 usque
3088 3103 3428 3160 descendam;

1858 3196 1932 3246 sic
1962 3205 2009 3246 et
2041 3211 2100 3246 ea
2137 3194 2250 3245 lam
2282 3210 2399 3262 qua:
2438 3212 2597 3260 supra
2633 3205 2753 3248 sunt
2787 3197 2841 3246 in
2886 3195 3217 3263 ﬁrmamento
3243 3232 3257 3252 .
3307 3193 3429 3245 alia!

1859 3291 2052 3340 animte
2083 3287 2404 3355 possideant,
2435 3303 2551 3357 quo:
2580 3288 2644 3340 de
2663 3289 2856 3340 nostris
2883 3287 3092 3340 sedibus
3115 3286 3182 3339 ad
3213 3285 3432 3338 meliora

1857 3381 2158 3446 proﬁciant;
2199 3379 2321 3433 alite
2349 3395 2466 3448 qua:
2508 3380 2570 3432 de
2610 3379 2906 3432 uelestibus
2935 3379 3002 3430 ad
3045 3378 3431 3445 ﬁrmamentum

1859 3485 2020 3538 usque
2047 3470 2277 3536 delapsw
2305 3479 2445 3534 sunt,
2473 3486 2563 3522 nec
2604 3477 2808 3522 tantum
2836 3468 3004 3537 fecere
3025 3477 3331 3537 peccatum,
3375 3478 3432 3519 ιιι

1858 3567 1925 3614 ad
1957 3563 2068 3612 loca
2100 3577 2216 3629 qua:
2245 3561 2524 3614 incolimus
2549 3562 2906 3617 truderentur.

137 3668 419 3725 gestarum,
452 3666 512 3710 et
548 3653 743 3708 altius
772 3659 958 3716 tegere
984 3649 1267 3702 consilium
1315 3645 1436 3711 fuit,
1472 3649 1526 3701 in
1560 3650 1756 3716 quibus
1804 3650 2134 3706 descendere
2177 3652 2433 3705 dicuntur
2474 3652 2527 3705 in
2569 3651 2885 3722 Egyptum,
2929 3651 3013 3705 vel
3059 3651 3325 3719 captivari
3380 3652 3432 3704 in

135 3748 506 3819 Babyloniam,
542 3747 641 3800 vel
674 3745 738 3798 in
769 3743 860 3796 his
901 3742 1032 3810 ipsis
1060 3742 1367 3812 regionibus
1398 3741 1618 3810 quidam
1649 3743 1862 3806 quidem
1907 3744 2182 3799 humiliari
2217 3746 2380 3798 nimis
2407 3757 2460 3802 et
2492 3745 2593 3800 sub
2623 3746 2846 3800 servitio
2881 3745 3016 3800 ellici
3062 3746 3434 3806 dominorum.

137 3840 218 3896 alii
252 3857 381 3896 vero
407 3843 459 3895 in
490 3841 643 3908 ipsis
675 3833 1022 3903 captivitatis
1045 3833 1180 3888 locis
1204 3834 1336 3887 clari
1364 3848 1429 3888 ac
1466 3835 1735 3901 magnilici
1762 3836 1930 3890 habiti
1963 3848 2109 3902 sunt,
2148 3839 2218 3890 ita
2252 3849 2309 3892 ut
2344 3848 2640 3908 potestates
2672 3847 2728 3893 et
2762 3838 3098 3908 principatus
3133 3838 3432 3903 tenuerint,

138 3936 491 4004 regendisque
529 3930 775 4000 populis
809 3929 1124 3994 praulttcrint
1150 3928 1288 3997 (26).
1389 3923 1394 3927 ’

201 4028 533 4096 Κέκρυπται
556 4023 644 4085 δὲ,
667 4021 754 4083 ὡς
770 4019 1072 4089 ἡγούμεθα,
1091 4021 1144 4072 ὲν
1161 4023 1278 4082 ταῖς
1296 4018 1554 4090 ἱστορίαις
1570 4019 1740 4072 ταῦτα

1939 4021 2070 4088 Qua:
2090 4025 2296 4089 omnia,
2325 4033 2385 4077 ut
2413 4023 2670 4087 diximus,
2704 4023 3024 4078 abscondita
3069 4031 3124 4077 et
3153 4022 3328 4078 celata
3382 4023 3436 4077 in

141 4136 156 4164 ι
195 4119 303 4170 Καὶ
329 4119 439 4190 γὰρ
479 4122 514 4189 ἡ
557 4113 840 4187 βασιλεία
877 4111 984 4164 τῶν
1034 4111 1276 4182 οὐρανῶν
1308 4112 1469 4180 ὁμοία
1501 4112 1617 4164 ἐστὶ
1661 4111 1748 4183 θη-

1868 4116 2162 4185 Scripturte
2212 4127 2413 4170 sanctae
2459 4115 2700 4171 historiis
2746 4123 3156 4183 conteguntur,
3207 4115 3336 4184 quia
3382 4125 3438 4168 et

135 4212 316 4282 σαθρῷ
337 4202 748 4284 κεκρυμμένῳ
789 4207 850 4257 ὲν
883 4205 958 4274 τῷ
981 4205 1154 4276 ἀγρῷ,
1179 4205 1236 4256 ὃν
1269 4205 1442 4276 εὑρὼν
1479 4204 1748 4277 ἄνθρωπος

1872 4225 1891 4258 ι
1933 4222 2160 4276 regnum
2193 4206 2451 4260 ctelorum
2487 4207 2662 4260 simile
2695 4216 2782 4260 est
2817 4206 3074 4261 thesauro
3117 4205 3438 4261 abscondito

133 4301 356 4373 ἔκρυψε,
384 4305 480 4357 καὶ
503 4303 630 4356 ἀπὸ
659 4299 774 4368 τῆς
805 4298 977 4366 χαρᾶς
1002 4296 1162 4350 αὑτοῦ
1196 4297 1414 4364 ὑπάγει,
1443 4295 1538 4348 καὶ
1586 4296 1748 4349 πάντα

1868 4297 1919 4352 in
1953 4311 2107 4366 agro,
2139 4311 2297 4366 quem
2332 4311 2455 4350 cum
2494 4297 2767 4350 invenerit
2815 4298 2976 4350 homo
3021 4296 3341 4360 abscondit,
3383 4307 3439 4350 et

129 4394 225 4446 ὅσα
243 4396 358 4464 ἔχει
379 4397 559 4449 πωλεῖ
581 4392 693 4448 καὶ
723 4389 988 4460 ἀγοράζει
1014 4389 1101 4442 τὸν
1123 4389 1288 4460 ἀγρὸν
1310 4391 1534 4444 ἐκεῖνον.
1560 4409 1576 4440 ι
1614 4390 1748 4442 Ἐπι-

1868 4404 1978 4458 prae
2008 4389 2202 4456 gaudio
2238 4389 2380 4442 illius
2407 4389 2575 4453 vadit,
2599 4395 2654 4442 et
2678 4387 2858 4442 omnia
2888 4402 3010 4454 quae
3040 4388 3206 4442 habet
3229 4387 3435 4453 vendit,

132 4488 426 4560 στήσωμεν
445 4483 546 4541 οὖν
571 4487 627 4539 εἰ
665 4482 750 4553 μὴ
770 4480 835 4532 τὸ
859 4479 1180 4551 βλεπόμενον
1203 4481 1304 4549 τῆς
1325 4482 1546 4552 Γραφῆς
1577 4481 1669 4533 καὶ
1700 4479 1748 4533 τί

1868 4487 1916 4531 et
1948 4480 2079 4532 emit
2114 4493 2301 4544 agrum
2335 4477 2482 4532 illum
2517 4476 2580 4530 ⁸⁸.
2622 4495 2642 4528 ι
2676 4475 2730 4529 In
2761 4489 2868 4544 quo
2896 4475 3216 4544 diligentius
3249 4475 3434 4530 consi-

1397 4572 1954 4628 INTERPRETATIO
1988 4571 2196 4628 NOVA.

136 4673 537 4729 Verumtamen
575 4673 858 4732 Salvator
884 4679 1266 4739 congregatum
1300 4672 1450 4725 venit
1473 4686 1600 4725 oves
1628 4686 1744 4738 quae
1771 4671 2048 4741 perierant
2075 4670 2267 4725 domus
2299 4666 2484 4723 Israel.
2504 4666 2750 4737 Cumque
2777 4665 2933 4721 multi
2961 4680 3025 4722 ex
3044 4665 3210 4723 Israel
3237 4666 3439 4723 doctri-

135 4760 253 4797 nam
282 4748 410 4811 ejus
443 4762 556 4798 uon
597 4742 945 4811 receperint,
978 4750 1236 4793 vocantur
1264 4743 1355 4810 qui
1388 4757 1418 4795 e
1447 4741 1718 4809 gentibus.

205 4806 331 4869 um;
363 4818 424 4868 in
463 4806 755 4869 historiis
778 4810 1100 4865 delitescere
1133 4806 1298 4865 nobis
1330 4806 1615 4879 videntur;
1652 4829 1670 4862 ι
1713 4809 1895 4866 simile
1919 4809 2066 4864 enim
2099 4817 2182 4864 est
2208 4822 2433 4878 regnum
2461 4807 2725 4862 caelorum
2757 4807 3016 4863 thesauro
3036 4806 3354 4866 abscondito
3383 4807 3439 4862 in

201 4941 266 4970 ³⁷¹
301 4937 462 4991 Psal.
495 4948 725 4996 Lxxxv,
761 4931 848 4984 15.
931 4929 975 4961 ³⁸
1004 4929 1194 4984 Matth.
1229 4945 1347 4993 xm,
1381 4928 1471 4981 44.

1797 5041 1839 5093 D
1873 5042 2258 5108 fragmentum,
2283 5039 2436 5106 cujus
2470 5039 2656 5106 utique
2687 5050 2862 5094 textus
2896 5037 3368 5108 Graicusinteriit.

1943 5106 2078 5181 (25')
2114 5111 2206 5165 Sic
2233 5125 2361 5181 mss.
2398 5109 2536 5161 Male
2563 5109 2716 5175 editi,
2772 5129 2790 5160 ι
2840 5109 3150 5181 generibus.
3198 5127 3217 5158 ι
3277 5106 3440 5181 Paulo
3498 5119 3517 5125 “

1875 5193 1995 5248 post
2027 5178 2182 5241 niss..
2219 5201 2236 5232 ι
2274 5180 2555 5234 evidentes
2589 5188 2642 5230 et
2675 5181 2808 5232 satis
2839 5178 3151 5232 manifestas
3179 5178 3440 5230 assertio-

1876 5267 1972 5303 nes
2005 5253 2218 5303 hormn.
2248 5269 2266 5302 ι
2298 5249 2462 5312 Editi,
2488 5265 2505 5298 ι
2531 5249 2897 5302 evidentiores
2924 5249 3165 5302 rationes
3192 5261 3436 5302 eorum.»

1938 5320 2054 5390 (26)
2087 5319 2441 5388 Regendisque
2489 5318 2692 5390 populis
2739 5318 3066 5390 prtvfuerint.
3094 5317 3219 5371 Haec
3247 5317 3441 5390 desunt

1871 5391 1922 5443 in
1948 5384 2104 5444 antea
2154 5384 2362 5449 editis,'
2387 5384 2746 5455 reperiuntur
2775 5384 2954 5440 autem
2989 5388 3042 5440 in
3088 5402 3218 5442 mss.
3272 5384 3442 5438 Paulo

1870 5471 1991 5525 post
2027 5474 2183 5524 mss.,
2225 5477 2243 5508 ι
2277 5459 2326 5510 in
2357 5473 2465 5526 quo
2499 5457 2811 5526 diligentius
2836 5457 3119 5510 considera
3150 5457 3192 5510 si
3225 5469 3331 5508 non
3361 5457 3443 5526 in-_

1873 5523 2101 5584 dicatur.
2140 5523 2329 5580 rEditi
2358 5523 2390 5590 ,“
2426 5545 2443 5576 ι
2491 5527 2540 5579 id
2589 5523 2696 5594 quo
2730 5527 3016 5580 dilucidius
3061 5526 3347 5581 considera
3398 5523 3442 5575 si

1874 5616 1979 5652 non
2009 5600 2239 5653 dicatur.
2273 5616 2290 5647 ι
2322 5597 2442 5650 Mox
2472 5611 2626 5661 mss.,
2669 5615 2687 5647 ι
2732 5597 2820 5652 ille
2851 5611 2982 5650 vero
3026 5596 3188 5649 altior
3216 5604 3270 5647 et
3316 5608 3446 5662 pro-

202 5053 316 5123 (Ξῖ)
358 5055 550 5125 βειηίθ
583 5051 743 5125 ,Μεθ’
829 5051 875 5125 .’
979 5113 1008 5125 ..
1043 5115 1052 5125 .
1321 5123 1327 5125 _
1510 5115 1520 5125 .
1697 5114 1728 5125 ,.

200 5114 314 5193 (23)
357 5124 532 5193 Ilunc
583 5121 779 5172 locum
829 5114 1429 5193 iit-editiseurruptum
1480 5115 1557 5168 sic
1591 5114 1764 5193 _resti-

139 5183 475 5248 Inrint'tnss.
517 5190 580 5243 In
615 5196 790 5241 antea
821 5184 979 5254 editis
1008 5183 1218 5254 legitur,
1256 5203 1275 5237 ι
1313 5185 1366 5237 in
1415 5185 1556 5237 hunc
1591 5184 1763 5254 locum

137 5267 514 5320 descendunt.
551 5258 701 5312 Nam
732 5254 843 5306 illis
876 5252 1098 5307 inferna:
1129 5257 1216 5308 hic.
1247 5254 1595 5308 morientium
1634 5252 1756 5304 ani-

139 5353 231 5386 m1!
261 5336 580 5388 dicuntur.
634 5324 828 5380 Credo
855 5323 925 5376 ob
955 5323 1088 5378 hanc
1117 5327 1544 5383 distinctionem.
1581 5342 1600 5374 ι
1648 5331 1756 5376 etc.

140 5404 346 5458 Ibidem
378 5417 560 5461 mss.,
595 5416 616 5448 ι
657 5397 812 5448 sicut
837 5393 1056 5458 dicitur,
1091 5413 1108 5444 ι
1138 5396 1278 5462 quod
1307 5396 1458 5448 deest
1490 5395 1541 5446 in
1573 5393 1759 5447 editis.

202 5474 316 5542 (2.4)
348 5474 455 5526 Sic
495 5483 644 5521 mss.
686 5462 862 5526 Editi,
902 5480 920 5513 ι
963 5463 1377 5542 inhabitaverat.
1421 5482 1440 5514 ι

207 5532 321 5614 (ὣ)
358 5542 534 5596 Unde
575 5548 964 5614 consequens,
1003 5543 1105 5614 etc.
1154 5537 1236 5589 Ab
1259 5535 1346 5588 his
1390 5532 1571 5614 verbis
1594 5545 1764 5599 usque

145 5604 351 5678 adistis,
380 5632 403 5666 ι
431 5624 576 5681 qua:
600 5604 1176 5681 omnia_,utdixitntts,
1207 5623 1225 5656 ι
1259 5614 1388 5663 ete.,
1424 5604 1764 5681 desideratur

149 5665 595 5742 ἶξιῖυξῇτῶευε
613 5665 1064 5754 cujusjacturam
1095 5665 1371 5754 utcunque
1395 5673 1763 5754 reparatalte-
1877 5669 2122 5754 inutilior}.
2150 5687 2168 5718 ι
2205 5667 2368 5754 Editi,
2407 5685 2424 5716 ι
2461 5665 2552 5721 ille
2584 5682 2717 5724 vero
2744 5667 2908 5722 altior
2941 5675 2995 5720 et
3024 5665 3350 5734 profundus.
3388 5683 3405 5714 ι

151 5737 596 5812 τιιῖιῖὖεῖείοηὶε
613 5737 813 5802 sancti
834 5741 1138 5813 Hieronymi
1159 5737 1468 5815 appositmn'
1486 5757 1516 5798 e
1546 5745 1766 5813 regione
1947 5740 2070 5809 (27)‘
2084 5738 2255 5793 Caute
2285 5737 2418 5806 lege.
2859 5797 2861 5800 γ

534 5847 834 5904 ΡΑγιιοι..
879 5837 992 5897 GR.
1039 5838 1146 5900 XI.

3129 5827 3204 5887 13
