3954 6414
527 384 642 441 ’3θὸ

1742 369 2058 428 ΟΒΙΟΞΞΝΙε
2083 370 2258 422 ’ΠΕΡΙ
2297 369 2525 422 ΑΡΧΩΝ

3695 365 3796 421 396

531 509 682 572 dera,
739 505 780 560 si
832 517 936 558 non
970 501 1234 557 indicatur
1261 498 1402 556 quod
1435 497 1604 554 solum
1637 498 1809 568 ipsum
1849 511 1902 555 ct
1931 508 2115 564 supcr-

2228 509 2534 562 ἐπιπόλαιον
2552 508 2718 578 αὐτῆς
2738 507 2830 562 καὶ
2844 506 3152 580 πρόχειρον,
3168 508 3195 560 ὀ
3213 509 3314 570 πᾶς
3332 507 3474 558 ἐστιν
3491 505 3660 576 ἀγρὸς
3676 505 3807 577 πλή-

527 598 697 662 ﬁcies,
733 606 790 650 ttt
815 597 885 650 ita
919 595 1166 659 dixerim,
1191 593 1511 664 Scripturm,
1544 595 1594 647 id
1627 602 1708 648 est
1738 595 1881 662 quod
1907 609 2104 650 secun-

531 691 655 742 dum
689 689 928 742 litteram
966 686 1182 754 legitur,
1216 700 1344 755 ager
1367 695 1445 740 est
1479 685 1758 754 repletus,
1805 696 1858 742 et
1905 686 2104 741 ﬂorens

529 781 769 834 omnium
805 795 1059 850 generum
1091 781 1397 848 plantariis;
1437 779 1523 834 ille
1547 795 1678 835 vero
1710 779 1874 835 altior
1905 791 1957 834 et
1983 797 2108 849 pro-

529 872 748 927 lundior
773 872 1032 941 spiritalis
1065 871 1396 936 intellectus,
1431 871 1531 940 ipsi
1565 881 1693 925 sunt
1727 873 1964 926 thesauri
2018 887 2108 924 sa-

529 965 747 1034 pientiae
770 972 822 1020 et
847 964 1088 1019 scientiae
1110 965 1440 1029 absconditi,
1467 981 1603 1034 quos
1625 965 1859 1037 Spiritus
1886 974 2108 1019 sanctus

529 1071 627 1124 per
671 1057 864 1111 Isaiam
895 1056 1162 1111 obscuros
1211 1065 1265 1110 et
1312 1057 1612 1112 invisibiles
1663 1065 1719 1112 et
1764 1057 2111 1110 absconditos

534 1149 817 1204 thesauros
856 1159 1018 1204 vocat
1051 1148 1204 1215 mm‘0;
1237 1149 1328 1218 qui
1365 1157 1424 1202 ut
1455 1149 1686 1203 inveniri
1720 1150 1954 1218 possint,
2017 1149 2108 1202 Dei

532 1243 806 1310 adjutorio
835 1257 970 1311 OpllS
1003 1251 1107 1306 est,
1159 1242 1251 1310 qui
1299 1241 1444 1296 solus
1486 1251 1664 1311 potest
1717 1251 1903 1312 portas
1938 1257 2110 1296 aereas

535 1333 739 1398 quibus
763 1333 930 1388 clausi
966 1343 1089 1387 sunt
1119 1344 1173 1387 ct
1202 1335 1508 1388 absconditi
1539 1335 1903 1404 confringere,
1945 1343 1998 1386 et
2026 1349 2106 1388 se-

534 1438 625 1478 ras
655 1424 860 1478 ferreas
886 1433 1172 1492 vectesque
1213 1425 1604 1489 comminuere,
1637 1423 1832 1494 quibus
1853 1423 2114 1492 'proliibe-

536 1526 626 1567 tur
658 1517 934 1584 ingressus
963 1516 1311 1584 perveniendi
1346 1517 1412 1570 ad
1444 1531 1506 1570 ea
1541 1516 1720 1569 omnia
1747 1531 1866 1584 qua:
1898 1515 1949 1568 in
2002 1513 2112 1568 Ge-

536 1607 649 1661 nesi
681 1609 746 1662 de
791 1609 1018 1662 diversis
1049 1608 1352 1661 animarum
1403 1608 1696 1677 generibus
1732 1606 1934 1676 scripta
1983 1616 2114 1659 sunt

533 1709 590 1752 et
644 1699 884 1762 obtecta,
931 1708 984 1753 et
1022 1701 1086 1752 de
1111 1699 1199 1754 bis
1227 1700 1524 1755 seminibus
1552 1715 1618 1754 ac
1666 1700 2110 1770 generationibus

536 1808 656 1859 qua:
712 1792 795 1846 vel
852 1792 918 1845 ad
967 1793 1429 1862 propinquitatem
1489 1793 1762 1863 pertinent
1803 1795 1968 1849 Israel
2028 1793 2109 1848 vel

541 1886 700 1955 187
730 1901 849 1954 qum
896 1885 961 1938 ab
984 1885 1100 1954 ejus
1137 1886 1391 1954 progenie
1432 1886 1644 1956 longius
1686 1895 2047 1957 segregantur
2091 1903 2105 1938 :

536 1979 633 2032 sed
656 1988 709 2030 et
731 1993 850 2046 qua:
876 1979 946 2030 sit
972 1977 1057 2030 illa
1086 1978 1365 2032 descensio
1385 1979 1435 2032 in
1457 1979 1744 2051 {Egyptum
1776 1981 2110 2050 septuaginta

543 2071 872 2136 animarum,
905 2086 1025 2138 qua:
1051 2072 1387 2141 septuaginta
1428 2074 1623 2126 anima:
1646 2074 1777 2126 liant
1801 2079 1848 2126 in
1881 2073 2114 2144 zEgypto

538 2165 681 2218 sicut
711 2164 893 2218 sidera
917 2164 1040 2218 οωΙί
1076 2164 1128 2217 in
1160 2163 1524 2218 multitudine.
1553 2165 1656 2219 Sed
1688 2167 1814 2235 quia
1845 2183 1946 2220 non
1982 2185 2170 2224 omnes
2204 2171 2296 2240 qui
2341 2186 2407 2224 ex
2445 2172 2574 2240 ipsis
2600 2179 2782 2233 erant,
2817 2169 2998 2222 lumen
3029 2177 3154 2223 sunt
3181 2168 3336 2236 hujus
3365 2169 3552 2222 mundi

2215 619 2312 672 ρης
2335 599 2686 653 παντοδαπῶν
2715 600 2997 669 τυγχάνων
3015 597 3216 667 φυτῶνε
3244 598 3309 650 τὰ
3328 597 3383 649 δὲ
3402 595 3802 665 ἐναποκείμενα

2208 694 2303 747 καὶ
2325 694 2385 745 οὐ
2410 693 2573 744 πᾶσιν
2594 690 2868 763 ὁρώμενα,
2890 691 3003 746 ἀλλ’
3027 689 3383 761 ὡσπερεὶὺπὸ
3406 688 3473 740 τά
3496 687 3806 757 βλεπόμενα

2215 782 2355 852 φυτά
2378 784 2865 853 κατορωρυγμένα,
2888 785 2934 834 οἱ
2958 781 3222 853 θησαυροὶ
3243 780 3341 849 τῆς
3359 780 3560 849 ,σοφίας
3595 779 3690 830 καὶ
3714 777 3806 845 τῆς

2213 873 2465 943 γνώσεως
2514 875 2852 945 ἀπόκρυφον
2900 873 2993 937 οὖς
3037 891 3187 936 τινας
3221 871 3281 924 τὸ
3317 871 3542 941 Πνεῦμα
3595 869 3685 922 διά
3718 868 3806 920 τοῦ

2224 965 2444 1018 Ἡσαΐου
2498 967 2806 1029 σκοτεινοὺς
2860 966 2952 1018 καὶ
3001 965 3263 1036 ἀοράτους
3314 962 3408 1016 καὶ
3452 961 3807 1032 ἀποκρύφους

2218 1056 2394 1108 καλεῖ·
2431 1055 2565 1108 Θεοῦ
2598 1047 2689 1108 τοῧ
2728 1055 2887 1126 μόνου
2914 1055 3210 1125 δυναμένου
3232 1054 3328 1116 τάς
3345 1052 3696 1124 κρυπτούσας
3715 1050 3808 1102 αὑ-

2219 1147 2347 1210 τοὺς
2404 1147 2572 1210 πύλας
2618 1149 2823 1216 χαλκᾶς
2865 1147 3190 1217 συντρίψαι,
3237 1146 3331 1198 καὶ
3376 1146 3503 1206 τοὺς
3556 1141 3807 1212 σιδηροῦς

2215 1239 2594 1310 ἐπικειμένους
2627 1239 2855 1311 μοχλοὺς
2882 1243 3000 1301 ταῖς
3028 1236 3221 1307 θύραις
3260 1235 3574 1297 συνθλάσαι,
3619 1233 3684 1284 ἵν’
3721 1233 3806 1283 εὑ-

2217 1333 2342 1402 ρεθῇ
2374 1334 2553 1395 πάντα
2582 1333 2647 1404 τᾷ
2671 1335 2729 1385 ἐν
2753 1335 2818 1402 τῇ
2841 1331 3053 1400 γενέσει
3084 1331 3212 1401 περὶ
3236 1327 3342 1381 τῶν
3374 1327 3650 1398 διαφόρων
3680 1324 3810 1394 Em,-

2220 1425 2384 1479 θινῶν
2411 1425 2589 1495 ψυχῆς
2635 1424 2808 1493 γενῶν
2842 1423 2931 1476 καὶ
2964 1421 3126 1475 οἱονεὶ
3153 1418 3482 1491 σπερμάτων
3517 1411 3685 1486 ἐγγύς
3709 1433 3809 1467 που

2218 1517 2308 1570 τοῦ
2351 1517 2567 1588 Ἰσραὴλ
2602 1516 2633 1587 ἦ
2671 1516 2857 1586 πόρρω
2897 1513 3291 1584 τυγχανόντων·
3336 1511 3427 1564 καὶ
3469 1512 3502 1580 ἡ
3543 1511 3601 1571 ἐς
3651 1509 3813 1575 Αἴγυ-

2220 1625 2350 1660 πτον
2377 1608 2600 1670 κάθοδος
2627 1606 2736 1659 τῶν
2768 1606 3137 1676 ἐϐδομήκοντα.
3161 1603 3368 1675 ψυχῶν,
3392 1605 3542 1665 ὅπως
3571 1604 3689 1654 ἐκεῖ
3721 1600 3811 1669 γέ-

2219 1716 2416 1751 νωνται
2439 1698 2570 1750 ὡσεὶ
2597 1697 2663 1750 τὰ
2686 1698 2859 1768 ἄστρα
2889 1695 2980 1748 τοῦ
3021 1694 3250 1766 οὐρανοῦ
3283 1695 3359 1765 τῷ
3406 1693 3622 1764 πλήθει.
3672 1692 3812 1744 Ἀλλ’

2219 1791 2340 1843 ἐπεὶ
2363 1791 2421 1842 οὐ
2459 1789 2655 1851 πάντες
2688 1790 2735 1840 οἱ
2763 1787 2822 1851 ἐξ
2847 1786 3027 1840 αὐτῶν
3070 1787 3184 1856 φῶς
3212 1790 3316 1840 εἰσι
3345 1787 3437 1840 τοῦ
3471 1782 3814 1855 κόσμου,ιού

2216 1880 2326 1955 γὰρ
2354 1885 2552 1942 πάντες
2574 1880 2621 1932 οἱ
2652 1878 2708 1944 ἐξ
2752 1878 2967 1954 Ἰσραὴλ
2998 1871 3143 1930 οὗτοι
3201 1876 3724 1948 Ἰσραὴλ,ιγίνονται
3753 1875 3817 1927 ἐκ

2214 1970 2324 2023 τῶν
2353 1967 2721 2038 ἐϐδομήκοντα
2755 1967 2850 2020 καὶ
2894 1967 3025 2019 ὡσεὶ
3066 1967 3247 2038 ἄμμος
3279 1969 3312 2038 ἡ
3347 1979 3499 2038 παρα
3532 1966 3592 2018 τὸ
3638 1965 3815 2034 xeno;

2218 2062 2316 2131 τῆς
2345 2059 2618 2128 θαλάσσης
2652 2060 2684 2128 ἡ
2712 2058 3100 2130 ἀναρίθμητος.

3588 2188 3600 2222 :
3643 2189 3659 2219 ι
3697 2169 3815 2222 Non

537 2255 682 2308 enim
710 2269 900 2316 omnes
928 2256 1019 2324 qui
1053 2270 1118 2309 ex
1153 2253 1333 2320 Israel,
1371 2258 1422 2310 hi
1454 2255 1712 2312 Israelita:
1745 2271 1870 2312 sunt
1908 2261 1982 2327 “;
2023 2281 2038 2314 ι
2075 2278 2137 2317 ex
2172 2265 2304 2332 ip5ts
2339 2265 2681 2334 septuaginta
2715 2263 3001 2318 animabus
3033 2263 3169 2316 [lunt
3198 2261 3361 2332 aliqui
3395 2273 3449 2317 et
3473 2262 3614 2316 sicut
3646 2279 3815 2316 arcaa

538 2360 659 2415 quae
695 2357 775 2401 est
807 2349 872 2400 ad
897 2363 1048 2401 oram
1085 2349 1250 2401 maris
1278 2349 1692 2404 innumerabilis
1727 2349 1864 2420 (ἳὸ).

605 2441 698 2493 24.
745 2439 876 2506 Qua:
907 2441 1195 2496 descensio
1242 2453 1553 2498 sanctorum
1603 2454 1817 2514 patrum
1853 2447 1906 2501 in
1945 2446 2120 2517 [Egy-
2156 2457 2197 2510 Β
2242 2446 2676 2502 institutionibus
2707 2447 2760 2502 iu
2792 2455 2935 2502 terra
2961 2455 3150 2500 sancta
3177 2444 3468 2500 vivendum
3501 2444 3593 2498 sit.
3631 2445 3818 2498 Sedet

535 2539 712 2600 ptum,
744 2531 796 2585 in
822 2533 965 2586 hunc
994 2536 1254 2587 mundum
1289 2535 1462 2590 videri
1495 2538 1698 2604 poterit
1731 2539 1799 2593 ad
1838 2538 2104 2593 illumina-

539 2622 744 2677 tionem
792 2634 1115 2680 caeterorum
1170 2636 1331 2695 atque
1385 2629 1604 2682 humani
1660 2631 1880 2700 generis
1908 2631 2115 2686 instru-

541 2715 782 2772 ctionem
831 2732 859 2771 a
909 2719 1247 2786 providentia
1301 2719 1394 2775 Dei
1445 2735 1566 2776 esse
1597 2737 1858 2778 concessa
1884 2765 1898 2788 ,
1932 2734 1990 2778 ut
2020 2739 2118 2793 per

541 2819 638 2862 eos
689 2815 901 2862 (cetera!
947 2809 1144 2864 anima:
1217 2809 1537 2864 illumiualze
1583 2813 1926 2882 juvarentur.
1983 2814 2118 2883 Ipsis

541 2897 687 2949 enim
733 2898 929 2966 primis
978 2914 1240 2954 concessa
1286 2909 1415 2954 sunt
1448 2901 1665 2970 eloquia
1700 2902 1792 2957 Dei
1818 2944 1832 2966 ,
1861 2904 2118 2973 quoniam

541 2986 718 3040 solum
757 2987 902 3042 istud
947 2998 1030 3042 est
1059 3004 1231 3057 genus
1267 2990 1410 3060 quod
1456 2991 1641 3046 videre
1667 2993 1870 3053 dicitur
1908 2993 2118 3059 Deum;

544 3077 652 3132 hoc
681 3078 825 3133 enim
877 3079 1090 3134 Israelis
1118 3096 1315 3136 nomen
1365 3082 1636 3154 signiﬁcat
1680 3084 2120 3154 interpretatum.

543 3169 666 3228 Jam
697 3187 826 3227 vero
862 3189 1203 3243 consequens
1253 3186 1338 3230 est
1372 3184 1430 3230 ut
1468 3177 1766 3231 secundum
1807 3178 1921 3232 haec
1952 3179 2122 3247 aptari

545 3265 746 3320 debeat
799 3274 852 3320 et
903 3265 1255 3335 interpretari
1322 3267 1453 3322 illud
1506 3269 1652 3338 quod
1720 3269 1906 3324 decem
1954 3269 2126 3339 plagis

549 3354 820 3424 Egyptus
866 3357 1191 3411 verberatur
1249 3368 1312 3412 ut
1371 3359 1464 3413 Dei
1532 3360 1786 3430 p0pnlum
1845 3363 2128 3430 permittat

548 3445 724 3507 exire,
757 3444 840 3497 vel
875 3459 936 3498 ea
970 3460 1092 3512 quae
1120 3447 1170 3498 in
1207 3447 1422 3502 deserto
1445 3464 1564 3503 cum
1613 3451 1810 3519 populo
1839 3459 2126 3520 geruntur,

549 3534 638 3588 vel
667 3535 809 3604 quod
842 3549 909 3590 ex
951 3536 1242 3592 collatione
1284 3542 1464 3595 omnis
1508 3543 1691 3612 populi
1721 3544 2127 3598 tabernaculum

553 3627 926 3694 construitur,
961 3629 1048 3683 vel
1098 3631 1477 3689 indumentum
1516 3636 1856 3692 sacerdotale
1888 3640 2134 3694 contexi-

554 3732 680 3790 tur,
713 3725 805 3779 vel
850 3727 918 3782 de
947 3725 1097 3780 vasis
1139 3724 1428 3778 ministerii
1476 3740 1808 3798 quatcunqne
1847 3728 2124 3791 dicuntur,

555 3813 684 3879 quia
713 3827 861 3876 vere,
911 3812 1057 3868 sicut
1108 3812 1370 3881 scriptum
1401 3822 1544 3878 est,
1579 3815 1825 3869 umbram
1853 3816 1904 3870 in
1936 3832 1997 3870 se
2025 3817 2138 3872 for-

554 3917 814 3972 mamque
843 3903 1146 3960 cmlestinm
1170 3905 1475 3961 continent.
1503 3905 1789 3962 Manilcste
1818 3909 1960 3962 enim
1994 3908 2138 3962 Pau-

555 3994 644 4050 lus
675 3995 751 4048 ait
777 3996 846 4050 de
876 3995 1016 4063 illis,
1050 3997 1176 4065 quia
1224 4016 1242 4049 ι
1281 3999 1485 4053 umbra:
1515 4008 1570 4053 et
1599 3999 1900 4070 exemplari
1943 4002 2133 4055 deser-

559 4087 716 4141 viunt
741 4087 1047 4143 caelestium
1076 4087 1141 4146 “.
1184 4107 1202 4141 ι
1236 4090 1292 4144 In
1328 4090 1428 4146 hac
1454 4092 1643 4146 eadem
1695 4092 1809 4160 lege
1851 4093 2014 4146 etiam
2051 4093 2133 4146 ni-

2219 2539 2672 2594 comminationes
2701 2539 2890 2608 posita:
2917 2549 3044 2592 sunt
3078 2538 3164 2592 bis
3191 2537 3283 2606 qui
3313 2537 3661 2606 prazvarieati
3701 2538 3816 2592 fue-

2220 2631 2331 2686 rint
2364 2631 2574 2700 legem,
2610 2644 2816 2685 neenon
2859 2640 2914 2684 et
2941 2629 3024 2683 bis
3053 2628 3144 2697 qui
3181 2627 3565 2698 purificatione
3599 2629 3816 2697 indige-

2220 2723 2372 2786 bant,
2403 2724 2618 2778 diversa
2650 2721 3098 2793 puriﬁcationum
3127 2735 3348 2791 genera,
3383 2720 3530 2775 velut
3561 2722 3654 2789 qui
3693 2720 3810 2776 fre-

2220 2814 2475 2882 quentius
2527 2821 2711 2868 essent
2738 2813 3039 2882 polluendi,
3085 2812 3410 2878 traduntur,
3465 2821 3525 2865 ut
3576 2827 3674 2880 per
3706 2814 3822 2866 haec

2226 2904 2440 2957 tandem
2479 2903 2545 2956 ad
2576 2903 2724 2957 illam
2750 2919 2914 2958 unam
2961 2903 3393 2973 puriﬁcationem
3423 2904 3670 2970 veniant,
3697 2914 3822 2972 post

2223 3009 2383 3064 quam
2443 2993 2606 3064 pollui
2648 2993 2790 3049 ultra
2825 3009 2928 3049 non
2972 2995 3120 3049 licet.
3161 2993 3266 3048 Sed
3321 3003 3374 3049 et
3402 2995 3468 3048 ad
3519 3010 3814 3048 numerum

2226 3089 2457 3157 populus
2487 3090 2601 3157 ipse
2634 3088 2920 3142 deducitur
2941 3128 2956 3153 ,
3003 3087 3129 3142 licet
3160 3102 3263 3141 non
3312 3101 3506 3142 omnes
3533 3105 3547 3154 ;
3577 3089 3825 3156 pueriles

2229 3194 2460 3248 namque
2505 3181 2700 3234 animae
2749 3181 2987 3234 nondum
3036 3189 3246 3248 tempus
3281 3178 3487 3233 habent
3521 3195 3590 3233 ex
3627 3181 3819 3234 divino

2229 3283 2500 3341 praecepto
2531 3273 2804 3326 numerari
2833 3291 2847 3339 ;
2881 3271 2975 3326 sed
3003 3286 3070 3324 ne
3093 3270 3194 3325 illa:
3218 3270 3433 3340 quidem
3473 3273 3672 3324 animm
3697 3288 3822 3340 qua:

2231 3380 2336 3419 non
2372 3375 2598 3434 possunt
2643 3365 2757 3418 ﬁeri
2793 3363 3020 3418 alterius
3055 3372 3254 3432 caput,
3288 3363 3380 3417 sed
3413 3363 3547 3430 ipsa:
3581 3366 3823 3416 subtlittc

2231 3464 2359 3510 sunt
2401 3455 2522 3510 aliis
2556 3454 2704 3509 velut
2749 3453 2909 3523 capiti
2954 3469 2969 3518 ;
3017 3468 3154 3522 quas
3189 3452 3444 3507 mulieres
3481 3454 3828 3518 nominavit,

2233 3562 2353 3618 quae
2384 3548 2569 3617 utique
2603 3563 2706 3600 non
2737 3547 3084 3600 adducuntur
3112 3542 3223 3613 (‘29)
3255 3544 3308 3598 in
3331 3545 3823 3624 'numerumillu‘m

2235 3639 2327 3708 qui
2357 3654 2386 3692 a
2419 3637 2531 3692 Deo
2559 3637 2874 3707 praecipitur
2915 3654 2928 3689 :
2969 3635 3060 3690 sed
3094 3634 3168 3689 illi
3200 3634 3299 3688 soli
3331 3625 3828 3703 numerantur'qtti

2235 3730 2336 3784 viri
2367 3730 2710 3798 appellantur
2733 3771 2746 3794 ,
2779 3745 2884 3797 quo
2911 3729 3120 3784 scilicet
3165 3729 3551 3783 ostenderetur
3581 3741 3686 3779 non
3725 3742 3830 3780 eas

2241 3835 2403 3890 posse
2435 3821 2778 3875 extrinsecus
2811 3821 3108 3884 numerari,
3142 3820 3235 3874 sed
3264 3821 3314 3872 in
3345 3821 3430 3873 his
3461 3821 3552 3887 qui
3593 3819 3696 3871 viri
3728 3836 3831 3885 ap—

2242 3911 2533 3980 pellantur,
2569 3911 2732 3964 ctiam
2765 3927 2859 3964 eas
2889 3912 3298 3978 cuniprcbendi.
3330 3910 3609 3979 Praecipue
3638 3919 3828 3962 tamen

2241 4005 2306 4057 ad
2350 4011 2597 4058 sanctum
2647 4016 2931 4055 numerum
2980 4001 3090 4071 (50)
3137 4002 3364 4054 veniunt
3413 4000 3464 4054 lii
3517 3999 3608 4069 qui
3642 3999 3830 4068 parati

2238 4105 2367 4150 sunt
2398 4095 2464 4148 ad
2496 4092 2793 4146 Israelitica
2826 4092 2966 4147 bella
3001 4093 3316 4162 procedere,
3343 4091 3434 4159 qui
3475 4101 3700 4159 possunt
3725 4092 3836 4143 ad-

561 4180 858 4238 hilominus
904 4183 1256 4251 continetur,
1304 4185 1505 4256 quibus
1549 4185 1784 4256 legibus
1829 4187 2136 4253 quibusque
2165 4178 2208 4236 C
2243 4200 2431 4238 versus
2458 4183 2580 4237 illos
2599 4183 2781 4237 hostes
2811 4183 3178 4252 inimicosque
3212 4182 3417 4236 bellare
3449 4197 3586 4250 quos
3610 4179 3833 4236 sedenti

1826 4279 2381 4334 INTERI’RETATIO
2413 4277 2619 4333 NOVA.

563 4391 716 4444 agro,
748 4389 908 4445 quem
932 4373 1023 4445 qui
1059 4375 1264 4429 invenit
1289 4377 1451 4432 homo
1486 4377 1788 4442 abscondit,
1818 4385 1871 4431 et
1899 4392 2007 4443 pra:
2030 4377 2224 4445 gaudio
2255 4377 2396 4431 illius
2430 4377 2608 4439 vadit,
2645 4387 2699 4430 et
2735 4375 2919 4429 vendit
2949 4377 3199 4429 universa
3233 4391 3352 4442 qua:
3382 4375 3555 4430 habet
3597 4383 3651 4428 ct
3688 4375 3837 4428 emit

565 4461 756 4568 agrum
789 4446 963 4500 illum.
1004 4463 1023 4497 ι
1061 4447 1418 4500 Attendamus
1455 4447 1620 4513 igitur
1649 4463 1716 4499 an
1753 4463 1857 4500 non
1889 4447 2031 4517 quod
2060 4449 2280 4502 obvium
2321 4458 2422 4510 est,
2459 4448 2602 4516 quod
2635 4445 2806 4500 oculis
2860 4448 3105 4499 cernitur
3134 4447 3185 4500 in
3221 4445 3526 4514 Scriptura,
3570 4447 3839 4512 quodque

567 4517 604 4568 il
633 4516 715 4568 ius
746 4516 912 4568 veluti
949 4516 1270 4568 suuerlicies
1302 4526 1403 4568 est.
1437 4517 1508 4568 sit
1533 4518 1710 4568 omnis
1742 4531 1868 4568 ager
1895 4516 2084 4568 nlenus
2116 4517 2318 4568 nlanlis
2341 4517 2631 4568 cuiuslibet
2664 4516 2879 4568 generis
2903 4532 2917 4568 :
2943 4531 3084 4568 una:
3120 4526 3300 4568 autem
3353 4518 3629 4568 recondita
3671 4524 3833 4568 sunt.

567 4516 715 4571 illius
746 4516 912 4569 veluti
949 4516 1270 4584 superﬁcies
1302 4526 1403 4579 est,
1437 4517 1508 4571 sit
1533 4518 1710 4570 omnis
1742 4531 1868 4586 ager
1895 4516 2084 4585 plenus
2116 4517 2318 4584 plantis
2341 4517 2631 4585 cujuslibet
2664 4516 2879 4586 generis
2903 4532 2917 4580 ;
2943 4531 3084 4584 quae
3120 4526 3300 4571 autem
3353 4518 3629 4569 recondita
3661 4524 3833 4586 sunt,

567 4600 673 4638 nec
709 4587 965 4640 omnibus
1001 4586 1412 4654 conspicabilia,
1445 4589 1537 4640 sed
1570 4587 1734 4641 veluti
1773 4584 1874 4640 sub
1895 4584 2012 4640 illis
2039 4603 2160 4654 quae
2199 4584 2493 4640 cernuntur
2519 4584 2718 4654 plantis
2749 4585 2987 4649 defossa,
3025 4587 3267 4638 thesauri
3299 4586 3407 4639 sint
3443 4584 3725 4654 sapientia:
3769 4594 3838 4635 et

577 4655 826 4709 scientitn
857 4656 1181 4719 absconditi,
1221 4671 1355 4723 quos
1391 4657 1627 4724 Spiritus
1679 4672 1773 4723 per
1805 4656 1995 4710 Isaiam
2029 4657 2346 4710 tenebrosos
2371 4696 2385 4719 ,
2431 4657 2734 4710 invisibiles
2779 4666 2832 4708 et
2867 4657 3214 4709 absconditos
3252 4667 3449 4717 vocat,
3503 4672 3619 4709 cum
3674 4655 3839 4707 solus

568 4724 716 4794 Deus
738 4726 933 4793 possit,
965 4740 1086 4793 qua:
1116 4724 1260 4794 ipsos
1288 4727 1638 4789 concludunt,
1670 4735 1852 4792 portas
1878 4741 2048 4779 aereas
2079 4727 2448 4794 cciifringere,
2481 4738 2535 4781 et
2566 4728 2774 4780 lel'l‘COS
2803 4735 2982 4779 vectes
3007 4728 3177 4794 portis
3203 4727 3480 4793 appositus
3507 4735 3840 4786 conterere,

569 4801 629 4845 ut
663 4793 1016 4847 inveniantur
1043 4793 1383 4864 quiecunque
1422 4797 1474 4848 iu
1504 4795 1699 4850 Genesi
1729 4799 1793 4849 de
1836 4796 2064 4849 diversis
2109 4806 2162 4851 et
2200 4793 2342 4850 veris
2391 4799 2699 4851 animarum
2749 4793 3040 4863 generibus
3069 4807 3120 4848 et
3170 4796 3331 4848 veluti
3370 4796 3665 4847 seminibus
3702 4809 3842 4859 qua:

571 4877 742 4936 prope
768 4863 942 4936 Israel
973 4863 1056 4916 vel
1083 4867 1272 4936 procul
1299 4863 1452 4929 sunt,
1493 4865 1862 4930 continentur;
1892 4865 1985 4918 sed
2027 4875 2082 4920 et
2109 4868 2402 4921 descensus
2436 4870 2486 4922 in
2526 4866 2822 4936 IEgyi‘itum
2874 4867 3214 4934 septuaginta
3256 4866 3604 4936 animarum,
3657 4873 3714 4914 ut
3749 4864 3842 4914 Ηιί

572 4932 642 4984 ad
675 4933 1075 4987 multitudinem
1107 4934 1383 4989 stellarum
1437 4936 1560 4989 (ια)ιί
1612 4943 1934 5004 augeantur.
1970 4937 2171 4989 Verum
2243 4939 2463 4990 uoniam
2501 4932 2620 4989 non'
2637 4932 2824 4986 omnes
2863 4941 2952 5001 qui
2985 4951 3048 4986 ex
3076 4932 3205 4987 'illis
3253 4945 3416 4993 sunt,
3466 4934 3638 4985 lumen
3694 4943 3849 4984 sunt.

575 5002 787 5057 mundi.
816 5020 835 5053 ‹
871 5017 975 5056 non
1006 5003 1148 5056 enim
1180 5019 1366 5057 omnes
1397 5008 1486 5057 aui
1517 5021 1584 5057 ex
1621 5003 1788 5057 Israel
1815 5013 1959 5057 sunt.
1993 5007 2026 5057 ii
2060 4953 2492 5057 ειιιιιῗδτιιοιίιιι).
2524 5025 2542 5057 ι
2581 5021 2646 5057 ex
2673 5007 3010 5057 septuaginta
3041 5007 3256 5057 uuidam
3283 5007 3445 5057 etiam
3481 5005 3615 5056 sicut
3641 5017 3827 5054 arena

575 5002 787 5067 mundi,
816 5020 835 5053 ‹
871 5017 975 5074 non
1006 5003 1148 5056 enim
1180 5019 1366 5059 omnes
1397 5008 1486 5072 qui
1517 5021 1584 5058 ex
1621 5002 1788 5058 Israel
1815 5013 1959 5069 sunt,
1993 5007 2026 5060 ii
2060 5016 2186 5060 sunt
2215 5002 2492 5070 lsraclitae,
2524 5025 2542 5058 ι
2581 5021 2646 5058 cx
2673 5007 3010 5073 septuaginta
3041 5007 3256 5074 quidam
3283 5007 3445 5058 etiam
3481 5005 3615 5056 sicut
3641 5017 3827 5054 arena

573 5088 693 5135 qum
725 5082 808 5126 est
835 5073 902 5125 ad
934 5072 1086 5126 littus
1115 5075 1284 5127 maris
1319 5075 1759 5139 innumerabilis,
1797 5077 2254 5144 multiplicantur.

644 5165 767 5198 ³⁹ο¹⁵⁰
803 5163 906 5221 Isa.
944 5184 1064 5223 XLv.
1142 5171 1185 5200 “
1212 5169 1369 5223 Rom.
1400 5185 1476 5233 ix,
1511 5168 1562 5222 6.
1639 5170 1684 5200 "
1709 5168 1874 5224 Hebr.
1912 5185 2033 5232 vui,
2064 5171 2119 5225 5.

649 5261 761 5332 ('28)
792 5264 884 5319 Sic
919 5282 1046 5322 mss.
1081 5267 1217 5320 Editi
1245 5308 1260 5332 ,
1303 5285 1321 5316 ι
1365 5266 1804 5321 innumerabiles.
1842 5285 1860 5316 ι

650 5332 762 5401 (29)
797 5335 886 5389 Sic
922 5352 1052 5390 mss.
1095 5337 1256 5401 Editi,
1293 5357 1310 5388 ι
1351 5337 1638 5392 adduntur.
1680 5355 1698 5386 ›

652 5400 762 5472 (50)
797 5403 1065 5473 Praecipue
1109 5418 1280 5459 tamen
1324 5407 1390 5458 ad
1422 5419 1660 5460 sanctum
1697 5422 2001 5467 numerum,
2033 5414 2143 5460 etc.

582 5469 816 5546 Sanctus
862 5469 1224 5546 Hieronymus
1275 5477 1432 5544 epist.
1479 5476 1546 5530 94
1610 5478 1676 5529 ad
1737 5478 1951 5546 Avitum
2008 5478 2148 5546 hunc

583 5541 758 5617 locum
785 5559 1010 5617 carpere
1036 5541 1247 5599 videtur
1268 5541 1352 5600 liis
1374 5547 1554 5617 verbis
1582 5564 1594 5598 :
1623 5565 1641 5596 ‹
1671 5547 1811 5617 Dicit
1842 5545 2146 5617 (Origenes)

584 5610 779 5683 inﬂue
805 5610 1045 5668 omnium
1083 5629 1286 5680 rerum,
1325 5616 1541 5683 quando
1576 5617 1642 5668 ad
1669 5610 2148 5669 cmlest‘em'Jcrul

585 5681 751 5734 salem
789 5685 1063 5738 reversuri
1083 5698 1290 5746 sumus,
1312 5681 1742 5738 allversariarum
1773 5685 2144 5740 l'ortitudinum

588 5761 781 5806 contra
827 5753 1080 5822 [repulus]
1127 5754 1222 5810 Dei
1275 5754 1414 5810 bella
1451 5769 1798 5828 consurgere,
1853 5765 1909 5810 ut
1943 5771 2044 5811 non
2075 5759 2147 5811 sit

2181 5280 2226 5334 Ῑ)
2258 5283 2442 5322 eorum
2475 5268 2650 5321 otiosa
2685 5266 2872 5327 virtus,
2906 5265 2998 5320 sed
3031 5272 3392 5319 exerceantur
3420 5262 3502 5334 ad
3537 5258 3735 5330 praelia,
3794 5272 3866 5334 et

2257 5341 2495 5393 habeant
2545 5337 2822 5390 materiam
2877 5337 3109 5400 roboris,
3140 5349 3302 5403 quam
3354 5333 3862 5403 utiqueconseqni

2259 5426 2362 5461 non
2394 5407 2629 5476 possint,
2658 5407 2758 5459 nisi
2791 5405 2956 5459 fortes
2991 5401 3224 5472 primum
3259 5402 3582 5476 adversariis
3608 5401 3729 5451 iusti
3755 5410 3865 5476 lg—

2255 5471 2556 5545 rittt,'quos
2591 5477 2800 5528 ratione
2831 5485 2883 5528 et
2911 5471 3100 5528 ordine
3130 5483 3185 5526 et
3213 5473 3428 5528 solertia
3469 5471 3863 5540 repugnandi.

2256 5548 2310 5600 in
2363 5548 2501 5601 libro
2559 5545 2912 5598 Numerorum
2985 5545 3208 5613 legimus
3269 5557 3390 5613 esse
3444 5548 3744 5613 superatos.
3836 5558 3860 5589 ι

2257 5615 2452 5670 Verum
2489 5618 2604 5669 halt:
2635 5616 2812 5668 onmia
2846 5630 2965 5683 quae
3003 5609 3202 5683 legerat
3245 5614 3298 5666 iit
3345 5609 3531 5683 Grrern
3563 5609 3822 5676 IIieroxiy
3849 5640 3866 5648 -

2259 5702 2401 5752 mus,
2429 5698 2521 5739 aut
2547 5682 2904 5741 dissititulavit
2942 5682 3187 5752 Ilulinus,
3217 5694 3308 5739 aut
3332 5683 3387 5736 in
3413 5682 3570 5736 alium
3600 5692 3864 5754 sensum

2261 5758 2508 5812 detorsit.
3018 5765 3020 5767 ’
