3954 6414
159 352 244 410 397

1484 353 1684 410 LIBER
1719 353 2066 422 QUARTUS.

3285 356 3388 414 398

164 460 190 499 ι
213 442 396 498 dextris
421 440 536 496 suis
569 439 731 498 Filio
764 442 982 511 subiicit
1013 443 1202 510 Pater,
1248 452 1306 500 ut
1339 445 1583 501 destruat
1609 463 1718 500 om-
1745 453 1791 507 Α
1889 445 1981 503 25.
2013 446 2119 500 Sed
2148 444 2431 501 videndum
2477 451 2558 498 est
2592 457 2658 498 ne
2703 442 2842 534 fprte
2879 443 3052 512 magis
3082 444 3213 500 illud
3246 446 3389 502 imii-

1818 553 1942 592 care
1974 538 2236 601 videatur,
2257 538 2404 608 quod
2431 537 2570 590 sicut
2603 538 2653 589 in
2695 535 3121 590 Dcuteronomio
3150 537 3386 592 eviden-

1816 639 1921 685 ttor
1965 639 2019 684 et
2066 630 2410 684 manifestior
2439 627 2704 698 legislatio
2750 627 3084 694 declaratur,
3119 644 3284 697 quam
3333 629 3388 682 in

1816 723 1900 778 his
1934 737 2051 792 quae
2087 723 2262 791 primo
2291 721 2402 790 (54)
2436 719 2638 788 scripta
2665 728 2833 783 sunt;
2868 718 2939 771 ita
2981 728 3034 773 et
3082 719 3152 772 ab
3191 734 3256 773 co
3294 720 3392 772 ad-

1816 823 1975 868 ventu
2000 812 2299 867 Salvatoris
2318 824 2480 880 quem
2510 811 2564 862 in
2596 808 2901 863 humilitate
2925 808 3239 877 complevit,
3267 825 3387 863 cum

1817 905 2043 960 formatn
2071 906 2214 958 servi
2247 901 2522 971 suscepit,
2552 901 2753 955 clarior
2790 901 2878 954 ille
2905 911 2957 953 et
2985 901 3275 970 gloriosior
3303 916 3391 954 se-

1815 997 2022 1052 cundus
2051 996 2104 1050 in
2129 995 2298 1064 gloria
2332 993 2514 1048 Patris
2567 990 2685 1059 ejus
2717 991 2988 1046 indicetur
3021 992 3306 1055 adventus,
3336 998 3393 1046 et

1814 1089 1866 1142 in
1909 1087 2002 1143 illo
2048 1087 2222 1141 forma
2267 1083 2674 1138 Dcuteronomii
2722 1083 3096 1152 compleatur,
3139 1099 3262 1137 cum
3331 1085 3385 1135 in

1814 1195 1980 1252 regno
2003 1179 2265 1234 caelorum
2297 1176 2468 1230 sancti
2499 1187 2688 1229 omnes
2718 1174 2905 1227 teterni
2936 1173 3077 1250 illius
3103 1175 3383 1243 Evangelii

1813 1270 2020 1343 legibus
2047 1268 2158 1342 (55)
2189 1268 2391 1330 vivent,
2434 1274 2487 1321 et
2535 1264 2678 1319 sicut
2705 1278 2848 1317 nunc
2895 1263 3191 1318 adveniens
3217 1263 3385 1334 legem

157 550 257 591 nem
282 534 646 604 principatum
680 549 751 589 ac
782 545 1134 604 potestatem;
1166 545 1224 589 ut
1254 552 1348 606 per
1366 539 1463 592 hos
1487 538 1714 591 militum

159 642 346 682 suorum
377 641 644 681 numeros
677 628 780 697 qui
834 628 942 683 Deo
973 629 1267 685 militantes
1304 643 1410 682 non
1445 644 1503 684 se
1537 630 1714 697 impli-

155 730 254 778 cant
286 717 513 788 negotiis
543 721 950 787 saecularibus,
982 722 1274 776 adversarii
1295 738 1457 792 regna
1491 723 1716 777 subver-

157 826 246 880 tat;
276 829 301 867 a
329 813 524 877 quibus
555 822 729 867 scuta
770 813 896 867 fidei
929 814 1393 877 circumferuntur,
1423 824 1475 870 et
1499 816 1715 884 sapien-

153 908 223 960 tiae
243 905 334 960 tela
357 905 687 969 vibrentur,
713 907 886 958 etiam
909 907 958 959 in
980 907 1169 976 quibus
1190 905 1301 974 spei
1323 904 1432 977 (5t)
1451 917 1501 959 et
1518 906 1712 960 salutis

147 1000 270 1069 galea
295 1007 568 1060 coruscet,
594 1011 668 1051 ac
697 997 874 1052 lorica
901 998 1163 1051 claritatis
1195 996 1325 1069 (δι’)
1361 997 1473 1052 Deo
1499 997 1711 1068 plenum

145 1091 320 1144 muniat
348 1098 565 1158 pectus.
595 1089 780 1145 Tales
817 1091 1029 1159 quidem
1065 1090 1198 1144 mihi
1229 1091 1481 1143 videntur
1513 1090 1712 1143 milites

143 1180 362 1244 indicari,
392 1190 448 1234 et
478 1183 550 1234 ad
591 1181 987 1249 hujuscemodi
1015 1182 1149 1236 bella
1180 1183 1499 1251 praeparari,
1533 1182 1586 1236 hi
1618 1181 1706 1250 qui

144 1272 183 1324 in
214 1273 395 1327 divinis
441 1273 611 1327 libris
661 1287 775 1341 per
808 1273 900 1328 Dei
944 1286 1264 1343 praeceptum
1314 1275 1586 1328 nmnerari
1623 1276 1711 1344 ju-

139 1367 316 1420 bentnr.
347 1365 561 1418 llnrum
591 1381 742 1422 vero
769 1369 942 1422 multo
973 1367 1228 1422 clariores
1252 1366 1711 1436 perfectioresque

140 1459 452 1529 designantur
485 1459 565 1512 illi
602 1476 859 1529 quorum
891 1461 1055 1515 etiam
1085 1459 1268 1528 capilli
1299 1458 1490 1526 capitis
1522 1474 1712 1514 nume-

134 1549 218 1601 rati
261 1565 374 1604 esse
420 1550 730 1604 dicuntur.
769 1549 848 1603 llli
895 1564 1027 1604 sane
1077 1549 1166 1617 qui
1217 1549 1388 1617 puniti
1439 1557 1563 1604 sunt
1612 1564 1709 1618 pro

134 1643 367 1708 peccatis,
411 1656 669 1711 quorum
722 1655 956 1710 corpora
997 1642 1314 1696 ceciderunt
1364 1642 1417 1695 in
1469 1642 1706 1706 deserto,

129 1735 516 1788 similitudinem
551 1735 838 1788 videntur
869 1732 1071 1788 habere
1099 1749 1283 1789 eorum
1329 1733 1420 1803 qui
1459 1734 1705 1802 profece-

128 1839 228 1882 rant
252 1828 465 1898 quidem
501 1843 620 1882 non
657 1843 898 1898 parum,
929 1831 1022 1884 sed
1063 1828 1128 1882 ad
1159 1827 1318 1882 linem
1352 1827 1708 1897 perfectionis

126 1923 375 1990 pervenire
438 1923 698 1976 minime
761 1930 1074 1991 potuerunt
1113 1922 1342 1977 diversis
1389 1936 1455 1975 ex
1503 1922 1701 1985 causis,

126 2015 242 2081 quod
269 2014 346 2067 vel
372 2029 808 2077 murmurasse,
837 2015 919 2068 vel
955 2015 1094 2068 idola
1121 2014 1388 2080 coluisse,
1423 2013 1505 2067 vel
1538 2013 1709 2067 forni-

125 2106 206 2159 cati
233 2120 346 2160 esse
377 2105 686 2170 dicuntur,
711 2105 798 2159 vel
839 2105 942 2159 tale
969 2105 1169 2175 aliquid
1196 2105 1360 2174 quale
1389 2105 1573 2173 utique
1598 2121 1704 2159 non

125 2196 277 2250 liceret
307 2207 494 2250 mente
529 2197 870 2265 concipere.
912 2197 1016 2249 Sed
1055 2211 1120 2250 ne
1174 2196 1300 2250 illud
1351 2197 1567 2265 quidem
1610 2212 1704 2251 sa-

119 2297 363 2344 cramento
393 2290 597 2358 aliquo
645 2303 890 2342 vacuum
924 2297 1076 2355 puto,
1108 2291 1247 2356 quod
1280 2289 1500 2358 quidam
1534 2289 1702 2342 multa

120 2389 358 2451 pecoraet
397 2379 586 2434 multa
647 2379 920 2433 animalia
967 2380 1227 2434 habentes
1279 2380 1618 2448 prmveniunt
1651 2391 1707 2434 et

117 2473 628 2544 prteripiuntlocum
655 2480 854 2541 aptum
876 2471 1122 2541 pastibus
1149 2471 1258 2542 (52)
1278 2481 1330 2524 et
1354 2472 1707 2526 nutrimentis

114 2579 338 2632 pecorum
367 2605 384 2629 ,
413 2580 598 2635 quem
657 2563 906 2631 primum
957 2563 1194 2616 omnium
1243 2561 1528 2617 lsraelitici
1579 2561 1704 2616 belli

113 2658 269 2712 dextra
294 2657 664 2713 defenderat.
710 2654 890 2721 Quem
919 2653 1092 2708 locum
1125 2655 1285 2724 188
1320 2670 1348 2707 a
1390 2654 1573 2724 Moyse
1607 2657 1702 2708 deo

111 2760 386 2818 pascentes,
429 2750 591 2804 ultra
628 2746 907 2804 Jordanis
937 2745 1133 2801 ﬂuenta
1159 2756 1504 2814 separantur,
1541 2754 1703 2813 atque

109 2855 133 2896 a
156 2850 299 2898 terra
341 2852 562 2898 sanctae
597 2839 966 2911 possessione
1011 2848 1389 2892 secernuntur.
1423 2837 1523 2903 Qui
1571 2835 1699 2892 Jor-

106 2934 238 2988 danis
279 2934 457 2988 videri
511 2940 722 3002 potest
769 2930 1065 2985 secundum
1115 2927 1420 2982 caelestium
1471 2928 1702 2981 formam

106 3025 259 3092 rigare
279 3033 331 3081 et
362 3024 664 3079 inundare
699 3023 917 3076 animas
942 3022 1213 3082 sitientes,
1239 3028 1294 3074 et
1323 3034 1518 3074 sensus
1549 3019 1699 3086 adja-

106 3126 263 3169 centes
293 3118 422 3172 sibi.
468 3115 588 3171 Ubi
647 3130 726 3168 ne
769 3113 900 3166 illud
945 3115 1161 3182 quidem
1191 3113 1426 3166 otiosum
1458 3112 1700 3173 videtur,
1731 3123 1771 3180 α
1807 3166 1816 3177 ,

107 3207 225 3274 quod
254 3207 470 3278 Moyses
511 3205 763 3276 quidem
801 3204 951 3257 audit
985 3218 1012 3255 a
1042 3204 1150 3259 Deo
1195 3219 1315 3274 qua:
1364 3204 1416 3256 in
1464 3202 1694 3257 Levitici

106 3296 201 3367 lqe
225 3299 504 3370 descripta
543 3307 720 3361 sunt,
758 3297 989 3367 populus
1021 3313 1150 3352 vero
1181 3298 1233 3350 in
1278 3296 1697 3350 Deuteronnmio

103 3391 289 3447 auditor
331 3392 554 3463 Moysis
603 3389 881 3450 edicitur,
927 3398 981 3442 et
1018 3390 1084 3444 ab
1116 3389 1207 3443 illo
1249 3388 1405 3442 discit
1432 3403 1490 3442 ea
1516 3403 1636 3457 quae
1675 3403 1704 3440 a

102 3485 192 3540 Dec
219 3489 409 3541 audire
440 3502 562 3540 non
609 3481 806 3552 potuit
835 3480 968 3552 (53).
1014 3480 1311 3548 Proirterea
1360 3481 1505 3534 enim
1563 3479 1705 3533 velut

101 3579 312 3630 secunda
342 3577 433 3632 lex
465 3572 986 3630 Deuteronomium
1015 3571 1232 3637 dicitur,
1264 3570 1404 3639 quod
1429 3568 1701 3623 nonnullis

104 3669 392 3738 signiﬁcare
421 3667 739 3722 videbitur
767 3664 874 3717 hoc
899 3663 1094 3730 ipsum,
1126 3662 1272 3731 quod
1301 3669 1551 3715 cessante
1579 3659 1699 3730 lege

104 3759 254 3824 prima
281 3774 410 3828 qua
433 3773 544 3828 per
581 3755 846 3823 Moysem
881 3751 1002 3806 data
1030 3760 1114 3806 est
1133 3791 1148 3816 ,
1181 3751 1434 3806 videatur
1460 3751 1698 3806 secunda

99 3845 338 3915 legislatio
385 3847 757 3912 deformati,
804 3861 924 3916 quae
959 3844 1269 3916 specialiter
1312 3859 1341 3898 a
1378 3843 1560 3915 Moyse
1589 3853 1700 3898 tra-

101 3940 224 3994 ditur
247 3942 377 3996 Jesu
415 3939 774 3998 successori
804 3940 958 4006 eius:
986 3939 1078 4008 qui
1111 3937 1298 4006 utique
1331 3939 1560 3991 formam
1587 3951 1700 3991 scr-

97 4045 208 4088 vare
232 4037 488 4090 creditur
524 4031 860 4089 Salvatoris
886 4029 1077 4095 nostri,
1108 4027 1263 4098 cujus
1287 4028 1522 4082 secunda
1559 4028 1696 4099 lege,

101 4124 143 4176 id
180 4139 257 4182 est
292 4129 614 4199 praeceptis
664 4123 1004 4194 evangelicis
1047 4123 1119 4178 ad
1161 4121 1464 4192 perfectum
1511 4122 1698 4176 omnia

97 4219 486 4284 perducuntur.

1814 1404 2038 1475 replevit
2081 1418 2202 1458 eam
2263 1417 2383 1470 quae
2442 1413 2562 1453 um-

1811 1497 1964 1550 bram
2039 1496 2203 1550 habet
2252 1495 2558 1549 futurorum

1809 1591 2118 1655 bonorum,
2186 1589 2260 1642 ita
2343 1596 2398 1641 et
2463 1599 2560 1654 per

1812 1680 1957 1735 illum
2002 1680 2294 1750 gloriosum
2353 1677 2557 1730 adven-

1738 1791 1780 1844 Β
1812 1780 1922 1824 tum
1967 1769 2081 1842 (56)
2131 1769 2441 1839 implebitur
2504 1775 2558 1822 et

1811 1864 1879 1918 ad
1915 1863 2216 1932 perfectura
2252 1861 2558 1916 adducetur

1811 1955 1968 2025 hujus
2015 1956 2279 2009 adventus
2341 1953 2556 2008 umbra.

1810 2046 1885 2100 Ita
1931 2048 2078 2102 enim
2108 2046 2242 2100 dixit
2293 2045 2558 2114 propheta

1809 2139 1874 2193 de
1906 2153 1972 2194 eo
2017 2156 2032 2192 :
2079 2157 2097 2189 ι
2156 2136 2394 2207 Spiritus
2444 2139 2554 2191 vuls

1811 2238 1896 2284 tus
1945 2229 2115 2286 nostri
2160 2229 2408 2283 (ibristns
2451 2228 2555 2282 Do-

1811 2319 2026 2384 minus,
2109 2318 2196 2374 cui
2281 2321 2554 2384 diximus,

1807 2409 1935 2478 quia
1984 2410 2036 2462 in
2084 2412 2273 2465 mnbra
2328 2412 2444 2480 ejus
2472 2411 2555 2463 vi-

1810 2515 1998 2556 vemus
2042 2502 2095 2555 in
2145 2503 2394 2572 gentibus
2421 2501 2490 2568 ⁸³,
2530 2521 2550 2556 ι

1809 2608 1929 2647 cum
1986 2591 2194 2646 scilicet
2259 2593 2325 2646 ab
2381 2592 2559 2645 Evan-

1807 2680 1947 2751 gelia
2007 2681 2288 2750 temporali
2342 2681 2558 2750 dignius

1807 2789 1996 2830 omnes
2021 2784 2242 2829 sanctos
2273 2775 2340 2828 ad
2372 2775 2557 2828 Evan-

1807 2867 2005 2938 gelium
2034 2878 2294 2922 aeternum
2321 2865 2555 2922 transfe-

1808 2969 1910 3028 ret,
1934 2962 2229 3016 secundum
2245 2959 2386 3028 quod
2401 2958 2560 3015 Joan-

1810 3069 1906 3109 nes
1976 3053 2029 3107 in
2097 3053 2423 3123 Apocalypsi
2495 3052 2560 3106 de

1807 3154 2011 3202 aeterno
2062 3145 2358 3216 Evangelio
2413 3144 2554 3201 desi-

1801 3238 1990 3307 gnavit
2018 3237 2085 3284 “o

1813 3373 1972 3427 Ἀλλὰ
2007 3373 2111 3427 κᾶν
2138 3373 2296 3445 μέχρι
2327 3372 2420 3427 τοῦ
2450 3374 2554 3427 πά-

1802 3465 1945 3539 θους,
1966 3483 2051 3529 τις
2089 3464 2319 3537 ζητήσῃ,
2359 3465 2560 3535 τολμη-

1809 3555 1900 3626 ρὸν
1929 3555 2068 3619 δόξει
2103 3557 2275 3610 ποιεῖν
2302 3555 2430 3626 περὶ
2452 3555 2560 3609 τῶν

1805 3649 2070 3718 οὐρανίων
2097 3649 2277 3702 τόπων
2301 3648 2431 3702 αὐτὸ
2463 3646 2560 3719 ζη-

1805 3743 1933 3796 τῶν.
1988 3744 2126 3797 Ἀλλ’
2159 3746 2206 3798 εἰ
2249 3743 2366 3797 ἔστι
2401 3761 2564 3798 πνευ-

1813 3837 2015 3908 ματικὰ
2055 3839 2156 3910 τῆς
2200 3838 2461 3910 πονηρίας
2505 3841 2562 3895 ἐν

1808 3938 1918 3998 τοῖς
1975 3935 2281 4007 οὐρανίοις,
2346 3936 2454 4006 ἄρα
2511 3937 2561 3990 ει

1806 4026 1993 4100 ὥσπερ
2030 4028 2214 4083 ἐνθάδε
2261 4029 2359 4083 οὐκ
2384 4028 2562 4083 αἰδοῦ-

1809 4118 1946 4188 μεθα
1986 4118 2215 4192 σταυρού
2223 4135 2382 4190 μενον
2429 4121 2560 4190 ὁμο-

1806 4211 1984 4280 λογεῖν
2016 4213 2105 4265 ἐπὶ
2141 4211 2455 4283 καθαιρέσει
2485 4205 2561 4266 ὧν

1375 4303 1938 4361 INTERPRETATIO
1977 4304 2184 4361 NOVA.

2711 1411 2762 1449 Β.
2797 1411 3013 1450 HIEBON.
3043 1411 3298 1450 lNTERPR.

2634 1485 2781 1542 Sicut
2826 1489 2962 1540 enim
3008 1503 3098 1552 per
3146 1489 3386 1540 umbram

2634 1579 2906 1649 Evangelii
2947 1579 3002 1649 (5
3015 1579 3065 1650 7)
3085 1618 3098 1641 ,
3149 1580 3387 1633 umbram

2633 1671 2758 1742 legis
2812 1673 3039 1741 implevit
3081 1690 3101 1738 ;
3150 1673 3225 1726 sic
3258 1673 3387 1743 quia

2632 1766 2804 1820 omnis
2849 1765 2933 1819 lea:
2989 1764 3280 1833 exemplum
3335 1775 3383 1816 et

2631 1860 2816 1913 umbra
2844 1869 2916 1913 est
2947 1859 3385 1912 cwremoniarnm

2631 1951 2935 2014 cwlestium,
2962 1950 3267 2019 diligentius
3297 1965 3380 2001 re-

2631 2044 2978 2111 quirendum,
3029 2050 3208 2094 utrum
3249 2050 3386 2094 recte

2633 2133 2990 2204 intelligamus
3009 2134 3387 2202 legemquoqne

2630 2228 2886 2280 caelestem
2931 2234 2982 2278 et
3041 2225 3383 2279 creremonias

2629 2318 2841 2385 superni
2885 2317 3057 2369 cultus
3101 2315 3387 2384 plenitudi-

2630 2423 2742 2460 nem
2771 2423 2873 2460 non
2892 2407 3098 2473 habere,
3125 2407 3215 2459 sed
3241 2405 3385 2458 indi-

2631 2515 2749 2568 gere
2794 2497 3069 2568 Evangelii
3129 2499 3384 2560 veritate,

2628 2592 2768 2662 quod
2808 2593 2862 2645 in
2908 2591 3134 2646 Joannis
3171 2591 3378 2658 Apoca-

2633 2685 2767 2753 lypsi
2790 2683 3134 2753 Evangelium
3163 2682 3382 2752 legimus

2633 2776 3036 2846 sempiternum,
3071 2774 3143 2828 ad
3171 2790 3383 2842 compar

2635 2869 2894 2922 rationem
2937 2866 3175 2920 videlicet
3221 2866 3384 2934 hujus

2635 2963 2801 3014 nostri
2857 2958 3174 3028 Evangelii.
3238 2960 3384 3029 quod

2633 3051 2918 3120 temporale
2939 3061 3100 3115 est,et
3126 3052 3180 3104 in
3212 3062 3386 3104 trans-

2633 3147 2774 3199 itura
2824 3146 3020 3198 munda
3069 3161 3130 3198 ac
3191 3143 3385 3198 sazculo

2632 3240 3003 3306 prwdieatum.

2730 3388 2920 3429 VERSIO
2953 3389 3244 3429 HIERONYHI
3258 3416 3272 3430 .

2633 3465 2786 3531 Quod
2877 3469 3088 3536 quidem
3173 3469 3384 3520 etiamsi

2634 3577 2794 3628 usque
2844 3561 2912 3613 ad
2946 3565 3240 3630 passionem
3280 3561 3388 3614 Do-

2636 3655 2764 3708 mini
2794 3651 3090 3708 Salvatoris
3125 3655 3388 3724 inquirere

2634 3749 2952 3805 uoluerimus
3019 3750 3130 3820 (58)
3151 3792 3166 3818 ,
3221 3767 3388 3822 quan-

2633 3858 2789 3912 quam
2836 3849 3017 3896 audax
3064 3852 3113 3896 et
3163 3850 3389 3896 tentem--

2633 3935 2769 3988 rium
2788 3936 2850 3988 sit
2875 3935 2928 3990 in
2955 3934 3082 3990 cwlo
3109 3935 3222 4004 ejus
3243 3949 3388 4005 quir-

2633 4042 2744 4081 rere
2771 4027 3063 4095 passionem
3094 4043 3111 4083 :
3141 4036 3314 4080 tamen
3341 4029 3388 4079 si

2631 4122 2931 4191 spiritualia
2951 4122 3194 4191 nequitia:
3209 4121 3262 4176 in
3280 4137 3386 4176 cae-

2635 4212 2848 4268 testibus
2873 4223 3015 4278 sunt,
3043 4222 3090 4267 et
3116 4229 3220 4267 non
3247 4213 3384 4284 Ieru-

155 4406 346 4462 Verum
381 4409 430 4462 si
467 4407 565 4459 vel
608 4405 690 4459 ad
723 4403 1031 4473 passionem
1085 4417 1254 4473 usque
1278 4401 1550 4470 quispiam
1597 4402 1869 4470 inquirat,
1912 4402 2175 4473 audacius
2215 4401 2461 4470 profecto
2495 4401 2769 4473 videbitur
2809 4399 3043 4473 de_locis
3071 4396 3383 4473 coelestibus

99 4475 142 4527 id
172 4479 475 4545 inquirere.
527 4476 657 4530 Sed
706 4467 751 4527 si
784 4474 838 4525 in
873 4467 1188 4545 cwlcstibus
1226 4467 1356 4545 sunt
1385 4467 2004 4545 spiritalia—nequitia;;
2037 4472 2181 4526 sicut
2211 4467 2360 4545 certe
2401 4473 2488 4545 hic
2521 4487 2625 4545 non
2656 4469 3031 4545 erubescimus
3065 4467 3221 4520 fateri
3253 4482 3380 4545 ctu-

99 4535 291 4600 cilixuin
331 4552 400 4600 ad
455 4563 527 4601 ea
576 4542 952 4604 destruenda,
989 4557 1109 4610 quae
1143 4535 1725 4609 patiendo'destruxit,
1767 4535 1836 4594 ita
1893 4535 2002 4594 illic
2049 4555 2266 4610 quoque
2309 4541 2488 4595 sitnile
2537 4540 2738 4609 aliquid
2793 4537 2908 4594 fieri
2946 4539 2998 4590 in
3026 4535 3380 4604 sequentibus

97 4629 244 4686 usque
266 4621 334 4673 ad
366 4620 553 4673 totius
583 4612 794 4670 saeculi
823 4613 1352 4666 consummationem
1383 4612 1678 4667 concedere
1704 4627 1810 4664 non
1839 4611 2273 4666 t'orn'tidabiutus.

163 4736 205 4768 ⁸³
226 4737 438 4792 Thrcn.
474 4751 567 4800 ιν,
601 4732 711 4786 20.
787 4728 835 4760 ⁸⁸
856 4730 1026 4797 Apoc.
1055 4743 1168 4788 xtv.
1188 4726 1246 4781 6.

175 4853 444 4924 31)_Spei.
481 4855 678 4906 Deest
704 4848 767 4924 in
791 4847 968 4924 editis,
999 4846 1090 4924 sed
1125 4845 1350 4924 habetur
1384 4843 1436 4896 in
1466 4857 1598 4897 mss.

175 4854 257 4924 3i)
287 4854 444 4921 Spei.
481 4855 678 4906 Deest
705 4854 759 4901 in
791 4854 968 4908 editis,
999 4854 1090 4900 sed
1125 4854 1350 4899 habetur
1385 4854 1436 4896 in
1466 4858 1481 4896 ι

156 4854 288 4996 (δι’)
322 4926 437 4977 Alii
470 4924 690 4996 legunt
713 4917 1016 4996 _c_lt_aritatis.
1050 4915 1204 4970 Ent'r.
1242 4913 1481 4996 Pn'nOL.

159 4981 389 5064 (S‘ZfSic
425 4981 580 5047 mss".
642 4988 791 5064 Editi
840 5002 967 5040 vero
990 5027 1004 5052 ,
1040 5004 1058 5036 r
1099 4993 1375 5064 pecoract
1408 4981 1574 5036 multa
1597 4981 1703 5064 alia

100 5054 429 5128 possidentes
466 5060 844 5133 praeveniunt
876 5065 931 5111 et
959 5057 1272 5126 principium
1309 5054 1490 5108 locum
1520 5062 1704 5122 aptum

100 5133 359 5203 partubus.
407 5153 428 5186 s

157 5205 261 5273 (55)
293 5204 392 5258 Sic
426 5216 581 5255 mss.
628 5195 838 5273 Editi_,_
879 5213 897 5245 ι
935 5210 1052 5248 eam
1094 5210 1257 5273 quam
1283 5207 1331 5273 an
1363 5193 1472 5246 Deo
1517 5191 1708 5273 audire

101 5261 194 5325 non
228 5261 409 5341 potuit
451 5273 687 5341 legem.
710 5284 766 5341 ,ιλ
791 5264 912 5318 Mox
943 5281 1067 5341 mss.
1101 5261 1126 5316 ἱ
1159 5264 1466 5335 significare
1499 5261 1706 5316 videbi-

103 5351 194 5395 tur.
225 5334 246 5395 ἰ
281 5342 462 5405 Editi,
505 5334 544 5392 ἶ
568 5334 904 5404 signiﬁcare
936 5335 1198 5389 videatur.
1217 5334 1254 5385 ὂ

104 5480 114 5488 υ
159 5412 266 5483 (56)
314 5401 550 5465 Primo.
595 5401 777 5460 Deest
807 5405 860 5458 in
894 5414 1051 5459 antea
1093 5405 1288 5468 editis,
1337 5402 1431 5456 sed
1479 5401 1709 5455 habetur

102 5495 582 5624 Ψίῖἕῗίψεε-ω.
625 5546 803 5601 Deest
829 5543 884 5597 in
913 5543 1098 5611 editis,
1135 5543 1406 5614 reperitur
1437 5549 1617 5596 autem
1654 5538 1706 5592 in

102 5635 268 5759 ms($3.6)
303 5693 671 5749 Adventum.
712 5685 880 5738 Deest
912 5683 981 5759 in_
1006 5683 1160 5759 editis
1186 5724 1201 5747 ,
1253 5683 1344 5739 sed
1385 5681 1618 5738 habetur
1655 5678 1708 5732 in

101 5753 215 5818 mss,
243 5753 422 5818 Paulo
463 5767 614 5832 post
659 5769 798 5808 mss.
826 5791 842 5815 ,
875 5771 893 5803 ι
935 5753 1141 5822 dignius
1170 5770 1359 5813 onmes
1407 5760 1649 5809 sanctos.
1685 5767 1706 5800 ι

106 5831 254 5897 Editi,
289 5851 311 5885 ι
348 5836 572 5902 dignos
612 5837 824 5881 omnes
853 5835 1079 5877 sanctos.
1123 5851 1141 5884 .

1887 4841 2001 4910 (ὅῖ)
2036 4839 2184 4896 Sicut
2210 4841 2344 4893 enim
2379 4857 2471 4908 per
2505 4843 2741 4894 umbram
2771 4839 3198 4910 Evangelii,etc.
3227 4839 3386 4910 Com:

1817 4909 2114 4966 mediorem
2165 4911 2342 4964 locum
2406 4924 2514 4962 non
2575 4910 2752 4977 reperi
2806 4909 2893 4961 ubi
2951 4909 3168 4963 celebre
3238 4909 3386 4962 istud

1815 4982 2108 5036 insererent
2161 4980 2518 5048 fragmentum
2564 4979 2704 5047 quod
2750 4993 2780 5032 e
2842 4977 2936 5031 lib.
2993 4994 3045 5032 tv
3087 4977 3226 5047 Περὶ
3280 4978 3384 5048 4p-

1816 5051 1939 5119 χῶν
1971 5049 2128 5104 alfert
2165 5044 2523 5118 Ilie'rOuymns
2563 5044 2613 5100 in
2661 5047 2885 5116 epistola
2926 5050 2989 5119 ad
3015 5044 3251 5119 Avitum.
3282 5044 3388 5119 Po-

1815 5115 2030 5175 strema:
2074 5121 2244 5188 partis
2308 5115 2427 5186 quae.
2476 5115 2710 5188 futuram
2766 5119 2816 5169 in
2882 5117 3035 5170 caelis
3087 5115 3386 5170 Salvatoris

1815 5187 2118 5260 passionem
2144 5191 2368 5243 innuere
2392 5188 2622 5260 videtur,
2646 5187 3015 5260 Gt'mcaverba
3034 5196 3386 5260 repraesentat

1815 5256 2152 5315 Ilustinianus
2180 5260 2246 5312 ad
2279 5260 2484 5312 calcem
2519 5257 2764 5322 epistolm
2792 5257 2856 5308 ad
2891 5257 3122 5308 Menam.
3156 5256 3226 5307 At
3255 5266 3386 5322 vero

1815 5330 2001 5384 ultima
2044 5331 2203 5382 verba
2237 5327 2341 5390 ἓως
2388 5325 2489 5395 τῆς
2531 5321 2835 5395 ουν-,τελείας
2881 5324 2973 5377 τοῦ
3015 5323 3215 5395 παντὸς
3256 5321 3388 5375 αἰῶ-

1814 5416 1903 5463 νος
1929 5442 1943 5466 ,
1981 5415 2101 5453 cunt
2137 5400 2361 5451 verterit
2411 5394 2636 5448 sanctus
2671 5394 3033 5466 Hieronymus
3057 5432 3071 5456 ,
3113 5411 3132 5443 α
3156 5394 3226 5466 Ain
3253 5408 3387 5466 cpti-

1816 5459 2174 5524 suin'matione
2208 5466 2546 5527 sicculornm,
2583 5482 2600 5514 t
2635 5459 2974 5518 clarissimus
3010 5462 3236 5516 Hnetins
3262 5459 3392 5514 Ori-

1849 5540 2158 5592 enianorum
2195 5536 2285 5590 lib.
2325 5549 2394 5591 It.
2433 5543 2626 5602 quiest.
2677 5533 2711 5586 5
2736 5574 2752 5598 ,
2807 5549 2958 5588 ιιυιη.
3008 5533 3079 5586 25
3105 5572 3120 5597 ,
3155 5529 3388 5602 νιόνὲως

1839 5609 2098 5677 egentium
2121 5613 2287 5677 putat
2321 5601 2733 5677 suiatlmterttnt
2765 5611 3167 5677 ntrtnn_revera
3197 5601 3389 5677 Opina-

1826 5667 1913 5730 ιυὲ
1942 5678 2013 5730 sit
2041 5667 2302 5743 Origenes
2327 5674 2607 5743 Christum
2638 5672 2931 5740 aliquando
2962 5672 3014 5724 in
3040 5667 3390 5743 superJtisAlo-

1820 5749 1898 5802 cis
1917 5735 2224 5815 passuru'tn,
2244 5735 2950 5815 disquit'it‘llueliusibidem
2973 5735 3125 5796 num.
3145 5738 3279 5793 23m
3297 5735 3387 5788 24.

1891 5815 2004 5888 (58)
2040 5814 2211 5871 Caute
2241 5814 2376 5884 lege.
