3954 6414
560 374 663 431 399

560 490 814 545 bescimus
848 504 1051 543 crucem
1099 484 1313 540 Domini

559 584 801 652 conﬁteri
846 590 1059 651 propter
1100 579 1312 630 destru—

558 680 782 731 ctionem
823 690 1024 739 eorum,
1067 687 1185 740 qua:
1214 687 1314 725 sua

558 772 806 839 passione
848 766 1106 820 destruxit
1151 781 1171 819 :
1218 782 1314 820 cur
1384 767 1455 821 τὰ
1476 769 1569 822 καὶ
1594 767 1719 839 ἑξῆς
1746 769 1850 832 ἕως
1888 770 1983 840 τῆς
2013 789 2139 823 συν-

559 864 835 915 timeamus
874 860 1031 913 etiam
1059 858 1113 911 in
1133 872 1314 925 super—
1385 860 1594 924 τελείας
1613 860 1705 914 τοῦ
1731 862 1929 926 παντὸς
1949 862 2143 926 αἰῶνος

560 951 643 1001 nis
694 951 847 1017 locis,
880 952 933 1003 in
979 966 1314 1005 consumma-
1386 952 1448 1005 οὐ
1477 953 1913 1025 φοϐηθησόμεθα.

558 1043 698 1095 tione
733 1042 1049 1096 saeculorum
1078 1040 1281 1111 aliquid
1305 1041 1478 1097 simile
1503 1046 1789 1113 suspicari,
1819 1056 1870 1098 ut
1908 1048 2140 1099 omnium

557 1133 794 1186 locorum
820 1140 996 1202 gentes
1026 1132 1171 1187 illius
1200 1134 1447 1202 passione
1475 1134 1781 1209 solventur?

626 1223 717 1278 26.
755 1224 953 1278 Verum
977 1224 1030 1277 in
1064 1224 1149 1280 his
1173 1225 1428 1281 omnibus
1465 1226 1701 1282 sufﬁciat
1734 1228 1890 1283 nobis
1918 1243 2135 1284 sensum

557 1325 808 1368 nostrum
860 1315 1057 1384 regula:
1104 1316 1329 1383 pietatis
1377 1327 1593 1387 aptare,
1636 1328 1690 1372 et
1726 1319 1799 1373 ita
1843 1321 2045 1374 sentire
2073 1321 2137 1375 de

560 1408 733 1460 sancti
775 1407 1015 1473 Spiritus
1046 1408 1245 1469 verbis,
1282 1412 1428 1477 quod
1464 1426 1569 1465 non
1610 1412 1908 1467 secundum
1946 1413 2137 1467 huma-

561 1513 643 1552 nte
695 1496 1009 1567 fragilitatis
1058 1499 1333 1569 eloquium
1371 1502 1506 1556 nitet
1552 1519 1731 1557 sermo
1782 1507 2134 1574 compositus,

557 1589 650 1642 sed
682 1591 820 1643 sicut
853 1589 1116 1657 scriptum
1147 1602 1251 1659 est,
1293 1608 1311 1641 ε
1350 1590 1538 1648 Omnis
1564 1594 1732 1663 gloria
1764 1597 1905 1665 regis
1942 1598 2137 1651 intrim-

557 1697 716 1736 secus
760 1691 844 1735 est
886 1680 931 1713 "
961 1720 978 1747 ,
1019 1699 1038 1733 ι
1085 1690 1141 1737 et
1195 1682 1502 1737 divinorum
1546 1698 1804 1739 sensuum
1848 1688 2137 1742 thesaurus

556 1772 701 1826 intra
734 1771 928 1842 fragile
958 1772 1241 1828 vasculum
1273 1772 1395 1827 vilis
1450 1773 1647 1830 littera:
1693 1779 2003 1832 continetur
2049 1780 2134 1834 in-

546 1862 758 1918 clusus.
795 1863 961 1919 Porro
992 1875 1175 1919 autem
1205 1864 1249 1918 si
1275 1863 1397 1933 quis
1427 1867 1678 1924 curiosus
1700 1868 2134 1938 explanationem

1384 597 1494 646 ναι,
1520 579 1661 634 οὕτω
1694 582 1753 635 τὸ
1783 582 1943 635 κάκεῖ
1964 600 2143 655 παρα-

1385 674 1611 746 πλήσιον
1638 674 1868 740 διδόντες
1898 677 2143 745 γίνεσθαι

1750 366 2072 423 ORIGENIS
2106 368 2265 421 ΠΕΡΙ
2298 370 2528 423 ΑΡΧΩΝ

1386 482 1601 537 καθεῖλε
1630 483 1717 536 διὰ
1752 485 1845 538 τοῦ
1883 486 2136 539 πεπονοέ-

2251 488 2403 551 tium,
2438 503 2614 556 neque
2644 488 2766 544 finis
2798 489 3030 546 inveniri
3059 499 3255 560 potest,
3288 493 3361 546 ait
3390 509 3403 547 :
3438 512 3455 544 ε
3487 491 3678 549 Priora
3720 512 3835 564 ψηυ

3735 376 3833 431 400

2247 580 2453 634 fuerint
2488 580 2670 647 dicite,
2713 589 2780 637 ρι’
2799 583 3002 639 scimus
3034 583 3162 654 quia
3205 584 3277 638 dii
3308 587 3470 649 estis;
3509 588 3595 642 vel
3640 590 3834 643 novis-

2246 671 2381 726 sima
2414 688 2533 742 qua:
2560 681 2689 727 sunt
2719 675 3066 744 annuntiate,
3102 684 3159 730 et
3206 686 3333 733 tunc
3362 678 3673 734 videbimus
3715 680 3835 749 quia

2249 763 2319 817 dii
2350 763 2482 817 estis
2507 766 2573 821 δ’.
2600 782 2618 817 ι
2654 763 2788 819 Nam
2824 774 2878 820 et
2908 765 3171 822 Hebraeus
3219 768 3410 823 doctor
3437 770 3549 839 (41)
3596 771 3673 825 ita
3732 782 3838 825 tra-

2248 854 2409 908 debat
2435 872 2448 909 :
2478 871 2578 925 pro
2608 871 2674 911 eo
2702 856 2843 925 quod
2876 857 3098 911 initium
3148 859 3391 913 omnium
3416 860 3499 914 vel
3553 861 3680 915 finis
3736 878 3836 914 lmu

2247 948 2421 1015 possit
2451 950 2516 1000 ah
2548 948 2655 1002 ullo
2685 950 3100 1018 comprehendi,
3130 950 3230 1005 nisi
3259 954 3640 1007 tantummodo
3664 969 3695 1006 a
3736 952 3837 1005 Do-

2249 1038 2397 1091 mino
2428 1037 2553 1093 Jcsu
2586 1039 2829 1106 Christo,
2866 1050 2919 1095 et
2947 1057 2976 1095 a
3007 1041 3217 1111 Spiritu
3259 1054 3472 1109 sancto,
3508 1045 3696 1099 aiebat
3722 1058 3841 1111 per

2246 1128 2470 1200 ﬁguram
2492 1130 2716 1185 visionis
2741 1131 2934 1186 Isaiam
2959 1134 3189 1201 dixisse,
3223 1136 3357 1191 duos
3383 1138 3661 1206 seraphim
3691 1137 3833 1192 solos

2245 1236 2367 1275 esse
2398 1223 2487 1288 qui
2537 1222 2748 1278 duabus
2782 1224 3005 1294 quidem
3040 1228 3141 1283 alis
3173 1230 3424 1297 operiunt
3460 1228 3659 1284 faciem
3713 1232 3827 1291 Dei.

2246 1313 2455 1367 duabus
2484 1330 2613 1369 vero
2662 1317 2852 1384 pedes,
2888 1326 2944 1371 et
2974 1318 3187 1374 duabus
3217 1319 3403 1374 volant
3434 1320 3739 1375 clamantes
3770 1322 3833 1375 ad

2245 1401 2475 1458 invicem
2518 1406 2621 1459 sibi
2657 1417 2708 1460 et
2744 1408 3027 1462 dicentes:
3070 1428 3086 1459 ι
3109 1411 3370 1476 Sanctus,
3419 1421 3669 1477 sanctus,
3702 1427 3831 1465 san-

2243 1504 2388 1559 ctus,
2434 1496 2692 1551 Dominus
2740 1499 2883 1554 Deus
2938 1500 3202 1566 Sabaoth,
3235 1503 3394 1571 plena
3446 1513 3529 1558 est
3576 1504 3833 1557 universa

2242 1595 2385 1640 terra
2422 1588 2591 1657 gl0ria
2630 1600 2717 1643 tua
2737 1591 2804 1644 ⁸ο.
2833 1609 2849 1641 ι
2894 1590 3053 1658 Quod
3085 1608 3214 1663 ergo
3247 1594 3360 1647 sola
3394 1594 3681 1662 seraphim
3719 1593 3833 1664 (Η)

2243 1688 2503 1749 utrasque
2530 1682 2645 1736 alas
2674 1698 2801 1738 suas
2832 1684 3036 1739 habent
3066 1686 3118 1739 in
3156 1686 3293 1741 facie
3319 1687 3409 1742 Dei
3445 1687 3577 1742 etin
3606 1687 3837 1758 pedibus

2243 1770 2386 1839 ejus,
2421 1773 2733 1827 audendum
2766 1785 2850 1828 est
2886 1777 3251 1844 pronuntiare
3280 1779 3422 1846 quod
3455 1793 3639 1847 neque
3669 1792 3836 1834 exer—

2243 1864 2387 1918 citus
2425 1873 2745 1919 sanctormn
2781 1868 3125 1936 angelorum,
3172 1885 3345 1939 neque
3386 1870 3548 1926 sedes
3601 1881 3832 1936 sanctae,

555 1957 891 2028 singulorum
943 1959 1236 2028 requirat,
1270 1960 1451 2015 veniat
1498 1970 1555 2015 et
1603 1964 1885 2017 nobiscum
1932 1964 2136 2032 pariter

2245 1970 2417 2026 neque
2446 1956 2876 2023 dominationes,
2911 1974 3089 2027 neque
3132 1960 3497 2030 principatus,
3530 1978 3712 2032 neque
3741 1979 3837 2032 po-

557 2051 742 2103 audiat
788 2051 1071 2120 quomodo
1124 2050 1329 2107 Paulus
1388 2053 1670 2122 apostolus
1723 2071 1821 2125 per
1873 2056 2136 2125 Spiritum

556 2149 828 2208 sanctum,
852 2141 942 2211 qui
971 2154 1346 2212 perscrutatur
1378 2146 1546 2199 etiam
1582 2146 1845 2216 profunda
1880 2148 1970 2203 Dei
2001 2150 2135 2221 (39),

556 2231 894 2287 altitudinem
929 2234 1124 2289 divinze
1156 2236 1440 2304 sapientia:
1471 2254 1535 2292 ac
1569 2240 1815 2295 scientia:
1864 2252 2135 2311 scrutans,

552 2338 658 2377 nec
693 2332 871 2380 tamen
904 2325 971 2380 ad
1003 2325 1187 2390 finem,
1211 2336 1286 2391 et,
1319 2338 1375 2381 ut
1404 2328 1479 2382 ita
1511 2330 1766 2395 dixerim,
1798 2332 1863 2386 ad
1893 2334 2133 2387 intimam

552 2417 924 2485 cognitionem
954 2417 1257 2487 praevalens
1286 2423 1577 2487 pervenire
1598 2461 1614 2484 ,
1648 2423 2029 2492 deSperationc
2061 2426 2138 2482 rei

552 2519 607 2563 et
637 2518 863 2578 stupore
892 2510 1090 2564 clamat
1116 2519 1171 2564 et
1201 2510 1332 2565 dicit
1369 2531 1381 2567 :
1422 2531 1440 2563 ι
1481 2512 1526 2569 Ο
1559 2514 1790 2570 altitudo
1820 2517 2136 2574 divitiarum

556 2599 839 2667 sapientiae
886 2609 943 2655 et
971 2602 1214 2657 scientia:
1273 2601 1367 2657 Dei
1402 2605 1481 2659 “l
1528 2624 1545 2659 ν
1605 2607 1669 2659 Et
1702 2611 1845 2675 quod
1882 2611 2138 2679 despera-

556 2689 706 2744 tione
736 2691 995 2759 perfecta:
1019 2698 1532 2765 comprehensionis
1560 2698 1663 2754 hoc
1695 2700 2136 2768 proclamaverit,

554 2781 681 2835 audi
734 2782 911 2850 ipsum
960 2785 1273 2841 dicentem:
1309 2806 1326 2839 ι
1370 2788 1544 2855 Quam
1598 2790 1973 2845 inscrutabilia
2016 2803 2142 2847 sunt

547 2870 758 2937 judicia
796 2875 890 2927 Dei
918 2916 933 2941 ,
964 2885 1019 2929 et
1048 2892 1210 2945 quam
1261 2878 1671 2950 investigahiles
1702 2883 1801 2935 via:
1848 2882 1965 2950 ejus
1995 2884 2072 2937 "l
2118 2907 2134 2935 ο

553 2959 671 3015 Non
704 2963 849 3017 enim
885 2965 1045 3028 dixit,
1086 2966 1304 3023 difﬁcile
1333 2984 1494 3037 posse
1522 2972 1754 3025 scrutari
1782 2973 1986 3041 judicia
2020 2975 2140 3041 Dei,

550 3051 649 3106 sed
685 3054 908 3109 omnino
943 3071 1049 3110 non
1092 3070 1293 3125 posse;
1330 3074 1430 3115 nec
1456 3061 1595 3115 dixit
1645 3061 1861 3117 diliicile
1912 3065 2139 3121 investi-

552 3145 675 3214 gari
714 3160 872 3213 posse
906 3146 1016 3217 (40)
1070 3149 1191 3203 vias
1237 3148 1375 3217 ejus,
1429 3153 1523 3207 sed
1557 3168 1667 3208 non
1717 3170 1876 3224 posse
1912 3155 2138 3212 investi-

554 3237 695 3305 gari.
728 3236 1224 3308 Quantumcunque
1251 3242 1397 3296 enim
1440 3244 1563 3313 quis
1591 3247 1641 3298 in
1678 3247 1972 3302 scrutando
2012 3264 2139 3318 pro-

556 3336 775 3381 moveat
807 3338 863 3382 et
896 3330 1078 3384 studio
1104 3332 1401 3388 intentiore
1428 3336 1893 3406 proficiat,gratia
1923 3355 2137 3411 quoque

555 3415 653 3470 Dei
687 3417 909 3486 adjutus
938 3435 1215 3488 sensuque
1249 3422 1609 3493 illmninatus,
1642 3429 1707 3482 ad
1739 3428 2040 3496 perfectum
2078 3434 2141 3484 li-

556 3522 681 3561 nem
716 3522 901 3563 eorum
929 3525 1048 3579 quae
1079 3512 1435 3580 requiruntur
1457 3519 1746 3584 pervenire
1773 3537 1878 3574 non
1910 3523 2136 3591 poterit,

561 3597 727 3667 189
744 3613 843 3653 nec
864 3601 1042 3654 omnis
1060 3615 1213 3656 mens
1234 3617 1354 3671 quae
1372 3616 1555 3659 creata
1576 3618 1676 3673 est,
1698 3611 1956 3677 possibile
1976 3614 2140 3669 habet

558 3689 669 3743 ullo
698 3704 898 3760 genere
931 3692 1421 3760 comprehendere,
1458 3698 1551 3751 sed
1584 3708 1642 3751 ut
1678 3699 1950 3757 invenerit
1990 3722 2139 3773 qua:-

559 3783 685 3839 dam
719 3798 785 3836 ex
816 3782 903 3837 his
935 3797 1056 3851 qua:
1097 3797 1436 3853 quaeruntur,
1479 3789 1675 3843 iterum
1708 3792 1854 3845 videt
1884 3795 1986 3849 alia
2018 3814 2138 3867 quae

557 3876 847 3942 quaerenda
868 3884 1017 3929 sunt.
1045 3876 1196 3941 Quod
1225 3879 1326 3931 etsi
1355 3879 1420 3932 ad
1452 3882 1567 3947 ipsa
1599 3886 1929 3952 pervenerit,
1963 3892 2137 3945 multo

558 3964 757 4018 iterum
789 3964 943 4032 plura
971 3978 1038 4019 ex
1065 3965 1172 4019 illis
1202 3982 1324 4035 qua:
1359 3968 1561 4035 requiri
1597 3971 1849 4037 debeant,
1888 3977 2138 4043 pervide-

558 4054 658 4109 bit.
692 4055 920 4126 Propter
950 4060 1092 4126 quod
1128 4072 1181 4112 et
1223 4062 1664 4129 sapientissimus
1693 4064 1949 4123 Salomon
1984 4082 2139 4125 natu-

562 4163 680 4201 ram
732 4165 915 4204 rerum
967 4166 1064 4219 per
1115 4153 1441 4220 sapientiam
1500 4158 1744 4223 intuens,
1788 4161 1911 4214 ait:
1952 4161 2134 4227 «Dixi,

561 4244 779 4313 sapiens
806 4244 1035 4309 elliciar,
1074 4255 1129 4299 et
1163 4246 1276 4313 ipsa
1309 4247 1575 4314 sapientia
1615 4250 1775 4320 longe
1818 4251 1960 4307 facta
1994 4266 2075 4311 est
2108 4274 2135 4308 a

562 4354 666 4403 me,
705 4336 861 4406 longe
894 4339 1011 4406 plus
1040 4353 1201 4406 quam
1255 4348 1394 4401 erat,
1430 4349 1485 4393 et
1520 4340 1859 4397 altitudinem
1914 4348 2139 4415 profun-

560 4428 684 4481 dam
718 4428 837 4497 quis
866 4429 1205 4484 inveniet“?
1233 4448 1250 4481 ι
1290 4429 1397 4485 Sed
1428 4440 1482 4485 et
1530 4431 1699 4486 Isaias
1744 4434 1921 4491 sciens
1955 4453 2133 4493 rerum

558 4519 712 4575 initia
741 4536 772 4576 a
811 4531 1003 4576 natura
1053 4523 1271 4593 mortali
1322 4524 1552 4578 inveniri
1589 4540 1695 4579 non
1727 4542 1908 4595 posse,
1941 4533 2037 4585 sed
2075 4550 2139 4585 ne

2245 2058 2471 2104 testates
2523 2049 2667 2103 scire
2716 2058 2947 2118 possunt
2992 2051 3204 2121 integre
3252 2052 3466 2106 initium
3505 2053 3756 2107 omnium
3785 2061 3837 2107 et

2243 2143 2378 2197 lines
2425 2141 2825 2196 universitatis.
2869 2141 2975 2197 Sed
3021 2142 3435 2213 intelligendum
3486 2154 3570 2199 est
3609 2155 3838 2199 sanctos

2243 2236 2373 2289 istos
2406 2250 2544 2303 quos
2574 2234 2967 2289 annumeravit
3011 2234 3240 2303 spiritus
3285 2244 3341 2290 et
3371 2236 3609 2291 virtutes
3641 2239 3837 2307 proxi-

2241 2341 2354 2379 mas
2382 2326 2602 2395 quidem
2640 2340 2760 2379 esse
2810 2326 2943 2394 ipsis
2978 2324 3173 2389 initiis,
3210 2336 3267 2380 et
3298 2327 3573 2397 attingere
3614 2338 3830 2382 tantum

2239 2428 2498 2485 quantum
2531 2417 2787 2487 consequi
2824 2432 2928 2471 non
2964 2417 3137 2472 valent
3192 2417 3381 2487 reliqui
3410 2437 3422 2471 :
3452 2430 3836 2476 verumtamen

2240 2510 2600 2579 quodcunque
2650 2508 2781 2563 illud
2818 2518 2902 2563 est
2951 2510 3097 2578 quod
3149 2512 3431 2565 revelante
3478 2511 3620 2565 Filio
3657 2511 3753 2565 Dei
3784 2520 3837 2565 et

2241 2599 2445 2667 Spiritu
2469 2608 2656 2653 sancto
2681 2599 2977 2655 didicerint
3010 2601 3126 2655 istze
3151 2600 3404 2666 virtutes,
3430 2602 3837 2672 quamplurima

2239 2691 2455 2760 quidem
2510 2693 2734 2761 assequi
2788 2703 3046 2762 poterunt
3096 2703 3150 2747 et
3200 2692 3369 2747 multo
3416 2693 3577 2762 plura
3618 2694 3839 2763 priores

2240 2782 2615 2850 inferioribus,
2646 2786 2831 2839 omnia
2883 2796 3064 2839 tamen
3115 2785 3588 2854 comprehendere
3638 2786 3839 2853 impos-

2242 2872 2402 2927 sibile
2442 2874 2521 2927 eis
2556 2885 2659 2939 est,
2709 2875 2838 2943 quia
2886 2876 3149 2944 scriptum
3185 2887 3268 2930 est
3301 2893 3314 2930 :
3352 2894 3371 2927 ο
3412 2874 3836 2945 Quamplurima

2243 2979 2308 3019 ex
2334 2968 2591 3037 operibus
2616 2967 2710 3019 Dci
2740 2968 2791 3020 in
2817 2968 3044 3022 secretis
3071 2968 3279 3022 sunt".
3310 2987 3327 3019 ι
3350 2969 3505 3025 Unde
3523 2978 3577 3023 et
3596 2969 3841 3038 optabile

2243 3069 2325 3112 est
2353 3068 2412 3113 ut
2447 3075 2544 3129 pro
2575 3060 2782 3114 viribus
2813 3073 2871 3113 se
2900 3061 3277 3129 unusquisque
3323 3075 3543 3131 semper
3571 3062 3839 3115 extendat

2243 3151 2307 3203 ad
2335 3166 2395 3203 ea
2431 3166 2549 3218 qua:
2571 3151 2751 3220 priora
2785 3158 2933 3216 sunt,
2966 3164 3028 3204 ea
3059 3166 3179 3220 qua:
3205 3160 3505 3207 retrorsum
3541 3160 3673 3207 sunt
3700 3152 3839 3207 obli-

2243 3243 2478 3309 viscens,
2509 3254 2615 3295 tam
2653 3243 2720 3297 ad
2749 3258 2914 3313 Opera
2948 3242 3176 3297 meliora
3221 3258 3383 3312 quam
3416 3243 3582 3298 etiam
3613 3244 3681 3297 ad
3712 3257 3838 3296 sen-

2242 3347 2360 3385 sum
2400 3332 2850 3401 intellectumque
2885 3332 3164 3403 puriorem
3202 3348 3296 3401 per
3324 3330 3512 3386 Jesum
3546 3332 3837 3386 Christum

2242 3430 2582 3483 Salvatorem
2621 3438 2894 3493 nostrum,
2927 3427 3023 3481 cui
3060 3434 3144 3481 est
3173 3426 3347 3497 gloria
3379 3425 3431 3479 in
3462 3426 3690 3479 saecula.

2309 3524 2399 3577 27.
2438 3522 2627 3577 Omnis
2653 3536 2781 3589 ergo
2814 3522 2897 3574 cui
2935 3518 3183 3574 veritatis
3217 3532 3344 3571 cura
3383 3526 3488 3581 est,
3543 3531 3737 3586 parum
3768 3515 3840 3568 de

2242 3613 2553 3667 nominibus
2588 3622 2642 3667 et
2678 3612 3024 3667 sermonibus
3050 3619 3230 3673 curet,
3265 3610 3394 3678 quia
3440 3622 3539 3677 per
3588 3608 3841 3677 singulas

2241 3716 2427 3775 gentes
2458 3706 2686 3759 diversa:
2716 3705 3012 3759 verborum
3045 3700 3469 3758 consuetudines
3513 3700 3795 3755 habentur
3821 3716 3837 3765 ;

2239 3809 2293 3855 et
2326 3800 2428 3853 hoc
2453 3800 2625 3869 magis
2662 3797 2805 3867 quod
2834 3798 3199 3867 significatur,
3235 3810 3400 3864 quam
3433 3796 3686 3864 qualibus
3709 3807 3839 3848 ver-

2242 3891 2325 3945 bis
2355 3890 2708 3961 signiﬁcetur,
2738 3890 3017 3955 intendat;
3057 3890 3327 3959 prmcipue
3367 3889 3417 3940 in
3456 3896 3566 3939 tam
3613 3888 3837 3955 magnis

2238 3991 2294 4036 et
2325 3990 2431 4035 tam
2470 3979 2779 4033 difﬁcilibus
2805 3980 3002 4043 rebus;
3038 3980 3177 4033 sicut
3205 3995 3325 4032 cum
3360 3976 3648 4047 quaeritur,
3676 3974 3837 4029 verbi

2240 4088 2426 4135 causa,
2459 4073 2502 4126 si
2536 4072 2605 4125 sit
2636 4072 2815 4140 aliqua
2864 4072 3170 4125 substantia
3219 4072 3269 4125 in
3306 4087 3411 4140 qua
3453 4083 3631 4137 neque
3681 4067 3840 4121 color

2242 4182 2416 4236 neque
2441 4164 2658 4217 habitus
2678 4176 2856 4231 neque
2885 4172 3063 4216 tactus
3089 4178 3265 4230 neque
3290 4162 3607 4231 magnitudo
3625 4158 3837 4213 intelli-

2240 4255 2411 4323 genda
2466 4254 2555 4315 sit,
2610 4262 2793 4307 mente
2839 4252 2953 4306 sola
3004 4252 3405 4320 conspicabilis,
3455 4267 3621 4319 quam
3662 4258 3839 4319 prout

2241 4344 2355 4397 vult
2389 4344 2532 4412 quis,
2570 4344 2642 4397 ita
2693 4354 2746 4397 et
2802 4342 3081 4405 nominat;
3133 4358 3257 4395 nam
3302 4341 3480 4395 Graeci
3534 4340 3837 4410 ἀσώματον

2240 4452 2382 4503 eam,
2442 4436 2494 4489 id
2545 4445 2627 4489 est
2683 4435 3061 4503 iucorpoream
3112 4433 3398 4498 dixerunt,
3447 4433 3646 4486 divina:
3696 4446 3839 4485 vexo

2244 4530 2541 4599 Scripturae
2590 4528 2920 4582 invisibilem
2951 4542 3072 4581 esse
3102 4526 3463 4596 pronuntiant
3487 4541 3503 4578 :
3529 4525 3839 4593 imaginem

560 4611 628 4665 ab
655 4612 738 4665 his
763 4613 982 4681 quidem
1025 4614 1233 4669 naturis
1267 4631 1385 4686 quae
1413 4616 1664 4685 quamvis
1692 4618 1993 4676 diviniores
2028 4623 2137 4676 siut
2173 4638 2216 4695 ι)
2244 4620 2389 4674 enim
2414 4618 2703 4671 invisibilis
2722 4616 2814 4672 Dei
2834 4616 3037 4670 Paulus
3053 4615 3310 4686 dicit(45)
3335 4631 3455 4669 esse
3472 4614 3838 4669 Christum".

561 4717 725 4769 quam
776 4704 1013 4757 humana
1060 4714 1165 4771 est,
1202 4706 1361 4762 facta:
1395 4717 1576 4764 tamen
1632 4720 1689 4764 et
1723 4711 1856 4779 ipsa:
1889 4722 2016 4767 sunt
2057 4715 2135 4768 vel

562 4798 793 4856 creatae;
824 4792 1002 4847 sciens
1029 4808 1159 4864 ergo
1191 4796 1333 4863 quod
1361 4812 1391 4850 a
1423 4796 1567 4851 nulla
1598 4798 1789 4853 harum
1824 4815 2002 4871 neque
2034 4803 2140 4855 ini-

634 4922 679 4953 ⁸⁸
696 4921 785 4975 Ps.
803 4939 951 4987 xuv,
983 4925 1068 4980 14.
1144 4926 1189 4957 ⁸⁸
1213 4928 1369 4982 Rom.
1398 4944 1473 4988 χι,
1507 4930 1594 4982 55.
1674 4930 1714 4959 ⁵⁷
1736 4930 1869 4985 llud.

565 5006 675 5057 xw,
707 4992 797 5047 22.
875 4995 921 5026 ⁵³
948 4994 1160 5051 Coloss.
1196 5013 1235 5061 ι,
1260 5001 1344 5052 15.
1450 4999 1495 5029 ⁸³
1525 4999 1658 5056 Ibid.
1688 5001 1772 5053 17.

632 5108 746 5177 (59)
777 5110 895 5165 Dei.
926 5113 1085 5168 Deest
1113 5116 1165 5168 in
1200 5116 1383 5179 editis,
1424 5123 1518 5173 sed
1556 5120 1784 5174 habetur
1818 5120 1872 5174 in
1905 5137 2033 5177 mss.

634 5179 747 5248 (ιο)
777 5179 961 5238 Posse.
997 5184 1157 5239 Deest
1194 5186 1319 5239 item
1352 5188 1403 5240 in
1440 5190 1619 5243 editis.

636 5250 750 5325 (41)
792 5249 935 5325 Nam
971 5265 1018 5307 et
1064 5254 1314 5308 llebrteus
1358 5258 1565 5322 doctor,
1617 5267 1723 5314 etc.
1768 5258 1900 5315 Vide
1952 5261 2046 5315 lib.
2092 5280 2134 5325 ι,

564 5336 685 5399 cap.
719 5320 774 5383 5,
801 5338 855 5374 η.
891 5324 946 5386 4,
979 5326 1069 5377 ubi
1103 5330 1292 5378 eadem
1342 5326 1455 5379 fere
1502 5320 1847 5399 reperiuntur
1891 5342 1945 5385 et
1971 5320 2135 5388 verba

564 5388 750 5461 Grmca
776 5405 1142 5461 apponuntur.

639 5459 771 5534 (42)⁸
791 5459 1087 5534 Seraphim.
1123 5466 1277 5518 Deest
1310 5465 1364 5519 in
1397 5467 1577 5522 editis.
1607 5467 1807 5522 Ibidem
1851 5485 2005 5534 mss.,
2041 5490 2057 5522 ι
2085 5473 2134 5525 in

568 5527 835 5604 facie_'Dei
862 5527 1001 5604 etin
1029 5534 1257 5602 pedibus
1285 5536 1422 5604 ejus.
1445 5557 1463 5589 ι
1493 5538 1655 5604 Editi,
1692 5558 1709 5588 ι
1734 5540 1784 5591 in
1817 5527 2011 5593 faciem
2043 5542 2134 5595 Dei

567 5608 623 5677 et
649 5600 755 5677 sub
778 5600 1169 5677 pedibusejus.
1196 5623 1215 5657 ι
1255 5600 1397 5677 Infra
1432 5623 1561 5663 mss.
1600 5627 1618 5659 ι
1642 5600 1776 5677 quos
1808 5625 2132 5665 annumera-

568 5671 648 5748 vit
677 5671 921 5748 spiritus.
948 5690 966 5723 ι
1007 5673 1171 5737 Editi,
1210 5692 1228 5725 ι
1254 5676 1347 5743 qui
1380 5671 1807 5732 annumerantur
1837 5680 2084 5748 spiritus.
2111 5700 2130 5732 ι

569 5737 736 5815 Paulo
763 5750 882 5809 post
914 5757 1067 5804 mss.,
1124 5762 1143 5794 ι
1169 5737 1377 5815 assequi
1429 5757 1698 5814 poterunt.
1721 5768 1739 5800 ι
1793 5737 1955 5811 Editi,
2009 5769 2026 5800 ι
2049 5766 2136 5805 as-

571 5810 721 5877 sequi
770 5822 1123 5878 potuerunt.»
1178 5810 1321 5868 Infra
1358 5810 1512 5881 mss.,
1560 5820 1687 5873 «cui
1736 5830 1813 5875 est
1856 5810 2023 5888 gloria
2080 5821 2133 5876 in

1949 4934 1995 4967 ‘°
2020 4938 2194 4996 Eccle.
2225 4957 2318 5002 vn,
2344 4940 2434 4993 ει.

2247 4713 2351 4765 Sed
2376 4720 2429 4764 et
2459 4726 2668 4764 rursum
2694 4725 2789 4778 per
2817 4710 3093 4764 Christum
3121 4720 3304 4764 creata
3335 4708 3472 4763 dixit
3493 4724 3610 4763 esse
3638 4706 3839 4761 onmia

2247 4804 2486 4857 visibilia
2537 4816 2592 4856 et
2639 4802 3016 4858 invisibilia”.
3051 4802 3155 4857 Per
3182 4805 3325 4871 quod
3366 4803 3676 4858 declaratur
3702 4815 3842 4853 esse

2513 4939 2682 4993 "lsa.
2717 4955 2829 5005 xu,
2854 4939 3058 5003 22,25.
3135 4942 3299 4997 "lsa.
3335 4957 3411 5006 vt,
3448 4941 3503 4994 5.
3578 4938 3622 4969 “
3647 4937 3840 4993 Eccli.

2240 5122 2460 5177 szecula.
2484 5141 2501 5173 ι
2520 5121 2684 5193 Editi,
2709 5141 2728 5175 ι
2751 5124 2836 5176 cui
2862 5134 2944 5178 est
2969 5125 3137 5193 gloria
3177 5126 3228 5179 in
3254 5125 3447 5179 saecula
3475 5125 3841 5189 sreculornm,

2244 5208 2422 5249 amen.
2462 5212 2479 5243 ι
2534 5192 2652 5246 Mox
2688 5208 2816 5248 mss.
2852 5213 2870 5245 ι
2904 5192 3090 5262 parum
3139 5196 3204 5250 de
3248 5196 3575 5250 nominibus.
3599 5215 3619 5246 ι
3651 5197 3843 5259 Editi,

2250 5282 2267 5314 ι
2308 5278 2496 5330 parum
2523 5265 2589 5317 de
2611 5265 2861 5318 omnibus
2888 5265 3214 5319 nominibus.
3250 5286 3268 5315 ι

2308 5332 2425 5455 Ιςιιὸ)
2467 5331 2672 5386 Paulus
2701 5336 2846 5389 dicit.
2869 5334 2959 5389 Sic
2982 5350 3112 5389 mss.
3144 5334 3281 5388 Editi
3314 5349 3465 5399 vero,
3506 5354 3526 5386 ι
3562 5334 3785 5389 dicunt.
3818 5356 3839 5386 ι

2332 5418 2387 5455 ra
2445 5418 2600 5455 mss..
2662 5421 2681 5455 ι
2704 5420 2931 5455 quorum
2991 5405 3322 5455 significatio
3378 5406 3593 5455 nronrie
3653 5406 3839 5455 nullis

2245 5402 2600 5474 Infra'mss.,
2662 5420 2931 5472 «quorum
2991 5405 3322 5474 signiﬁcatio
3377 5406 3593 5474 proprie
3653 5406 3849 5459 nullis

2237 5473 2458 5527 omnino
2506 5482 2679 5541 potest
2734 5479 2985 5529 humanae
3031 5473 3224 5543 lingua:
3261 5473 3600 5529 sermonibus
3649 5478 3848 5543 capti-

2238 5492 2458 5527 οιιιηιηο
2506 5492 2679 5541 ροιεδι
2736 5492 2985 5529 uumauaa
3031 5492 3102 5529 nn
3145 5492 3224 5530 me
3261 5492 3600 5529 sermontous
3649 5492 3848 5543 ελνιιο

2238 5544 2369 5615 cari.
2399 5560 2418 5593 ι
2452 5544 2614 5615 Editi,
2649 5561 2919 5612 «quorum
2958 5492 3416 5615 signiﬁcationem
3452 5546 3666 5614 proprie
3703 5546 3850 5595 nul-

2238 5613 2321 5686 lus
2351 5614 2578 5686 omnino
2604 5624 2784 5686 potest
2824 5613 3071 5670 humana:
3099 5616 3297 5686 lingua:
3340 5613 3678 5669 sermonibus
3722 5629 3848 5668 ex-

2242 5682 2463 5763 plicare.
2500 5703 2520 5736 ο
2557 5682 2731 5763 Paulo
2746 5695 3030 5763 post__m_ss.
3062 5682 3209 5763 recte
3234 5689 3454 5740 omnino
3482 5702 3495 5737 :
3524 5704 3542 5737 ι
3563 5701 3691 5763 non“
3722 5701 3846 5752 pro

2244 5753 2783 5833 vilitatesermonis'.
2812 5775 2831 5808 ι
2862 5756 2999 5812 Male
3056 5756 3208 5826 editi,
3249 5772 3397 5813 «non
3436 5771 3533 5826 pro
3578 5753 3847 5811 utilitate

2242 5837 2533 5879 SCI'IHODIS.
2562 5844 2580 5877 Ι
