3954 6414
556 396 684 463 Δ103

1779 395 2101 454 ORIGENIS
2139 393 2295 447 ΠΕΡΙ
2335 391 2559 447 ᾹΡΧΩΝ

3718 380 3823 436 404

565 522 739 579 Filius
763 520 1037 595 'splendor
1071 522 1211 580 lucis
1245 529 1461 579 aeternae
1493 520 1563 578 sit
1584 519 1652 579 ".
1692 518 1846 575 Sicut
1891 533 2021 588 ergo
2055 517 2141 569 lux
2176 522 2217 577 Α
2252 515 2383 568 etin
2415 513 2580 567 Paulo
2606 518 2722 565 erat
2748 506 3103 573 Christus,’in
3136 503 3395 563 Michaele
3419 519 3548 561 vero
3582 504 3824 559 archan-

565 630 845 685 nunquam
876 616 993 671 sine
1022 615 1307 686 splendore
1341 629 1463 671 esse
1494 614 1689 685 potuit,
1720 613 1792 667 ita
1837 627 1939 666 nec
1972 610 2143 664 Filius

567 706 783 774 quidem
812 707 930 762 sine
960 706 1121 762 Patre
1151 706 1375 777 intelligi
1414 713 1608 775 potest,
1640 703 1732 774 qui
1764 712 1817 759 et
1854 702 2021 770 ﬁgura
2047 716 2145 755 ex-

562 811 751 867 pressa
777 797 1090 854 substantia:
1136 797 1274 867 ejus,
1302 809 1356 854 et
1390 799 1651 861 Verbum,
1682 807 1736 851 et
1767 795 2035 864 sapientia
2063 794 2144 847 di-

565 889 727 943 citur.
756 889 1034 956 Quomodo
1055 906 1185 962 ergo
1208 900 1383 962 potest
1404 891 1533 956 dici,
1562 890 1686 959 quia
1720 887 1824 942 fuit
1854 887 2145 955 aliquando

567 980 785 1050 quando
820 998 925 1038 non
957 983 1059 1037 fuit
1089 984 1293 1040 Filius?
1327 984 1470 1039 Nihil
1496 984 1638 1038 enim
1686 980 1830 1036 aliud
1864 989 1947 1035 est
1983 978 2034 1032 id
2062 978 2145 1032 di-

565 1085 710 1138 cere,
751 1072 853 1128 nisi
888 1075 1014 1145 quia
1064 1074 1166 1131 fuit
1217 1075 1507 1145 aliquando
1553 1074 1771 1144 quando
1810 1072 2009 1127 veritas
2038 1085 2144 1125 non

564 1172 707 1228 erat,
744 1166 960 1234 quando
994 1167 1259 1236 sapientia
1303 1182 1409 1221 non
1448 1174 1586 1230 erat,
1634 1164 1850 1233 quando
1892 1165 2003 1217 vita
2040 1177 2143 1215 non

565 1253 751 1323 fuerit,
779 1272 902 1312 cum
936 1258 989 1311 in
1029 1258 1113 1313 his
1142 1259 1391 1313 omnibus
1422 1257 1659 1327 perfecte
1693 1256 1787 1310 Dei
1821 1255 1995 1308 Patris
2019 1256 2147 1307 suh-

565 1350 765 1405 stantia
796 1360 1107 1405 censeatur.
1144 1350 1260 1405 Non
1294 1350 1435 1405 enim
1469 1350 1540 1403 ab
1565 1363 1631 1403 eo
1666 1347 1846 1402 dirimi
1888 1349 2024 1409 hznc,
2060 1342 2144 1396 vel

565 1444 635 1498 ab
665 1443 780 1512 eius
809 1450 1035 1513 possunt
1084 1456 1319 1511 unquam
1375 1439 1678 1495 substantia
1726 1436 1987 1505 separari.
2017 1434 2147 1500 Qua:

567 1533 785 1601 quidem
816 1534 1063 1603 quamvis
1097 1531 1369 1586 intellectu
1405 1530 1572 1584 multa
1604 1543 1727 1584 esse
1773 1528 2047 1588 dicantur,
2089 1540 2146 1578 re

570 1634 747 1679 tamen
780 1633 833 1679 et
864 1623 1164 1679 substantia
1194 1639 1356 1677 unum
1390 1630 1536 1685 sunt,
1568 1622 1619 1674 in
1647 1620 1844 1689 quibus
1869 1618 2146 1688 plenitudo

567 1725 651 1771 est
675 1716 998 1770 divinitatis.
1030 1713 1140 1769 Hoc
1162 1722 1338 1768 autem
1369 1714 1543 1782 ipsum
1572 1712 1711 1781 quod
1739 1710 1994 1775 dicimus,
2016 1707 2144 1777 quia

569 1822 840 1875 nunquam
887 1805 985 1860 fuit
1028 1806 1240 1875 quando
1278 1820 1380 1858 non
1418 1804 1536 1867 fuit,
1572 1819 1694 1859 cum
1730 1802 1886 1867 venia
1920 1800 2147 1855 audien-

566 1899 693 1953 dum
719 1909 822 1954 est.
858 1897 992 1951 Nam
1020 1907 1074 1951 et
1108 1897 1220 1951 haec
1246 1896 1359 1966 ipsa
1390 1896 1605 1950 nomina
1640 1893 1954 1963 temporalis
1978 1907 2141 1947 voca-

568 1990 675 2044 buli
715 1990 1133 2056 signiﬁcantiam
1176 1997 1393 2059 gerunt,
1436 1988 1486 2042 id
1518 1996 1600 2042 est
1639 1986 1851 2057 quando
1892 1984 1974 2040 vel
2005 2001 2143 2038 nun.

567 2098 764 2147 quam;
795 2096 955 2149 supra
990 2095 1150 2135 omne
1197 2090 1374 2135 autem
1416 2088 1648 2147 tempus,
1684 2088 1735 2132 et
1768 2093 1931 2147 supra
1958 2077 2139 2129 omnia

566 2176 782 2238 srccula,
813 2182 867 2228 et
911 2189 1071 2243 supra
1107 2187 1322 2226 onmem
1376 2171 1739 2225 aeternitatem
1794 2166 2139 2236 intelligenda

566 2271 693 2317 sunt
722 2278 786 2318 ea
815 2277 933 2331 qua:
965 2264 1028 2315 de
1058 2262 1216 2317 Patre
1252 2272 1304 2316 et
1332 2261 1469 2315 Filio
1502 2269 1556 2315 et
1597 2257 1797 2329 Spiritu
1839 2266 2029 2311 sancto
2058 2256 2108 2308 di
2128 2284 2142 2295 -

564 2364 782 2411 cuntur.
818 2355 943 2411 Haec
986 2356 1129 2410 enim
1178 2355 1293 2410 sola
1342 2354 1581 2408 Trinitas
1630 2361 1714 2408 est
1762 2366 1881 2420 quae
1925 2364 2139 2404 omnem

566 2461 781 2501 sensum
817 2447 1184 2517 intelligentim
1213 2461 1318 2499 nou
1366 2444 1538 2498 solum
1588 2442 1924 2513 temporalis,
1952 2456 2141 2495 verum

564 2540 728 2592 etiam
758 2539 1027 2593 :cternalis
1054 2539 1284 2593 excedit.
1316 2538 1524 2591 Cmtera
1571 2550 1702 2590 vero
1735 2550 1857 2603 qua:
1890 2543 2016 2588 sunt
2041 2547 2140 2588 ex-

568 2642 649 2684 tra
683 2629 1024 2698 Trinitatem,
1075 2632 1125 2685 in
1174 2631 1393 2686 sarculis
1442 2639 1496 2685 et
1547 2631 1597 2684 in
1648 2630 1981 2698 temporibus
2025 2644 2142 2683 me-

563 2722 743 2775 tienda
776 2732 922 2777 sunt.
960 2722 1111 2777 Hunc
1145 2723 1310 2792 igitur
1334 2720 1528 2774 Filium
1556 2720 1649 2775 Dei
1677 2720 1975 2776 secundum
1997 2720 2141 2791 quod

568 2813 805 2869 Verbum
841 2826 922 2868 est
940 2814 1082 2869 Deus
1107 2813 1249 2882 quod
1272 2812 1466 2866 eratin
1493 2810 1757 2881 principio
1783 2812 1923 2879 apud
1950 2811 2139 2877 Deum,

566 2921 724 2961 nemo
758 2915 1157 2970 consequenter
1183 2904 1296 2975 (46)
1327 2904 1539 2973 putabit
1566 2904 1618 2956 in
1653 2902 1771 2959 loco
1798 2903 1982 2974 aliquo
2013 2920 2143 2957 con-

566 2998 748 3063 tineri,
779 3013 954 3067 neque
998 2998 1294 3052 secundum
1325 2996 1466 3064 quod
1509 2996 1776 3064 sapientia
1824 3006 1928 3061 est,
1967 3011 2142 3065 neque

566 3090 864 3142 secundum
896 3089 1037 3157 quod
1081 3090 1284 3141 veritas
1310 3097 1413 3151 est,
1458 3101 1635 3155 neque
1677 3088 1972 3141 secundum
2002 3089 2141 3155 quod

567 3181 676 3233 vita
711 3189 816 3246 est,
851 3181 933 3234 vel
977 3181 1208 3250 justitia,
1246 3178 1323 3232 vel
1373 3177 1754 3244 sanctiﬁcatio,
1804 3178 1888 3233 vel
1932 3180 2143 3234 redem-

567 3270 704 3338 ptio.
736 3270 861 3324 llzcc
890 3272 1032 3324 enim
1059 3272 1240 3324 omnia
1273 3284 1376 3323 non
1426 3270 1670 3339 indigent
1704 3269 1841 3335 loco,
1882 3280 1941 3323 ut
1982 3286 2142 3341 agere

569 3360 699 3429 quid
733 3361 817 3413 vel
846 3361 1058 3429 cperari
1104 3361 1332 3429 possint,
1380 3360 1474 3415 sed
1508 3374 1606 3429 pro
1657 3359 1742 3414 his
1792 3359 1884 3430 qui
1924 3360 2143 3417 virtutis

568 3453 686 3521 ejus
723 3452 1221 3521 ineperationisque
1255 3452 1603 3521 participant,
1649 3451 1766 3507 haec
1809 3451 2022 3522 singula
2060 3452 2142 3506 in-

572 3543 857 3612 telligenda
889 3552 1035 3597 sunt.

640 3633 729 3687 29.
767 3634 823 3687 Si
858 3648 986 3688 vero
1017 3635 1137 3703 quis
1171 3636 1315 3690 dicet
1338 3650 1436 3704 per
1460 3649 1555 3689 eos
1581 3637 1669 3706 qui
1700 3637 1991 3707 participes
2017 3645 2145 3692 sunt

571 3726 743 3780 Verbi
797 3727 911 3787 Dei,
964 3726 1046 3780 vel
1100 3726 1381 3795 sapientiae
1427 3729 1562 3795 ejus,
1617 3728 1702 3782 vel
1756 3729 2023 3795 veritatis,
2057 3729 2143 3783 vel

568 3818 719 3881 vitae,
745 3817 911 3871 etiam
945 3818 1117 3886 ipsum
1165 3816 1400 3872 Verbum
1438 3826 1491 3872 et
1520 3819 1845 3888 sapientiam
1878 3820 2052 3874 videri
2087 3821 2140 3874 in

572 3908 692 3964 loco
714 3923 864 3973 esse;
900 3911 1325 3979 respondendum
1371 3920 1455 3963 est
1498 3911 1571 3977 ei,
1605 3912 1729 3980 quia
1779 3911 1999 3966 dubium
2034 3928 2140 3967 non

568 4013 655 4055 est
691 4002 830 4069 quod
864 4000 1114 4056 Christus
1145 4004 1441 4057 secundum
1487 4004 1631 4072 quod
1681 4001 1917 4057 Verbum
1960 4012 2015 4057 et
2052 4019 2137 4057 sa-

570 4090 777 4159 pientia
813 4102 897 4147 est
941 4092 1023 4147 vel
1069 4104 1264 4149 cwtcra
1296 4095 1500 4157 omnia,
1546 4104 1663 4148 erat
1704 4094 1755 4146 in
1787 4093 1972 4158 Paulo,
2019 4109 2143 4159 pro-

570 4193 693 4251 pter
736 4184 877 4253 quod
922 4185 1179 4239 dicebat:
1216 4187 1367 4241 «Aut
1421 4185 1854 4254 experimentum
1901 4184 2144 4252 quaeritis

570 4271 687 4339 ejus
728 4274 820 4342 qui
862 4274 911 4327 in
962 4290 1047 4329 me
1088 4275 1325 4344 loquitur
1366 4274 1748 4329 Christus"?i
1783 4272 1849 4325 Et
1901 4273 2094 4326 iterum
2128 4290 2141 4324 :

574 4384 595 4417 ι
636 4363 767 4421 Vivo
802 4378 978 4421 autem
1018 4368 1128 4437 jam
1164 4383 1268 4421 non
1311 4383 1429 4436 ego,
1462 4368 1600 4445 .vivit
1647 4382 1774 4422 vero
1807 4366 2060 4421 Christus
2092 4366 2143 4419 in

2250 606 2392 677 gelo,
2431 605 2563 658 etin
2601 601 2851 658 Gabriele
2898 616 3004 655 non
3055 608 3194 656 erat.
3247 598 3328 652 Ex
3382 613 3488 666 quo
3536 596 3829 650 manifeste

2247 696 2692 766 deprehenditur,
2722 694 2845 763 quia
2888 692 3148 747 divinitas
3186 690 3306 745 Filii
3357 690 3451 745 Dei
3486 704 3591 744 non
3620 688 3829 742 inloco

2249 790 2430 857 aliquo
2458 786 2915 850 concludebatur;
2958 783 3196 848 alioquin
3223 784 3277 836 in
3304 782 3423 851 ipso
3451 790 3665 835 tantum
3694 778 3834 832 fuis-

2250 891 2354 939 set,
2388 887 2440 932 et
2470 879 2521 931 in
2561 877 2667 931 alio
2696 890 2799 930 non
2835 876 3063 939 fuisset;
3101 874 3195 929 sed
3230 873 3529 927 secundum
3571 872 3832 940 incorpo—

2251 985 2355 1022 rea:
2383 980 2591 1023 naturae
2624 966 2954 1035 maiestatem
2985 981 3104 1019 cum
3141 981 3169 1017 a
3208 963 3352 1017 nullo
3380 964 3499 1018 loco
3531 961 3830 1017 concluda-

2249 1068 2358 1124 tur,
2398 1060 2450 1113 iu
2485 1060 2630 1113 nullo
2658 1073 2872 1113 rursum
2905 1058 3093 1110 deesse
3126 1057 3464 1125 intelligitur.
3500 1055 3699 1109 Verum
3734 1053 3831 1108 illa

2250 1154 2361 1207 sola
2396 1152 2701 1208 differentia
2735 1153 3080 1223 intelligenda
3107 1160 3215 1216 est,
3250 1150 3396 1219 quod
3426 1149 3643 1202 etiamsi
3676 1147 3751 1202 sit
3775 1146 3831 1200 in

2251 1246 2500 1309 diversis,
2539 1246 2681 1299 sicut
2732 1245 2995 1310 diximus,
3050 1244 3101 1297 iu
3147 1243 3327 1306 Petro,
3378 1242 3463 1297 vel
3513 1241 3709 1309 Paulo,
3744 1242 3834 1296 vel

2249 1335 2526 1401 Michaele,
2560 1338 2640 1389 vel
2676 1335 2947 1399 Gabriele,
2984 1350 3088 1389 non
3144 1345 3321 1389 tamen
3357 1335 3610 1389 similiter
3650 1342 3738 1388 est
3777 1334 3831 1388 in

2249 1424 2537 1478 universis.
2569 1423 2786 1478 Plenius
2819 1425 2964 1477 enim
2998 1432 3053 1477 et
3102 1424 3323 1488 clarius,
3359 1432 3433 1489 et,
3465 1432 3520 1478 ut
3561 1424 3636 1477 ita
3672 1424 3834 1477 dixe-

2250 1514 2375 1577 rim,
2403 1514 2645 1584 apertius
2679 1514 2729 1565 iu
2765 1514 3109 1584 archangelis
3140 1523 3224 1567 est
3272 1529 3434 1582 quam
3483 1514 3537 1567 in
3574 1513 3697 1567 aliis
3716 1513 3833 1583 (47)

2248 1608 2455 1661 sanctis
2500 1606 2651 1659 viris.
2692 1605 2845 1674 191
2899 1606 3050 1671 Quod
3098 1620 3165 1659 ex
3213 1621 3278 1659 eo
3322 1604 3674 1659 manifestum
3726 1615 3836 1669 est,

2248 1701 2372 1770 quia
2400 1715 2520 1754 cum
2558 1700 2624 1752 ad
2648 1714 2916 1753 summam
2950 1698 3341 1766 perfectionem
3372 1698 3629 1751 venerint
3655 1698 3838 1751 sancti

2247 1792 2469 1859 quique,
2501 1790 2757 1844 dicuntur
2789 1790 2993 1843 similes
3024 1790 3233 1859 angelis
3261 1790 3439 1854 efﬁci,
3459 1791 3545 1844 vel
3570 1790 3836 1860 aequales,

2251 1880 2549 1935 secundum
2593 1879 2961 1948 evangelicum
2994 1881 3323 1934 sententiam
3374 1880 3440 1935 ⁸⁸.
3499 1879 3657 1936 Unde
3702 1895 3840 1936 con-

2252 1980 2359 2024 stat
2392 1972 2443 2025 in
2473 1970 2698 2040 singulis
2747 1969 3051 2039 quibusque
3085 1980 3290 2024 tantum
3343 1970 3482 2026 θαίςί
3528 1970 3837 2037 Christum,

2251 2073 2509 2131 quantmn
2539 2061 2673 2113 ratio
2707 2059 2989 2114 indulserit
3018 2061 3359 2115 meritorum.

2321 2153 2410 2207 30.
2449 2153 2541 2206 llis
2581 2153 2743 2221 igitur
2778 2152 2934 2205 nobis
2978 2154 3043 2207 de
3094 2151 3382 2206 Trinitatis
3421 2154 3643 2208 ratione
3692 2152 3833 2208 bre-

2254 2244 2391 2299 viter
2422 2247 2690 2311 repetitis,
2722 2261 3064 2315 consequens
3090 2256 3174 2301 est
3209 2246 3338 2300 illud
3390 2248 3557 2302 etiam
3591 2248 3843 2302 breviter

2253 2340 2567 2401 admonere,
2597 2338 2737 2407 quod
2768 2352 2867 2406 per
2904 2337 3099 2391 Filium
3140 2355 3159 2389 ι
3186 2349 3371 2392 creata
3415 2338 3674 2393 dicuntur
3716 2355 3847 2394 οιιι-

2252 2430 2338 2482 nia
2374 2444 2492 2496 quae
2523 2428 2574 2481 in
2607 2429 2758 2484 caelis
2787 2441 2937 2495 sunt,
2968 2438 3022 2483 et
3052 2446 3171 2498 qua:
3214 2430 3268 2483 in
3301 2440 3467 2497 terra,
3505 2430 3742 2484 visibilia
3776 2440 3844 2484 et

2254 2520 2586 2586 invisibilia,
2643 2522 2760 2576 sive
2815 2523 3028 2588 throni,
3078 2524 3192 2577 sive
3238 2523 3670 2587 dominationes,
3720 2523 3845 2577 sive

2253 2614 2609 2683 principatus,
2643 2615 2757 2669 sive
2792 2625 3109 2684 potestates,
3138 2615 3317 2670 omnia
3352 2630 3448 2684 per
3484 2617 3661 2685 ipsum
3690 2626 3747 2669 et
3779 2618 3843 2669 in

2254 2706 2371 2774 ipso
2413 2717 2596 2760 creata
2633 2717 2777 2774 sunt,
2807 2719 2861 2762 et
2897 2708 3009 2777 ipse
3033 2719 3116 2761 est
3145 2717 3269 2761 ante
3307 2724 3524 2774 omnes,
3554 2716 3609 2762 et
3648 2710 3843 2762 omnia

2254 2798 2325 2851 illi
2381 2806 2628 2852 constant
2684 2799 2775 2868 qui
2834 2809 2920 2853 est
2971 2801 3277 2869 caput”.i
3330 2800 3542 2866 Quibus
3596 2818 3841 2855 consona

2251 2890 2414 2945 etiam
2448 2888 2685 2945 Joannes
2717 2890 2769 2943 in
2804 2890 3101 2960 Evangelia
3127 2891 3274 2955 dicit,
3304 2891 3429 2959 quia
3465 2909 3483 2941 ι
3516 2893 3698 2943 omnia
3737 2907 3846 2959 per

2254 2981 2427 3046 ipsum
2459 2979 2598 3034 facta
2638 2990 2783 3045 sunt,
2811 2991 2864 3034 et
2899 2983 3016 3034 siue
3060 2982 3172 3051 ipso
3209 2980 3409 3035 factum
3456 2990 3540 3035 est
3573 2982 3705 3035 nihil
3730 2984 3839 3035 ⁸⁸.»

2252 3072 2418 3126 David
2450 3089 2578 3126 vero
2622 3075 2791 3127 totius
2826 3073 3113 3127 Trinitatis
3149 3074 3469 3144 mysterium
3512 3072 3565 3125 itt
3614 3075 3844 3128 univcr-

2251 3178 2434 3218 sorum
2471 3164 2781 3219 conditione
2812 3164 3131 3235 signiﬁcans
3162 3164 3271 3237 (48)
3308 3168 3383 3220 ait
3416 3191 3428 3225 :
3468 3187 3487 3219 ι
3516 3168 3703 3225 Verbo
3733 3166 3845 3220 Do-

2255 3265 2387 3317 mini
2429 3264 2553 3318 caeli
2600 3264 2798 3319 ﬁrmati
2828 3274 2972 3330 sunt,
3018 3276 3076 3320 et
3112 3267 3306 3334 spiritu
3353 3268 3467 3324 oris
3493 3268 3610 3337 ejus
3654 3268 3846 3322 omnis

2256 3358 2432 3411 virtus
2462 3373 2649 3412 eorum
2678 3360 2742 3413 σί.
2767 3378 2785 3409 ι
2836 3358 2965 3413 Post
2998 3359 3111 3413 hzec
3157 3376 3286 3414 vero
3320 3371 3695 3431 competenter
3732 3362 3841 3413 ad-

2256 3450 2595 3503 moucbinms
2639 3450 2706 3503 de
2761 3451 2993 3504 adventu
3044 3453 3309 3522 corporali
3359 3462 3410 3507 et
3448 3453 3831 3507 incarnatione

2255 3540 2520 3610 unigeniti
2552 3541 2670 3595 Filii
2714 3541 2805 3595 Dei
2836 3559 2851 3595 :
2886 3542 2936 3595 in
2966 3558 3072 3612 quo
3107 3557 3210 3597 non
3243 3545 3315 3596 ita
3352 3543 3695 3597 sentiendum
3729 3552 3842 3603 est,

2255 3635 2400 3703 quod
2431 3636 2604 3688 omnis
2635 3634 2941 3689 divinitatis
2984 3636 3104 3705 ejus
3145 3636 3399 3704 majestas
3435 3636 3578 3689 intra
3624 3635 3844 3688 brevis—

2249 3726 2371 3781 simi
2424 3728 2669 3795 corporis
2718 3728 2954 3781 claustra
3011 3728 3271 3783 conclusa
3303 3737 3407 3790 est,
3450 3728 3521 3781 ita
3566 3736 3623 3779 ut
3670 3742 3846 3779 omne

2244 3815 2485 3872 Verbum
2511 3816 2602 3871 Dei
2630 3828 2684 3872 et
2710 3821 2973 3888 sapientia
2999 3819 3112 3888 ejus
3138 3835 3202 3874 ac
3226 3820 3598 3874 substantialis
3625 3820 3843 3872 veritas

2250 3924 2313 3961 ac
2356 3908 2499 3974 vita,
2544 3909 2623 3965 vel
2674 3925 2703 3963 a
2744 3910 2906 3965 Patre
2962 3911 3172 3966 divulsa
3222 3911 3329 3975 sit,
3380 3912 3462 3965 vel
3515 3913 3652 3966 intra
3709 3927 3843 3965 cor-

2250 3992 2395 4070 poris
2427 3988 2537 4071 (#59)
2584 4001 2698 4069 ejus
2744 4004 2979 4056 coercita
3017 4014 3072 4056 et
3121 4005 3431 4073 conscripta
3484 4004 3841 4064 brevitatem,

2252 4108 2349 4147 nec
2386 4109 2615 4161 usquam
2671 4104 2930 4163 praeterea
2983 4102 3200 4164 putetur
3245 4104 3504 4162 operata;
3553 4094 3643 4147 sed
3684 4094 3840 4145 inter

2253 4196 2542 4255 utrumque
2595 4197 2753 4239 cauta
2791 4187 3008 4256 pietatis
3060 4188 3219 4241 debet
3268 4202 3387 4241 esse
3431 4185 3727 4246 confessio,
3766 4194 3839 4237 ut

2253 4291 2429 4345 neque
2466 4277 2669 4345 aliquid
2713 4276 3015 4332 divinitatis
3067 4280 3117 4331 in
3149 4277 3367 4331 Christo
3414 4277 3652 4331 defuisse
3696 4291 3836 4329 crc-

2255 4369 2434 4434 datur,
2474 4377 2526 4421 et
2562 4368 2705 4421 nulla
2757 4370 2972 4437 penitus
2998 4384 3028 4421 a
3074 4380 3294 4437 paterna
3350 4369 3675 4431 substantia,
3707 4382 3844 4436 qua:

569 4460 737 4512 me".
760 4476 781 4511 ι
811 4459 961 4514 Tunc
985 4475 1116 4529 ergo
1146 4475 1265 4514 cum
1295 4468 1440 4513 esset
1473 4460 1524 4512 in
1562 4459 1747 4525 Paulo,
1782 4458 1903 4527 quis
1935 4459 2149 4511 dubita-
2180 4480 2225 4535 ι)
2256 4461 2455 4529 ubique
2480 4470 2580 4524 est,
2612 4460 2748 4513 facta
2782 4470 3001 4529 putetur
3030 4477 3150 4516 esse
3180 4461 3397 4515 divisio.
3428 4461 3555 4513 Tale
3587 4474 3839 4527 namque

570 4549 649 4603 bit
676 4550 819 4619 quod
851 4552 1106 4606 similiter
1131 4552 1323 4605 eratin
1356 4550 1536 4616 Petro,
1565 4561 1620 4605 et
1650 4551 1702 4603 in
1731 4549 1963 4612 Joanne,
2001 4560 2055 4603 et
2087 4548 2138 4601 in

571 4642 796 4712 singulis
822 4644 1125 4714 quibusque
1176 4656 1513 4711 sanctorum,
1540 4653 1723 4698 etnon
1752 4642 1927 4696 solum
1966 4644 2019 4695 in
2063 4641 2149 4694 his

572 4734 663 4797 qui
687 4734 740 4785 in
771 4736 932 4789 terris
959 4746 1105 4801 sunt,
1128 4751 1315 4790 verum
1338 4746 1394 4791 et
1416 4737 1467 4790 in
1496 4736 1580 4789 his
1612 4734 1702 4803 qui
1734 4734 1784 4787 in
1818 4732 1972 4787 caelis
1994 4733 2151 4785 sunt?

570 4822 878 4878 Absurdum
906 4841 1140 4894 namque
1165 4840 1248 4881 eSt
1278 4828 1481 4893 dicere,
1513 4827 1638 4896 quia
1666 4826 1717 4880 in
1748 4825 1908 4881 Petro
1932 4825 2147 4895 quidem

1014 4956 1017 4959 ἢ
1050 4989 1097 5021 ⁸⁸
1129 4988 1172 5042 ιι
1203 4988 1333 5044 Cor.
1367 5004 1492 5056 xm,
1525 4990 1581 5043 ’5.

772 5059 819 5090 ⁸⁸
846 5058 1048 5115 Psalm.
1078 5076 1253 5124 χχχιι,
1285 5061 1341 5114 6.

645 4988 691 5020 ³⁸
715 4986 884 5043 Hebr.
918 5006 957 5045 ι.

568 5074 613 5123 ι,
642 5058 698 5114 5.

1659 4988 1703 5019 ⁸⁷
1730 4987 1909 5044 Galat.
1947 5002 2008 5053 tt,
2043 4985 2133 5041 ΞΟ.

569 5224 725 5289 editi,
782 5221 1005 5278 tPatris
1059 5220 1295 5289 aliquam
1334 5222 1691 5279 substantiam
1722 5220 1815 5276 Dei
1852 5220 1905 5275 in
1949 5220 2144 5277 Filium

573 5308 787 5347 versam
825 5303 919 5346 aut
945 5308 1010 5346 ex
1044 5290 1206 5345 nullis
1239 5292 1683 5347 subsistentibus.
1716 5311 1732 5343 ο

667 5362 757 5421 46)
800 5363 891 5415 Sic
915 5378 1046 5416 mss.
1072 5360 1215 5414 Editi
1243 5376 1397 5421 vero.
1438 5381 1455 5413 ί
1482 5362 1886 5417 convenienter.
1916 5381 1934 5413 ι

671 5430 761 5499 47)
790 5432 947 5485 Aliis.
1002 5433 1163 5485 Deest
1198 5430 1249 5483 in
1293 5431 1473 5497 editis,
1514 5444 1567 5485 at
1608 5434 1872 5499 reperitur
1912 5434 1964 5485 in
2012 5447 2141 5486 mss.

576 5502 751 5556 Paulo
789 5511 908 5570 post
953 5516 1085 5555 mss.
1138 5516 1158 5549 ι
1184 5502 1478 5553 secundum
1519 5504 1884 5568 evangelicatn
1930 5511 2143 5554 senten-

578 5575 763 5626 tiam.»
802 5570 967 5634 Editi,
1006 5589 1023 5621 ι
1045 5573 1338 5623 secundum
1376 5571 1679 5639 doctrinam
1705 5572 2095 5639 evangelicam.
2120 5590 2138 5621 ι

577 5643 701 5695 Mox
730 5657 861 5695 mss.
883 5660 897 5687 ι
918 5644 982 5695 de
1006 5639 1293 5694 Trinitatis
1328 5642 1559 5694 ratione.
1586 5660 1603 5690 ι
1645 5638 1805 5705 Editi,
1848 5638 1955 5694 ide
1991 5650 2145 5694 teter-

572 5714 759 5768 nitatis
784 5711 1014 5766 ratione.
1044 5730 1061 5762 l
1136 5768 1143 5773 _

644 5782 753 5853 (48)
797 5782 887 5837 Sic
931 5798 1063 5853 mss.
1113 5779 1285 5847 Editi,
1336 5800 1353 5831 ε
1388 5780 1763 5835 universorum
1807 5780 2147 5853 conditiones

574 5851 949 5923 signiﬁcans.»
1007 5851 1121 5907 Mox
1164 5867 1314 5919 mss.,
1360 5869 1378 5902 ι
1414 5860 1783 5916 competenter
1832 5852 2147 5907 admonebi-

2212 4988 2257 5019 ⁸⁸⁸
2296 4989 2488 5045 Matth.
2523 5008 2670 5059 xx";
2704 4992 2839 5047 Luc.
2868 5009 2957 5049 xx.

2250 4551 2452 4620 aliquid
2485 4553 2647 4605 etiam
2682 4551 2923 4621 Baptista
2972 4551 3208 4607 Joannes
3254 4554 3493 4617 indicat,
3542 4568 3660 4605 cum
3699 4566 3843 4603 cor-

2248 4645 2510 4715 poraliter
2545 4646 2772 4700 absente
2804 4646 2930 4701 Jesu
2963 4650 3166 4702 diceret
3197 4649 3263 4701 ad
3302 4647 3489 4701 turbas
3520 4665 3531 4699 :
3568 4663 3584 4696 ι
3616 4646 3847 4699 Medius

2248 4747 2489 4791 vestrum
2521 4748 2628 4792 stat
2662 4754 2821 4807 quem
2857 4754 2954 4793 vos
2988 4742 3233 4803 nescitis,
3262 4742 3350 4809 qui
3388 4750 3509 4809 post
3537 4754 3615 4791 me
3650 4738 3839 4801 venit,

2253 4829 2408 4898 cujus
2456 4845 2560 4884 non
2610 4846 2729 4884 sum
2766 4831 2955 4899 dignus
3007 4832 3217 4887 solvere
3268 4832 3555 4901 corrigiam
3604 4829 3839 4884 calcea-

3037 4992 3311 5048 ‘9Coloss.
3343 5010 3383 5057 ι,
3416 4992 3500 5047 16.
3589 4990 3632 5021 ⁶⁰
3658 4990 3841 5045 Joan.

2248 5236 2422 5276 mus.»
2457 5217 2621 5283 Editi,
2654 5236 2673 5269 ‹
2704 5226 3105 5285 consequenter
3147 5216 3572 5271 admonebimus.
3596 5230 3614 5263 ι
3651 5209 3856 5268 Paulo

2250 5301 2371 5358 post
2403 5306 2559 5353 mss.,
2597 5307 2613 5339 ι
2646 5289 2787 5341 intra
2814 5287 3117 5358 brevissimi
3146 5289 3392 5355 corporis
3425 5287 3655 5358 claustra
3686 5297 3851 5358 cor}-

2248 5355 2397 5415 clusa
2442 5370 2546 5421 est,
2591 5360 2661 5411 ita
2715 5367 2795 5411 ut.
2820 5375 2837 5407 ι
2874 5357 3042 5423 Editi,
3082 5376 3102 5409 ι
3134 5359 3184 5413 in
3218 5355 3522 5412 brevissimi
3570 5356 3852 5421 corporis

2249 5431 2489 5485 claustro
2519 5430 2703 5482 clausa
2736 5436 2839 5492 est,
2871 5438 2949 5479 ιιι.
2979 5447 2996 5478 ι

2320 5501 2432 5570 (49)
2476 5499 2567 5570 Sic
2601 5507 2917 5570 recteAmss.
2956 5498 3120 5570 Ιξᾳίιίι
3151 5516 3169 5547 ι
3202 5496 3437 5570 cordis.»
3489 5494 3627 5570 ll_ox_
3652 5506 3851 5570 mss.,

2257 5592 2273 5624 ι
2308 5562 2468 5625 cattla
2503 5568 2718 5637 pictatis
2743 5567 2953 5621 debet.»
2984 5568 3145 5633 Editi,
3181 5586 3198 5616 ‹
3228 5583 3329 5620 una
3362 5566 3572 5637 pietatis
3597 5562 3847 5637 debet.)

2255 5641 2423 5697 Paulo
2459 5633 2579 5707 post
2617 5652 2770 5699 mss.,
2822 5655 2839 5685 ι
2866 5647 3084 5703 putetur
3131 5652 3252 5691 esse
3297 5633 3540 5691 di-vulsio.
3564 5652 3580 5682 ι
3634 5633 3799 5684 Editi
3832 5676 3851 5697 ,

2261 5731 2279 5764 ι
2311 5720 2530 5780 putetur
2568 5722 2687 5762 esse
2734 5707 2943 5761 divisio.
2968 5726 2984 5758 ι
3025 5707 3189 5780 Paulo
3222 5707 3362 5760 infra
3407 5720 3555 5780 mss.,
3594 5707 3810 5780 «curri
3836 5735 3855 5743 -

2257 5772 2421 5851 gianr
2442 5779 2960 5834 calceamentorum.
2990 5798 3008 5831 ι
3046 5777 3211 5843 Editi,
3251 5794 3270 5828 ί
3296 5775 3571 5844 corrigiam
3602 5772 3852 5826 calcea-

2257 5850 2446 5906 iuenti.
2475 5867 2493 5900 ι
