3954 6414
194 301 281 357 ωδ
1474 293 1672 348 LIBER
1702 290 2051 360 QUARTUS.

3352 286 3455 339 406

198 418 469 464 memorum
496 406 571 459 ".
600 425 623 460 ι
688 406 866 476 Quod
920 409 1103 477 utique
1142 407 1245 463 dici
1294 421 1398 459 non
1460 418 1674 475 poterat
1716 409 1779 461 de
1811 415 1853 471 Α
1886 405 2167 461 vocabulis
2198 411 2557 475 nuncupatur,
2586 411 2640 458 et
2669 400 2825 457 Jesus
2853 399 3102 457 Christus
3129 398 3453 470 appellatur,

194 517 247 556 eo
272 498 356 567 qui
400 497 613 553 absens
654 510 820 566 erat,
872 510 1123 569 quantum
1152 498 1216 552 ad
1249 492 1587 567 corporalem
1648 512 1779 566 prm-

194 589 393 645 sentiam
428 588 717 655 pertinet,
769 590 905 657 quia
936 587 1140 642 medius
1183 595 1353 641 staret
1398 601 1587 641 eorum
1640 586 1781 640 inter

194 695 304 751 quos
333 694 435 733 non
461 680 672 733 aderat
705 680 1077 750 corporaliter
1107 678 1275 733 Filius
1302 679 1421 732 Dei.

248 774 326 827 5|.
357 770 433 825 Ne
471 772 608 838 quis
651 779 859 824 tamen
909 786 1007 825 nos
1038 770 1308 824 existimet
1355 785 1450 839 per
1483 770 1598 824 haec
1646 767 1779 821 illud

191 861 450 925 aﬁiriuare,
486 862 652 930 quod
701 877 843 931 pars
882 862 991 932 (50)
1035 861 1213 930 aliqua
1265 860 1482 915 deitatis
1534 858 1651 915 Filii
1687 858 1779 915 Dei

190 952 327 1005 fuerit
372 951 423 1005 in
466 950 743 1014 Christo,
779 952 990 1021 reliqua
1031 967 1159 1007 vero
1194 966 1321 1020 pars
1362 950 1486 1005 alibi
1536 951 1619 1005 vel
1659 949 1779 1004 ubi-

187 1057 305 1111 que:
337 1041 482 1111 quod
526 1041 611 1095 illi
670 1044 895 1095 sentire
944 1051 1164 1112 possunt
1212 1042 1306 1111 qui
1356 1050 1601 1095 naturam
1645 1042 1777 1097 sub-

184 1136 368 1190 stantia:
398 1133 778 1204 incorporea:
827 1145 991 1204 atque
1033 1134 1316 1188 invisibilis
1364 1134 1641 1202 ignorant.
1672 1133 1777 1188 lm-

183 1220 408 1291 possibile
441 1238 711 1291 namque
768 1234 855 1277 est
909 1224 975 1278 de
1018 1222 1337 1290 incorporeo
1388 1232 1593 1291 partem
1636 1222 1775 1287 dici,

181 1320 257 1365 aut
278 1311 625 1375 divisionem
683 1314 941 1383 aliquam
984 1313 1135 1379 ﬁeri,
1184 1313 1275 1367 sed
1312 1313 1364 1367 in
1414 1314 1691 1379 omnibus,
1725 1322 1779 1368 et

181 1414 257 1466 per
280 1402 482 1465 omnia,
527 1410 592 1455 et
624 1416 809 1470 super
850 1402 1029 1455 omnia
1061 1412 1173 1467 est,
1219 1419 1286 1457 eo
1339 1406 1498 1457 modo
1531 1419 1637 1472 quo
1682 1420 1777 1458 su-

177 1492 335 1561 perius
372 1492 654 1555 diximus,
697 1494 758 1547 id
792 1503 877 1548 est
922 1509 1029 1563 quo
1061 1495 1143 1548 vel
1197 1495 1486 1563 sapientia,
1517 1496 1599 1551 vel
1644 1496 1775 1551 Ver-

178 1585 303 1649 bum,
341 1584 421 1640 vel
473 1586 625 1651 vita,
680 1587 772 1640 vel
822 1588 1027 1640 veritas
1071 1586 1429 1655 intelligitur;
1477 1603 1574 1656 per
1612 1603 1773 1658 quem

175 1677 483 1732 intellectum
521 1680 727 1733 omnis
771 1681 895 1733 sine
927 1679 1089 1733 dubio
1124 1680 1401 1735 conclusio
1448 1679 1635 1735 localis
1680 1696 1776 1736 ex-

174 1767 399 1822 cluditur.
438 1769 667 1826 Volens
730 1770 900 1839 igitur
932 1769 1103 1826 Filius
1148 1771 1239 1825 Dei
1294 1785 1391 1839 pro
1445 1771 1624 1825 salute
1679 1787 1772 1841 ge-
1802 1754 1850 1813 Β

174 1864 298 1917 ueris
325 1862 561 1916 humani
601 1876 890 1931 apparere
924 1862 1241 1918 hominibus
1269 1872 1321 1916 et
1351 1864 1493 1918 inter
1522 1864 1771 1918 homines

173 1960 495 2024 conversari,
534 1960 810 2029 suscepit
847 1975 953 2013 non
1005 1959 1176 2014 solum
1220 1974 1414 2029 corpus
1449 1960 1766 2025 humanum,

170 2060 217 2105 ut
250 2052 461 2121 quidam
502 2059 750 2121 putant,
791 2052 889 2105 sed
924 2060 977 2105 et
1008 2053 1269 2117 animam,
1305 2062 1614 2107 nostrarum
1648 2052 1771 2122 qui-

169 2147 267 2201 dem
287 2146 610 2199 animarum
638 2144 890 2200 similem
929 2159 1025 2213 per
1044 2154 1312 2211 naturam,
1340 2146 1618 2214 proposito
1638 2158 1767 2200 vero

166 2247 208 2293 et
230 2237 419 2292 virtute
459 2237 730 2292 similem
773 2236 905 2301 sibi,
940 2245 991 2290 et
1028 2238 1189 2291 talem
1223 2237 1400 2307 qualis
1447 2253 1637 2293 omnes
1668 2252 1765 2291 vo-

165 2328 373 2382 luntates
414 2337 472 2381 et
525 2328 1005 2396 dispensationes
1040 2327 1200 2381 Verbi
1243 2344 1306 2383 ac
1358 2330 1639 2397 sapientia:
1680 2330 1765 2384 in-

164 2421 549 2477 declinabiliter
602 2422 796 2489 possit
829 2420 1077 2489 implere.
1108 2421 1259 2483 Quod
1298 2432 1479 2475 autem
1515 2422 1767 2478 habuerit

162 2515 398 2582 animam,
430 2513 929 2569 manifestissime
957 2512 1067 2585 (51)
1098 2515 1150 2567 in
1179 2513 1491 2586 Evangeliis
1518 2514 1769 2585 designat

162 2606 257 2676 ipse
290 2608 584 2675 Salvator,
624 2608 834 2663 dicens
863 2626 875 2660 :
917 2628 933 2659 ι
966 2608 1135 2662 Nemo
1172 2609 1312 2663 tollit
1349 2625 1378 2662 a
1411 2623 1495 2662 me
1527 2611 1764 2664 animam

159 2710 333 2759 meam,
377 2698 474 2751 sed
510 2712 631 2767 ego
685 2712 842 2765 pono
876 2713 995 2751 eam
1028 2698 1122 2751 abs
1162 2714 1265 2753 me.
1302 2698 1632 2755 Potestatem
1673 2701 1765 2754 ha-

157 2782 241 2837 beo
279 2786 513 2854 ponendi
562 2787 829 2839 animam
870 2801 1068 2852 meam,
1104 2797 1159 2841 et
1191 2789 1387 2843 iterum
1440 2798 1763 2859 potestatem

156 2874 304 2931 habeo
356 2878 707 2934 assumendi
775 2877 1038 2932 ειιιιι⁶³.»
1092 2878 1154 2932 Et
1206 2896 1419 2933 rursum
1462 2898 1476 2935 ;
1519 2902 1534 2931 ι
1566 2882 1760 2936 Tristis

155 2977 225 3022 est
258 2971 437 3023 anima
480 2986 625 3025 mea
684 2984 870 3037 usque
906 2970 971 3022 ad
1020 2980 1247 3025 mortem
1278 2971 1385 3025 “.3
1424 2973 1486 3025 Et
1525 2973 1758 3027 iterum:

160 3061 344 3117 «Nunc
392 3065 602 3118 anima
656 3077 783 3116 mea
838 3063 1054 3117 turbata
1104 3075 1186 3119 est
1213 3065 1276 3117 ⁸⁵.
1309 3085 1327 3118 ι
1385 3065 1566 3135 Neque
1612 3067 1757 3121 enim
1788 3096 1829 3151 ο

156 3154 301 3208 tristis
330 3167 384 3209 et
430 3158 675 3211 turbata
716 3155 908 3208 anima
948 3154 1184 3211 Verbum
1218 3158 1310 3211 Dei
1350 3158 1759 3226 intelligendum

154 3254 221 3298 est
262 3246 401 3313 quod
450 3262 526 3301 ex
570 3246 933 3300 auctoritate
984 3244 1286 3299 divinitatis
1335 3247 1510 3300 dicit:
1549 3268 1566 3301 ι
1597 3247 1760 3303 Ροῑε-

153 3346 327 3390 statem
355 3338 548 3394 habeo
584 3338 847 3407 ponendi
890 3338 1125 3391 animam
1163 3352 1360 3393 meam.
1387 3358 1406 3390 ι
1441 3339 1549 3395 Νεε
1582 3350 1761 3397 tamen

154 3427 212 3481 ita
246 3431 480 3487 dicimus
540 3433 735 3487 fuisse
779 3430 982 3485 Filium
1035 3432 1126 3485 Dei
1165 3433 1216 3485 in
1262 3433 1350 3486 illa
1384 3435 1585 3498 anima,
1621 3435 1763 3489 sicut

153 3518 239 3572 fuit
264 3522 314 3575 in
357 3525 553 3577 anima
600 3523 803 3587 Pauli,
838 3522 925 3575 vel
959 3521 1128 3587 Petri,
1173 3534 1604 3594 caeterorumque
1636 3541 1763 3580 san-

151 3621 337 3669 ctorum
364 3657 379 3680 ,
426 3617 484 3670 in
536 3617 765 3685 quibus
811 3614 1064 3668 Christus
1104 3616 1357 3670 similiter
1399 3626 1458 3669 ut
1493 3617 1547 3671 in
1593 3617 1761 3674 Paulo

151 3701 273 3772 loqui
304 3708 591 3761 creditur.
636 3706 758 3761 Sed
795 3703 867 3759 de
917 3704 1021 3758 illis
1071 3706 1321 3760 omnibus
1358 3708 1483 3762 illud
1518 3711 1761 3763 Sentien-

150 3797 255 3849 dum
286 3808 370 3853 est
398 3800 553 3866 quod
596 3798 907 3866 Scriptura
942 3796 1075 3850 dicit
1109 3798 1230 3865 quia
1267 3816 1286 3851 ι
1320 3816 1479 3854 ηειιιο
1527 3804 1760 3859 mumlus

149 3900 173 3935 ιι
210 3890 379 3953 sorde,
419 3904 533 3943 nec
566 3891 613 3943 si
661 3889 837 3941 unius
864 3887 971 3940 diei
1007 3888 1168 3943 fuerit
1200 3888 1311 3944 vita
1342 3889 1460 3958 ejus
1489 3891 1552 3943 ⁸⁸.
1582 3910 1600 3943 ι
1634 3894 1759 3951 Haec

150 3992 258 4033 vero
286 3982 471 4035 anima
510 3997 643 4051 qua:
684 3981 799 4033 fuit
834 3980 889 4033 in
922 3978 1070 4041 Jesu,
1098 3982 1416 4052 priusquam
1444 3985 1607 4040 sciret
1642 4003 1759 4041 ma-

149 4068 441 4142 lum,elegit
464 4074 690 4129 bonum
721 4074 773 4104 ‘7
805 4080 895 4127 :et
922 4074 1046 4141 quia
1067 4074 1257 4128 dilexit
1277 4075 1543 4145 justitiam
1568 4089 1619 4135 et
1643 4082 1757 4135 odit

148 4160 514 4234 iniquitatem,
562 4176 884 4236 propterea
931 4166 1088 4219 unxit
1125 4182 1242 4222 eam
1291 4170 1435 4225 Deus
1487 4172 1604 4226 oleo
1658 4173 1754 4227 la:-

146 4256 262 4309 titiae
293 4274 401 4326 pne
437 4260 835 4328 participibus
865 4256 980 4310 suis
1003 4256 1067 4309 ⁸⁸.
1102 4256 1235 4314 Oleo
1263 4274 1393 4326 ergo
1422 4260 1623 4316 laetitiae
1657 4279 1754 4316 un-

144 4348 288 4414 gitur,
319 4365 444 4405 cum
474 4350 673 4405 Verbo
706 4350 810 4402 Dei
849 4348 1200 4404 immaculata
1230 4350 1589 4408 foederatione
1621 4369 1753 4407 con-

1884 512 1980 567 per
2012 513 2169 565 quem
2196 497 2376 551 omnia
2411 496 2552 551 facta
2574 509 2695 551 esse
2719 494 2988 551 dicuntur.
3018 493 3089 546 De
3118 508 3222 562 qua
3251 492 3454 556 anima,

1883 587 2139 656 quoniam
2182 596 2347 643 totam
2381 587 2434 640 in
2477 601 2535 642 se
2570 586 2891 656 sapientiam
2928 584 3022 640 Dei
3066 593 3120 637 et
3168 584 3457 637 veritatem

1881 678 2160 747 vitamque
2206 687 2521 748 receperat,
2569 680 2734 734 etiam
2760 678 2912 732 ~il|ud
2966 678 3202 731 arbitror
3254 676 3472 733 dixisse

1881 768 2222 837 Apostolum,
2249 769 2339 838 qui
2382 770 2458 823 ait
2493 770 2747 839 quoniam
2788 787 2806 819 ι
2840 768 2960 823 Vita
2996 776 3183 823 nostra
3217 767 3314 822 abs
3330 784 3477 825 con-‘

1881 855 1992 911 dita
2019 866 2100 912 est
2130 874 2251 913 cum
2300 858 2516 914 Christo
2546 860 2598 913 in
2632 860 2771 927 Deo;
2806 874 2928 915 cum
2968 869 3153 915 autem
3198 858 3471 915 Christus

1880 947 2325 1015 apparueritvita
2368 957 2575 1013 nostra,
2621 956 2747 1002 tunc
2793 957 2845 1002 et
2884 962 2983 1002 vos
3031 962 3154 1000 cum
3184 945 3303 1014 ipso
3353 946 3469 1015 (59.)

1880 1039 2210 1108 apparebitis
2246 1040 2300 1094 in
2333 1041 2504 1111 gloria
2534 1040 2598 1095 ⁸⁸.
2628 1058 2645 1092 ι
2695 1038 2828 1105 Quis
2877 1042 3019 1094 enim
3069 1039 3209 1094 alius
3242 1038 3333 1093 hic
3376 1040 3459 1089 iu-

1885 1131 2205 1201 telligendus
2253 1140 2337 1187 est
2386 1131 2657 1199 Christus,
2702 1134 2793 1203 qui
2832 1133 2882 1186 in
2932 1133 3038 1186 Deo
3094 1129 3456 1185 absconditus

1881 1223 2075 1280 dicitur
2112 1235 2166 1279 et
2199 1233 2388 1293 postea
2424 1225 2794 1294 appariturus,
2826 1225 2928 1278 nisi
2961 1223 3051 1278 ille
3080 1222 3173 1292 qui
3206 1222 3327 1277 oleo
3364 1220 3457 1274 lm-

1881 1316 2012 1371 titice
2060 1326 2255 1372 unctus
2305 1316 2573 1382 refertur,
2617 1316 2672 1371 id
2723 1326 2806 1372 est
2851 1313 3286 1371 substantialiter
3338 1310 3453 1365 Deo

1880 1409 2145 1477 repletus,
2194 1410 2247 1463 in
2293 1424 2401 1480 quo
2438 1425 2580 1464 nunc
2634 1408 2988 1463 absconditus
3033 1405 3269 1460 dicitur?
3318 1404 3454 1458 Pro-

1878 1510 2062 1569 pterea
2092 1503 2233 1555 enim
2264 1511 2317 1556 et
2347 1503 2598 1557 ouinibus
2621 1499 2973 1556 credentibus
3000 1499 3251 1554 Christus
3279 1511 3456 1551 exem-

1877 1594 2021 1663 plum
2054 1594 2297 1662 ponitur,
2328 1595 2451 1663 quia
2503 1594 2647 1649 sicut
2679 1593 2767 1647 ille
2816 1608 3029 1662 semper
3059 1600 3115 1647 et
3159 1599 3455 1661 antequam

1879 1682 2042 1736 sciret
2094 1682 2316 1737 omnino
2373 1684 2610 1749 malum,
2672 1683 2833 1753 elegit
2868 1683 3110 1746 bonum,
3157 1690 3215 1735 et
3264 1682 3459 1736 dilexit

1873 1770 2167 1840 justitiam,
2196 1780 2251 1827 et
2279 1772 2404 1827 odio
2436 1773 2624 1827 habuit
2656 1772 2997 1841 iniquitatem
3020 1812 3033 1835 ,
3062 1780 3115 1825 et
3164 1780 3455 1839 pr0pterea

1875 1864 2030 1918 unxit
2070 1878 2196 1918 eum
2243 1865 2389 1920 Deus
2439 1865 2559 1920 oleo
2607 1865 2842 1931 laetitiae;
2882 1865 2956 1919 ita
2995 1873 3049 1919 et
3081 1862 3458 1933 unusquisque

1873 1965 1994 2027 post
2025 1957 2230 2026 lapsum
2270 1957 2349 2012 vel
2382 1967 2504 2026 post
2535 1973 2779 2013 errorem
2810 1966 3074 2026 expurget
3106 1970 3165 2010 se
3198 1955 3451 2020 maculis,

1874 2049 2124 2119 exemplo
2168 2050 2463 2120 proposito,
2508 2059 2561 2105 et
2607 2049 2816 2104 habens
2864 2049 3078 2103 itineris
3117 2049 3310 2103 ducem
3363 2063 3454 2101 ar-

1872 2139 2031 2195 duam
2071 2140 2214 2195 viam
2257 2142 2475 2196 virtutis
2509 2142 2762 2208 incedat;
2813 2150 2872 2195 ut
2917 2141 2995 2196 sic
3036 2139 3176 2194 forte
3216 2154 3310 2208 per
3351 2139 3455 2191 hoc

1872 2232 1926 2286 in
1959 2244 2223 2303 quantum
2255 2234 2369 2289 ﬁeri
2403 2243 2579 2304 potest
2616 2248 2714 2304 per
2750 2234 3114 2288 imitationem
3144 2232 3262 2302 ejus
3294 2229 3454 2300 192

1870 2324 2165 2393 participes
2217 2325 2517 2380 efﬁciamur
2579 2326 2779 2381 divinw
2838 2336 3089 2391 naturae,
3133 2326 3275 2379 sicut
3317 2325 3454 2379 scri-

1870 2424 2017 2484 ptum
2048 2425 2160 2484 est,
2193 2418 2318 2487 quia
2371 2434 2389 2467 ι
2420 2418 2512 2485 qui
2558 2418 2689 2471 dicit
2719 2432 2778 2472 se
2818 2416 3038 2471 Christo
3084 2416 3328 2476 credere,
3360 2415 3456 2466 de-

1870 2507 1986 2573 bet,
2014 2510 2157 2563 sicut
2190 2509 2279 2563 ille
2311 2508 2628 2576 ambulavit,
2658 2520 2711 2564 et
2736 2511 2851 2580 ipse
2884 2509 3166 2563 ambulare
3191 2509 3259 2562 7°.
3287 2528 3305 2560 ι
3343 2507 3453 2560 Hoc

1870 2620 2005 2675 ergo
2036 2605 2276 2660 Verbum
2320 2615 2376 2659 et
2423 2607 2537 2661 haec
2569 2608 2831 2675 sapientia
2870 2621 2965 2676 per
2994 2605 3147 2673 cujus
3196 2605 3456 2658 imitatio-

1869 2712 1990 2751 nem
2033 2696 2117 2751 vel
2170 2696 2443 2766 sapientes
2483 2695 2567 2751 vel
2624 2696 2972 2752 rationabiles
3024 2696 3259 2751 dicimur
3300 2693 3449 2763 (55),

1867 2790 2118 2844 erunibus
2158 2789 2218 2843 ﬁt
2255 2790 2458 2855 omnia,
2488 2798 2545 2842 ut
2577 2803 2768 2845 omnes
2805 2789 3147 2855 lucrifaciat;
3176 2796 3233 2842 et
3271 2787 3330 2840 ﬁt
3370 2789 3453 2838 in-

1868 2880 2058 2936 ﬁrmus
2089 2880 2342 2946 inﬁrmis,
2376 2890 2437 2935 ut
2468 2881 2713 2937 inﬁrmos
2740 2882 3085 2947 lucrifaciat;
3123 2890 3177 2936 et
3204 2881 3332 2950 quia
3369 2879 3453 2933 iu-

1869 2972 2060 3028 ﬁrmus
2080 2972 2329 3043 eﬂicitur,
2363 2984 2587 3044 propter
2615 2976 2716 3029 hoc
2743 2973 2942 3030 dicitur
2966 2975 3032 3030 de
3055 2988 3151 3029 eo:
3179 2992 3197 3025 ι
3224 2972 3449 3027 Etiamsi

1867 3065 2163 3121 cruciﬁxus
2200 3078 2283 3121 est
2312 3081 2377 3120 ex
2436 3065 2775 3128 inﬁrmitate,
2828 3066 2923 3119 sed
2958 3064 3093 3119 vivit
3132 3079 3196 3119 ex
3253 3063 3453 3117 virtute

1866 3160 1957 3213 Dei
1975 3160 2077 3213 τι.»
2102 3157 2346 3227 Denique
2368 3157 2669 3213 Corinthiis
2689 3157 2782 3227 qui
2813 3157 3017 3211 inﬁrmi
3052 3162 3230 3220 erant,
3250 3154 3452 3208 Paulus

1863 3250 1997 3304 nihil
2024 3264 2082 3304 se
2111 3250 2313 3304 indicat
2345 3268 2362 3302 ‹
2384 3251 2527 3305 scire
2556 3251 2659 3305 uisi
2687 3249 2964 3305 Christum
2988 3248 3198 3315 Jesum,
3222 3256 3278 3303 et
3306 3248 3451 3302 hunc

1864 3342 2183 3395 cruciﬁxum
2210 3344 2277 3395 7’.
2313 3360 2331 3393 ›

1934 3433 2019 3486 5'2.
2065 3434 2293 3501 Quidam
2339 3444 2518 3489 autem
2555 3434 2741 3489 volunt
2776 3437 2840 3489 de
2879 3438 2992 3504 ipsa
3022 3434 3201 3487 anima
3242 3432 3446 3486 dictum

1864 3526 2067 3589 videri,
2103 3542 2222 3579 cum
2276 3527 2506 3593 primum
2550 3527 2615 3581 de
2663 3526 2826 3580 Maria
2874 3541 3071 3596 corpus
3116 3526 3448 3593 assumpsit,

1862 3617 2025 3670 etiam
2080 3616 2208 3671 illud
2261 3618 2403 3686 quod
2453 3617 2746 3688 Apostolus
2794 3617 2928 3671 dicit
2970 3634 2982 3670 :
3024 3636 3041 3668 ι
3074 3616 3178 3683 Qui
3213 3631 3334 3671 cum
3394 3616 3447 3668 in

1864 3708 2037 3762 forma
2077 3710 2167 3763 Dei
2204 3722 2383 3775 esset,
2433 3725 2541 3765 non
2577 3711 2822 3779 rapinam
2873 3710 3176 3764 arbitratus
3217 3719 3299 3763 est
3327 3724 3449 3763 esse

1863 3816 1921 3856 se
1968 3801 2234 3870 aequalem
2271 3802 2403 3870 Deo,
2437 3803 2531 3856 sed
2579 3803 2934 3872 semetipsum
2972 3800 3293 3865 exinanivit,
3338 3799 3451 3853 for-

1863 3907 2004 3945 mam
2049 3893 2192 3947 servi
2241 3894 2516 3962 accipiens
2539 3895 2617 3959 7’;
2650 3913 2667 3945 ι
2708 3909 2832 3947 ευιιι
2863 3908 2985 3947 eam
3017 3894 3135 3947 sine
3184 3892 3350 3945 dubio
3395 3892 3447 3943 iu

1862 3980 2093 4036 formam
2133 3984 2224 4038 Dei
2273 3984 2593 4039 melioribus
2626 3984 2891 4053 exemplis
2925 3992 2981 4037 et
3010 3981 3448 4037 institutionibus

1864 4084 2163 4143 repararet,
2195 4084 2359 4145 atque
2389 4076 2441 4129 iu
2475 4091 2594 4131 eam
2628 4076 3020 4145 plenitudinem
3055 4076 3198 4129 unde
3232 4090 3291 4129 se
3330 4074 3450 4129 exi-

1862 4168 2143 4221 uauiverat
2172 4167 2316 4238 (5i),
2358 4178 2662 4223 revocaret.
2711 4167 2865 4223 Sicut
2908 4177 3091 4222 autem
3144 4168 3448 4237 participa-

1862 4260 2005 4314 tione
2036 4259 2158 4315 Filii
2196 4262 2287 4315 Dei
2351 4262 2472 4330 quis
2507 4262 2559 4315 iu
2611 4262 2779 4316 ﬁlium
2828 4262 3140 4330 adoptatur,
3182 4270 3237 4315 et
3274 4259 3447 4330 parti-

1860 4352 2134 4419 cipatione
2165 4354 2447 4421 sapientiae
2479 4354 2530 4424 in
2567 4352 2676 4407 Deo
2722 4353 2941 4421 sapiens
2981 4350 3234 4415 efﬁcitur,
3270 4351 3347 4403 ita
3390 4359 3446 4405 et

139 4449 307 4501 juncta
339 4450 446 4505 est,
475 4452 535 4495 et
577 4456 684 4508 per
724 4440 835 4493 hoc
867 4438 984 4491 sola
1023 4440 1260 4491 omnium
1296 4440 1601 4495 animarum
1638 4457 1761 4510 pee-
1790 4436 1833 4488 D
1865 4447 2282 4516 participatione
2315 4449 2555 4517 Spiritus
2583 4449 2783 4511 sancti,
2822 4454 3046 4501 sanctus
3078 4453 3135 4499 et
3186 4444 3447 4513 spiritalis

142 4530 237 4582 tati
270 4533 507 4602 incapax
542 4533 679 4595 fuit,
712 4530 850 4598 quia
888 4528 1008 4583 Filii
1042 4530 1127 4583 Dei
1165 4533 1300 4584 bene
1324 4540 1377 4585 et
1402 4532 1557 4601 plene
1585 4550 1753 4601 capax

142 4620 261 4687 fuit;
307 4625 556 4694 ideoque
608 4635 667 4679 et
711 4638 892 4676 unum
930 4636 1053 4674 cum
1103 4624 1217 4692 ipso
1266 4633 1377 4689 est,
1434 4635 1595 4695 atque
1636 4629 1753 4697 ejus

197 4810 236 4841 "
266 4810 421 4865 Joan.
457 4828 496 4871 ι,
548 4812 651 4864 9.6.

138 4876 176 4907 ’⁸
202 4879 344 4937 Psal.
368 4899 527 4948 μιν,
556 4883 620 4935 8.
707 4879 757 4909 ⁶⁹
786 4877 974 4932 Colos.
1009 4894 1086 4942 ιιι,
1117 4880 1169 4932 5.

1247 4877 1291 4909 ⁷⁰
1321 4878 1339 4931 l
1374 4878 1529 4931 Juan.
1557 4894 1615 4942 ιι,
1653 4882 1704 4932 ti.

199 5050 303 5122 (50)
345 5053 443 5107 Sic
478 5068 629 5107 mss.
660 5050 819 5122 Editi
853 5065 1023 5122 vero:
1057 5068 1074 5101 ι
1105 5065 1281 5121 neque
1314 5062 1496 5106 tamen
1525 5067 1619 5120 per
1646 5053 1748 5107 hoc

141 5118 602 5177 illum'aﬂirmare
655 5121 1009 5175 credendum
1040 5131 1143 5186 est,
1176 5118 1318 5190 quod
1352 5137 1497 5188 pars.
1524 5118 1541 5172 ἰ
1579 5122 1748 5177 Paulo

140 5202 247 5255 post
278 5210 443 5259 mss.,
485 5213 505 5243 ε
536 5195 614 5247 de
643 5193 993 5258 incorporeo
1033 5200 1236 5258 partem
1279 5193 1382 5245 dici
1411 5203 1502 5245 aut
1531 5194 1749 5248 divisio-

143 5276 245 5314 nem
276 5264 530 5332 aliquam
564 5263 722 5324 tieri,
747 5261 869 5321 sed,
899 5277 917 5307 ι
945 5269 1058 5332 etc.
1080 5260 1133 5313 lu
1160 5261 1339 5329 editis,
1367 5261 1564 5332 legitur
1590 5281 1607 5315 ι
1632 5264 1699 5318 ab
1722 5283 1742 5316 ι

141 5343 223 5396 pro
250 5330 381 5397 «de,
406 5354 426 5385 ›
461 5343 525 5386 et
563 5332 866 5385 omittitur
899 5346 917 5377 ι
951 5330 1083 5383 ﬁeri.
1123 5350 1140 5381 ι

201 5403 307 5472 (Si)
349 5404 431 5458 Ita
497 5414 669 5456 recte
712 5414 859 5453 mss.
883 5398 1042 5472 _Editi
1067 5415 1263 5472 “vero,
1311 5418 1332 5451 ι
1362 5403 1509 5469 quali
1556 5419 1746 5460 omnes

140 5468 439 5543 voluntatqs
470 5482 535 5526 et
565 5468 1031 5543 dispensationes
1066 5468 1225 5543 Verbi
1260 5486 1324 5523 ac
1351 5468 1634 5539 sapientia:
1664 5475 1746 5528 in-

142 5537 477 5598 declinabilis
516 5542 762 5612 possin}
801 5537 1038 5612 impleri.
1071 5541 1222 5607 Quod
1257 5537 1435 5595 autem
1474 5544 1744 5606 habuerit,

142 5608 668 5673 manifestissime.»
725 5608 904 5661 Paulo
957 5621 1075 5675 post
1122 5626 1275 5675 rnss.,
1315 5630 1333 5662 ι
1365 5612 1506 5666 sicut
1551 5614 1652 5667 fuit
1698 5620 1751 5669 in

142 5682 308 5737 anima
339 5679 531 5737 Pauli.
563 5702 584 5733 ι
626 5677 993 5743 Editi,«sicut
1028 5678 1191 5733 fuerit
1220 5682 1271 5735 iu
1305 5682 1483 5736 anima
1531 5683 1704 5736 Pauli.
1726 5703 1744 5735 ›

140 5747 251 5805 lio:
282 5769 445 5822 rnss.,
488 5771 509 5804 ι
550 5752 711 5808 illud
744 5748 1088 5805 sentiendum
1127 5762 1226 5807 cst.
1265 5770 1281 5803 ι
1324 5748 1484 5821 Editi,
1521 5772 1540 5805 ι
1574 5768 1751 5809 εειειι-

712 4820 715 4823 ·
764 4809 813 4839 ⁸³
845 4807 1008 4861 Joan.
1042 4825 1095 4873 x,
1134 4809 1217 4861 i8.
1292 4806 1336 4837 °"
1363 4807 1552 4861 Matth.
1589 4824 1737 4872 xxvi,
1768 4810 1855 4863 58.
1936 4813 1979 4843 ⁸⁵
2001 4812 2158 4867 Joau.
2192 4830 2267 4868 χιι

712 4879 757 4909 ⁸⁹
786 4877 974 4932 Colos.
1009 4894 1086 4938 ιιι,
1117 4880 1169 4932 5.
1247 4877 1291 4909 ⁷⁰
1321 4878 1339 4931 l
1374 4878 1529 4931 Joan.
1557 4894 1615 4938 ιι,
1653 4882 1704 4932 ti.
1780 4882 1823 4911 ⁷¹
1857 4880 1895 4934 Η
1926 4883 2052 4937 Cor.
2088 4901 2205 4938 xui.
2236 4886 2269 4938 4

1970 4900 2052 4937 or.
2088 4901 2205 4950 xm,
2236 4900 2292 4939 ιι.

1863 4537 2113 4593 efﬁcitur.
2140 4538 2322 4593 Unum
2352 4537 2494 4590 enim
2525 4548 2685 4605 atque
2716 4538 2856 4591 idem
2888 4547 2972 4591 est
3000 4535 3239 4603 Spiritus
3271 4535 3445 4590 sancti

1864 4628 2213 4698 participium
2293 4644 2544 4691 sumere,
2598 4629 2744 4696 quod
2798 4636 2881 4681 est.
2929 4626 3107 4681 Patris
3155 4636 3209 4681 et
3270 4626 3436 4688 Filii;

1936 4812 2158 4867 “Joau.
2192 4830 2290 4880 xu,
2326 4814 2414 4871 9.7.
2516 4815 2560 4846 ⁸⁸
2586 4813 2686 4868 Joh
2742 4830 2854 4880 xiv,
2882 4814 2936 4875 4.
2972 4814 3027 4872 5.
3114 4814 3157 4845 ⁸⁷
3186 4812 3311 4870 Isai.
3344 4831 3448 4870 vu.

2368 4888 2413 4916 ⁷¹
2444 4885 2607 4942 lCor.
2643 4901 2703 4949 ιι,
2735 4886 2789 4939 2.
2869 4885 2917 4918 ⁷⁸
2944 4884 3179 4955 Philipp.
3220 4902 3282 4951 ιι,
3316 4887 3369 4942 6.

1858 5058 1985 5113 dum
2019 5069 2121 5114 est.
2146 5081 2165 5113 ι

1929 5128 2042 5201 (52)
2083 5130 2227 5199 Ipso.
2263 5131 2337 5185 lta
2391 5147 2521 5187 mss.
2566 5131 2707 5187 Editi
2746 5147 2895 5199 vero,
2934 5153 2951 5184 ‹
2982 5132 3220 5201 Christo.
3244 5148 3265 5183 ι
3312 5127 3455 5201 Mox

1862 5200 2028 5274 editi,
2083 5218 2102 5251 ι
2129 5202 2252 5270 quis
2301 5202 2445 5274 enim
2486 5202 2623 5257 alius
2653 5203 3032 5274 intelligendus
3078 5211 3161 5259 est
3193 5200 3459 5257 Christus

1856 5271 1946 5337 qui
1985 5270 2036 5324 in
2068 5286 2132 5325 eo
2164 5273 2541 5326 absconditus.
2568 5292 2585 5323 ι

1927 5339 2040 5408 (53)
2083 5341 2173 5395 Sic
2204 5357 2337 5394 mss.
2364 5342 2529 5406 Editi,
2558 5361 2576 5394 ι
2600 5342 2914 5400 dicuntur.»
2938 5342 3079 5397 Infra
3108 5356 3239 5397 mss.
3267 5348 3437 5401 recte,

1861 5426 1879 5458 ι
1908 5412 1975 5481 de
2026 5411 2139 5480 ipsa
2175 5412 2355 5466 anima
2410 5412 2613 5466 dictum
2650 5414 2845 5470 videri.
2877 5433 2893 5468 ι
2937 5414 3115 5481 Editi,
3155 5432 3173 5466 ‹
3209 5414 3277 5471 de
3322 5411 3447 5480 ipsa

1856 5480 2037 5533 anima
2070 5481 2162 5535 Dei
2204 5481 2397 5535 videri.
2426 5499 2444 5532 ι

1913 5548 2177 5630 ,(Μλξὶε
2230 5566 2362 5630 mss.
2411 5551 2589 5630 Editi,
2630 5552 3222 5630 efﬁngitis-5‘!”
3262 5567 3436 5630 μηδ..

1862 5637 1881 5670 ι
1912 5616 1964 5673 in
2013 5620 2207 5677 Filium
2257 5616 2597 5692 adoptatum?
2656 5622 2801 5685 Εἷάὶιί
2875 5641 2895 5677 ρ
2928 5625 2976 5682 in
3029 5616 3159 5682 Et?!
3212 5616 3437 5691 παρίω)

1858 5699 1965 5746 lttt‘.
1995 5709 2013 5741 ι
2997 5744 3002 5749 .
