3954 6414
573 416 676 472 407

1773 410 2094 468 ORIGENIS
2126 412 2281 465 ΠΕΡΙ
2316 413 2542 465 ΑΡΧΩΝ

3713 410 3820 465 403

572 530 771 597 quippe
803 543 926 584 cum
977 544 1081 583 una
1115 537 1170 585 et
1207 528 1520 597 incorporea
1553 536 1746 581 natura
1784 527 1854 580 sit
1904 526 2143 579 Triuita-
2171 529 2218 584 Α
2247 530 2485 596 genitam
2528 525 2609 579 vel
2672 525 2925 579 infectant
2976 522 3081 576 dici
3134 523 3415 578 materiam
3449 523 3681 587 debere,
3733 541 3824 580 se-

572 621 659 674 tis.
694 618 888 675 Verum
931 636 1051 690 qua:
1089 603 1154 674 de
1187 618 1606 688 participatione
1647 617 1842 672 ani-nite
1879 618 2136 680 diximus,

569 713 731 766 simili
766 713 974 766 ratione
1005 721 1062 765 ut
1093 714 1158 765 de
1188 712 1498 778 animabus,
1529 712 1597 764 ita
1642 720 1698 766 et
1731 713 1799 766 de
1839 711 2043 779 angelis
2087 721 2142 765 et

567 804 876 858 caelestibus
927 813 1056 856 sunt
1109 803 1456 874 intelligenda
1504 803 1834 868 virtutibus;
1882 803 2136 872 quoniam

567 896 744 948 munis
796 895 1134 948 rationabilis
1169 905 1420 950 creatura
1458 897 1742 965 participio
1785 897 1987 965 indiget
2021 897 2140 948 'l‘ri-

565 987 770 1042 uitatis.
808 985 912 1041 Sed
936 997 991 1042 et
1022 989 1206 1042 mundi
1245 972 1657 1058 hujus-visibilis
1692 987 1850 1052 ratio,
1883 987 2136 1056 quoniam

559 1077 646 1132 vel
699 1079 934 1133 maxima
986 1081 1148 1134 etiam
1200 1082 1266 1134 de
1317 1081 1400 1134 his
1445 1079 1631 1134 haberi
1687 1081 1919 1148 quaestio
1961 1079 2135 1144 solet,

559 1170 792 1238 qualiter
818 1187 876 1226 se
907 1173 1132 1235 habeat,
1173 1183 1334 1241 prout
1367 1175 1645 1240 potuimus
1677 1171 1729 1225 in
1765 1171 2136 1240 superioribus

560 1261 799 1316 diximus
832 1277 929 1331 pro
977 1263 1042 1315 iis
1079 1265 1167 1331 qui
1213 1263 1266 1316 in
1306 1263 1409 1317 lide
1442 1272 1622 1316 nostra
1669 1263 1830 1316 etiam
1880 1260 2134 1316 credendi

559 1354 829 1407 rationem
874 1356 1193 1423 perquirere
1232 1355 1442 1416 solent,
1491 1364 1545 1408 et
1578 1369 1676 1423 pro
1713 1355 1777 1407 iis
1817 1355 1906 1422 qui
1963 1351 2136 1406 luere-

561 1445 665 1498 liCﬂ
707 1449 989 1500 adversum
1027 1463 1127 1500 llOS
1161 1448 1459 1501 certamina
1511 1455 1885 1507 C0llllll0\'Cl|l,
1919 1456 1971 1499 CI.
2017 1461 2134 1498 ma-

561 1537 712 1590 teria:
759 1553 952 1594 nomen
987 1539 1129 1606 quod
1164 1555 1230 1591 ue
1266 1538 1364 1606 ipsi
1398 1539 1614 1607 quidem
1651 1538 1805 1606 quale
1837 1540 1925 1600 sit,
1959 1538 2135 1589 adhuc

556 1627 864 1696 intelligere
906 1639 1222 1696 potuerunt,
1250 1629 1427 1683 solent
1460 1627 1796 1698 frequentius
1829 1629 2131 1682 ventilare:

555 1718 620 1772 de
648 1735 756 1788 quo
790 1722 1154 1774 necessarium
1186 1730 1316 1788 puto
1346 1721 1508 1774 etiam
1545 1734 1687 1772 nunc
1725 1721 1959 1773 breviter
1993 1733 2136 1771 com-

555 1823 798 1862 ntonere.

623 1899 716 1956 55.
759 1901 824 1954 Et
855 1900 1029 1969 primo
1061 1903 1279 1970 quidem
1309 1902 1590 1956 sciendum
1643 1911 1729 1956 est
1763 1901 1904 1970 quod
1930 1917 2129 1956 nomen

553 1991 732 2060 ipsum
779 1993 1022 2046 materiae
1047 2008 1146 2061 pro
1173 2008 1235 2048 ea
1273 1994 1578 2048 substantia
1610 2009 1731 2062 quae
1760 1994 1986 2048 subesse
2013 2008 2130 2048 cor-

553 2082 778 2150 poribus
809 2083 922 2154 (55)
965 2085 1188 2147 dicitur,
1236 2085 1469 2154 positum
1516 2084 1570 2138 in
1611 2083 1912 2153 Scripturis
1959 2100 2128 2138 cano-

554 2173 693 2226 nicis
725 2189 991 2242 nusquam
1036 2189 1210 2243 usque
1243 2175 1308 2228 ad
1355 2190 1592 2242 praesens
1637 2175 1963 2230 invenimus.
1999 2163 2130 2230 lllud

550 2263 696 2317 enim
733 2265 875 2332 quod
911 2265 1043 2319 dicit
1076 2265 1240 2319 Isaias
1268 2283 1281 2319 :
1323 2283 1341 2316 ι
1367 2265 1429 2320 Et
1459 2267 1711 2320 comedet
1743 2269 1884 2320 sicut
1925 2266 2127 2321 frenum

552 2351 686 2425 ὕλην
707 2353 778 2419 ⁷⁸,
807 2372 826 2406 ι
864 2354 916 2408 id
969 2363 1052 2409 est
1097 2357 1380 2411 materiam
1424 2356 1656 2411 :dicens
1702 2358 1766 2412 de
1814 2357 1890 2411 eis
1932 2357 2024 2426 qui
2073 2357 2126 2412 in

550 2446 833 2514 suppliciis
861 2447 1142 2502 constituti
1170 2457 1318 2514 sunt,
1347 2451 1634 2504 materiam
1666 2451 1845 2520 posuit
1873 2466 1970 2519 pro
2004 2465 2130 2520 pec-

550 2535 709 2591 catis.
765 2536 872 2592 Sed
925 2548 980 2592 et
1027 2540 1199 2593 sicubi
1251 2541 1303 2594 iit
1359 2541 1466 2597 alio
1501 2541 1620 2595 loco
1669 2543 1932 2611 scriptum
1991 2542 2130 2596 forte

550 2629 791 2682 materia:
822 2644 1015 2684 nomen
1051 2640 1154 2694 est,
1192 2647 1476 2700 nusquam,
1517 2643 1575 2686 ut
1609 2633 1865 2697 arbitror,
1899 2634 2024 2697 hoc,
2060 2635 2124 2687 de

548 2731 656 2786 quo
708 2733 851 2772 nunc
905 2719 1219 2788 qttzerimus,
1283 2721 1594 2791 significare
1637 2723 1970 2786 invenietur,
2024 2722 2127 2776 nisi

551 2811 925 2864 tantummodo
963 2810 1018 2864 in
1051 2809 1332 2880 Sapientia
1382 2827 1504 2881 qua:
1555 2811 1758 2866 dicitur
1795 2812 2128 2877 Salomonis,

546 2903 637 2970 qui
693 2905 877 2972 utique
928 2902 1065 2959 liber
1121 2920 1232 2959 non
1268 2906 1336 2960 ab
1383 2906 1640 2960 omnibus
1689 2907 1744 2960 in
1803 2905 2130 2960 auctoritatis

461 2999 465 3003 '
546 2995 803 3051 habetur.
831 2996 904 3050 lbi
941 3005 1120 3050 tamen
1151 2997 1410 3066 scriptum
1452 2998 1763 3052 invenimus
1796 2999 1898 3052 hoc
1927 2998 2125 3054 modo:

557 3105 575 3137 ‹
601 3087 714 3142 Νοιι
743 3087 913 3155 enim,
943 3088 1120 3156 inquit
1149 3087 1287 3158 (56),
1325 3089 1516 3143 deerat
1545 3089 1909 3155 omnipotenti
1943 3089 2125 3142 manui

2242 615 2475 667 cundum
2528 615 2641 668 haec
2683 630 2802 684 quae
2839 616 2889 667 in
2945 611 3262 682 prioribus,
3309 624 3470 681 prout
3522 616 3824 683 potuimus,

2241 707 2599 769 ostendimus,
2628 722 2749 759 cum
2785 706 2946 760 etiam
2978 722 3041 759 ex
3080 721 3243 773 aqua,
3270 715 3322 758 et
3359 715 3523 770 terra,
3552 721 3702 768 aere,
3734 704 3823 759 vel

2241 796 2452 860 calore,
2503 813 2596 866 per
2644 799 2857 852 diversa
2899 799 3154 850 arborum
3195 812 3391 864 genera
3441 796 3689 851 diversos
3731 813 3827 850 os-

2244 884 2512 937 tendimus
2545 884 2776 952 proferri
2821 886 3059 949 l'rnctus;
3097 885 3178 939 vel
3217 899 3337 937 eum
3377 886 3580 954 ignem,
3612 902 3825 949 aerem,

2238 992 2456 1044 aquarii,
2496 988 2802 1044 terramque
2834 979 3025 1032 mutari
3065 980 3115 1030 iu
3149 983 3438 1048 semetipsa
3479 978 3710 1031 invicem
3758 993 3825 1030 ac

2243 1066 2436 1119 resolvi
2479 1065 2622 1118 aliud
2676 1069 2726 1119 in
2769 1067 2914 1121 aliud
2965 1070 3292 1124 elementum
3348 1082 3532 1123 mutua
3582 1069 3822 1138 quadam

2239 1157 2711 1228 consanguinitate
2740 1161 3052 1224 docuimus;
3087 1163 3180 1216 sed
3209 1173 3260 1216 et
3291 1179 3412 1216 cum
3463 1164 3527 1216 de
3557 1163 3706 1216 escis
3736 1159 3823 1216 vel

2241 1249 2517 1303 hominum
2565 1252 2646 1304 vel
2694 1252 3007 1304 animalium
3062 1253 3408 1322 probavimus
3455 1252 3821 1307 substantiam

2238 1345 2418 1396 Carnis
2472 1345 2768 1405 exsistere,
2819 1345 2899 1395 vel
2949 1343 3229 1397 humorem
3277 1345 3499 1398 seminis
3551 1345 3826 1398 naturalis

2240 1434 2291 1487 in
2341 1450 2558 1488 carnem
2593 1435 2817 1489 solidam
2859 1449 3091 1502 ossaque
3123 1437 3393 1490 converti.
3443 1435 3575 1501 Quae
3630 1435 3819 1489 omnia

2239 1528 2559 1580 documento
2613 1537 2737 1581 sunt
2777 1529 2919 1595 quod
2968 1527 3271 1581 substantia
3337 1526 3640 1595 corporalis
3690 1540 3823 1594 per-

2238 1619 2516 1672 tuutabilis
2547 1620 2639 1682 sit,
2670 1627 2725 1672 et
2754 1635 2817 1672 ex
2851 1619 2998 1672 omni
3037 1620 3088 1672 iit
3126 1634 3338 1672 omnem
3387 1617 3645 1672 deveniat
3685 1629 3824 1686 qua-

2238 1709 2470 1762 litatent.

2308 1799 2399 1852 54.
2440 1799 2820 1860 Verumtamen
2867 1799 2991 1850 illud
3025 1800 3166 1853 seire
3210 1809 3448 1868 oportet,
3481 1799 3629 1868 quod
3676 1815 3820 1852 nun-

2234 1905 2398 1957 quam
2429 1891 2727 1943 substantia
2765 1890 2883 1943 siue
2923 1891 3184 1958 qualitate
3217 1891 3485 1954 subsistit,
3518 1892 3619 1945 sed
3652 1891 3825 1946 intel-

2232 1978 2372 2032 lectu
2398 1978 2511 2032 solo
2543 1980 2868 2032 discernitur
2901 1980 3000 2033 hoc
3030 1981 3174 2050 quod
3205 1983 3452 2051 subjacet
3486 1982 3826 2052 corporibus

2232 2072 2458 2140 etquod
2511 2087 2684 2140 capax
2735 2081 2817 2126 est
2867 2072 3172 2142 qualitatis,
3213 2089 3335 2129 esse
3383 2073 3498 2145 (58)
3557 2076 3821 2129 materia.

2232 2162 2463 2228 Quidam
2508 2164 2669 2217 altius
2699 2180 2829 2233 ergo
2859 2165 2924 2218 de.
2962 2165 3046 2218 his
3080 2167 3319 2222 volentes
3358 2169 3660 2237 inquirere,
3695 2167 3823 2222 ausi

2231 2265 2358 2309 sunt
2401 2256 2583 2310 dicere
2631 2256 2762 2310 nihil
2816 2255 2957 2310 aliud
3003 2273 3123 2312 esse
3183 2269 3427 2312 naturam
3487 2273 3823 2328 corpoream

2231 2363 2392 2416 quam
2437 2347 2750 2416 qualitates.
2788 2347 2846 2402 Si
2876 2348 3019 2402 enim
3059 2351 3256 2404 duritia
3289 2361 3345 2404 et
3392 2350 3674 2415 mollities,
3725 2367 3825 2404 ca-

2232 2439 2398 2492 lidum
2443 2448 2495 2492 et
2547 2437 2835 2507 frigidum,
2887 2440 3168 2494 humidum
3203 2450 3257 2494 et
3311 2442 3520 2494 aridum
3574 2442 3826 2510 qualitas

2233 2540 2345 2594 est,
2405 2530 2488 2584 his
2529 2540 2705 2585 autem
2746 2530 2828 2584 vel
2876 2532 3090 2585 ueteris
3150 2533 3456 2601 hujusmodi
3517 2537 3824 2601 amputatis

2233 2621 2366 2675 nihil
2411 2623 2556 2675 aliud
2605 2621 2926 2691 intelligitur
2955 2623 3267 2692 subjacere,
3314 2624 3647 2678 videbuntur
3677 2642 3820 2694 qua-

2236 2713 2415 2768 litates
2448 2729 2564 2767 esse
2612 2715 2818 2769 omnia.
2873 2715 3025 2769 Unde
3054 2727 3108 2768 et
3148 2717 3197 2769 hi
3237 2717 3327 2783 qui
3371 2715 3486 2769 haec
3531 2729 3818 2785 asserunt,

2233 2822 2551 2859 asseverare
2581 2808 2760 2860 conati
2791 2818 2940 2870 sunt,
2977 2817 3030 2860 ut
3058 2808 3314 2876 quoniam
3346 2823 3539 2861 omnes
3566 2809 3660 2877 qui
3699 2826 3819 2860 ma-

2233 2897 2428 2948 teriam
2481 2896 2736 2951 infectam
2787 2897 3010 2960 dicunt,
3067 2897 3357 2965 qualitates
3391 2913 3419 2950 a
3477 2898 3589 2952 Deo
3639 2897 3820 2952 factas

2231 2998 2351 3038 esse
2389 2989 2742 3052 confitentur,
2789 2988 3094 3040 inveniatur
3127 3004 3222 3057 per
3267 2990 3368 3042 hoc
3399 2989 3566 3042 etiam
3612 3005 3814 3043 secun-

2234 3079 2360 3132 dum
2416 3079 2562 3147 ipsos
2614 3094 2714 3132 nec
2775 3079 3002 3132 materia
3063 3096 3183 3134 esse
3236 3080 3489 3135 infecta:
3539 3081 3812 3150 siquidem

547 3193 653 3235 tute
695 3196 814 3248 qua":
857 3191 1140 3236 creaverat
1179 3183 1439 3235 mundum
1473 3195 1542 3236 ex
1594 3179 1812 3234 informi
1867 3181 2124 3247 materia,
2153 3199 2202 3260 ρ
2233 3169 2522 3238 ἾυθΙίῑελίθε
2567 3171 2677 3222 Sim
2711 3169 2925 3233 οιηηίίιν
2977 3186 3097 3236 ρυλε
3145 3172 3334 3240 "lique
3365 3171 3482 3226 είηθ
3534 3173 3813 3226 ευιητδάί·

545 3269 841 3324 immittere
869 3271 948 3323 eis
997 3270 1400 3325 multitudinem
1447 3286 1723 3334 ursorum,
1775 3272 1859 3325 vel
1913 3271 2125 3326 feroces

545 3355 728 3410 leones
747 3357 816 3408 ⁷⁸.
849 3375 868 3408 ι
905 3355 1297 3427 Quamplurimi
1348 3373 1479 3413 sane
1507 3371 1699 3428 putant
1741 3376 1920 3414 rerum
1953 3362 2124 3430 ipsam

545 3446 831 3500 materiam
869 3446 1166 3516 significari
1197 3448 1253 3502 in
1306 3463 1371 3503 eo
1411 3449 1554 3518 quod
1608 3450 1659 3503 iit
1713 3451 1983 3520 principio
2017 3451 2124 3506 Ge-

543 3539 692 3594 nesis
736 3539 1002 3609 scriptum
1045 3550 1128 3594 est
1165 3557 1195 3594 a
1245 3542 1427 3615 Moyse
1468 3561 1482 3597 :
1526 3563 1543 3594 ι
1577 3542 1632 3596 In
1683 3544 1951 3612 principio
1990 3545 2120 3602 fecit

543 3629 687 3686 Deos
717 3631 915 3688 caelum
951 3641 1006 3686 et
1039 3641 1266 3698 terram,
1297 3643 1436 3689 terra
1472 3644 1649 3690 autem
1674 3645 1796 3690 erat
1832 3635 2121 3692 invisibilis

541 3731 598 3776 et
629 3721 988 3792 incomposita
1016 3724 1084 3777 ⁷⁸.
1113 3743 1132 3776 ι
1173 3724 1502 3781 lnvisibilem
1539 3742 1774 3796 namque
1811 3736 1866 3782 et
1912 3728 2121 3784 incom-

541 3814 772 3882 positam
821 3823 1026 3869 terram
1069 3831 1175 3869 non
1223 3817 1372 3872 aliud
1417 3818 1497 3872 eis
1542 3819 1654 3888 (57)
1701 3817 1912 3889 Moyses
1959 3835 2118 3889 quam

540 3904 834 3959 informem
886 3909 1172 3961 materiam
1229 3910 1377 3963 visus
1430 3919 1513 3964 est
1563 3910 1826 3965 indicare.
1867 3910 2019 3976 Quod
2073 3911 2118 3966 si

539 4011 672 4052 vere
704 3997 819 4052 haec
861 4008 946 4054 est
993 4002 1241 4068 materia,
1272 4012 1488 4056 constat
1542 4003 1738 4056 exinde
1784 4003 2118 4057 inconverti-

539 4085 670 4140 bilia
708 4103 813 4141 non
862 4102 985 4144 esse
1021 4091 1169 4144 initia
1215 4106 1525 4160 corporum.
1575 4092 1706 4144 Nam
1750 4093 1803 4146 hi
1853 4093 1941 4160 qui
1998 4101 2118 4146 ato-

540 4193 681 4244 mos,
724 4180 807 4235 vel
839 4197 902 4236 ea
932 4200 1049 4252 quae
1080 4185 1131 4238 in
1168 4195 1348 4253 partes
1377 4187 1565 4240 venire
1599 4203 1704 4240 non
1753 4196 2004 4255 possunt,
2035 4185 2116 4239 vel

539 4285 600 4322 ea
646 4287 768 4341 qua:
799 4274 850 4327 iit
895 4276 1127 4344 aequales
1159 4289 1344 4344 partes
1395 4279 1642 4344 veniunt,
1689 4279 1774 4332 vel
1817 4295 1979 4330 unum
2013 4279 2102 4330 ali-

538 4362 682 4428 quod
715 4361 1040 4417 elementum
1079 4381 1262 4419 rerum
1300 4368 1666 4434 corporalium
1721 4367 1984 4435 principia
2024 4385 2117 4437 po-

538 4459 787 4515 suerunt,
825 4468 1020 4506 nomen
1057 4456 1323 4517 materiae,
1362 4456 1414 4509 id
1444 4465 1524 4510 est
1557 4457 1700 4526 quod
1737 4457 2113 4526 principaliter

2233 3263 2412 3318 etione
2463 3263 2529 3316 ab
2568 3262 2816 3317 omnibus
2859 3277 2889 3316 a
2929 3263 3035 3317 Deo
3075 3263 3232 3317 facta:
3277 3278 3396 3318 esse
3451 3267 3813 3332 pronuntiau-

2231 3363 2336 3411 tur.
2371 3353 2433 3408 lli
2483 3369 2612 3409 vero
2649 3356 2737 3423 qui
2773 3355 3071 3424 διιιν];ιοειιιὶ
3119 3355 3331 3410 cuidam
3375 3359 3619 3412 materia:
3653 3356 3810 3427 193

2231 3447 2443 3500 additas
2495 3447 2836 3500 extrinsecus
2884 3447 3176 3514 qualitates
3246 3448 3433 3500 volunt
3475 3451 3804 3511 ostendere.

2227 3537 2601 3604 hujuscemodi
2630 3548 2854 3591 utuntur
2881 3539 3161 3607 exemplis,
3190 3539 3341 3592 verbi
3367 3539 3577 3609 gratia:
3608 3539 3808 3594 Paulus

2225 3632 2342 3686 sine
2375 3630 2540 3686 dubio
2586 3642 2680 3685 aut
2719 3641 2885 3696 tacet,
2921 3642 3012 3685 aut
3056 3633 3316 3702 loquitur,
3344 3642 3442 3686 aut
3477 3633 3686 3703 vigilat,
3717 3645 3810 3686 aut

2227 3723 2462 3788 dormit,
2509 3723 2594 3778 vel
2628 3736 2779 3778 certo
2822 3723 3054 3792 quodam
3110 3729 3356 3794 corporis
3391 3725 3580 3778 habitu
3631 3726 3810 3780 consi-

2223 3816 2352 3881 stit;
2390 3823 2483 3869 aut
2515 3815 2658 3869 enim
2690 3817 2864 3882 sedet,
2896 3827 2990 3869 aut
3025 3825 3152 3881 stat,
3183 3817 3466 3884 autjacet.
3498 3817 3627 3873 llaec
3663 3820 3804 3873 enim

2225 3915 2350 3961 sunt
2395 3906 2710 3960 hominibus
2743 3906 3076 3972 accidentia,
3129 3907 3249 3961 sine
3289 3909 3489 3976 quibus
3525 3925 3800 3979 nunquam

2221 3999 2338 4052 fere
2378 3999 2752 4052 inveniuntur.
2795 3997 2904 4052 Nec
2944 4007 3126 4052 tamen
3168 4015 3360 4055 sensus
3390 4012 3581 4056 noster
3628 4003 3804 4055 mani-

2223 4090 2360 4145 feste
2393 4093 2459 4144 de
2490 4105 2554 4143 eo
2585 4091 2785 4158 aliquid
2820 4092 3005 4144 hormn
3038 4091 3266 4156 definit,
3310 4094 3401 4146 sed
3442 4093 3515 4146 ita
3549 4111 3672 4148 eum
3711 4108 3804 4162 per

2221 4182 2336 4236 haec
2371 4181 2721 4249 intelligimus
2750 4181 2826 4235 vel
2873 4183 3304 4244 consideramus,
3344 4191 3401 4236 ut
3431 4199 3538 4237 non
3581 4185 3804 4238 omnino

2223 4273 2485 4326 rationem
2535 4281 2707 4326 status
2763 4271 2878 4338 ejus
2923 4272 3473 4342 comprehendamus,
3513 4275 3597 4328 vel
3644 4277 3696 4328 ιιι
3738 4290 3802 4330 eo

2220 4365 2364 4432 quod
2409 4363 2594 4433 vigilat
2634 4363 2767 4433 (59),
2812 4363 2896 4416 vel
2941 4363 2994 4416 in
3023 4381 3087 4418 eo
3132 4364 3273 4432 quod
3320 4364 3558 4430 dormit,
3608 4375 3702 4420 aut
3745 4367 3798 4420 in

2223 4469 2329 4522 quo
2379 4452 2642 4521 loquitur,
2689 4452 2771 4507 vel
2819 4461 2992 4520 tacet,
3039 4464 3093 4507 et
3133 4455 3177 4508 si
3222 4469 3329 4524 qua
3371 4455 3476 4510 alia
3521 4467 3649 4511 sunt
3684 4473 3805 4528 qua:

537 4541 819 4594 materiam
866 4543 1166 4611 significat,
1219 4545 1364 4598 inter
1399 4543 1660 4614 principia
1715 4556 1957 4601 statuere
2010 4563 2115 4601 non
2153 4553 2193 4607 ι)
2225 4543 2475 4597 accidere
2513 4557 2738 4597 necesse
2767 4553 2850 4596 est
2879 4544 3208 4598 hominibus.
3241 4545 3295 4598 Si
3338 4561 3469 4614 ergo
3503 4548 3626 4616 quis
3663 4545 3806 4602 Pau-

537 4641 850 4697 potuerunt.
896 4636 1082 4704 Neque
1117 4637 1260 4690 enim
1307 4653 1429 4691 cum
1483 4639 1771 4691 materiam
1819 4637 2120 4705 subjiciunt

536 4723 684 4777 omni
718 4728 932 4795 corpori
969 4743 1064 4796 per
1087 4730 1268 4782 omnia
1299 4729 1712 4784 convertibilem
1753 4731 2114 4784 substantiam

535 4813 623 4867 vel
656 4816 968 4872 mutabilem
997 4819 1079 4872 vel
1111 4820 1464 4883 divisibilem,
1489 4831 1647 4876 extra
1675 4821 1962 4890 qualitates
1993 4838 2114 4876 eam

535 4906 836 4960 secundum
894 4911 1282 4978 proprietatem
1325 4912 1642 4983 su'bjicicut.
1686 4913 1891 4978 Quibus
1951 4914 2115 4967 etiam

537 5011 635 5052 nos
670 5001 1086 5068 acquiescimus,
1119 5003 1216 5070 qui
1259 5005 1408 5058 omni
1461 5020 1660 5074 genere
1695 5004 1981 5058 abnuimus
2027 5005 2110 5058 in-

607 5157 653 5188 ⁶¹⁴
678 5156 778 5213 lsa.
815 5175 868 5224 tt,
905 5159 991 5211 17.
1084 5160 1132 5189 ⁷⁵
1154 5162 1282 5230 Sap.
1311 5177 1386 5227 XI,
1415 5163 1500 5218 18.
1578 5163 1623 5195 ⁷⁵
1657 5163 1793 5219 Gen.
1824 5181 1861 5229 ι,
1900 5166 1950 5219 1.

606 5295 855 5378 (55)mSic
889 5312 1018 5378 mss.
1052 5299 1217 5378 Editi,
1250 5319 1268 5351 ι
1300 5303 1738 5378 corporalibus.)
1774 5303 1919 5360 infra
1952 5321 2104 5378 ωδε..

542 5366 897 5447 «.signilicare
959 5370 1285 5426 invenietur.
1323 5391 1340 5424 ι
1380 5366 1557 5439 Editi,
1631 5394 1650 5426 ι
1682 5375 1897 5446 signare
1961 5366 2109 5431 inve;

536 5446 589 5488 ιιι
632 5446 773 5489 tur.»

597 5451 958 5588 ‘ESQLInquit.
991 5509 1150 5564 Deest
1179 5511 1231 5565 in
1257 5522 1412 5568 antea
1427 5513 1620 5588 _editis.
1651 5514 1770 5570 Mox
1795 5531 1925 5588 mss.
1947 5526 2114 5580 recte,

539 5577 993 5632 «multitudinem
1051 5595 1320 5637 ursorum.
1353 5603 1372 5636 ι
1425 5584 1603 5651 Editi,
1659 5603 1677 5637 ι
1706 5577 2113 5642 similitudinem

539 5661 815 5701 ursorum.
848 5667 866 5700 ι

607 5713 719 5787 (57)
762 5717 852 5795 Sic
888 5735 1016 5795 mss.
1065 5721 1238 5795 Editi,
1273 5741 1292 5773 ι
1323 5738 1466 5779 esse.
1496 5743 1513 5774 ι
1555 5723 1722 5778 Patrio
1771 5735 1898 5795 post
1945 5741 2108 5793 mss.,

536 5799 561 5838 ι
589 5801 752 5841 unum
785 5788 998 5860 aliquod
1035 5793 1418 5847 elementum.»
1461 5795 1626 5860 Editi,
1657 5812 1676 5846 ι
1707 5788 1872 5850 ιιιιίιηι
1901 5795 1967 5847 ad
2000 5788 2110 5850 ele;

537 5865 800 5917 mentum.
826 5879 845 5914 ι
898 5859 1067 5920 Paulo
1117 5874 1238 5935 post
1285 5879 1445 5935 mss.,
1485 5885 1503 5918 ι
1533 5866 1944 5924 convertibilem
1983 5867 2110 5924 sub-

2227 4637 2334 4690 lum
2364 4637 2483 4691 sine
2520 4637 2606 4690 his
2651 4637 2904 4691 omnibus
2931 4651 3054 4691 esse
3083 4638 3390 4691 consideret
3424 4655 3544 4707 qute
3579 4646 3806 4708 possunt

2223 4727 2507 4789 accidere,
2552 4728 2623 4780 ita
2659 4739 2715 4782 et
2750 4729 2800 4780 id
2851 4726 2994 4795 quod
3040 4727 3285 4795 subjacet
3327 4729 3448 4796 quis
3497 4730 3802 4800 intelligere

2221 4819 2342 4873 sine
2380 4817 2736 4887 qualitatibus
2769 4818 2984 4888 poterit.
3034 4818 3165 4872 Cum
3207 4832 3336 4888 ergo
3374 4835 3572 4874 sensus
3610 4830 3792 4875 noster

2223 4911 2372 4966 omni
2421 4910 2683 4980 qualitate
2737 4913 2804 4964 ab
2856 4911 3132 4965 intellectu
3184 4927 3280 4964 suo
3349 4923 3556 4966 remota
3627 4913 3797 4982 ipsum

2223 5003 2572 5073 suhjacentite
2621 5007 2810 5070 solius,
2839 5016 2898 5060 ut
2945 5007 3016 5060 ita
3047 5007 3309 5070 dixerim,
3356 5018 3618 5076 punctum
3663 5023 3795 5062 con-

2219 5304 2478 5360 stantiam
2521 5303 2601 5356 vel
2637 5300 2948 5354 mutabilem
2980 5299 3063 5354 vel
3106 5299 3450 5354 divisibilem.
3481 5321 3498 5352 ι
3537 5301 3592 5354 ln
3640 5299 3796 5354 editis

2219 5377 2405 5435 deest,
2444 5392 2461 5422 ι
2497 5371 2894 5436 substantiam,
2917 5390 2935 5422 ι
2978 5382 3032 5424 et
3076 5392 3094 5420 ι
3128 5369 3210 5424 vel
3244 5371 3595 5424 divisibilem.
3620 5387 3638 5418 ι
3673 5369 3798 5422 Post

2218 5446 2496 5513 paululum
2527 5457 2734 5513 mss.,_t
2761 5441 3055 5513 secundum
3088 5440 3203 5513 haec
3231 5456 3350 5513 qua:
3376 5439 3436 5513 _i_n
3467 5439 3790 5509 prioribus.»

2225 5509 2364 5569 Editi
2387 5555 2402 5579 ,
2441 5532 2459 5564 ι
2493 5511 2797 5567 secundum
2829 5511 2942 5564 haec
2971 5511 3112 5564 enim
3141 5511 3192 5562 in
3221 5509 3516 5578 prioribus.
3543 5528 3563 5560 ι

2295 5584 2409 5658 (58)
2450 5583 2617 5637 Recte
2653 5597 2863 5658 mss.,_g
2888 5595 3026 5658 esse.
3054 5599 3072 5631 ι
3100 5579 3237 5633 Male
3269 5593 3393 5632 vero
3423 5580 3578 5645 editi,
3615 5595 3635 5629 ι
3655 5587 3788 5632 εει.»

2224 5651 2348 5711 Mox
2386 5651 2540 5717 mss.,
2575 5671 2593 5704 ι
2625 5652 2760 5706 nihil
2793 5651 2934 5704 aliud
2964 5665 3087 5705 esse
3112 5661 3361 5703 naturam
3395 5663 3731 5719 corpoream.
3764 5668 3783 5699 ι

2216 5726 2384 5791 Editi,
2419 5743 2436 5775 ι
2468 5723 2603 5780 nihil
2633 5723 2776 5776 aliud
2810 5737 2931 5776 esse
2961 5721 3244 5791 materiam
3272 5733 3650 5791 corpoream.»

2290 5786 2402 5868 (59)
2445 5795 2753 5868 Sicomncs
2780 5791 3106 5868 mssaEditi,
3139 5807 3158 5841 ι
3178 5789 3239 5868 _iu
3264 5804 3330 5843 eo
3357 5791 3453 5868 _qui
3492 5789 3677 5860 vigilat
3706 5786 3792 5842 vel

2215 5867 2270 5924 in
2297 5859 2363 5922 eo
2385 5859 2488 5936 'qui
2527 5863 2764 5931 dormit,
2799 5870 2892 5918 aut
2923 5863 2978 5918 iu
3009 5875 3074 5917 eo
3098 5861 3193 5931 qui
3222 5859 3483 5930 loquitur.
3511 5879 3528 5912 ι
