3868 6510
113 402 204 460 499

1359 390 1560 445 LIBER
1594 387 1940 456 QUARTUS.

3239 383 3344 438 410

115 525 300 574 tuetur,
345 517 396 564 et
441 509 544 579 ipsi
584 509 830 574 inhaeret,
868 523 1206 577 nequaquam
1258 509 1561 576 respiciens
1592 508 1656 561 ad
1687 511 1734 567 Λ
1764 511 1865 556 tem
1935 501 2450 570 comprehensionem
2479 516 2588 552 eam
2642 500 2866 553 dicimus
2890 543 2904 567 ,
2950 507 3001 552 ut
3037 515 3137 553 non
3169 489 3341 554 solum

1773 612 1926 650 sensu
1957 596 2070 663 quis
2096 605 2141 646 et
2171 592 2425 662 sapientia
2467 593 2900 658 comprehendat,
2940 591 3028 644 sed
3069 602 3116 644 et
3156 593 3344 646 virtute

1767 697 1815 740 et
1842 685 2074 754 potentia
2106 695 2296 738 cuncta
2329 692 2497 737 teneat
2525 683 2614 752 qui
2642 682 2904 751 cognovit,
2936 699 3038 736 non
3061 699 3340 752 possumus

1767 779 1962 842 dicere,
1987 777 2124 843 quod
2153 775 2549 840 comprehendat
2576 773 2750 828 Filius
2783 775 3019 829 Patrem.

115 603 405 665 mollitiem,
451 602 534 655 vel
571 602 820 656 duritiem
848 641 862 664 ,
911 599 994 653 vel
1050 599 1321 664 calidum,
1367 599 1451 652 vel
1506 598 1660 666 frigi-

112 695 253 755 dum.
287 691 369 746 vel
411 693 692 746 humidum
718 730 734 756 ,
768 691 852 746 vel
895 691 1105 745 aridum
1141 690 1482 753 substantim,
1534 699 1662 742 tunc

114 784 338 839 sunulata
391 778 794 852 quodammodo
835 781 1199 850 cogitatione,
1260 781 1345 835 his
1413 781 1664 834 omnibus

112 875 439 943 qualitatibus
510 873 708 926 nudam
761 872 1036 926 videbitur
1089 871 1283 926 intueri
1361 870 1662 925 materiam.

167 969 249 1022 35.
307 967 418 1020 Sed
464 965 695 1020 fortasse
725 965 969 1033 requiret
1003 963 1240 1031 aliquis,
1292 963 1334 1017 si
1380 966 1665 1030 possumus

109 1061 249 1113 etiam
280 1060 351 1112 de
381 1057 682 1127 Scripturis
705 1056 1049 1110 occasionem
1097 1053 1330 1122 aliquam
1364 1054 1666 1122 intelligen-

113 1150 186 1201 tiae
213 1148 376 1216 hujus
410 1149 680 1216 accipere.
718 1143 944 1198 Videtur
972 1139 1102 1196 mihi
1136 1143 1242 1196 tale
1265 1141 1467 1211 aliquid
1497 1141 1665 1211 signi-

115 1242 242 1295 ﬁcari
266 1242 318 1294 in
353 1239 602 1300 Psalmis,
635 1253 755 1292 cum
785 1238 983 1291 dicitur
1010 1253 1039 1290 a
1066 1234 1333 1302 Propheta
1363 1253 1374 1288 :
1408 1254 1426 1286 ι
1455 1235 1660 1303 imper-

113 1335 416 1403 fectum(60)
439 1345 588 1387 tuum
607 1333 852 1387 viderunt
870 1332 1006 1385 oculi
1031 1332 1133 1384 mei
1149 1332 1248 1385 ".t
1271 1331 1325 1383 In
1341 1345 1445 1397 quo
1458 1328 1670 1381 videtur

115 1441 248 1480 meus
278 1423 578 1494 Propheta:
613 1440 790 1480 rerum
827 1426 978 1480 initia
1031 1426 1226 1481 intuitu
1268 1422 1666 1494 perspicaciore

114 1518 439 1581 discutiens,
500 1525 554 1570 et
605 1519 892 1572 materiam
929 1533 1089 1571 sensu
1127 1515 1243 1571 solo
1289 1529 1352 1568 ac
1399 1513 1606 1567 ratione
1641 1528 1670 1566 a

113 1609 458 1677 qualitatibus
513 1610 796 1671 dividens,
836 1608 1213 1677 imperfectum
1254 1607 1346 1660 Dei
1407 1607 1668 1669 sensisse,

113 1703 235 1771 quod
264 1704 463 1772 utique
497 1703 727 1771 adjectis
766 1702 1117 1770 qualitatibus
1166 1699 1489 1768 intelligitur
1535 1713 1668 1750 con-

112 1805 449 1848 summatum.
504 1794 610 1849 Sed
663 1805 718 1849 et
772 1795 824 1848 iu
860 1794 1001 1846 libro
1057 1806 1157 1846 suo
1204 1792 1386 1844 Enoch
1425 1791 1495 1843 ita
1539 1790 1614 1842 ait
1655 1807 1668 1844 :

1829 867 1957 920 Εἱδὲ
1972 865 2195 936 ὁῐΙατὴρ
2209 865 2524 936 ἐμπεριέχει

1767 961 1833 1015 τὰ
1871 961 2066 1024 πάντα,
2093 960 2198 1012 τῶν
2231 961 2284 1013 δὲ
2311 961 2524 1014 πάντων

1766 1055 1829 1106 τέ
1890 1055 2036 1105 ἐστιν
2081 1053 2108 1105 ὁ
2149 1052 2274 1115 Υἱὸς
2300 1092 2312 1114 ,
2367 1052 2524 1122 δῆλον

1768 1145 1850 1196 ὅτι
1887 1145 1981 1196 καὶ
2013 1143 2102 1196 τὸν
2140 1143 2288 1195 Υἱόν.
2339 1141 2525 1202 ’Ἄλλος

1768 1236 1824 1289 δέ,
1863 1255 1944 1300 τις
1985 1237 2206 1308 ζητήσει
2246 1236 2292 1286 εἰ
2332 1233 2526 1303 ἀληθὲς

1769 1329 1828 1381 τὸ
1883 1329 2084 1400 ὁμοίως
2131 1328 2222 1381 τὸν
2261 1327 2391 1380 Θεὸν
2437 1327 2526 1395 ὑφ’

1772 1426 1966 1481 ἑαυτοῦ
2003 1424 2405 1496 γινώσκεσθαι,
2452 1422 2530 1494 τῷ

1773 1519 2136 1590 γινώσκεσθαι
2204 1518 2368 1572 αὑτὸν
2428 1519 2532 1571 ὑπὸ

1772 1616 1864 1670 τοῦ
1889 1615 2220 1685 Μονογενοῦς
2238 1633 2249 1644 '
2288 1615 2382 1667 καὶ
2406 1614 2534 1666 ἁπο-

1776 1709 2024 1776 φανεῖται
2071 1706 2151 1758 ὅτι
2199 1705 2258 1757 τὸ
2304 1702 2531 1775 εἰρημέ-

1774 1815 1862 1849 νον
1881 1814 1893 1827 ο
1929 1796 1983 1848 Ὀ
2005 1794 2203 1862 Πατὴρ
2234 1797 2265 1848 d
2293 1793 2533 1863 πέμψας

118 1884 412 1938 «Ambulavi
437 1899 609 1953 usque
629 1886 695 1938 ad
724 1883 1153 1953 imperfectum,»
1177 1881 1317 1951 quod
1342 1882 1517 1950 ipsum
1539 1889 1668 1948 puto

1803 1890 1840 1943 εὲ
1867 1890 2078 1961 μείζων
2107 1908 2221 1960 μου
2251 1889 2440 1949 ἐστὶν,
2476 1890 2533 1941 ὲν

114 1990 250 2042 posse
289 1976 559 2029 similiter
597 1976 821 2045 intelligi
846 2017 859 2037 ,
896 1976 1034 2043 quod
1069 1975 1278 2028 scilicet
1313 1973 1673 2026 ambulaverit

116 2082 245 2121 mens
265 2068 552 2137 praphetae
575 2079 925 2137 perscrutans
945 2077 998 2121 et
1017 2066 1288 2120 disserens
1307 2065 1514 2135 singula
1534 2079 1674 2132 qua:-

115 2173 204 2227 que
228 2172 413 2212 rerum
464 2158 756 2236 visibilium
795 2156 904 2230 (61)
941 2171 1220 2226 usquequo
1248 2155 1315 2208 ad
1350 2156 1671 2224 principium

116 2251 307 2305 venerit
335 2250 471 2306 illud
505 2250 559 2305 in
591 2266 701 2321 quo
733 2249 1105 2319 imperfectam
1146 2247 1430 2301 materiam
1472 2245 1676 2315 absque

116 2343 458 2410 qualitatibus
493 2343 797 2413 perviderit
846 2357 861 2396 :
916 2343 1178 2414 scriptum
1215 2356 1448 2412 namque
1483 2351 1569 2397 est
1622 2341 1674 2394 in

117 2434 284 2488 eodem
327 2432 557 2500 libello,
592 2434 806 2490 dicente
847 2434 1030 2490 Enoch
1069 2452 1081 2489 :
1126 2455 1144 2486 ι
1174 2434 1462 2490 Universos
1510 2441 1678 2487 mate-

119 2527 214 2578 rias
245 2527 526 2595 perspexi.
555 2546 576 2578 ι
625 2527 780 2594 Quod
838 2529 1026 2598 utique
1083 2529 1153 2583 ita
1209 2530 1463 2593 sentitur,
1499 2527 1676 2596 quasi,

119 2615 302 2673 Omnes
331 2620 581 2674 materia).
616 2620 906 2681 divisimes
938 2621 1142 2691 pervidi
1170 2664 1184 2687 ,
1217 2635 1335 2690 qua:
1371 2621 1439 2676 ab
1473 2635 1577 2674 una
1627 2621 1679 2674 in

120 2710 344 2778 singulas
378 2725 628 2780 quasque
674 2711 901 2782 dirupta:
939 2721 1062 2767 sunt
1108 2713 1342 2783 Species,
1376 2712 1426 2766 id
1461 2722 1545 2767 est
1577 2715 1680 2766 ho-

121 2804 344 2867 minum,
394 2803 480 2857 vel
516 2804 866 2871 animalium,
912 2805 996 2860 vel
1041 2805 1202 2871 caeli,
1258 2805 1343 2860 vel
1391 2804 1556 2869 solis,
1601 2804 1680 2858 vel

121 2896 347 2949 omnium
372 2912 495 2966 quae
549 2897 601 2950 in
635 2897 739 2952 hoc
789 2903 993 2952 mundo
1024 2907 1169 2953 sunt.
1234 2896 1361 2953 Post
1407 2898 1523 2952 haac
1570 2895 1680 2965 jam

122 2987 287 3040 omnia
306 3001 430 3057 qua:
453 2997 584 3042 sunt
609 3001 638 3040 a
670 2987 778 3041 Deo
809 2987 952 3042 facta
983 3002 1126 3053 esse,
1153 2997 1209 3041 et
1237 2987 1368 3041 nihil
1395 3001 1514 3041 esse
1541 2987 1682 3055 quod

125 3079 308 3133 factum
357 3097 466 3135 non
520 3081 591 3135 sit
640 3089 836 3150 przeter
885 3089 1134 3134 naturam
1165 3079 1352 3134 Patris
1395 3090 1450 3134 et
1478 3078 1604 3135 Filii
1631 3088 1684 3133 et

127 3171 345 3240 Spiritus
396 3172 613 3237 sancti,
664 3179 824 3240 prout
879 3174 1155 3242 potuimus
1206 3171 1260 3226 in
1314 3171 1686 3241 superioribus

129 3262 618 3318 demonstravimus
647 3283 661 3318 :
705 3272 759 3318 et
786 3265 928 3333 quod
962 3263 1145 3319 volens
1192 3263 1330 3318 Deus
1358 3265 1450 3332 qui
1499 3273 1688 3317 natura

130 3353 288 3408 bonus
317 3353 429 3426 (62)
459 3363 577 3418 est,
609 3355 812 3410 habere
837 3357 1036 3425 quibus
1069 3356 1204 3409 bene
1235 3354 1476 3416 faceret,
1515 3365 1568 3408 et
1599 3355 1689 3422 qui

132 3446 329 3516 adeptis
355 3446 638 3501 beneﬁciis
687 3448 803 3502 suis
853 3448 1205 3511 laetarentur,
1251 3445 1470 3499 fecisset
1503 3447 1693 3514 dignas

132 3548 429 3607 creaturas,
472 3539 528 3594 id
575 3547 660 3594 est
691 3555 810 3610 qua:
853 3555 976 3595 eum
1026 3539 1189 3609 digne
1221 3554 1420 3608 capere
1448 3547 1690 3607 possent,

135 3646 258 3699 quos
286 3642 338 3687 et
363 3631 620 3703 genuisse
659 3647 717 3687 se
756 3632 896 3687 ﬁlios
923 3632 1073 3686 dicit.
1118 3632 1270 3685 Fecit
1306 3641 1482 3684 autem
1509 3631 1693 3685 omnia

139 3723 187 3775 in
233 3739 460 3779 numero
512 3733 566 3778 et
614 3740 892 3779 mensura.
934 3723 1078 3780 Nihil
1130 3726 1274 3778 enim
1311 3726 1420 3778 Deo
1455 3724 1538 3778 vel
1578 3727 1696 3778 sine

142 3814 254 3881 line,
286 3816 366 3870 vel
401 3817 526 3872 sine
553 3831 806 3871 mensura
833 3826 935 3872 est.
981 3817 1198 3870 Virtute
1230 3817 1373 3871 enim
1399 3831 1494 3869 sua
1515 3818 1695 3870 omnia

141 3908 533 3976 comprehendit
555 3946 570 3970 ,

141 4009 193 4053 et
233 4000 338 4069 ipse
379 4000 580 4053 nullius
613 4010 876 4053 creatura:
1055 4015 1246 4055 VERSIO
1279 4013 1588 4054 HIERONYII.

1777 1986 1941 2037 πᾶσιν
1985 1982 2201 2051 ἀληθές.
2244 1982 2405 2033 Ὥστε
2437 1982 2531 2032 καὶ

1775 2081 1832 2130 ὲν
1861 2076 1937 2146 τῷ
1968 2079 2106 2128 νοεῖν
2143 2077 2170 2127 ὁ
2199 2075 2388 2144 Πατὴρ
2415 2091 2530 2143 μει-

1777 2167 1942 2232 ζόνως
1967 2167 2059 2219 καὶ
2083 2164 2419 2238 τρανοτέρως
2439 2164 2533 2216 καὶ

1775 2262 2122 2328 τελειοτέρως
2189 2263 2385 2313 νοεῖται
2444 2259 2532 2326 ὑφ’

2673 867 2833 920 Pater
2855 883 2972 919 vero
2996 867 3169 919 omnia
3200 882 3346 918 cont~

2595 957 2911 1026 prehendit;
2973 959 3109 1010 inter
3169 958 3346 1009 omnia

2597 1059 2778 1113 autem,
2845 1059 2890 1101 et
2964 1046 3138 1101 Filius
3201 1056 3278 1101 est
3329 1065 3347 1102 :

2597 1155 2719 1207 ergo
2761 1149 2807 1191 et
2854 1137 3057 1192 Filium
3109 1155 3345 1207 compre-

2601 1232 2802 1284 hendit.
2925 1229 3183 1284 Curiosus
3272 1232 3347 1282 le-

2599 1336 2709 1376 ctor
2747 1323 2857 1395 (64)
2890 1321 3137 1391 inquirat,
3173 1331 3348 1374 utrum

2601 1417 2675 1470 ita
2707 1434 2737 1469 a
2764 1417 3037 1482 semetipso
3068 1401 3351 1483 cognosca-

2605 1522 2693 1564 tur
2732 1507 2912 1575 Pater,
2953 1509 3214 1580 quomodo
3261 1523 3350 1560 co-

2601 1607 2867 1674 gnoscitur
2891 1624 2922 1658 a
2964 1604 3133 1665 Filio;
3154 1603 3351 1656 sciens-

2599 1715 2697 1768 que
2756 1701 2889 1754 illud
2917 1699 3053 1768 quod
3100 1697 3351 1766 scriptum

2604 1803 2677 1850 est
2706 1809 2724 1846 :
2759 1791 2918 1846 Pater
2941 1791 3029 1858 Qui
3069 1802 3153 1842 me
3183 1786 3348 1848 misit,

2607 1886 2777 1956 major
2806 1895 2885 1938 est
2912 1882 3162 1937 omnibus
3189 1878 3348 1950 (δι’),

2605 1999 2776 2036 verum
2816 1995 2925 2032 esse
2968 1974 3262 2038 contendet,
3296 1981 3351 2023 ut

2601 2077 2762 2139 dicat,
2787 2085 2831 2126 et
2858 2073 2909 2124 in
2935 2070 3229 2139 cognitione
3253 2064 3353 2118 Fi-

2603 2165 2674 2218 lio
2702 2163 2913 2217 Patrem
2945 2178 3052 2215 esse
3075 2158 3350 2228 majorem,

2605 2261 2730 2312 dum
2771 2256 3050 2326 perlectius
3089 2262 3135 2307 et
3168 2252 3353 2322 purius

144 4104 288 4144 sensu
321 4093 747 4156 comprehensus
773 4101 872 4145 est.

145 4180 232 4233 Illa
253 4182 388 4236 enim
418 4192 616 4236 natura
644 4182 740 4236 soli
774 4183 877 4236 sibi

150 4277 342 4342 cognita
377 4287 480 4330 est.
536 4275 696 4330 Solus
732 4277 877 4330 enim

1021 4091 1083 4148 Si
1136 4094 1274 4146 enim
1347 4091 1558 4146 Patrem
1610 4109 1700 4146 co-

951 4185 1152 4254 gnoscit
1182 4183 1354 4237 Filius
1373 4183 1484 4256 (65)
1510 4224 1526 4248 ,
1558 4185 1701 4237 vide—

954 4290 1040 4331 tur
1066 4279 1119 4331 in
1150 4295 1208 4332 eo
1245 4280 1386 4349 quod
1420 4279 1556 4332 novit
1589 4275 1697 4331 Pa-

152 4365 295 4421 Pater
340 4371 490 4422 novit
542 4368 779 4431 Filium,
826 4377 881 4422 et

154 4458 285 4513 solus
334 4461 505 4516 Filius
574 4463 724 4515 novit
781 4459 882 4513 Pa-

159 4559 303 4620 trem,
345 4563 399 4608 et
446 4552 601 4608 solus
648 4551 884 4622 Spiritus

160 4654 348 4699 sanctus
411 4653 791 4714 perscrutatur
827 4658 888 4696 e-
955 4644 1090 4697 scire
1117 4658 1434 4696 mensuram.
1471 4639 1580 4695 Nec
1603 4643 1704 4695 du-

166 4734 268 4787 tiam
291 4738 391 4790 alia
429 4739 542 4792 Dei.
956 4736 1118 4798 binm,
1148 4737 1272 4804 quin
1297 4735 1342 4788 si
1371 4731 1526 4788 Pater
1555 4737 1621 4788 sit
1649 4737 1702 4790 in

164 4829 301 4894 Filio,
343 4841 389 4885 et
417 4828 876 4896 comprehendatur
913 4831 977 4879 ab
1010 4843 1069 4880 eo
1099 4826 1154 4879 in
1202 4842 1302 4895 quo
1341 4837 1437 4879 est.
1479 4824 1578 4880 Sin
1605 4844 1703 4880 au-

215 4929 254 4960 "
279 4927 418 4982 Psal.
442 4939 707 4986 cxxxvut,
749 4923 834 4975 16.

220 5020 320 5089 (60)
359 5018 433 5089 ita
461 5016 668 5084 optime
718 5029 848 5089 mss.
891 5008 1028 5089 Male
1057 5006 1228 5073 editi,
1288 5024 1306 5056 ι
1331 5001 1711 5089 ἰιιιρριτεςιιιηι

169 5075 318 5148 meum
348 5075 603 5142 viderunt
652 5084 794 5138 oculi
842 5081 1003 5143 tui;r
1055 5092 1122 5130 ex
1182 5075 1535 5148 sequentibus
1569 5075 1712 5148 enim

171 5142 311 5227 liquet
344 5157 636 5226 Origenem
666 5154 861 5227 vitiosa
921 5148 1157 5227 lectione
1187 5142 1470 5227 deceptum
1515 5142 1711 5223 existi-

172 5217 323 5282 iniisse
345 5217 650 5282 non'Deum
683 5223 982 5292 prophetat,
1011 5219 1104 5273 sed
1130 5217 1446 5285 prophetam
1473 5233 1492 5263 ι
1515 5217 1715 5292 imper-

173 5297 344 5352 fectum
371 5317 388 5349 ι
423 5297 517 5351 Dei
552 5283 801 5348 vidis-se.
840 5290 1005 5344 Paulo
1037 5283 1160 5357 post
1193 5283 1360 5357 mss.;
1409 5303 1438 5357 i
1466 5298 1494 5357 a
1522 5283 1716 5357 quali-

173 5368 346 5421 tatibus
367 5368 635 5420 dividens.
662 5384 676 5415 ι
716 5361 942 5426 Editi,ia
972 5355 1364 5427 quantitatibus
1389 5355 1666 5427 dividens._
1685 5371 1703 5404 ι

231 5436 328 5507 (61)
363 5436 592 5504 Quaeque
649 5448 823 5507 rerum
869 5422 1174 5507 visibilium.
1241 5424 1605 5507 Hincdesunt
1656 5422 1708 5476 iit

174 5493 544 5569 aniea'eilitis',
580 5504 673 5559 sed
726 5503 996 5556 habentur
1041 5499 1114 5569 in_
1141 5509 1270 5569 mss.
1315 5493 1516 5569 Ibidem
1543 5508 1706 5569 mss.,

180 5594 196 5626 ι
223 5577 280 5628 ad
331 5564 652 5644 principium
700 5573 928 5625 venerit.
956 5587 983 5644 ιΔ
1021 5566 1163 5622 Editi
1185 5605 1202 5633 ,
1238 5581 1257 5616 t
1285 5565 1352 5644 ad
1383 5564 1707 5644 principium

176 5635 378 5700 veniret.
408 5663 427 5698 ι
503 5635 625 5700 Mox
678 5657 833 5706 mss.,
891 5639 1144 5707 «absque
1190 5635 1711 5707 qualitatibus_per—

182 5716 368 5768 viderit.
388 5735 407 5768 ι
469 5716 642 5777 Editi,
682 5732 700 5764 ι
723 5703 932 5781 αὺδιιιιο
961 5703 1363 5781 quantitatibus
1394 5703 1708 5781 pervidet._r

241 5784 340 5852 (6’1)
371 5785 563 5840 Bonus.
603 5774 760 5840 Deest
791 5774 1032 5838 iii-autéa
1062 5777 1222 5833 editis
1242 5815 1257 5843 ,
1289 5784 1343 5831 at
1367 5774 1636 5844 reperitur
1663 5774 1717 5825 iu

182 5857 405 5912 Omnibus
435 5871 561 5911 mss.

952 4381 1103 4433 (rem,
1133 4388 1282 4438 posse
1307 4387 1424 4424 eum
1466 4385 1701 4436 compre-

953 4461 1176 4514 hendere
1219 4475 1238 4512 :
1283 4470 1340 4513 ut
1387 4463 1431 4513 si
1481 4461 1702 4513 dicimur

953 4552 1173 4620 artiﬁcis
1255 4552 1492 4604 animum
1569 4557 1699 4604 artis
1733 4552 1836 4652 οὲ

1777 2353 2004 2418 ἑαυτοῦ,
2035 2353 2066 2423 ἢ
2097 2351 2200 2404 ὑπὸ
2248 2349 2339 2402 ’τυῦ
2382 2347 2531 2401 Tia-3.
2607 2367 2638 2402 a
2679 2348 2950 2410 semetipso
2996 2346 3351 2414 cognoscitur,

2613 2455 2768 2510 quant
2809 2457 2840 2490 η
2877 2434 3039 2489 Filio.

1779 2581 1970 2637 Omnis
2046 2581 2212 2648 igitur
2282 2589 2532 2634 creatura
2584 2577 2724 2627 intra
2777 2579 2990 2625 certum
3041 2565 3183 2634 apud
3231 2579 3355 2618 e'llll

1783 2687 2071 2726 numerum
2129 2683 2548 2736 mensuramque
2598 2662 2976 2732 distinguitur,
3031 2660 3083 2712 id
3135 2663 3219 2712 est
3271 2655 3356 2710 vel

1786 2762 2191 2818 rationabilium
2231 2775 2488 2813 numerus
2510 2798 2523 2819 ,
2556 2757 2639 2810 vel
2678 2767 2933 2808 mensura
2962 2747 3203 2802 materia:
3229 2761 3354 2801 cor-

1785 2854 2038 2924 poralis:
2091 2863 2150 2906 ut
2200 2851 2458 2920 quoniam
2495 2861 2716 2902 necesse
2752 2853 2869 2899 erat
2913 2841 2987 2894 uti
3038 2839 3361 2908 corporibus

1787 2942 2211 2998 intellectualem
2252 2951 2538 3002 naturam,
2581 2951 2702 3005 quae
2747 2941 2802 2988 et
2849 2927 3254 2986 commutabilis
3303 2933 3360 2980 et

1787 3034 2161 3090 convertibilis
2201 3030 2623 3102 deprehenditur
2649 3042 2710 3080 ea
2759 3026 2873 3093 ipsa
2906 3020 3218 3076 conditione
3254 3031 3360 3084 qua

1790 3126 1930 3181 facta
1957 3135 2043 3179 est
2071 3127 2236 3194 (quod
2265 3124 2410 3178 enim
2441 3138 2545 3176 non
2576 3119 2675 3172 fuit
2695 3159 2712 3183 ,
2741 3127 2797 3171 et
2821 3130 2946 3172 esse
2971 3113 3166 3182 erepit,
3196 3111 3361 3163 etiam

1719 3235 1764 3290 ο
1802 3219 1903 3273 Ιιοο
1949 3220 2066 3289 ipso
2132 3227 2336 3270 natura:
2379 3215 2658 3270 mutabilis
2694 3206 3054 3282 designatur),
3089 3205 3214 3259 ideo
3266 3216 3367 3253 uec

1797 3310 2206 3366 substantialem
2263 3309 2458 3362 habeat
2506 3306 2589 3360 vel
2624 3305 2880 3358 virtutem
2937 3299 3020 3354 vel
3075 3294 3364 3357 malitiam,

1795 3403 1889 3458 sed
1919 3403 2280 3457 accidentem.
2320 3401 2587 3465 Quoniam
2614 3412 2765 3464 ergo,
2801 3403 2857 3448 ut
2885 3391 3123 3446 diximus
3143 3427 3157 3452 ,
3187 3394 3369 3438 muta-

1797 3494 1924 3548 bilis
1953 3502 2006 3547 et
2037 3491 2410 3546 cenvertibilis
2437 3499 2555 3543 erat
2584 3495 2778 3540 natura
2810 3479 3170 3542 rationabilis,
3201 3477 3276 3530 ita
3308 3484 3370 3527 ut

1798 3601 1895 3655 pro
1939 3584 2151 3638 meritis
2191 3585 2356 3636 etiam
2393 3581 2612 3634 diverso
2640 3574 2888 3645 corporis
2934 3581 3176 3624 uteretur
3209 3567 3368 3620 indu-

1799 3687 1981 3731 mento
2013 3676 2154 3728 illius
2190 3674 2274 3727 vel
2323 3673 2469 3725 illius
2499 3669 2810 3740 qualitatis,
2853 3660 3226 3718 necessarium
3271 3655 3371 3708 fuit

1799 3777 1858 3822 tit
1891 3769 2038 3822 sicut
2088 3765 2434 3819 diversitates
2465 3757 2836 3830 praenoscebat
2874 3755 3012 3808 Deus
3045 3751 3255 3804 futuras
3286 3746 3371 3799 vel

1799 3861 2103 3913 animarum
2134 3856 2216 3910 vel
2250 3856 2510 3907 virtutum
2564 3850 2927 3919 spiritalium,
2975 3845 3045 3896 ita
3079 3841 3242 3896 etiam
3277 3852 3372 3890 na-

1801 3961 1976 4006 turam
2003 3963 2323 4018 corpoream
2353 3945 2589 4011 faceret,
2621 3958 2740 4012 qua:
2773 3937 3172 4009 permutatione
3201 3931 3375 3999 quali-

1802 4053 1968 4098 tatum
1999 4043 2050 4095 in
2079 4041 2262 4094 omnia
2283 4054 2402 4108 quae
2432 4052 2518 4091 res
2547 4041 2796 4105 posceret
2817 4027 3119 4085 conditoris
3145 4022 3375 4078 arbitrio

1803 4144 2128 4190 mutaretur.
2173 4132 2346 4199 Quam
2395 4131 2580 4184 tandiu
2635 4139 2856 4180 necesse
2901 4130 2985 4176 est
3031 4127 3373 4188 permanere,

1802 4229 2042 4298 quandiu
2101 4232 2427 4294 permanent
2475 4237 2539 4275 ea
2595 4235 2712 4290 qum
2768 4216 3010 4284 indigent
3053 4211 3170 4280 ejus
3222 4207 3376 4261 indu-

1805 4331 1986 4374 mento
2023 4337 2036 4373 :
2078 4316 2238 4388 194
2265 4329 2478 4384 semper
2503 4323 2683 4367 autem
2711 4317 2872 4364 erunt
2901 4301 3257 4360 rationabiles
3283 4314 3380 4353 na-

1807 4422 1942 4467 tura:
1990 4426 2110 4480 qua:
2160 4411 2401 4480 indigent
2452 4406 2768 4459 indumento
2799 4412 3062 4466 corporeo
3102 4413 3116 4448 :
3167 4405 3379 4459 semper

1807 4520 1936 4574 ergo
1972 4505 2079 4557 erit
2106 4508 2298 4556 natura
2325 4510 2584 4565 corporea
2620 4493 2776 4561 cujus
2814 4487 3142 4544 indumentis
3183 4483 3258 4537 uti
3288 4498 3381 4535 ne-

1841 4610 1962 4651 esse
1988 4605 2073 4649 est
2105 4593 2458 4647 rationabiles
2489 4595 2767 4644 creaturas
2799 4601 2815 4636 :

2744 4729 2932 4774 VERSIO
2963 4726 3250 4768 HIERONYII
3261 4752 3273 4764 .

2703 4816 2759 4871 Si
2793 4817 2908 4884 quis
2938 4825 3114 4868 autem
3155 4809 3380 4878 potuerit

1812 4729 1912 4784 nisi
1951 4729 2073 4799 quis
2122 4735 2271 4797 putet
2308 4739 2465 4796 posse
2499 4738 2556 4777 se

1811 4825 1934 4880 ullis
1961 4824 2351 4880 assertionibus
2379 4830 2560 4876 osten-

1885 5003 1998 5071 (65)
2039 5003 2099 5059 Si
2135 5005 2273 5058 enim
2314 4999 2520 5057 Patrem
2553 4994 3042 5071 cognoscitFilius,
3079 5003 3188 5048 etc.
3249 4992 3388 5071 San—_

1813 5061 1934 5129 rtus
1958 5061 2319 5145 Hieronymus
2348 5061 2708 5145 epist._94'ad
2735 5069 2954 5145 Avitum
3012 5067 3126 5145 haec
3169 5078 3304 5145 qua;
3323 5061 3388 5145 ad

1816 5147 1957 5199 hunc
1977 5130 2464 5212 locuuttpertiuere
2491 5143 2762 5203 videntur,
2787 5136 2945 5212 affert
2975 5151 3004 5188 e
3155 5130 3219 5212 ,ιν
3248 5130 3387 5198 Περὶ

1812 5214 2032 5283 ἀρχῶν,
2065 5215 2158 5268 sed
2188 5203 2414 5266 ltuiinus
2441 5212 2698 5283 quoniam
2737 5205 3018 5262 catholicae
3041 5203 3169 5283 lidei
3204 5217 3268 5283 ea
3303 5217 3389 5283 re-

1815 5270 2055 5354 pugnare
2113 5283 2376 5352 putabat,
2423 5270 2780 5354 inversione
2816 5293 2910 5332 sua
2946 5275 3150 5354 (inrisit.
3217 5270 3386 5324 Verba

1815 5342 2004 5410 Crazca
2031 5342 2150 5423 qua:
2178 5342 2466 5423 postrema:
2499 5350 2653 5417 hujus
2689 5346 2970 5423 fragtiiettti
3000 5342 3140 5423 parti
3170 5356 3392 5423 respuit:

1816 5427 1983 5491 deut,
2013 5410 2233 5479 eiliibet
2285 5410 2627 5477 Jttstinianus
2679 5421 2750 5491 ad
2772 5410 3274 5491 calcetn'epistqla:
3321 5410 3388 5491 ad

1815 5478 2074 5549 Menam.
2117 5494 2244 5548 Vide
2275 5493 2368 5548 lib.
2403 5506 2444 5545 it
2479 5489 2949 5560 Origem'anorum,
3019 5478 3303 5554 quaestiun.
3333 5478 3387 5532 2.

1892 5584 1948 5655 (ϐ
1961 5584 2006 5654 1)
2047 5584 2212 5638 Caute
2253 5583 2387 5652 lege.

1895 5674 2030 5747 (64')
2061 5673 2263 5747 Sensus
2312 5673 2484 5747 Graeci
2535 5667 2828 5747 Justinian.
2875 5674 2998 5718 est:
3041 5663 3251 5747 omnino
3307 5673 3393 5736 veo.

1828 5730 1943 5798 runt
1972 5730 2084 5798 esse
2122 5745 2408 5795 dcc/ambit
2441 5743 2578 5811 quod
2601 5741 2832 5811 “dictum
2886 5744 3003 5786 est:
3041 5748 3058 5782 ι
3103 5730 3260 5784 Pater
3303 5730 3391 5796 qui

1827 5815 1964 5870 misit
1991 5831 2072 5870 me
2101 5811 2274 5882 major
2305 5829 2384 5867 me
2409 5807 2506 5866 est.
2541 5829 2558 5863 ι
2599 5809 2754 5862 Ευιτ.
2789 5807 3024 5860 Parnm.
3073 5858 3077 5861 .
