3954 6414
139 442 223 498 lli
1409 432 1745 487 LIBELLUS
1784 432 1870 486 DE
1907 431 2274 488 ORATIONE.

3313 438 3416 493 418

202 557 330 610 Ἀλλ’
358 555 539 622 εἰκὸς,
583 556 909 629 Ἀμϐρόσιε
931 555 1306 609 θεοσεϐέστατε
1330 557 1424 608 καὶ
1445 550 1715 623 φιλοπονώ

1905 552 1961 608 2.
2010 551 2277 607 D‘ul‘iitatis
2332 553 2596 620 fortasse,
2643 555 2892 612 Ambrosi
2955 557 3195 629 piissime
3250 568 3304 613 et
3338 560 3417 613 la-

132 667 256 713 τετε,
285 649 380 702 καὶ
413 649 684 721 Τατιανὴ
714 649 1068 720 κοσμιωτάτῃ
1088 648 1178 700 καὶ
1201 647 1566 718 ἀνδρειωτάτη
1591 645 1722 714 (82),

132 745 208 813 ἀφ’
236 739 300 814 ἧς
337 742 755 798 ἐκλελοιπέναι
799 743 870 797 τὰ
902 743 1178 811 γυναικεῖα
1197 781 1211 804 ,
1245 739 1303 792 ὃν
1335 739 1535 810 τρόπον
1578 738 1728 791 ἐκλε-

132 836 281 889 λοίπει
312 837 378 905 τῇ
416 835 651 906 Σάῥρᾳ,
693 834 805 906 ἢδη
842 832 1084 904 εὔχομαι,
1117 833 1259 902 ὑμᾶς
1289 832 1516 904 ἀπορεῖν
1551 833 1603 885 τί
1635 833 1726 904 δή-

132 941 240 978 ¹ωτε
269 924 398 995 περὶ
434 924 621 993 εὐχῆς
653 923 1024 996 προκειμένου
1054 925 1185 992 ἡμῖν
1214 921 1308 975 τοῦ
1343 921 1522 991 λόγου,
1555 923 1726 975 ταῦτα

133 1016 178 1069 ὲν
201 1014 514 1087 προοιμίαις
541 1014 666 1084 (85)
702 1016 841 1085 περὶ
865 1014 970 1067 τῶν
1004 1014 1272 1067 ἀδυνάτων
1302 1013 1608 1085 ἀνθρώποις
1635 1014 1726 1067 δυ-

132 1106 282 1161 νατῶν
304 1106 493 1174 χάριτι
511 1105 664 1158 Θεοῦ
698 1106 1003 1176 γινομένων
1019 1107 1249 1177 εἴρηται.
1275 1106 1369 1159 Ἔν
1399 1107 1504 1161 τῶν
1534 1107 1728 1162 eam-

131 1216 238 1264 των,
265 1200 385 1252 ὅσον
411 1199 512 1251 ἐπὶ
535 1202 608 1269 τῇ
636 1199 906 1270 ἀσθενείᾳ
927 1202 958 1270 ἡ
969 1200 1102 1270 μῶν,
1128 1201 1382 1271 πείθομαι
1417 1203 1722 1272 τυγχάνειν,

128 1288 376 1358 τρανῶσαι
401 1288 498 1340 τὸν
523 1290 673 1358 περὶ
698 1287 806 1358 τῆς
831 1289 992 1358 εὐχῆς
1021 1289 1262 1360 ἀκριϐῶς
1287 1290 1381 1343 καὶ
1405 1289 1725 1362 θεοπρεπῶς

129 1382 278 1433 πάντα
304 1380 493 1447 λόγον,
528 1381 635 1432 καὶ
669 1381 766 1433 τὸν
805 1381 930 1451 περὶ
962 1381 1055 1433 τοῦ
1089 1381 1209 1435 τίνα
1237 1382 1436 1453 τρόπον
1470 1382 1724 1453 εὔχεσθαι
1754 1448 1760 1452 _

127 1474 206 1538 δεῖ,
246 1478 336 1526 καὶ
368 1474 498 1526 τίνα
551 1474 657 1524 ἐπὶ
705 1476 808 1544 τῆς
847 1474 1008 1543 εὐχῆς
1037 1473 1217 1542 λέγειν
1253 1475 1388 1546 πρὸς
1428 1475 1581 1539 Θεὸν,
1632 1480 1728 1530 καὶ

128 1568 245 1618 ποῖοι
274 1565 460 1634 καιροὶ
493 1563 686 1617 ποίων
717 1563 927 1635 καιρῶν
956 1565 1092 1636 πρὸς
1119 1566 1215 1636 τὴν
1243 1566 1409 1638 εὐχὴν
1442 1569 1578 1621 εἰσιν
1607 1569 1726 1621 ἐπι-

124 1659 296 1729 τήδειοι
316 1658 450 1729 (84).
497 1700 511 1713 .
564 1701 580 1713 .
631 1700 647 1714 .
692 1660 790 1712 τὸν
815 1657 900 1712 διὰ
921 1659 1018 1730 τὴν
1045 1660 1352 1733 ὑπερϐολὴν
1377 1662 1485 1716 τῶν
1510 1663 1723 1717 ἀποκα-

125 1750 309 1818 λύψεων
346 1749 808 1820 εὐλαϐούμενον,
859 1752 930 1822 μή
977 1768 1062 1814 τις
1113 1753 1192 1814 είς
1237 1751 1399 1804 αὐτὸν
1442 1751 1722 1824 λογίσηται

124 1844 247 1916 ὑπὲρ
277 1845 304 1896 δ
335 1843 531 1914 βλέπει
557 1843 594 1913 ἦ
632 1843 836 1896 ἀκούει
867 1842 925 1907 ἐξ
959 1841 1144 1907 αὐτοῦ,
1175 1844 1456 1914 ὁμολογεῖν
1486 1846 1620 1899 καθὸ
1646 1847 1726 1900 δεῖ

1837 644 2244 708 boriosissime,
2297 655 2462 713 tuque
2494 647 2845 702 ornatissima
2886 657 2941 704 et
2978 648 3275 704 fortissima
3306 649 3415 704 Ta-

1838 735 2003 799 tiana,
2033 735 2145 798 cui,
2179 743 2238 788 ut
2271 734 2400 789 olim
2430 733 2584 791 Sara:
2613 737 2682 802 ³³,
2709 737 2939 795 desiisse
2967 739 3084 794 lleri
3115 741 3410 796 muliebria

1827 828 1942 898 jam
1977 827 2208 896 gaudeo,
2243 842 2342 881 cur
2393 829 2631 894 tandem,
2689 845 2812 886 cum
2862 832 3017 888 nobis
3075 835 3415 903 propositum

1833 915 1904 969 sit
1927 915 1994 970 de
2023 915 2271 969 oratione
2307 915 2507 979 dicere,
2544 917 2660 973 haec
2688 920 2943 989 praelatus
2973 922 3075 976 sim
3105 923 3172 978 de
3199 925 3267 978 iis
3295 941 3416 993 quae

1833 1020 1956 1059 cum
2002 1005 2113 1060 sint
2160 1005 2519 1076 impossibilia
2565 1007 2902 1076 hominibus,
2935 1014 3107 1083 gratia
3138 1013 3230 1068 Dei
3279 1015 3418 1070 fiunt

1832 1101 2134 1168 possibilia.
2187 1100 2316 1156 Mihi
2362 1103 2577 1158 videtur
2604 1121 2766 1159 unum
2792 1121 2912 1161 esse
2950 1125 3016 1162 ex
3047 1108 3133 1164 his
3160 1110 3413 1178 impossi-

1832 1191 2051 1257 bilibus,
2083 1199 2344 1260 quantum
2381 1195 2446 1247 ad
2495 1205 2737 1249 nostram
2771 1199 2968 1252 attinet
3002 1199 3412 1263 inﬁrmitatem,

1831 1297 2046 1336 omnem
2064 1283 2130 1337 de
2155 1283 2403 1338 oratione
2425 1299 2732 1338 sermonem
2754 1297 3009 1342 accurate
3038 1299 3093 1343 et
3114 1290 3274 1358 digne
3299 1291 3409 1344 Deo

1835 1383 2087 1439 tractare,
2130 1389 2194 1430 ac
2229 1376 2577 1444 perspicuum
2614 1375 2796 1431 facere
2851 1386 2905 1432 et
2945 1379 3146 1434 docere
3188 1382 3315 1450 quid
3355 1390 3410 1434 et

1831 1468 2102 1534 quomodo
2131 1467 2394 1521 orandum
2422 1468 2512 1531 sit,
2546 1483 2670 1536 qua:
2701 1469 2807 1522 sint
2829 1470 2880 1522 in
2909 1471 3158 1524 oratione
3182 1471 3407 1526 dicenda

1835 1559 1962 1622 Deo,
2010 1573 2130 1627 qum
2176 1559 2287 1613 sint
2322 1561 2659 1628 temporibus
2683 1569 2918 1630 tempora
2942 1561 3173 1617 orationi
3216 1579 3408 1633 oppor-

1835 1650 2149 1706 tuniora....
2181 1665 2302 1706 eum
2336 1651 2428 1720 qui
2458 1661 2682 1721 propter
2719 1654 3143 1722 magnitudinem
3200 1657 3407 1712 revela-

1835 1741 2040 1794 tionum
2086 1742 2381 1796 verebatur
2407 1757 2476 1796 ne
2501 1743 2624 1811 quis
2662 1743 2835 1811 ipsum
2866 1745 3204 1800 existimaret
3242 1762 3407 1817 supra

1835 1833 1885 1886 id
1921 1836 2063 1901 quod
2112 1833 2322 1889 videret
2363 1843 2456 1888 aut
2499 1835 2711 1890 audiret
2738 1851 2803 1890 ex
2836 1837 2952 1904 ipso
2977 1838 3042 1901 ⁹⁰,
3075 1839 3320 1894 conﬁteri
3348 1857 3408 1894 se

125 1914 502 2005 προσεύχεσθαι
529 1933 614 2004 μὴ
645 1933 885 1986 εἰδέναι·
913 1935 972 1985 Ὃ
1000 1933 1110 2003 γὰρ
1133 1932 1228 1986 δεῖ
1247 1935 1715 2003 προσεύξασθαι,

1832 1927 2101 1994 quomodo
2117 1927 2378 1981 orandum
2405 1938 2552 1984 esset
2579 1930 2849 1998 ignorare.
2869 1927 3010 1983 Nam
3033 1931 3157 2001 quid
3175 1947 3404 1997 oremus,

124 2026 269 2095 ςησὶ,
309 2023 458 2078 καθὸ
505 2023 614 2077 δεῖ
649 2025 773 2076 οὐκ
807 2023 1068 2092 οἴδαμεν.
1117 2025 1436 2094 Ἀναγκαῖον
1470 2027 1526 2081 δὲ
1570 2027 1630 2080 οὐ
1667 2029 1715 2081 τὲ

1829 2016 2024 2086 inquit,
2057 2016 2190 2069 sicut
2223 2028 2421 2086 oportet
2451 2019 2712 2073 nescimus
2744 2019 2812 2072 “.
2844 2018 3080 2074 Necesse
3109 2029 3192 2074 est
3215 2031 3396 2074 autem

125 2114 507 2186 προσεύχεσθαι
543 2113 746 2185 μόνον,
781 2113 915 2166 ἀλλὰ
947 2114 1039 2167 καὶ
1066 2114 1128 2167 τὸ
1163 2115 1557 2185 προσεύχεσθαι
1589 2117 1724 2171 καθὸ

122 2206 206 2269 δεῖ,
225 2206 309 2258 καὶ
325 2204 758 2276 προσεύχεσθαι
777 2205 807 2257 ὃ
824 2205 919 2257 δεῖ.
939 2206 1052 2257 Ἵνα
1067 2203 1175 2276 γὰρ
1191 2207 1284 2259 καὶ
1298 2205 1325 2258 ὃ
1338 2207 1417 2258 δεῖ
1435 2207 1544 2276 (85)
1565 2225 1726 2280 προσ-

120 2297 352 2366 εύχεσθαι
394 2295 744 2366 δυνηθῶμεν
785 2294 1132 2358 καταλαϐεῖν,
1160 2295 1374 2359 ἐλλιπές
1403 2299 1517 2350 ἐστι
1543 2297 1718 2360 τοῦτο,

245 2388 316 2459 μὴ
358 2389 456 2441 καὶ
503 2388 573 2441 τὸ
615 2387 775 2443 καθὸ
811 2386 908 2439 δεῖ
945 2386 1357 2458 προσλάϐωμεν.
1403 2388 1467 2441 Τί
1499 2390 1556 2443 δὲ
1591 2393 1720 2461 ἡμῖν

116 2478 284 2560 hilo;
312 2478 404 2531 τοῦ
425 2478 573 2531 καθὸ
591 2478 702 2543 δεῖ,
728 2478 806 2549 μὴ
829 2477 1042 2531 εἰδῶσιν
1059 2477 1308 2547 εὐχεσθαι
1323 2479 1358 2532 ἃ
1377 2478 1456 2532 δεῖ
1477 2479 1584 2550 (86)
1607 2497 1620 2545 ;
1648 2480 1720 2532 Τὸ

118 2572 204 2638 μὲν
223 2567 310 2624 οὖν
336 2570 428 2623 ’ἐτε
439 2587 539 2641 ρον
569 2569 817 2632 τούτων,
851 2569 994 2636 λέγω
1017 2560 1079 2641 δὴ
1105 2571 1166 2623 τὸ
1190 2571 1217 2623 ὃ
1237 2570 1337 2636 δεῖ,
1365 2569 1415 2622 οἱ
1441 2568 1587 2637 λόγοι
1612 2569 1719 2622 sic).

114 2661 199 2730 τῆς
228 2661 385 2730 εὐχῆς
406 2679 418 2689 ·
449 2660 516 2712 τὸ
545 2659 610 2712 δὲ
640 2659 788 2712 καθὸ
812 2660 911 2725 δεῖ,
942 2662 974 2730 ἡ
1005 2662 1334 2724 κατάστασις
1365 2661 1460 2714 τοῦ
1493 2661 1718 2730 εὐχομέ-

112 2767 193 2800 νου
209 2768 221 2779 ·
245 2746 350 2802 οἷον
379 2751 459 2814 ὡς
483 2751 585 2802 ἐπὶ
616 2750 1092 2820 παραδείγματος,
1117 2752 1175 2804 τὸ
1207 2753 1304 2822 μὲν
1331 2751 1360 2804 ὃ
1380 2751 1477 2804 δεῖ’
1494 2752 1717 2807 Αἰτεῖτε

111 2843 171 2894 τὰ
187 2840 411 2910 μεγάλα
429 2839 579 2911 (87),
609 2840 719 2893 καὶ
747 2838 824 2892 τὰ
842 2844 1024 2910 μικρά
1050 2841 1192 2910 ὑμῖν
1217 2843 1712 2912 προστεθήσεταιο

1827 2123 1933 2162 non
1955 2122 2114 2163 orare
2145 2109 2342 2173 solum,
2375 2109 2469 2164 sed
2488 2119 2542 2164 et
2570 2125 2732 2164 orare
2750 2111 2889 2165 sicut
2917 2123 3152 2180 oportet,
3176 2120 3404 2168 elorare

1825 2202 1966 2271 quod
1995 2211 2233 2271 oportet.
2262 2201 2393 2256 Nam
2414 2205 2513 2258 etsi
2542 2204 2669 2272 quid
2696 2212 2943 2269 oporteat
2963 2219 3122 2260 orare
3147 2220 3400 2274 compre-

1826 2294 2062 2349 hendere
2095 2297 2457 2364 potuerimus,
2498 2311 2751 2350 mancmn
2804 2297 2854 2350 id
2923 2297 3048 2362 erit,
3106 2297 3208 2352 nisi
3247 2299 3396 2367 illud,

1821 2387 1954 2441 sicut
1980 2393 2202 2455 oportet,
2219 2387 2648 2455 adjunxerimus.
2673 2389 2812 2455 Quid
2833 2405 2960 2443 vero
2989 2390 3146 2444 nobis
3163 2392 3402 2459 proderit

1821 2478 1964 2532 sicut
2000 2487 2213 2546 oportet
2244 2493 2426 2545 orare,
2480 2479 2856 2550 ignorantibus
2881 2481 3013 2548 quid
3045 2496 3208 2535 orare
3237 2497 3401 2551 opor-

1821 2570 1971 2625 teat?
2000 2569 2202 2625 Horum
2252 2573 2506 2636 alterum,
2551 2588 2742 2640 nempe
2769 2587 2932 2627 orare
2976 2575 3121 2642 quod
3161 2585 3395 2644 oportet,

1818 2661 1935 2732 ipse
1977 2670 2062 2717 est
2101 2663 2366 2717 orationis
2418 2679 2634 2728 sermo;
2688 2664 2956 2727 alterum,
3021 2680 3180 2720 orare
3256 2668 3402 2721 .aicul

1815 2763 2060 2824 oportet,
2088 2763 2264 2808 status
2308 2753 2480 2823 ipsius
2526 2755 2736 2808 orantis
2770 2765 2873 2808 est.
2917 2755 3161 2826 Exempli
3201 2761 3396 2826 gratia,

1816 2848 1933 2902 haec
1959 2855 2088 2901 sunt
2114 2861 2233 2916 qua:
2266 2861 2431 2899 orare
2461 2854 2703 2916 oportet:
2741 2845 2912 2900 Petite
2935 2863 3128 2917 magna
3158 2859 3206 2901 et
3235 2864 3398 2916 parra

110 2936 211 2997 καὶ,
246 2933 468 2986 Αἰτεῖτε
513 2932 593 2984 τὰ
651 2930 1011 2998 exc-tyana,
1059 2933 1156 2986 καὶ
1200 2933 1273 2986 τὰ
1313 2932 1543 3002 ἐπίγεια
1572 2933 1713 3002 ὑμῖν

1823 2937 2134 3008 adjiciantur
2149 2939 2320 3002 vobis;
2343 2947 2396 2991 ει
2411 2958 2423 2992 :
2445 2937 2615 2991 Petite
2632 2937 2792 3008 198
2804 2939 3050 3004 cmlestia,
3064 2949 3110 2993 et
3129 2943 3398 2994 terrestria

109 3024 598 3091 προστεθήσεται·
659 3022 784 3085 καὶ,
811 3022 1228 3090 Προσεύχεσθε
1252 3021 1404 3089 ὑπὲρ
1429 3022 1547 3075 τῶν
1567 3024 1711 3090 ἐπη-

1823 3034 1953 3086 vobis
2005 3033 2326 3102 adjiciantur
2354 3033 2398 3063 ⁸³
2427 3049 2440 3097 ;
2473 3041 2526 3085 ει
2567 3051 2580 3085 :
2626 3029 2786 3085 Orate
2811 3049 2904 3101 pro
2945 3033 3394 3087 calumniantibus

99 3116 411 3182 ρεαζόντων
457 3113 675 3185 ὑμᾶς’
726 3113 847 3176 καὶ,
885 3112 1136 3181 Δεήθητε
1182 3109 1296 3168 οὖν
1338 3115 1444 3168 τοῦ
1487 3117 1707 3183 Κυρίου

1823 3140 1900 3178 ros
1926 3124 2008 3190 ⁹²;
2034 3132 2126 3180 et:
2163 3123 2362 3193 Rogate
2390 3122 2679 3178 Dominum
2710 3124 2892 3178 messis
2929 3134 2984 3178 ut
3010 3126 3181 3178 mittat
3209 3140 3396 3193 opera-

108 3207 201 3259 τοῦ
227 3206 537 3276 θερισμοῦ,
574 3207 692 3260 ἵνα
728 3201 964 3271 ἐμϐάλῃ
995 3204 1245 3273 ἐργάτας
1285 3207 1372 3270 εὶς
1413 3204 1522 3258 τὸν
1557 3210 1707 3274 θερι-

1823 3216 1918 3270 rios
1943 3217 1999 3270 in
2027 3231 2239 3269 messem
2268 3231 2419 3268 suam
2449 3214 2496 3247 "
2522 3232 2536 3280 ;
2573 3225 2660 3270 et:
2697 3213 2856 3270 Orate
2887 3231 2950 3269 ne
2977 3217 3182 3270 intretis
3203 3215 3256 3268 in
3281 3222 3395 3268 ten-

107 3299 247 3367 εμὲ-ν
275 3299 461 3353 αὑτοῦ
483 3317 498 3330 ο
543 3298 675 3361 καὶ,
719 3298 1147 3365 Προσεύχεσθε
1177 3298 1263 3367 μὴ
1290 3297 1584 3351 εἰσελθεῖν
1619 3302 1706 3365 εἰς

1823 3307 2064 3358 rationem
2098 3305 2176 3370 9“;
2232 3313 2326 3358 et:
2369 3303 2530 3358 Orate
2587 3315 2643 3358 ut
2673 3322 2773 3358 non
2815 3305 2909 3372 ﬁat
2952 3305 3081 3374 fuga
3122 3315 3294 3358 vestra
3340 3305 3395 3358 in

106 3395 418 3461 πειρασμόν
443 3412 456 3423 ·
513 3392 644 3454 καὶ,
703 3391 1131 3458 Προσεύχεσθε
1184 3391 1283 3442 ἵνα
1325 3389 1412 3459 μὴ
1467 3390 1708 3460 γένηται

1823 3393 1978 3450 'tiente
2006 3395 2088 3448 vel
2117 3394 2348 3449 Sabbato
2370 3397 2416 3427 ⁸⁸
2439 3413 2453 3460 ;
2485 3405 2540 3450 ει
2567 3412 2579 3447 ;
2615 3394 2836 3450 Orontes
2861 3408 3035 3450 autem
3064 3397 3223 3450 nolite
3248 3397 3390 3449 ntul-

106 3485 254 3553 ὑμῶν
286 3489 320 3555 ἡ
338 3486 506 3555 φυγὴ
540 3482 836 3555 χειμῶνι,
868 3482 1023 3550 μηδὲ
1044 3483 1339 3547 Σαϐϐάτῳ·
1380 3485 1494 3549 καὶ,
1516 3487 1709 3552 Προσ-

1823 3499 1922 3544 tum
1982 3490 2122 3560 loqui
2151 3491 2218 3556 '7,
2252 3502 2306 3544 et
2359 3491 2403 3545 si
2453 3491 2581 3559 quid
2633 3491 2718 3544 his
2755 3489 2919 3545 aliine
2965 3498 3067 3544 est.
3109 3489 3392 3555 Quomodo

102 3581 389 3648 ωχόμενοι
423 3581 520 3643 δὲ,
545 3579 646 3649 μὴ
680 3576 1219 3646 βαττολογήσητεο
1267 3578 1361 3630 καὶ
1395 3578 1448 3630 εἴ
1478 3595 1531 3630 τι
1578 3576 1704 3630 τού-

1823 3594 1993 3640 autem
2031 3586 2296 3640 orandum
2331 3583 2436 3637 sit:
2475 3582 2600 3637 Volo
2631 3595 2805 3637 autem
2839 3585 2978 3637 viros
3003 3584 3226 3636 orarein
3249 3581 3392 3636 omni

104 3687 203 3735 τοις
233 3674 336 3726 ἐστὶ
383 3672 827 3745 παραπλήσιον.
870 3669 942 3720 Τὸ
984 3669 1038 3722 δὲ
1079 3668 1214 3722 καθὸ
1259 3669 1356 3722 δεῖ⁸
1405 3671 1707 3739 Βούλομαι

101 3759 207 3817 οὖν
248 3767 719 3835 προσεύχεσθαι
765 3763 909 3828 τοὺς
951 3763 1171 3830 ἄνδρας
1215 3763 1285 3816 ἐν
1329 3763 1505 3816 παντὶ
1548 3765 1706 3829 τόπῳ

99 3856 428 3927 ἐπαίροντας
471 3860 679 3924 ὁσίας
710 3855 924 3926 χεῖρας
957 3857 1134 3924 χωρὶς
1159 3856 1340 3926 ὀργῆς
1374 3856 1472 3909 καὶ
1513 3856 1709 3910 διαλο-

98 3953 317 4019 γισμοῦ.
346 3954 681 4017 Ὡσαύτως
703 3949 810 4002 καὶ
834 3948 1120 4018 γυναῖκας
1141 3950 1211 4002 ἐν
1241 3949 1585 4017 καταστολῇ
1609 3967 1706 4002 κο-

98 4043 276 4109 σμίως
300 4046 427 4115 (88),
456 4043 627 4114 μετὰ
657 4040 879 4106 αἰδοῦς
904 4041 1002 4094 καί
1027 4043 1426 4110 σωφροσύνης
1457 4043 1706 4112 κοσμεῖν⁴

96 4133 319 4202 ἑαυτὰς,
336 4138 419 4206 μὴ
457 4138 536 4191 ἐν
575 4133 964 4204 πλέγμασιν,
1000 4133 1037 4201 ἣ
1077 4132 1306 4202 χρυσῷ,
1345 4135 1382 4201 ἣ
1423 4135 1705 4205 μαργαρί-

95 4241 239 4292 ταις,
276 4228 308 4295 ἣ
339 4227 654 4298 ἱματισμῷ
698 4223 1061 4279 πολυτελεῐυ
1094 4224 1252 4289 ἀλλ’,
1297 4224 1328 4276 ὃ
1364 4224 1571 4292 πρέπει
1601 4243 1703 4294 γυ·-

94 4321 290 4382 γαιξὶν
332 4315 913 4392 ἐπαγγελλομέναις
965 4317 1324 4382 θεοσέϐειαν,
1386 4318 1460 4372 δι’
1513 4319 1705 4388 ἔργων

95 4412 342 4482 ἀγαθῶν.
377 4415 488 4467 Τοῦ
530 4415 594 4468 δὲ
644 4411 793 4465 καθὸ
825 4410 908 4462 δεῖ
938 4410 1311 4464 διδασκαλικόν
1344 4411 1460 4462 ἐστι
1495 4411 1587 4464 καὶ
1617 4411 1697 4463 τόο

105 4505 244 4559 Ἐὰν
268 4501 378 4560 οὖν
403 4501 785 4574 προσφέρῃς
809 4499 878 4553 τὸ
910 4499 1105 4566 δῶρόν
1124 4516 1240 4554 σου
1261 4500 1358 4553 ἐπὶ
1387 4500 1451 4552 τὸ
1493 4504 1701 4554 θυσια-

1809 3678 1923 3731 ίοοο
1964 3676 2192 3731 levantes
2233 3692 2392 3744 puras
2428 3691 2616 3728 manus
2653 3676 2765 3729 sine
2803 3676 2884 3728 ira
2908 3685 2953 3728 et
2993 3675 3390 3744 disceptatione.

1809 3768 2074 3825 Similiter
2095 3778 2142 3822 et
2173 3769 2416 3822 mulieres
2441 3768 2493 3820 in
2517 3767 2700 3820 habitu
2729 3775 2914 3820 ornato
2938 3781 3055 3819 cum
3073 3765 3389 3819 verecundia

1807 3871 1854 3914 et
1886 3861 2169 3914 sobrietate
2197 3871 2444 3914 ornantes
2471 3877 2547 3922 se,
2593 3871 2639 3913 et
2680 3877 2782 3913 non
2822 3861 2878 3913 in
2931 3860 3084 3912 tortis
3130 3858 3386 3921 crinibus.

1805 3959 1899 4004 aut
1949 3967 2105 4009 auro.
2161 3961 2249 4004 aut
2282 3952 2609 4019 margaritis,
2673 3961 2766 4003 aut
2810 3961 2946 4004 veste
2980 3950 3234 4015 pretiosa;
3291 3949 3385 4002 sed

1803 4043 1943 4114 quod
1970 4045 2111 4097 decet
2150 4044 2390 4097 mulieres
2416 4045 2774 4112 promittentes
2808 4043 3054 4111 pietatem
3099 4058 3189 4110 per
3218 4057 3380 4110 opera

1806 4136 1940 4188 bona
1975 4135 2042 4190 ".
2077 4135 2292 4190 Modum
2326 4135 2490 4191 etiam
2539 4137 2729 4190 orandi
2771 4150 2871 4190 nos
2911 4134 3039 4189 illud
3070 4135 3229 4189 docet
3265 4152 3280 4188 :
3322 4133 3385 4188 Si

1804 4241 1924 4294 ergo
1957 4226 2117 4295 oﬂ'ers
2145 4241 2338 4279 munus
2374 4235 2523 4278 tuum
2561 4225 2629 4277 ad
2657 4225 2844 4288 altare,
2868 4235 2917 4279 et
2952 4225 3022 4276 ibi
3079 4224 3383 4278 recordatus

1804 4318 1969 4386 fueris
1997 4319 2123 4386 quia
2166 4318 2336 4384 frater
2376 4328 2498 4370 tuus
2550 4317 2705 4370 habet
2730 4316 2933 4387 aliquid
2979 4317 3256 4369 adversum
3291 4324 3375 4367 te:

1803 4411 2032 4480 relinque
2062 4410 2136 4462 ibi
2172 4426 2363 4462 manus
2413 4421 2558 4462 tuum
2600 4418 2721 4461 ante
2757 4409 2946 4472 altare,
2974 4416 3020 4460 et
3070 4407 3198 4461 vade
3233 4406 3381 4474 prius

1803 4502 2136 4555 reconciliari
2165 4501 2320 4569 fratri
2345 4509 2456 4565 tuo,
2483 4509 2530 4552 et
2565 4508 2686 4552 tunc
2712 4498 2919 4551 veniens
2970 4497 3157 4564 offeres
3187 4512 3380 4549 manus

93 4597 354 4666 στήριον,
414 4597 603 4652 κάκεῖ
647 4593 957 4664 μνησθεὶς
992 4591 1098 4663 (89)
1126 4591 1212 4644 ὅτι
1241 4596 1273 4646 ό
1301 4592 1562 4660 ἀδελφός
1589 4610 1704 4646 σου

1823 4604 1954 4646 tuum
1978 4591 2042 4646 θ’.
2081 4591 2217 4646 Nam
2253 4591 2396 4660 quod
2449 4590 2622 4657 majus
2651 4591 2760 4644 Deo
2809 4590 3006 4643 donum
3035 4604 3061 4640 a
3125 4586 3376 4639 rationali

90 4695 204 4761 ἔχει
224 4712 283 4747 τι
304 4694 457 4748 κατὰ
478 4691 632 4754 σοῦ,
658 4689 818 4757 ἄφες
848 4686 976 4739 ἐκεῖ
991 4687 1057 4740 τὸ
1078 4686 1269 4755 δῶρόν
1289 4704 1402 4741 σου
1429 4689 1663 4757 ἕμπροσ
1685 4723 1692 4730 -

93 4791 188 4839 θεν
218 4787 329 4841 τοῦ
361 4780 852 4848 θυσιαστηρίου,
898 4778 994 4830 καὶ
1022 4779 1232 4849 ὕπαγε,
1260 4780 1495 4847 πρῶτον
1524 4780 1692 4836 διαλη

88 4879 300 4948 λόγηθι
327 4877 407 4943 τῷ
428 4873 689 4943 ἀδελφῷ
720 4887 865 4934 σου,
902 4869 1000 4922 καὶ
1032 4871 1159 4923 τότε
1184 4870 1378 4924 ἐλθὼν
1398 4874 1695 4942 πρόσφερε

87 4967 148 5020 τὸ
171 4968 371 5036 δῶρόν
390 4983 534 5024 σου,
564 4965 738 5016 Ποῖον
766 4961 876 5030 γὰρ
891 4959 1008 5030 Θεῷ
1031 4959 1200 5031 δῶρον
1229 4962 1334 5014 ἀπὸ
1362 4963 1450 5016 τοῦ
1481 4965 1694 5032 λογικοῦ

788 5117 838 5151 9°
863 5117 901 5170 ll
943 5117 1065 5172 Cor.
1101 5133 1198 5181 xu,
1227 5119 1278 5172 6.

1013 5188 1057 5218 ⁸⁸
1084 5189 1272 5244 Matth.
1300 5207 1452 5256 XXIV,
1483 5194 1572 5246 90.

150 5127 194 5159 "
221 5129 372 5182 Gen.
407 5139 574 5184 xvm.
615 5121 712 5176 Η.

87 5212 159 5262 ix,
189 5198 284 5251 58.
383 5197 430 5228 ’⁵
470 5193 617 5247 Luc.
657 5205 778 5244 χχιι
828 5187 919 5242 40.

84 5408 220 5465 tiaita
257 5408 393 5462 \‘itlc
421 5408 730 5459 Mellitum.

149 5483 258 5550 (8'5)
301 5477 694 5550 Προοιμίαις.
729 5471 892 5550 L_ege,
927 5473 1248 5550 προοιμίοις.

146 5339 307 5412 (82)
334 5333 799 5412 Ἀκδρειωτιίτη.
851 5329 1007 5402 Lege,
1053 5331 1424 5404 ἀνδρειοτάτη.
1472 5336 1543 5389 De
1586 5334 1690 5389 Ta-
1741 5369 1756 5382 ,

1803 4695 1996 4738 natura
2056 4683 2196 4736 mitti
2251 4691 2423 4752 potest
2457 4695 2618 4749 quam
2674 4678 2994 4734 suaveolens
3030 4692 3210 4732 sermo
3249 4691 3376 4730 ora-

1806 4779 1967 4832 tionis
2013 4778 2080 4832 ab
2113 4792 2172 4831 ea
2205 4785 2385 4829 mente
2435 4773 2627 4827 oblatae
2659 4786 2778 4839 quae
2815 4770 3011 4824 nullius
3049 4768 3373 4824 sibi~ma|co-

1805 4870 1963 4924 lentis
1994 4868 2204 4938 peccati
2244 4865 2461 4921 conscia
2489 4863 2720 4920 sit?Est
2746 4872 2799 4916 et
2824 4862 2951 4916 illud
2985 4861 3049 4915 de
3083 4860 3242 4913 modo
3266 4874 3375 4928 quo

1803 4972 2015 5036 oportet
2042 4979 2235 5020 orare:
2267 4961 2447 5017 Nolite
2468 4961 2725 5032 fraudare
2753 4958 2991 5023 invicem,
3021 4959 3122 5012 nisi
3142 4957 3276 5026 forte
3308 4972 3375 5014 es

1380 5122 1423 5152 ⁹¹
1447 5121 1607 5176 Rom.
1646 5141 1714 5178 t-‘tt

1380 5207 1452 5250 IV.
1483 5194 1572 5246 90.
1708 5198 1715 5228 ε

1823 5125 1880 5180 L6.
1958 5125 2004 5156 9'
2037 5121 2233 5176 Matth.
2265 5135 2344 5182 vr,
2374 5119 2463 5172 5'5.
2541 5118 2584 5152 ⁸³
2613 5116 2806 5171 Matth.
2845 5130 2898 5175 ν,
2931 5114 3020 5166 44.
3103 5111 3148 5145 ⁸³
3173 5111 3362 5166 Matth.

1823 5195 1972 5250 latth.
2010 5210 2083 5250 vr.
2114 5194 2167 5247 7.
2256 5190 2301 5222 ⁸⁸
2329 5190 2347 5242 l
2383 5189 2523 5244 Tim.
2555 5203 2611 5249 ll,
2646 5188 2697 5250 8,
2726 5188 2782 5250 9,
2812 5185 2950 5240 10.”
2975 5184 3165 5238 Matth.
3196 5199 3247 5248 ν,
3276 5182 3362 5234 25.

2256 5190 2347 5242 ⁸⁸1
2383 5189 2523 5244 Tim.
2555 5203 2611 5249 ll,
2646 5188 2697 5251 8,
2726 5188 2782 5255 9,
2812 5185 2950 5240 10.”
2975 5184 3165 5238 Matth.
3196 5199 3247 5248 ν,
3276 5182 3362 5234 25.

1859 5334 1970 5402 (86)
2007 5331 2263 5402 Εὶδῶσιν
2287 5331 2570 5400 εὔχεσθαι
2598 5328 2635 5381 (ἲ
2662 5327 2769 5383 δεῖ.
2800 5326 2942 5382 Idem
2975 5323 3138 5393 legit,
3172 5319 3368 5374 εἰδόσιν

1793 5401 2046 5470 εὔχεσθαι
2075 5403 2102 5454 ὃ
2131 5401 2242 5464 δεῖς
2304 5468 2310 5470 Α
2494 5466 2502 5470 _
2787 5465 2845 5470 ___
2871 5466 2883 5470 _
2995 5462 3008 5470 _
3220 5460 3232 5470 Δ
3269 5461 3298 5470 __

1881 5463 1971 5544 87)
2000 5460 2326 5544 Αἰτεῖτετὰ
2351 5466 2588 5544 μεγαλα
2608 5508 2622 5533 ,
2653 5476 2757 5522 etc.
2787 5465 2919 5521 Vide
2943 5462 3134 5517 adnot.
3166 5460 3234 5514 ad
3267 5461 3364 5513 lib.

145 5539 196 5621 (8
210 5539 258 5618 ι)
301 5539 740 5621 γ’ἐπιτῆδειοιτ.
761 5541 900 5608 Lege
927 5539 1045 5621 cum
1079 5539 1340 5621 Bentleio,
1387 5543 1692 5621 ἐπιτηδὲιό-

1824 5539 2084 5621 ιιξξρξηιςιι
2116 5541 2276 5621 Cels,
2311 5539 2578 5621 Iuturna“:

83 5611 250 5694 τεροιί
295 5620 429 5672 Mox
484 5611 541 5669 in
605 5611 821 5694 codice
866 5625 962 5691 ms.
1009 5611 1197 5694 lacn-na
1247 5611 1543 5694 estnunius'
1576 5613 1692 5694 fere

1858 5613 1972 5684 (88)
2013 5611 2306 5684 Κοσμίως.
2337 5609 2433 5684 Sic
2468 5608 2638 5684 habet
2669 5607 2844 5684 cades
2878 5615 3149 5684 ms._,_t_ton
3182 5607 3361 5684 autem

84 5670 308 5754 ὲὲῗζὲίςζ
333 5670 510 5757 quam
547 5685 750 5764 editor
782 5679 1098 5736 Oxonieusis
1125 5682 1212 5736 his
1235 5682 1416 5737 verbis
1455 5683 1691 5751 supplet,
1789 5670 2034 5764 κράμιῲ,
2079 5670 2530 5748 quemadmodum
2581 5678 2778 5746 legitur
2832 5676 2882 5729 in
2935 5672 3174 5728 editione
3212 5670 3364 5720 tlxoo

83 5754 430 5832 οὲιαμενητὸν
464 5754 725 5832 Παῦλονε
767 5818 789 5832 -
835 5818 861 5832 Α
891 5818 917 5830 _

146 5818 256 5901 (iis;
302 5831 439 5883 "Ira
464 5828 584 5896 γὰρ
616 5821 728 5901 aea}
755 5818 930 5901 §_6£'i.
955 5818 1195 5878 Bentleio
1224 5821 1570 5878 scribendum
1608 5821 1685 5876 vi-

85 5890 251 5970 dciur;
290 5901 398 5953 ἐὰν
421 5890 668 5968 γὰρ’καὶ
693 5893 724 5944 ὃ
750 5890 843 5943 δεῖ.

1789 5754 1986 5806 niettsi.

1861 5821 1972 5886 (89)
2012 5817 2334 5886 Μνησθείς.
2365 5817 2436 5868 lta
2471 5820 2645 5870 cmlex
2679 5833 2805 5882 ωε..
2837 5815 2888 5869 in
2921 5825 3028 5882 quo
3059 5809 3195 5865 male
3231 5808 3360 5878 legit

1791 5891 1965 5945 editor
1995 5888 2338 5954 Osoniensis,
2376 5887 2654 5959 μνησθῇς.¹
