3954 6414
561 397 666 460 MD
2033 390 2122 453 OB

2228 379 2358 450 :t‘us
3691 412 3789 470 tao

562 530 814 570 consensu
851 515 922 568 ad
963 522 1182 582 tempus,
1241 520 1297 565 ut
1337 512 1525 567 vacetis
1563 513 1811 581 orationi,
1853 524 1899 568 et
1928 514 2116 569 iterum

2232 515 2407 586 μεῖζον
2453 511 2868 587 ἀναπέμπεσθαι
2917 516 3142 573 δύναται
3183 517 3414 586 εὐώδους
3446 521 3603 594 λόγου
3638 529 3793 600 εὐχῆς

563 607 887 661 revertimini
909 607 962 658 in
985 605 1236 673 tdipsum,
1271 621 1331 658 ne
1353 613 1510 658 tentet
1540 621 1626 659 vos
1651 605 1882 661 Satanas
1915 616 2124 675 propter

2234 605 2680 677 προσφερομένης
2724 607 2832 660 ἀπὸ
2867 610 3169 674 συνειδότος
3209 612 3282 682 μὴ
3319 613 3530 683 ἔχοντος
3565 617 3795 684 δυσῶδες

561 698 987 751 incontinentiam
1013 705 1233 748 vestram
1262 694 1436 750 ‘.'llis
1468 696 1614 750 enim
1643 697 1832 751 modus
1861 699 2122 752 orationis

2228 694 2332 748 ἀπὸ
2373 695 2470 765 τῆς
2502 695 2806 766 ἀμαρτίας;
2846 698 3000 751 Ἔστι
3057 698 3113 752 δὲ
3137 699 3227 753 τοῦ
3259 701 3368 771 (90)
3401 705 3533 758 καθὸ
3570 707 3668 772 δεῖ,
3717 710 3789 763 τόε

561 788 772 842 debitus
807 786 1116 855 impeditur,
1151 785 1250 840 nisi
1294 786 1459 840 etiam
1518 786 1607 842 ille
1659 797 1819 844 actus
1870 790 2122 857 nuptialis

2232 786 2320 852 Μὴ
2352 789 2732 857 ἀποστερεῖτε
2755 791 3092 859 ἀλλήλους,
3124 793 3234 847 ἐὰν
3258 795 3344 864 μή
3379 813 3432 849 τι
3456 797 3524 851 ἐκ
3555 816 3793 870 συμφω-

559 879 751 935 secreti
771 879 834 932 de
861 893 967 946 quo
1002 879 1236 934 maxime
1264 879 1427 935 silere
1449 880 1623 943 decet,
1649 889 1701 934 et
1748 881 1946 945 rarius,
1972 882 2120 935 seda-

2232 875 2359 941 νίας
2372 875 2519 944 πρὸς
2535 877 2761 945 καιρόν,
2778 879 2878 934 ἵνα
2893 881 3242 952 σχολάσητε
3259 884 3368 956 (91)
3382 885 3456 956 τῇ
3468 891 3793 962 προσευχῇ,

559 971 806 1039 tioreque
829 970 1012 1024 animo
1039 985 1101 1025 ac
1134 970 1313 1024 minus
1341 971 1618 1039 impotenti
1654 970 1782 1023 ﬁat:
1815 971 2006 1025 cumis
2031 972 2120 1039 qui

2236 969 2322 1022 καὶ
2353 968 2540 1023 πάλιν
2571 970 2668 1024 ἐπὶ
2695 970 2761 1024 τὸ
2789 973 2934 1026 αὐτὸ
2976 971 3105 1044 ἦτε,
3133 977 3232 1029 ἵνα
3262 977 3348 1047 μὴ
3381 979 3638 1050 ἐπιχαριῇ
3661 983 3797 1052 ὑμῖν

557 1064 646 1117 hic
679 1063 878 1118 dicitur
911 1077 1207 1118 consensus
1243 1063 1573 1117 discordiam
1621 1062 1786 1115 animi
1835 1062 2118 1116 all‘ectuum

2234 1062 2258 1114 ό
2275 1059 2543 1127 Σατανᾶς
2559 1061 2656 1116 διὰ
2672 1063 2785 1132 τὴν
2804 1065 3106 1133 ἀκρασίαν
3124 1066 3290 1136 ὑμῶν
3303 1086 3316 1099 ·
3349 1070 3435 1123 διὰ
3453 1071 3657 1126 τούτων
3691 1073 3795 1144 (92)

554 1161 840 1213 evanidam
884 1160 1094 1226 reddat,
1126 1168 1410 1213 consumat
1470 1157 1942 1220 incontinentiam,
1995 1170 2115 1226 gau-

2237 1151 2330 1224 γάρ
2363 1155 2710 1224 ὲμποδίζεται
2744 1157 2803 1210 τὸ
2843 1159 2975 1212 καθὸ
3008 1159 3108 1225 δεῖ,
3142 1160 3233 1216 ἐὰν
3267 1163 3341 1235 μὴ
3375 1164 3480 1229 καὶ,
3515 1165 3625 1217 τῶν
3663 1165 3798 1220 κατὰ

555 1249 878 1322 dentemque
907 1251 1062 1306 malis
1104 1253 1306 1306 nostris
1342 1249 1596 1304 Satanam
1628 1250 1932 1315 prohibeat.
1979 1248 2116 1302 Prae-

2235 1241 2318 1293 τὸν
2344 1245 2516 1312 γάμον
2549 1246 2851 1301 σιωπᾶσθαι
2893 1247 3058 1314 ἀξίων
3089 1250 3397 1321 μυστηρίων
3430 1251 3490 1304 τὸ
3516 1250 3677 1321 ἔργον
3704 1265 3790 1302 σε-

555 1354 702 1398 terea
736 1346 1008 1412 quomodo
1051 1347 1126 1399 sit
1163 1343 1449 1407 orandum,
1485 1353 1539 1396 et
1575 1340 1702 1394 illud
1758 1341 1952 1394 docet:
1991 1338 2116 1393 Cum

2231 1335 2486 1406 μνότερον
2518 1338 2611 1388 καὶ
2640 1337 2960 1410 βραδύτερον
2993 1339 3103 1410 (95)
3131 1342 3224 1393 καὶ
3246 1340 3616 1412 ἀπαθέστερον
3639 1341 3792 1414 γίνη-

554 1434 760 1487 stabilis
800 1436 868 1486 ad
896 1434 1175 1501 orandum,
1215 1435 1465 1487 dimittite
1492 1435 1681 1502 siquid
1719 1433 1917 1486 habetis
1941 1433 2115 1485 adver-

2233 1443 2344 1479 tat'
2375 1429 2472 1497 τῆς
2516 1428 2808 1500 λεγομένης
2839 1431 3074 1486 ὲνθαῦθα
3105 1434 3418 1503 συμφωνίας
3443 1435 3504 1487 τὸ
3534 1433 3794 1505 ἀσύμφω-

552 1542 638 1579 sus
668 1527 892 1597 aliquem
928 1527 971 1578 ¹¹.
992 1526 1058 1580 Ει
1081 1526 1220 1595 quod
1244 1526 1401 1579 habet
1422 1525 1651 1578 Paulus:
1681 1523 2113 1595 Onmisvirorant

2233 1534 2315 1570 νον
2345 1518 2436 1571 τοῦ
2470 1517 2674 1582 πάθους
2704 1519 3089 1592 ἀφανιζούσης,
3131 1523 3224 1576 καὶ
3266 1523 3365 1595 τὴν
3397 1525 3670 1594 ἀκρασίαν
3707 1525 3794 1576 ἀν-

552 1626 642 1668 aut
681 1617 993 1684 prOpItetans
1021 1616 1185 1669 velato
1241 1619 1426 1682 capite,
1463 1617 1700 1684 deturpat
1748 1625 1901 1682 caput
1933 1633 2113 1682 suum;

2236 1611 2448 1664 αλισκού
2457 1629 2573 1684 σης,
2587 1613 2677 1666 τοῦ
2689 1630 2747 1666 τε
2759 1613 2969 1667 Σατανᾶ
2987 1615 3047 1667 τὸ
3058 1617 3219 1685 ἐπιχα
3228 1615 3546 1687 ιρησίκακον
3568 1615 3797 1669 κωλυού-

551 1705 720 1756 omnis
749 1713 924 1756 autem
956 1704 1144 1757 mulier
1170 1720 1326 1756 orans
1349 1713 1436 1756 aut
1479 1703 1796 1771 prop/tetans
1826 1718 1930 1755 non
1957 1701 2112 1755 velato

2234 1717 2324 1774 της
2349 1701 2478 1774 (94).
2501 1704 2644 1775 Πρὸς
2662 1703 2869 1767 τούτοις
2892 1702 2982 1756 τοῦ
3005 1703 3140 1756 καθὸ
3163 1705 3244 1756 δεῖ
3262 1707 3374 1758 ἐστι
3399 1705 3795 1772 διδασκαλικὸν,

549 1793 739 1858 capite,
791 1793 1028 1860 deturpat
1085 1803 1238 1861 caput
1293 1793 1530 1856 suum’;
1581 1793 1631 1845 id
1682 1793 1900 1846 modum
1930 1793 2110 1846 orandi

2240 1795 2301 1846 τό·
2338 1796 2478 1849 Ἐὰν
2499 1796 2761 1865 στήκητε
2786 1799 3288 1864 προσευχόμενοι,
3318 1797 3542 1865 ἀφίετε,
3568 1799 3626 1851 εἴ
3651 1816 3704 1852 τι
3725 1798 3801 1852 ἂν

548 1883 771 1949 praebet.
809 1883 937 1948 Quae
963 1899 1085 1937 cum
1105 1885 1282 1937 omnia
1305 1886 1471 1938 sciret
1507 1883 1706 1938 Paulus
1732 1885 1926 1952 bisque
1954 1884 2109 1940 multt

2239 1882 2400 1952 ἔχητε
2421 1883 2569 1938 κατά
2598 1902 2777 1952 τινος.
2808 1886 2917 1938 Καὶ
2949 1885 3009 1938 τὸ
3039 1884 3192 1955 ποιρά
3220 1885 3297 1956 τῷ
3323 1886 3518 1956 Παύλῳ
3546 1887 3604 1940 δέ
3624 1904 3638 1917 ·
3673 1887 3800 1952 Πᾶς

547 1972 702 2041 plura
730 1983 782 2027 et
813 1989 843 2028 a
870 1974 986 2043 lege
1017 1982 1070 2027 et
1095 1989 1123 2027 a
1157 1973 1435 2043 prophetis
1464 1982 1516 2026 et
1541 1976 1608 2028 ab
1655 1974 1965 2043 evangelica
2003 1974 2108 2045 ple«

2240 1976 2378 2043 ὶνὴρ
2428 1977 2752 2046 εὐχόμενος
2804 1977 2843 2044 ἢ
2897 1977 3288 2045 προφητεύων
3337 1976 3487 2030 κατά
3531 1977 3801 2047 κεφαλῆς

551 2063 795 2117 uitudine
849 2064 1172 2133 depromere
1221 2073 1426 2132 posset,
1471 2074 1526 2119 et
1598 2066 1749 2119 varie
1792 2066 2002 2136 singula
2061 2081 2112 2122 at

2243 2067 2397 2137 ἔχων,
2427 2070 2812 2137 καταισχύνει
2837 2068 2952 2136 τὴν
2975 2069 3252 2137 κεφαλὴν
3288 2069 3472 2124 αὐτοῦ
3496 2088 3510 2100 ·
3546 2069 3714 2126 πᾶσα
3733 2071 3804 2124 δὲ

547 2156 767 2225 copiose
793 2170 1105 2225 exponere;
1141 2172 1248 2211 non
1289 2157 1533 2211 modesta
1579 2166 1786 2211 tantum
1830 2168 2005 2212 mente
2031 2173 2108 2213 scc

2243 2159 2398 2229 ρυνὴ,
2438 2157 2889 2228 προσευχομένη
2923 2159 2962 2227 ἢ
3001 2160 3462 2228 προφητεύουσα
3503 2161 3804 2214 ἀκατακα-

545 2248 746 2314 veraci,
773 2249 962 2304 videns
984 2258 1102 2318 post
1139 2249 1252 2303 haec
1287 2248 1449 2318 199
1479 2250 1656 2303 omnia
1688 2260 1947 2320 quantum
1981 2250 2106 2304 absit

2245 2252 2424 2314 ίύπτῳ
2449 2250 2557 2321 (95)
2582 2250 2658 2318 τῇ
2687 2253 2874 2318 nassa.)
2886 2249 2941 2318 ᾗ,
2979 2249 3364 2319 καταισχύνει
3387 2249 3504 2318 τὴν

547 2338 674 2405 quin
715 2337 851 2391 sciat
876 2337 1003 2406 quid
1037 2338 1300 2393 orandum
1326 2341 1401 2394 sit
1424 2340 1564 2394 sicut
1596 2349 1827 2409 oportet,
1851 2341 1952 2395 ait:
1982 2340 2108 2406 Quia

2246 2341 2457 2410 ταυτῆς,
2484 2341 2576 2395 τοῦ
2594 2341 2728 2395 καθὸ
2745 2342 2826 2395 δεῖ
2846 2342 2963 2394 ἐστι
2985 2342 3410 2412 παραστατικόν.
3447 2342 3608 2395 Ἀλλά
3631 2341 3807 2396 ταῦτα.

545 2444 750 2484 oremus
775 2431 910 2484 sicut
945 2439 1146 2498 oportet
1175 2433 1432 2486 nescimus
1466 2431 1509 2487 ⁸.
1539 2431 1596 2486 ld
1620 2442 1800 2486 autem
1829 2434 1954 2488 huic
2001 2449 2106 2488 ser-

2245 2435 2396 2488 πάντα
2415 2433 2776 2504 ἐπιστάμενος
2798 2431 3028 2497 Παῦλος,
3045 2431 3352 2487 καὶτούτων
3368 2432 3806 2488 πολλαπλασίονα

545 2520 690 2574 moui
719 2518 1014 2590 subiungit,
1039 2519 1178 2575 unde
1210 2519 1458 2576 delectus
1484 2521 1574 2575 ille
1604 2521 1844 2589 suppleri
1880 2524 2049 2590 possit
2071 2527 2106 2577 e;

2244 2526 2327 2579 ιπὸ
2347 2525 2508 2596 νόμου
2525 2527 2617 2580 κα)⁴
2635 2526 2923 2598 προφητῶν
2943 2525 3036 2579 τοῦ
3049 2540 3106 2576 τε
3121 2524 3472 2595 εὐαγγελικοῦ
3496 2523 3805 2596 πληρώμα-

543 2611 636 2681 qui
687 2614 858 2668 nescit
925 2613 1164 2682 quidem,
1223 2627 1285 2670 se
1339 2623 1521 2669 tamen
1585 2615 1843 2671 exhibere
1890 2626 2104 2671 conatui

2252 2635 2308 2681 ος
2341 2618 2680 2690 παραθέσθαι
2711 2618 3004 2689 δυνάμενος
3039 2618 3174 2688 μετά
3194 2616 3562 2687 ποικιλότητος
3597 2616 3694 2683 τῆς
3723 2617 3811 2680 εἰς

545 2704 765 2772 dignum
799 2702 952 2772 cujus
983 2703 1227 2760 defectus
1275 2705 1613 2776 suppleatur.
1653 2706 1743 2760 Ait
1777 2707 1918 2762 enim
1947 2725 1962 2763 :
2000 2707 2106 2776 Ipse

2250 2726 2443 2764 καστον
2458 2710 2775 2781 διηγήσεως,
2793 2709 2899 2761 ἀπὸ
2916 2707 3206 2772 διαθέσεως
3224 2708 3284 2762 οὐ
3304 2705 3702 2779 μετριαζούσης
3717 2706 3811 2776 μό-

543 2795 774 2864 Spiritus
811 2796 1036 2866 postulat
1069 2797 1211 2866 apud
1247 2796 1416 2852 Deum
1439 2797 1712 2867 gemitibus
1743 2799 2104 2854 inenarrabili-

2249 2816 2327 2864 ov,
2360 2798 2494 2851 ἀλλὰ
2524 2798 2618 2852 καὶ
2649 2797 3017 2868 ἀληθευούσης
3050 2795 3211 2868 φησιν
3230 2813 3242 2826 ·
3273 2795 3412 2869 ὁρῶν
3444 2794 3501 2846 δὲ
3535 2795 3632 2848 καὶ
3667 2791 3808 2863 μετά

543 2889 660 2944 bus.
714 2887 821 2954 Qui
841 2897 1018 2943 autem
1063 2899 1335 2943 scrutatur
1355 2890 1538 2955 corda,
1560 2891 1656 2944 scit
1682 2891 1811 2960 quid
1859 2891 2104 2945 desideret

2250 2889 2390 2945 αῦτα
2409 2889 2585 2942 πάντα
2616 2888 2737 2944 ὅσον
2771 2887 3126 2942 ἀπολείπεται
3161 2885 3254 2941 τοῦ
3280 2886 3478 2940 εἰδέναι
3511 2883 3810 2959 προσεύξα-

543 2977 801 3046 Spiritus,
834 2981 957 3050 quia
984 2979 1269 3035 secundum
1293 2979 1460 3034 Deum
1488 2981 1716 3049 postulat
1744 2997 1837 3048 pro
1855 2983 2046 3036 sanctis
2070 2983 2104 3038 '.

2243 2981 2341 3035 rGat
2362 2981 2415 3034 τι
2437 2980 2518 3034 δεῖ
2534 2980 2665 3034 καθὸ
2684 2980 2782 3032 δεῖ·
2801 2980 2861 3032 τὸ
2881 2979 2938 3032 δὲ
2963 2979 3050 3032 ὅτι
3074 2978 3519 3047 προσεύξασθαι
3541 2977 3640 3030 δεῖ
3655 2975 3804 3032 καθὸ

545 3075 648 3142 Qui
711 3085 888 3130 autem
937 3077 989 3131 in
1059 3079 1345 3133 beatorum
1399 3079 1651 3132 cordibus
1702 3077 1920 3140 clamat,
1971 3075 2106 3130 Abba

2249 3071 2314 3126 πεῖ
2338 3073 2450 3126 οὐκ
2474 3070 2739 3139 οἴδαμεν.
2774 3070 2884 3122 Καὶ
2909 3068 3066 3121 τοῦτο
3100 3066 3208 3138 (96)
3235 3065 3313 3136 τῷ
3343 3065 3488 3136 λόγῳ
3517 3063 3810 3135 προστίθη-

541 3177 688 3237 pater
711 3168 752 3233 ⁸,
784 3169 1042 3239 Spiritus,
1074 3171 1254 3225 sciens
1287 3171 1530 3240 apprime
1561 3185 1656 3227 eos
1682 3171 1772 3240 qui
1803 3170 2102 3225 ceciderunt

2240 3179 2325 3224 rw,
2351 3161 2472 3216 ὅθεν
2495 3159 2902 3230 ἀναπληροῦται
2927 3159 2988 3211 τὸ
3011 3158 3255 3227 ἐλλεῖπον
3275 3156 3352 3228 τῷ
3382 3156 3456 3227 μὴ
3491 3155 3656 3208 εἰδότι
3682 3154 3801 3224 μὲν,

543 3270 636 3315 aut
663 3263 988 3332 transgressi
1015 3271 1160 3330 snt,
1212 3262 1379 3317 editis
1411 3262 1466 3316 in
1494 3263 1599 3316 hoc
1639 3261 1994 3317 tabernaculo
2025 3276 2104 3331 ge-

2248 3254 2411 3310 αυτὸν
2442 3253 2502 3307 δὲ
2532 3252 2684 3318 ἀξιον
2719 3249 2816 3304 τοῦ
2851 3247 3311 3321 ἀναπληρωθῆναι
3345 3250 3404 3304 ὲν
3436 3245 3589 3316 αὐτῷ
3621 3245 3683 3297 τὸ
3715 3244 3809 3298 e1-

542 3352 764 3407 mitibns
807 3354 1085 3424 aggravari
1139 3353 1332 3422 magis,
1370 3368 1534 3423 quam
1581 3352 1774 3418 levari,
1827 3353 2103 3424 gemitibus

2250 3349 2423 3409 εῖπον,
2479 3341 3001 3416 παρασκευάσαντι·
3049 3341 3200 3410 λέγει
3237 3341 3366 3412 γὰρ,
3411 3340 3493 3392 ὅτι
3525 3337 3679 3392 Αὐτὸ
3733 3336 3811 3390 τὸ

541 3441 1000 3498 ineuarrabilibus
1041 3443 1275 3513 postulat
1309 3444 1448 3511 apud
1504 3443 1695 3506 Deum,
1733 3454 1950 3498 nostros
2001 3443 2102 3512 ipSt

2246 3436 2459 3506 Ινεῦμα
2509 3432 2865 3503 στεναγμοῖς
2915 3430 3242 3496 ἀλαλήτοις
3287 3427 3807 3500 ὑπερεντυγχάνει

539 3533 774 3603 gemitus
808 3549 906 3603 pro
944 3549 1040 3587 sua
1067 3534 1404 3587 humanitate
1437 3547 1502 3587 ac
1543 3533 1914 3588 misericordia
1944 3533 2100 3587 susci

2252 3525 2297 3592 ᾧ
2333 3525 2454 3592 Θεῷ
2475 3544 2488 3556 ’
2538 3528 2572 3579 ό
2617 3523 2684 3578 δὲ
2720 3521 2982 3590 ἐρευνῶν
3013 3521 3118 3587 τὰς
3164 3520 3413 3588 καρδίας
3459 3519 3587 3573 οἶδε
3627 3521 3687 3573 τί
3733 3519 3813 3572 τὸ

539 3623 714 3691 piens.
760 3606 962 3677 Videas
991 3631 1169 3676 autem
1207 3637 1306 3692 pro
1337 3637 1434 3678 sua
1476 3623 1739 3690 sapientia
1773 3623 2100 3676 humiliatan

2246 3622 2492 3689 apdrmta
2521 3617 2627 3672 τοῦ
2646 3617 3011 3685 Πνεύματος,
3037 3613 3125 3666 ὅτι
3151 3613 3300 3668 κατὰ
3329 3611 3480 3666 Θεὸν
3500 3610 3807 3681 ἐντυγχά-

541 3713 600 3766 in
638 3724 776 3766 terra
809 3715 1042 3767 animam
1092 3713 1359 3766 nostram'
1400 3722 1456 3768 et
1487 3729 1702 3782 corpore
1764 3713 2102 3769 humilitatis'

2248 3728 2306 3767 ἐι
2325 3709 2478 3782 ὑπὲρ
2501 3710 2706 3779 ἁγίων.
2724 3707 2797 3762 Τὸ
2822 3706 2879 3760 δὲ
2898 3707 2955 3759 ὲν
2980 3708 3098 3769 ταῖς
3118 3704 3364 3776 καρδίαις
3384 3703 3492 3756 τῶν
3514 3703 3809 3775 μακαρίων

544 3804 875 3869 conclusam,
909 3804 1198 3872 gemitibus
1217 3804 1355 3872 apud
1382 3804 1549 3858 Deum
1585 3804 1820 3872 postulat
1862 3820 1966 3859 non
1998 3805 2105 3875 qui-

2256 3801 2440 3875 ράζον,
2489 3799 2651 3855 Ἀϐϐᾶ
2683 3801 2716 3853 ό
2749 3797 2965 3866 πατὴρ,
2995 3795 3241 3867 Πνεῦμα,
3277 3795 3643 3866 ἐπιστάμενον
3680 3795 3816 3846 ἐπι-

540 3896 802 3961 buslibet,
853 3898 948 3951 sed
981 3897 1437 3951 inenarrabilihus
1479 3897 1822 3967 quibusdam,
1872 3895 2101 3951 alIinihut

2248 3893 2396 3958 ιελῶς
2426 3894 2552 3956 τοὺς
2578 3895 2634 3947 ὲν
2663 3889 2740 3962 τῷ
2772 3891 2958 3961 σκήνει
2995 3890 3351 3959 στεναγμοὺς,
3381 3887 3568 3954 ἀξίους
3593 3887 3809 3956 τυγχά-

542 3987 752 4043 scilicet
784 4004 1102 4041 arcanorum
1161 3987 1434 4040 verborum
1466 4003 1582 4056 qua:
1624 4003 1729 4042 non
1758 3988 1875 4040 licet
1917 3986 2103 4040 homim

2251 4000 2405 4044 οντας
2430 3983 2510 4045 είς
2533 3981 2591 4034 τὸ
2625 3979 2852 4052 βαρῦναι
2876 3978 2986 4049 (97)
3015 3978 3140 4041 τοὺς
3165 3977 3525 4040 πεπτωκότας
3553 3977 3584 4047 ἦ
3614 3992 3812 4046 παρα-

539 4078 684 4147 loqui
716 4079 758 4133 '.
787 4079 885 4133 llic
907 4090 1090 4132 autem
1111 4079 1344 4148 Spiritus
1375 4093 1479 4132 non
1510 4087 1793 4134 contentus
1820 4079 2100 4147 postulare,

2253 4071 2539 4144 εὸηκότας,
2573 4069 2894 4138 στεναγμοῖς
2915 4065 3201 4136 ἀλαλήτοις
3222 4065 3684 4136 ὑπερεντυγχάνει
3717 4063 3811 4133 τῷ

539 4168 838 4224 intensiore
865 4170 1114 4224 oratione
1145 4169 1312 4222 utitur
1345 4167 1842 4238 etsuperpostulat,
1885 4183 1982 4237 pro
2027 4167 2100 4222 iis

2251 4163 2362 4232 ιεῷ·
2397 4163 2525 4224 τοὺς
2567 4159 2868 4230 ἡμετέρους
2899 4157 2988 4211 διὰ
3021 4155 3117 4228 τὴν
3157 4155 3351 4227 πολλὴν
3387 4153 3812 4227 φιλανθρωπίαν

541 4275 660 4315 mea
701 4261 916 4330 quidem
969 4261 1258 4324 sententia,
1319 4260 1410 4329 qui
1461 4267 1744 4328 superant,
1787 4258 1964 4326 qualis
1997 4270 2102 4312 eral

2257 4254 2311 4307 αἱ
2347 4251 2690 4324 συμπάθειαν
2724 4250 3118 4321 ἀναδεχόμενον
3153 4248 3511 4318 στεναγμούς.
3542 4246 3700 4301 Κατά
3735 4247 3812 4300 δὲ

537 4351 738 4407 Paulus
766 4368 886 4407 cum
915 4353 1152 4407 diceret:
1176 4351 1280 4404 Sed
1301 4352 1354 4404 in
1373 4351 1453 4403 his
1471 4333 1707 4404 omnibus
1722 4365 2028 4417 superamus
2048 4351 2098 4399 ¹⁰η

2252 4345 2313 4417 ὴν
2360 4347 2418 4398 ἐν
2449 4342 2600 4412 αὐτῷ
2647 4340 2838 4422 σοφίαν
2871 4339 3011 4411 ὁρῶν
3044 4339 3160 4408 τὴν
3205 4337 3672 4393 ταπεινωθεῖσαν
3705 4341 3813 4403 εις

536 4442 824 4500 Probabile
883 4453 965 4498 est
1021 4451 1202 4496 autem
1252 4457 1353 4509 pro
1396 4442 1479 4495 his
1531 4450 1739 4494 tantum
1778 4455 1900 4495 eum
1954 4455 2097 4495 orart

2253 4437 2370 4491 οῦν
2394 4433 2607 4504 ψυχὴν
2637 4433 2825 4500 ἡβῶν,
2861 4431 2960 4485 καὶ
2989 4431 3060 4485 ἐν
3091 4428 3169 4494 τῷ
3199 4427 3425 4497 σώματι
3454 4427 3565 4496 τῆς
3597 4441 3814 4481 ταπει-

538 4535 631 4602 qui
669 4549 768 4589 nec
801 4535 938 4590 tales
966 4545 1091 4589 sunt
1119 4545 1174 4588 ut
1200 4541 1478 4602 superent,
1530 4547 1628 4586 nec
1664 4531 1796 4586 tales
1831 4532 1995 4585 etiam
2053 4541 2099 4583 ut

2253 4527 2454 4591 ώσεως
2486 4521 2934 4593 καθειργμένην,
2976 4522 3035 4575 οὐ
3076 4523 3186 4583 τοῖς
3212 4518 3434 4589 τυχοῦσι
3468 4520 3814 4588 στεναγμοῖς

2306 4619 2318 4630 ι
2527 4619 2539 4630 ι
2875 4617 2887 4630 ο
3046 4612 3210 4630 ψη·
3269 4609 3750 4630 ’λκικνκνὶμἿ-Ἇν

537 4627 846 4691 vincantur,
883 4627 974 4680 sed
1022 4625 1113 4694 qui
1150 4625 1396 4678 vincunt.
1431 4623 1598 4678 Porro
1625 4623 1753 4676 huic
1785 4621 1940 4676 loco:
1969 4619 2098 4685 Quia

2257 4619 2494 4694 ρώμενον
2519 4617 2978 4690 ὑπερεντυγχάνει
3004 4613 3082 4684 τῷ
3103 4612 3241 4683 Θεῷ,
3260 4610 3397 4666 ἀλλά
3416 4629 3557 4666 τισιν
3583 4609 3760 4684 ἀλαλή
3775 4639 3813 4649 -

535 4732 741 4772 oremus
768 4720 900 4772 sicut
933 4726 1128 4787 oportet
1173 4719 1428 4772 nescimus
1452 4731 1471 4781 ;
1500 4717 1588 4769 sed
1614 4716 1722 4784 ipse
1753 4713 1981 4784 Spiritus
2017 4729 2096 4781 po-

2258 4728 2328 4774 αις
2364 4709 2642 4781 ἐχομένοις
2673 4708 2792 4762 τῶν
2816 4705 3090 4776 ἀρρήτων
3119 4707 3336 4774 λόγων,
3364 4697 3454 4758 ὧν
3482 4704 3594 4757 οὐκ
3617 4703 3819 4755 ἔστιν

618 4868 634 4897 ¹
666 4868 686 4920 Ι
719 4867 841 4923 Cor.
877 4885 970 4928 vn.
1008 4870 1059 4922 5.
1155 4870 1176 4900 '
1202 4868 1364 4921 Marc.
1395 4883 1468 4932 ιι,
1497 4867 1588 4922 25.
1681 4863 1702 4894 ⁸
1730 4864 1751 4917 Ι
1781 4863 1908 4918 Cor.
1942 4880 2016 4927 χι,
2049 4866 2099 4926 4,
2138 4865 2179 4919 5.

2267 4865 2286 4897 ⁸
2310 4865 2469 4920 Rom.
2499 4882 2617 4934 vut,
2649 4867 2724 4923 26
2815 4864 2836 4895 ³
2867 4863 2998 4922 ibid.
3091 4867 3113 4899 ⁸
3144 4865 3314 4923 Galat.
3352 4882 3428 4934 tv,
3464 4863 3517 4919 6.
3589 4864 3611 4897 "
3638 4863 3790 4922 Psal
3815 4911 3828 4919 .

540 4947 692 5005 mn,
722 4940 812 4992 9.5.
887 4939 909 4968 ⁸
932 4937 1166 5008 Philipp.
1193 4954 1276 5000 ιιι,
1305 4938 1394 4990 21.
1469 4939 1490 4968 ⁹
1522 4937 1570 4991 II
1601 4934 1727 4990 Cor.
1758 4949 1858 4999 xu,
1891 4934 1946 4988 4.
2025 4934 2066 4966 ¹⁰
2097 4981 2101 4988 λ

964 4939 1166 5008 ἰιίιίρρ.
1193 4954 1276 5000 ιιι,
1305 4938 1394 4990 21.
1469 4939 1490 4968 ⁸
1522 4937 1570 4991 II
1601 4934 1727 4990 Cor.
1758 4949 1858 4999 xu,
1891 4934 1946 4988 4.
2025 4934 2066 4966 ¹⁰
2097 4935 2255 4990 Rom.
2284 4952 2402 5001 vm,
2436 4938 2525 4994 57.

622 5090 732 5165 (99)
774 5085 942 5165 Ἐστι
965 5089 1033 5144 δὲ
1063 5092 1188 5146 τοῦ.
1227 5091 1468 5148 Bentlcio
1500 5092 1850 5148 scribendum
1882 5094 2111 5157 videtur,

2292 5093 2405 5165 (95)
2445 5093 2832 5162 Βραδὺτερον.
2872 5094 3028 5165 Legit
3053 5092 3328 5148 Bentleius
3356 5092 3705 5165 βραχύτερον.

541 5159 715 5234 ἐτι-⁷
743 5160 858 5213 τοῦ.
917 5233 923 5234 γ
956 5230 967 5234 _
1199 5231 1248 5234 ψ
1851 5231 1860 5234 Α

2286 5159 2826 5234 (94)Kw.1vouonc.
2877 5159 3120 5220 Bentleio
3152 5159 3369 5219 videtur
3392 5159 3780 5220 scribendum
3810 5213 3830 5234 ,

618 5230 731 5304 (9t)
769 5230 1167 5304 Σχολὰσητε.Δ
1195 5231 1287 5286 Sic
1339 5242 1487 5288 recte
1544 5234 1705 5289 habet
1763 5231 1931 5304 codex
1977 5249 2111 5299 ms.;

1002 5247 1167 5304 ἠτε.Δ
1195 5231 1287 5286 Sic
1339 5242 1487 5288 recte
1544 5234 1705 5289 habet
1763 5231 1931 5304 codex
1977 5249 2111 5299 ms.;
2219 5230 2563 5304 κολουούσης.

548 5301 690 5374 male
713 5299 911 5374 autem
940 5302 1104 5374 editio
1135 5299 1457 5374 Oxonieusis
1500 5303 1817 5374 σχολάζητε.
1853 5300 1972 5354 Mox
2023 5318 2109 5354 ea.

2289 5303 2403 5374 (95)
2458 5299 2967 5374 Ἀκαταιιαλύπτῳ.
3013 5303 3090 5356 ita
3136 5310 3294 5374 recte
3348 5315 3417 5374 ex
3456 5315 3557 5374 ms.
3597 5301 3843 5374 codice

549 5369 671 5424 dem
703 5371 868 5425 editio
899 5371 1082 5445 habet,
1114 5375 1180 5445 τῇ
1214 5373 1435 5443 νηστείᾳ
1461 5369 1566 5426 καῖ
1587 5377 1652 5445 τῇ
1683 5369 1978 5445 προσευχῇ,
2027 5387 2110 5425 ve«

2271 5369 2540 5445 uendatur
2583 5373 2804 5445 σφάλμα
2842 5373 3097 5429 editionis
3123 5372 3447 5428 Oxoniensis
3474 5373 3527 5425 in
3558 5386 3667 5441 qua
3706 5373 3831 5430 le-

551 5452 735 5515 rum_a
764 5454 864 5493 ms.
884 5441 1079 5515 _co_dit_:e
1109 5441 1353 5515 abest'cﬁ
1384 5441 1604 5515 νηστείᾳ
1628 5441 1757 5515 ⁷καί.
1790 5441 1956 5515 Paulo
1993 5451 2112 5515 post

1232 5441 1353 5515 ξιτῇ
1384 5441 1604 5515 νηστείᾳ
1628 5441 1757 5515 καί.
1790 5441 1956 5515 Paulo
1993 5451 2113 5515 post
2218 5443 2388 5515 gitur,
2411 5441 2793 5515 ἀκαταλύπτῳ.

549 5522 649 5574 pro
681 5509 912 5582 έπιχαρῇ
933 5510 1094 5582 ύμῖν,
1143 5508 1353 5580 legitur
1385 5508 1446 5565 in
1477 5508 1624 5568 texiu
1674 5513 1890 5580 vulgato
1917 5510 1937 5563 ι
1984 5508 2106 5564 Cor.

2287 5511 2399 5582 (96)
2447 5511 2642 5566 Τοῦτο.
2691 5508 2782 5566 Sic
2810 5512 2978 5566 codex
3030 5527 3162 5574 ms.;
3211 5508 3356 5582 male
3387 5519 3581 5582 (autem
3615 5511 3843 5582 editio

548 5578 995 5652 Vtt_._5_,_7t;t'pc't§ﬁ
1031 5578 1252 5652 ὑμᾶςξ-
1725 5651 1728 5652 ν
1773 5578 1782 5580 ἡ
2063 5648 2074 5652 _

2280 5578 2564 5652 t'ouiensis,
2603 5583 2796 5652 τούτῳ.
2843 5582 2994 5652 lnl'ra
3032 5583 3216 5652 eadem
3269 5579 3437 5634 editio
3485 5578 3650 5634 habet
3701 5581 3841 5640 ὅτι

620 5647 752 5718 (92)
791 5647 896 5703 Διῖι
945 5647 1190 5703 τούτων.
1234 5649 1329 5719 Ita
1360 5651 1528 5705 codex
1580 5667 1680 5705 ms.
1720 5651 1774 5704 in
1819 5665 1926 5719 quo
1974 5648 2111 5704 male

1672 5691 1680 5704 .
1720 5651 1774 5704 in
1819 5665 1926 5719 quo
1974 5648 2111 5704 male
2217 5651 2348 5703 αὐτὸ
2380 5650 2614 5719 πνεῦμα,
2658 5647 2862 5705 omisso
2897 5651 3128 5706 articulo
3155 5649 3233 5704 τό.

549 5713 702 5791 antea
734 5713 941 5791 lectum
969 5729 1080 5784 est,
1109 5719 1214 5791 aut
1238 5718 1413 5791 τοῦτο.
1455 5720 1620 5791 Paulo
1663 5729 1788 5791 post
1827 5713 2028 5791 optime
2060 5721 2110 5773 in

2297 5719 2401 5789 [97)
2447 5713 2678 5791 Ἀξίους
2706 5720 3116 5788 τυγχάνοντας
3137 5723 3224 5786 εὶς
3242 5719 3304 5773 τὸ
3326 5715 3604 5791 Baptistae
3630 5713 3858 5791 Ben_s.-

545 5790 732 5865 codice
769 5805 867 5843 tns.
899 5790 1130 5865 legitur,
1161 5789 1260 5865 έὰν
1296 5790 1370 5865 μὴ
1411 5787 1679 5865 καῖ-τῶν,
1714 5805 1813 5865 nec
1843 5787 2106 5846 emittitur

2293 5787 2676 5865 osoriltettdutu
2706 5787 2941 5860 videtur,
2973 5793 3071 5845 οὐκ
3098 5791 3282 5855 ἀξίους
3307 5787 3671 5858 τυγχάνοντας
3699 5789 3847 5857 εἰς

545 5859 647 5928 μή,
679 5861 1212 5934 (ιυυηιεόηιούιιηιιίιι
1244 5858 1484 5917 editione
1505 5859 1826 5919 Oxoniensi.

1044 5862 1212 5934 ιιηιιίῐι
1244 5858 1484 5917 editione
1505 5859 1826 5919 Oxoniensi.
2221 5859 2280 5912 τὸ
2313 5858 2595 5930 θαρρῦναι.
