  <div class='ocr_page' id='page_1' title='image "/cluster/home/n/w/nwhite01/storage/ocr_20150623/11/hvd.32044024345175/219.png"; bbox 0 0 3954 6414; ppageno 0'>
   <div class='ocr_carea' id='block_1_1' title="bbox 543 371 3792 435">
    <p class='ocr_par' dir='ltr' id='par_1_1' title="bbox 543 371 3792 435">
     <span class='ocr_line' id='line_1_1' title="bbox 543 371 3792 435; baseline -0.001 -3"><span class='ocrx_word' id='word_1_1' title='bbox 543 371 655 435; x_wconf 63' lang='lat'><strong><em>637</em></strong></span> <span class='ocrx_word' id='word_1_2' title='bbox 1984 371 2304 429; x_wconf 72' lang='lat' dir='ltr'><strong><em>ORlGENlS</em></strong></span> <span class='ocrx_word' id='word_1_3' title='bbox 3700 375 3792 430; x_wconf 65' lang='grc'><strong><em>428</em></strong></span> 
     </span>
    </p>
   </div>
   <div class='ocr_carea' id='block_1_2' title="bbox 545 486 2083 562">
    <p class='ocr_par' dir='ltr' id='par_1_2' title="bbox 545 486 2083 559">
     <span class='ocr_line' id='line_1_2' title="bbox 545 486 2083 559; baseline -0.002 -12"><span class='ocrx_word' id='word_1_4' title='bbox 545 493 683 559; x_wconf 73' lang='lat' dir='ltr'><strong><em>ejus,</em></strong></span> <span class='ocrx_word' id='word_1_5' title='bbox 718 491 894 558; x_wconf 81' lang='lat' dir='ltr'><strong><em>faciet.</em></strong></span> <span class='ocrx_word' id='word_1_6' title='bbox 923 489 982 545; x_wconf 88' lang='lat' dir='ltr'><strong><em>Si</em></strong></span> <span class='ocrx_word' id='word_1_7' title='bbox 1014 500 1188 544; x_wconf 85' lang='lat' dir='ltr'><strong><em>autem</em></strong></span> <span class='ocrx_word' id='word_1_8' title='bbox 1215 491 1400 544; x_wconf 67' lang='lat' dir='ltr'><strong><em>vovet-it</em></strong></span> <span class='ocrx_word' id='word_1_9' title='bbox 1434 486 1620 542; x_wconf 79' lang='lat' dir='ltr'><strong><em>mulier</em></strong></span> <span class='ocrx_word' id='word_1_10' title='bbox 1651 499 1824 542; x_wconf 89' lang='lat' dir='ltr'><strong><em>votum</em></strong></span> <span class='ocrx_word' id='word_1_11' title='bbox 1872 490 2083 544; x_wconf 79' lang='lat' dir='ltr'><strong><em>Domino</em></strong></span> 
     </span>
    </p>
   </div>
   <div class='ocr_carea' id='block_1_3' title="bbox 2184 486 3790 562">
    <p class='ocr_par' dir='ltr' id='par_1_3' title="bbox 2184 489 3790 562">
     <span class='ocr_line' id='line_1_3' title="bbox 2184 489 3790 562; baseline 0.001 -18"><span class='ocrx_word' id='word_1_12' title='bbox 2184 490 2424 557; x_wconf 63' lang='lat' dir='ltr'><strong><em>,abtov.</em></strong></span> <span class='ocrx_word' id='word_1_13' title='bbox 2470 491 2578 545; x_wconf 80' lang='lat' dir='ltr'><strong><em>Kal.</em></strong></span> <span class='ocrx_word' id='word_1_14' title='bbox 2627 491 2791 547; x_wconf 85' lang='grc' dir='ltr'><em>πάλιν</em></span> <span class='ocrx_word' id='word_1_15' title='bbox 2840 493 2960 562; x_wconf 77' lang='grc' dir='ltr'><em>μετῐ</em></span> <span class='ocrx_word' id='word_1_16' title='bbox 2993 490 3207 559; x_wconf 83' lang='grc' dir='ltr'><em>ὀλίγον·</em></span> <span class='ocrx_word' id='word_1_17' title='bbox 3257 489 3368 548; x_wconf 83' lang='grc' dir='ltr'><strong><em>Καὶ</em></strong></span> <span class='ocrx_word' id='word_1_18' title='bbox 3410 491 3562 562; x_wconf 87' lang='grc' dir='ltr'><em>μετὰ</em></span> <span class='ocrx_word' id='word_1_19' title='bbox 3612 489 3790 546; x_wconf 81' lang='grc' dir='ltr'><em>ταῦτα</em></span> 
     </span>
    </p>
   </div>
   <div class='ocr_carea' id='block_1_4' title="bbox 543 576 2083 653">
    <p class='ocr_par' dir='ltr' id='par_1_4' title="bbox 543 579 2083 650">
     <span class='ocr_line' id='line_1_4' title="bbox 543 579 2083 650; baseline -0.001 -15"><span class='ocrx_word' id='word_1_20' title='bbox 543 591 638 635; x_wconf 88' lang='lat' dir='ltr'><strong><em>aut</em></strong></span> <span class='ocrx_word' id='word_1_21' title='bbox 664 581 924 650; x_wconf 86' lang='lat' dir='ltr'><strong><em>deﬁnierit</em></strong></span> <span class='ocrx_word' id='word_1_22' title='bbox 949 579 1302 648; x_wconf 78' lang='lat' dir='ltr'><strong><em>deﬁnitionem</em></strong></span> <span class='ocrx_word' id='word_1_23' title='bbox 1338 579 1392 632; x_wconf 91' lang='lat' dir='ltr'><strong><em>in</em></strong></span> <span class='ocrx_word' id='word_1_24' title='bbox 1434 579 1590 633; x_wconf 90' lang='lat' dir='ltr'><strong><em>domo</em></strong></span> <span class='ocrx_word' id='word_1_25' title='bbox 1621 581 1790 648; x_wconf 87' lang='lat' dir='ltr'><strong><em>patris</em></strong></span> <span class='ocrx_word' id='word_1_26' title='bbox 1831 581 1914 634; x_wconf 90' lang='lat' dir='ltr'><strong><em>sui</em></strong></span> <span class='ocrx_word' id='word_1_27' title='bbox 1950 583 2003 634; x_wconf 89' lang='lat' dir='ltr'><strong><em>in</em></strong></span> <span class='ocrx_word' id='word_1_28' title='bbox 2030 581 2083 648; x_wconf 87' lang='lat' dir='ltr'><strong><em>ju</em></strong></span> 
     </span>
    </p>
   </div>
   <div class='ocr_carea' id='block_1_5' title="bbox 2184 576 3793 653">
    <p class='ocr_par' dir='ltr' id='par_1_5' title="bbox 2216 576 3793 653">
     <span class='ocr_line' id='line_1_5' title="bbox 2216 576 3793 653; baseline 0.001 -17"><span class='ocrx_word' id='word_1_29' title='bbox 2216 585 2410 638; x_wconf 77' lang='grc' dir='ltr'><strong><em>πίεται</em></strong></span> <span class='ocrx_word' id='word_1_30' title='bbox 2456 585 2489 638; x_wconf 84' lang='grc' dir='ltr'><strong><em>ό</em></strong></span> <span class='ocrx_word' id='word_1_31' title='bbox 2545 583 2845 652; x_wconf 78' lang='grc' dir='ltr'><em>ηὑγμένος</em></span> <span class='ocrx_word' id='word_1_32' title='bbox 2894 578 3082 637; x_wconf 79' lang='grc' dir='ltr'><em>οἶνον.</em></span> <span class='ocrx_word' id='word_1_33' title='bbox 3142 576 3331 650; x_wconf 85' lang='grc' dir='ltr'><em>Οὗτος</em></span> <span class='ocrx_word' id='word_1_34' title='bbox 3375 585 3411 638; x_wconf 80' lang='grc' dir='ltr'><em>ὁ</em></span> <span class='ocrx_word' id='word_1_35' title='bbox 3460 584 3648 653; x_wconf 85' lang='grc' dir='ltr'><em>νόμος</em></span> <span class='ocrx_word' id='word_1_36' title='bbox 3695 583 3793 638; x_wconf 83' lang='grc' dir='ltr'><em>τοῦ</em></span> 
     </span>
    </p>
   </div>
   <div class='ocr_carea' id='block_1_6' title="bbox 546 669 2083 742">
    <p class='ocr_par' dir='ltr' id='par_1_6' title="bbox 546 669 2083 740">
     <span class='ocr_line' id='line_1_6' title="bbox 546 669 2083 740; baseline 0 -15"><span class='ocrx_word' id='word_1_37' title='bbox 546 681 753 726; x_wconf 83' lang='lat' dir='ltr'><strong><em>ventute</em></strong></span> <span class='ocrx_word' id='word_1_38' title='bbox 785 687 906 735; x_wconf 85' lang='lat' dir='ltr'><strong><em>sua,</em></strong></span> <span class='ocrx_word' id='word_1_39' title='bbox 960 680 1008 725; x_wconf 90' lang='lat' dir='ltr'><strong><em>et</em></strong></span> <span class='ocrx_word' id='word_1_40' title='bbox 1053 669 1282 723; x_wconf 83' lang='lat' dir='ltr'><strong><em>audierit</em></strong></span> <span class='ocrx_word' id='word_1_41' title='bbox 1310 680 1461 738; x_wconf 86' lang='lat' dir='ltr'><strong><em>pater</em></strong></span> <span class='ocrx_word' id='word_1_42' title='bbox 1509 671 1624 739; x_wconf 89' lang='lat' dir='ltr'><strong><em>ejus</em></strong></span> <span class='ocrx_word' id='word_1_43' title='bbox 1652 682 1770 725; x_wconf 84' lang='lat' dir='ltr'><strong><em>veta</em></strong></span> <span class='ocrx_word' id='word_1_44' title='bbox 1798 671 1912 740; x_wconf 89' lang='lat' dir='ltr'><strong><em>ejus</em></strong></span> <span class='ocrx_word' id='word_1_45' title='bbox 1947 679 1997 725; x_wconf 91' lang='lat' dir='ltr'><strong><em>et</em></strong></span> <span class='ocrx_word' id='word_1_46' title='bbox 2026 671 2083 726; x_wconf 80' lang='lat' dir='ltr'><strong><em>de</em></strong></span> 
     </span>
    </p>
   </div>
   <div class='ocr_carea' id='block_1_7' title="bbox 2184 669 3792 742">
    <p class='ocr_par' dir='ltr' id='par_1_7' title="bbox 2219 671 3792 742">
     <span class='ocr_line' id='line_1_7' title="bbox 2219 671 3792 742; baseline 0.001 -18"><span class='ocrx_word' id='word_1_47' title='bbox 2219 671 2568 742; x_wconf 77' lang='grc' dir='ltr'><em>εὐξαμένου,</em></span> <span class='ocrx_word' id='word_1_48' title='bbox 2599 672 2669 738; x_wconf 80' lang='grc' dir='ltr'><em>ὃς</em></span> <span class='ocrx_word' id='word_1_49' title='bbox 2711 672 2822 727; x_wconf 80' lang='grc' dir='ltr'><strong><em>ἐὰν</em></strong></span> <span class='ocrx_word' id='word_1_50' title='bbox 2861 673 3108 741; x_wconf 80' lang='grc' dir='ltr'><em>εὔξηται</em></span> <span class='ocrx_word' id='word_1_51' title='bbox 3141 673 3337 742; x_wconf 84' lang='grc' dir='ltr'><strong><em>Κυρίῳ</em></strong></span> <span class='ocrx_word' id='word_1_52' title='bbox 3375 672 3571 742; x_wconf 84' lang='grc' dir='ltr'><em>δῶρον</em></span> <span class='ocrx_word' id='word_1_53' title='bbox 3615 671 3792 730; x_wconf 85' lang='grc' dir='ltr'><em>αὐτοῦ</em></span> 
     </span>
    </p>
   </div>
   <div class='ocr_carea' id='block_1_8' title="bbox 541 759 2083 836">
    <p class='ocr_par' dir='ltr' id='par_1_8' title="bbox 541 760 2082 832">
     <span class='ocr_line' id='line_1_8' title="bbox 541 760 2082 832; baseline 0 -16"><span class='ocrx_word' id='word_1_54' title='bbox 541 762 807 832; x_wconf 74' lang='lat' dir='ltr'><strong><em>ﬁnitiones</em></strong></span> <span class='ocrx_word' id='word_1_55' title='bbox 832 760 967 830; x_wconf 85' lang='lat' dir='ltr'><strong><em>ejus,</em></strong></span> <span class='ocrx_word' id='word_1_56' title='bbox 985 777 1112 830; x_wconf 83' lang='lat' dir='ltr'><strong><em>quas</em></strong></span> <span class='ocrx_word' id='word_1_57' title='bbox 1144 761 1376 830; x_wconf 85' lang='lat' dir='ltr'><strong><em>deﬁnivit</em></strong></span> <span class='ocrx_word' id='word_1_58' title='bbox 1402 761 1652 816; x_wconf 86' lang='lat' dir='ltr'><strong><em>adversus</em></strong></span> <span class='ocrx_word' id='word_1_59' title='bbox 1675 761 1909 816; x_wconf 89' lang='lat' dir='ltr'><strong><em>animam</em></strong></span> <span class='ocrx_word' id='word_1_60' title='bbox 1929 778 2082 816; x_wconf 85' lang='lat' dir='ltr'><strong><em>suam</em></strong></span> 
     </span>
    </p>
   </div>
   <div class='ocr_carea' id='block_1_9' title="bbox 2184 759 3791 836">
    <p class='ocr_par' dir='ltr' id='par_1_9' title="bbox 2216 759 3791 836">
     <span class='ocr_line' id='line_1_9' title="bbox 2216 759 3791 836; baseline 0.002 -20"><span class='ocrx_word' id='word_1_61' title='bbox 2216 763 2347 832; x_wconf 82' lang='grc' dir='ltr'><em>περὶ</em></span> <span class='ocrx_word' id='word_1_62' title='bbox 2373 762 2482 832; x_wconf 85' lang='grc' dir='ltr'><em>τῆς</em></span> <span class='ocrx_word' id='word_1_63' title='bbox 2512 761 2722 836; x_wconf 63' lang='grc' dir='ltr'><em>εὐχῆς,</em></span> <span class='ocrx_word' id='word_1_64' title='bbox 2756 765 2938 834; x_wconf 78' lang='grc' dir='ltr'><em>χωρὶς</em></span> <span class='ocrx_word' id='word_1_65' title='bbox 2957 759 3047 819; x_wconf 87' lang='grc' dir='ltr'><em>ὧν</em></span> <span class='ocrx_word' id='word_1_66' title='bbox 3071 764 3150 820; x_wconf 87' lang='grc' dir='ltr'><em>ἂν</em></span> <span class='ocrx_word' id='word_1_67' title='bbox 3175 764 3319 834; x_wconf 81' lang='grc' dir='ltr'><em>εὕρῃ</em></span> <span class='ocrx_word' id='word_1_68' title='bbox 3347 766 3388 834; x_wconf 78' lang='grc' dir='ltr'><strong><em>ἠ</em></strong></span> <span class='ocrx_word' id='word_1_69' title='bbox 3424 764 3557 836; x_wconf 73' lang='grc' dir='ltr'><em>χεὶρ</em></span> <span class='ocrx_word' id='word_1_70' title='bbox 3591 763 3791 825; x_wconf 84' lang='grc' dir='ltr'><em>αὐτοῦ.</em></span> 
     </span>
    </p>
   </div>
   <div class='ocr_carea' id='block_1_10' title="bbox 540 850 2083 932">
    <p class='ocr_par' dir='ltr' id='par_1_10' title="bbox 540 851 2083 932">
     <span class='ocr_line' id='line_1_10' title="bbox 540 851 2083 932; baseline 0.002 -27"><span class='ocrx_word' id='word_1_71' title='bbox 540 861 592 906; x_wconf 91' lang='lat' dir='ltr'><strong><em>et</em></strong></span> <span class='ocrx_word' id='word_1_72' title='bbox 610 851 832 905; x_wconf 86' lang='lat' dir='ltr'><strong><em>tacuerit</em></strong></span> <span class='ocrx_word' id='word_1_73' title='bbox 862 859 1011 919; x_wconf 90' lang='lat' dir='ltr'><strong><em>pater</em></strong></span> <span class='ocrx_word' id='word_1_74' title='bbox 1044 852 1198 917; x_wconf 88' lang='lat' dir='ltr'><strong><em>ejus;</em></strong></span> <span class='ocrx_word' id='word_1_75' title='bbox 1227 853 1513 932; x_wconf 12' lang='lat' dir='ltr'><strong><em>et‘stabunt</em></strong></span> <span class='ocrx_word' id='word_1_76' title='bbox 1541 854 1720 906; x_wconf 83' lang='lat' dir='ltr'><strong><em>omnia</em></strong></span> <span class='ocrx_word' id='word_1_77' title='bbox 1743 862 1861 906; x_wconf 88' lang='lat' dir='ltr'><strong><em>vota</em></strong></span> <span class='ocrx_word' id='word_1_78' title='bbox 1891 853 2006 916; x_wconf 89' lang='lat' dir='ltr'><strong><em>eius</em></strong></span> <span class='ocrx_word' id='word_1_79' title='bbox 2026 870 2083 918; x_wconf 67' lang='grc' dir='ltr'><strong><em>δι</em></strong></span> 
     </span>
    </p>
   </div>
   <div class='ocr_carea' id='block_1_11' title="bbox 2184 850 3788 932">
    <p class='ocr_par' dir='ltr' id='par_1_11' title="bbox 2217 850 3788 928">
     <span class='ocr_line' id='line_1_11' title="bbox 2217 850 3788 928; baseline -0.001 -19"><span class='ocrx_word' id='word_1_80' title='bbox 2217 856 2364 910; x_wconf 84' lang='grc' dir='ltr'><em>κατὰ</em></span> <span class='ocrx_word' id='word_1_81' title='bbox 2405 855 2664 927; x_wconf 86' lang='grc' dir='ltr'><em>δύναμιν</em></span> <span class='ocrx_word' id='word_1_82' title='bbox 2706 856 2818 926; x_wconf 83' lang='grc' dir='ltr'><em>τῆς</em></span> <span class='ocrx_word' id='word_1_83' title='bbox 2862 856 3053 927; x_wconf 82' lang='grc' dir='ltr'><strong><em>εὐχῆς</em></strong></span> <span class='ocrx_word' id='word_1_84' title='bbox 3097 855 3310 922; x_wconf 87' lang='grc' dir='ltr'><em>αὐτοῦ,</em></span> <span class='ocrx_word' id='word_1_85' title='bbox 3343 850 3420 928; x_wconf 79' lang='grc' dir='ltr'><em>ᾗς</em></span> <span class='ocrx_word' id='word_1_86' title='bbox 3454 857 3533 912; x_wconf 86' lang='grc' dir='ltr'><em>ἂν</em></span> <span class='ocrx_word' id='word_1_87' title='bbox 3551 856 3788 926; x_wconf 80' lang='grc' dir='ltr'><em>εὔξηται</em></span> 
     </span>
    </p>
   </div>
   <div class='ocr_carea' id='block_1_12' title="bbox 540 934 2083 1020">
    <p class='ocr_par' dir='ltr' id='par_1_12' title="bbox 540 941 2083 1011">
     <span class='ocr_line' id='line_1_12' title="bbox 540 941 2083 1011; baseline 0.001 -16"><span class='ocrx_word' id='word_1_88' title='bbox 540 957 720 996; x_wconf 83' lang='lat' dir='ltr'><strong><em>omnes</em></strong></span> <span class='ocrx_word' id='word_1_89' title='bbox 773 941 1107 1010; x_wconf 70' lang='lat' dir='ltr'><strong><em>deﬁnitiones</em></strong></span> <span class='ocrx_word' id='word_1_90' title='bbox 1129 981 1144 1007; x_wconf 93' lang='lat'><strong><em>,</em></strong></span> <span class='ocrx_word' id='word_1_91' title='bbox 1171 959 1300 1011; x_wconf 87' lang='lat' dir='ltr'><strong><em>quas</em></strong></span> <span class='ocrx_word' id='word_1_92' title='bbox 1333 941 1567 1011; x_wconf 78' lang='lat' dir='ltr'><strong><em>deﬁnivit</em></strong></span> <span class='ocrx_word' id='word_1_93' title='bbox 1596 943 1846 998; x_wconf 87' lang='lat' dir='ltr'><strong><em>adversus</em></strong></span> <span class='ocrx_word' id='word_1_94' title='bbox 1886 944 2083 997; x_wconf 84' lang='lat' dir='ltr'><strong><em>animm</em></strong></span> 
     </span>
    </p>
   </div>
   <div class='ocr_carea' id='block_1_13' title="bbox 2184 934 3795 1020">
    <p class='ocr_par' dir='ltr' id='par_1_13' title="bbox 2215 934 3795 1020">
     <span class='ocr_line' id='line_1_13' title="bbox 2215 934 3795 1020; baseline 0.003 -18"><span class='ocrx_word' id='word_1_95' title='bbox 2215 947 2368 1002; x_wconf 82' lang='grc' dir='ltr'><em>κατὰ</em></span> <span class='ocrx_word' id='word_1_96' title='bbox 2387 949 2579 1018; x_wconf 87' lang='grc' dir='ltr'><em>νόμον</em></span> <span class='ocrx_word' id='word_1_97' title='bbox 2606 934 2866 1018; x_wconf 74' lang='grc' dir='ltr'><em>ἁγνείας.</em></span> <span class='ocrx_word' id='word_1_98' title='bbox 2901 948 3015 1003; x_wconf 73' lang='grc' dir='ltr'><strong><em>Καὶ</em></strong></span> <span class='ocrx_word' id='word_1_99' title='bbox 3039 949 3178 1020; x_wconf 80' lang='grc' dir='ltr'><em>πρὸς</em></span> <span class='ocrx_word' id='word_1_100' title='bbox 3203 948 3283 1020; x_wconf 82' lang='grc' dir='ltr'><em>τῷ</em></span> <span class='ocrx_word' id='word_1_101' title='bbox 3309 949 3453 1003; x_wconf 87' lang='grc' dir='ltr'><em>τέλει</em></span> <span class='ocrx_word' id='word_1_102' title='bbox 3476 949 3589 1004; x_wconf 83' lang='grc' dir='ltr'><em>τῶν</em></span> <span class='ocrx_word' id='word_1_103' title='bbox 3628 950 3795 1019; x_wconf 81' lang='grc' dir='ltr'><em>Ἀριθ-</em></span> 
     </span>
    </p>
   </div>
   <div class='ocr_carea' id='block_1_14' title="bbox 536 1032 2083 1111">
    <p class='ocr_par' dir='ltr' id='par_1_14' title="bbox 536 1032 2077 1102">
     <span class='ocr_line' id='line_1_14' title="bbox 536 1032 2077 1102; baseline -0.001 -13"><span class='ocrx_word' id='word_1_104' title='bbox 536 1050 710 1102; x_wconf 87' lang='lat' dir='ltr'><strong><em>suam,</em></strong></span> <span class='ocrx_word' id='word_1_105' title='bbox 736 1035 1019 1088; x_wconf 83' lang='lat' dir='ltr'><strong><em>manebunt</em></strong></span> <span class='ocrx_word' id='word_1_106' title='bbox 1049 1036 1096 1088; x_wconf 88' lang='lat' dir='ltr'><strong><em>ei</em></strong></span> <span class='ocrx_word' id='word_1_107' title='bbox 1116 1033 1182 1088; x_wconf 76' lang='lat'><strong><em>“.</em></strong></span> <span class='ocrx_word' id='word_1_108' title='bbox 1216 1032 1285 1088; x_wconf 88' lang='lat' dir='ltr'><strong><em>Et</em></strong></span> <span class='ocrx_word' id='word_1_109' title='bbox 1311 1043 1711 1102; x_wconf 85' lang='lat' dir='ltr'><strong><em>consequenter</em></strong></span> <span class='ocrx_word' id='word_1_110' title='bbox 1753 1033 2014 1088; x_wconf 89' lang='lat' dir='ltr'><strong><em>nonnulla</em></strong></span> <span class='ocrx_word' id='word_1_111' title='bbox 2045 1033 2077 1087; x_wconf 88' lang='lat' dir='ltr'><strong><em>d</em></strong></span> 
     </span>
    </p>
   </div>
   <div class='ocr_carea' id='block_1_15' title="bbox 2184 1032 3793 1111">
    <p class='ocr_par' dir='ltr' id='par_1_15' title="bbox 2208 1038 3793 1111">
     <span class='ocr_line' id='line_1_15' title="bbox 2208 1038 3793 1111; baseline 0 -17"><span class='ocrx_word' id='word_1_112' title='bbox 2208 1039 2342 1109; x_wconf 84' lang='grc' dir='ltr'><em>μῶν</em></span> <span class='ocrx_word' id='word_1_113' title='bbox 2363 1054 2382 1068; x_wconf 88' lang='grc'><strong>·</strong></span> <span class='ocrx_word' id='word_1_114' title='bbox 2413 1041 2526 1096; x_wconf 84' lang='lat' dir='ltr'><strong><em>Kal</em></strong></span> <span class='ocrx_word' id='word_1_115' title='bbox 2565 1040 2836 1109; x_wconf 81' lang='grc' dir='ltr'><em>ἐλάλησε</em></span> <span class='ocrx_word' id='word_1_116' title='bbox 2866 1039 3131 1109; x_wconf 83' lang='grc' dir='ltr'><em>Μωῦσῆς</em></span> <span class='ocrx_word' id='word_1_117' title='bbox 3161 1041 3313 1110; x_wconf 82' lang='grc' dir='ltr'><em>πρὸς</em></span> <span class='ocrx_word' id='word_1_118' title='bbox 3335 1041 3478 1109; x_wconf 85' lang='grc' dir='ltr'><em>τοὺς</em></span> <span class='ocrx_word' id='word_1_119' title='bbox 3499 1038 3793 1111; x_wconf 77' lang='grc' dir='ltr'><em>ἄρχοντας</em></span> 
     </span>
    </p>
   </div>
   <div class='ocr_carea' id='block_1_16' title="bbox 536 1124 2083 1200">
    <p class='ocr_par' dir='ltr' id='par_1_16' title="bbox 536 1124 2083 1196">
     <span class='ocr_line' id='line_1_16' title="bbox 536 1124 2083 1196; baseline 0 -16"><span class='ocrx_word' id='word_1_120' title='bbox 536 1125 800 1194; x_wconf 62' lang='lat' dir='ltr'><strong><em>ejusmodi</em></strong></span> <span class='ocrx_word' id='word_1_121' title='bbox 852 1125 1057 1180; x_wconf 78' lang='lat' dir='ltr'><strong><em>femina</em></strong></span> <span class='ocrx_word' id='word_1_122' title='bbox 1105 1125 1189 1180; x_wconf 82' lang='lat' dir='ltr'><strong><em>lex</em></strong></span> <span class='ocrx_word' id='word_1_123' title='bbox 1225 1124 1552 1196; x_wconf 66' lang='lat' dir='ltr'><strong><em>praescribit.</em></strong></span> <span class='ocrx_word' id='word_1_124' title='bbox 1600 1124 1803 1180; x_wconf 87' lang='lat' dir='ltr'><strong><em>Eadem</em></strong></span> <span class='ocrx_word' id='word_1_125' title='bbox 1844 1126 2083 1196; x_wconf 80' lang='lat' dir='ltr'><strong><em>signiﬁca</em></strong></span> 
     </span>
    </p>
   </div>
   <div class='ocr_carea' id='block_1_17' title="bbox 2184 1124 3793 1200">
    <p class='ocr_par' dir='ltr' id='par_1_17' title="bbox 2211 1129 3793 1200">
     <span class='ocr_line' id='line_1_17' title="bbox 2211 1129 3793 1200; baseline 0.001 -17"><span class='ocrx_word' id='word_1_126' title='bbox 2211 1129 2330 1184; x_wconf 87' lang='grc' dir='ltr'><em>τῶν</em></span> <span class='ocrx_word' id='word_1_127' title='bbox 2385 1129 2601 1200; x_wconf 74' lang='grc' dir='ltr'><em>φυλῶν</em></span> <span class='ocrx_word' id='word_1_128' title='bbox 2653 1129 2804 1186; x_wconf 80' lang='grc' dir='ltr'><em>υἱῶν</em></span> <span class='ocrx_word' id='word_1_129' title='bbox 2868 1129 3110 1199; x_wconf 82' lang='grc' dir='ltr'><em>Ἰσραὴλ</em></span> <span class='ocrx_word' id='word_1_130' title='bbox 3129 1172 3146 1198; x_wconf 91' lang='grc'><strong><em>,</em></strong></span> <span class='ocrx_word' id='word_1_131' title='bbox 3207 1131 3433 1200; x_wconf 72' lang='grc' dir='ltr'><em>λέγων’</em></span> <span class='ocrx_word' id='word_1_132' title='bbox 3489 1131 3676 1186; x_wconf 85' lang='grc' dir='ltr'><em>Τοῦτο</em></span> <span class='ocrx_word' id='word_1_133' title='bbox 3731 1130 3793 1185; x_wconf 86' lang='grc' dir='ltr'><em>τὸ</em></span> 
     </span>
    </p>
   </div>
   <div class='ocr_carea' id='block_1_18' title="bbox 537 1215 2083 1292">
    <p class='ocr_par' dir='ltr' id='par_1_18' title="bbox 537 1215 2081 1286">
     <span class='ocr_line' id='line_1_18' title="bbox 537 1215 2081 1286; baseline -0.003 -15"><span class='ocrx_word' id='word_1_134' title='bbox 537 1217 686 1272; x_wconf 82' lang='lat' dir='ltr'><strong><em>tione</em></strong></span> <span class='ocrx_word' id='word_1_135' title='bbox 738 1217 791 1271; x_wconf 90' lang='lat' dir='ltr'><strong><em>in</em></strong></span> <span class='ocrx_word' id='word_1_136' title='bbox 843 1217 1150 1272; x_wconf 85' lang='lat' dir='ltr'><strong><em>Proverbiis</em></strong></span> <span class='ocrx_word' id='word_1_137' title='bbox 1204 1216 1468 1285; x_wconf 86' lang='lat' dir='ltr'><strong><em>scriptum</em></strong></span> <span class='ocrx_word' id='word_1_138' title='bbox 1520 1225 1605 1272; x_wconf 89' lang='lat' dir='ltr'><strong><em>est</em></strong></span> <span class='ocrx_word' id='word_1_139' title='bbox 1647 1239 1660 1272; x_wconf 90' lang='lat'><strong>:</strong></span> <span class='ocrx_word' id='word_1_140' title='bbox 1707 1215 1948 1286; x_wconf 82' lang='lat' dir='ltr'><strong><em>Laqueus</em></strong></span> <span class='ocrx_word' id='word_1_141' title='bbox 2004 1221 2081 1273; x_wconf 85' lang='lat' dir='ltr'><strong><em>vir</em></strong></span> 
     </span>
    </p>
   </div>
   <div class='ocr_carea' id='block_1_19' title="bbox 2184 1215 3794 1292">
    <p class='ocr_par' dir='ltr' id='par_1_19' title="bbox 2202 1219 3794 1292">
     <span class='ocr_line' id='line_1_19' title="bbox 2202 1219 3794 1292; baseline 0 -16"><span class='ocrx_word' id='word_1_142' title='bbox 2202 1219 2369 1290; x_wconf 83' lang='grc' dir='ltr'><em>ῥῆμα</em></span> <span class='ocrx_word' id='word_1_143' title='bbox 2417 1221 2450 1276; x_wconf 81' lang='grc' dir='ltr'>ὃ</span> <span class='ocrx_word' id='word_1_144' title='bbox 2509 1221 2811 1286; x_wconf 78' lang='grc' dir='ltr'><strong><em>συνέταξε</em></strong></span> <span class='ocrx_word' id='word_1_145' title='bbox 2865 1222 3080 1292; x_wconf 88' lang='grc' dir='ltr'><em>Κύριος</em></span> <span class='ocrx_word' id='word_1_146' title='bbox 3099 1238 3114 1252; x_wconf 88' lang='grc'><strong>·</strong></span> <span class='ocrx_word' id='word_1_147' title='bbox 3163 1222 3505 1291; x_wconf 80' lang='grc' dir='ltr'><em>Ἀνθρωπος</em></span> <span class='ocrx_word' id='word_1_148' title='bbox 3557 1222 3630 1289; x_wconf 82' lang='grc' dir='ltr'><em>ὃς</em></span> <span class='ocrx_word' id='word_1_149' title='bbox 3691 1221 3794 1276; x_wconf 72' lang='grc' dir='ltr'><strong><em>ἐὰν</em></strong></span> 
     </span>
    </p>
   </div>
   <div class='ocr_carea' id='block_1_20' title="bbox 532 1309 2083 1384">
    <p class='ocr_par' dir='ltr' id='par_1_20' title="bbox 532 1309 2083 1381">
     <span class='ocr_line' id='line_1_20' title="bbox 532 1309 2083 1381; baseline 0.001 -18"><span class='ocrx_word' id='word_1_150' title='bbox 532 1311 638 1364; x_wconf 87' lang='lat' dir='ltr'><strong><em>cito</em></strong></span> <span class='ocrx_word' id='word_1_151' title='bbox 668 1309 793 1377; x_wconf 86' lang='lat' dir='ltr'><strong><em>quid</em></strong></span> <span class='ocrx_word' id='word_1_152' title='bbox 829 1324 895 1364; x_wconf 75' lang='lat' dir='ltr'><strong><em>ex</em></strong></span> <span class='ocrx_word' id='word_1_153' title='bbox 921 1309 1150 1378; x_wconf 76' lang='lat' dir='ltr'><strong><em>propriis</em></strong></span> <span class='ocrx_word' id='word_1_154' title='bbox 1176 1309 1506 1378; x_wconf 77' lang='lat' dir='ltr'><strong><em>sancti/icore</em></strong></span> <span class='ocrx_word' id='word_1_155' title='bbox 1523 1327 1544 1376; x_wconf 83' lang='lat'><strong><em>,&#39;</em></strong></span> <span class='ocrx_word' id='word_1_156' title='bbox 1569 1321 1747 1378; x_wconf 87' lang='lat' dir='ltr'><strong><em>postea</em></strong></span> <span class='ocrx_word' id='word_1_157' title='bbox 1785 1317 1924 1364; x_wconf 75' lang='lat' dir='ltr'><strong><em>enim</em></strong></span> <span class='ocrx_word' id='word_1_158' title='bbox 1953 1327 2083 1381; x_wconf 68' lang='lat' dir='ltr'><strong><em>quam</em></strong></span> 
     </span>
    </p>
   </div>
   <div class='ocr_carea' id='block_1_21' title="bbox 2184 1309 3794 1384">
    <p class='ocr_par' dir='ltr' id='par_1_21' title="bbox 2210 1311 3794 1384">
     <span class='ocr_line' id='line_1_21' title="bbox 2210 1311 3794 1384; baseline 0 -18"><span class='ocrx_word' id='word_1_159' title='bbox 2210 1312 2456 1382; x_wconf 81' lang='grc' dir='ltr'><em>εὔξηται</em></span> <span class='ocrx_word' id='word_1_160' title='bbox 2491 1313 2688 1384; x_wconf 84' lang='grc' dir='ltr'><em>εὐχὴν</em></span> <span class='ocrx_word' id='word_1_161' title='bbox 2711 1313 2927 1382; x_wconf 84' lang='grc' dir='ltr'><strong><em>Κυρίῳ,</em></strong></span> <span class='ocrx_word' id='word_1_162' title='bbox 2955 1312 2995 1382; x_wconf 76' lang='grc' dir='ltr'>ἢ</span> <span class='ocrx_word' id='word_1_163' title='bbox 3024 1313 3220 1382; x_wconf 80' lang='grc' dir='ltr'><strong><em>ὀμόσῃ</em></strong></span> <span class='ocrx_word' id='word_1_164' title='bbox 3258 1311 3439 1381; x_wconf 83' lang='grc' dir='ltr'><em>ὅρκον</em></span> <span class='ocrx_word' id='word_1_165' title='bbox 3475 1313 3515 1382; x_wconf 83' lang='grc' dir='ltr'>ἢ</span> <span class='ocrx_word' id='word_1_166' title='bbox 3574 1312 3794 1383; x_wconf 81' lang='grc' dir='ltr'><strong><em>ὁρισμῷ</em></strong></span> 
     </span>
    </p>
   </div>
   <div class='ocr_carea' id='block_1_22' title="bbox 530 1399 2083 1476">
    <p class='ocr_par' dir='ltr' id='par_1_22' title="bbox 530 1399 2083 1466">
     <span class='ocr_line' id='line_1_22' title="bbox 530 1399 2083 1466; baseline 0 -10"><span class='ocrx_word' id='word_1_167' title='bbox 530 1402 745 1464; x_wconf 85' lang='lat' dir='ltr'><strong><em>voverit,</em></strong></span> <span class='ocrx_word' id='word_1_168' title='bbox 781 1400 1007 1454; x_wconf 84' lang='lat' dir='ltr'><strong><em>evenerit</em></strong></span> <span class='ocrx_word' id='word_1_169' title='bbox 1035 1400 1282 1466; x_wconf 59' lang='lat' dir='ltr'><strong><em>painitere</em></strong></span> <span class='ocrx_word' id='word_1_170' title='bbox 1307 1400 1375 1453; x_wconf 79' lang='grc'><strong><em>³⁸.</em></strong></span> <span class='ocrx_word' id='word_1_171' title='bbox 1406 1399 1471 1454; x_wconf 85' lang='lat' dir='ltr'><strong><em>Et</em></strong></span> <span class='ocrx_word' id='word_1_172' title='bbox 1503 1402 1554 1454; x_wconf 88' lang='lat' dir='ltr'><strong><em>in</em></strong></span> <span class='ocrx_word' id='word_1_173' title='bbox 1585 1399 1917 1457; x_wconf 83' lang='lat' dir='ltr'><strong><em>Ecclesiaste</em></strong></span> <span class='ocrx_word' id='word_1_174' title='bbox 1946 1403 1969 1457; x_wconf 71' lang='grc' dir='ltr'><em>τ’</em></span> <span class='ocrx_word' id='word_1_175' title='bbox 1999 1402 2083 1456; x_wconf 85' lang='lat' dir='ltr'><strong><em>Bo</em></strong></span> 
     </span>
    </p>
   </div>
   <div class='ocr_carea' id='block_1_23' title="bbox 2184 1399 3794 1476">
    <p class='ocr_par' dir='ltr' id='par_1_23' title="bbox 2208 1403 3794 1476">
     <span class='ocr_line' id='line_1_23' title="bbox 2208 1403 3794 1476; baseline 0.001 -18"><span class='ocrx_word' id='word_1_176' title='bbox 2208 1405 2481 1473; x_wconf 83' lang='grc' dir='ltr'><em>όρίσηται</em></span> <span class='ocrx_word' id='word_1_177' title='bbox 2509 1404 2622 1476; x_wconf 86' lang='grc'>(21)</span> <span class='ocrx_word' id='word_1_178' title='bbox 2648 1405 2781 1474; x_wconf 79' lang='grc' dir='ltr'><em>περὶ</em></span> <span class='ocrx_word' id='word_1_179' title='bbox 2807 1403 2917 1474; x_wconf 83' lang='grc' dir='ltr'><em>τῆς</em></span> <span class='ocrx_word' id='word_1_180' title='bbox 2940 1403 3154 1474; x_wconf 67' lang='grc' dir='ltr'><em>ψυχῆς</em></span> <span class='ocrx_word' id='word_1_181' title='bbox 3177 1404 3385 1466; x_wconf 85' lang='grc' dir='ltr'><em>αὐτοῦ,</em></span> <span class='ocrx_word' id='word_1_182' title='bbox 3420 1406 3494 1458; x_wconf 86' lang='grc' dir='ltr'><em>οὐ</em></span> <span class='ocrx_word' id='word_1_183' title='bbox 3526 1405 3794 1472; x_wconf 80' lang='grc' dir='ltr'><em>,βεϐηλώ-</em></span> 
     </span>
    </p>
   </div>
   <div class='ocr_carea' id='block_1_24' title="bbox 530 1491 2083 1566">
    <p class='ocr_par' dir='ltr' id='par_1_24' title="bbox 530 1491 2083 1562">
     <span class='ocr_line' id='line_1_24' title="bbox 530 1491 2083 1562; baseline 0 -17"><span class='ocrx_word' id='word_1_184' title='bbox 530 1509 656 1546; x_wconf 82' lang='grc' dir='ltr'><em>ιιιιηι</em></span> <span class='ocrx_word' id='word_1_185' title='bbox 682 1503 755 1546; x_wconf 79' lang='lat' dir='ltr'><strong><em>est</em></strong></span> <span class='ocrx_word' id='word_1_186' title='bbox 791 1508 893 1545; x_wconf 90' lang='lat' dir='ltr'><strong><em>non</em></strong></span> <span class='ocrx_word' id='word_1_187' title='bbox 933 1507 1133 1555; x_wconf 81' lang='lat' dir='ltr'><strong><em>vovere,</em></strong></span> <span class='ocrx_word' id='word_1_188' title='bbox 1155 1507 1314 1561; x_wconf 87' lang='lat' dir='ltr'><strong><em>quam</em></strong></span> <span class='ocrx_word' id='word_1_189' title='bbox 1366 1507 1546 1546; x_wconf 79' lang='lat' dir='ltr'><strong><em>vovere</em></strong></span> <span class='ocrx_word' id='word_1_190' title='bbox 1578 1491 1737 1562; x_wconf 78' lang='lat'><strong>203</strong></span> <span class='ocrx_word' id='word_1_191' title='bbox 1773 1501 1824 1546; x_wconf 89' lang='lat' dir='ltr'><strong><em>et</em></strong></span> <span class='ocrx_word' id='word_1_192' title='bbox 1855 1510 1957 1546; x_wconf 90' lang='lat' dir='ltr'><strong><em>non</em></strong></span> <span class='ocrx_word' id='word_1_193' title='bbox 1989 1495 2083 1546; x_wconf 77' lang='lat' dir='ltr'><strong><em>red</em></strong></span> 
     </span>
    </p>
   </div>
   <div class='ocr_carea' id='block_1_25' title="bbox 2184 1491 3793 1566">
    <p class='ocr_par' dir='ltr' id='par_1_25' title="bbox 2207 1495 3793 1566">
     <span class='ocr_line' id='line_1_25' title="bbox 2207 1495 3793 1566; baseline 0.001 -18"><span class='ocrx_word' id='word_1_194' title='bbox 2207 1511 2303 1549; x_wconf 88' lang='grc' dir='ltr'><strong><em>σει</em></strong></span> <span class='ocrx_word' id='word_1_195' title='bbox 2342 1495 2406 1550; x_wconf 88' lang='grc' dir='ltr'><em>τὸ</em></span> <span class='ocrx_word' id='word_1_196' title='bbox 2430 1495 2597 1566; x_wconf 76' lang='grc' dir='ltr'><em>ῥῆμα</em></span> <span class='ocrx_word' id='word_1_197' title='bbox 2624 1496 2811 1552; x_wconf 83' lang='grc' dir='ltr'><em>αὐτοῦ</em></span> <span class='ocrx_word' id='word_1_198' title='bbox 2834 1513 2848 1528; x_wconf 81' lang='grc'><em>’</em></span> <span class='ocrx_word' id='word_1_199' title='bbox 2880 1497 3076 1551; x_wconf 78' lang='grc' dir='ltr'><em>πάντα</em></span> <span class='ocrx_word' id='word_1_200' title='bbox 3100 1496 3218 1551; x_wconf 83' lang='grc' dir='ltr'><em>ὅσα</em></span> <span class='ocrx_word' id='word_1_201' title='bbox 3243 1495 3318 1551; x_wconf 86' lang='grc' dir='ltr'><em>ἃν</em></span> <span class='ocrx_word' id='word_1_202' title='bbox 3339 1495 3559 1564; x_wconf 82' lang='grc' dir='ltr'><em>ἐξέλθῃ</em></span> <span class='ocrx_word' id='word_1_203' title='bbox 3591 1498 3662 1550; x_wconf 84' lang='grc' dir='ltr'><strong><em>ἐκ</em></strong></span> <span class='ocrx_word' id='word_1_204' title='bbox 3690 1497 3793 1550; x_wconf 89' lang='grc' dir='ltr'><strong><em>τοῦ</em></strong></span> 
     </span>
    </p>
   </div>
   <div class='ocr_carea' id='block_1_26' title="bbox 528 1582 2083 1658">
    <p class='ocr_par' dir='ltr' id='par_1_26' title="bbox 528 1582 2083 1650">
     <span class='ocr_line' id='line_1_26' title="bbox 528 1582 2083 1650; baseline 0 -13"><span class='ocrx_word' id='word_1_205' title='bbox 528 1584 654 1638; x_wconf 86' lang='lat' dir='ltr'><strong><em>dere</em></strong></span> <span class='ocrx_word' id='word_1_206' title='bbox 679 1583 748 1636; x_wconf 85' lang='grc'><strong><em>³³.</em></strong></span> <span class='ocrx_word' id='word_1_207' title='bbox 791 1584 856 1637; x_wconf 86' lang='grc' dir='ltr'><em>Ει</em></span> <span class='ocrx_word' id='word_1_208' title='bbox 891 1583 945 1636; x_wconf 87' lang='lat' dir='ltr'><strong><em>in</em></strong></span> <span class='ocrx_word' id='word_1_209' title='bbox 978 1582 1204 1637; x_wconf 88' lang='lat' dir='ltr'><strong><em>Actibus</em></strong></span> <span class='ocrx_word' id='word_1_210' title='bbox 1231 1583 1600 1650; x_wconf 78' lang='lat' dir='ltr'><strong><em>aposmlorum</em></strong></span> <span class='ocrx_word' id='word_1_211' title='bbox 1629 1601 1644 1638; x_wconf 89' lang='lat'><strong>:</strong></span> <span class='ocrx_word' id='word_1_212' title='bbox 1675 1582 1809 1637; x_wconf 84' lang='lat' dir='ltr'><strong><em>Sunt</em></strong></span> <span class='ocrx_word' id='word_1_213' title='bbox 1841 1585 1985 1639; x_wconf 86' lang='lat' dir='ltr'><strong><em>nobis</em></strong></span> <span class='ocrx_word' id='word_1_214' title='bbox 2011 1588 2083 1639; x_wconf 80' lang='lat' dir='ltr'><strong><em>vir</em></strong></span> 
     </span>
    </p>
   </div>
   <div class='ocr_carea' id='block_1_27' title="bbox 2184 1582 3795 1658">
    <p class='ocr_par' dir='ltr' id='par_1_27' title="bbox 2211 1586 3795 1658">
     <span class='ocr_line' id='line_1_27' title="bbox 2211 1586 3795 1658; baseline 0 -18"><span class='ocrx_word' id='word_1_215' title='bbox 2211 1588 2507 1657; x_wconf 85' lang='grc' dir='ltr'><em>στόματος</em></span> <span class='ocrx_word' id='word_1_216' title='bbox 2545 1587 2734 1643; x_wconf 84' lang='grc' dir='ltr'><em>αὐτοῦ</em></span> <span class='ocrx_word' id='word_1_217' title='bbox 2774 1587 3033 1656; x_wconf 81' lang='grc' dir='ltr'><em>ποιήσει.</em></span> <span class='ocrx_word' id='word_1_218' title='bbox 3079 1588 3214 1642; x_wconf 81' lang='grc' dir='ltr'><strong><em>Ἐὰν</em></strong></span> <span class='ocrx_word' id='word_1_219' title='bbox 3255 1587 3326 1641; x_wconf 84' lang='grc' dir='ltr'><em>δὲ</em></span> <span class='ocrx_word' id='word_1_220' title='bbox 3365 1586 3520 1658; x_wconf 77' lang='grc' dir='ltr'><em>γυνὴ</em></span> <span class='ocrx_word' id='word_1_221' title='bbox 3548 1586 3795 1654; x_wconf 76' lang='grc' dir='ltr'><em>εὔξηται</em></span> 
     </span>
    </p>
   </div>
   <div class='ocr_carea' id='block_1_28' title="bbox 527 1672 2083 1750">
    <p class='ocr_par' dir='ltr' id='par_1_28' title="bbox 527 1672 1615 1745">
     <span class='ocr_line' id='line_1_28' title="bbox 527 1672 1615 1745; baseline -0.003 -15"><span class='ocrx_word' id='word_1_222' title='bbox 527 1685 754 1745; x_wconf 81' lang='lat' dir='ltr'><strong><em>quatuor</em></strong></span> <span class='ocrx_word' id='word_1_223' title='bbox 779 1687 953 1729; x_wconf 88' lang='lat' dir='ltr'><strong><em>votum</em></strong></span> <span class='ocrx_word' id='word_1_224' title='bbox 988 1674 1238 1727; x_wconf 77' lang='lat' dir='ltr'><strong><em>habentes</em></strong></span> <span class='ocrx_word' id='word_1_225' title='bbox 1276 1689 1434 1740; x_wconf 85' lang='lat' dir='ltr'><strong><em>super</em></strong></span> <span class='ocrx_word' id='word_1_226' title='bbox 1463 1690 1518 1727; x_wconf 90' lang='lat' dir='ltr'><strong><em>se</em></strong></span> <span class='ocrx_word' id='word_1_227' title='bbox 1548 1672 1615 1727; x_wconf 71' lang='lat'><strong><em>“.</em></strong></span> 
     </span>
    </p>
   </div>
   <div class='ocr_carea' id='block_1_29' title="bbox 2184 1672 3795 1750">
    <p class='ocr_par' dir='ltr' id='par_1_29' title="bbox 2211 1677 3795 1750">
     <span class='ocr_line' id='line_1_29' title="bbox 2211 1677 3795 1750; baseline 0 -18"><span class='ocrx_word' id='word_1_228' title='bbox 2211 1679 2405 1749; x_wconf 79' lang='grc' dir='ltr'><em>εὐχὴν</em></span> <span class='ocrx_word' id='word_1_229' title='bbox 2433 1680 2648 1749; x_wconf 82' lang='grc' dir='ltr'><strong><em>Κυρίῳ,</em></strong></span> <span class='ocrx_word' id='word_1_230' title='bbox 2683 1681 2722 1748; x_wconf 84' lang='grc' dir='ltr'><em>ἢ</em></span> <span class='ocrx_word' id='word_1_231' title='bbox 2774 1680 3049 1748; x_wconf 85' lang='grc' dir='ltr'><em>ὁρίσηται</em></span> <span class='ocrx_word' id='word_1_232' title='bbox 3096 1680 3349 1750; x_wconf 83' lang='grc' dir='ltr'><em>ὁρισμὸν</em></span> <span class='ocrx_word' id='word_1_233' title='bbox 3391 1679 3464 1734; x_wconf 84' lang='grc' dir='ltr'><em>ἐν</em></span> <span class='ocrx_word' id='word_1_234' title='bbox 3513 1677 3590 1749; x_wconf 80' lang='grc' dir='ltr'><em>τῇ</em></span> <span class='ocrx_word' id='word_1_235' title='bbox 3641 1681 3795 1746; x_wconf 75' lang='grc' dir='ltr'><em>οὶκίᾳ</em></span> 
     </span>
    </p>
   </div>
   <div class='ocr_carea' id='block_1_30' title="bbox 525 1767 3792 1844">
    <p class='ocr_par' dir='ltr' id='par_1_30' title="bbox 525 1767 3792 1844">
     <span class='ocr_line' id='line_1_30' title="bbox 525 1767 3792 1844; baseline 0 -18"><span class='ocrx_word' id='word_1_236' title='bbox 525 1771 633 1828; x_wconf 87' lang='grc' dir='ltr'><em>τοῦ</em></span> <span class='ocrx_word' id='word_1_237' title='bbox 701 1770 925 1838; x_wconf 86' lang='grc' dir='ltr'><em>πατρὸς</em></span> <span class='ocrx_word' id='word_1_238' title='bbox 979 1767 1166 1836; x_wconf 85' lang='grc' dir='ltr'><em>αὐτῆς</em></span> <span class='ocrx_word' id='word_1_239' title='bbox 1222 1769 1292 1822; x_wconf 87' lang='grc' dir='ltr'><em>ἐν</em></span> <span class='ocrx_word' id='word_1_240' title='bbox 1359 1767 1432 1837; x_wconf 80' lang='grc' dir='ltr'><em>τῇ</em></span> <span class='ocrx_word' id='word_1_241' title='bbox 1497 1769 1729 1837; x_wconf 83' lang='grc' dir='ltr'><em>νεότητι</em></span> <span class='ocrx_word' id='word_1_242' title='bbox 1775 1768 1998 1839; x_wconf 84' lang='grc' dir='ltr'><em>αὐτῆς,</em></span> <span class='ocrx_word' id='word_1_243' title='bbox 2052 1770 2150 1827; x_wconf 77' lang='grc' dir='ltr'><em>καὶ</em></span> <span class='ocrx_word' id='word_1_244' title='bbox 2209 1775 2445 1844; x_wconf 76' lang='grc' dir='ltr'><em>ἀκούσῃ</em></span> <span class='ocrx_word' id='word_1_245' title='bbox 2495 1778 2530 1829; x_wconf 85' lang='grc' dir='ltr'><em>ὀ</em></span> <span class='ocrx_word' id='word_1_246' title='bbox 2584 1775 2782 1844; x_wconf 80' lang='grc' dir='ltr'><em>πατὴρ</em></span> <span class='ocrx_word' id='word_1_247' title='bbox 2818 1774 3010 1844; x_wconf 81' lang='grc' dir='ltr'><em>αὐτῆς</em></span> <span class='ocrx_word' id='word_1_248' title='bbox 3059 1775 3167 1842; x_wconf 85' lang='grc' dir='ltr'><strong><em>τὰς</em></strong></span> <span class='ocrx_word' id='word_1_249' title='bbox 3211 1775 3398 1844; x_wconf 79' lang='grc' dir='ltr'><em>εὐχὰς</em></span> <span class='ocrx_word' id='word_1_250' title='bbox 3445 1773 3662 1844; x_wconf 81' lang='grc' dir='ltr'><em>αὐτῆς,</em></span> <span class='ocrx_word' id='word_1_251' title='bbox 3698 1774 3792 1827; x_wconf 75' lang='grc' dir='ltr'><strong><em>καὶ</em></strong></span> 
     </span>
    </p>
   </div>
   <div class='ocr_carea' id='block_1_31' title="bbox 526 1861 3790 1940">
    <p class='ocr_par' dir='ltr' id='par_1_31' title="bbox 526 1861 3790 1940">
     <span class='ocr_line' id='line_1_31' title="bbox 526 1861 3790 1940; baseline 0.002 -23"><span class='ocrx_word' id='word_1_252' title='bbox 526 1863 666 1928; x_wconf 86' lang='grc' dir='ltr'><em>τοὺς</em></span> <span class='ocrx_word' id='word_1_253' title='bbox 718 1863 1007 1933; x_wconf 78' lang='grc' dir='ltr'><em>ὁρισμοὺς</em></span> <span class='ocrx_word' id='word_1_254' title='bbox 1078 1861 1287 1929; x_wconf 83' lang='grc' dir='ltr'><em>αὐτῆς,</em></span> <span class='ocrx_word' id='word_1_255' title='bbox 1327 1862 1434 1929; x_wconf 80' lang='grc' dir='ltr'><em>οὓς</em></span> <span class='ocrx_word' id='word_1_256' title='bbox 1479 1863 1736 1931; x_wconf 83' lang='grc' dir='ltr'><em>ὡρίσατο</em></span> <span class='ocrx_word' id='word_1_257' title='bbox 1785 1865 1934 1919; x_wconf 81' lang='grc' dir='ltr'><em>κατὰ</em></span> <span class='ocrx_word' id='word_1_258' title='bbox 1990 1864 2096 1932; x_wconf 83' lang='grc' dir='ltr'><em>τῆς</em></span> <span class='ocrx_word' id='word_1_259' title='bbox 2151 1867 2357 1938; x_wconf 65' lang='grc' dir='ltr'><em>ψυχῆς</em></span> <span class='ocrx_word' id='word_1_260' title='bbox 2405 1870 2618 1940; x_wconf 83' lang='grc' dir='ltr'><em>αὐτῆς,</em></span> <span class='ocrx_word' id='word_1_261' title='bbox 2665 1871 2762 1925; x_wconf 79' lang='lat' dir='ltr'><strong><em>real</em></strong></span> <span class='ocrx_word' id='word_1_262' title='bbox 2798 1869 3238 1940; x_wconf 80' lang='grc' dir='ltr'><em>παρασιωπήσῃ</em></span> <span class='ocrx_word' id='word_1_263' title='bbox 3268 1875 3302 1925; x_wconf 82' lang='grc' dir='ltr'><strong><em>ό</em></strong></span> <span class='ocrx_word' id='word_1_264' title='bbox 3332 1869 3532 1939; x_wconf 79' lang='grc' dir='ltr'><em>πατὴρ</em></span> <span class='ocrx_word' id='word_1_265' title='bbox 3579 1872 3790 1938; x_wconf 83' lang='grc' dir='ltr'><em>αὐτῆς,</em></span> 
     </span>
    </p>
   </div>
   <div class='ocr_carea' id='block_1_32' title="bbox 524 1953 3793 2046">
    <p class='ocr_par' dir='ltr' id='par_1_32' title="bbox 524 1953 3793 2046">
     <span class='ocr_line' id='line_1_32' title="bbox 524 1953 3793 2046; baseline 0.002 -35"><span class='ocrx_word' id='word_1_266' title='bbox 524 1957 856 2024; x_wconf 78' lang='grc' dir='ltr'><em>στήσονται</em></span> <span class='ocrx_word' id='word_1_267' title='bbox 911 1955 1100 2011; x_wconf 80' lang='grc' dir='ltr'><em>πᾶσαι</em></span> <span class='ocrx_word' id='word_1_268' title='bbox 1147 1959 1205 2009; x_wconf 84' lang='grc' dir='ltr'><em>αἱ</em></span> <span class='ocrx_word' id='word_1_269' title='bbox 1245 1953 1419 2024; x_wconf 79' lang='grc' dir='ltr'><em>εὐχαὶ</em></span> <span class='ocrx_word' id='word_1_270' title='bbox 1460 1954 1646 2023; x_wconf 82' lang='grc' dir='ltr'><em>αὐτῆς</em></span> <span class='ocrx_word' id='word_1_271' title='bbox 1669 1973 1681 1986; x_wconf 89' lang='grc'><strong>·</strong></span> <span class='ocrx_word' id='word_1_272' title='bbox 1758 1957 1857 2010; x_wconf 83' lang='grc' dir='ltr'><strong><em>καὶ</em></strong></span> <span class='ocrx_word' id='word_1_273' title='bbox 1907 1957 2128 2025; x_wconf 81' lang='grc' dir='ltr'><em>πάντες</em></span> <span class='ocrx_word' id='word_1_274' title='bbox 2167 1963 2219 2014; x_wconf 82' lang='grc' dir='ltr'><strong><em>οι</em></strong></span> <span class='ocrx_word' id='word_1_275' title='bbox 2257 1962 2512 2030; x_wconf 79' lang='grc' dir='ltr'><em>όρισμοὶ,</em></span> <span class='ocrx_word' id='word_1_276' title='bbox 2558 1963 2668 2029; x_wconf 84' lang='grc' dir='ltr'><em>οὓς</em></span> <span class='ocrx_word' id='word_1_277' title='bbox 2704 1963 2964 2031; x_wconf 86' lang='grc' dir='ltr'><em>ὡρίσατο</em></span> <span class='ocrx_word' id='word_1_278' title='bbox 3003 1962 3153 2017; x_wconf 86' lang='grc' dir='ltr'><em>κατὰ</em></span> <span class='ocrx_word' id='word_1_279' title='bbox 3191 1961 3299 2030; x_wconf 85' lang='grc' dir='ltr'><em>τῆς</em></span> <span class='ocrx_word' id='word_1_280' title='bbox 3331 1963 3545 2032; x_wconf 66' lang='grc' dir='ltr'><em>ψυχῆς</em></span> <span class='ocrx_word' id='word_1_281' title='bbox 3569 1964 3793 2046; x_wconf 61' lang='grc' dir='ltr'><em>αὐτῆς,</em></span> 
     </span>
    </p>
   </div>
   <div class='ocr_carea' id='block_1_33' title="bbox 521 2047 3792 2127">
    <p class='ocr_par' dir='ltr' id='par_1_33' title="bbox 521 2047 3792 2127">
     <span class='ocr_line' id='line_1_33' title="bbox 521 2047 3792 2127; baseline 0.001 -23"><span class='ocrx_word' id='word_1_282' title='bbox 521 2049 816 2120; x_wconf 74' lang='grc' dir='ltr'><em>μενοῦσιν</em></span> <span class='ocrx_word' id='word_1_283' title='bbox 851 2047 1026 2117; x_wconf 75' lang='grc' dir='ltr'><em>αὐτῇ.</em></span> <span class='ocrx_word' id='word_1_284' title='bbox 1076 2048 1186 2102; x_wconf 76' lang='grc' dir='ltr'><strong><em>Καὶ</em></strong></span> <span class='ocrx_word' id='word_1_285' title='bbox 1233 2047 1360 2118; x_wconf 80' lang='grc' dir='ltr'><strong><em>ἑξῆς</em></strong></span> <span class='ocrx_word' id='word_1_286' title='bbox 1405 2047 1615 2111; x_wconf 77' lang='grc' dir='ltr'><em>τούτοις</em></span> <span class='ocrx_word' id='word_1_287' title='bbox 1663 2049 1786 2103; x_wconf 84' lang='grc' dir='ltr'><em>τινὰ</em></span> <span class='ocrx_word' id='word_1_288' title='bbox 1837 2053 1962 2121; x_wconf 77' lang='grc' dir='ltr'><em>περὶ</em></span> <span class='ocrx_word' id='word_1_289' title='bbox 2002 2052 2100 2123; x_wconf 88' lang='grc' dir='ltr'><em>τῆς</em></span> <span class='ocrx_word' id='word_1_290' title='bbox 2168 2053 2422 2125; x_wconf 79' lang='grc' dir='ltr'><em>τοιαύτης</em></span> <span class='ocrx_word' id='word_1_291' title='bbox 2476 2054 2774 2125; x_wconf 86' lang='grc' dir='ltr'><em>νομοθετεῖ.</em></span> <span class='ocrx_word' id='word_1_292' title='bbox 2809 2053 2967 2109; x_wconf 79' lang='grc' dir='ltr'><em>Κατὰ</em></span> <span class='ocrx_word' id='word_1_293' title='bbox 3008 2054 3166 2109; x_wconf 82' lang='grc' dir='ltr'><em>τοῦτο</em></span> <span class='ocrx_word' id='word_1_294' title='bbox 3205 2055 3266 2107; x_wconf 83' lang='grc' dir='ltr'><em>τὸ</em></span> <span class='ocrx_word' id='word_1_295' title='bbox 3301 2055 3703 2127; x_wconf 82' lang='grc' dir='ltr'><strong><em>σημαινόμενον</em></strong></span> <span class='ocrx_word' id='word_1_296' title='bbox 3730 2056 3792 2108; x_wconf 86' lang='grc' dir='ltr'><em>ὲν</em></span> 
     </span>
    </p>
   </div>
   <div class='ocr_carea' id='block_1_34' title="bbox 522 2142 3794 2221">
    <p class='ocr_par' dir='ltr' id='par_1_34' title="bbox 522 2142 3794 2221">
     <span class='ocr_line' id='line_1_34' title="bbox 522 2142 3794 2221; baseline 0.003 -23"><span class='ocrx_word' id='word_1_297' title='bbox 522 2149 643 2207; x_wconf 84' lang='grc' dir='ltr'><em>ταῖς</em></span> <span class='ocrx_word' id='word_1_298' title='bbox 674 2143 1021 2212; x_wconf 86' lang='grc' dir='ltr'><em>Παροιμίαις</em></span> <span class='ocrx_word' id='word_1_299' title='bbox 1041 2142 1354 2218; x_wconf 78' lang='grc' dir='ltr'><em>γέγραπται</em></span> <span class='ocrx_word' id='word_1_300' title='bbox 1375 2142 1600 2213; x_wconf 83' lang='grc'>(22).....</span> <span class='ocrx_word' id='word_1_301' title='bbox 1646 2142 1874 2217; x_wconf 74' lang='grc' dir='ltr'><strong><em>[Παγὶς]</em></strong></span> <span class='ocrx_word' id='word_1_302' title='bbox 1911 2147 2081 2216; x_wconf 78' lang='grc' dir='ltr'><em>ἀνδρὶ</em></span> <span class='ocrx_word' id='word_1_303' title='bbox 2115 2151 2268 2220; x_wconf 81' lang='grc' dir='ltr'><em>ταχύ</em></span> <span class='ocrx_word' id='word_1_304' title='bbox 2296 2168 2349 2204; x_wconf 87' lang='grc' dir='ltr'><strong><em>τι</em></strong></span> <span class='ocrx_word' id='word_1_305' title='bbox 2368 2149 2486 2205; x_wconf 84' lang='grc' dir='ltr'><em>τῶν</em></span> <span class='ocrx_word' id='word_1_306' title='bbox 2510 2151 2675 2206; x_wconf 77' lang='grc' dir='ltr'><em>ιδιων</em></span> <span class='ocrx_word' id='word_1_307' title='bbox 2731 2149 3006 2221; x_wconf 74' lang='grc' dir='ltr'><em>ἁγιάσαιο</em></span> <span class='ocrx_word' id='word_1_308' title='bbox 3050 2150 3202 2221; x_wconf 84' lang='grc' dir='ltr'><em>μετὰ</em></span> <span class='ocrx_word' id='word_1_309' title='bbox 3233 2151 3342 2220; x_wconf 78' lang='grc' dir='ltr'><strong><em>γὰρ</em></strong></span> <span class='ocrx_word' id='word_1_310' title='bbox 3367 2149 3435 2203; x_wconf 88' lang='grc' dir='ltr'><em>τὸ</em></span> <span class='ocrx_word' id='word_1_311' title='bbox 3495 2150 3794 2215; x_wconf 79' lang='grc' dir='ltr'><em>εὔξασθαι</em></span> 
     </span>
    </p>
   </div>
   <div class='ocr_carea' id='block_1_35' title="bbox 520 2236 3792 2314">
    <p class='ocr_par' dir='ltr' id='par_1_35' title="bbox 520 2236 3792 2314">
     <span class='ocr_line' id='line_1_35' title="bbox 520 2236 3792 2314; baseline 0.002 -23"><span class='ocrx_word' id='word_1_312' title='bbox 520 2238 832 2306; x_wconf 74' lang='grc' dir='ltr'><em>μετανοεῖν</em></span> <span class='ocrx_word' id='word_1_313' title='bbox 888 2237 1132 2306; x_wconf 77' lang='grc' dir='ltr'><em>γίνεται.</em></span> <span class='ocrx_word' id='word_1_314' title='bbox 1197 2236 1307 2289; x_wconf 67' lang='grc' dir='ltr'><strong><em>Καὶ</em></strong></span> <span class='ocrx_word' id='word_1_315' title='bbox 1375 2237 1431 2288; x_wconf 83' lang='grc' dir='ltr'><em>ὲν</em></span> <span class='ocrx_word' id='word_1_316' title='bbox 1477 2237 1553 2306; x_wconf 81' lang='grc' dir='ltr'><em>τῷ</em></span> <span class='ocrx_word' id='word_1_317' title='bbox 1605 2237 2059 2310; x_wconf 60' lang='grc' dir='ltr'><em>Ἐκκλησιαστλῇ</em></span> <span class='ocrx_word' id='word_1_318' title='bbox 2088 2259 2102 2274; x_wconf 75' lang='grc' dir='ltr'><strong><em>ο</em></strong></span> <span class='ocrx_word' id='word_1_319' title='bbox 2157 2243 2404 2314; x_wconf 74' lang='grc' dir='ltr'><em>Ἀγαθὸν</em></span> <span class='ocrx_word' id='word_1_320' title='bbox 2434 2243 2500 2298; x_wconf 88' lang='grc' dir='ltr'><em>τὸ</em></span> <span class='ocrx_word' id='word_1_321' title='bbox 2538 2243 2625 2313; x_wconf 81' lang='grc' dir='ltr'><em>μὴ</em></span> <span class='ocrx_word' id='word_1_322' title='bbox 2668 2244 2958 2309; x_wconf 79' lang='grc' dir='ltr'><em>εὔξασθαι</em></span> <span class='ocrx_word' id='word_1_323' title='bbox 3003 2243 3042 2312; x_wconf 78' lang='grc' dir='ltr'><strong><em>ἢ</em></strong></span> <span class='ocrx_word' id='word_1_324' title='bbox 3099 2242 3166 2296; x_wconf 86' lang='grc' dir='ltr'><em>τὸ</em></span> <span class='ocrx_word' id='word_1_325' title='bbox 3223 2242 3514 2308; x_wconf 80' lang='grc' dir='ltr'><em>εὔξασθαι</em></span> <span class='ocrx_word' id='word_1_326' title='bbox 3561 2242 3661 2297; x_wconf 75' lang='grc' dir='ltr'><em>καὶ</em></span> <span class='ocrx_word' id='word_1_327' title='bbox 3700 2244 3792 2312; x_wconf 83' lang='grc' dir='ltr'><em>μὴ</em></span> 
     </span>
    </p>
   </div>
   <div class='ocr_carea' id='block_1_36' title="bbox 519 2330 3794 2408">
    <p class='ocr_par' dir='ltr' id='par_1_36' title="bbox 519 2330 3794 2408">
     <span class='ocr_line' id='line_1_36' title="bbox 519 2330 3794 2408; baseline 0.001 -22"><span class='ocrx_word' id='word_1_328' title='bbox 519 2333 870 2388; x_wconf 79' lang='grc' dir='ltr'><em>ἀποδοῦναι.</em></span> <span class='ocrx_word' id='word_1_329' title='bbox 906 2332 1016 2386; x_wconf 78' lang='grc' dir='ltr'><strong><em>Καὶ</em></strong></span> <span class='ocrx_word' id='word_1_330' title='bbox 1053 2331 1112 2384; x_wconf 86' lang='grc' dir='ltr'><em>ὲν</em></span> <span class='ocrx_word' id='word_1_331' title='bbox 1153 2333 1272 2394; x_wconf 80' lang='grc' dir='ltr'><em>ταῖς</em></span> <span class='ocrx_word' id='word_1_332' title='bbox 1315 2330 1574 2399; x_wconf 80' lang='grc' dir='ltr'><em>Πράξεσι</em></span> <span class='ocrx_word' id='word_1_333' title='bbox 1603 2331 1709 2384; x_wconf 76' lang='grc' dir='ltr'><em>τῶν</em></span> <span class='ocrx_word' id='word_1_334' title='bbox 1742 2334 2087 2390; x_wconf 79' lang='grc' dir='ltr'><em>ἀποστόλων·</em></span> <span class='ocrx_word' id='word_1_335' title='bbox 2122 2338 2318 2394; x_wconf 66' lang='grc' dir='ltr'><em>Εἰσὶν</em></span> <span class='ocrx_word' id='word_1_336' title='bbox 2355 2339 2570 2408; x_wconf 80' lang='grc' dir='ltr'><em>ἄνδρες</em></span> <span class='ocrx_word' id='word_1_337' title='bbox 2620 2340 2758 2408; x_wconf 82' lang='grc' dir='ltr'><em>παρ’</em></span> <span class='ocrx_word' id='word_1_338' title='bbox 2808 2338 2952 2408; x_wconf 75' lang='grc' dir='ltr'><em>ἡμῖν</em></span> <span class='ocrx_word' id='word_1_339' title='bbox 2983 2337 3280 2406; x_wconf 84' lang='grc' dir='ltr'><em>τέσσαρες</em></span> <span class='ocrx_word' id='word_1_340' title='bbox 3314 2336 3512 2406; x_wconf 80' lang='grc' dir='ltr'><em>εὐχὴν</em></span> <span class='ocrx_word' id='word_1_341' title='bbox 3540 2337 3794 2406; x_wconf 81' lang='grc' dir='ltr'><em>ἔχοντες</em></span> 
     </span>
    </p>
   </div>
   <div class='ocr_carea' id='block_1_37' title="bbox 520 2427 1029 2499">
    <p class='ocr_par' dir='ltr' id='par_1_37' title="bbox 520 2427 1029 2499">
     <span class='ocr_line' id='line_1_37' title="bbox 520 2427 1029 2499; baseline 0.002 -19"><span class='ocrx_word' id='word_1_342' title='bbox 520 2431 610 2498; x_wconf 62' lang='grc' dir='ltr'><strong><em>ἐφ’</em></strong></span> <span class='ocrx_word' id='word_1_343' title='bbox 637 2428 865 2483; x_wconf 84' lang='grc' dir='ltr'><em>ἑαυτῶν</em></span> <span class='ocrx_word' id='word_1_344' title='bbox 894 2427 1029 2499; x_wconf 82' lang='grc'>(25).</span> 
     </span>
    </p>
   </div>
   <div class='ocr_carea' id='block_1_38' title="bbox 588 2520 2083 2596">
    <p class='ocr_par' dir='ltr' id='par_1_38' title="bbox 588 2520 2083 2590">
     <span class='ocr_line' id='line_1_38' title="bbox 588 2520 2083 2590; baseline -0.001 -15"><span class='ocrx_word' id='word_1_345' title='bbox 588 2521 644 2575; x_wconf 72' lang='grc'><strong><em>4.</em></strong></span> <span class='ocrx_word' id='word_1_346' title='bbox 678 2521 925 2575; x_wconf 78' lang='lat' dir='ltr'><strong><em>Alienum</em></strong></span> <span class='ocrx_word' id='word_1_347' title='bbox 975 2521 1142 2590; x_wconf 78' lang='lat' dir='ltr'><strong><em>igitur</em></strong></span> <span class='ocrx_word' id='word_1_348' title='bbox 1179 2537 1210 2575; x_wconf 86' lang='lat' dir='ltr'><strong><em>a</em></strong></span> <span class='ocrx_word' id='word_1_349' title='bbox 1247 2521 1456 2574; x_wconf 86' lang='lat' dir='ltr'><strong><em>ratione</em></strong></span> <span class='ocrx_word' id='word_1_350' title='bbox 1485 2520 1616 2575; x_wconf 87' lang='lat' dir='ltr'><strong><em>mihi</em></strong></span> <span class='ocrx_word' id='word_1_351' title='bbox 1650 2520 1827 2575; x_wconf 89' lang='lat' dir='ltr'><strong><em>visum</em></strong></span> <span class='ocrx_word' id='word_1_352' title='bbox 1855 2534 1961 2587; x_wconf 82' lang='lat' dir='ltr'><strong><em>non</em></strong></span> <span class='ocrx_word' id='word_1_353' title='bbox 1999 2528 2083 2575; x_wconf 91' lang='lat' dir='ltr'><strong><em>est</em></strong></span> 
     </span>
    </p>
   </div>
   <div class='ocr_carea' id='block_1_39' title="bbox 2184 2520 3794 2596">
    <p class='ocr_par' dir='ltr' id='par_1_39' title="bbox 2259 2523 3794 2596">
     <span class='ocr_line' id='line_1_39' title="bbox 2259 2523 3794 2596; baseline -0.003 -17"><span class='ocrx_word' id='word_1_354' title='bbox 2259 2524 2374 2579; x_wconf 83' lang='grc' dir='ltr'><strong><em>Ούκ</em></strong></span> <span class='ocrx_word' id='word_1_355' title='bbox 2405 2525 2597 2594; x_wconf 77' lang='grc' dir='ltr'><em>ἄλογον</em></span> <span class='ocrx_word' id='word_1_356' title='bbox 2619 2524 2682 2596; x_wconf 87' lang='grc' dir='ltr'><em>δή</em></span> <span class='ocrx_word' id='word_1_357' title='bbox 2711 2542 2800 2596; x_wconf 86' lang='grc' dir='ltr'><strong><em>μοι</em></strong></span> <span class='ocrx_word' id='word_1_358' title='bbox 2830 2525 3000 2595; x_wconf 76' lang='grc' dir='ltr'><em>ἐφάνη</em></span> <span class='ocrx_word' id='word_1_359' title='bbox 3033 2523 3093 2577; x_wconf 82' lang='grc' dir='ltr'><em>τὸ</em></span> <span class='ocrx_word' id='word_1_360' title='bbox 3121 2523 3262 2578; x_wconf 80' lang='grc' dir='ltr'><strong><em>κατᾶ</em></strong></span> <span class='ocrx_word' id='word_1_361' title='bbox 3297 2523 3396 2587; x_wconf 74' lang='grc' dir='ltr'><em>τὰς</em></span> <span class='ocrx_word' id='word_1_362' title='bbox 3421 2524 3461 2576; x_wconf 88' lang='grc' dir='ltr'><strong>Γ</strong></span> <span class='ocrx_word' id='word_1_363' title='bbox 3465 2523 3647 2595; x_wconf 74' lang='grc' dir='ltr'><em>ραφὰς</em></span> <span class='ocrx_word' id='word_1_364' title='bbox 3689 2538 3794 2593; x_wconf 84' lang='grc' dir='ltr'><em>ση-</em></span> 
     </span>
    </p>
   </div>
   <div class='ocr_carea' id='block_1_40' title="bbox 520 2613 2083 2688">
    <p class='ocr_par' dir='ltr' id='par_1_40' title="bbox 520 2613 2083 2685">
     <span class='ocr_line' id='line_1_40' title="bbox 520 2613 2083 2685; baseline 0.001 -17"><span class='ocrx_word' id='word_1_365' title='bbox 520 2616 752 2685; x_wconf 87' lang='lat' dir='ltr'><strong><em>primum</em></strong></span> <span class='ocrx_word' id='word_1_366' title='bbox 777 2630 806 2670; x_wconf 90' lang='lat' dir='ltr'><strong><em>e</em></strong></span> <span class='ocrx_word' id='word_1_367' title='bbox 833 2615 1041 2669; x_wconf 89' lang='lat' dir='ltr'><strong><em>duobus</em></strong></span> <span class='ocrx_word' id='word_1_368' title='bbox 1071 2629 1195 2684; x_wconf 75' lang='lat' dir='ltr'><strong><em>qua:</em></strong></span> <span class='ocrx_word' id='word_1_369' title='bbox 1225 2615 1390 2685; x_wconf 81' lang='grc' dir='ltr'>εὐχῆς</span> <span class='ocrx_word' id='word_1_370' title='bbox 1421 2613 1643 2669; x_wconf 91' lang='lat' dir='ltr'><strong><em>nomine</em></strong></span> <span class='ocrx_word' id='word_1_371' title='bbox 1665 2614 2042 2685; x_wconf 75' lang='lat' dir='ltr'><strong><em>signiﬁcantur</em></strong></span> <span class='ocrx_word' id='word_1_372' title='bbox 2060 2630 2083 2669; x_wconf 80' lang='grc' dir='ltr'><strong><em>ε</em></strong></span> 
     </span>
    </p>
   </div>
   <div class='ocr_carea' id='block_1_41' title="bbox 2184 2613 3793 2688">
    <p class='ocr_par' dir='ltr' id='par_1_41' title="bbox 2194 2615 3793 2688">
     <span class='ocr_line' id='line_1_41' title="bbox 2194 2615 3793 2688; baseline 0 -18"><span class='ocrx_word' id='word_1_373' title='bbox 2194 2617 2517 2688; x_wconf 85' lang='grc' dir='ltr'><em>μαινόμενον</em></span> <span class='ocrx_word' id='word_1_374' title='bbox 2548 2617 2764 2688; x_wconf 86' lang='grc' dir='ltr'><em>πρῶτον</em></span> <span class='ocrx_word' id='word_1_375' title='bbox 2791 2615 3198 2672; x_wconf 82' lang='grc' dir='ltr'><em>διαστείλασθαι</em></span> <span class='ocrx_word' id='word_1_376' title='bbox 3233 2615 3332 2687; x_wconf 83' lang='grc' dir='ltr'><em>τῆς</em></span> <span class='ocrx_word' id='word_1_377' title='bbox 3366 2616 3533 2687; x_wconf 80' lang='grc' dir='ltr'><strong><em>εὐχῆς</em></strong></span> <span class='ocrx_word' id='word_1_378' title='bbox 3559 2615 3656 2670; x_wconf 88' lang='grc' dir='ltr'><strong><em>δύο</em></strong></span> <span class='ocrx_word' id='word_1_379' title='bbox 3689 2634 3793 2688; x_wconf 82' lang='grc' dir='ltr'><em>ση-</em></span> 
     </span>
    </p>
   </div>
   <div class='ocr_carea' id='block_1_42' title="bbox 519 2705 2083 2780">
    <p class='ocr_par' dir='ltr' id='par_1_42' title="bbox 519 2707 2083 2780">
     <span class='ocr_line' id='line_1_42' title="bbox 519 2707 2083 2780; baseline 0.001 -18"><span class='ocrx_word' id='word_1_380' title='bbox 519 2707 816 2776; x_wconf 85' lang='lat' dir='ltr'><strong><em>Scripturis</em></strong></span> <span class='ocrx_word' id='word_1_381' title='bbox 845 2707 1198 2778; x_wconf 81' lang='lat' dir='ltr'><strong><em>distinguere.</em></strong></span> <span class='ocrx_word' id='word_1_382' title='bbox 1231 2708 1376 2762; x_wconf 87' lang='lat' dir='ltr'><strong><em>Idem</em></strong></span> <span class='ocrx_word' id='word_1_383' title='bbox 1400 2718 1454 2763; x_wconf 91' lang='lat' dir='ltr'><strong><em>et</em></strong></span> <span class='ocrx_word' id='word_1_384' title='bbox 1487 2708 1553 2763; x_wconf 85' lang='lat' dir='ltr'><strong><em>de</em></strong></span> <span class='ocrx_word' id='word_1_385' title='bbox 1585 2710 1859 2780; x_wconf 84' lang='grc' dir='ltr'><em>προσευχῇ</em></span> <span class='ocrx_word' id='word_1_386' title='bbox 1882 2708 2083 2764; x_wconf 79' lang='lat' dir='ltr'><strong><em>l‘acien-</em></strong></span> 
     </span>
    </p>
   </div>
   <div class='ocr_carea' id='block_1_43' title="bbox 2184 2705 3793 2780">
    <p class='ocr_par' dir='ltr' id='par_1_43' title="bbox 2193 2705 3793 2780">
     <span class='ocr_line' id='line_1_43' title="bbox 2193 2705 3793 2780; baseline 0.003 -22"><span class='ocrx_word' id='word_1_387' title='bbox 2193 2705 2510 2777; x_wconf 82' lang='grc' dir='ltr'><em>μαινούσης.</em></span> <span class='ocrx_word' id='word_1_388' title='bbox 2551 2705 2786 2777; x_wconf 81' lang='grc' dir='ltr'><strong><em>Ὁμοίως</em></strong></span> <span class='ocrx_word' id='word_1_389' title='bbox 2817 2707 2874 2761; x_wconf 80' lang='grc' dir='ltr'><em>δὲ</em></span> <span class='ocrx_word' id='word_1_390' title='bbox 2902 2707 2994 2761; x_wconf 74' lang='grc' dir='ltr'><strong><em>καὶ</em></strong></span> <span class='ocrx_word' id='word_1_391' title='bbox 3029 2709 3127 2779; x_wconf 80' lang='grc' dir='ltr'><em>τῆς</em></span> <span class='ocrx_word' id='word_1_392' title='bbox 3153 2707 3463 2779; x_wconf 82' lang='grc' dir='ltr'><em>προσευχῆς</em></span> <span class='ocrx_word' id='word_1_393' title='bbox 3483 2725 3496 2738; x_wconf 74' lang='grc' dir='ltr'><strong>ο</strong></span> <span class='ocrx_word' id='word_1_394' title='bbox 3535 2708 3631 2762; x_wconf 70' lang='grc' dir='ltr'><strong><em>καὶ</em></strong></span> <span class='ocrx_word' id='word_1_395' title='bbox 3673 2709 3793 2780; x_wconf 75' lang='grc' dir='ltr'><strong><em>γὰρ</em></strong></span> 
     </span>
    </p>
   </div>
   <div class='ocr_carea' id='block_1_44' title="bbox 516 2799 2090 2870">
    <p class='ocr_par' dir='ltr' id='par_1_44' title="bbox 516 2799 2090 2870">
     <span class='ocr_line' id='line_1_44' title="bbox 516 2799 2090 2870; baseline 0 -16"><span class='ocrx_word' id='word_1_396' title='bbox 516 2804 663 2855; x_wconf 89' lang='lat' dir='ltr'><strong><em>dum.</em></strong></span> <span class='ocrx_word' id='word_1_397' title='bbox 686 2799 818 2854; x_wconf 81' lang='lat' dir='ltr'><strong><em>Nam</em></strong></span> <span class='ocrx_word' id='word_1_398' title='bbox 842 2810 896 2854; x_wconf 86' lang='lat' dir='ltr'><strong><em>et</em></strong></span> <span class='ocrx_word' id='word_1_399' title='bbox 931 2801 1034 2855; x_wconf 84' lang='lat' dir='ltr'><strong><em>hoc</em></strong></span> <span class='ocrx_word' id='word_1_400' title='bbox 1059 2814 1254 2854; x_wconf 88' lang='lat' dir='ltr'><strong><em>nomen</em></strong></span> <span class='ocrx_word' id='word_1_401' title='bbox 1285 2811 1479 2870; x_wconf 65' lang='lat' dir='ltr'><strong><em>praeter</em></strong></span> <span class='ocrx_word' id='word_1_402' title='bbox 1505 2815 1850 2856; x_wconf 88' lang='lat' dir='ltr'><strong><em>communem</em></strong></span> <span class='ocrx_word' id='word_1_403' title='bbox 1878 2809 1934 2856; x_wconf 85' lang='lat' dir='ltr'><strong><em>et</em></strong></span> <span class='ocrx_word' id='word_1_404' title='bbox 1961 2815 2090 2856; x_wconf 84' lang='lat' dir='ltr'><strong><em>con-</em></strong></span> 
     </span>
    </p>
   </div>
   <div class='ocr_carea' id='block_1_45' title="bbox 513 2893 2089 2964">
    <p class='ocr_par' dir='ltr' id='par_1_45' title="bbox 513 2893 2089 2964">
     <span class='ocr_line' id='line_1_45' title="bbox 513 2893 2089 2964; baseline -0.001 -16"><span class='ocrx_word' id='word_1_405' title='bbox 513 2905 724 2949; x_wconf 86' lang='lat' dir='ltr'><strong><em>suetam</em></strong></span> <span class='ocrx_word' id='word_1_406' title='bbox 777 2893 1151 2963; x_wconf 84' lang='lat' dir='ltr'><strong><em>acceptionem</em></strong></span> <span class='ocrx_word' id='word_1_407' title='bbox 1209 2909 1316 2964; x_wconf 83' lang='lat' dir='ltr'><strong><em>qua</em></strong></span> <span class='ocrx_word' id='word_1_408' title='bbox 1374 2908 1519 2962; x_wconf 66' lang='lat' dir='ltr'><strong><em>saepe</em></strong></span> <span class='ocrx_word' id='word_1_409' title='bbox 1570 2895 1825 2959; x_wconf 82' lang='lat' dir='ltr'><strong><em>sumitur,</em></strong></span> <span class='ocrx_word' id='word_1_410' title='bbox 1867 2895 2089 2964; x_wconf 87' lang='lat' dir='ltr'><strong><em>ponitur</em></strong></span> 
     </span>
    </p>
   </div>
   <div class='ocr_carea' id='block_1_46' title="bbox 515 2985 2089 3057">
    <p class='ocr_par' dir='ltr' id='par_1_46' title="bbox 515 2985 2089 3057">
     <span class='ocr_line' id='line_1_46' title="bbox 515 2985 2089 3057; baseline -0.001 -16"><span class='ocrx_word' id='word_1_411' title='bbox 515 2988 680 3041; x_wconf 84' lang='lat' dir='ltr'><strong><em>etiam</em></strong></span> <span class='ocrx_word' id='word_1_412' title='bbox 740 2999 807 3039; x_wconf 89' lang='lat' dir='ltr'><strong><em>eo</em></strong></span> <span class='ocrx_word' id='word_1_413' title='bbox 850 2999 1010 3040; x_wconf 89' lang='lat' dir='ltr'><strong><em>sensu</em></strong></span> <span class='ocrx_word' id='word_1_414' title='bbox 1036 3000 1146 3054; x_wconf 92' lang='lat' dir='ltr'><strong><em>quo</em></strong></span> <span class='ocrx_word' id='word_1_415' title='bbox 1175 2986 1315 3041; x_wconf 84' lang='lat' dir='ltr'><strong><em>solet</em></strong></span> <span class='ocrx_word' id='word_1_416' title='bbox 1345 2985 1476 3057; x_wconf 83' lang='grc' dir='ltr'><em>εὐχή</em></span> <span class='ocrx_word' id='word_1_417' title='bbox 1513 2985 1761 3053; x_wconf 78' lang='lat' dir='ltr'><strong><em>usurpari</em></strong></span> <span class='ocrx_word' id='word_1_418' title='bbox 1795 2985 1846 3038; x_wconf 92' lang='lat' dir='ltr'><strong><em>in</em></strong></span> <span class='ocrx_word' id='word_1_419' title='bbox 1866 2985 1941 3039; x_wconf 84' lang='lat' dir='ltr'><strong><em>iis</em></strong></span> <span class='ocrx_word' id='word_1_420' title='bbox 1965 3000 2089 3054; x_wconf 71' lang='lat' dir='ltr'><strong><em>qua:</em></strong></span> 
     </span>
    </p>
   </div>
   <div class='ocr_carea' id='block_1_47' title="bbox 514 3073 2089 3147">
    <p class='ocr_par' dir='ltr' id='par_1_47' title="bbox 514 3073 2089 3147">
     <span class='ocr_line' id='line_1_47' title="bbox 514 3073 2089 3147; baseline -0.001 -17"><span class='ocrx_word' id='word_1_421' title='bbox 514 3079 581 3131; x_wconf 88' lang='lat' dir='ltr'><strong><em>de</em></strong></span> <span class='ocrx_word' id='word_1_422' title='bbox 612 3077 766 3130; x_wconf 84' lang='lat' dir='ltr'><strong><em>Anna</em></strong></span> <span class='ocrx_word' id='word_1_423' title='bbox 798 3077 1051 3132; x_wconf 86' lang='lat' dir='ltr'><strong><em>dicuntur</em></strong></span> <span class='ocrx_word' id='word_1_424' title='bbox 1082 3078 1136 3132; x_wconf 91' lang='lat' dir='ltr'><strong><em>in</em></strong></span> <span class='ocrx_word' id='word_1_425' title='bbox 1166 3077 1344 3146; x_wconf 88' lang='lat' dir='ltr'><strong><em>primo</em></strong></span> <span class='ocrx_word' id='word_1_426' title='bbox 1376 3076 1580 3147; x_wconf 78' lang='lat' dir='ltr'><strong><em>Regum</em></strong></span> <span class='ocrx_word' id='word_1_427' title='bbox 1615 3093 1627 3129; x_wconf 75' lang='grc' dir='ltr'><strong><em>ι</em></strong></span> <span class='ocrx_word' id='word_1_428' title='bbox 1659 3073 1726 3128; x_wconf 85' lang='grc' dir='ltr'><em>Ει</em></span> <span class='ocrx_word' id='word_1_429' title='bbox 1759 3074 1884 3130; x_wconf 83' lang='lat' dir='ltr'><strong><em>Heli</em></strong></span> <span class='ocrx_word' id='word_1_430' title='bbox 1911 3093 2089 3131; x_wconf 83' lang='lat' dir='ltr'><strong><em>sacer-</em></strong></span> 
     </span>
    </p>
   </div>
   <div class='ocr_carea' id='block_1_48' title="bbox 511 3167 2084 3238">
    <p class='ocr_par' dir='ltr' id='par_1_48' title="bbox 511 3167 2084 3238">
     <span class='ocr_line' id='line_1_48' title="bbox 511 3167 2084 3238; baseline -0.001 -16"><span class='ocrx_word' id='word_1_431' title='bbox 511 3168 633 3222; x_wconf 83' lang='lat' dir='ltr'><strong><em>dote</em></strong></span> <span class='ocrx_word' id='word_1_432' title='bbox 667 3169 874 3221; x_wconf 82' lang='lat' dir='ltr'><strong><em>sedente</em></strong></span> <span class='ocrx_word' id='word_1_433' title='bbox 899 3185 1056 3238; x_wconf 86' lang='lat' dir='ltr'><strong><em>super</em></strong></span> <span class='ocrx_word' id='word_1_434' title='bbox 1083 3168 1266 3222; x_wconf 81' lang='lat' dir='ltr'><strong><em>sellam</em></strong></span> <span class='ocrx_word' id='word_1_435' title='bbox 1295 3178 1415 3221; x_wconf 87' lang='lat' dir='ltr'><strong><em>ante</em></strong></span> <span class='ocrx_word' id='word_1_436' title='bbox 1441 3178 1611 3236; x_wconf 83' lang='lat' dir='ltr'><strong><em>postes</em></strong></span> <span class='ocrx_word' id='word_1_437' title='bbox 1639 3167 1816 3235; x_wconf 86' lang='lat' dir='ltr'><strong><em>templi</em></strong></span> <span class='ocrx_word' id='word_1_438' title='bbox 1853 3167 2084 3232; x_wconf 86' lang='lat' dir='ltr'><strong><em>Domini,</em></strong></span> 
     </span>
    </p>
   </div>
   <div class='ocr_carea' id='block_1_49' title="bbox 512 3255 2077 3329">
    <p class='ocr_par' dir='ltr' id='par_1_49' title="bbox 512 3255 2077 3329">
     <span class='ocr_line' id='line_1_49' title="bbox 512 3255 2077 3329; baseline -0.001 -19"><span class='ocrx_word' id='word_1_439' title='bbox 512 3275 631 3310; x_wconf 86' lang='lat' dir='ltr'><strong><em>cum</em></strong></span> <span class='ocrx_word' id='word_1_440' title='bbox 669 3269 796 3310; x_wconf 88' lang='lat' dir='ltr'><strong><em>esset</em></strong></span> <span class='ocrx_word' id='word_1_441' title='bbox 837 3255 990 3311; x_wconf 69' lang='lat' dir='ltr'><strong><em>Anna</em></strong></span> <span class='ocrx_word' id='word_1_442' title='bbox 1041 3273 1224 3310; x_wconf 87' lang='lat' dir='ltr'><strong><em>amaro</em></strong></span> <span class='ocrx_word' id='word_1_443' title='bbox 1255 3258 1458 3322; x_wconf 85' lang='lat' dir='ltr'><strong><em>animo,</em></strong></span> <span class='ocrx_word' id='word_1_444' title='bbox 1491 3257 1655 3311; x_wconf 86' lang='lat' dir='ltr'><strong><em>oravit</em></strong></span> <span class='ocrx_word' id='word_1_445' title='bbox 1687 3256 2077 3329; x_wconf 80' lang='grc' dir='ltr'><strong><em>(προσηύξατο)</em></strong></span> 
     </span>
    </p>
   </div>
   <div class='ocr_carea' id='block_1_50' title="bbox 511 3347 2085 3420">
    <p class='ocr_par' dir='ltr' id='par_1_50' title="bbox 511 3347 2085 3420">
     <span class='ocr_line' id='line_1_50' title="bbox 511 3347 2085 3420; baseline -0.002 -16"><span class='ocrx_word' id='word_1_446' title='bbox 511 3352 582 3404; x_wconf 86' lang='lat' dir='ltr'><strong><em>ad</em></strong></span> <span class='ocrx_word' id='word_1_447' title='bbox 611 3350 890 3402; x_wconf 89' lang='lat' dir='ltr'><strong><em>Dominum</em></strong></span> <span class='ocrx_word' id='word_1_448' title='bbox 921 3351 1050 3418; x_wconf 80' lang='lat' dir='ltr'><strong><em>ﬂens</em></strong></span> <span class='ocrx_word' id='word_1_449' title='bbox 1080 3350 1318 3420; x_wconf 83' lang='lat' dir='ltr'><strong><em>largiter,</em></strong></span> <span class='ocrx_word' id='word_1_450' title='bbox 1349 3357 1397 3402; x_wconf 89' lang='lat' dir='ltr'><strong><em>et</em></strong></span> <span class='ocrx_word' id='word_1_451' title='bbox 1447 3359 1628 3402; x_wconf 87' lang='lat' dir='ltr'><strong><em>votum</em></strong></span> <span class='ocrx_word' id='word_1_452' title='bbox 1678 3351 1807 3402; x_wconf 86' lang='lat' dir='ltr'><strong><em>vovit</em></strong></span> <span class='ocrx_word' id='word_1_453' title='bbox 1861 3347 2085 3420; x_wconf 76' lang='grc' dir='ltr'><em>(ηὔξατο</em></span> 
     </span>
    </p>
   </div>
   <div class='ocr_carea' id='block_1_51' title="bbox 511 3440 2082 3512">
    <p class='ocr_par' dir='ltr' id='par_1_51' title="bbox 511 3440 2082 3512">
     <span class='ocr_line' id='line_1_51' title="bbox 511 3440 2082 3512; baseline 0 -19"><span class='ocrx_word' id='word_1_454' title='bbox 511 3441 700 3512; x_wconf 83' lang='grc' dir='ltr'><em>εὐχήν)</em></span> <span class='ocrx_word' id='word_1_455' title='bbox 754 3442 988 3496; x_wconf 80' lang='lat' dir='ltr'><strong><em>dicens:</em></strong></span> <span class='ocrx_word' id='word_1_456' title='bbox 1028 3440 1254 3494; x_wconf 86' lang='lat' dir='ltr'><strong><em>Domine</em></strong></span> <span class='ocrx_word' id='word_1_457' title='bbox 1303 3441 1652 3506; x_wconf 75' lang='lat' dir='ltr'><strong><em>exercituum,</em></strong></span> <span class='ocrx_word' id='word_1_458' title='bbox 1701 3441 1748 3495; x_wconf 88' lang='lat' dir='ltr'><strong><em>si</em></strong></span> <span class='ocrx_word' id='word_1_459' title='bbox 1803 3441 2082 3508; x_wconf 86' lang='lat' dir='ltr'><strong><em>respiciens</em></strong></span> 
     </span>
    </p>
   </div>
   <div class='ocr_carea' id='block_1_52' title="bbox 2187 2794 3789 2869">
    <p class='ocr_par' dir='ltr' id='par_1_52' title="bbox 2187 2794 3789 2869">
     <span class='ocr_line' id='line_1_52' title="bbox 2187 2794 3789 2869; baseline 0.002 -20"><span class='ocrx_word' id='word_1_460' title='bbox 2187 2795 2346 2850; x_wconf 77' lang='grc' dir='ltr'><em>τοῦτο</em></span> <span class='ocrx_word' id='word_1_461' title='bbox 2368 2795 2429 2847; x_wconf 88' lang='grc' dir='ltr'><em>τὸ</em></span> <span class='ocrx_word' id='word_1_462' title='bbox 2467 2794 2639 2866; x_wconf 80' lang='grc' dir='ltr'><em>ὄνομα</em></span> <span class='ocrx_word' id='word_1_463' title='bbox 2673 2795 2808 2868; x_wconf 79' lang='grc' dir='ltr'><em>πρὸς</em></span> <span class='ocrx_word' id='word_1_464' title='bbox 2837 2795 2914 2867; x_wconf 81' lang='grc' dir='ltr'><em>τῷ</em></span> <span class='ocrx_word' id='word_1_465' title='bbox 2947 2796 3110 2866; x_wconf 80' lang='grc' dir='ltr'><em>κοινῷ</em></span> <span class='ocrx_word' id='word_1_466' title='bbox 3141 2797 3235 2849; x_wconf 76' lang='grc' dir='ltr'><strong><em>καὶ</em></strong></span> <span class='ocrx_word' id='word_1_467' title='bbox 3261 2797 3480 2868; x_wconf 84' lang='grc' dir='ltr'><em>συνήθει</em></span> <span class='ocrx_word' id='word_1_468' title='bbox 3510 2797 3789 2869; x_wconf 84' lang='grc' dir='ltr'><em>πολλαχοῦ</em></span> 
     </span>
    </p>
   </div>
   <div class='ocr_carea' id='block_1_53' title="bbox 2187 2887 3790 2961">
    <p class='ocr_par' dir='ltr' id='par_1_53' title="bbox 2187 2887 3790 2961">
     <span class='ocr_line' id='line_1_53' title="bbox 2187 2887 3790 2961; baseline 0.001 -21"><span class='ocrx_word' id='word_1_469' title='bbox 2187 2887 2426 2958; x_wconf 83' lang='grc' dir='ltr'><em>κειμένῳ</em></span> <span class='ocrx_word' id='word_1_470' title='bbox 2482 2887 2743 2942; x_wconf 85' lang='grc' dir='ltr'><em>τέτακται</em></span> <span class='ocrx_word' id='word_1_471' title='bbox 2771 2889 2865 2942; x_wconf 73' lang='grc' dir='ltr'><strong><em>καὶ</em></strong></span> <span class='ocrx_word' id='word_1_472' title='bbox 2890 2890 2982 2942; x_wconf 78' lang='grc' dir='ltr'><strong><em>ἐπὶ</em></strong></span> <span class='ocrx_word' id='word_1_473' title='bbox 3011 2889 3110 2960; x_wconf 80' lang='grc' dir='ltr'><em>τῆς</em></span> <span class='ocrx_word' id='word_1_474' title='bbox 3139 2889 3280 2943; x_wconf 78' lang='grc' dir='ltr'><em>κατὰ</em></span> <span class='ocrx_word' id='word_1_475' title='bbox 3307 2889 3368 2942; x_wconf 81' lang='grc' dir='ltr'><em>τὸ</em></span> <span class='ocrx_word' id='word_1_476' title='bbox 3389 2888 3626 2960; x_wconf 86' lang='grc' dir='ltr'><em>σύνηθες</em></span> <span class='ocrx_word' id='word_1_477' title='bbox 3647 2892 3790 2961; x_wconf 74' lang='grc' dir='ltr'><em>ἡμῖν</em></span> 
     </span>
    </p>
   </div>
   <div class='ocr_carea' id='block_1_54' title="bbox 2188 2978 3788 3052">
    <p class='ocr_par' dir='ltr' id='par_1_54' title="bbox 2188 2978 3788 3052">
     <span class='ocr_line' id='line_1_54' title="bbox 2188 2978 3788 3052; baseline 0.003 -21"><span class='ocrx_word' id='word_1_478' title='bbox 2188 2978 2586 3050; x_wconf 83' lang='grc' dir='ltr'><em>σημαινόμενον</em></span> <span class='ocrx_word' id='word_1_479' title='bbox 2617 2980 2715 3051; x_wconf 79' lang='grc' dir='ltr'><em>τῆς</em></span> <span class='ocrx_word' id='word_1_480' title='bbox 2753 2979 2917 3051; x_wconf 80' lang='grc' dir='ltr'><em>εὐχῆς</em></span> <span class='ocrx_word' id='word_1_481' title='bbox 2949 2979 3006 3032; x_wconf 79' lang='grc' dir='ltr'><em>ἔν</em></span> <span class='ocrx_word' id='word_1_482' title='bbox 3048 2997 3109 3032; x_wconf 88' lang='grc' dir='ltr'><strong><em>τε</em></strong></span> <span class='ocrx_word' id='word_1_483' title='bbox 3143 2980 3272 3050; x_wconf 73' lang='grc' dir='ltr'><em>περὶ</em></span> <span class='ocrx_word' id='word_1_484' title='bbox 3304 2979 3404 3050; x_wconf 80' lang='grc' dir='ltr'><em>τῆς</em></span> <span class='ocrx_word' id='word_1_485' title='bbox 3425 2979 3539 3051; x_wconf 70' lang='grc'>(24)</span> <span class='ocrx_word' id='word_1_486' title='bbox 3571 2981 3788 3052; x_wconf 76' lang='grc' dir='ltr'><em>’Δννης</em></span> 
     </span>
    </p>
   </div>
   <div class='ocr_carea' id='block_1_55' title="bbox 2186 3067 3782 3142">
    <p class='ocr_par' dir='ltr' id='par_1_55' title="bbox 2186 3067 3782 3142">
     <span class='ocr_line' id='line_1_55' title="bbox 2186 3067 3782 3142; baseline 0.003 -23"><span class='ocrx_word' id='word_1_487' title='bbox 2186 3067 2497 3139; x_wconf 82' lang='grc' dir='ltr'><em>λεγομένοις</em></span> <span class='ocrx_word' id='word_1_488' title='bbox 2567 3071 2626 3124; x_wconf 81' lang='grc' dir='ltr'><em>ὲν</em></span> <span class='ocrx_word' id='word_1_489' title='bbox 2676 3072 2742 3141; x_wconf 79' lang='grc' dir='ltr'><em>τῇ</em></span> <span class='ocrx_word' id='word_1_490' title='bbox 2807 3068 2998 3142; x_wconf 80' lang='grc' dir='ltr'><strong><em>πρώτῃ</em></strong></span> <span class='ocrx_word' id='word_1_491' title='bbox 3055 3069 3164 3123; x_wconf 85' lang='grc' dir='ltr'><em>τῶν</em></span> <span class='ocrx_word' id='word_1_492' title='bbox 3241 3070 3581 3127; x_wconf 74' lang='grc' dir='ltr'><em>Βασιλειῶνο</em></span> <span class='ocrx_word' id='word_1_493' title='bbox 3660 3071 3782 3124; x_wconf 86' lang='lat' dir='ltr'><strong><em>Kal</em></strong></span> 
     </span>
    </p>
   </div>
   <div class='ocr_carea' id='block_1_56' title="bbox 2201 3160 3791 3232">
    <p class='ocr_par' dir='ltr' id='par_1_56' title="bbox 2201 3160 3791 3232">
     <span class='ocr_line' id='line_1_56' title="bbox 2201 3160 3791 3232; baseline 0.001 -17"><span class='ocrx_word' id='word_1_494' title='bbox 2201 3162 2358 3216; x_wconf 77' lang='grc' dir='ltr'><em>Ἠλεὶ</em></span> <span class='ocrx_word' id='word_1_495' title='bbox 2390 3165 2424 3216; x_wconf 85' lang='lat' dir='ltr'><strong><em>d</em></strong></span> <span class='ocrx_word' id='word_1_496' title='bbox 2455 3161 2646 3230; x_wconf 83' lang='grc' dir='ltr'><em>ίερεὺς</em></span> <span class='ocrx_word' id='word_1_497' title='bbox 2695 3160 2946 3228; x_wconf 81' lang='grc' dir='ltr'><em>ἐκάθητο</em></span> <span class='ocrx_word' id='word_1_498' title='bbox 2994 3161 3094 3215; x_wconf 83' lang='grc' dir='ltr'><strong><em>ἐπὶ</em></strong></span> <span class='ocrx_word' id='word_1_499' title='bbox 3136 3161 3352 3229; x_wconf 86' lang='grc' dir='ltr'><em>θρόνου</em></span> <span class='ocrx_word' id='word_1_500' title='bbox 3405 3161 3508 3216; x_wconf 79' lang='grc' dir='ltr'><strong><em>ἐπὶ</em></strong></span> <span class='ocrx_word' id='word_1_501' title='bbox 3579 3160 3791 3232; x_wconf 68' lang='grc' dir='ltr'><em>φλιῶν</em></span> 
     </span>
    </p>
   </div>
   <div class='ocr_carea' id='block_1_57' title="bbox 2184 3249 3786 3322">
    <p class='ocr_par' dir='ltr' id='par_1_57' title="bbox 2184 3249 3786 3322">
     <span class='ocr_line' id='line_1_57' title="bbox 2184 3249 3786 3322; baseline 0.004 -20"><span class='ocrx_word' id='word_1_502' title='bbox 2184 3253 2332 3306; x_wconf 82' lang='grc' dir='ltr'><em>ναοῦ</em></span> <span class='ocrx_word' id='word_1_503' title='bbox 2359 3253 2599 3320; x_wconf 81' lang='grc' dir='ltr'><em>Κυρίου,</em></span> <span class='ocrx_word' id='word_1_504' title='bbox 2655 3250 2754 3305; x_wconf 83' lang='lat' dir='ltr'><strong><em>real</em></strong></span> <span class='ocrx_word' id='word_1_505' title='bbox 2784 3251 2938 3320; x_wconf 81' lang='grc' dir='ltr'><em>αὑτὴ</em></span> <span class='ocrx_word' id='word_1_506' title='bbox 2971 3249 3145 3320; x_wconf 76' lang='grc' dir='ltr'><em>ψυχῇ</em></span> <span class='ocrx_word' id='word_1_507' title='bbox 3175 3251 3389 3319; x_wconf 81' lang='grc' dir='ltr'><em>πικρᾷ·</em></span> <span class='ocrx_word' id='word_1_508' title='bbox 3436 3253 3538 3307; x_wconf 78' lang='lat' dir='ltr'><strong><em>real</em></strong></span> <span class='ocrx_word' id='word_1_509' title='bbox 3578 3269 3786 3322; x_wconf 79' lang='grc' dir='ltr'><em>προσ-</em></span> 
     </span>
    </p>
   </div>
   <div class='ocr_carea' id='block_1_58' title="bbox 2182 3340 3786 3411">
    <p class='ocr_par' dir='ltr' id='par_1_58' title="bbox 2182 3340 3786 3411">
     <span class='ocr_line' id='line_1_58' title="bbox 2182 3340 3786 3411; baseline 0.003 -17"><span class='ocrx_word' id='word_1_510' title='bbox 2182 3341 2410 3408; x_wconf 79' lang='grc' dir='ltr'><em>ηὐξατο</em></span> <span class='ocrx_word' id='word_1_511' title='bbox 2463 3340 2613 3410; x_wconf 75' lang='grc' dir='ltr'><em>πρὸς</em></span> <span class='ocrx_word' id='word_1_512' title='bbox 2656 3342 2909 3409; x_wconf 83' lang='grc' dir='ltr'><em>Κύριον·</em></span> <span class='ocrx_word' id='word_1_513' title='bbox 2962 3341 3060 3394; x_wconf 83' lang='grc' dir='ltr'><em>καὶ</em></span> <span class='ocrx_word' id='word_1_514' title='bbox 3133 3341 3418 3411; x_wconf 84' lang='grc' dir='ltr'><em>κλαυθμῷ</em></span> <span class='ocrx_word' id='word_1_515' title='bbox 3476 3343 3786 3407; x_wconf 59' lang='lat' dir='ltr'><strong><em>sedavere,</em></strong></span> 
     </span>
    </p>
   </div>
   <div class='ocr_carea' id='block_1_59' title="bbox 2183 3432 3781 3505">
    <p class='ocr_par' dir='ltr' id='par_1_59' title="bbox 2183 3432 3781 3505">
     <span class='ocr_line' id='line_1_59' title="bbox 2183 3432 3781 3505; baseline 0.003 -20"><span class='ocrx_word' id='word_1_516' title='bbox 2183 3434 2281 3487; x_wconf 79' lang='lat' dir='ltr'><strong><em>real</em></strong></span> <span class='ocrx_word' id='word_1_517' title='bbox 2309 3433 2534 3501; x_wconf 80' lang='grc' dir='ltr'><em>ηὔξατο</em></span> <span class='ocrx_word' id='word_1_518' title='bbox 2562 3432 2755 3502; x_wconf 81' lang='grc' dir='ltr'><em>εὐχὴν</em></span> <span class='ocrx_word' id='word_1_519' title='bbox 2772 3432 2869 3486; x_wconf 79' lang='grc' dir='ltr'><em>καὶ</em></span> <span class='ocrx_word' id='word_1_520' title='bbox 2900 3433 3029 3485; x_wconf 80' lang='grc' dir='ltr'><em>εἷπε</em></span> <span class='ocrx_word' id='word_1_521' title='bbox 3045 3448 3058 3462; x_wconf 67' lang='grc' dir='ltr'><strong>ο</strong></span> <span class='ocrx_word' id='word_1_522' title='bbox 3082 3433 3259 3501; x_wconf 85' lang='grc' dir='ltr'><em>Κύριε</em></span> <span class='ocrx_word' id='word_1_523' title='bbox 3284 3433 3402 3486; x_wconf 85' lang='grc' dir='ltr'><em>τῶν</em></span> <span class='ocrx_word' id='word_1_524' title='bbox 3426 3433 3781 3505; x_wconf 69' lang='grc' dir='ltr'><em>δυνάμεων,</em></span> 
     </span>
    </p>
   </div>
   <div class='ocr_carea' id='block_1_60' title="bbox 2181 3525 3791 3597">
    <p class='ocr_par' dir='ltr' id='par_1_60' title="bbox 2181 3525 3791 3597">
     <span class='ocr_line' id='line_1_60' title="bbox 2181 3525 3791 3597; baseline 0.002 -18"><span class='ocrx_word' id='word_1_525' title='bbox 2181 3525 2580 3595; x_wconf 69' lang='grc' dir='ltr'><em>ἐὰνέεροράσει</em></span> <span class='ocrx_word' id='word_1_526' title='bbox 2604 3525 2820 3594; x_wconf 82' lang='grc' dir='ltr'><em>ἐπίδῃς</em></span> <span class='ocrx_word' id='word_1_527' title='bbox 2849 3525 2946 3579; x_wconf 78' lang='grc' dir='ltr'><strong><em>ἐπὶ</em></strong></span> <span class='ocrx_word' id='word_1_528' title='bbox 2981 3525 3093 3592; x_wconf 83' lang='grc' dir='ltr'><em>τὴν</em></span> <span class='ocrx_word' id='word_1_529' title='bbox 3125 3527 3489 3580; x_wconf 83' lang='grc' dir='ltr'><em>ταπείνωσιν</em></span> <span class='ocrx_word' id='word_1_530' title='bbox 3508 3528 3618 3597; x_wconf 83' lang='grc' dir='ltr'><em>τῆς</em></span> <span class='ocrx_word' id='word_1_531' title='bbox 3629 3528 3791 3582; x_wconf 78' lang='grc' dir='ltr'><em>δού-</em></span> 
     </span>
    </p>
   </div>
   <div class='ocr_carea' id='block_1_61' title="bbox 509 3533 2081 3610">
    <p class='ocr_par' dir='ltr' id='par_1_61' title="bbox 509 3533 2081 3610">
     <span class='ocr_line' id='line_1_61' title="bbox 509 3533 2081 3610; baseline -0.001 -23"><span class='ocrx_word' id='word_1_532' title='bbox 509 3535 701 3587; x_wconf 87' lang='lat' dir='ltr'><strong><em>videris</em></strong></span> <span class='ocrx_word' id='word_1_533' title='bbox 755 3533 1085 3604; x_wconf 76' lang='lat' dir='ltr'><strong><em>aﬂlietionem</em></strong></span> <span class='ocrx_word' id='word_1_534' title='bbox 1130 3533 1346 3610; x_wconf 72' lang='lat' dir='ltr'><strong><em>famula:</em></strong></span> <span class='ocrx_word' id='word_1_535' title='bbox 1390 3545 1517 3599; x_wconf 70' lang='lat' dir='ltr'><strong><em>tua,</em></strong></span> <span class='ocrx_word' id='word_1_536' title='bbox 1557 3545 1603 3586; x_wconf 89' lang='lat' dir='ltr'><strong><em>et</em></strong></span> <span class='ocrx_word' id='word_1_537' title='bbox 1639 3533 1943 3587; x_wconf 89' lang='lat' dir='ltr'><strong><em>recordatus</em></strong></span> <span class='ocrx_word' id='word_1_538' title='bbox 1980 3533 2081 3586; x_wconf 82' lang='lat' dir='ltr'><strong><em>mei</em></strong></span> 
     </span>
    </p>
   </div>
   <div class='ocr_carea' id='block_1_62' title="bbox 510 3615 2083 3694">
    <p class='ocr_par' dir='ltr' id='par_1_62' title="bbox 510 3625 2080 3694">
     <span class='ocr_line' id='line_1_62' title="bbox 510 3625 2080 3694; baseline 0 -17"><span class='ocrx_word' id='word_1_539' title='bbox 510 3626 699 3692; x_wconf 79' lang='lat' dir='ltr'><strong><em>fueris,</em></strong></span> <span class='ocrx_word' id='word_1_540' title='bbox 736 3641 828 3678; x_wconf 88' lang='lat' dir='ltr'><strong><em>nec</em></strong></span> <span class='ocrx_word' id='word_1_541' title='bbox 859 3625 1050 3680; x_wconf 85' lang='lat' dir='ltr'><strong><em>oblitus</em></strong></span> <span class='ocrx_word' id='word_1_542' title='bbox 1071 3625 1281 3679; x_wconf 70' lang='lat' dir='ltr'><strong><em>ancilla:</em></strong></span> <span class='ocrx_word' id='word_1_543' title='bbox 1311 3635 1436 3690; x_wconf 70' lang='lat' dir='ltr'><strong><em>tua&#39;,</em></strong></span> <span class='ocrx_word' id='word_1_544' title='bbox 1463 3625 1771 3694; x_wconf 83' lang='lat' dir='ltr'><strong><em>dederisque</em></strong></span> <span class='ocrx_word' id='word_1_545' title='bbox 1793 3640 1952 3679; x_wconf 77' lang='lat' dir='ltr'><strong><em>serva:</em></strong></span> <span class='ocrx_word' id='word_1_546' title='bbox 1975 3633 2080 3677; x_wconf 77' lang='lat' dir='ltr'><strong><em>tua:</em></strong></span> 
     </span>
    </p>
   </div>
   <div class='ocr_carea' id='block_1_63' title="bbox 2184 3615 3788 3694">
    <p class='ocr_par' dir='ltr' id='par_1_63' title="bbox 2184 3615 3788 3687">
     <span class='ocr_line' id='line_1_63' title="bbox 2184 3615 3788 3687; baseline 0 -17"><span class='ocrx_word' id='word_1_547' title='bbox 2184 3619 2296 3684; x_wconf 84' lang='grc' dir='ltr'><strong><em>λης</em></strong></span> <span class='ocrx_word' id='word_1_548' title='bbox 2329 3631 2468 3680; x_wconf 90' lang='grc' dir='ltr'><em>σου,</em></span> <span class='ocrx_word' id='word_1_549' title='bbox 2500 3615 2598 3670; x_wconf 76' lang='lat' dir='ltr'><strong><em>real</em></strong></span> <span class='ocrx_word' id='word_1_550' title='bbox 2622 3615 2903 3686; x_wconf 75' lang='grc' dir='ltr'><em>μνησθῇς</em></span> <span class='ocrx_word' id='word_1_551' title='bbox 2935 3635 3077 3687; x_wconf 87' lang='grc' dir='ltr'><em>μου,</em></span> <span class='ocrx_word' id='word_1_552' title='bbox 3111 3618 3210 3672; x_wconf 80' lang='grc' dir='ltr'><em>καὶ</em></span> <span class='ocrx_word' id='word_1_553' title='bbox 3239 3616 3325 3686; x_wconf 78' lang='grc' dir='ltr'><em>μὴ</em></span> <span class='ocrx_word' id='word_1_554' title='bbox 3360 3617 3628 3686; x_wconf 80' lang='grc' dir='ltr'><em>ἑπιλάθῃ</em></span> <span class='ocrx_word' id='word_1_555' title='bbox 3655 3616 3788 3685; x_wconf 78' lang='grc' dir='ltr'><strong><em>τῆς</em></strong></span> 
     </span>
    </p>
   </div>
   <div class='ocr_carea' id='block_1_64' title="bbox 2180 3706 3787 3782">
    <p class='ocr_par' dir='ltr' id='par_1_64' title="bbox 2180 3706 3787 3782">
     <span class='ocr_line' id='line_1_64' title="bbox 2180 3706 3787 3782; baseline 0.003 -23"><span class='ocrx_word' id='word_1_556' title='bbox 2180 3706 2405 3775; x_wconf 79' lang='grc' dir='ltr'><em>δούλης</em></span> <span class='ocrx_word' id='word_1_557' title='bbox 2433 3722 2570 3773; x_wconf 88' lang='grc' dir='ltr'><em>σου,</em></span> <span class='ocrx_word' id='word_1_558' title='bbox 2603 3709 2702 3764; x_wconf 77' lang='grc' dir='ltr'><em>καὶ</em></span> <span class='ocrx_word' id='word_1_559' title='bbox 2745 3709 2862 3776; x_wconf 84' lang='grc' dir='ltr'><em>δῷς</em></span> <span class='ocrx_word' id='word_1_560' title='bbox 2890 3709 2965 3779; x_wconf 84' lang='grc' dir='ltr'><em>τῇ</em></span> <span class='ocrx_word' id='word_1_561' title='bbox 2995 3710 3185 3778; x_wconf 87' lang='grc' dir='ltr'><em>δούλῃ</em></span> <span class='ocrx_word' id='word_1_562' title='bbox 3225 3725 3342 3764; x_wconf 91' lang='grc' dir='ltr'><strong><em>σου</em></strong></span> <span class='ocrx_word' id='word_1_563' title='bbox 3381 3711 3623 3782; x_wconf 83' lang='grc' dir='ltr'><em>σπέρμα</em></span> <span class='ocrx_word' id='word_1_564' title='bbox 3653 3712 3787 3767; x_wconf 70' lang='grc' dir='ltr'><strong><em>ἀν-</em></strong></span> 
     </span>
    </p>
   </div>
   <div class='ocr_carea' id='block_1_65' title="bbox 2184 3796 3790 3871">
    <p class='ocr_par' dir='ltr' id='par_1_65' title="bbox 2184 3796 3790 3871">
     <span class='ocr_line' id='line_1_65' title="bbox 2184 3796 3790 3871; baseline 0.006 -23"><span class='ocrx_word' id='word_1_565' title='bbox 2184 3796 2342 3864; x_wconf 84' lang='grc' dir='ltr'><em>δρὸς,</em></span> <span class='ocrx_word' id='word_1_566' title='bbox 2391 3798 2489 3852; x_wconf 79' lang='grc' dir='ltr'><em>καὶ</em></span> <span class='ocrx_word' id='word_1_567' title='bbox 2533 3799 2704 3854; x_wconf 87' lang='grc' dir='ltr'><em>δώσω</em></span> <span class='ocrx_word' id='word_1_568' title='bbox 2753 3800 2942 3854; x_wconf 82' lang='grc' dir='ltr'><em>αὐτὸν</em></span> <span class='ocrx_word' id='word_1_569' title='bbox 2987 3800 3068 3867; x_wconf 87' lang='grc' dir='ltr'><em>τῷ</em></span> <span class='ocrx_word' id='word_1_570' title='bbox 3119 3803 3314 3871; x_wconf 75' lang='lat' dir='ltr'><strong><em>Kvplq)</em></strong></span> <span class='ocrx_word' id='word_1_571' title='bbox 3343 3802 3527 3856; x_wconf 86' lang='grc' dir='ltr'><em>δοτὸν</em></span> <span class='ocrx_word' id='word_1_572' title='bbox 3559 3802 3790 3870; x_wconf 82' lang='grc' dir='ltr'><em>πάσας</em></span> 
     </span>
    </p>
   </div>
   <div class='ocr_carea' id='block_1_66' title="bbox 2182 3889 3788 3964">
    <p class='ocr_par' dir='ltr' id='par_1_66' title="bbox 2182 3889 3788 3964">
     <span class='ocr_line' id='line_1_66' title="bbox 2182 3889 3788 3964; baseline 0.006 -24"><span class='ocrx_word' id='word_1_573' title='bbox 2182 3889 2288 3954; x_wconf 84' lang='grc' dir='ltr'><strong><em>τὰς</em></strong></span> <span class='ocrx_word' id='word_1_574' title='bbox 2334 3890 2560 3960; x_wconf 79' lang='grc' dir='ltr'><em>ἡμέρας</em></span> <span class='ocrx_word' id='word_1_575' title='bbox 2607 3891 2719 3961; x_wconf 84' lang='grc' dir='ltr'><em>τῆς</em></span> <span class='ocrx_word' id='word_1_576' title='bbox 2769 3890 2915 3960; x_wconf 76' lang='grc' dir='ltr'><em>ζωῆς</em></span> <span class='ocrx_word' id='word_1_577' title='bbox 2969 3894 3190 3947; x_wconf 86' lang='grc' dir='ltr'><em>αὐτοῦ·</em></span> <span class='ocrx_word' id='word_1_578' title='bbox 3224 3895 3322 3948; x_wconf 75' lang='grc' dir='ltr'><em>καὶ</em></span> <span class='ocrx_word' id='word_1_579' title='bbox 3361 3894 3618 3964; x_wconf 85' lang='grc' dir='ltr'><em>σίδηρος</em></span> <span class='ocrx_word' id='word_1_580' title='bbox 3647 3897 3788 3949; x_wconf 76' lang='grc' dir='ltr'><em>οὐκ</em></span> 
     </span>
    </p>
   </div>
   <div class='ocr_carea' id='block_1_67' title="bbox 2178 3970 3789 4054">
    <p class='ocr_par' dir='ltr' id='par_1_67' title="bbox 2178 3970 3789 4054">
     <span class='ocr_line' id='line_1_67' title="bbox 2178 3970 3789 4054; baseline 0.006 -22"><span class='ocrx_word' id='word_1_581' title='bbox 2178 3981 2541 4047; x_wconf 79' lang='grc' dir='ltr'><em>ἀναϐήσεται</em></span> <span class='ocrx_word' id='word_1_582' title='bbox 2593 3983 2692 4036; x_wconf 76' lang='grc' dir='ltr'><strong><em>ἐπὶ</em></strong></span> <span class='ocrx_word' id='word_1_583' title='bbox 2754 3982 2870 4051; x_wconf 81' lang='grc' dir='ltr'><em>τὴν</em></span> <span class='ocrx_word' id='word_1_584' title='bbox 2925 3984 3200 4054; x_wconf 70' lang='grc' dir='ltr'><em>κεφαλὴν</em></span> <span class='ocrx_word' id='word_1_585' title='bbox 3225 3970 3464 4041; x_wconf 74' lang='grc' dir='ltr'><em>ἀὺτοῦ.</em></span> <span class='ocrx_word' id='word_1_586' title='bbox 3526 3989 3789 4041; x_wconf 81' lang='grc' dir='ltr'><em>Δύναται</em></span> 
     </span>
    </p>
   </div>
   <div class='ocr_carea' id='block_1_68' title="bbox 507 3716 2079 3783">
    <p class='ocr_par' dir='ltr' id='par_1_68' title="bbox 507 3716 2079 3783">
     <span class='ocr_line' id='line_1_68' title="bbox 507 3716 2079 3783; baseline -0.001 -12"><span class='ocrx_word' id='word_1_587' title='bbox 507 3735 689 3771; x_wconf 76' lang='lat' dir='ltr'><strong><em>sexum</em></strong></span> <span class='ocrx_word' id='word_1_588' title='bbox 730 3716 968 3783; x_wconf 88' lang='lat' dir='ltr'><strong><em>virilem;</em></strong></span> <span class='ocrx_word' id='word_1_589' title='bbox 1015 3719 1152 3771; x_wconf 87' lang='lat' dir='ltr'><strong><em>dabo</em></strong></span> <span class='ocrx_word' id='word_1_590' title='bbox 1185 3734 1302 3772; x_wconf 91' lang='lat' dir='ltr'><strong><em>eum</em></strong></span> <span class='ocrx_word' id='word_1_591' title='bbox 1342 3717 1568 3772; x_wconf 89' lang='lat' dir='ltr'><strong><em>Domino</em></strong></span> <span class='ocrx_word' id='word_1_592' title='bbox 1612 3717 1853 3772; x_wconf 87' lang='lat' dir='ltr'><strong><em>omnibus</em></strong></span> <span class='ocrx_word' id='word_1_593' title='bbox 1895 3716 2079 3770; x_wconf 87' lang='lat' dir='ltr'><strong><em>diebus</em></strong></span> 
     </span>
    </p>
   </div>
   <div class='ocr_carea' id='block_1_69' title="bbox 507 3805 2078 3876">
    <p class='ocr_par' dir='ltr' id='par_1_69' title="bbox 507 3805 2078 3876">
     <span class='ocr_line' id='line_1_69' title="bbox 507 3805 2078 3876; baseline -0.001 -17"><span class='ocrx_word' id='word_1_594' title='bbox 507 3808 627 3860; x_wconf 76' lang='lat' dir='ltr'><strong><em>vita:</em></strong></span> <span class='ocrx_word' id='word_1_595' title='bbox 670 3806 804 3869; x_wconf 78' lang='lat' dir='ltr'><strong><em>eius,</em></strong></span> <span class='ocrx_word' id='word_1_596' title='bbox 857 3815 905 3859; x_wconf 90' lang='lat' dir='ltr'><strong><em>et</em></strong></span> <span class='ocrx_word' id='word_1_597' title='bbox 961 3805 1218 3859; x_wconf 81' lang='lat' dir='ltr'><strong><em>novacula</em></strong></span> <span class='ocrx_word' id='word_1_598' title='bbox 1270 3823 1372 3860; x_wconf 89' lang='lat' dir='ltr'><strong><em>non</em></strong></span> <span class='ocrx_word' id='word_1_599' title='bbox 1422 3806 1662 3860; x_wconf 88' lang='lat' dir='ltr'><strong><em>ascendet</em></strong></span> <span class='ocrx_word' id='word_1_600' title='bbox 1722 3822 1880 3874; x_wconf 87' lang='lat' dir='ltr'><strong><em>super</em></strong></span> <span class='ocrx_word' id='word_1_601' title='bbox 1920 3814 2078 3876; x_wconf 80' lang='lat' dir='ltr'><strong><em>caput</em></strong></span> 
     </span>
    </p>
   </div>
   <div class='ocr_carea' id='block_1_70' title="bbox 505 3897 2080 3968">
    <p class='ocr_par' dir='ltr' id='par_1_70' title="bbox 505 3897 2080 3968">
     <span class='ocr_line' id='line_1_70' title="bbox 505 3897 2080 3968; baseline -0.001 -16"><span class='ocrx_word' id='word_1_602' title='bbox 505 3899 621 3968; x_wconf 87' lang='lat' dir='ltr'><strong><em>ejus</em></strong></span> <span class='ocrx_word' id='word_1_603' title='bbox 647 3900 710 3952; x_wconf 78' lang='grc'><strong><em>³⁵.</em></strong></span> <span class='ocrx_word' id='word_1_604' title='bbox 740 3899 929 3953; x_wconf 84' lang='lat' dir='ltr'><strong><em>Posset</em></strong></span> <span class='ocrx_word' id='word_1_605' title='bbox 983 3908 1166 3953; x_wconf 86' lang='lat' dir='ltr'><strong><em>tamen</em></strong></span> <span class='ocrx_word' id='word_1_606' title='bbox 1217 3899 1414 3968; x_wconf 85' lang='lat' dir='ltr'><strong><em>aliquis</em></strong></span> <span class='ocrx_word' id='word_1_607' title='bbox 1461 3913 1570 3953; x_wconf 92' lang='lat' dir='ltr'><strong><em>non</em></strong></span> <span class='ocrx_word' id='word_1_608' title='bbox 1604 3897 1951 3968; x_wconf 80' lang='lat' dir='ltr'><strong><em>improbabili</em></strong></span> <span class='ocrx_word' id='word_1_609' title='bbox 1993 3913 2080 3950; x_wconf 87' lang='lat' dir='ltr'><strong><em>ra-</em></strong></span> 
     </span>
    </p>
   </div>
   <div class='ocr_carea' id='block_1_71' title="bbox 509 3989 2077 4047">
    <p class='ocr_par' dir='ltr' id='par_1_71' title="bbox 509 3989 2077 4047">
     <span class='ocr_line' id='line_1_71' title="bbox 509 3989 2077 4047; baseline 0 -3"><span class='ocrx_word' id='word_1_610' title='bbox 509 3993 657 4046; x_wconf 84' lang='lat' dir='ltr'><strong><em>tione</em></strong></span> <span class='ocrx_word' id='word_1_611' title='bbox 689 3991 958 4046; x_wconf 87' lang='lat' dir='ltr'><strong><em>insistens</em></strong></span> <span class='ocrx_word' id='word_1_612' title='bbox 1008 3991 1094 4047; x_wconf 80' lang='lat' dir='ltr'><strong><em>liis</em></strong></span> <span class='ocrx_word' id='word_1_613' title='bbox 1125 3993 1308 4047; x_wconf 81' lang='lat' dir='ltr'><strong><em>verbis</em></strong></span> <span class='ocrx_word' id='word_1_614' title='bbox 1344 4011 1358 4047; x_wconf 90' lang='lat'><strong>:</strong></span> <span class='ocrx_word' id='word_1_615' title='bbox 1391 3989 1576 4046; x_wconf 87' lang='lat' dir='ltr'><strong><em>Oravit</em></strong></span> <span class='ocrx_word' id='word_1_616' title='bbox 1607 3992 1678 4044; x_wconf 86' lang='lat' dir='ltr'><strong><em>ad</em></strong></span> <span class='ocrx_word' id='word_1_617' title='bbox 1718 3991 1998 4045; x_wconf 89' lang='lat' dir='ltr'><strong><em>Dominum</em></strong></span> <span class='ocrx_word' id='word_1_618' title='bbox 2029 4002 2077 4044; x_wconf 91' lang='lat' dir='ltr'><strong><em>et</em></strong></span> 
     </span>
    </p>
   </div>
   <div class='ocr_carea' id='block_1_72' title="bbox 505 4072 2083 4151">
    <p class='ocr_par' dir='ltr' id='par_1_72' title="bbox 505 4080 2073 4151">
     <span class='ocr_line' id='line_1_72' title="bbox 505 4080 2073 4151; baseline -0.001 -17"><span class='ocrx_word' id='word_1_619' title='bbox 505 4093 676 4136; x_wconf 85' lang='lat' dir='ltr'><strong><em>votum</em></strong></span> <span class='ocrx_word' id='word_1_620' title='bbox 707 4082 860 4146; x_wconf 84' lang='lat' dir='ltr'><strong><em>vovit,</em></strong></span> <span class='ocrx_word' id='word_1_621' title='bbox 892 4083 1091 4147; x_wconf 89' lang='lat' dir='ltr'><strong><em>dicere,</em></strong></span> <span class='ocrx_word' id='word_1_622' title='bbox 1122 4082 1174 4141; x_wconf 90' lang='lat' dir='ltr'><strong><em>si</em></strong></span> <span class='ocrx_word' id='word_1_623' title='bbox 1202 4090 1493 4151; x_wconf 86' lang='lat' dir='ltr'><strong><em>utrumque</em></strong></span> <span class='ocrx_word' id='word_1_624' title='bbox 1529 4081 1614 4134; x_wconf 86' lang='lat' dir='ltr'><strong><em>illa</em></strong></span> <span class='ocrx_word' id='word_1_625' title='bbox 1658 4080 1807 4148; x_wconf 82' lang='lat' dir='ltr'><strong><em>fecit,</em></strong></span> <span class='ocrx_word' id='word_1_626' title='bbox 1843 4082 1944 4135; x_wconf 92' lang='lat' dir='ltr'><strong><em>hoc</em></strong></span> <span class='ocrx_word' id='word_1_627' title='bbox 1967 4089 2073 4146; x_wconf 90' lang='lat' dir='ltr'><strong><em>est,</em></strong></span> 
     </span>
    </p>
   </div>
   <div class='ocr_carea' id='block_1_73' title="bbox 2184 4072 3787 4151">
    <p class='ocr_par' dir='ltr' id='par_1_73' title="bbox 2184 4072 3787 4151">
     <span class='ocr_line' id='line_1_73' title="bbox 2184 4072 3787 4151; baseline 0.005 -26"><span class='ocrx_word' id='word_1_628' title='bbox 2184 4072 2364 4142; x_wconf 84' lang='grc' dir='ltr'><em>μέντοι</em></span> <span class='ocrx_word' id='word_1_629' title='bbox 2385 4072 2452 4140; x_wconf 78' lang='grc' dir='ltr'><em>γέ</em></span> <span class='ocrx_word' id='word_1_630' title='bbox 2478 4089 2564 4137; x_wconf 86' lang='grc' dir='ltr'><strong><em>τις</em></strong></span> <span class='ocrx_word' id='word_1_631' title='bbox 2585 4075 2686 4128; x_wconf 81' lang='grc' dir='ltr'><strong><em>οὐκ</em></strong></span> <span class='ocrx_word' id='word_1_632' title='bbox 2716 4075 2992 4141; x_wconf 83' lang='grc' dir='ltr'><em>ἀπιθάνως</em></span> <span class='ocrx_word' id='word_1_633' title='bbox 3033 4076 3284 4143; x_wconf 79' lang='grc' dir='ltr'><em>ἐνταῦθα,</em></span> <span class='ocrx_word' id='word_1_634' title='bbox 3323 4079 3626 4150; x_wconf 80' lang='grc' dir='ltr'><em>ἐπιστήσας</em></span> <span class='ocrx_word' id='word_1_635' title='bbox 3655 4080 3787 4151; x_wconf 78' lang='grc' dir='ltr'><em>τῷ,</em></span> 
     </span>
    </p>
   </div>
   <div class='ocr_carea' id='block_1_74' title="bbox 503 4163 2083 4239">
    <p class='ocr_par' dir='ltr' id='par_1_74' title="bbox 503 4171 2075 4237">
     <span class='ocr_line' id='line_1_74' title="bbox 503 4171 2075 4237; baseline -0.003 -7"><span class='ocrx_word' id='word_1_636' title='bbox 503 4175 678 4230; x_wconf 66' lang='lat' dir='ltr'><strong><em>oravit</em></strong></span> <span class='ocrx_word' id='word_1_637' title='bbox 730 4177 797 4228; x_wconf 85' lang='lat' dir='ltr'><strong><em>ad</em></strong></span> <span class='ocrx_word' id='word_1_638' title='bbox 855 4174 1144 4229; x_wconf 85' lang='lat' dir='ltr'><strong><em>Dominum</em></strong></span> <span class='ocrx_word' id='word_1_639' title='bbox 1196 4183 1250 4228; x_wconf 90' lang='lat' dir='ltr'><strong><em>et</em></strong></span> <span class='ocrx_word' id='word_1_640' title='bbox 1299 4182 1479 4227; x_wconf 87' lang='lat' dir='ltr'><strong><em>votum</em></strong></span> <span class='ocrx_word' id='word_1_641' title='bbox 1514 4173 1682 4237; x_wconf 82' lang='lat' dir='ltr'><strong><em>vovit,</em></strong></span> <span class='ocrx_word' id='word_1_642' title='bbox 1713 4185 1905 4226; x_wconf 87' lang='lat' dir='ltr'><strong><em>vocem</em></strong></span> <span class='ocrx_word' id='word_1_643' title='bbox 1935 4171 2075 4225; x_wconf 85' lang='lat' dir='ltr'><strong><em>hanc</em></strong></span> 
     </span>
    </p>
   </div>
   <div class='ocr_carea' id='block_1_75' title="bbox 2184 4163 3786 4239">
    <p class='ocr_par' dir='ltr' id='par_1_75' title="bbox 2184 4163 3786 4239">
     <span class='ocr_line' id='line_1_75' title="bbox 2184 4163 3786 4239; baseline 0.005 -23"><span class='ocrx_word' id='word_1_644' title='bbox 2184 4163 2569 4232; x_wconf 80' lang='grc' dir='ltr'><em>Προσηύξατο</em></span> <span class='ocrx_word' id='word_1_645' title='bbox 2629 4165 2780 4234; x_wconf 83' lang='grc' dir='ltr'><em>πρὸς</em></span> <span class='ocrx_word' id='word_1_646' title='bbox 2827 4168 3067 4236; x_wconf 88' lang='grc' dir='ltr'><em>Κύριον,</em></span> <span class='ocrx_word' id='word_1_647' title='bbox 3116 4169 3213 4222; x_wconf 80' lang='grc' dir='ltr'><strong><em>καὶ</em></strong></span> <span class='ocrx_word' id='word_1_648' title='bbox 3259 4169 3488 4237; x_wconf 77' lang='grc' dir='ltr'><em>ηὔξατο</em></span> <span class='ocrx_word' id='word_1_649' title='bbox 3537 4171 3786 4239; x_wconf 77' lang='grc' dir='ltr'><em>εὐχὴν,</em></span> 
     </span>
    </p>
   </div>
   <div class='ocr_carea' id='block_1_76' title="bbox 501 4257 2083 4341">
    <p class='ocr_par' dir='ltr' id='par_1_76' title="bbox 501 4261 2071 4338">
     <span class='ocr_line' id='line_1_76' title="bbox 501 4261 2071 4338; baseline -0.005 -19"><span class='ocrx_word' id='word_1_650' title='bbox 501 4265 844 4338; x_wconf 76' lang='grc' dir='ltr'><em>προσηύξατο</em></span> <span class='ocrx_word' id='word_1_651' title='bbox 891 4265 1030 4321; x_wconf 73' lang='lat' dir='ltr'><strong><em>forte</em></strong></span> <span class='ocrx_word' id='word_1_652' title='bbox 1078 4279 1174 4334; x_wconf 86' lang='lat' dir='ltr'><strong><em>pro</em></strong></span> <span class='ocrx_word' id='word_1_653' title='bbox 1218 4263 1468 4318; x_wconf 75' lang='lat' dir='ltr'><strong><em>oratione</em></strong></span> <span class='ocrx_word' id='word_1_654' title='bbox 1506 4263 1675 4332; x_wconf 87' lang='lat' dir='ltr'><strong><em>accipi</em></strong></span> <span class='ocrx_word' id='word_1_655' title='bbox 1719 4277 1880 4330; x_wconf 85' lang='lat' dir='ltr'><strong><em>quam</em></strong></span> <span class='ocrx_word' id='word_1_656' title='bbox 1908 4261 2071 4332; x_wconf 82' lang='grc' dir='ltr'><em>εὐχήν</em></span> 
     </span>
    </p>
   </div>
   <div class='ocr_carea' id='block_1_77' title="bbox 2184 4257 3790 4341">
    <p class='ocr_par' dir='ltr' id='par_1_77' title="bbox 2184 4257 3790 4332">
     <span class='ocr_line' id='line_1_77' title="bbox 2184 4257 3790 4332; baseline 0.004 -23"><span class='ocrx_word' id='word_1_657' title='bbox 2184 4259 2374 4309; x_wconf 74' lang='grc' dir='ltr'><em>εἰπεῖν’</em></span> <span class='ocrx_word' id='word_1_658' title='bbox 2411 4257 2490 4310; x_wconf 81' lang='grc' dir='ltr'><em>ὅτι</em></span> <span class='ocrx_word' id='word_1_659' title='bbox 2524 4259 2571 4309; x_wconf 73' lang='grc' dir='ltr'><em>εἰ</em></span> <span class='ocrx_word' id='word_1_660' title='bbox 2604 4257 2673 4310; x_wconf 78' lang='grc' dir='ltr'><em>τὰ</em></span> <span class='ocrx_word' id='word_1_661' title='bbox 2703 4257 2795 4311; x_wconf 89' lang='grc' dir='ltr'><strong><em>δύο</em></strong></span> <span class='ocrx_word' id='word_1_662' title='bbox 2811 4260 3097 4331; x_wconf 83' lang='grc' dir='ltr'><em>πεποίηκε,</em></span> <span class='ocrx_word' id='word_1_663' title='bbox 3129 4260 3374 4314; x_wconf 82' lang='grc' dir='ltr'><em>τουτέστι</em></span> <span class='ocrx_word' id='word_1_664' title='bbox 3409 4261 3790 4332; x_wconf 75' lang='grc' dir='ltr'><em>προσηύξατο</em></span> 
     </span>
    </p>
   </div>
   <div class='ocr_carea' id='block_1_78' title="bbox 503 4346 2083 4423">
    <p class='ocr_par' dir='ltr' id='par_1_78' title="bbox 503 4351 2068 4423">
     <span class='ocr_line' id='line_1_78' title="bbox 503 4351 2068 4423; baseline -0.001 -15"><span class='ocrx_word' id='word_1_665' title='bbox 503 4359 784 4412; x_wconf 87' lang='lat' dir='ltr'><strong><em>nominare</em></strong></span> <span class='ocrx_word' id='word_1_666' title='bbox 837 4352 1251 4422; x_wconf 84' lang='lat' dir='ltr'><strong><em>consuevimus;</em></strong></span> <span class='ocrx_word' id='word_1_667' title='bbox 1285 4355 1403 4408; x_wconf 60' lang='lat' dir='ltr'><strong><em>hare</em></strong></span> <span class='ocrx_word' id='word_1_668' title='bbox 1444 4363 1626 4409; x_wconf 82' lang='lat' dir='ltr'><strong><em>autem</em></strong></span> <span class='ocrx_word' id='word_1_669' title='bbox 1658 4355 1827 4408; x_wconf 87' lang='lat' dir='ltr'><strong><em>verba</em></strong></span> <span class='ocrx_word' id='word_1_670' title='bbox 1863 4351 2068 4423; x_wconf 79' lang='grc' dir='ltr'><em>ηὔξατο</em></span> 
     </span>
    </p>
   </div>
   <div class='ocr_carea' id='block_1_79' title="bbox 2184 4346 3790 4423">
    <p class='ocr_par' dir='ltr' id='par_1_79' title="bbox 2184 4346 3790 4420">
     <span class='ocr_line' id='line_1_79' title="bbox 2184 4346 3790 4420; baseline 0.003 -22"><span class='ocrx_word' id='word_1_671' title='bbox 2184 4346 2312 4418; x_wconf 85' lang='grc' dir='ltr'><em>πρὸς</em></span> <span class='ocrx_word' id='word_1_672' title='bbox 2327 4346 2658 4418; x_wconf 77' lang='grc' dir='ltr'><em>Κύριον,καὶ</em></span> <span class='ocrx_word' id='word_1_673' title='bbox 2682 4347 2884 4418; x_wconf 76' lang='grc' dir='ltr'><em>ηὔξατο</em></span> <span class='ocrx_word' id='word_1_674' title='bbox 2911 4348 3094 4420; x_wconf 77' lang='grc' dir='ltr'><em>εὐχὴν,</em></span> <span class='ocrx_word' id='word_1_675' title='bbox 3117 4350 3324 4420; x_wconf 82' lang='grc' dir='ltr'><em>μήποτε</em></span> <span class='ocrx_word' id='word_1_676' title='bbox 3342 4349 3402 4402; x_wconf 81' lang='grc' dir='ltr'><em>τὸ</em></span> <span class='ocrx_word' id='word_1_677' title='bbox 3433 4350 3533 4420; x_wconf 82' lang='grc' dir='ltr'><em>μὲν</em></span> <span class='ocrx_word' id='word_1_678' title='bbox 3565 4367 3790 4417; x_wconf 73' lang='grc' dir='ltr'><em>προσ-</em></span> 
     </span>
    </p>
   </div>
   <div class='ocr_carea' id='block_1_80' title="bbox 498 4437 2083 4519">
    <p class='ocr_par' dir='ltr' id='par_1_80' title="bbox 498 4443 2066 4519">
     <span class='ocr_line' id='line_1_80' title="bbox 498 4443 2066 4519; baseline 0.001 -19"><span class='ocrx_word' id='word_1_679' title='bbox 498 4447 662 4519; x_wconf 80' lang='grc' dir='ltr'><em>εὐχήν</em></span> <span class='ocrx_word' id='word_1_680' title='bbox 693 4450 881 4503; x_wconf 78' lang='lat' dir='ltr'><strong><em>eodem</em></strong></span> <span class='ocrx_word' id='word_1_681' title='bbox 911 4465 1069 4504; x_wconf 85' lang='lat' dir='ltr'><strong><em>sensu</em></strong></span> <span class='ocrx_word' id='word_1_682' title='bbox 1103 4462 1208 4518; x_wconf 87' lang='lat' dir='ltr'><strong><em>quo</em></strong></span> <span class='ocrx_word' id='word_1_683' title='bbox 1239 4446 1293 4499; x_wconf 89' lang='lat' dir='ltr'><strong><em>in</em></strong></span> <span class='ocrx_word' id='word_1_684' title='bbox 1345 4445 1592 4501; x_wconf 86' lang='lat' dir='ltr'><strong><em>Levitico</em></strong></span> <span class='ocrx_word' id='word_1_685' title='bbox 1621 4454 1674 4498; x_wconf 91' lang='lat' dir='ltr'><strong><em>et</em></strong></span> <span class='ocrx_word' id='word_1_686' title='bbox 1709 4445 1760 4499; x_wconf 92' lang='lat' dir='ltr'><strong><em>in</em></strong></span> <span class='ocrx_word' id='word_1_687' title='bbox 1797 4443 2066 4501; x_wconf 82' lang='lat' dir='ltr'><strong><em>Numeris.</em></strong></span> 
     </span>
    </p>
   </div>
   <div class='ocr_carea' id='block_1_81' title="bbox 2184 4437 3788 4519">
    <p class='ocr_par' dir='ltr' id='par_1_81' title="bbox 2184 4437 3788 4514">
     <span class='ocr_line' id='line_1_81' title="bbox 2184 4437 3788 4514; baseline 0.002 -22"><span class='ocrx_word' id='word_1_688' title='bbox 2184 4437 2399 4506; x_wconf 80' lang='grc' dir='ltr'><em>ηύξατο</em></span> <span class='ocrx_word' id='word_1_689' title='bbox 2415 4439 2506 4491; x_wconf 84' lang='grc' dir='ltr'><strong><em>ἐπὶ</em></strong></span> <span class='ocrx_word' id='word_1_690' title='bbox 2525 4439 2624 4510; x_wconf 82' lang='grc' dir='ltr'><em>τῆς</em></span> <span class='ocrx_word' id='word_1_691' title='bbox 2649 4439 2890 4512; x_wconf 84' lang='grc' dir='ltr'><em>συνήθως</em></span> <span class='ocrx_word' id='word_1_692' title='bbox 2903 4443 3035 4511; x_wconf 80' lang='grc' dir='ltr'><em>ἡμῖν</em></span> <span class='ocrx_word' id='word_1_693' title='bbox 3059 4441 3467 4514; x_wconf 81' lang='grc' dir='ltr'><em>ὀνομαζομένης</em></span> <span class='ocrx_word' id='word_1_694' title='bbox 3495 4441 3788 4496; x_wconf 77' lang='grc' dir='ltr'><em>τέτακται</em></span> 
     </span>
    </p>
   </div>
   <div class='ocr_carea' id='block_1_82' title="bbox 497 4531 2083 4608">
    <p class='ocr_par' dir='ltr' id='par_1_82' title="bbox 497 4536 2068 4594">
     <span class='ocr_line' id='line_1_82' title="bbox 497 4536 2068 4594; baseline -0.002 -2"><span class='ocrx_word' id='word_1_695' title='bbox 497 4538 632 4592; x_wconf 85' lang='lat' dir='ltr'><strong><em>Illud</em></strong></span> <span class='ocrx_word' id='word_1_696' title='bbox 664 4541 807 4594; x_wconf 89' lang='lat' dir='ltr'><strong><em>enim</em></strong></span> <span class='ocrx_word' id='word_1_697' title='bbox 840 4558 852 4593; x_wconf 92' lang='lat'>:</span> <span class='ocrx_word' id='word_1_698' title='bbox 888 4539 1033 4593; x_wconf 86' lang='lat' dir='ltr'><strong><em>Dabo</em></strong></span> <span class='ocrx_word' id='word_1_699' title='bbox 1054 4556 1170 4594; x_wconf 89' lang='lat' dir='ltr'><strong><em>eum</em></strong></span> <span class='ocrx_word' id='word_1_700' title='bbox 1200 4537 1426 4592; x_wconf 92' lang='lat' dir='ltr'><strong><em>Domino</em></strong></span> <span class='ocrx_word' id='word_1_701' title='bbox 1454 4539 1698 4590; x_wconf 84' lang='lat' dir='ltr'><strong><em>omnibus</em></strong></span> <span class='ocrx_word' id='word_1_702' title='bbox 1737 4537 1921 4589; x_wconf 87' lang='lat' dir='ltr'><strong><em>diebus</em></strong></span> <span class='ocrx_word' id='word_1_703' title='bbox 1948 4536 2068 4589; x_wconf 70' lang='lat' dir='ltr'><strong><em>vita</em></strong></span> 
     </span>
    </p>
   </div>
   <div class='ocr_carea' id='block_1_83' title="bbox 2184 4531 3793 4608">
    <p class='ocr_par' dir='ltr' id='par_1_83' title="bbox 2184 4531 3793 4608">
     <span class='ocr_line' id='line_1_83' title="bbox 2184 4531 3793 4608; baseline 0.003 -24"><span class='ocrx_word' id='word_1_704' title='bbox 2184 4531 2368 4602; x_wconf 81' lang='grc' dir='ltr'><em>εὐχῆς,</em></span> <span class='ocrx_word' id='word_1_705' title='bbox 2401 4531 2462 4583; x_wconf 82' lang='grc' dir='ltr'><em>τὸ</em></span> <span class='ocrx_word' id='word_1_706' title='bbox 2515 4531 2571 4584; x_wconf 86' lang='grc' dir='ltr'><em>δὲ</em></span> <span class='ocrx_word' id='word_1_707' title='bbox 2606 4531 2832 4600; x_wconf 79' lang='grc' dir='ltr'><em>ηὔξατο</em></span> <span class='ocrx_word' id='word_1_708' title='bbox 2854 4531 3068 4601; x_wconf 78' lang='grc' dir='ltr'><em>εὐχὴν,</em></span> <span class='ocrx_word' id='word_1_709' title='bbox 3099 4533 3193 4586; x_wconf 73' lang='grc' dir='ltr'><strong><em>ἐπὶ</em></strong></span> <span class='ocrx_word' id='word_1_710' title='bbox 3239 4533 3334 4587; x_wconf 83' lang='grc' dir='ltr'><em>τοῦ</em></span> <span class='ocrx_word' id='word_1_711' title='bbox 3361 4535 3420 4590; x_wconf 83' lang='grc' dir='ltr'><em>ὲν</em></span> <span class='ocrx_word' id='word_1_712' title='bbox 3479 4535 3793 4608; x_wconf 74' lang='grc' dir='ltr'><em>Λευῖτικῷ</em></span> 
     </span>
    </p>
   </div>
   <div class='ocr_carea' id='block_1_84' title="bbox 494 4620 2083 4701">
    <p class='ocr_par' dir='ltr' id='par_1_84' title="bbox 494 4627 2064 4698">
     <span class='ocr_line' id='line_1_84' title="bbox 494 4627 2064 4698; baseline -0.001 -16"><span class='ocrx_word' id='word_1_713' title='bbox 494 4630 628 4698; x_wconf 87' lang='lat' dir='ltr'><strong><em>ejus,</em></strong></span> <span class='ocrx_word' id='word_1_714' title='bbox 677 4641 726 4684; x_wconf 89' lang='lat' dir='ltr'><strong><em>et</em></strong></span> <span class='ocrx_word' id='word_1_715' title='bbox 780 4631 1041 4685; x_wconf 85' lang='lat' dir='ltr'><strong><em>novacula</em></strong></span> <span class='ocrx_word' id='word_1_716' title='bbox 1088 4647 1189 4684; x_wconf 88' lang='lat' dir='ltr'><strong><em>non</em></strong></span> <span class='ocrx_word' id='word_1_717' title='bbox 1241 4628 1485 4683; x_wconf 88' lang='lat' dir='ltr'><strong><em>ascendet</em></strong></span> <span class='ocrx_word' id='word_1_718' title='bbox 1537 4643 1691 4695; x_wconf 88' lang='lat' dir='ltr'><strong><em>super</em></strong></span> <span class='ocrx_word' id='word_1_719' title='bbox 1741 4638 1896 4694; x_wconf 83' lang='lat' dir='ltr'><strong><em>caput</em></strong></span> <span class='ocrx_word' id='word_1_720' title='bbox 1928 4627 2064 4696; x_wconf 82' lang='lat' dir='ltr'><strong><em>ejus,</em></strong></span> 
     </span>
    </p>
   </div>
   <div class='ocr_carea' id='block_1_85' title="bbox 2184 4620 3788 4701">
    <p class='ocr_par' dir='ltr' id='par_1_85' title="bbox 2184 4620 3788 4701">
     <span class='ocr_line' id='line_1_85' title="bbox 2184 4620 3788 4701; baseline 0.006 -28"><span class='ocrx_word' id='word_1_721' title='bbox 2184 4622 2269 4674; x_wconf 70' lang='grc' dir='ltr'><strong><em>καὶ</em></strong></span> <span class='ocrx_word' id='word_1_722' title='bbox 2284 4621 2338 4672; x_wconf 82' lang='grc' dir='ltr'><strong>Ἀ</strong></span> <span class='ocrx_word' id='word_1_723' title='bbox 2349 4620 2428 4691; x_wconf 87' lang='grc' dir='ltr'><strong><em>ριθ</em></strong></span> <span class='ocrx_word' id='word_1_724' title='bbox 2438 4622 2556 4690; x_wconf 86' lang='grc' dir='ltr'><em>μοῖς</em></span> <span class='ocrx_word' id='word_1_725' title='bbox 2571 4620 2904 4692; x_wconf 79' lang='grc' dir='ltr'><em>τεταγμένου</em></span> <span class='ocrx_word' id='word_1_726' title='bbox 2941 4639 3008 4695; x_wconf 92' lang='grc' dir='ltr'><strong><em>ση</em></strong></span> <span class='ocrx_word' id='word_1_727' title='bbox 3017 4622 3342 4693; x_wconf 86' lang='grc' dir='ltr'><em>μαινομένου</em></span> <span class='ocrx_word' id='word_1_728' title='bbox 3373 4624 3507 4696; x_wconf 84' lang='grc'>(25).</span> <span class='ocrx_word' id='word_1_729' title='bbox 3527 4625 3600 4679; x_wconf 83' lang='grc' dir='ltr'><strong><em>Τὸ</em></strong></span> <span class='ocrx_word' id='word_1_730' title='bbox 3611 4627 3698 4695; x_wconf 73' lang='grc' dir='ltr'>γὰ</span> <span class='ocrx_word' id='word_1_731' title='bbox 3707 4646 3788 4701; x_wconf 75' lang='grc' dir='ltr'><em>ρ,</em></span> 
     </span>
    </p>
   </div>
   <div class='ocr_carea' id='block_1_86' title="bbox 494 4709 2083 4791">
    <p class='ocr_par' dir='ltr' id='par_1_86' title="bbox 494 4719 2062 4791">
     <span class='ocr_line' id='line_1_86' title="bbox 494 4719 2062 4791; baseline 0.001 -18"><span class='ocrx_word' id='word_1_732' title='bbox 494 4721 712 4790; x_wconf 86' lang='lat' dir='ltr'><strong><em>proprie</em></strong></span> <span class='ocrx_word' id='word_1_733' title='bbox 778 4735 884 4776; x_wconf 89' lang='lat' dir='ltr'><strong><em>non</em></strong></span> <span class='ocrx_word' id='word_1_734' title='bbox 946 4730 1029 4775; x_wconf 89' lang='lat' dir='ltr'><strong><em>est</em></strong></span> <span class='ocrx_word' id='word_1_735' title='bbox 1083 4721 1384 4791; x_wconf 75' lang='grc' dir='ltr'><em>προσευχὴ,</em></span> <span class='ocrx_word' id='word_1_736' title='bbox 1417 4720 1510 4773; x_wconf 84' lang='lat' dir='ltr'><strong><em>sed</em></strong></span> <span class='ocrx_word' id='word_1_737' title='bbox 1567 4719 1837 4786; x_wconf 88' lang='lat' dir='ltr'><strong><em>ejusmodi</em></strong></span> <span class='ocrx_word' id='word_1_738' title='bbox 1882 4729 2062 4775; x_wconf 82' lang='lat' dir='ltr'><strong><em>votum</em></strong></span> 
     </span>
    </p>
   </div>
   <div class='ocr_carea' id='block_1_87' title="bbox 2184 4709 3796 4791">
    <p class='ocr_par' dir='ltr' id='par_1_87' title="bbox 2184 4709 3796 4786">
     <span class='ocr_line' id='line_1_87' title="bbox 2184 4709 3796 4786; baseline 0.006 -23"><span class='ocrx_word' id='word_1_739' title='bbox 2184 4709 2349 4764; x_wconf 80' lang='grc' dir='ltr'><em>Δώσω</em></span> <span class='ocrx_word' id='word_1_740' title='bbox 2370 4710 2556 4764; x_wconf 78' lang='grc' dir='ltr'><em>αὑτὸν</em></span> <span class='ocrx_word' id='word_1_741' title='bbox 2577 4713 2770 4778; x_wconf 84' lang='grc' dir='ltr'><em>Κυρίῳ</em></span> <span class='ocrx_word' id='word_1_742' title='bbox 2801 4709 2978 4764; x_wconf 86' lang='grc' dir='ltr'><em>δοτὸν</em></span> <span class='ocrx_word' id='word_1_743' title='bbox 3005 4711 3207 4778; x_wconf 85' lang='grc' dir='ltr'><em>πάσας</em></span> <span class='ocrx_word' id='word_1_744' title='bbox 3237 4712 3343 4779; x_wconf 83' lang='grc' dir='ltr'><em>τὰς</em></span> <span class='ocrx_word' id='word_1_745' title='bbox 3372 4715 3590 4784; x_wconf 74' lang='grc' dir='ltr'><em>ἡμέρας</em></span> <span class='ocrx_word' id='word_1_746' title='bbox 3631 4718 3796 4786; x_wconf 76' lang='grc' dir='ltr'><strong><em>τῆς</em></strong></span> 
     </span>
    </p>
   </div>
   <div class='ocr_carea' id='block_1_88' title="bbox 495 4799 2083 4884">
    <p class='ocr_par' dir='ltr' id='par_1_88' title="bbox 495 4805 2060 4883">
     <span class='ocr_line' id='line_1_88' title="bbox 495 4805 2060 4883; baseline -0.001 -20"><span class='ocrx_word' id='word_1_747' title='bbox 495 4810 693 4882; x_wconf 80' lang='grc' dir='ltr'><em>(εὐχή),</em></span> <span class='ocrx_word' id='word_1_748' title='bbox 721 4809 1022 4879; x_wconf 85' lang='lat' dir='ltr'><strong><em>cujusmodi</em></strong></span> <span class='ocrx_word' id='word_1_749' title='bbox 1052 4807 1464 4883; x_wconf 79' lang='lat' dir='ltr'><strong><em>Jephtlievovit,</em></strong></span> <span class='ocrx_word' id='word_1_750' title='bbox 1481 4812 1573 4868; x_wconf 91' lang='lat' dir='ltr'><strong><em>ubi</em></strong></span> <span class='ocrx_word' id='word_1_751' title='bbox 1607 4809 1842 4863; x_wconf 89' lang='lat' dir='ltr'><strong><em>dicitur:</em></strong></span> <span class='ocrx_word' id='word_1_752' title='bbox 1875 4805 2060 4862; x_wconf 84' lang='lat' dir='ltr'><strong><em>Votum</em></strong></span> 
     </span>
    </p>
   </div>
   <div class='ocr_carea' id='block_1_89' title="bbox 2184 4799 3797 4884">
    <p class='ocr_par' dir='ltr' id='par_1_89' title="bbox 2184 4799 3797 4884">
     <span class='ocr_line' id='line_1_89' title="bbox 2184 4799 3797 4884; baseline 0.006 -30"><span class='ocrx_word' id='word_1_753' title='bbox 2184 4799 2320 4868; x_wconf 64' lang='grc' dir='ltr'><em>ζωῆς</em></span> <span class='ocrx_word' id='word_1_754' title='bbox 2338 4800 2543 4864; x_wconf 87' lang='grc' dir='ltr'><em>αὑτοῦ,</em></span> <span class='ocrx_word' id='word_1_755' title='bbox 2574 4802 2670 4854; x_wconf 78' lang='grc' dir='ltr'><em>καὶ</em></span> <span class='ocrx_word' id='word_1_756' title='bbox 2691 4801 2951 4884; x_wconf 84' lang='grc' dir='ltr'><strong><em>¹σίδηρος</em></strong></span> <span class='ocrx_word' id='word_1_757' title='bbox 2980 4805 3091 4857; x_wconf 85' lang='grc' dir='ltr'><strong><em>οὐκ</em></strong></span> <span class='ocrx_word' id='word_1_758' title='bbox 3119 4805 3482 4874; x_wconf 76' lang='grc' dir='ltr'><em>ἀναϐήσεται</em></span> <span class='ocrx_word' id='word_1_759' title='bbox 3499 4807 3594 4860; x_wconf 74' lang='grc' dir='ltr'><strong><em>ἐπὶ</em></strong></span> <span class='ocrx_word' id='word_1_760' title='bbox 3625 4809 3797 4876; x_wconf 70' lang='grc' dir='ltr'><strong><em>τὴν·</em></strong></span> 
     </span>
    </p>
   </div>
   <div class='ocr_carea' id='block_1_90' title="bbox 490 4890 2083 4966">
    <p class='ocr_par' dir='ltr' id='par_1_90' title="bbox 490 4894 2060 4964">
     <span class='ocr_line' id='line_1_90' title="bbox 490 4894 2060 4964; baseline 0.001 -15"><span class='ocrx_word' id='word_1_761' title='bbox 490 4897 625 4949; x_wconf 86' lang='lat' dir='ltr'><strong><em>vovit</em></strong></span> <span class='ocrx_word' id='word_1_762' title='bbox 659 4894 885 4949; x_wconf 89' lang='lat' dir='ltr'><strong><em>Domino</em></strong></span> <span class='ocrx_word' id='word_1_763' title='bbox 914 4896 1090 4948; x_wconf 88' lang='lat' dir='ltr'><strong><em>dicens</em></strong></span> <span class='ocrx_word' id='word_1_764' title='bbox 1117 4909 1135 4947; x_wconf 91' lang='lat'><strong><em>:</em></strong></span> <span class='ocrx_word' id='word_1_765' title='bbox 1164 4895 1223 4951; x_wconf 92' lang='lat' dir='ltr'><strong><em>Si</em></strong></span> <span class='ocrx_word' id='word_1_766' title='bbox 1261 4897 1553 4949; x_wconf 86' lang='lat' dir='ltr'><strong><em>tradideris</em></strong></span> <span class='ocrx_word' id='word_1_767' title='bbox 1576 4895 1716 4964; x_wconf 82' lang='lat' dir='ltr'><strong><em>ﬁlios</em></strong></span> <span class='ocrx_word' id='word_1_768' title='bbox 1746 4896 1968 4950; x_wconf 81' lang='lat' dir='ltr'><strong><em>Ammon</em></strong></span> <span class='ocrx_word' id='word_1_769' title='bbox 2008 4897 2060 4950; x_wconf 89' lang='lat' dir='ltr'><strong><em>in</em></strong></span> 
     </span>
    </p>
   </div>
   <div class='ocr_carea' id='block_1_91' title="bbox 2184 4890 3798 4966">
    <p class='ocr_par' dir='ltr' id='par_1_91' title="bbox 2184 4890 3798 4966">
     <span class='ocr_line' id='line_1_91' title="bbox 2184 4890 3798 4966; baseline 0 -21"><span class='ocrx_word' id='word_1_770' title='bbox 2184 4890 2442 4959; x_wconf 65' lang='grc' dir='ltr'><em>κεφαλὴν</em></span> <span class='ocrx_word' id='word_1_771' title='bbox 2471 4890 2678 4956; x_wconf 84' lang='grc' dir='ltr'><em>αὑτοῦ,</em></span> <span class='ocrx_word' id='word_1_772' title='bbox 2712 4892 2914 4963; x_wconf 79' lang='grc' dir='ltr'><em>κυρίως</em></span> <span class='ocrx_word' id='word_1_773' title='bbox 2965 4895 3065 4947; x_wconf 77' lang='grc' dir='ltr'><strong><em>οὐκ</em></strong></span> <span class='ocrx_word' id='word_1_774' title='bbox 3103 4894 3218 4948; x_wconf 77' lang='grc' dir='ltr'><em>ἔστι</em></span> <span class='ocrx_word' id='word_1_775' title='bbox 3256 4896 3587 4966; x_wconf 80' lang='grc' dir='ltr'><em>προσευχὴ,</em></span> <span class='ocrx_word' id='word_1_776' title='bbox 3620 4897 3798 4954; x_wconf 72' lang='grc' dir='ltr'><em>ἀλλ’</em></span> 
     </span>
    </p>
   </div>
   <div class='ocr_carea' id='block_1_92' title="bbox 490 4982 2083 5059">
    <p class='ocr_par' dir='ltr' id='par_1_92' title="bbox 490 4986 2059 5056">
     <span class='ocr_line' id='line_1_92' title="bbox 490 4986 2059 5056; baseline 0.001 -17"><span class='ocrx_word' id='word_1_777' title='bbox 490 5000 677 5039; x_wconf 80' lang='lat' dir='ltr'><strong><em>ntanus</em></strong></span> <span class='ocrx_word' id='word_1_778' title='bbox 727 5001 892 5048; x_wconf 88' lang='lat' dir='ltr'><strong><em>meas,</em></strong></span> <span class='ocrx_word' id='word_1_779' title='bbox 929 4986 1227 5056; x_wconf 86' lang='lat' dir='ltr'><strong><em>quicunque</em></strong></span> <span class='ocrx_word' id='word_1_780' title='bbox 1265 4987 1467 5053; x_wconf 87' lang='lat' dir='ltr'><strong><em>primus</em></strong></span> <span class='ocrx_word' id='word_1_781' title='bbox 1533 4987 1688 5055; x_wconf 78' lang='lat' dir='ltr'><strong><em>fuerit</em></strong></span> <span class='ocrx_word' id='word_1_782' title='bbox 1721 5003 1956 5056; x_wconf 86' lang='lat' dir='ltr'><strong><em>egressus</em></strong></span> <span class='ocrx_word' id='word_1_783' title='bbox 1994 4990 2059 5040; x_wconf 88' lang='lat' dir='ltr'><strong><em>de</em></strong></span> 
     </span>
    </p>
   </div>
   <div class='ocr_carea' id='block_1_93' title="bbox 2184 4982 3784 5059">
    <p class='ocr_par' dir='ltr' id='par_1_93' title="bbox 2184 4982 3784 5059">
     <span class='ocr_line' id='line_1_93' title="bbox 2184 4982 3784 5059; baseline 0.004 -23"><span class='ocrx_word' id='word_1_784' title='bbox 2184 4983 2344 5054; x_wconf 75' lang='grc' dir='ltr'><em>ικείνη</em></span> <span class='ocrx_word' id='word_1_785' title='bbox 2370 4985 2402 5054; x_wconf 82' lang='grc' dir='ltr'><strong>ή</strong></span> <span class='ocrx_word' id='word_1_786' title='bbox 2432 4982 2605 5052; x_wconf 77' lang='grc' dir='ltr'><em>εὐχὴ,</em></span> <span class='ocrx_word' id='word_1_787' title='bbox 2635 4985 2826 5055; x_wconf 69' lang='grc' dir='ltr'><em>ἥντινα</em></span> <span class='ocrx_word' id='word_1_788' title='bbox 2854 4988 2944 5040; x_wconf 73' lang='grc' dir='ltr'><strong><em>καὶ</em></strong></span> <span class='ocrx_word' id='word_1_789' title='bbox 2981 4986 3186 5056; x_wconf 75' lang='grc' dir='ltr'><em>Ἰεφθάε</em></span> <span class='ocrx_word' id='word_1_790' title='bbox 3209 4987 3413 5059; x_wconf 77' lang='grc' dir='ltr'><em>ηὔξατο</em></span> <span class='ocrx_word' id='word_1_791' title='bbox 3427 4992 3484 5043; x_wconf 80' lang='grc' dir='ltr'><em>ὲν</em></span> <span class='ocrx_word' id='word_1_792' title='bbox 3499 4990 3784 5057; x_wconf 78' lang='grc' dir='ltr'><em>τούτοις·</em></span> 
     </span>
    </p>
   </div>
   <div class='ocr_carea' id='block_1_94' title="bbox 489 5073 2083 5152">
    <p class='ocr_par' dir='ltr' id='par_1_94' title="bbox 489 5075 2056 5146">
     <span class='ocr_line' id='line_1_94' title="bbox 489 5075 2056 5146; baseline 0.001 -17"><span class='ocrx_word' id='word_1_793' title='bbox 489 5075 690 5144; x_wconf 80' lang='lat' dir='ltr'><strong><em>[oribus</em></strong></span> <span class='ocrx_word' id='word_1_794' title='bbox 739 5077 923 5130; x_wconf 81' lang='lat' dir='ltr'><strong><em>domus</em></strong></span> <span class='ocrx_word' id='word_1_795' title='bbox 961 5091 1108 5141; x_wconf 80' lang='lat' dir='ltr'><strong><em>mete,</em></strong></span> <span class='ocrx_word' id='word_1_796' title='bbox 1159 5076 1388 5146; x_wconf 86' lang='lat' dir='ltr'><strong><em>mihique</em></strong></span> <span class='ocrx_word' id='word_1_797' title='bbox 1440 5079 1728 5132; x_wconf 85' lang='lat' dir='ltr'><strong><em>occurrerit</em></strong></span> <span class='ocrx_word' id='word_1_798' title='bbox 1786 5077 2056 5132; x_wconf 88' lang='lat' dir='ltr'><strong><em>revertenti</em></strong></span> 
     </span>
    </p>
   </div>
   <div class='ocr_carea' id='block_1_95' title="bbox 2184 5073 3793 5152">
    <p class='ocr_par' dir='ltr' id='par_1_95' title="bbox 2184 5073 3793 5152">
     <span class='ocr_line' id='line_1_95' title="bbox 2184 5073 3793 5152; baseline 0.007 -25"><span class='ocrx_word' id='word_1_799' title='bbox 2184 5074 2272 5128; x_wconf 66' lang='grc' dir='ltr'><strong><em>Καὶ</em></strong></span> <span class='ocrx_word' id='word_1_800' title='bbox 2319 5073 2544 5142; x_wconf 84' lang='grc' dir='ltr'><em>ηὔξατο</em></span> <span class='ocrx_word' id='word_1_801' title='bbox 2587 5073 2805 5144; x_wconf 74' lang='grc' dir='ltr'><em>Ἰεφθάε</em></span> <span class='ocrx_word' id='word_1_802' title='bbox 2839 5077 3034 5147; x_wconf 83' lang='grc' dir='ltr'><em>εὐχὴν</em></span> <span class='ocrx_word' id='word_1_803' title='bbox 3064 5077 3143 5144; x_wconf 86' lang='grc' dir='ltr'><em>τῷ</em></span> <span class='ocrx_word' id='word_1_804' title='bbox 3172 5081 3389 5152; x_wconf 68' lang='grc' dir='ltr'><em>Κιφίῳ,</em></span> <span class='ocrx_word' id='word_1_805' title='bbox 3408 5080 3503 5136; x_wconf 78' lang='grc' dir='ltr'><em>καὶ</em></span> <span class='ocrx_word' id='word_1_806' title='bbox 3528 5077 3741 5138; x_wconf 73' lang='grc' dir='ltr'><em>εἶπεν</em></span> <span class='ocrx_word' id='word_1_807' title='bbox 3767 5104 3793 5120; x_wconf 77' lang='grc' dir='ltr'><strong><em>ο</em></strong></span> 
     </span>
    </p>
   </div>
   <div class='ocr_carea' id='block_1_96' title="bbox 1081 5189 2083 5264">
    <p class='ocr_par' dir='ltr' id='par_1_96' title="bbox 1081 5189 2082 5256">
     <span class='ocr_line' id='line_1_96' title="bbox 1081 5189 2082 5256; baseline 0.002 -12"><span class='ocrx_word' id='word_1_808' title='bbox 1081 5189 1126 5221; x_wconf 72' lang='grc' dir='ltr'><strong><em>δ’</em></strong></span> <span class='ocrx_word' id='word_1_809' title='bbox 1155 5189 1313 5245; x_wconf 88' lang='lat' dir='ltr'><strong><em>Prov.</em></strong></span> <span class='ocrx_word' id='word_1_810' title='bbox 1342 5208 1436 5256; x_wconf 68' lang='lat' dir='ltr'><strong><em>xx,</em></strong></span> <span class='ocrx_word' id='word_1_811' title='bbox 1467 5191 1560 5246; x_wconf 82' lang='grc'><strong><em>25.</em></strong></span> <span class='ocrx_word' id='word_1_812' title='bbox 1653 5193 1699 5224; x_wconf 84' lang='grc'>³³</span> <span class='ocrx_word' id='word_1_813' title='bbox 1722 5192 1903 5248; x_wconf 86' lang='lat' dir='ltr'><strong><em>Eccle.</em></strong></span> <span class='ocrx_word' id='word_1_814' title='bbox 1939 5206 1992 5255; x_wconf 87' lang='lat' dir='ltr'><strong><em>v,</em></strong></span> <span class='ocrx_word' id='word_1_815' title='bbox 2028 5192 2082 5246; x_wconf 71' lang='grc'><strong><em>4.</em></strong></span> 
     </span>
    </p>
   </div>
   <div class='ocr_carea' id='block_1_97' title="bbox 2184 5189 3416 5264">
    <p class='ocr_par' dir='ltr' id='par_1_97' title="bbox 2191 5191 3416 5264">
     <span class='ocr_line' id='line_1_97' title="bbox 2191 5191 3416 5264; baseline 0.003 -18"><span class='ocrx_word' id='word_1_816' title='bbox 2191 5191 2238 5222; x_wconf 72' lang='grc'>³⁸</span> <span class='ocrx_word' id='word_1_817' title='bbox 2257 5191 2380 5246; x_wconf 84' lang='lat' dir='ltr'><strong><em>Act.</em></strong></span> <span class='ocrx_word' id='word_1_818' title='bbox 2410 5207 2527 5255; x_wconf 75' lang='lat' dir='ltr'><strong><em>nt,</em></strong></span> <span class='ocrx_word' id='word_1_819' title='bbox 2558 5192 2649 5248; x_wconf 79' lang='grc'>25.</span> <span class='ocrx_word' id='word_1_820' title='bbox 2744 5192 2833 5248; x_wconf 80' lang='grc'><strong><em>³⁵1</em></strong></span> <span class='ocrx_word' id='word_1_821' title='bbox 2873 5193 3005 5264; x_wconf 73' lang='lat' dir='ltr'><strong><em>Reg.</em></strong></span> <span class='ocrx_word' id='word_1_822' title='bbox 3040 5208 3080 5260; x_wconf 89' lang='lat' dir='ltr'><strong><em>l,</em></strong></span> <span class='ocrx_word' id='word_1_823' title='bbox 3109 5194 3163 5260; x_wconf 87' lang='lat'><strong><em>9,</em></strong></span> <span class='ocrx_word' id='word_1_824' title='bbox 3195 5194 3284 5263; x_wconf 77' lang='grc'><strong><em>10,</em></strong></span> <span class='ocrx_word' id='word_1_825' title='bbox 3325 5195 3416 5250; x_wconf 79' lang='grc' dir='ltr'><strong><em>Η.</em></strong></span> 
     </span>
    </p>
   </div>
   <div class='ocr_carea' id='block_1_98' title="bbox 557 5303 2083 5375">
    <p class='ocr_par' dir='ltr' id='par_1_98' title="bbox 557 5303 2066 5375">
     <span class='ocr_line' id='line_1_98' title="bbox 557 5303 2066 5375; baseline 0.001 -15"><span class='ocrx_word' id='word_1_826' title='bbox 557 5307 670 5375; x_wconf 79' lang='grc'>(21)</span> <span class='ocrx_word' id='word_1_827' title='bbox 693 5306 916 5374; x_wconf 80' lang='grc' dir='ltr'><em>Ὅρκον</em></span> <span class='ocrx_word' id='word_1_828' title='bbox 935 5303 974 5372; x_wconf 80' lang='grc' dir='ltr'><strong>ἢ</strong></span> <span class='ocrx_word' id='word_1_829' title='bbox 995 5303 1227 5374; x_wconf 67' lang='grc' dir='ltr'><em>ὁρισμῷ</em></span> <span class='ocrx_word' id='word_1_830' title='bbox 1241 5308 1529 5373; x_wconf 84' lang='grc' dir='ltr'><em>όρΙσηται.</em></span> <span class='ocrx_word' id='word_1_831' title='bbox 1560 5307 1614 5360; x_wconf 94' lang='lat' dir='ltr'><strong><em>In</em></strong></span> <span class='ocrx_word' id='word_1_832' title='bbox 1634 5307 1818 5361; x_wconf 75' lang='lat' dir='ltr'><strong><em>codice</em></strong></span> <span class='ocrx_word' id='word_1_833' title='bbox 1850 5306 2066 5373; x_wconf 87' lang='lat' dir='ltr'><strong><em>quidem</em></strong></span> 
     </span>
    </p>
   </div>
   <div class='ocr_carea' id='block_1_99' title="bbox 2184 5303 3808 5375">
    <p class='ocr_par' dir='ltr' id='par_1_99' title="bbox 2184 5304 3808 5375">
     <span class='ocr_line' id='line_1_99' title="bbox 2184 5304 3808 5375; baseline 0.007 -17"><span class='ocrx_word' id='word_1_834' title='bbox 2184 5304 2325 5360; x_wconf 75' lang='lat' dir='ltr'><strong><em>deest</em></strong></span> <span class='ocrx_word' id='word_1_835' title='bbox 2375 5304 2438 5375; x_wconf 12' lang='lat' dir='ltr'><strong><em>Vin</em></strong></span> <span class='ocrx_word' id='word_1_836' title='bbox 2487 5307 2856 5373; x_wconf 82' lang='lat' dir='ltr'><strong><em>manuscripto</em></strong></span> <span class='ocrx_word' id='word_1_837' title='bbox 2897 5309 3104 5371; x_wconf 84' lang='lat' dir='ltr'><strong><em>codice.</em></strong></span> <span class='ocrx_word' id='word_1_838' title='bbox 3149 5307 3416 5364; x_wconf 88' lang='lat' dir='ltr'><strong><em>inclusam</em></strong></span> <span class='ocrx_word' id='word_1_839' title='bbox 3459 5312 3808 5374; x_wconf 79' lang='lat' dir='ltr'><strong><em>uncinulis</em></strong></span> 
     </span>
    </p>
   </div>
   <div class='ocr_carea' id='block_1_100' title="bbox 482 5374 2083 5449">
    <p class='ocr_par' dir='ltr' id='par_1_100' title="bbox 482 5374 2054 5449">
     <span class='ocr_line' id='line_1_100' title="bbox 482 5374 2054 5449; baseline 0 -21"><span class='ocrx_word' id='word_1_840' title='bbox 482 5374 853 5444; x_wconf 79' lang='lat' dir='ltr'><strong><em>manuscripto</em></strong></span> <span class='ocrx_word' id='word_1_841' title='bbox 893 5375 1108 5442; x_wconf 80' lang='lat' dir='ltr'><strong><em>legitur,</em></strong></span> <span class='ocrx_word' id='word_1_842' title='bbox 1139 5377 1298 5449; x_wconf 79' lang='grc' dir='ltr'><em>ὅρκον</em></span> <span class='ocrx_word' id='word_1_843' title='bbox 1325 5377 1536 5448; x_wconf 85' lang='grc' dir='ltr'><em>ὁρισμῷ</em></span> <span class='ocrx_word' id='word_1_844' title='bbox 1569 5377 1926 5449; x_wconf 11' lang='grc' dir='ltr'><em>ἢὲὁρίσηται,</em></span> <span class='ocrx_word' id='word_1_845' title='bbox 1962 5379 2054 5449; x_wconf 81' lang='lat' dir='ltr'><strong><em>sed</em></strong></span> 
     </span>
    </p>
   </div>
   <div class='ocr_carea' id='block_1_101' title="bbox 2184 5374 3676 5449">
    <p class='ocr_par' dir='ltr' id='par_1_101' title="bbox 2184 5374 3676 5449">
     <span class='ocr_line' id='line_1_101' title="bbox 2184 5374 3676 5449; baseline 0.006 -22"><span class='ocrx_word' id='word_1_846' title='bbox 2184 5374 2604 5449; x_wconf 50' lang='lat' dir='ltr'><strong><em>biejddidit,_ut</em></strong></span> <span class='ocrx_word' id='word_1_847' title='bbox 2629 5376 2963 5449; x_wconf 67' lang='lat' dir='ltr'><strong><em>compleatur</em></strong></span> <span class='ocrx_word' id='word_1_848' title='bbox 2987 5378 3090 5449; x_wconf 87' lang='lat' dir='ltr'><strong><em>loci</em></strong></span> <span class='ocrx_word' id='word_1_849' title='bbox 3119 5378 3418 5449; x_wconf 66' lang='lat' dir='ltr'><strong><em>Scriptura:</em></strong></span> <span class='ocrx_word' id='word_1_850' title='bbox 3444 5395 3676 5436; x_wconf 82' lang='lat' dir='ltr'><strong><em>sensus.</em></strong></span> 
     </span>
    </p>
   </div>
   <div class='ocr_carea' id='block_1_102' title="bbox 482 5443 3809 5514">
    <p class='ocr_par' dir='ltr' id='par_1_102' title="bbox 482 5443 3809 5514">
     <span class='ocr_line' id='line_1_102' title="bbox 482 5443 3809 5514; baseline 0.004 -19"><span class='ocrx_word' id='word_1_851' title='bbox 482 5443 776 5512; x_wconf 69' lang='lat' dir='ltr'><strong><em>genuinum</em></strong></span> <span class='ocrx_word' id='word_1_852' title='bbox 831 5449 1118 5498; x_wconf 85' lang='lat' dir='ltr'><strong><em>verborum</em></strong></span> <span class='ocrx_word' id='word_1_853' title='bbox 1170 5443 1416 5500; x_wconf 78' lang='lat' dir='ltr'><strong><em>ordinem</em></strong></span> <span class='ocrx_word' id='word_1_854' title='bbox 1453 5443 1536 5499; x_wconf 75' lang='grc' dir='ltr'><strong><em>ἰιίΙ</em></strong></span> <span class='ocrx_word' id='word_1_855' title='bbox 1591 5443 1756 5500; x_wconf 62' lang='lat' dir='ltr'><strong><em>nae...</em></strong></span> <span class='ocrx_word' id='word_1_856' title='bbox 1784 5443 2054 5498; x_wconf 85' lang='lat' dir='ltr'><strong><em>editionis</em></strong></span> <span class='ocrx_word' id='word_1_857' title='bbox 2234 5443 2346 5512; x_wconf 78' lang='grc'>(25)</span> <span class='ocrx_word' id='word_1_858' title='bbox 2415 5443 2537 5514; x_wconf 57' lang='grc' dir='ltr'><strong><em>Ἐεοῗ</em></strong></span> <span class='ocrx_word' id='word_1_859' title='bbox 2579 5443 2825 5499; x_wconf 83' lang='grc' dir='ltr'><em>ἑαυτῶν.</em></span> <span class='ocrx_word' id='word_1_860' title='bbox 2860 5447 2953 5501; x_wconf 89' lang='lat' dir='ltr'><strong><em>Sic</em></strong></span> <span class='ocrx_word' id='word_1_861' title='bbox 2999 5448 3160 5502; x_wconf 85' lang='lat' dir='ltr'><strong><em>habet</em></strong></span> <span class='ocrx_word' id='word_1_862' title='bbox 3208 5443 3378 5506; x_wconf 79' lang='lat' dir='ltr'><strong><em>codex</em></strong></span> <span class='ocrx_word' id='word_1_863' title='bbox 3440 5467 3540 5504; x_wconf 83' lang='lat' dir='ltr'><strong><em>ius.</em></strong></span> <span class='ocrx_word' id='word_1_864' title='bbox 3589 5449 3809 5514; x_wconf 72' lang='lat' dir='ltr'><strong><em>Male</em></strong></span> 
     </span>
    </p>
   </div>
   <div class='ocr_carea' id='block_1_103' title="bbox 484 5513 3247 5586">
    <p class='ocr_par' dir='ltr' id='par_1_103' title="bbox 484 5513 3247 5586">
     <span class='ocr_line' id='line_1_103' title="bbox 484 5513 3247 5586; baseline 0.003 -21"><span class='ocrx_word' id='word_1_865' title='bbox 484 5515 839 5585; x_wconf 74' lang='lat' dir='ltr'><strong><em>Septuaginta</em></strong></span> <span class='ocrx_word' id='word_1_866' title='bbox 888 5515 1242 5583; x_wconf 73' lang='lat' dir='ltr'><strong><em>[interpretum</em></strong></span> <span class='ocrx_word' id='word_1_867' title='bbox 1306 5518 1591 5572; x_wconf 80' lang='lat' dir='ltr'><strong><em>restituere</em></strong></span> <span class='ocrx_word' id='word_1_868' title='bbox 1659 5517 1817 5571; x_wconf 85' lang='lat' dir='ltr'><strong><em>nobis</em></strong></span> <span class='ocrx_word' id='word_1_869' title='bbox 1879 5517 2052 5568; x_wconf 87' lang='lat' dir='ltr'><strong><em>visum</em></strong></span> <span class='ocrx_word' id='word_1_870' title='bbox 2162 5513 2486 5586; x_wconf 69' lang='lat' dir='ltr'><strong><em>veroeditio</em></strong></span> <span class='ocrx_word' id='word_1_871' title='bbox 2514 5513 3247 5586; x_wconf 64' lang='lat' dir='ltr'><strong><em>Oxoniensis,d&lt;p‘éaur¢3v.</em></strong></span> 
     </span>
    </p>
   </div>
   <div class='ocr_carea' id='block_1_104' title="bbox 481 5582 2083 5653">
    <p class='ocr_par' dir='ltr' id='par_1_104' title="bbox 481 5582 1979 5653">
     <span class='ocr_line' id='line_1_104' title="bbox 481 5582 1979 5653; baseline 0 -18"><span class='ocrx_word' id='word_1_872' title='bbox 481 5596 585 5636; x_wconf 83' lang='lat' dir='ltr'><strong><em>est.</em></strong></span> <span class='ocrx_word' id='word_1_873' title='bbox 696 5582 715 5585; x_wconf 77' lang='lat'>&#39;</span> <span class='ocrx_word' id='word_1_874' title='bbox 1035 5582 1046 5583; x_wconf 63' lang='grc'>”</span> <span class='ocrx_word' id='word_1_875' title='bbox 1973 5652 1979 5653; x_wconf 14' lang='grc' dir='ltr'>ί</span> 
     </span>
    </p>
   </div>
   <div class='ocr_carea' id='block_1_105' title="bbox 2184 5582 3607 5653">
    <p class='ocr_par' dir='ltr' id='par_1_105' title="bbox 2232 5582 3607 5653">
     <span class='ocr_line' id='line_1_105' title="bbox 2232 5582 3607 5653; baseline 0.005 -18"><span class='ocrx_word' id='word_1_876' title='bbox 2232 5582 2344 5652; x_wconf 64' lang='grc'>(24)</span> <span class='ocrx_word' id='word_1_877' title='bbox 2369 5583 2585 5653; x_wconf 57' lang='grc' dir='ltr'><em>ζΈντε</em></span> <span class='ocrx_word' id='word_1_878' title='bbox 2609 5587 2741 5653; x_wconf 81' lang='grc' dir='ltr'><em>περὶ</em></span> <span class='ocrx_word' id='word_1_879' title='bbox 2793 5585 2918 5652; x_wconf 85' lang='grc' dir='ltr'><em>τῆς.</em></span> <span class='ocrx_word' id='word_1_880' title='bbox 2945 5582 3328 5644; x_wconf 69' lang='grc' dir='ltr'><em>ἐει-ὶικξιιιίιιω</em></span> <span class='ocrx_word' id='word_1_881' title='bbox 3378 5588 3607 5652; x_wconf 87' lang='lat' dir='ltr'><strong><em>videtur,</em></strong></span> 
     </span>
    </p>
   </div>
   <div class='ocr_carea' id='block_1_106' title="bbox 551 5652 2083 5728">
    <p class='ocr_par' dir='ltr' id='par_1_106' title="bbox 551 5652 2050 5728">
     <span class='ocr_line' id='line_1_106' title="bbox 551 5652 2050 5728; baseline -0.002 -20"><span class='ocrx_word' id='word_1_882' title='bbox 551 5652 665 5727; x_wconf 84' lang='grc'>(22)</span> <span class='ocrx_word' id='word_1_883' title='bbox 706 5654 835 5728; x_wconf 72' lang='lat' dir='ltr'><strong><em>Post</em></strong></span> <span class='ocrx_word' id='word_1_884' title='bbox 866 5653 1190 5724; x_wconf 77' lang='grc' dir='ltr'><em>γέγραπται,</em></span> <span class='ocrx_word' id='word_1_885' title='bbox 1224 5654 1298 5728; x_wconf 79' lang='lat' dir='ltr'><strong><em>in_</em></strong></span> <span class='ocrx_word' id='word_1_886' title='bbox 1331 5654 1516 5708; x_wconf 80' lang='lat' dir='ltr'><strong><em>codice</em></strong></span> <span class='ocrx_word' id='word_1_887' title='bbox 1556 5653 1925 5728; x_wconf 82' lang='lat' dir='ltr'><strong><em>manuscripto</em></strong></span> <span class='ocrx_word' id='word_1_888' title='bbox 1969 5652 2050 5705; x_wconf 83' lang='lat' dir='ltr'><strong><em>la-</em></strong></span> 
     </span>
    </p>
   </div>
   <div class='ocr_carea' id='block_1_107' title="bbox 2184 5652 3171 5728">
    <p class='ocr_par' dir='ltr' id='par_1_107' title="bbox 2184 5652 3171 5728">
     <span class='ocr_line' id='line_1_107' title="bbox 2184 5652 3171 5728; baseline 0.007 -23"><span class='ocrx_word' id='word_1_889' title='bbox 2184 5664 2340 5728; x_wconf 66' lang='lat' dir='ltr'><strong><em>nonet</em></strong></span> <span class='ocrx_word' id='word_1_890' title='bbox 2364 5652 2657 5728; x_wconf 47' lang='lat' dir='ltr'><strong><em>genucius,</em></strong></span> <span class='ocrx_word' id='word_1_891' title='bbox 2678 5652 2736 5728; x_wconf 65' lang='grc' dir='ltr'><strong><em>εν</em></strong></span> <span class='ocrx_word' id='word_1_892' title='bbox 2754 5659 2868 5720; x_wconf 84' lang='grc' dir='ltr'><em>τοῖς</em></span> <span class='ocrx_word' id='word_1_893' title='bbox 2893 5657 3020 5728; x_wconf 77' lang='grc' dir='ltr'><em>περὶ</em></span> <span class='ocrx_word' id='word_1_894' title='bbox 3052 5657 3171 5727; x_wconf 83' lang='grc' dir='ltr'><em>τῆς.</em></span> 
     </span>
    </p>
   </div>
   <div class='ocr_carea' id='block_1_108' title="bbox 483 5721 2083 5798">
    <p class='ocr_par' dir='ltr' id='par_1_108' title="bbox 483 5721 2045 5798">
     <span class='ocr_line' id='line_1_108' title="bbox 483 5721 2045 5798; baseline 0.001 -24"><span class='ocrx_word' id='word_1_895' title='bbox 483 5721 614 5798; x_wconf 57' lang='lat' dir='ltr'><strong><em>enim</em></strong></span> <span class='ocrx_word' id='word_1_896' title='bbox 644 5721 767 5798; x_wconf 67' lang='grc' dir='ltr'><strong><em>ἐει</em></strong></span> <span class='ocrx_word' id='word_1_897' title='bbox 806 5721 1034 5798; x_wconf 63' lang='lat' dir='ltr'><strong><em>duarum</em></strong></span> <span class='ocrx_word' id='word_1_898' title='bbox 1083 5738 1216 5798; x_wconf 72' lang='lat' dir='ltr'><strong><em>pene</em></strong></span> <span class='ocrx_word' id='word_1_899' title='bbox 1266 5723 1570 5798; x_wconf 70' lang='lat' dir='ltr'><strong><em>linearum;</em></strong></span> <span class='ocrx_word' id='word_1_900' title='bbox 1621 5725 1801 5778; x_wconf 80' lang='lat' dir='ltr'><strong><em>editur</em></strong></span> <span class='ocrx_word' id='word_1_901' title='bbox 1832 5734 2045 5798; x_wconf 57' lang='lat' dir='ltr'><strong><em>autem</em></strong></span> 
     </span>
    </p>
   </div>
   <div class='ocr_carea' id='block_1_109' title="bbox 2184 5721 3813 5798">
    <p class='ocr_par' dir='ltr' id='par_1_109' title="bbox 2227 5721 3813 5798">
     <span class='ocr_line' id='line_1_109' title="bbox 2227 5721 3813 5798; baseline 0.009 -24"><span class='ocrx_word' id='word_1_902' title='bbox 2227 5721 2340 5798; x_wconf 69' lang='grc'>(25)</span> <span class='ocrx_word' id='word_1_903' title='bbox 2366 5724 2830 5798; x_wconf 50' lang='grc' dir='ltr'><em>ξημαινομένου,</em></span> <span class='ocrx_word' id='word_1_904' title='bbox 2864 5721 3157 5782; x_wconf 59' lang='lat' dir='ltr'><strong><em>Sie&#39;codex</em></strong></span> <span class='ocrx_word' id='word_1_905' title='bbox 3201 5743 3305 5782; x_wconf 91' lang='lat' dir='ltr'><strong><em>ms.</em></strong></span> <span class='ocrx_word' id='word_1_906' title='bbox 3335 5730 3386 5782; x_wconf 91' lang='lat' dir='ltr'><strong><em>in</em></strong></span> <span class='ocrx_word' id='word_1_907' title='bbox 3428 5742 3532 5798; x_wconf 89' lang='lat' dir='ltr'><strong><em>quo</em></strong></span> <span class='ocrx_word' id='word_1_908' title='bbox 3579 5737 3813 5795; x_wconf 63' lang='lat' dir='ltr'><strong><em>nunc</em></strong></span> 
     </span>
    </p>
   </div>
   <div class='ocr_carea' id='block_1_110' title="bbox 480 5790 2083 5867">
    <p class='ocr_par' dir='ltr' id='par_1_110' title="bbox 480 5790 2045 5860">
     <span class='ocr_line' id='line_1_110' title="bbox 480 5790 2045 5860; baseline 0.001 -14"><span class='ocrx_word' id='word_1_909' title='bbox 480 5790 803 5850; x_wconf 72' lang='lat' dir='ltr'><strong><em>Oxonicnsis</em></strong></span> <span class='ocrx_word' id='word_1_910' title='bbox 846 5811 908 5848; x_wconf 79' lang='lat' dir='ltr'><strong><em>ex</em></strong></span> <span class='ocrx_word' id='word_1_911' title='bbox 939 5790 1190 5848; x_wconf 71' lang='lat' dir='ltr'><strong><em>Proverb.</em></strong></span> <span class='ocrx_word' id='word_1_912' title='bbox 1230 5810 1315 5859; x_wconf 71' lang='lat' dir='ltr'><strong><em>xx,</em></strong></span> <span class='ocrx_word' id='word_1_913' title='bbox 1342 5793 1428 5858; x_wconf 77' lang='grc'><strong><em>25,</em></strong></span> <span class='ocrx_word' id='word_1_914' title='bbox 1459 5809 1670 5860; x_wconf 68' lang='lat' dir='ltr'><strong><em>vocem,</em></strong></span> <span class='ocrx_word' id='word_1_915' title='bbox 1705 5793 1893 5860; x_wconf 77' lang='grc' dir='ltr'><em>παγίς,</em></span> <span class='ocrx_word' id='word_1_916' title='bbox 1927 5808 2045 5859; x_wconf 79' lang='lat' dir='ltr'><strong><em>quae</em></strong></span> 
     </span>
    </p>
   </div>
   <div class='ocr_carea' id='block_1_111' title="bbox 2184 5790 3310 5867">
    <p class='ocr_par' dir='ltr' id='par_1_111' title="bbox 2184 5790 3310 5867">
     <span class='ocr_line' id='line_1_111' title="bbox 2184 5790 3310 5867; baseline 0.005 -23"><span class='ocrx_word' id='word_1_917' title='bbox 2184 5792 2281 5861; x_wconf 59' lang='lat' dir='ltr'><strong><em>cgit</em></strong></span> <span class='ocrx_word' id='word_1_918' title='bbox 2328 5793 2500 5847; x_wconf 83' lang='lat' dir='ltr'><strong><em>editor</em></strong></span> <span class='ocrx_word' id='word_1_919' title='bbox 2528 5790 2871 5866; x_wconf 67' lang='lat' dir='ltr'><strong><em>Osdriiensis,</em></strong></span> <span class='ocrx_word' id='word_1_920' title='bbox 2894 5798 3310 5867; x_wconf 82' lang='grc' dir='ltr'><em>σημαινόμενον.</em></span> 
     </span>
    </p>
   </div>
   <div class='ocr_carea' id='block_1_112' title="bbox 514 5189 980 5257">
    <p class='ocr_par' dir='ltr' id='par_1_112' title="bbox 514 5189 980 5257">
     <span class='ocr_line' id='line_1_112' title="bbox 514 5189 980 5257; baseline 0 -13"><span class='ocrx_word' id='word_1_921' title='bbox 514 5189 559 5223; x_wconf 85' lang='grc'><strong><em>³¹</em></strong></span> <span class='ocrx_word' id='word_1_922' title='bbox 581 5190 738 5244; x_wconf 84' lang='lat' dir='ltr'><strong><em>Num.</em></strong></span> <span class='ocrx_word' id='word_1_923' title='bbox 766 5204 895 5257; x_wconf 76' lang='lat' dir='ltr'><strong>xxx,</strong></span> <span class='ocrx_word' id='word_1_924' title='bbox 926 5191 980 5244; x_wconf 82' lang='grc'><strong><em>2.</em></strong></span> 
     </span>
    </p>
   </div>
  </div>
