3954 6414
535 387 633 444 εει

2026 388 2347 447 ORIGENIS
3661 396 3740 454 432

532 491 616 535 est.
653 482 844 551 preces
898 481 962 534 ad
1012 493 1133 533 eum
1182 476 1400 533 mittere
1426 480 1516 548 qui
1560 490 1849 550 antequam
1881 496 2078 535 oremus

2204 500 2295 535 ται
2334 483 2409 547 ὼς
2442 483 2546 554 πρὸ
2574 482 2764 535 τούτου
2802 482 2877 555 μὴ
2907 484 3171 553 γνωσθέν.
3211 486 3306 549 Τίς
3337 478 3430 540 οῦν
3464 485 3607 557 χρεία
3634 489 3739 541 ἀνα-

533 574 641 628 scit.
682 572 881 641 quibus
934 571 1310 640 indigeamus?
1352 571 1461 625 Scit
1498 572 1635 626 enim
1666 570 1833 627 Pater
1880 573 2095 626 cmlestis

530 663 661 733 quid
721 678 849 729 opus
902 663 973 715 sit
1026 662 1170 715 nobis
1221 670 1504 732 antequam
1586 674 1825 732 petamus
1897 666 2091 719 eum”.

532 753 772 823 Equum
826 763 910 806 est
962 761 1141 806 autem
1196 768 1320 808 eum
1344 754 1435 823 qui
1484 764 1539 808 et
1584 764 1736 821 pater
1768 755 2010 809 omnium
2042 765 2097 809 et

530 846 714 915 opilex
749 853 852 905 est,
890 844 1162 912 diligitque
1194 847 1368 899 omnia
1403 862 1520 915 qua:
1547 854 1689 913 sunt,
1723 856 1771 899 et
1815 847 1945 899 nihil
1986 847 2094 899 odit

526 951 711 991 eorum
738 951 854 1005 qua:
880 934 1083 1002 fecit“,
1107 936 1398 991 salubriter
1435 952 1553 1006 qua:
1585 939 1649 990 ad
1687 938 1927 1007 singulos
1960 938 2095 991 atti-

527 1039 681 1094 nent,
713 1028 930 1084 etiamsi
974 1046 1078 1086 non
1111 1038 1291 1093 orent,
1316 1028 1657 1098 dispensare,
1716 1029 1886 1098 patris
1944 1045 2095 1085 more

525 1121 618 1189 qui
670 1134 792 1173 cum
825 1118 1064 1174 infantes
1098 1119 1257 1189 regit,
1301 1133 1407 1172 non
1452 1133 1640 1173 eorum
1674 1133 1863 1187 preces
1900 1134 2095 1188 exspe-

527 1217 636 1265 ctat
666 1211 757 1279 qui
799 1209 881 1265 vel
925 1211 1148 1266 omnino
1194 1221 1377 1279 petere
1423 1225 1528 1265 non
1576 1219 1820 1279 possunt,
1849 1210 1934 1264 vel
1985 1226 2093 1279 prae

525 1299 743 1354 inscitia
776 1314 917 1368 sa'pe
952 1315 1040 1354 res
1074 1298 1299 1354 utilibus
1332 1298 1761 1368 opportunisque
1788 1301 2093 1354 contrarias

526 1404 723 1457 capere
779 1390 990 1445 volunt.
1040 1389 1168 1444 Plus
1224 1397 1405 1442 autem
1459 1403 1560 1443 nos
1612 1389 1860 1443 homines
1906 1404 1935 1441 a
1996 1390 2089 1443 Dei

531 1490 713 1534 mente
767 1479 1033 1535 distamus
1084 1495 1243 1548 quam
1304 1480 1407 1533 ulla
1460 1495 1749 1549 puerorum
1801 1480 2026 1534 infantia
2058 1496 2089 1534 ιι

526 1581 707 1624 mente
732 1583 1040 1640 parentum.
1072 1572 1341 1627 Credibile
1362 1581 1446 1626 est
1475 1572 1638 1627 Deum
1664 1587 1769 1626 non
1795 1573 2091 1641 praevidere

530 1670 737 1715 tantum
800 1676 922 1730 qua:
983 1661 1160 1715 futura
1194 1674 1340 1727 sunt,
1368 1663 1464 1716 sed
1492 1670 1545 1716 et
1568 1662 1956 1731 praeordinare,
1990 1679 2090 1719 nec

527 1753 820 1823 quidquam
851 1754 1097 1809 accidere
1132 1763 1329 1823 praeter
1351 1769 1413 1809 ea
1442 1769 1560 1823 qua:
1584 1756 1651 1809 ab
1689 1756 1804 1823 ipso
1826 1756 1975 1825 prius
2000 1772 2090 1810 or-

2198 571 2509 643 πέμπεσθαι
2526 573 2689 642 εὐχὴν
2704 572 2780 643 τῷ
2796 575 2888 626 καὶ
2908 576 3037 646 πρὶν
3056 574 3318 641 εὐξασθαι
3340 577 3664 647 ἐπισταμένῳ
3678 572 3739 634 ὧν

2197 661 2466 733 χρῄζομεν
2487 680 2501 727 ;
2536 659 2668 715 Οἵδε
2696 662 2881 732 γὰρὈ
2900 663 3103 732 Πατὴρ
3127 667 3162 717 ό
3185 663 3461 731 οὐράνιος
3479 660 3562 718 ὧν
3575 668 3744 734 χρείαν

2195 752 2413 820 ἔχομεν
2441 752 2552 820 πρὸ
2590 752 2695 805 τοῦ
2720 753 2874 821 ἡμᾶς
2922 754 3162 822 αἰτῆσαι
3206 756 3408 809 αὐτόν.
3449 754 3658 824 Εὔλογον
3694 757 3742 811 δὲ

2195 841 2415 911 Πατέρα
2443 841 2534 895 καὶ
2553 841 2880 913 δημιουργὸν
2911 844 3072 897 αὐτὸν
3104 845 3235 897 ὅντα
3264 844 3356 898 τοῦ
3387 847 3601 911 παντὸς,
3625 849 3741 918 ἀγα-

2195 928 2395 982 πῶντα
2416 931 2486 983 τὰ
2522 930 2666 983 ὄντα
2695 931 2892 985 πάντα
2922 933 3019 987 καὶ
3036 988 3039 991 ,
3044 932 3242 1001 μηδὲν
3268 934 3745 1004 ,βδελυσσόμενον

2197 1013 2285 1071 ὧν
2330 1022 2640 1089 πεποίηκε,
2672 1024 2950 1094 σωτηρίως
2979 1024 3047 1077 τὰ
3078 1024 3210 1095 περ)⁴
3242 1025 3468 1079 ἕκαστον
3498 1029 3589 1081 καὶ
3609 1028 3744 1099 χωρὶς

2202 1108 2295 1161 τοῦ
2331 1109 2592 1175 εὔξασθαι
2615 1113 2937 1183 οἰκονομεῖν,
2955 1112 3109 1185 δίκην
3138 1115 3374 1185 πατέρος
3400 1117 3601 1186 νηπίων
3622 1122 3748 1189 προῖ-

2198 1201 2488 1270 σταμένου,
2532 1203 2626 1255 καὶ
2668 1203 2741 1274 μὴ
2774 1204 3160 1276 περιμένοντος
3206 1205 3431 1260 ἐκείνων
3487 1209 3582 1281 τὴν
3608 1208 3744 1274 ἀξίω-

2196 1309 2277 1344 σιν
2302 1331 2316 1355 ,
2358 1293 2477 1363 ἦτοι
2521 1294 2639 1364 μηδ’
2669 1295 2803 1359 ὅλως
2831 1296 3142 1367 δυναμένων
3167 1299 3359 1363 αἰτεῖν,
3387 1299 3419 1370 ἢ
3445 1300 3532 1353 διὰ
3560 1302 3747 1368 ἄγνοιαν

2194 1383 2449 1447 πολλάκις
2496 1386 2563 1439 τὰ
2610 1388 2834 1440 ἐναντία
2892 1391 3001 1452 τοῖς
3054 1390 3393 1461 συμφέρουσι
3436 1392 3531 1445 καὶ
3572 1391 3751 1445 λυσιτε-

2191 1474 2342 1527 λοῦσι
2375 1476 2635 1530 θελόντων
2663 1478 2865 1532 λαϐεῖν.
2914 1480 3350 1553 Ἀπολειπόμεθα
3394 1484 3452 1536 δὲ
3481 1486 3530 1537 οἱ
3570 1484 3751 1558 ἀνθρω-

2191 1582 2281 1617 ποι
2323 1566 2501 1619 πλεῖον
2527 1567 2619 1619 τοῦ
2646 1568 2780 1620 Θεοῦ
2816 1567 2926 1639 (29)
2969 1570 3115 1640 ἥπερ
3145 1571 3212 1623 τὰ
3241 1574 3435 1643 κομιδῇ
3468 1574 3642 1627 παιδία
3668 1574 3748 1628 τοῦ

2188 1656 2278 1709 νοῦ
2322 1656 2427 1709 τῶν
2461 1657 2889 1728 γεγεννηκότων.
2928 1660 3087 1723 Εἰκὸς
3112 1660 3191 1730 τῷ
3216 1661 3334 1732 Θεῷ
3358 1664 3417 1715 οὐ
3453 1664 3609 1733 μόνον
3631 1681 3748 1736 προ-

2189 1748 2457 1815 εγνῶσθαι
2483 1748 2550 1801 τὰ
2587 1750 2837 1819 ἐσόμενα,
2870 1750 3005 1805 ἀλλὰ
3033 1752 3127 1804 καὶ
3162 1754 3632 1825 προδιατετάχθαι,
3665 1756 3751 1811 καὶ

527 1846 715 1901 diuata
741 1855 887 1900 sunt.
920 1844 991 1901 Ut
1030 1845 1198 1917 igitur
1222 1846 1265 1899 si
1294 1846 1417 1914 quis
1443 1847 1571 1900 oriri
1626 1846 1792 1901 solem
1835 1862 2078 1916 precare-

2197 1839 2362 1911 μηδὲν
2388 1840 2535 1909 αὐτῷ
2561 1840 2713 1911 παρά
2742 1840 2810 1894 τὰ
2842 1842 3349 1915 προδιατεταγμένα
3376 1846 3482 1917 (50)
3506 1847 3748 1915 γίνεσθαι.

528 1946 635 2003 tur,
694 1938 887 1993 stultus
946 1938 1241 1992 haberetur
1272 1953 1392 1992 cum
1425 1938 1476 1991 id
1519 1939 1632 1993 suis
1669 1938 1805 1993 ellici
1837 1940 2090 2006 precibus

524 2039 755 2101 peteret,
792 2030 934 2099 quod
986 2031 1152 2084 etiam
1201 2031 1321 2085 sine
1355 2030 1606 2099 precibus
1645 2029 1887 2083 futurum
1917 2041 2036 2084 erat
2071 2050 2086 2085 :

525 2123 605 2177 sic
677 2121 910 2175 amens‘
959 2120 1050 2176 ille
1123 2119 1265 2175 foret
1337 2122 1427 2190 qui
1503 2132 1723 2192 propter
1784 2122 2087 2177 orationem

523 2226 674 2265 suam
702 2211 818 2266 fieri
851 2220 1083 2279 putaret,
1123 2211 1286 2279 quod,
1318 2210 1420 2266 etsi
1470 2226 1573 2266 non
1601 2221 1833 2276 orasset,
1867 2213 2087 2267 omnino

524 2302 764 2356 l'uturum
840 2312 977 2359 erat.
1055 2302 1262 2357 Rursus
1305 2312 1362 2357 ut
1422 2318 1635 2358 omnem
1696 2304 1782 2357 ille
1820 2306 2083 2359 insaniam

524 2397 812 2451 excederet
861 2398 979 2465 qui,
1035 2396 1178 2465 quod
1234 2396 1313 2451 sol
1360 2397 1413 2449 in
1458 2396 1646 2450 aestivo
1688 2397 1920 2451 solstitio
1974 2414 2085 2449 mo-

520 2484 690 2539 lestus
734 2487 806 2541 sit
864 2496 917 2540 et
954 2486 1169 2550 adurat,
1203 2486 1459 2554 precibus
1492 2487 1604 2539 suis
1656 2495 1874 2554 putaret
1921 2484 2081 2555 205

520 2575 690 2629 solem
745 2576 812 2629 ad
863 2590 1030 2631 verna
1094 2575 1243 2644 signa
1311 2574 1782 2641 transferendum,
1842 2584 1903 2629 ut
1968 2577 2085 2642 ipse

520 2668 801 2722 commoda
839 2667 1047 2720 fruatur
1067 2668 1208 2721 aeris
1241 2666 1500 2733 temperie
1536 2666 1654 2721 :sic
1681 2682 1801 2737 quae
1846 2667 2082 2723 humano

517 2757 699 2828 generi
735 2756 1070 2810 incommoda
1099 2754 1409 2811 necessario
1435 2756 1687 2810 accidunt
1726 2755 1769 2809 si
1805 2756 1924 2824 quis
1957 2771 2080 2824 pre-

516 2849 672 2904 cibus
700 2847 813 2901 lieri
846 2855 998 2917 putat
1022 2860 1183 2916 posse
1234 2860 1301 2901 ne
1335 2847 1594 2915 patiatur,
1627 2861 1843 2901 omnem
1875 2847 1963 2901 ille
1994 2864 2083 2900 su-

515 2937 791 3008 peraverit
836 2936 1126 2992 insaniam.
1166 2934 1322 3003 Quod
1353 2936 1399 2990 si
1437 2934 1655 2989 alienati
1688 2944 1808 2988 sunt
1836 2946 2077 3003 peccato-

519 3045 599 3083 res
631 3046 662 3081 a
694 3027 844 3081 vulva
874 3027 941 3091 ³³,
972 3033 1025 3081 et
1049 3035 1363 3096 segregatus
1388 3034 1471 3080 est
1497 3024 1677 3093 justus
1706 3039 1771 3077 ea:
1794 3034 1937 3078 utero
1968 3040 2079 3076 ma-

2199 1930 2411 2002 Ὠσπερ
2439 1928 2533 1985 οῦν
2560 1932 2611 1985 el
2639 1950 2725 1996 τις
2766 1931 2974 2004 εὔχοιτο
3006 1934 3314 1989 ἀνατέλλειν
3337 1937 3427 1989 τὸν
3452 1938 3619 2015 ἥλιον,
3642 1940 3751 2009 ὴλί-

2196 2019 2308 2083 θιος
2332 2021 2396 2074 ἂν
2420 2020 2712 2091 νομίζοιτο,
2740 2022 2798 2074 τὸ
2829 2024 2922 2076 καὶ
2944 2025 3111 2094 χωρὶς
3140 2024 3239 2094 τῆς
3268 2025 3433 2095 εὐχῆς
3462 2025 3622 2078 αὐτοῦ
3648 2027 3752 2079 ἐσό-

2200 2129 2359 2182 μενον
2388 2111 2475 2166 διά
2516 2114 2614 2184 τῆς
2636 2114 2801 2184 εὐχῆς
2832 2115 3085 2189 γενέσθαι
3110 2116 3305 2180 ἀξιῶν·
3341 2116 3514 2182 οὕτως
3542 2118 3752 2189 ἀνόητος

2190 2204 2257 2258 ἂν
2318 2203 2404 2274 εἴη
2456 2204 2741 2276 ἄνθρωπος
2793 2207 2941 2269 ὅστις
2981 2206 3154 2259 οἴεται
3185 2206 3271 2260 διὰ
3307 2207 3405 2278 τὴν
3447 2208 3634 2262 ἐαυτοῦ
3666 2210 3753 2264 εὐ-

2188 2294 2285 2364 χὴν
2330 2293 2569 2361 γίνεσθαι
2614 2294 2679 2347 τά
2725 2295 2817 2347 καὶ
2862 2294 2937 2365 μὴ
2974 2294 3277 2366 εὐξαμένου
3327 2298 3492 2350 αὐτοῦ
3551 2299 3754 2363 πάντως

2190 2385 2425 2454 ἐσόμενα
2491 2384 2576 2438 ἄν.
2636 2385 2805 2439 Πάλιν
2868 2403 2928 2437 τε
3004 2382 3070 2440 αὖ
3155 2386 3343 2458 ὥσπερ
3406 2389 3586 2442 πᾶσαν
3659 2407 3753 2460 μα-

2186 2474 2301 2529 νίαν
2372 2475 2695 2546 ὑπερϐάλλει
2741 2476 2851 2545 (51)
2916 2479 2943 2529 ὁ
3005 2477 3093 2531 διὰ
3157 2477 3216 2529 τὸ
3276 2478 3603 2549 ἐνοχλεῖσθαι
3656 2481 3752 2533 ὑπὸ

2185 2565 2277 2620 τοῦ
2346 2566 2498 2637 ἡλίου
2555 2567 2846 2637 γενομένου
2930 2569 2987 2620 ἐν
3071 2566 3311 2639 θεριναῖς
3376 2572 3607 2639 τροπαῖς
3667 2571 3756 2625 καὶ

2182 2656 2536 2722 καυσοῦσθαι,
2570 2659 2812 2728 οἰόμενος
2850 2656 2937 2710 διὰ
2978 2657 3075 2729 τῆς
3118 2659 3284 2729 εὐχῆς
3328 2660 3754 2732 μεταστήσεσθαι

2181 2749 2271 2799 τὸν
2300 2747 2452 2817 ἥλιον
2490 2747 2583 2800 ἐπὶ
2619 2746 2688 2799 τὰ
2728 2748 2920 2819 ἐαρινὰ
2949 2751 3169 2819 σημεῖα,
3209 2736 3303 2801 ἵνα
3325 2748 3591 2820 εὐκράτου
3624 2751 3755 2804 ἀπο-

2182 2835 2319 2909 λαύῃ
2358 2836 2451 2890 τοῦ
2501 2837 2680 2907 ἀέρος·
2711 2837 2882 2900 οῦτως
2930 2837 3001 2891 τὰ
3042 2837 3353 2906 ἀναγκαίως
3397 2838 3758 2909 συμϐαίνοντα

2181 2927 2539 2998 περιστατικά
2576 2926 2651 2997 τῷ
2680 2927 2787 2980 τῶν
2825 2927 3125 2999 ἀνθρώπων
3178 2928 3345 2995 γένει,
3376 2927 3432 2980 εἴ
3468 2945 3552 2991 τις
3598 2928 3759 2982 οἴοιτο

2184 3018 2352 3071 διὰτὸ
2375 3016 2625 3088 εὔχεσθαι
2663 3018 2735 3088 μὴ
2765 3018 3067 3082 πείσεσθαι,
3109 3020 3287 3073 πᾶσαν
3327 3017 3625 3090 ὑπερϐάλοι
3665 3037 3759 3091 με·

516 3120 612 3172 tris
637 3119 714 3184 l“;
737 3126 790 3171 et
827 3134 841 3170 :
876 3116 1006 3170 Cum
1044 3115 1277 3170 nondum
1314 3114 1427 3168 nati
1470 3112 1710 3181 fuissent,
1743 3120 1836 3164 aut
1874 3111 2074 3180 aliquid

2183 3109 2488 3179 λαγχολίαν.
2534 3110 2597 3161 Εἰ
2648 3108 2705 3161 δέ
2752 3108 2842 3162 καὶ
2884 3109 3377 3179 ἠλλοτριώθησαν
3422 3109 3759 3181 ἁμαρτωλοὶ

519 3212 638 3264 boni
670 3212 890 3279 egissent
922 3218 1012 3261 aut
1044 3208 1192 3271 mali,
1225 3216 1281 3259 ut
1317 3206 1601 3259 secundant
1624 3204 1926 3259 electionem
1955 3221 2077 3269 pro-

515 3302 743 3370 positum
778 3299 873 3354 Dei
928 3307 1182 3361 maneret,
1227 3314 1327 3349 non
1370 3311 1433 3348 ea:
1466 3295 1723 3362 operibus,
1767 3293 1856 3347 sed
1902 3310 1963 3347 ex
1992 3311 2078 3346 vo-

515 3400 667 3444 cante
693 3390 910 3453 dicitur,
942 3390 1065 3457 quia
1096 3388 1271 3455 major
1319 3385 1503 3438 serviet
1553 3384 1742 3436 minori
1770 3384 1845 3449 ’δίς
1878 3382 2078 3437 frustra

515 3494 617 3547 pro
638 3478 964 3534 remissione
990 3485 1340 3547 peccatorum
1383 3489 1623 3537 oramus,
1672 3482 1766 3527 aut
1798 3482 1856 3526 ut
1906 3472 2078 3542 Spiri-

518 3579 632 3624 tum
672 3569 1011 3624 fortitudinis
1072 3566 1429 3635 accipiatnus.
1480 3574 1535 3620 et
1578 3566 1757 3620 omnia
1810 3566 2079 3634 possimus

514 3659 853 3716 confortante
877 3673 976 3713 nos
1004 3657 1222 3713 Christo
1249 3655 1319 3707 δ’.
1353 3655 1412 3709 Si
1444 3655 1593 3709 enim
1640 3665 1954 3723 peccatores
1986 3672 2079 3710 su-

514 3765 658 3815 mus,
687 3750 902 3804 alienati
953 3763 1140 3803 sumus
1186 3762 1213 3799 a
1253 3747 1441 3811 vulva;
1486 3746 1528 3799 si
1578 3760 1645 3800 ex
1684 3752 1839 3799 utero
1887 3747 2079 3802 matris

514 3849 717 3896 nostrae
764 3852 950 3893 sumus
1004 3834 1312 3906 segregati,
1370 3836 1570 3903 Optima
1631 3849 1857 3904 quaeque
1922 3835 2078 3890 nobis

513 3933 676 3986 etiam
708 3946 812 3984 non
860 3931 1142 3985 orantibus
1200 3937 1507 3985 occurrent.
1537 3926 1682 3994 Quas
1711 3928 1855 3982 enim
1889 3942 2077 3995 preces

513 4021 781 4090 obtulerat
805 4020 969 4076 Jacob
994 4022 1060 4076 de
1093 4036 1223 4092 quo,
1252 4028 1542 4089 antequam
1575 4029 1908 4083 nasceretur,
1932 4034 2076 4087 prae-

513 4112 716 4168 dictum
751 4121 834 4167 est
864 4111 979 4167 fore
1003 4120 1060 4167 ut
1089 4121 1369 4181 superaret
1400 4112 1563 4176 Esau,
1594 4110 1695 4180 ipsi
1720 4124 1931 4180 quoque
1958 4126 2077 4165 scr-

510 4202 651 4256 viret
679 4203 844 4257 frater
869 4202 952 4257 ‘3?
978 4202 1117 4270 Quid
1160 4202 1323 4271 impie
1359 4208 1601 4272 gesserat
1647 4200 1790 4256 Esau
1844 4212 1902 4256 ut
1950 4203 2076 4257 odio

508 4293 806 4349 haberetur
841 4295 1079 4349 nondum
1127 4294 1331 4361 natust
1356 4293 1464 4348 Cur
1495 4302 1617 4347 orat
1660 4292 1892 4364 Moyses,
1925 4304 1983 4346 ut
2022 4294 2072 4345 in

511 4386 839 4454 octogesimo
887 4386 1118 4454 septimo
1164 4385 1372 4454 psalmo
1424 4384 1666 4445 habetur,
1713 4384 1756 4437 si
1803 4383 2066 4453 refugium

2181 3202 2296 3257 ἀπὸ
2326 3201 2577 3271 μήτρας,
2608 3201 2704 3254 καὶ
2741 3200 3043 3274 ἀφώρισται
3091 3203 3119 3255 6
3155 3203 3360 3268 δίκαιος
3402 3206 3470 3258 ἐκ
3519 3205 3758 3273 κοιλίας

2174 3292 2421 3362 μητρὸς,
2445 3291 2624 3361 μήπω
2657 3290 2765 3362 (52)
2793 3293 2945 3361 μήτε
2971 3294 3393 3362 γεννηθέντων,
3429 3295 3582 3365 μήτε
3613 3310 3761 3365 πραμ-

2180 3383 2412 3447 ξάντων
2435 3402 2489 3437 τι
2516 3385 2740 3453 ἀγαθὸν
2766 3384 2804 3452 ἢ
2830 3384 3088 3453 φαῦλον,
3123 3386 3224 3438 ἵνα
3257 3387 3295 3454 ἠ
3325 3389 3456 3439 κατ’
3488 3387 3762 3457 ἐκλογὴν

2179 3478 2463 3545 πρόθεσις
2496 3478 2600 3532 τοῦ
2644 3478 2791 3532 Θεοῦ
2818 3479 2997 3546 μένῃ,
3031 3479 3139 3531 οὐκ
3171 3478 3240 3541 ἐξ
3268 3479 3476 3548 ἔργων,
3511 3480 3651 3534 ἀλλ’
3692 3481 3761 3533 ἐκ

2178 3568 2285 3621 τοῦ
2322 3569 2658 3635 καλοῦντος
2710 3569 2978 3637 λέγεται,
3015 3568 3271 3637 όμείζων
3319 3569 3639 3623 δουλεύσει
3681 3569 3764 3634 τῷ

2177 3656 2468 3711 ἐλάττονιο
2505 3657 2680 3728 μάτην
2706 3659 2833 3729 περὶ
2868 3657 3112 3726 ἀφέσεως
3133 3660 3545 3730 ἁμαρτημάτων
3578 3659 3767 3725 ἀξιοῦ-

2182 3765 2301 3818 μεν,
2332 3749 2365 3819 ἢ
2397 3747 2644 3820 περὶτοῦ
2697 3749 2922 3818 Πνεῦμα
2966 3748 3147 3819 ἰσχύος
3191 3749 3396 3816 λαϐεῖν,
3448 3753 3534 3805 ἵνα
3577 3753 3766 3805 πάντα

2182 3837 2483 3909 ἰσχύσωμεν
2510 3838 2928 3908 ἐνδυναμοῦντος
2957 3840 3103 3909 ἡμᾶς
3137 3840 3391 3911 Χριστοῦ.
3423 3842 3486 3893 Εἰ
3516 3842 3615 3911 μὲν
3648 3842 3764 3915 γάρ

2178 3931 2489 4002 ἁμαρτωλοί
2513 3933 2702 4001 ἐσμεν,
2736 3929 2841 3983 ἀπὸ
2879 3929 3089 4001 μήτρας
3122 3931 3550 4003 ἡλλοτριώμεοα·
3596 3936 3652 3986 εἰ
3706 3933 3768 3989 δι

2178 4015 2564 4087 ἀφωρίσθημεν
2583 4018 2647 4069 ὲκ
2681 4016 2895 4078 κοιλίας
2932 4016 3135 4087 μητρὸς
3178 4019 3353 4088 ἡμῶν,
3390 4019 3462 4073 τὰ
3490 4021 3767 4075 κάλλιστα

2178 4109 2270 4162 καὶ
2323 4108 2397 4179 μὴ
2440 4108 2750 4178 εὐχομένοις
2788 4109 3176 4178 ἀπαντήσεται.
3234 4110 3401 4164 Ποίαν
3437 4110 3544 4185 γὰρ
3582 4112 3769 4184 εὐχὴν

2176 4196 2536 4270 προσαγαγὼν
2572 4197 2782 4261 Ἰακὼϐ,
2813 4198 2941 4269 πρὶν
2962 4197 3307 4267 γεννηθῆναι,
3327 4202 3764 4272 προφητεύεται,

2176 4292 2257 4343 ὅτι
2290 4289 2538 4360 ὑπερέξει
2561 4289 2656 4344 τοῦ
2707 4291 2907 4356 Ἡσαῦ,’
2943 4292 3040 4346 καὶ
3064 4290 3334 4345 δουλεύσει
3365 4293 3512 4363 αὐτῷ
3540 4295 3567 4345 ὁ
3598 4293 3775 4346 ἀδελ.

2177 4383 2312 4450 φός;
2348 4383 2412 4433 Τί
2443 4382 2501 4434 δὲ
2528 4381 2803 4452 ἀσεϐήσας
2837 4385 2866 4435 6
2910 4382 3079 4435 Ἠσαῦ
3121 4385 3352 4453 μισεῖται
3396 4384 3526 4454 πρὶν
3554 4399 3770 4453 γεννη-

506 4474 626 4543 ejus
656 4487 738 4531 est
770 4475 914 4531 Deus
934 4486 1214 4545 antequam
1234 4486 1435 4530 montes
1472 4476 1657 4544 ﬁerent
1685 4487 1776 4530 aut
1804 4477 2057 4546 [armare-

2183 4474 2357 4543 ὶῆναι;
2387 4474 2503 4525 Ἵνα
2527 4472 2577 4526 τί
2601 4473 2657 4525 δὲ
2697 4473 2912 4543 εὔχεται
2940 4475 3179 4544 Μωῦσῆς
3203 4474 3278 4538 ὡς
3307 4477 3364 4528 ἐν
3383 4519 3385 4522 ι
3405 4473 3771 4545 ὀγδοηκοστῷ

506 4571 594 4614 tur
625 4573 767 4618 terra
792 4572 838 4616 et
870 4563 1007 4618 orbis
1035 4563 1179 4618 “....
1217 4563 1323 4618 Sed
1346 4574 1401 4617 et
1421 4565 1486 4619 de
1513 4564 1787 4620 salvandis
1818 4566 2071 4620 omnibus

505 4655 561 4709 in
582 4656 815 4723 Epistula
840 4657 906 4709 ad
936 4656 1199 4726 Ephesios
1250 4657 1513 4724 scriptum
1559 4664 1666 4721 est,
1712 4655 1937 4726 elegisse
1975 4672 2069 4711 eos

506 4743 725 4800 Patrem
765 4747 817 4799 in
854 4746 989 4813 ipso,
1022 4762 1213 4816 nempe
1238 4747 1291 4801 in
1321 4748 1561 4809 Christo,
1592 4758 1712 4800 ante
1741 4748 1919 4801 mundi
1950 4764 2069 4802 ron-

502 4836 825 4889 stitutionem
858 4847 912 4888 ut
942 4846 1129 4889 essent
1168 4837 1336 4889 sancti
1390 4845 1439 4889 et
1484 4837 1814 4889 immaculati
1858 4837 1913 4888 in
1944 4853 2067 4889 con-

504 4935 680 4993 spectu
712 4927 825 4995 ejus
854 4927 907 4979 in
958 4928 1235 4980 cliaritate.
1290 4926 1393 4990 Qui
1437 4926 1827 4993 pradestinavit
1870 4940 1965 4979 eos
2008 4927 2063 4979 in

499 5019 835 5087 adoptionem
880 5018 1110 5084 ﬁliorum
1177 5032 1268 5070 uer
1310 5016 1493 5071 Jesum
1555 5016 1821 5070 Christum
1870 5017 1923 5068 in
1976 5017 2059 5083 ip-

2172 4566 2383 4635 ἑϐδόμῳ
2425 4565 2534 4634 (55)
2574 4563 2801 4634 εὓρηται
2857 4564 3075 4635 ψαλμῷ,
3108 4567 3155 4617 εἰ
3206 4566 3517 4637 καταφυγὴ
3570 4565 3766 4620 αὐτοῦ

2171 4660 2318 4711 ἐστιν
2349 4659 2378 4709 6
2410 4656 2539 4717 Θεὸς
2583 4655 2695 4723 πρὸ
2726 4655 2831 4709 τοῦ
2877 4656 2984 4723 ὅρη
3033 4657 3393 4725 ἑδρασθῆναι
3442 4658 3534 4712 καί
3590 4661 3774 4713 πλη·

2169 4747 2388 4813 σθῆναι
2442 4743 2553 4812 τὴν
2608 4743 2726 4813 γῆν
2779 4745 2876 4798 καὶ
2936 4745 3052 4813 τὴν
3104 4747 3463 4817 οἰκουμένην
3513 4747 3768 4819 (54)....

2182 4834 2340 4888 Ἀλλὰ
2383 4835 2476 4888 καὶ
2518 4835 2645 4905 περὶ
2700 4834 2916 4887 πάντων
2962 4835 3071 4889 τῶν
3120 4837 3507 4908 σωθησομένων
3558 4843 3633 4892 ἐν
3693 4844 3777 4911 τῇ

2170 4932 2303 5003 πρὸς
2354 4930 2630 4998 Ἐφεσίους
2678 4930 3111 4999 ἀναγέγραπται,
3168 4932 3247 4985 ὅτι
3289 4934 3401 5005 (55)
3454 4933 3785 4998 ἐξελέξατο

2168 5020 2361 5082 αὐτοὺς
2376 5020 2444 5072 ἐν
2458 5018 2616 5084 αὐτῷ
2641 5020 2716 5087 (ἐν
2744 5019 2963 5089 Χριστῷ
2984 5021 3031 5090 ὁ)
3061 5021 3248 5092 Πατὴρ
3264 5023 3374 5091 πρὸ
3398 5022 3785 5093 καταϐολῆς

576 5147 618 5231 ξ]
647 5146 835 5201 Matth.
864 5165 951 5231 vi;
968 5150 1020 5204 8.
1052 5148 1295 5231 u’isap.
1325 5154 1514 5231 xr,_25.
1608 5154 1649 5186 ³⁸
1680 5154 1817 5207 Psal.
1855 5169 1989 5221 Lvn,
2017 5155 2067 5208 4.

2188 5156 2208 5186 ο
2240 5154 2409 5209 Galat.
2441 5170 2477 5220 ι,
2509 5120 2594 5209 t5.
2670 5155 2713 5186 ιι
2740 5154 2899 5210 Rom.
2935 5172 3007 5221 lx,
3043 5157 3129 5211 tt.
3206 5156 3497 5226 “Philipp.
3546 5173 3655 5231 ιν,
3695 5167 3795 5223 ιδ,

503 5216 548 5249 ⁵³
575 5217 709 5271 Gen.
738 5233 857 5281 xxv,
887 5219 975 5273 25.
1051 5219 1096 5249 ⁸⁵
1122 5216 1261 5272 Ρδιιιῖ
1297 5236 1376 5284 xc,
1407 5224 1453 5276 1.

2132 5350 2261 5419 legit
2293 5349 2469 5405 editor
2505 5347 2853 5413 Oxoniensis,
2902 5351 3130 5420 ἐννάτῳ.
3188 5350 3340 5406 Nunc
3394 5352 3444 5405 in
3492 5350 3764 5410 Grmeis

2132 5419 2433 5473 Bibliorutu
2498 5420 2784 5474 codicibus
2842 5419 3124 5489 impressis
3172 5420 3385 5475 initiutn
3418 5430 3494 5475 est
3564 5426 3766 5491 psal-

2134 5506 2204 5542 ml
2240 5503 2324 5543 XC.

2204 5558 2313 5628 (54)
2339 5558 2463 5613 Post
2500 5558 2847 5630 οἰκουμένην,
2900 5557 2955 5612 in
3004 5559 3189 5614 codice
3226 5575 3327 5615 ms.
3382 5561 3582 5616 hiatus
3659 5575 3771 5619 es:

2132 5633 2290 5680 unius
2313 5637 2366 5681 et
2388 5631 2705 5682 setnilineaa.

2207 5698 2320 5766 (55)
2348 5698 2487 5751 Ὅτι.
2513 5699 2603 5751 Sic
2635 5698 2796 5753 habet
2831 5698 3001 5754 codex
3056 5712 3159 5753 ms.
3208 5697 3342 5755 Male
3371 5713 3493 5754 vero
3538 5702 3780 5756 editio

2132 5766 2483 5833 Oxonieusis,
2523 5768 2637 5822 ὅτε.

533 5348 815 5433 (29)]ορ
851 5352 1025 5433 ρεορ.
1089 5349 1338 5407 Bentleio
1370 5354 1711 5408 scribendum
1768 5351 1980 5407 videtur
2018 5370 2032 5406 :

476 5418 563 5477 τοῦ
607 5418 696 5473 νοῦ
725 5420 817 5473 τοῦ
849 5420 1003 5473 Θεοῦ.

542 5489 652 5561 (50)
700 5490 877 5561 Αὐτῷ.
905 5490 1063 5561 napi;
1100 5490 1165 5542 τὰ
1202 5487 1754 5561 προδιατεταγμένα.
1770 5487 2042 5547 Bentleius

472 5559 804 5631 ἰοςὶιηπαρά
829 5559 895 5612 τὰ
925 5559 1070 5629 αὐτῷ
1101 5559 1759 5631 προδιατεταγμένα,νριο.

542 5628 654 5697 (31)
682 5625 916 5684 Μανίαν
954 5625 1339 5697 saepedum.
1385 5625 1565 5683 naue:
1614 5625 1907 5687 Bentleius,
1931 5644 2033 5696 μα-

473 5699 591 5753 νίαν
616 5698 680 5753 ἂν
709 5698 1055 5770 ὑπερϐάλλω.

543 5769 653 5839 (ὅὲ)
684 5765 892 5835 Μήδέω.
931 5769 1080 5838 Legit
1124 5765 1400 5824 Bentleius
1433 5806 1449 5839 _,
1482 5766 1575 5819 καὶ
1607 5767 1791 5834 μήπω.

540 5836 651 5911 (55)
695 5838 970 5910 Ἑϐδόμῳ.
1009 5836 1108 5895 Sic
1145 5839 1306 5893 habet
1346 5837 1515 5892 codex
1545 5852 1645 5890 ms.
1671 5851 1723 5888 ιιι
1748 5850 1853 5903 quo
1888 5836 2025 5890 male
