3868 6510
196 407 293 464 ιὸὃ

1377 387 1709 448 LIBELLUS
1742 384 1828 441 DE
1866 383 2231 442 ORATIONE.

3318 380 3415 436 ὀδό

190 506 410 571 κόσμου
441 502 529 566 είς
550 498 619 554 τό
651 494 801 553 εἶναι
843 496 1065 559 αὐτοὺς
1110 493 1313 561 ἁγίους
1351 490 1441 544 καὶ
1469 485 1743 556 ἀμώμους

1854 498 1968 536 sum
1998 482 2065 537 “.
2092 483 2199 535 Aut
2225 479 2386 549 igitur
2410 491 2477 531 ex
2508 476 2574 531 iis
2609 472 2805 544 aliquis
2838 472 3052 542 estqui
3079 472 3233 528 electi
3292 483 3415 526 sunt

192 593 307 647 κατ’
333 590 589 645 ἐνώπιον
617 590 800 644 αὐτοῦ
832 589 902 642 ἐν
931 584 1153 657 ἀγάπῃ·
1186 581 1508 650 προορίσας
1528 574 1748 639 αὐτοὺς

188 689 265 750 εἰς
294 685 602 738 υἱοθεσίαν
633 682 732 736 διὰ
757 680 1011 751 Χριστοῦ
1036 680 1122 744 εὶς
1144 674 1509 730 αὐτόν.Ἥτοι
1542 665 1634 723 οὖν
1664 685 1748 729 τις

186 779 245 830 ἐκ
291 774 398 829 τῶν
456 774 563 847 πρὸ
626 772 927 843 καταϐολῆς
984 770 1188 839 κόσμου
1243 765 1388 829 ἐστὶν
1443 757 1750 829 ἐξειλεγμέο

187 885 265 930 νος
298 866 432 936 (36),
469 866 565 920 καὶ
596 865 874 935 ἀμήχανον
910 861 1069 915 αὐτὸν
1095 860 1197 929 τῆς
1216 856 1443 925 ἐκλογῆς
1474 854 1746 913 ἐκπεσεῖν,

185 958 358 1027 διόπερ
420 956 481 1008 οὐ
530 955 687 1026 χρεία
739 952 915 1021 τούτῳ
960 950 1139 1021 εὐχῆςο
1180 947 1213 1018 ἦ
1266 947 1367 999 οὐκ
1421 942 1745 1009 ἐξείλεκται,

184 1047 291 1101 οὐδὲ
325 1045 686 1117 προώρισται,
733 1045 823 1097 καὶ
857 1044 1031 1114 μάτην
1073 1038 1308 1110 εῦχεται,
1352 1034 1453 1089 κᾶν
1493 1033 1749 1104 μυριάκις

184 1136 390 1205 εΰξηται
438 1134 583 1205 (37),
650 1134 751 1186 οὐκ
813 1130 1385 1200 ἐπακουσθησόμενοςυ
1472 1124 1588 1188 Οὓς
1637 1123 1748 1192 γὰρ

182 1228 441 1296 προέγνω
473 1228 506 1279 ὀ
531 1223 693 1289 θεὸς,
728 1226 977 1288 τούτους
1021 1221 1118 1273 καὶ
1156 1217 1445 1287 προώρισε
1486 1215 1748 1283 συμμόρ-

180 1333 318 1385 φευς
382 1315 494 1382 τῆς
548 1314 782 1378 εἰκόνος
821 1311 932 1377 τῆς
972 1308 1155 1374 δόξης
1196 1306 1302 1360 τοῦ
1352 1305 1486 1359 Υίοῦ
1538 1300 1743 1356 αὐτοῦ’

180 1408 275 1473 οὓς
306 1406 378 1459 δὲ
405 1405 721 1475 προώρισε,
767 1404 1016 1467 τούτους
1051 1399 1147 1454 καὶ
1192 1399 1467 1461 ἐκάλεσε,
1513 1395 1606 1448 καὶ
1642 1393 1748 1457 οὒς

179 1497 449 1560 ἐκάλεσε,
484 1497 738 1560 τούτους
789 1493 885 1546 καὶ
947 1491 1317 1550 ἐδικαίωσεν,
1369 1486 1477 1552 οὓς
1522 1484 1589 1537 δὲ
1631 1482 1747 1535 ἐδι-

180 1590 413 1651 καίωσε,
451 1586 698 1651 τούτους
730 1583 827 1637 καὶ
854 1583 1129 1646 ἐδόξασε.
1159 1579 1223 1632 Τί
1257 1578 1366 1649 γὰρ
1398 1577 1593 1646 κάμνει
1630 1575 1745 1625 Ἰω-

179 1679 305 1741 σίας,
334 1679 369 1748 ἢ
401 1678 492 1730 διὰ
512 1676 563 1729 τί
587 1676 874 1747 εὐχόμενος
901 1673 1223 1743 πεφρόντικε
1256 1670 1382 1739 περὶ
1407 1666 1744 1736 τοῦπότερόν

1851 580 1977 625 ante
2008 569 2192 624 mundi
2229 566 2693 629 constitutionem,
2740 576 2839 618 nec
2868 561 2984 615 ﬁeri
3022 566 3200 629 potest
3234 570 3290 614 ut
3321 575 3418 613 ex-

1848 663 1993 718 cidat
2022 660 2202 729 abfilla
2231 660 2512 723 electione,
2533 657 2774 725 adeoque
2800 658 3048 709 oratione
3078 652 3166 706 hic
3192 667 3297 706 non
3332 653 3416 705 in-

1848 754 2022 823 diget;
2050 762 2142 806 aut
2170 752 2380 806 electus
2424 764 2531 803 non
2575 757 2683 810 e51,
2736 759 2912 814 neque
2961 744 3413 812 praedestinatus,

1850 846 2003 913 isque
2033 842 2229 897 frustra
2259 852 2401 906 orat,
2443 855 2565 895 cum
2615 839 2732 907 ejus
2775 836 2947 889 oratio
2980 834 3063 887 vel
3104 834 3301 887 millies
3332 850 3389 887 rc

1848 935 2012 1003 petita
2062 930 2398 987 exaudienda
2450 944 2557 984 non
2602 929 2674 983 sit
2722 944 2735 979 :
2789 924 2932 979 Nam
2973 940 3102 993 quos
3154 924 3416 989 praesciuit

1852 1024 2013 1085 Deus,
2040 1034 2087 1076 et
2116 1022 2510 1090 prwdestinavit
2543 1017 2836 1086 conformes
2879 1014 2992 1082 ﬁeri
3019 1014 3267 1080 imaginis
3304 1013 3416 1081 glo-

1846 1116 1943 1168 ria:
1977 1112 2111 1167 Filii
2137 1114 2240 1167 sui.
2273 1111 2418 1177 Quos
2451 1118 2624 1163 autem
2663 1106 3075 1175 praedestinavit,
3113 1105 3205 1157 hos
3242 1113 3287 1156 et
3323 1119 3413 1156 va-

1847 1206 2003 1269 cavit,
2028 1214 2075 1257 et
2105 1219 2234 1272 quos
2267 1202 2488 1262 vocavit,
2521 1200 2614 1252 hos
2635 1207 2680 1252 et
2708 1196 3053 1264 justiﬁcavit;
3079 1209 3206 1263 quos
3238 1204 3414 1245 autem

1842 1296 2177 1365 justiﬁcavit.
2211 1292 2331 1346 illo:
2367 1301 2412 1345 ct
2436 1287 2745 1360 gloriﬁcavit
2782 1286 2847 1339 ⁸⁸.
2886 1284 3025 1350 Quid
3072 1284 3285 1337 laborat
3323 1280 3416 1336 lo-

1846 1389 1977 1451 sias,
2020 1385 2149 1455 quid
2190 1384 2396 1439 orando
2440 1380 2635 1434 anxius
2689 1386 2773 1431 est
2824 1391 2891 1429 an
2959 1373 3079 1441 ejus
3133 1374 3413 1428 orationes

1846 1475 2199 1534 exaudiendm
2232 1475 2361 1539 sint,
2404 1485 2596 1534 necne,
2647 1467 2833 1523 multis
2870 1478 2996 1520 ante
3044 1464 3412 1533 generationi-

1846 1572 1946 1626 bus
1975 1583 2003 1622 a
2034 1567 2298 1638 propheta
2333 1562 2652 1617 nominatim
2684 1559 3018 1628 designatus,
3047 1555 3115 1609 de
3135 1569 3242 1624 quo
3288 1556 3413 1623 quid

1848 1662 2089 1717 facturus
2119 1668 2284 1720 esset,
2314 1670 2421 1710 non
2459 1653 2747 1724 praevisum
2787 1648 2971 1714 modo,
3009 1649 3103 1702 sed
3145 1654 3198 1701 et
3229 1647 3414 1701 multis

179 1738 805 1837 ποτε-εἱ-σακουσθήσεται
829 1766 861 1835 ἦ
896 1738 994 1834 μὴ,
1016 1738 1124 1832 πρὸ
1155 1738 1364 1813 πολλῶν
1394 1757 1595 1825 γενεῶν
1621 1755 1738 1806 ὀνο-

1851 1750 2182 1809 audieutibus
2208 1746 2519 1816 praedictum
2536 1744 2655 1799 est?
2685 1742 2861 1809 Quare
2884 1749 3062 1795 autem
3086 1738 3252 1794 Iudas
3273 1747 3413 1799 orat,

181 1858 369 1931 μαστδς
389 1858 504 1929 (58)
521 1855 934 1928 προφητευθεὶς,
952 1854 1047 1908 καὶ
1086 1871 1151 1906 πε
1159 1852 1212 1923 ρὶ
1231 1851 1322 1904 τοῦ
1344 1850 1371 1904 ὃ
1385 1851 1436 1902 τί
1458 1866 1586 1902 ποτε
1603 1848 1742 1917 πρά-

178 1950 246 2017 ξει
275 1953 334 2003 οὐ
391 1950 551 2020 μόνον
574 1947 965 2017 προγνωσθεὶς,
991 1945 1125 1999 άλλὰ
1157 1945 1211 1997 δὲ
1247 1945 1325 2005 εἰς
1354 1943 1584 2012 ἐπήκοον
1616 1941 1744 1992 πολ-

177 2037 269 2092 λῶν
299 2039 672 2111 προρόηθείς
708 2039 794 2091 ἵνα
822 2036 873 2089 τί
900 2036 955 2089 δὲ
986 2040 1078 2089 καὶ
1126 2034 1324 2095 Ἰούδας
1365 2031 1742 2101 προσεύχεται,

177 2126 303 2180 ὥστε
339 2128 437 2181 καὶ
464 2128 564 2197 τὴν
596 2126 903 2198 προσευχὴν
936 2122 1101 2177 αὑτοῦ
1143 2121 1435 2193 γενηθῆναι
1467 2121 1546 2183 εἰς
1572 2123 1747 2191 ἁμαρ-

175 2219 305 2279 τίαν,
338 2218 448 2271 ἀπὸ
469 2217 578 2269 τῶν
604 2218 767 2269 Δαυὶδ
812 2216 1015 2287 χρόνων
1050 2212 1450 2284 προκηρυχθεὶς
1499 2212 1574 2275 ὼς
1622 2214 1747 2264 ἀπο-

177 2304 338 2359 λέσων
368 2306 468 2376 τὴν
499 2304 825 2375 ἐπισκοπὴν,
867 2303 1052 2374 ἐτέρου
1096 2301 1400 2372 ληψομένου
1433 2302 1548 2354 ἀντ’
1580 2300 1744 2354 αὑτοῦ

176 2398 337 2468 αὐτὴν
364 2414 379 2462 ;
418 2396 655 2450 Αύτόθεν
690 2396 748 2448 δὲ
779 2395 1133 2464 ἁπεμφαίνει,
1169 2392 1437 2465 ἀτρέπτου
1470 2392 1620 2455 ὄντος
1650 2392 1743 2445 τοῦ

175 2488 299 2542 Θεοῦ
342 2490 441 2542 καὶ
482 2489 552 2542 τὰ
589 2487 686 2541 ὅλα
733 2486 1245 2558 προκατειληφότος,
1301 2485 1549 2556 μένοντός
1587 2502 1647 2537 τε
1688 2488 1744 2539 ἐν

173 2584 275 2645 τοῖς
322 2580 907 2652 προδιατεταγμένοις,
956 2576 1229 2647 εὔχεσθαι,
1280 2577 1520 2647 οἰόμενον
1576 2594 1743 2647 μετα-

173 2670 383 2742 τρέψειν
414 2669 526 2740 (39)
560 2669 651 2723 διὰ
683 2670 783 2739 τῆς
820 2668 985 2739 εὐχῆς
1030 2667 1197 2721 αὑτοῦ
1233 2666 1329 2737 τὴν
1375 2668 1649 2738 πρόθεσιν,
1696 2671 1744 2722 ει

175 2763 243 2823 ὡς
270 2760 343 2831 μὴ
371 2758 877 2831 προδιαταξαμένῳ,
916 2756 1050 2811 ἀλλὰ
1088 2758 1431 2828 περιμένοντι
1471 2758 1569 2829 τὴν
1614 2760 1743 2814 ἐκά-

178 2868 294 2905 στου
318 2851 483 2922 εὐχὴν
516 2851 883 2919 ἐντυγχάνειν,
919 2850 1004 2902 ἵνα
1034 2848 1123 2902 διὰ
1149 2848 1246 2919 τὴν
1275 2847 1441 2920 εὐχὴν
1482 2848 1741 2919 διατάξηο

173 2961 255 2999 ται
278 2945 338 2998 ea
366 2940 676 3015 πρέποντῴ
704 2941 998 3012 εὐχομένω,
1034 2940 1154 2993 τότε
1188 2940 1399 2993 τάσσων
1439 2938 1499 2992 τὸ
1530 2940 1747 3010 δοκιμά-

177 3036 258 3098 ζον
285 3031 395 3102 (40)
427 3028 568 3085 εἶναι
593 3029 811 3097 εὔλογον
834 3030 896 3082 οὐ
930 3029 1192 3099 πρότερον
1226 3026 1372 3097 αὐτῷ
1402 3026 1745 3098 τεθεωρημέ-

1850 1854 1907 1898 υι
1936 1843 2099 1898 etiam
2126 1839 2304 1895 oratio
2322 1837 2438 1905 ejus
2467 1835 2559 1889 tiat
2583 1835 2635 1887 in
2663 1840 2965 1900 peccatum,
2990 1844 3110 1884 eum
3145 1827 3416 1883 a-Davidis

1823 1930 2178 2002 σιειιιροτὶὒυε
2206 1927 2517 1997 ρταιᾱίοιυιη
2550 1926 2619 1977 sit
2649 1924 2691 1954 ⁸⁷
2715 1921 3070 1976 amittendum
3098 1918 3176 1983 .ab
3206 1933 3272 1974 eo
3295 1918 3412 1985 epi-

1849 2033 2131 2093 scopatum
2162 2028 2216 2075 et
2241 2018 2307 2073 ab
2347 2018 2518 2072 altero
2541 2014 2913 2084 accipiendum
2943 2012 3059 2080 ejus
3086 2011 3238 2065 loco?
3262 2008 3414 2064 Unde

1847 2132 1957 2170 non
1988 2112 2240 2169 convenit
2266 2111 2457 2175 Deum,
2494 2123 2615 2163 cum
2653 2106 2724 2160 sit
2752 2103 3102 2159 immutabilis
3125 2112 3179 2157 et
3217 2101 3416 2172 praevi-

1847 2207 1973 2260 deat
2028 2204 2210 2259 omnia
2259 2210 2315 2256 et
2364 2198 2478 2253 suis
2545 2197 2772 2251 ﬁrmiter
2835 2194 3069 2250 decretis
3128 2192 3411 2254 inhaereat,

1847 2309 2007 2350 orare
2032 2295 2183 2364 quasi
2215 2291 2379 2362 206
2407 2299 2503 2345 aut
2534 2289 2794 2345 voluntas
2822 2286 2941 2354 ejus
2978 2284 3225 2340 oratione
3251 2296 3414 2352 posse

1755 2378 1769 2390 “
1847 2385 2045 2440 mutari
2085 2391 2386 2454 putaretur,
2442 2387 2538 2434 aut
2570 2378 2723 2448 quasi
2772 2391 2876 2431 non
2923 2384 3047 2430 ante
3081 2373 3416 2443 disposuerit

1847 2475 2049 2540 omnia,
2074 2474 2165 2529 sed
2188 2471 2523 2542 singulorum
2555 2476 2835 2537 exspectet
2866 2479 3073 2535 preces,
3096 2464 3410 2523 obsecrare,

1846 2578 1907 2619 Il
1936 2572 2156 2636 propter
2177 2575 2366 2630 preces
2396 2559 2471 2613 ita
2502 2567 2735 2626 quaeque
2766 2553 3016 2621 disponat
3046 2557 3207 2620 prout
3233 2547 3413 2602 oranti

1847 2655 2123 2718 convenit,
2177 2663 2413 2719 tuncque
2481 2647 2695 2703 ordinet
2750 2643 2890 2713 quod
2951 2649 3153 2696 rectum
3215 2639 3415 2708 proba-

1848 2748 1984 2801 verit
2033 2761 2131 2801 nec
2183 2752 2310 2797 ante
2377 2738 2704 2810 praeviderit.
2746 2733 2950 2789 Ponam
3004 2741 3179 2786 autem
3220 2729 3415 2798 bicip-

1847 2841 1923 2894 sis
1938 2837 2118 2893 verbis
2143 2849 2263 2905 qua:
2300 2833 2406 2887 tuis
2437 2832 2502 2884 ad
2544 2844 2629 2883 me
2665 2827 2863 2882 litteris
2901 2822 3198 2879 inseruisti.
3226 2820 3300 2874 Ea
3332 2821 3415 2873 sic

1848 2930 2049 2983 habent
2095 2925 2209 2991 :,l°
2247 2923 2305 2979 Si
2349 2923 2489 2979 Deus
2550 2919 2853 2974 futurorum
2905 2914 3166 2984 praescius
3218 2921 3319 2977 est,
3360 2919 3417 2966 et

1849 3019 1963 3087 ipsa
2003 3023 2218 3085 oportet
2261 3013 2416 3081 ﬁeri:
2458 3026 2594 3065 vana
2654 3020 2737 3063 est
2780 3009 2975 3063 oratio.
3020 3005 3079 3059 2°
3129 3003 3185 3059 Si
3232 3002 3413 3059 omnia

176 3089 522 3179 vov.‘KsI£o'6w
544 3121 602 3174 δὲ
625 3123 682 3174 ἐν
713 3089 825 3183 τοῖς
849 3089 1115 3189 παροῦσιν
1142 3089 1741 3189 αὑταῖς-λέξεσινάπερ

1851 3109 1999 3178 iuxta
2027 3106 2357 3162 voluntatem
2412 3101 2504 3155 Dei
2538 3103 2695 3165 tiunt,
2729 3108 2784 3152 et
2817 3096 3031 3154 stabilia
3067 3101 3192 3149 sunt
3239 3092 3414 3162 ipsius

179 3213 256 3267 διὰ
281 3212 385 3265 τῶν
416 3211 554 3283 πρὸς
591 3211 657 3281 μὲ
689 3209 1031 3281 γραμμάτων
1079 3208 1273 3273 ἔταξας
1313 3206 1484 3270 οὕτως
1530 3206 1739 3277 ἔχοντα’

178 3303 406 3375 Πρῶτον,
426 3303 474 3354 εἰ
502 3299 860 3372 προγνώστης
882 3300 1028 3352 ἐστὶν
1058 3300 1086 3351 ό
1115 3298 1247 3360 Θεὸς
1286 3298 1392 3350 τῶν
1418 3296 1737 3367 μελλόντων,

180 3394 266 3446 καὶ
294 3392 532 3447 δεῖαύτὰ
561 3390 826 3459 γίνεσθαι,
861 3388 1063 3459 ματαία
1084 3389 1116 3458 ἡ
1138 3388 1433 3458 προσευχήο
1468 3387 1739 3458 δεύτερον,

182 3486 225 3537 εί
253 3485 424 3537 πάντα
455 3482 597 3536 κατὰ
638 3480 890 3551 βούλησιν
929 3478 1064 3533 Θεοῦ
1097 3479 1324 3547 γίνεται,
1368 3479 1462 3531 καὶ
1498 3479 1741 3549 ἀραρότα

1851 3203 2088 3261 decreta,
2125 3211 2222 3250 nec
2251 3193 2546 3264 quidquam
2577 3204 2763 3245 eorum
2792 3202 2911 3257 qua:
2934 3186 3065 3249 vult,
3096 3184 3292 3239 mutari
3327 3196 3416 3251 po-

1849 3304 1976 3361 test,
2007 3307 2146 3349 vana
2192 3299 2276 3346 est
2326 3289 2524 3345 oratio.
2564 3286 2686 3341 Haec
2716 3300 2844 3341 vero
2883 3292 3008 3339 sunt
3048 3298 3169 3353 qua:
3209 3282 3275 3335 ad
3310 3282 3414 3335 ob—

1842 3386 1983 3455 jecta
2014 3382 2354 3439 dissolvenda
2398 3396 2517 3450 qua:
2554 3379 2832 3433 hominem
2877 3376 3114 3431 reddunt
3145 3373 3212 3427 ad
3253 3386 3416 3426 oran-

1849 3478 1975 3531 dum
2000 3474 2329 3544 segniorem,
2363 3471 2571 3525 utiliter
2613 3478 2743 3539 puto
2772 3465 3024 3539 praemitti
3049 3478 3230 3533 posse.

180 3577 331 3632 αὐτοῦ
382 3579 501 3630 ἐστι
537 3574 607 3628 τὰ
660 3573 1020 3645 βουλεύματα,
1072 3572 1165 3626 καὶ
1216 3572 1365 3625 οὐδὲν
1401 3574 1675 3644 τραπῆναι
1722 3566 1796 3627 ὧν
1852 3571 2095 3641 βούλεται
2126 3568 2367 3630 δύναται,
2410 3565 2608 3637 ματαία
2636 3566 2670 3634 ἡ
2696 3563 2988 3633 προσευχή.
3037 3562 3297 3631 Χρήσιμα
3335 3556 3413 3621 δὲ,

182 3670 253 3733 ὡς
279 3666 444 3740 οἶμαι,
492 3669 667 3721 ταῦτα
718 3666 857 3737 πρὸς
908 3665 1060 3721 λύσιν
1086 3666 1194 3718 τῶν
1238 3667 1552 3737 ἀποναρκᾷν
1589 3667 1725 3737 πρὸς
1751 3666 1812 3720 τὸ
1836 3665 2089 3736 εὔχεσθαι
2120 3663 2413 3716 ποιούντων
2440 3658 2881 3731 προδιαληπτέον.

248 3763 356 3816 Τῶν
377 3763 711 3833 κινουμένων
742 3761 850 3832 (41)
880 3761 949 3814 τὰ
979 3761 1077 3831 μέν
1094 3778 1215 3815 τινα
1240 3761 1300 3813 τὸ
1331 3762 1511 3815 κινοῦν
1540 3761 1737 3829 ἔξωθεν

190 3850 303 3921 ἔχει,
332 3851 520 3923 ὥσπερ
539 3850 609 3905 τὰ
639 3850 838 3921 ἄψυχα,
868 3851 962 3904 καὶ
993 3850 1098 3903 ὑπὸ
1122 3850 1288 3916 ἕξεως
1325 3852 1490 3922 μόνης
1522 3853 1738 3921 συνεχό-

192 3958 327 4011 μενα·
356 3943 449 3997 καὶ
467 3943 536 3996 τά
566 3942 670 3995 ὑπὸ
698 3942 909 4010 φύσεως
947 3942 1039 3994 καὶ
1076 3940 1251 4011 ψυχῆς
1296 3942 1606 4013 κινούμενα,
1643 3944 1738 4013 οὐχ

188 4028 445 4105 ᾔτοιαῦτα
482 4035 594 4088 ἐσθ’
624 4035 711 4088 ὅτε
748 4033 1059 4104 κινούμενα,
1098 4032 1209 4086 ἀλλ’
1242 4034 1443 4103 ὁμοίως
1477 4038 1587 4098 τοῖς
1632 4036 1736 4087 ὑπὸ

188 4126 331 4191 ἕξεως
383 4129 551 4199 μόνης
589 4127 986 4197 συνεχομένοιςο
1030 4126 1174 4189 λίθος
1206 4126 1315 4197 γὰρ
1364 4128 1457 4179 καὶ
1498 4127 1628 4193 ξύλα
1668 4128 1736 4181 τὰ

190 4219 465 4273 ἐκκοπέντα
505 4218 599 4273 τοῦ
647 4220 928 4290 μετάλλου,
981 4218 1014 4289 ἢ
1059 4219 1120 4271 τὸ
1166 4219 1321 4288 φύειν
1366 4220 1747 4274 ἀπολωλεκότα

190 4310 278 4363 ὑπὸ
296 4311 459 4377 ἕξεως
502 4312 672 4382 μόνης
708 4310 1059 4380 συνεχόμενα,
1093 4310 1153 4362 τὸ
1178 4309 1357 4362 κινοῦν
1383 4309 1582 4376 ἔξωθεν
1610 4310 1740 4381 ἔχει.

1913 3761 1966 3814 6.
2003 3760 2201 3814 Eorum
2226 3773 2345 3827 qua:
2380 3765 2667 3812 moventur
2698 3756 2942 3823 quaedam
2997 3760 3259 3806 motorem
3311 3749 3413 3802 ha-

1845 3854 1975 3909 bent
2001 3862 2181 3918 extra,
2220 3862 2280 3906 ut
2310 3865 2431 3920 qua:
2471 3850 2650 3903 anima
2696 3855 2906 3911 carent,
2955 3853 3012 3901 et
3058 3843 3244 3899 habitu
3294 3840 3415 3897 solo

1843 3945 2207 4006 continentur,
2239 3942 2483 3996 utetiam
2523 3955 2583 3994 ea
2618 3952 2737 4007 qua:
2778 3952 2806 3990 a
2836 3944 3029 3989 natura
3065 3934 3150 3989 vel
3190 3933 3257 3988 ab
3286 3931 3408 3986 ani-

1844 4050 1932 4089 ma
1966 4044 2275 4100 moventur,
2324 4046 2444 4086 cum
2475 4045 2582 4083 non
2631 4043 2734 4097 qua
2766 4026 2890 4080 talia
2930 4033 3058 4080 sunt
3103 4030 3407 4091 moventur,

1847 4126 1939 4180 sed
1984 4124 2170 4179 eodem
2200 4122 2359 4176 modo
2381 4135 2444 4175 ac
2473 4119 2562 4173 illa
2595 4133 2715 4186 qua:
2746 4115 2930 4169 habitu
2974 4113 3091 4169 solo
3133 4113 3411 4167 continen-

1846 4225 1963 4280 tur',
1991 4216 2197 4286 lapides
2236 4214 2379 4269 enim
2415 4228 2443 4266 a
2493 4210 2786 4279 lapicidiua
2820 4207 2988 4262 excisi
3026 4214 3115 4259 aut
3154 4222 3183 4257 ιι
3233 4204 3415 4259 radice

1842 4307 2007 4378 ligna,
2044 4307 2225 4362 habitu
2259 4306 2376 4360 solo
2409 4303 2773 4362 continentur,
2804 4310 2859 4354 et
2889 4307 3174 4353 moventur
3217 4297 3282 4350 ab
3316 4310 3413 4348 ex-

201 4400 337 4453 ’Δλλὰ
358 4403 449 4454 καὶ
471 4400 540 4453 τὰ
567 4400 676 4453 τῶν
709 4400 860 4464 ζώων
892 4399 1116 4470 σώματα
1152 4401 1244 4453 καὶ
1280 4400 1348 4452 τὰ
1381 4400 1594 4472 φορητά
1634 4401 1741 4453 τῶν

1851 4408 1983 4453 lero.
2035 4398 2146 4452 lmo
2180 4405 2236 4451 et
2288 4396 2401 4464 ipsa
2457 4391 2773 4447 animalium
2811 4403 3059 4456 corpora,
3127 4393 3182 4440 et
3213 4385 3415 4454 planta

190 4489 587 4559 πεφυτευμένων
631 4489 735 4540 ὑπό
781 4505 925 4550 τινος
964 4487 1353 4558 μετατιθέμενα
1407 4470 1581 4560 ούχήῇ
1626 4486 1741 4551 ζῶα

1851 4506 1964 4559 ηοω
1998 4489 2126 4543 ferri
2159 4496 2405 4557 possunt,
2450 4498 2575 4539 cum
2628 4482 2695 4536 ab
2750 4481 2932 4548 aliquo
2991 4477 3410 4542 transferuntur,

186 4578 267 4630 καὶ
296 4579 432 4647 φυτὰ
464 4578 830 4649 μετατίθεται,
876 4576 991 4630 ἀλλ’
1018 4577 1221 4646 ὁμοίως
1251 4574 1418 4638 λίθοις
1445 4578 1539 4629 καὶ
1568 4575 1743 4642 ξύλοις

1851 4596 1951 4634 non
1980 4594 2084 4648 qua
2124 4579 2322 4648 planta:
2374 4584 2470 4628 aut
2524 4572 2780 4627 animalia
2835 4569 3258 4633 transferuntur,
3314 4566 3411 4621 sed

185 4672 280 4732 τοῖς
298 4671 355 4723 τὸ
382 4670 539 4738 φύειν
561 4668 949 4731 ἀπολωλεκόσι,
975 4668 1076 4721 κᾶν
1102 4668 1286 4737 κινῆτε
1303 4665 1587 4721 καὶταῦτα
1605 4667 1740 4739 (42),

185 4760 468 4832 τῷ’ῥευστὰ
492 4758 631 4814 εἶναι
661 4761 837 4813 πάντα
870 4758 939 4811 τὰ
973 4758 1218 4829 σώματα,
1253 4758 1534 4827 φθίνονται
1566 4775 1743 4830 παρα-

188 4851 559 4923 κολουθητικὴν
583 4851 697 4921 ἔχει
722 4850 820 4921 τὴν
848 4853 905 4903 ἐν
934 4849 1011 4920 τῷ
1041 4850 1249 4918 φθίνειν
1280 4850 1515 4920 κίνησιν.
1549 4842 1740 4902 Δεύτε-

188 4956 248 5009 ρα
270 4942 373 5013 (45)
395 4943 453 4995 δὲ
488 4943 642 5013 παρὰ
689 4941 864 4995 ταῦτά
897 4942 1012 4993 ἐστι
1050 4940 1361 5011 κινούμενα,
1401 4941 1470 4993 τὰ
1515 4941 1620 4994 ὑπὸ
1643 4942 1743 5012 τῆς

1842 4671 2063 4739 perinde
2093 4684 2156 4722 ac
2184 4668 2388 4736 lapides
2440 4674 2534 4717 aut
2591 4662 2733 4729 ligna
2780 4676 2899 4730 qua:
2934 4658 3118 4714 excisa
3166 4669 3416 4713 crescere

1835 4763 1947 4829 jam
1984 4776 2047 4815 ac
2082 4759 2276 4815 nutriri
2312 4774 2418 4812 non
2450 4763 2714 4826 possunt;
2746 4771 2812 4810 ac
2840 4754 2883 4807 si
2915 4760 3259 4815 moveantur,
3285 4763 3412 4804 cum

1841 4852 1983 4905 lluxa
2040 4850 2148 4904 sint
2206 4849 2387 4904 omnia
2438 4862 2689 4917 corpora,
2745 4851 3187 4913 corrumpuntur,
3229 4839 3416 4908 sequi-

1852 4954 2043 5011 turque
2070 4943 2113 4995 is
2143 4948 2317 4995 motus
2346 4940 2437 5008 qui
2476 4940 2529 4991 in
2584 4934 2933 5005 corruptione
2990 4933 3071 4986 iit.
3127 4932 3412 4985 Secundus

226 5057 285 5127 f'
309 5058 506 5127 Ephes.
531 5074 571 5121 ι,
596 5057 649 5111 5.
724 5057 770 5088 ⁸⁸
791 5056 948 5112 Rom.
980 5071 1097 5123 vm,
1126 5055 1220 5123 ‘29,
1241 5056 1330 5111 30.
1396 5056 1440 5087 ⁵⁷
1464 5055 1605 5116 Psal.
1638 5067 1791 5118 cvm,
1855 5051 1879 5103 7

246 5178 349 5250 (36)
383 5178 851 5247 Ἐξειλετμένος.
877 5176 1116 5247 Corrigit
1133 5175 1743 5247 Βθηιῐθὶιις,ἐξειλεγμέ-

186 5265 742 5386 κυξηΕῦξητιιιΛῐπ
778 5317 965 5387 “codex
1013 5314 1219 5379 ms.,in
1269 5330 1380 5384 quo
1429 5316 1571 5370 male
1610 5314 1741 5387 legit

185 5384 342 5440 editor
370 5387 715 5447 Oxonicasis,
746 5384 994 5456 εὕρηται.

249 5458 355 5597 (ξὸ)
394 5457 772 5525 Ὀνομαστός.
801 5451 944 5525 Lego
965 5469 1087 5510 cum
1102 5451 1361 5505 Bcntleio.
1380 5454 1657 5524 ὀνομαστί.

250 5529 334 5591 (o9
382 5526 816 5597 Μετατρέψειν,
840 5536 947 5597 etc.
998 5520 1240 5597 [Bentleio
1264 5524 1609 5597 scribendum
1646 5524 1695 5575 vi

250 5522 355 5593 (59)
382 5522 816 5593 Μετὰτρέψειν,
840 5522 947 5578 etc.
998 5522 1240 5577 Bentleii)
1264 5522 1609 5593 scribendum
1646 5524 1728 5575 vi-

189 5592 348 5684 detur,
378 5598 417 5684 ῃ
856 5594 945 5684 διά
972 5594 1073 5684 τῆις
1104 5593 1265 5664 εὐχῆς
1296 5592 1458 5646 αὐτοῦ
1488 5593 1584 5664 τὴν
1616 5593 1751 5664 πρό-

190 5663 343 5728 θεσιν,
371 5663 417 5736 ἦ
435 5663 513 5728 ὡς
541 5663 1152 5736 μὴξπροδιᾳταξαμένῳ.

255 5735 359 5803 (ιο)
394 5732 751 5805 Ἆοκψάξοκ.
815 5732 999 5806 [σεεηᾙ
1032 5733 1332 5798 Bentleius,
1380 5732 1747 5804 δοκιμαζόμε-

196 5819 273 5856 νον
280 5843 293 5856 .

1920 5176 2031 5243 (Al)
2071 5173 2197 5226 Τῶν
2210 5169 2606 5243 κινουμένων,
2630 5178 2734 5222 etc.
2753 5166 2961 5243 _t3_onfer
2991 5165 3413 5243 cappt‘primum

1852 5232 1975 5299 libri
2014 5232 2159 5297 tertii
2196 5241 2273 5295 De
2306 5232 2602 5311 principiis,
2653 5245 2707 5290 ct
2751 5238 2945 5289 librum
2984 5250 3022 5289 ιι
3063 5232 3415 5305 Ὀτὶῤεὶαηο-

1850 5330 1986 5376 rum,
2015 5321 2204 5382 qurest.
2235 5311 2287 5364 7.

1913 5372 2267 5453 (49ίΚινῆτε
2286 5379 2387 5453 grai
2424 5378 2628 5453 ταῦτα,
2656 5375 3049 5453 etc.l_3entleius
3073 5374 3217 5453 legit,
3248 5372 3415 5453 enim

1835 5470 1893 5505 τε
1918 5442 2214 5513 καὶταῦτα,
2242 5450 2317 5519 τῷ
2348 5448 2541 5520 ῥευστὰ
2574 5446 2709 5520 εἶναι
2730 5447 2906 5520 πάντα
2924 5449 2990 5498 τὰ
3023 5443 3269 5514 σώματα,
3297 5442 3415 5511 (peti

1835 5539 1977 5593 νοντι
2008 5515 2548 5593 παρακολουθητικὴν
2578 5517 2849 5593 ἔχει,“θι‹ι.
2880 5517 3136 5568 Dmninus
3160 5515 3414 5568 Claudius

1852 5591 2065 5663 Fleiny,
2090 5587 2192 5663 pro
2227 5587 2434 5663 κινῆτε,
2470 5587 2871 5663 ίιλςιικινῆται,
2919 5598 2973 5640 et
3019 5592 3142 5638 ante
3180 5598 3397 5653 παρακο

1849 5658 2172 5784 λουθὲτικήν
2206 5660 2351 5712 addit
2388 5658 2500 5710 καί.

1922 5733 1974 5784 (4
2021 5738 2033 5784 l
2075 5729 2337 5784 Δεύτεραν
2376 5728 2500 5780 Sicl

1922 5723 2033 5799 (45)
2075 5723 2337 5799 Δεύτερον
2376 5730 2465 5780 Sic
2490 5727 2648 5781 habet
2673 5726 2846 5781 codex.
2874 5740 2972 5780 ms.
3008 5723 3189 5778 Editio
3234 5730 3413 5778 autem

1852 5797 2197 5865 OxOnicnsis,
2226 5797 2491 5857 δεύτερον.
