3954 6414
205 377 284 432 557
1361 361 1692 419 LIBELLUS
1724 361 1746 414 ῐ

1855 355 2154 413 ΟΒΛΤΙΟΝ
2163 355 2223 409 Ε.
3317 346 3422 400 438

201 497 468 568 ὲ·ιεργήσειν
497 493 591 550 κα)⁵
609 493 747 548 τάδε
774 492 1046 564 θελήσειν·
1085 486 1242 541 πλέον
1265 484 1322 538 δὲ
1350 485 1458 539 ἀπὸ
1486 484 1584 555 τῆς
1619 499 1745 554 προ-

1855 489 1993 532 motu
2019 475 2358 544 arbitrioque
2391 481 2578 527 nostro
2610 469 2860 527 en‘ecturi
2886 484 3098 525 sumus.
3121 468 3243 525 .Etsi
3277 469 3420 523 enim

201 589 413 652 ‘tvdmwg
441 587 652 657 γίνεται
678 587 744 640 τὸ
777 583 1064 650 κατάταξιν
1085 579 1380 651 λαμϐάνειν
1415 577 1494 640 είς
1522 575 1618 647 τὴν
1650 574 1743 628 τοῦ

201 680 364 742 παντὸς
390 680 652 750 διοίκησιν
680 677 918 750 χρειώδη
953 677 1018 745 τῇ
1048 672 1140 728 τοῦ
1175 671 1383 752 κόσμου
1413 665 1743 723 καταστάσει

201 771 246 826 τὺ
269 772 473 825 ἑκάστω
515 771 782 841 ἐφ’ἡμῖν.
817 769 878 824 Εἰ
911 767 1089 821 τοίνυν
1121 765 1182 819 τὸ
1213 763 1442 816 ἑκάστου
1497 761 1583 830 ἐφ’
1613 759 1743 829 ἡμῖν

201 861 319 933 αὐτῷ
356 862 636 931 ἔγνωσται,
673 861 773 915 καὶ
818 859 904 913 διά
933 856 1087 912 τοῦτο
1107 850 1527 927 προεωραμένον
1554 846 1700 918 αὐτῷ
1725 887 1740 911 ,

200 953 490 1007 διατάττεται
520 951 637 1023 (52)
661 952 774 1004 ἀπὸ
793 951 889 1021 τῆς
912 948 1163 1021 προνοίας
1181 945 1241 999 τὸ
1260 945 1380 998 κατ’
1397 942 1552 1010 ἀξίαν
1584 939 1744 994 παντὶ⁸

200 1043 488 1112 τὺεῦλογονο
524 1044 623 1097 καὶ
652 1043 716 1096 τὸ
749 1042 800 1095 τί
832 1040 1051 1111 εὔξηται
1071 1056 1084 1069 ο
1127 1037 1287 1090 ποίαν
1315 1034 1552 1088 διάθεσιν
1604 1031 1742 1101 ἔχων

199 1135 359 1189 δδεῖνα
383 1134 552 1198 οὕτως
574 1133 886 1188 πιστεύων·
915 1133 1007 1185 καὶ
1035 1131 1086 1183 τί
1118 1126 1439 1200 βουλόμενος
1467 1123 1617 1194 αὐτῷ
1647 1140 1741 1192 γε-

199 1212 382 1291 νέσθαι,
414 1226 918 1296 προκατείλητι-ται·
955 1217 1014 1278 οὗ
1040 1210 1616 1293 προκαταληφθέντος,
1649 1215 1743 1268 καὶ

198 1317 393 1373 τοιοῦτόν
421 1335 472 1371 τι
503 1317 826 1380 ἀκολούθως
861 1316 918 1371 ὲν
948 1317 1014 1387 τῇ
1061 1312 1302 1379 διατάξει
1329 1309 1630 1376 τετάξεται,
1662 1310 1742 1362 ὃτι

198 1411 316 1464 τοῦδε
364 1411 458 1481 μὲν
486 1409 877 1481 ὲπακούσομαι
909 1407 1139 1470 συνετῶς
1172 1403 1280 1478 (55)
1313 1401 1603 1475 εὐξομένου
1628 1441 1643 1465 ,
1675 1401 1742 1454 δι’

195 1503 331 1573 αὐτὴν
356 1501 447 1572 τὴν
481 1502 659 1574 εὐχὴν
696 1502 768 1574 ἣν
827 1499 1073 1568 εὔξεταιο
1109 1497 1265 1552 τοῦδε
1299 1496 1354 1550 δὲ
1381 1497 1482 1550 οὐκ
1508 1492 1741 1549 ἐπακού-

198 1611 344 1663 σομαι,
398 1594 512 1665 ἦτοι
537 1593 636 1646 διὰ
663 1593 725 1646 τὺ
763 1591 980 1659 ἀνάξιον
1017 1590 1234 1643 ἔσεσθαι
1266 1588 1359 1641 τοῦ
1403 1585 1743 1655 ἐπακουσῦὴ-

197 1684 375 1748 σεεθαι,
425 1684 458 1755 ἢ
486 1683 580 1737 διὰ
611 1685 676 1736 τὸ
710 1683 885 1736 ταῦτα
911 1683 1074 1736 αὐτὸν
1103 1679 1362 1745 εὔξασθαι
1387 1678 1520 1749 (54),
1546 1678 1582 1732 ἃ
1602 1679 1740 1748 μήτε

193 1776 251 1846 τῷ
289 1775 551 1846 εὐχομένῳ
584 1775 862 1828 λυσιτελεί
903 1773 1122 1837 λαϐεῖν,
1183 1773 1321 1843 μήτε
1363 1772 1486 1842 ἐμοὶ
1533 1770 1740 1841 πρέπον

193 1872 466 1939 παρασχεῖν
482 1867 753 1922 καὶκατὰ
773 1866 926 1938 τήνδε
947 1867 1043 1937 μὲν
1065 1865 1161 1936 τὴν
1180 1863 1365 1935 εὐχὴν,
1391 1863 1524 1934 φέρε
1546 1863 1738 1926 εἰπεῖν,

192 1957 260 2010 τοῦ
283 1957 458 2021 δεῖνος,
485 1959 594 2010 οὐκ
631 1955 1016 2026 ὲπακούσομαι
1055 1953 1217 2008 αὑτοῦ
1237 1971 1250 1984 ·
1275 1954 1415 2008 κατά
1465 1951 1618 2006 τοῦδε
1663 1951 1739 2017 δὲ,

193 2048 526 2119 ἐπακούσομαι
577 2048 723 2118 (55).
765 2048 890 2102 Ἐἀν
935 2047 992 2099 δέ
1050 2064 1132 2110 τις
1173 2047 1511 2117 ταράττηται
1557 2043 1644 2096 διὰ
1683 2043 1743 2098 ’ὡ

193 2143 248 2210 μὴ
267 2141 316 2192 οὐ
343 2139 658 2210 ψεύσασθαι
684 2139 780 2193 τὸν
804 2139 937 2193 Θεὸν
960 2138 1027 2192 τὰ
1051 2139 1310 2209 μέλλοντα
1330 2135 1739 2208 προεγνωκότα,

263 2231 354 2284 τῶν
381 2231 740 2304 πραγμάτων
765 2230 1307 2303 κατηναγκασμένων
1326 2246 1338 2260 ·
1368 2227 1586 2283 λεκτέον
1609 2227 1742 2297 πρὸς

187 2327 254 2379 τὸν
276 2325 526 2390 τοιοῦτον,
561 2327 652 2380 ὅτι
693 2325 832 2379 αὐτὸ
862 2324 1022 2379 τοῦτο
1050 2323 1126 2395 τῷ
1154 2323 1273 2394 Θεῷ
1304 2322 1570 2390 ἔγνωσται
1602 2321 1740 2391 ἀρα-

189 2419 323 2487 ρότως
349 2418 404 2472 τὸ
440 2419 522 2491 μὴ
558 2418 856 2489 ἀραρότως
883 2417 1032 2472 τόνδε
1060 2416 1180 2470 τινὰ
1205 2414 1316 2487 (56)
1342 2415 1432 2468 τὸν
1458 2412 1741 2484 ἄνθρωπον

185 2511 256 2563 καὶ
277 2509 496 2581 βεϐαίως
523 2510 823 2582 βούλεσθαι
841 2509 908 2564 τά
936 2509 1240 2582 κρείττονα,
1267 2509 1301 2578 ἢ
1324 2506 1467 2560 οὕτω
1495 2506 1741 2578 θελήσειν

185 2603 236 2653 τὰ
259 2603 482 2674 χείρονα,
519 2602 672 2656 ὥστε
705 2600 1057 2665 ἀνεπίδεκτον
1078 2599 1239 2654 αὑτὸν
1266 2598 1482 2652 ἔσεσθαι
1511 2597 1742 2668 μεταϐο-

183 2688 257 2760 λῆς
273 2692 360 2762 τῆς
377 2694 470 2747 ἐπὶ
498 2691 572 2746 τὰ
601 2690 977 2762 συμφέροντα.
1006 2691 1116 2744 Καὶ
1147 2689 1308 2745 πάλιν
1334 2689 1459 2744 τάδε
1492 2688 1590 2759 μέν
1620 2705 1742 2742 τινα

183 2782 356 2850 ποιήσω
388 2781 532 2854 τῷδε
561 2781 847 2852 εὐξομένῳ
880 2778 1014 2852 (57),
1045 2781 1166 2851 ἐμοὶ
1203 2780 1311 2851 γὰρ
1342 2778 1500 2832 τοῦτο
1532 2777 1742 2848 πρέπον

184 2872 325 2936 ἐστὶν,
349 2875 406 2928 οὐ
439 2873 674 2944 ψεκτῶς
731 2890 822 2944 μοι
853 2872 1160 2944 εὐξομένῳ,
1201 2872 1323 2925 οὐδὲ
1367 2871 1583 2942 ἀμελῶς
1615 2871 1743 2941 περὶ

182 2963 261 3032 τὴν
287 2965 438 3038 εὐχὴν
469 2964 1029 3036 ἀναστραφησομένῳ
1053 2981 1066 2995 ·
1114 2963 1192 3034 τῷ
1224 2964 1282 3017 δὲ
1314 2965 1405 3016 ὲπὶ
1433 2963 1595 3017 ποσὸν
1630 2961 1741 3033 (58)

184 3052 418 3127 εὐξαμένῳ
453 3099 471 3125 ,
527 3055 1062 3125 ὑπερεκπερισσοῦ
1103 3049 1191 3110 ὧν
1235 3055 1479 3109 αἰτεῖται
1534 3054 1573 3123 ἢ
1620 3053 1752 3108 νοεῖ

1849 570 1868 641 (
1899 571 1950 625 id
1985 569 2144 624 modo
2174 577 2479 636 supponere
2514 561 2719 634 liceat)
2755 561 2932 617 futura
2981 561 3122 616 Deus
3171 575 3276 615 non
3331 576 3416 614 co-

1847 668 2154 730 gnosceret,
2198 673 2305 713 non
2337 670 2402 712 eo
2439 655 2618 710 minus
2646 653 2761 709 haec
2789 667 2977 708 sumus
3007 651 3280 714 effecturi,
3305 651 3422 705 lucc

1847 749 2109 817 volituri;
2141 750 2305 805 rebus
2337 757 2519 803 tamen
2553 746 2603 801 id
2633 745 2836 800 accidit
2865 760 2934 798 ex
2963 742 3302 814 praescientia
3336 742 3424 796 di~

1845 843 1995 906 vina,
2020 849 2085 896 ut
2109 839 2307 914 ordine
2329 841 2394 894 ad
2419 838 2658 894 universi
2689 836 3138 907 gubernationem
3165 837 3425 905 orbisque

1847 940 2048 988 statum
2073 930 2366 985 utilissimo
2391 929 2752 998 disponantur
2773 925 2985 998 singula
3009 941 3128 995 quae
3150 926 3203 980 in
3235 936 3421 981 nostra

1847 1031 1977 1078 sunt
2005 1027 2296 1091 potestate.
2348 1018 2408 1073 Si
2444 1032 2574 1088 ergo
2601 1016 2833 1086 quodvis
2865 1031 3054 1072 eorum
3080 1031 3200 1085 quae
3252 1015 3421 1069 nostri

1846 1122 1975 1169 sunt
2026 1111 2242 1166 arbitrii
2282 1109 2559 1181 cognitum
2616 1116 2701 1163 est
2750 1107 2877 1176 ipsi,
2907 1107 3204 1161 ordinaria
3238 1105 3423 1174 provi-

1847 1207 2029 1260 dentia
2061 1207 2190 1275 quid
2218 1204 2416 1273 cuique
2448 1215 2546 1272 pro
2575 1201 2842 1271 dignitate
2874 1199 3182 1264 conveniat,
3221 1197 3420 1252 rationi

1846 1297 2116 1369 congruit,
2163 1304 2217 1352 et
2253 1294 2382 1365 quid
2421 1292 2509 1348 ille
2543 1292 2740 1362 aliquis
2785 1303 2924 1357 oret,
2973 1293 3244 1361 quomodo
3288 1289 3421 1346 affe-

1845 1401 1965 1444 ctus
2008 1391 2098 1453 sit,
2159 1387 2286 1457 quid
2333 1386 2536 1448 credat,
2578 1384 2705 1453 quid
2754 1383 2856 1438 sibi
2924 1382 3040 1437 ﬁeri
3099 1383 3247 1448 velit,
3276 1398 3420 1453 prae-

1849 1481 2148 1551 cognosci;
2210 1495 2317 1548 quo
2385 1476 2758 1548 praecognita,
2824 1475 2927 1530 tale
2984 1475 3186 1541 aliquid
3232 1490 3425 1530 conse-

1847 1585 2077 1642 quenter
2129 1571 2485 1641 providentia:
2531 1569 2723 1625 ordine
2773 1567 3156 1636 comprehendi
3196 1584 3210 1620 :
3269 1567 3424 1639 lltme

1846 1675 2094 1720 orantem
2129 1663 2370 1726 assidue,
2398 1669 2618 1730 propter
2663 1659 2809 1712 illam
2839 1659 3011 1727 ipsam
3037 1673 3200 1726 quam
3233 1657 3424 1713 fundet

1847 1757 2173 1820 orationem,
2203 1754 2540 1818 exaudiam;
2576 1752 2723 1806 hunc
2772 1764 2904 1804 vero
2949 1765 3055 1803 non
3091 1749 3420 1815 exaudiam,

1845 1859 1940 1902 aut
1978 1847 2122 1918 quod
2153 1845 2410 1916 indignus
2441 1845 2513 1898 sit
2542 1842 2635 1913 qui
2670 1843 3020 1911 exaudiatur,
3053 1854 3144 1898 aut
3174 1844 3320 1912 quod
3353 1860 3420 1896 ea

1845 1939 2121 2010 petiturus
2143 1938 2217 1992 sit
2246 1952 2368 2004 quae
2408 1949 2509 1991 nec
2543 1936 2640 2005 ipsi
2678 1951 2874 2004 capere
2922 1935 3162 2006 expedit,
3198 1951 3295 1991 nec
3335 1951 3422 1988 me

1845 2035 1977 2086 dare
2008 2033 2184 2086 det-ct.
2219 2030 2351 2084 ltcm
2384 2036 2604 2100 propter
2636 2029 2776 2082 hanc
2809 2028 2984 2092 istius,
3041 2027 3193 2082 verbi
3225 2027 3422 2096 gratia,

1842 2126 2145 2180 orationem
2175 2124 2350 2194 ipsum
2377 2137 2482 2177 non
2512 2120 2676 2190 208
2696 2120 3002 2183 exaudiam,
3033 2126 3254 2188 propter
3278 2117 3422 2172 illam

1845 2215 2153 2271 exaudiam.
2195 2216 2347 2281 Quod
2390 2215 2436 2268 si
2467 2214 2589 2283 quis
2618 2228 2682 2268 eo
2717 2211 2966 2266 turbetur
2999 2211 3142 2279 quod
3171 2225 3294 2264 cum
3331 2209 3422 2262 Dei

1846 2308 1911 2359 de
1944 2306 2106 2360 rebus
2136 2303 2332 2359 futuris
2367 2304 2708 2374 praescieutia
2747 2301 2860 2356 falli
2893 2316 2998 2354 non
3037 2300 3231 2369 possit,
3264 2300 3422 2371 quasi

1845 2398 2145 2452 necessitas
2173 2396 2334 2451 rebus
2365 2395 2648 2458 aﬂ‘eratur,
2680 2393 2806 2448 huic
2837 2391 3275 2462 respondendum
3322 2393 3425 2447 hoc

1847 2489 2023 2558 ipsum
2058 2505 2088 2544 a
2126 2489 2236 2544 Deo
2263 2487 2576 2544 necessario
2607 2485 2887 2552 cognosci,
2917 2500 3107 2554 nempe
3141 2484 3294 2538 illum
3320 2482 3420 2541 bo-

1847 2581 2048 2635 minem
2075 2596 2181 2636 non
2235 2579 2549 2637 necessario
2577 2593 2677 2633 nec
2724 2578 2955 2632 ﬁrmiter
2993 2576 3135 2631 velle
3173 2575 3421 2637 meliora,

1845 2681 1937 2726 aut
1966 2673 2045 2728 sic
2091 2675 2276 2742 pejora
2309 2671 2627 2736 voliturum,
2675 2679 2734 2725 ut
2768 2668 3086 2723 mutationis
3119 2669 3172 2722 in
3227 2666 3425 2721 melius

1846 2763 2077 2833 incaan
2129 2763 2346 2818 futurus
2383 2763 2475 2817 sit.
2516 2761 2728 2816 Rursus
2778 2761 2893 2815 [nec
2951 2761 3064 2830 (ait
3122 2757 3303 2826 Deus)
3336 2757 3425 2810 illo

1846 2867 2041 2912 orante
2078 2855 2302 2919 faciam,
2337 2854 2496 2909 decet
2528 2853 2674 2906 enim
2713 2867 2822 2915 me,
2864 2867 2985 2906 cum
3023 2866 3121 2904 ncc
3171 2859 3425 2904 oraturus

1846 2951 1920 3005 sit
1943 2948 2183 3018 indigne,
2215 2960 2392 3016 neque
2418 2944 2758 3015 negligenter
2787 2945 2930 3004 circa
2961 2946 3264 3000 orationem
3293 2959 3416 2996 vrr-

1847 3051 2085 3097 saturus.
2151 3037 2306 3102 lluic,
2356 3051 2478 3090 cum
2525 3035 2917 3105 aliquantulum
2979 3034 3424 3101 oraverit,supcr-

182 3123 464 3220 δωρήσομαι
490 3148 626 3204 τάδε
649 3123 847 3202 -τινάέ
868 3147 992 3218 ἐμοὶ
1022 3147 1130 3219 γὰρ
1172 3147 1320 3201 τόνδε
1354 3147 1555 3218 πρέπει
1587 3148 1743 3217 νικᾷν

1855 3131 2181 3186 abundanter
2241 3145 2400 3200 quam
2462 3127 2590 3197 petit
2647 3137 2737 3180 aut
2785 3126 3030 3196 intelligit
3078 3125 3144 3190 ⁸⁸,
3174 3125 3263 3178 ilia
3311 3123 3424 3177 lar-

184 3239 228 3292 ἐν
254 3244 358 3306 ut;
387 3240 670 3304 εὐποιίαις
703 3239 802 3294 καὶ⁵
841 3241 1098 3310 χορηγεῖν
1152 3239 1376 3294 πλείονα
1406 3233 1481 3294 ὧν
1522 3240 1746 3311 αἰτῆσαι

183 3332 433 3405 κεχώρηκε
458 3351 473 3365 ο
509 3334 608 3388 καὶ
640 3331 784 3403 τῷδε
838 3331 937 3402 μέν
975 3350 1078 3386 τινι
1111 3331 1300 3403 τοιῷδε
1327 3332 1570 3404 ἐσομένῳ
1599 3332 1748 3388 τόνδε

183 3424 254 3478 sint
280 3427 504 3496 ἄγγελον
535 3425 863 3497 λειτουργὸν
895 3425 1224 3496 ὲπιπέμψω,
1256 3425 1365 3479 ἀπὸ
1403 3423 1559 3479 τοῦδε
1589 3425 1749 3498 ἀρξό-

186 3528 318 3581 μενον
368 3514 466 3568 τοῦ
498 3515 700 3587 χρόνου
739 3517 1023 3585 συνεργεῖν
1075 3512 1243 3568 αὑτοῦ
1276 3517 1342 3586 τῇ
1383 3515 1628 3588 σωτηρίᾳ
1659 3516 1750 3568 καὶ

187 3603 318 3675 μέχρι
340 3606 500 3661 τοῦδε
521 3605 889 3676 συνεσόμενον
906 3622 920 3636 ⁸
956 3605 1093 3676 τῷδε
1116 3607 1174 3660 δὲ
1193 3606 1365 3671 τόνδε,
1393 3607 1528 3679 φέρε
1553 3609 1747 3672 εἰπεῖν,

181 3694 255 3749 τὸν
293 3697 443 3750 τοῦδε
493 3697 829 3768 τιμιώτερον
878 3695 956 3768 τῷ
984 3696 1138 3750 τοῦδε
1179 3698 1422 3771 ἐσομένῳ
1448 3700 1745 3772 κρείττονι*

184 3782 314 3838 τοῦδε
360 3786 420 3840 δέ
450 3805 599 3851 τινος
635 3786 780 3857 μετά
813 3785 877 3840 τὸ
926 3785 1310 3842 ἐπιδεδωκέναι
1334 3787 1526 3844 ἑαυτὸν
1573 3787 1751 3858 λόγοις

184 3879 278 3941 τοῖς
312 3878 663 3951 διαφέρουσιν
697 3877 1215 3950 ὑπεκλυθησομένου
1243 3881 1336 3933 καὶ
1381 3881 1749 3955 παλινδρομήη

189 3982 347 4031 meo;
381 3969 489 4040 (59)
518 3970 615 4023 ἐπὶ
643 3968 716 4022 τά
745 3967 1054 4039 ὑλικώτερα
1073 4011 1088 4035 ,
1138 3969 1437 4040 άποστήσω
1467 3969 1622 4026 τόνδε
1660 3972 1751 4026 τὸν

187 4059 440 4130 κρείττονα
475 4060 748 4132 συνεργόν
771 4076 786 4092 °
823 4053 886 4113 οὗ
930 4060 1267 4125 ἀποστάντος
1307 4062 1428 4115 κατ’
1455 4062 1612 4130 ἀξίαν
1657 4064 1754 4116 αὐ-

187 4149 348 4222 τόχειρ
377 4152 449 4207 ὧν
495 4169 584 4216 τις
621 4150 740 4222 (60)
769 4150 868 4222 ἥδε
900 4153 934 4222 ἡ
967 4150 1195 4222 δύναμις
1247 4153 1439 4224 καιρὸν
1486 4154 1753 4225 εὐρηκυία

189 4240 272 4293 τοῦ
295 4243 586 4298 ἐπιϐαίνειν
613 4246 684 4315 τῇ
725 4242 973 4314 ῥαθυμίᾳ
993 4284 1008 4309 ,
1041 4243 1311 4297 ἐπιστᾶσα
1357 4245 1449 4298 ἐπὶ
1478 4244 1606 4299 τάδε
1633 4245 1754 4298 τινὰ

108 4337 112 4340 ’
191 4329 252 4382 τά
276 4333 636 4407 ἁμαρτήματα
665 4333 858 4397 αὑτὸν,
878 4333 1096 4404 ἕτοιμον
1113 4334 1306 4390 ἑαυτὸν
1337 4335 1472 4407 πρὸς,
1496 4335 1557 4389 τὸ
1575 4337 1754 4408 ἀμαρ-

192 4423 348 4480 τάνειν
371 4428 667 4493 δεδωκότα,
684 4425 1104 4498 προκαλέσεται.
1133 4425 1322 4492 Οὕτως
1346 4423 1436 4483 οὖν
1461 4427 1560 4500 ἤδη
1593 4430 1755 4484 οἱονεὶ

1850 3226 2006 3298 giar:
2040 3224 2200 3281 decet
2249 3223 2396 3280 enim
2439 3233 2527 3276 me
2580 3218 2866 3275 beneﬂciis
2913 3219 3060 3273 illum
3102 3218 3322 3272 vincere
3371 3227 3426 3268 et

1849 3317 2003 3387 plura
2037 3317 2278 3375 tribuere
2308 3329 2470 3385 quam
2519 3320 2706 3382 petere
2750 3311 2821 3366 sit
2869 3326 3063 3381 capax.
3115 3310 3254 3364 lluic
3301 3323 3424 3363 cum

1852 3411 1976 3465 talis
2006 3408 2226 3464 futurus
2255 3409 2346 3472 sit,
2379 3407 2638 3478 angelum
2669 3407 2819 3462 illum
2858 3404 3070 3460 mittam
3114 3403 3424 3458 ministrum

1849 3501 1943 3571 qui
1975 3501 2042 3557 ab
2068 3501 2174 3558 hoc
2201 3486 2447 3570 tempore
2479 3499 2642 3556 saluti
2668 3499 2790 3568 ejus
2816 3497 3154 3553 collaborare
3180 3495 3423 3563 incipiat,

1849 3607 1905 3652 et
1935 3596 2042 3653 huc
2069 3610 2245 3666 usque
2276 3595 2450 3659 adsit;
2483 3597 2558 3651 illi
2591 3594 2954 3660 istutn,.verbi
2985 3591 3180 3664 gratia,
3209 3589 3304 3644 illo
3339 3589 3426 3643 tli-

1851 3690 2121 3761 gniorem,
2155 3705 2279 3746 cum
2317 3689 2406 3745 ille
2438 3690 2540 3745 hoe
2585 3688 2781 3745 melior
2816 3686 3038 3742 futurus
3071 3686 3161 3740 sit.
3213 3683 3295 3737 Ab
3323 3681 3428 3736 hoc

1853 3782 1962 3836 alio
2011 3781 2104 3852 qui
2131 3820 2148 3846 ,
2181 3790 2472 3850 postquam
2505 3793 2566 3834 se
2600 3778 2980 3835 excellentiori
3014 3774 3298 3831 tradiderit
3330 3775 3428 3828 do—

1853 3874 2067 3940 ctrinae,
2092 3873 2298 3929 fractus
2321 3872 2427 3929 erit
2453 3880 2509 3928 et
2538 3878 2782 3928 recurret
2803 3871 2868 3925 ad
2899 3879 3136 3933 terrena,
3164 3865 3426 3935 optimum

1855 3965 2004 4020 illum
2037 3963 2341 4034 adiutorem
2372 3972 2676 4030 avertam;,
2710 3977 2821 4034 quo
2873 3958 3182 4024 recedente,
3227 3965 3285 4012 ut
3311 3969 3428 4009 nte-

1857 4060 2052 4125 ruerit,
2087 4060 2328 4128 pessima
2359 4058 2606 4128 quaedam
2642 4058 2824 4112 btecce
2845 4063 3110 4126 potestas,
3147 4060 3305 4107 nacta
3337 4064 3432 4104 oc-

1856 4150 2132 4206 casionem
2188 4159 2248 4204 ut
2287 4149 2460 4218 ipsius
2510 4145 2802 4202 insidietur
2851 4143 3082 4215 ignavia:
3111 4183 3126 4208 ,
3179 4149 3432 4212 prompta

1857 4241 2033 4298 aderit
2057 4249 2110 4296 et
2138 4240 2327 4296 ad'illa
2357 4251 2582 4310 peccata
2639 4235 3003 4308 provocabit,
3046 4248 3169 4288 cum
3225 4245 3284 4287 se
3317 4231 3434 4299 ipse

1857 4345 2114 4405 paratum
2165 4335 2234 4389 ad
2292 4331 2629 4404 peccandum
2696 4328 3009 4398 praebuerit.
3077 4327 3174 4380 Sic
3246 4326 3435 4392 itaque

1860 4428 2109 4482 dicturus
2145 4425 2238 4480 ille
2291 4424 2568 4494 putandus
2599 4429 2682 4478 est
2714 4420 2805 4489 qui
2841 4417 3173 4488 praeordinat
3225 4415 3432 4468 omnia.

193 4517 340 4586 ἑρείό
365 4518 906 4592 προδιατασσόμενος
929 4516 996 4570 τὰ
1021 4517 1118 4570 ὅλα
1142 4533 1154 4548 ·
1181 4519 1264 4572 ὅτι
1293 4516 1474 4588 Ἀμὼς
1503 4499 1746 4591 γεννήσει

1860 4518 2027 4570 Amos
2077 4515 2264 4585 gignet
2296 4511 2502 4568 Josiam
2556 4510 2648 4580 qui
2707 4521 2812 4561 non
2862 4503 3210 4560 aemulabitur
3259 4499 3434 4570 patris

193 4609 276 4664 τὸν
343 4613 543 4669 Ἰωσίαν
585 4653 601 4678 ,
666 4612 822 4674 ὅστις
869 4611 931 4664 οὐ
985 4609 1214 4682 ζηλώσει
1277 4611 1344 4664 τά
1405 4610 1501 4665 τοῦ
1553 4613 1756 4684 πατρὸς

196 4704 499 4776 πταίσματα,
536 4705 682 4760 άλλά
709 4702 893 4775 τυχὼν
924 4702 1086 4774 τῆσδε
1127 4703 1226 4775 τῆς
1266 4703 1354 4757 ἐπ’
1381 4703 1582 4776 ἀρετὴν
1624 4723 1757 4777 προ-

197 4799 471 4870 τρεπούσης
500 4797 630 4853 όδοῦ
667 4796 763 4850 διά
805 4794 974 4851 τῶνδε
1013 4795 1121 4848 τῶν
1155 4796 1560 4866 συνεσομένων,
1595 4797 1759 4860 καλὸς

199 4883 329 4941 ἔσται
348 4891 435 4945 καὶ
463 4889 698 4960 ἀγαθὸς,
722 4887 878 4950 ὅστις
903 4885 1245 4956 κατασκάψει
1270 4886 1330 4939 τὸ
1353 4887 1446 4940 τοῦ
1476 4887 1541 4940 Ἰε
1551 4888 1758 4959 ροϐοὰμ

383 4983 749 5057 οἰκοδομηθὲν
794 4981 1194 5052 θυσιαστήριον.
1224 4976 1358 5035 Οἶδα
1390 4982 1447 5036 δὲ
1501 4984 1592 5036 καὶ
1629 4982 1761 5038 Ἰού-

268 5102 304 5136 ⁶⁸
329 5106 516 5176 Ephes.
555 5121 643 5170 tu,
678 5102 782 5156 ‘20.

269 5218 792 5291 (52)Ataﬂit‘t€?at,
827 5225 932 5291 etc.
962 5215 1178 5291 Locum,
1202 5217 1474 5291 integrum
1516 5217 1595 5291 sie
1626 5213 1757 5291 legit

211 5281 474 5358 Bentleius:
515 5285 924 5358 Διατάττεσοαι
970 5288 1078 5340 ἀπὸ
1118 5289 1218 5358 τῆς
1251 5281 1508 5358 προνοίας
1543 5285 1604 5339 τὸ
1640 5281 1756 5358 κατ’

1861 4618 2086 4681 peccata
2111 4647 2128 4674 ,
2178 4607 2272 4662 sed
2313 4607 2518 4661 hancce
2565 4604 2704 4668 viam
2737 4601 2804 4657 ad
2832 4599 3086 4654 virtutem
3119 4595 3431 4657 ducentem,

1862 4704 2078 4758 illorum
2105 4716 2210 4770 ope
2237 4700 2329 4769 qui
2362 4697 2460 4768 ipsi
2481 4696 2734 4759 aderunt,
2765 4689 3074 4755 nactus,vir
3105 4688 3278 4742 bonus
3307 4685 3433 4751 erit;

1862 4794 1954 4864 qui
2005 4803 2059 4848 et
2094 4792 2265 4848 altare
2312 4791 2597 4846 subvertet
2632 4804 2659 4844 a
2694 4786 2987 4843 Jeroboam
3027 4779 3166 4836 male
3194 4776 3434 4834 aediﬁca-

1865 4897 2000 4941 tum.
2037 4884 2232 4942 Judam
2287 4886 2410 4941 novi
2447 4900 2569 4939 cum
2622 4884 2765 4938 inter
2798 4879 3046 4937 homines
3076 4866 3249 4930 Filius
3282 4886 3436 4927 meus

1866 4979 2194 5046 versabitur,
2222 4979 2423 5034 bonum
2449 4979 2603 5036 initio
2631 4978 2869 5034 futurum
2895 4991 2910 5042 ;
2937 4981 2990 5028 at
3020 4983 3336 5043 perversum
3373 4965 3440 5018 iri

1867 5229 1977 5284 quo
2005 5213 2144 5267 male
2169 5211 2303 5284 legit
2325 5209 2504 5284 editor
2531 5209 2873 5284 onni_ensis,
2910 5208 3000 5284 τὸν
3027 5207 3088 5284 δή
3119 5222 3259 5284 τιν-α.

1938 5274 2409 5354 (5Ἱ)Εὺξοῖιιένῳ.
2441 5281 2654 5354 lta__boc
2702 5280 2822 5335 loco
2860 5274 2930 5354 et
2964 5274 3104 5354 intra
3163 5277 3245 5329 bis
3298 5274 3439 5354 scri-

211 5355 337 5430 ἀξίαν
373 5361 531 5414 παντί
559 5377 642 5430 τῳ
677 5357 936 5426 εὔλογον·
966 5358 1068 5430 ξεαὶ
1093 5357 1154 5411 τὸ
1176 5343 1516 5430 ’λείὲῦξηταὶ
1537 5373 1550 5386 ⁸
1596 5354 1746 5430 ,πρίω

1870 5343 2312 5430 ριύιιιήερείἰῐυι·
2341 5343 2391 5404 in
2433 5349 3046 5430 codicemauuscripto,
3076 5347 3128 5401 in
3155 5360 3265 5416 quo
3301 5343 3443 5398 male

208 5424 414 5508 ςῖιάθεσιν
443 5431 584 5508 ἔχων
611 5424 648 5484 ό
680 5424 836 5508 δεῖνα
854 5445 867 5458 α
913 5427 1030 5492 πῶς
1091 5427 1363 5508 πιστεύων
1382 5445 1394 5458 ·
1413 5424 1525 5480 ’καὶ
1555 5425 1606 5478 τί
1639 5425 1761 5495 βου-

211 5497 398 5572 λόμενος
423 5497 572 5572 αὗτῷ
597 5498 864 5572 γενέσθαι
885 5539 898 5562 ,
925 5497 1414 5572 προκατειλῆφθαι.

391 5568 684 5656 gratare.
726 5570 891 5656 F'orte
924 5568 1233 5656 legendum,
1261 5568 1514 5656 συνεχως.

271 5637 372 5706 (δι)
393 5642 722 5706 Εὗξασθαι.
757 5639 900 5704 Lege
928 5637 1050 5693 cum
1081 5637 1626 5703 Bentleio,et‘5§560at.

271 5708 372 5787 (55)
403 5715 560 5787 Κατὰ
585 5709 787 5787 Ατρῦοξε
812 5709 882 5787 δὲ
908 5709 1338 5787 ἐπᾳκούσομαι.
1381 5710 1580 5764 Scribit
1612 5708 1750 5761 lien-

215 5776 372 5852 tleitts.
389 5782 521 5835 κατά
537 5782 698 5852 τήνδε
733 5780 794 5852 δὲ
818 5779 1210 5852 επακούσομαι.

274 5847 376 5922 (56)
407 5847 776 5907 Τόνδέτινὰ.
812 5849 902 5904 Sic
941 5847 1276 5906 recte‘babet
1308 5849 1474 5906 codex
1535 5866 1634 5903 m;.
1698 5849 1754 5900 lu

1871 5418 2029 5479 antea
2059 5418 2257 5478 lectum
2292 5431 2395 5482 est,
2428 5418 2734 5490 εὐξαμένῳ.

1942 5494 2056 5562 (58)
2093 5491 2223 5546 Ἐπὶ
2254 5491 2470 5562 ποσόν,
2499 5485 2993 5562 Mallet'Bentleius,
3017 5485 3314 5562 artiﬁcem

1945 5552 2056 5635 (59)
2087 5557 2708 5635 Παλινδρομήσοντος.
2737 5559 2876 5614 Male
2901 5557 3066 5615 editio
3093 5552 3440 5620 Oxonieusis,

1861 5634 2195 5705 παλινδρομή
2203 5648 2412 5705 σαντος.

1935 5695 2066 5776 (ϐυ)
2089 5695 2493 5776 ’Ᾰῖὲοᾳτάιςτος
2524 5700 2646 5776 κατ’
2675 5698 2853 5776 (iam:
2872 5697 3156 5776 gdrdxalp
3185 5695 3285 5772 ⁸ὢν
3312 5707 3437 5776 τις.

1868 5763 2344 5846 Ιιοξςίίϐρυιίοὶιιε,
2366 5763 2694 5832 ἀποστάντος
2723 5769 2841 5821 κατ’
2860 5769 3016 5834 ἀξίαν
3032 5763 3212 5818 ἀὑτοῦ
3241 5769 3438 5838 χείρων

1867 5863 1968 5910 τις.
