3954 6414
460 247 567 305 439

1929 238 2252 296 ORIGENIS

3607 235 3710 288 440

464 363 662 418 deinde
692 371 748 418 et
771 363 821 416 in
850 362 1088 416 humana
1116 360 1424 415 decisurum
1454 366 1696 429 peccata,
1724 372 1881 427 quem
1910 371 2024 427 pro-

2151 362 2245 421 ίαν,
2280 353 2722 426 ἐπιδημήσαντός
2753 371 2853 423 μου
2887 351 2979 404 τοῦ
3012 349 3142 404 Υἱοῦ
3170 350 3247 421 τῷ
3276 368 3382 404 των
3406 350 3505 405 ἀνθ
3517 350 3710 420 ρώπων

463 465 651 523 pterea
694 468 903 521 mquum
935 451 1042 505 erit
1077 450 1203 504 talia
1256 450 1500 517 quaedam
1530 450 1663 518 pati.
1698 449 1847 502 Hanc
1896 464 2033 518 pra:-

465 543 752 600 scientiam
785 541 926 595 forte
965 540 1029 594 de
1062 539 1339 605 omnibus,
1376 551 1525 595 certe
1555 541 1622 595 de
1662 538 1795 595 Juda
1833 548 1886 594 et
1914 554 2035 610 my-

465 634 650 690 steriis
679 630 803 684 aliis
835 631 996 684 etiam
1033 629 1126 682 Dei
1156 628 1327 683 Filius
1361 629 1547 695 habet,
1580 630 1668 698 qui
1704 645 1886 682 rerum
1947 628 2033 684 lu-

467 735 716 779 turarum
747 720 1111 774 evolutionem
1160 721 1516 789 perspiciens,
1558 721 1703 773 videt
1736 719 1953 784 Judam,
1981 729 2038 774 et

468 829 587 883 qua:
622 811 962 865 admissurus
1014 819 1100 866 est
1154 820 1412 881 peccata;
1468 811 1539 862 ita
1589 819 1647 863 ut
1686 810 1806 864 haec
1854 810 2039 863 animo

468 898 952 970 comprehendens,
981 900 1146 952 etiam
1172 907 1299 952 ante
1330 906 1513 950 natum
1547 896 1740 952 Judam
1768 914 1862 967 per
1890 899 2040 953 Davi-

470 993 591 1046 dem
620 990 859 1044 dixerit:
893 989 1033 1043 Deus
1061 987 1274 1043 laudent
1305 1003 1475 1040 meam
1509 1004 1570 1041 ne
1605 990 1834 1041 tacueris
1886 989 1952 1055 δ’,
1986 997 2039 1041 ct

471 1081 701 1149 reliqua.
732 1080 926 1134 Sciens
961 1079 1147 1148 itaque
1178 1077 1361 1131 futura
1391 1078 1536 1132 Deus
1575 1092 1629 1133 et
1660 1080 1877 1147 qualem
1912 1093 2042 1133 con-

471 1172 769 1226 tentionem
819 1169 1105 1224 habiturus
1133 1166 1204 1220 sit
1235 1167 1301 1220 ad
1352 1168 1607 1236 pietatem
1642 1167 1873 1222 Paulus:
1903 1167 2041 1237 apud

468 1263 731 1330 meipsum
762 1260 781 1333 (
810 1258 1028 1329 inquit)
1061 1270 1189 1314 ante
1220 1261 1434 1314 initium
1484 1274 1663 1312 rerum
1707 1274 1830 1314 cum
1860 1260 2041 1314 mundi

2134 446 2313 515 γένει,
2344 444 2485 498 κατά
2522 444 2621 514 μὲν
2657 444 2753 507 τὰς
2782 444 2955 514 ἀρχὰς
2977 441 3233 511 ἐσόμενον
3266 443 3431 499 καλὸν
3462 442 3561 495 καὶ
3582 444 3711 512 ἀργιι⁴

2136 538 2227 592 θὸν
2252 576 2265 602 ,
2315 536 2539 607 ὕστερον
2574 534 2629 587 δὲ
2672 537 3152 609 ἐκτραπησόμενον
3176 536 3268 588 καὶ
3298 538 3379 599 είς
3406 536 3474 589 τὰ
3498 534 3711 608 ἀνθρώ-

2136 647 2266 682 πινα
2295 627 2668 699 ἁμαρτήματα
2695 627 2923 679 ὲκπεσού
2934 645 3093 696 μενον
3112 643 3124 655 ·
3160 627 3341 679 ὅντινα
3365 626 3457 678 ἐπὶ
3502 625 3715 690 τούτοις

2138 720 2356 787 εὔλογον
2413 718 2563 771 ἔσται
2623 717 2813 771 παθεῖν
2843 718 2968 770 τάδε
3012 716 3152 770 τινά.
3192 716 3253 767 Ἡ
3309 715 3365 767 δὲ
3401 714 3715 786 πρόγνωσις

2138 810 2276 881 αὕτη
2301 810 2439 880 τάχα
2471 809 2569 879 μὲν
2605 809 2697 860 ἐπὶ
2746 809 2997 871 πάντων,
3042 806 3258 868 πάντως
3305 805 3361 856 δὲ
3410 805 3503 857 ἐπὶ
3546 805 3717 859 Ἰούδα

2139 901 2234 954 καὶ
2259 900 2458 970 ἐτέρων
2493 898 2823 969 μυστηρίων,
2850 897 2942 948 καὶ
2965 898 3021 950 ἐν
3046 893 3122 964 τῷ
3139 893 3253 964 Υίῷ
3286 894 3379 946 τοῦ
3403 894 3538 946 Θεοῦ
3572 896 3719 963 γίνε-

2139 1011 2259 1057 ται,
2288 991 2553 1062 ἑωρακότι
2582 992 2648 1060 τῇ
2677 989 2995 1057 κατανοήσει
3025 986 3116 1040 τοῦ
3145 984 3436 1055 ὲξελεγμοῦ
3461 984 3573 1057 (61)
3611 987 3718 1042 τῶν

2141 1082 2412 1153 ἐσομένων
2441 1080 2532 1133 τὸν
2573 1075 2773 1132 Ἰούδαν
2806 1078 2898 1130 καὶ
2927 1076 2995 1129 τὰ
3023 1077 3399 1147 ἁμαρτήματα
3436 1075 3504 1128 τὰ
3533 1076 3716 1146 ἀμαρ-

2141 1174 2483 1245 τηθησόμενα
2512 1169 2659 1239 αύτῷ
2702 1168 2841 1221 ὥστε
2886 1167 3022 1238 μετά
3048 1166 3403 1237 καταλήψεως
3438 1167 3605 1220 αὑτὸν
3630 1168 3720 1220 καὶ

2145 1266 2273 1334 πρὶν
2295 1262 2545 1333 γενέσθαι
2570 1262 2660 1314 τὸν
2690 1258 2885 1313 Ἰούδαν
2905 1258 2993 1311 διὰ.
3013 1257 3104 1310 τοῦ
3126 1256 3287 1309 Δαυὶδ
3310 1256 3594 1327 είρηκέναι
3613 1274 3626 1286 ·
3659 1257 3721 1309 '0

467 1353 743 1423 Opificium
777 1353 1083 1424 aggrediar,
1140 1352 1313 1421 ipsum
1360 1350 1525 1420 209
1552 1338 1800 1421 st-Iigam.
1833 1360 1886 1406 et
1924 1350 2044 1405 istis

2151 1354 2291 1421 Θεὸς
2318 1356 2432 1422 τὴν
2458 1353 2696 1406 αἴνεσίν
2719 1370 2837 1421 μου
2864 1350 2950 1420 μὴ
2985 1345 3465 1415 παρασιωπήσῃς
3484 1389 3498 1413 ,
3533 1348 3629 1399 καὶ
3655 1347 3722 1401 τὰ

468 1444 747 1497 hominum
777 1444 967 1499 salutis
1001 1441 1378 1513 adjutricibus,
1435 1443 1594 1495 simul
1628 1458 1690 1494 ac
1720 1451 1878 1496 natus
1906 1443 2041 1505 erit,

2151 1441 2293 1511 ἑξῆς.
2317 1441 2485 1505 Εἰδὼς
2502 1442 2559 1494 δὲ
2580 1441 2646 1495 τά
2671 1440 2948 1510 μέλλοντα,
2969 1438 3063 1490 καὶ
3080 1438 3262 1489 ὁποῖον
3284 1436 3435 1490 τόνον
3457 1437 3570 1502 ἕξει
3587 1437 3723 1507 πρὸς

467 1535 833 1604 potestatibus
858 1532 1268 1596 commendabo,
1302 1546 1597 1603 segregans
1621 1533 1769 1586 illum
1793 1547 1857 1587 ex
1893 1542 2046 1587 utero

2151 1534 2243 1603 τὴν
2274 1532 2581 1587 θεοσέϐειαν
2626 1534 2654 1584 ὁ
2684 1530 2892 1592 Παῦλος
2915 1547 2928 1559 ·
2972 1530 3029 1583 ἐν
3075 1526 3289 1598 ἐμαυτῷ
3332 1527 3431 1596 μὲν
3452 1529 3582 1598 πρὶν
3607 1528 3724 1581 κτί-

468 1625 695 1681 matris:
729 1627 1150 1695 permittamque
1172 1626 1330 1681 initio
1360 1627 1412 1679 in
1437 1625 1726 1693 juventute
1776 1623 1895 1678 zelo
1923 1639 2044 1677 cum

2151 1642 2237 1678 σαι
2268 1624 2358 1678 τὸν
2414 1625 2617 1695 κόσμον
2666 1620 3085 1690 ἐπιϐαλλόμενος
3130 1619 3194 1687 τῇ
3224 1617 3362 1687 ἀρχῇ
3393 1617 3493 1686 τῆς
3523 1635 3725 1687 κοσμο-

466 1713 775 1784 ignorantia
806 1715 1094 1782 coniuncto
1118 1715 1404 1785 agitatum,
1427 1714 1645 1783 pietatis
1665 1720 1929 1782 praetextu
1952 1728 2048 1767 eos

2151 1716 2336 1778 ποιίας
2369 1714 2533 1768 αὐτὸν
2571 1711 2921 1782 ὲπιλέξομαι·
2971 1710 3065 1762 καὶ
3114 1706 3297 1760 ταῖσδε
3337 1705 3728 1779 συνεργούσαις

468 1806 724 1877 persequi
754 1807 847 1876 qui
876 1808 927 1861 in
961 1808 1242 1863 Christum
1274 1823 1452 1862 meum
1479 1808 1837 1871 crediderint,
1869 1817 1922 1861 et
1949 1824 2043 1862 cu-

473 1897 681 1952 stodire
723 1898 1055 1953 vestimenta
1096 1897 1456 1968 lapidantium
1495 1912 1712 1952 servum
1754 1912 1932 1952 meum
1988 1907 2044 1953 et

470 1990 665 2035 testem
685 1981 1027 2050 Stephanum
1050 1985 1118 2051 ⁸⁰;
1139 1994 1195 2039 ut
1212 1984 1637 2055 postjuvenilem
1664 1985 2042 2055 petulantiam,

468 2070 729 2139 deinceps
772 2074 1066 2128 occasione
1111 2085 1268 2142 capta
1316 2077 1371 2130 in
1418 2076 1642 2131 meliora
1673 2086 1910 2131 mutatus
1940 2094 2047 2132 non

472 2162 736 2233 glorietur
753 2178 933 2218 coram
953 2179 1059 2227 me.
1082 2167 1178 2221 sed
1199 2168 1374 2221 dicat:
1400 2169 1523 2221 Non
1538 2186 1649 2222 sum
1672 2171 1858 2239 dignus
1876 2172 2049 2225 vocari

471 2251 738 2320 apostolus
757 2294 771 2317 ,
794 2254 1041 2323 quoniam
1067 2265 1366 2324 persecutus
1384 2273 1496 2310 sum
1521 2256 1812 2311 Ecclesium
1841 2258 1937 2311 Dei
1970 2258 2010 2290 ⁸¹
2033 2274 2047 2320 ;

473 2345 829 2412 sentiensque
862 2344 1040 2398 futura
1087 2346 1139 2400 in
1170 2361 1293 2400 eum
1340 2347 1601 2403 beneﬁcia
1631 2364 1747 2403 mea
1776 2363 1897 2419 post
1924 2366 2050 2405 suos

473 2434 530 2486 in
549 2432 837 2498 juventute
859 2436 1079 2504 pietatis
1098 2438 1278 2506 specie
1303 2438 1507 2508 lapsus,
1535 2440 1733 2493 addat:
1757 2442 1929 2510 gratia
1952 2458 2048 2492 au-

476 2533 579 2576 tem
603 2523 698 2577 Dei
721 2541 836 2578 sum
861 2526 916 2578 id
939 2528 1077 2596 quod
1098 2543 1212 2580 sum
1234 2528 1315 2595 ";
1342 2528 1748 2598 prohibitusque
1772 2529 2050 2583 conscien-

475 2610 552 2665 tia
578 2627 765 2667 eorum
792 2630 910 2682 quae
939 2631 1060 2669 cum
1105 2617 1285 2672 adhuc
1321 2617 1535 2686 juvenis
1564 2628 1742 2685 esset,
1789 2619 2049 2673 adversus

475 2702 751 2758 Christum
783 2709 1040 2775 patravit,
1067 2723 1173 2761 non
1198 2708 1486 2761 extollatur
1510 2710 1880 2781 magnitudine
1905 2725 2053 2763 reve-

477 2795 738 2850 lationqu
782 2812 917 2865 quas
948 2814 1067 2852 meo
1114 2799 1376 2853 beneﬁcio
1410 2810 1732 2868 accepturus
1756 2811 1838 2855 est
1867 2799 1934 2853 ⁸⁸.

2149 1802 2450 1875 ἀνθρώπων
2469 1802 2709 1872 σωτηρία
2724 1800 3013 1870 δυνάμεσιν
3038 1798 3153 1868 ἅμα
3177 1798 3253 1869 τῷ
3277 1798 3605 1869 γεννηθῆναι
3628 1815 3728 1849 πα-

2153 1896 2460 1969 ραθήσομαι
2486 1932 2500 1958 ,
2532 1892 2804 1963 ἀφορίζων
2847 1891 3009 1943 αὑτὸν
3038 1892 3103 1943 ὲκ
3135 1891 3340 1953 κοιλίας
3373 1889 3605 1961 μητρὸς,
3635 1888 3727 1941 καὶ

2153 1985 2459 2057 ἐπιτρέπων
2490 1983 2628 2036 κατά
2677 1981 2775 2044 τὰς
2804 1979 2995 2051 ἀρχὰς,
3031 1981 3087 2032 ὲν
3109 1978 3357 2050 νεότητι,
3403 1976 3553 2047 ζήλῳ
3594 1976 3728 2046 μετά

2154 2080 2376 2148 ἀγνοίας
2429 2075 2793 2146 ὲγγινομένῳ,
2844 2073 3111 2145 προφάσει
3165 2072 3473 2134 Θεοσεϐείας
3514 2070 3728 2125 διώκειν

2154 2174 2281 2235 τοὺς
2308 2171 2385 2233 είς
2411 2169 2502 2222 τὸν
2533 2166 2766 2237 Χριστόν
2796 2182 2895 2235 μου
2924 2164 3386 2225 πεπιστευκότας;
3418 2161 3513 2214 καὶ
3543 2162 3729 2231 τηρεῖν

2155 2262 2222 2315 τὰ
2245 2260 2437 2332 ἱμάτια
2464 2259 2569 2311 τῶν
2589 2255 3002 2311 λιθοϐολούντων
3027 2255 3116 2309 τὸν
3138 2255 3477 2325 θεραπευτὴν
3504 2270 3606 2324 μου
3638 2254 3730 2307 κα)⁸

2159 2353 2412 2423 μάρτυρα
2433 2349 2716 2419 Στέφανον·
2738 2348 2824 2401 ἵνα
2843 2346 3307 2417 νεανιευσάμενος,
3330 2344 3555 2415 ὕστερον
3573 2345 3731 2412 ἀφορ-

2158 2443 2264 2513 μῆς
2300 2440 2595 2511 λαϐόμενος
2623 2441 2716 2492 καὶ
2747 2436 3209 2508 μεταϐαλλόμενος
3240 2436 3331 2487 ἐπὶ
3361 2434 3429 2488 τὰ
3457 2434 3727 2504 βέλτιστα,

2158 2532 2232 2604 μὴ
2255 2534 2594 2603 καυχήσηται
2623 2528 2846 2582 ἐνώπιον
2872 2527 3003 2598 ἐμοῦ
3026 2566 3040 2591 ,
3089 2526 3224 2579 ἀλλά
3248 2525 3393 2594 λέγει
3424 2524 3535 2595 (62)
3556 2541 3570 2553 ⁸
3612 2525 3729 2577 Οὐκ

2155 2624 2271 2693 εἰμὶ
2303 2620 2509 2687 ἱκανὸς
2555 2620 2864 2674 καλεῖσθαι
2908 2619 3272 2682 ἀπόστολος,
3324 2616 3475 2669 διότι
3514 2613 3731 2678 ἐδίωξα

2156 2714 2273 2782 τὴν
2305 2712 2674 2779 Ἐκκλησίαν
2700 2709 2806 2765 τοῦ
2831 2708 2976 2763 Θεοῦ
2995 2725 3008 2738 ·
3032 2710 3125 2761 καὶ
3152 2707 3472 2777 αἰσθόμενος
3496 2706 3595 2775 τῆς
3616 2706 3729 2757 ἐσο-

2163 2799 2332 2871 μένης
2367 2817 2465 2870 μου
2492 2800 2570 2861 είς
2602 2799 2763 2852 αὑτὸν
2796 2797 3115 2867 εὐεργεσίας
3159 2796 3293 2867 μετά
3331 2796 3398 2849 τά
3425 2798 3483 2849 ὲν
3517 2795 3727 2866 νεότητι

476 2892 746 2961 προφάσει
774 2892 1082 2956 θεοσεϐείας
1114 2894 1428 2963 πταίσματα
1448 2934 1462 2959 ,
1491 2895 1623 2968 είπῃ
1651 2895 1781 2967 (63)·
1815 2894 2012 2964 Χάριτι
2042 2897 2109 2949 δὲ
2136 2894 2283 2951 Θεοῦ
2302 2898 2417 2965 ειμι
2450 2895 2483 2948 ὅ
2511 2896 2626 2963 εἰμι
2645 2912 2657 2925 ·
2693 2893 2787 2947 καὶ
2812 2892 3156 2964 κωλυόμενος
3213 2891 3270 2943 δὲ
3319 2890 3424 2943 ὑπὸ
3468 2891 3562 2943 τοῦ
3610 2907 3734 2944 συν-

475 2989 676 3052 ειδότος
721 2989 808 3042 διὰ
834 2989 902 3043 τά
928 2990 1033 3042 ὑπὸ
1062 2991 1272 3044 νεανίου
1319 2990 1483 3042 αὑτοῦ
1533 2990 1612 3042 ἔτι
1661 2991 2015 3060 τυγχάνοντος
2072 2988 2433 3062 πεπραγμένα
2487 2987 2627 3040 κατά
2675 2984 2946 3057 Χριστοῦ,
3003 2985 3103 3056 οὐχ
3135 2982 3735 3056 ὑπερεπαρθήσεταιτῇ

476 3080 748 3151 ὑπερϐολῇ
776 3080 882 3134 τῶν
905 3082 989 3134 ἐπ’
1006 3080 1293 3150 εὐεργεσία
1324 3079 1854 3152 φανερωθησομένων
1879 3081 2025 3151 αὐτῷ
2053 3081 2461 3150 ἀποκαλύψεων.

550 3176 604 3228 7.
642 3174 721 3228 Ad
764 3189 826 3228 ea
861 3183 1038 3228 autem
1078 3189 1197 3241 qua:
1222 3174 1430 3242 objecta
1459 3183 1585 3227 sunt
1615 3174 1681 3228 de
1714 3174 1961 3229 oratione
1990 3183 2048 3228 ut

2218 3175 2328 3229 Καὶ
2362 3175 2495 3246 πρὸς
2533 3174 2593 3227 τὸ
2627 3175 2753 3245 περὶ
2785 3172 2884 3243 τῆς
2917 3172 3009 3225 ἐπὶ
3052 3170 3128 3242 τῷ
3156 3170 3466 3239 ἀνατέλλειν
3502 3170 3614 3243 (64)
3644 3172 3731 3224 τὸν

478 3266 561 3321 sol
581 3266 810 3330 oriatur,
837 3266 952 3319 haec
977 3266 1226 3319 dicenda.
1252 3263 1349 3318 Est
1370 3272 1525 3317 suum
1548 3264 1714 3320 ctsoli
1740 3265 2053 3331 arbitrium,

480 3358 923 3426 quandoquidem
984 3356 1101 3424 ipse
1152 3356 1321 3409 Deum
1374 3371 1496 3410 cum
1540 3355 1663 3408 luna
1719 3355 1922 3409 laudat.
1963 3355 2055 3408 Ait

480 3447 626 3500 enim
661 3464 673 3497 :
707 3445 943 3499 Laudate
972 3461 1113 3511 eum,
1144 3444 1221 3498 sol
1252 3456 1297 3497 et
1329 3445 1455 3497 (una
1480 3444 1547 3498 “.
1580 3446 1671 3499 Sic
1691 3455 1745 3499 et
1770 3445 2051 3499 arbitrium

483 3538 667 3590 lunam
702 3544 756 3587 et
782 3545 1183 3603 consequenter
1216 3534 1400 3588 stellas
1428 3549 1621 3590 omnes
1652 3536 1849 3590 habere
1881 3537 2057 3590 mani-

483 3625 683 3679 festum
714 3633 799 3678 est
828 3639 843 3677 :
880 3623 1121 3678 Laudate
1149 3624 1292 3679 enim
1319 3640 1459 3689 eum,
1489 3626 1652 3678 stellis
1684 3636 1729 3679 et
1759 3627 1958 3684 lumen.
1992 3631 2058 3685 Ut

483 3715 654 3785 igitur
684 3715 923 3769 diximus
949 3728 1136 3771 nostro
1162 3715 1501 3787 singulorum
1532 3717 1623 3785 qui
1665 3716 1720 3770 in
1757 3728 1901 3773 terra
1933 3737 2058 3775 ver-

483 3817 673 3858 samur
696 3804 926 3858 arbitrio
959 3804 1035 3858 uti
1064 3803 1251 3871 Deum,
1284 3813 1338 3859 et
1366 3802 1423 3858 in
1453 3803 1690 3874 aliquam
1720 3814 2055 3863 terrenarum

485 3910 669 3949 rerum
719 3897 1010 3952 utilitatem
1062 3899 1450 3954 convenienter
1494 3899 1583 3952 illa
1626 3901 1927 3966 ordinasse,
1977 3906 2060 3959 sic

483 3986 648 4042 etiam
673 3987 1090 4042 existimandum
1120 3999 1222 4052 est,
1252 3990 1482 4044 arbitrio
1505 3990 1635 4044 solis
1651 4002 1705 4045 et
1738 3991 1881 4047 luna:
1907 3995 2057 4048 etsi-

482 4080 694 4145 derum,
723 4082 1028 4135 necessario
1060 4081 1151 4136 illo
1174 4092 1228 4137 et
1261 4081 1415 4135 ﬁrmo
1432 4088 1487 4135 et
1516 4082 1773 4137 stabiliet
1807 4089 2055 4157 sapiente

483 4184 667 4235 usum,
696 4170 979 4225 ordinasse
1006 4180 1255 4224 ornatum
1277 4187 1491 4227 omnem
1516 4172 1638 4227 coeli
1672 4183 2062 4241 congruentes-

484 4272 593 4327 que
636 4261 890 4315 universo
919 4261 1162 4315 siderum
1198 4263 1603 4317 conversiones.
1641 4260 1792 4327 Quod
1820 4264 1865 4316 si
1901 4264 1966 4318 de
1995 4266 2062 4320 iis

2153 3266 2303 3337 ἥλιον
2338 3266 2503 3336 εὐχῆς
2530 3265 2700 3318 ταῦτα
2727 3264 2962 3317 λεκτέον·
2992 3262 3107 3316 ἐστι
3138 3279 3190 3315 τι
3223 3262 3315 3314 καὶ
3344 3261 3437 3314 τοῦ
3474 3261 3625 3333 ἡλίου
3648 3260 3730 3330 ἐφ’

2155 3359 2319 3429 ἡμῖν,
2372 3358 2467 3411 καὶ
2514 3356 2676 3410 αὑτοῦ
2719 3354 2994 3419 αίνοῦντος
3038 3354 3177 3426 μετά
3222 3355 3321 3425 τῆς
3371 3351 3604 3423 σελήνης
3646 3352 3735 3405 τὸν

2154 3448 2304 3501 Θεόν·
2331 3447 2557 3502 Αἰνεῖτε
2576 3446 2685 3518 γὰρ
2713 3445 2913 3509 αὐτόν,
2942 3446 3123 3517 φησιν,
3150 3444 3324 3511 ἣλιος
3346 3442 3443 3496 καί
3477 3440 3728 3508 σελήνη.

2154 3541 2319 3612 Δῆλον
2364 3542 2409 3593 δ’
2436 3542 2518 3593 ὅτι
2563 3540 2658 3592 καὶ
2695 3538 2796 3606 τῆς
2835 3537 3061 3607 σελήνης
3107 3536 3200 3589 καὶ
3244 3533 3555 3596 ἀκολούθως
3595 3531 3719 3585 πάνυ

2154 3650 2261 3686 των
2306 3632 2411 3685 τῶν
2462 3631 2723 3702 ἀστέρων·
2778 3627 3004 3683 Αἰνεῖτε
3044 3626 3151 3697 γὰρ
3196 3625 3386 3679 αὐτὸν
3430 3623 3631 3678 πάντα
3664 3621 3735 3676 τὰ

2156 3725 2342 3792 ἄστρα
2394 3724 2488 3776 καὶ
2542 3722 2605 3775 τὸ
2654 3721 2800 3791 φῶς.
2851 3721 3061 3789 ’Ὠσπερ
3098 3713 3191 3771 οὖν
3226 3718 3531 3787 είρήκαμεν
3558 3715 3618 3768 τὸ
3650 3715 3732 3783 ἐφ’

2156 3816 2286 3886 ήμῖν
2313 3813 2422 3885 (65)
2451 3814 2677 3867 ἑκάστου
2723 3812 2830 3865 τῶν
2877 3810 2969 3863 ἐπὶ
3021 3808 3126 3877 γῆς
3176 3806 3603 3878 καταχρώμενον
3647 3806 3734 3857 τὸν

2156 3907 2307 3973 Θεὸν,
2343 3904 2421 3968 εἷς
2445 3921 2567 3958 τινα
2597 3904 2780 3974 χρείαν
2807 3901 2913 3955 τῶν
2945 3900 3034 3952 ἐπὶ
3062 3899 3166 3968 γῆς
3199 3897 3626 3965 κατατεταχέναι
3658 3898 3735 3956 είς

2155 3995 2275 4049 δέον
2296 3994 2452 4050 αὐτά·
2493 3994 2664 4057 οὕτως
2698 3990 3030 4062 ὑποληπτέον
3061 3988 3139 4059 τῷ
3171 3989 3254 4057 ἐφ’
3290 3990 3422 4058 ήμῖν
3455 3987 3607 4057 ἡλίου
3641 3986 3733 4039 καὶ

2160 4088 2389 4158 σελήνης
2413 4087 2503 4139 καὶ
2522 4086 2756 4157 ἄστρων,
2773 4082 3102 4155 ἀραρότικαὶ
3122 4080 3323 4151 βεϐαίῳ
3345 4079 3458 4133 ὄντι
3484 4078 3581 4131 καὶ
3610 4094 3738 4131 στα-

2158 4178 2309 4250 θηρῷ
2342 4179 2433 4231 καὶ
2466 4174 3013 4247 σοφῷ,διατεταχέναι
3062 4173 3235 4225 πάντα
3276 4172 3363 4223 τὸν
3401 4170 3609 4239 κόσμον
3641 4165 3733 4221 τοῦ

2157 4268 2385 4341 ούρανοῦ
2419 4269 2513 4321 καὶ
2542 4267 2639 4337 τήν
2667 4266 2776 4319 τῶν
2808 4264 3019 4335 ἄστρων
3042 4262 3310 4335 ἁρμονίως
3335 4259 3445 4333 (66)
3472 4260 3549 4331 τῷ
3576 4258 3735 4312 παντί⁵

485 4362 606 4418 qua:
650 4363 680 4403 a
722 4359 908 4405 nostro
960 4351 1189 4405 arbitrio
1231 4352 1492 4420 pendent,
1542 4366 1648 4405 non
1692 4350 1894 4407 frustra
1939 4369 2059 4420 oro,

2159 4361 2386 4432 πορείαν
2418 4360 2510 4412 καὶ
2551 4359 2782 4428 κίνησιν.
2830 4357 2937 4408 Καὶ
2975 4356 3023 4408 εί
3058 4354 3184 4423 περ)⁵
3215 4352 3307 4405 τοῦ
3344 4353 3426 4421 ἐφ’
3461 4352 3597 4422 ἡμῖν
3620 4349 3736 4403 ἐτέ-

485 4441 655 4497 multo
678 4442 859 4496 minus
891 4441 958 4496 de
982 4441 1049 4495 iis
1079 4456 1198 4510 quae
1232 4442 1284 4496 in
1318 4442 1545 4496 arbitrio
1584 4450 1711 4496 sunt
1754 4443 2061 4499 caelestium

2166 4470 2257 4523 ρου
2286 4452 2393 4522 (67)
2428 4451 2500 4521 μὴ
2550 4449 2728 4519 μάτην
2770 4446 3018 4517 εὔχομαι,
3064 4445 3241 4515 πολλῷ
3276 4444 3434 4497 πλέον
3474 4443 3605 4514 περὶ
3641 4440 3730 4494 τοῦ

487 4532 697 4586 illorum
754 4534 991 4587 siderum
1033 4547 1266 4601 quorum
1315 4533 1599 4588 ordinatus
1655 4546 1850 4591 cursus
1899 4539 2048 4593 rebus

2161 4545 2243 4611 ἐφ’
2270 4544 2401 4615 ἡμῖν
2434 4540 2539 4593 τῶν
2564 4542 2620 4592 ὲν
2653 4538 2866 4611 οὐρανῷ
2900 4537 3181 4607 σωτηρίως
3210 4534 3285 4606 τῷ
3304 4534 3468 4587 παντὶ
3489 4533 3733 4604 χορευόν-

485 4624 634 4678 utilis
662 4634 744 4679 est
783 4624 1074 4688 universis.
1109 4624 1431 4692 Quanquam
1468 4626 1534 4680 de
1569 4629 1803 4682 terrenis
1837 4629 2048 4696 quidem

2160 4652 2266 4687 των
2300 4632 2559 4703 ἀστέρων·
2620 4630 2861 4697 καίτοιγε
2908 4627 3052 4680 ἔστιν
3093 4628 3265 4678 εἰπεῖν
3306 4625 3435 4694 περὶ
3498 4624 3612 4677 τῶν
3643 4621 3733 4675 ἐπὶ

484 4717 648 4771 rebus
676 4716 779 4770 dici
804 4724 997 4783 potest,
1026 4724 1205 4771 certas
1228 4717 1488 4784 quasdam
1520 4733 1548 4769 a
1575 4720 2048 4776 circumstantibus

2161 4723 2264 4794 γῆς
2294 4724 2373 4776 ὅτι
2406 4721 2607 4776 τοιαίδε
2652 4721 2795 4782 τινὲς
2833 4718 3226 4790 προγενόμεναι
3262 4715 3368 4785 (68)
3403 4717 3469 4767 ἐκ
3497 4715 3606 4767 τῶν
3637 4731 3731 4767 πε-

486 4805 698 4873 specics
726 4804 941 4858 immitti
976 4819 1099 4873 quae
1124 4815 1421 4873 provocent
1449 4806 1498 4860 id
1529 4807 1674 4874 quod
1708 4808 1761 4861 in
1785 4810 1941 4864 nobis
1969 4811 2048 4864 in-

2163 4810 2465 4884 ριεστώτων
2531 4808 2820 4880 φαντασίαι
2894 4804 3291 4876 προκαλοῦνται
3364 4801 3424 4853 τὸ
3484 4800 3734 4853 ἀϐέϐαιον

486 4896 705 4948 tinuum
738 4901 843 4957 est,
874 4902 967 4946 aut
1001 4908 1230 4961 pronum
1275 4896 1340 4949 ad
1390 4898 1690 4964 deteriora,
1739 4908 1797 4953 ut
1830 4901 1945 4954 haec
1972 4900 2048 4954 vel

2160 4904 2192 4974 ἡ
2203 4901 2337 4973 μῶν,
2367 4900 2399 4973 ἢ
2433 4901 2492 4953 τὸ
2512 4902 2601 4954 ἐπὶ
2631 4899 2692 4951 τὸ
2723 4900 2963 4969 κρεῖττον
2994 4895 3099 4967 (69)
3137 4894 3389 4967 ρεπτικὸν
3420 4892 3577 4963 ήμῶν
3602 4892 3736 4962 πρὸς

556 5003 817 5060 “Psalm.
843 5015 991 5079 CYIII,
1016 5004 1073 5058 4.
1148 5005 1195 5037 ⁵⁰
1231 5005 1353 5063 Act.
1385 5010 1628 5076 xxrt,20.
1704 5011 1750 5044 ⁸¹
1776 5009 1796 5062 Ι
1820 5012 1943 5066 Cor.
1977 5028 2067 5077 xv,
2092 5013 2147 5067 9.
2224 5015 2269 5046 "
2296 5014 2561 5081 lbid.,10.
2636 5011 2681 5042 ⁸⁸
2712 5010 2752 5065 ll
2775 5009 2902 5064 Cor.
2936 5023 3034 5073 sn,
3061 5010 3113 5060 7.
3189 5007 3236 5038 “
3266 5004 3405 5060 Psal.
3425 5018 3650 5067 CXLVIII,
3673 5000 3726 5054 5.

714 5166 1243 5240 'Eﬁsleyyoﬁ.l_tletn
1280 5169 1427 5240 legit,
1461 5169 1768 5240 ὲξελιγμοῦ.

581 5237 670 5312 6g)
704 5238 893 5312 ρεγει.
928 5235 1559 5312 gegitBentlciust-fﬁj.

579 5306 877 5375 63,313”.
935 5308 1026 5361 Sic
1080 5309 1243 5375 habet
1294 5306 1625 5364 codcxv'ms.
1683 5308 2052 5363 Maleantem

487 5373 656 5429 editio
684 5373 1032 5439 Oxouiensis,
1068 5373 1207 5429 εἷπε.

2162 5171 2300 5242 luna:
2327 5172 2603 5242 stellisque
2638 5171 2889 5226 omnibus
2912 5172 3147 5227 animam
3172 5169 3491 5226 rationalem
3523 5169 3729 5225 tribuit.

2161 5238 2297 5295 Vide
2330 5238 2769 5311 Origen'ianorum
2807 5242 2901 5294 lib.
2938 5258 2999 5308 ll,
3030 5259 3083 5311 q.
3116 5244 3167 5296 8.

2232 5311 2344 5382 (65)
2390 5308 2458 5382 Td
2486 5312 2577 5379 ἐφ’
2608 5311 2769 5379 ἡμῖν.
2806 5311 2952 5380 Legit
2975 5308 3270 5382 Bentleius,
3291 5308 3368 5382 τῷ
3396 5309 3482 5381 ἐφ’

2230 5380 2345 5452 (66)
2397 5381 2722 5452 Ἀρμονίως.
2756 5382 2896 5452 Idem
2931 5382 3084 5449 legit,
3113 5380 3403 5451 ἁρμοδίως.

563 5444 676 5513 (64)
712 5446 847 5522 _'_E_:zl
884 5445 978 5522 Ῑῷ
1034 5445 1412 5522 ἀνατέλλειν.
1461 5444 1551 5522 Sic
1584 5447 1751 5522 codex
1786 5463 1887 5522 ms.
1917 5447 2048 5502 Male

2231 5444 2344 5522 (67)
2397 5444 2648 5522 Ἐ’τὲρου.
2684 5444 2829 5504 idem
2861 5444 3021 5522 legit:
3047 5444 3330 5522 ἡμετέρου.

489 5512 620 5566 vero
660 5512 826 5570 editio
876 5512 1077 5579 0x0n.,
1120 5518 1210 5568 ἐπὶ
1236 5518 1297 5570 τὸ
1328 5516 1653 5572 ἀνατέλλειν.
1691 5518 1841 5582 Quod
1874 5526 2048 5571 autem

491 5582 713 5662 subjicit
736 5584 1092 5662 Qr_igenes__de
1115 5587 1244 5641 solis
1266 5596 1322 5662 et
1340 5588 1569 5662 aliarum
1594 5587 2048 5662 stellarumlibern

2226 5512 2337 5590 (68'
2377 5512 2823 5589 Hpoferdmat.
2860 5512 3178 5589 [demite-git,
3204 5512 3658 5591 παραγενόμεναι.

2230 5522 2339 5662 (69)
2391 5592 2514 5644 Ἐπὶ
2550 5592 2613 5645 τὸ
2650 5589 2929 5658 κρεῖττον.
2962 5589 3110 5646 idem
3142 5590 3265 5659 legit
3287 5591 3381 5643 ἐπὶ
3410 5588 3473 5642 τὸ
3506 5591 3658 5662 χεῖρα

491 5582 713 5664 subjicit
736 5584 1092 5664 ergenesnde
1115 5587 1244 5641 solis
1266 5596 1322 5664 et
1340 5588 1569 5664 aliarum
1594 5587 2048 5664 stellarumlibern

2230 5582 2339 5662 (69)
2391 5582 2517 5644 Ἐπί
2550 5592 2613 5645 τὸ
2634 5582 2929 5658 ⁷κρεῖττον.
2962 5582 3110 5646 Ideni
3142 5582 3381 5659 1ὲείιέπῖ
3410 5582 3701 5663 τὸ’χεῑρον.

492 5653 741 5722 arbitrio,
764 5652 821 5709 id
841 5652 947 5709 non
972 5655 1243 5725 discrepat
1274 5658 1338 5711 ab
1361 5657 1475 5726 ejus
1506 5657 1773 5712 sententia
1799 5671 1903 5724 qua
1934 5656 2053 5719 soli,

2326 5318 2345 5516 ξ
