3954 6414
146 360 219 419 μί
1306 349 1644 409 LIBELLUS
1671 349 1761 404 DE
1791 347 2162 406 ORATIONE.

3253 356 3358 416 442

149 477 192 532 οδ
212 490 406 544 ποιησαι
430 474 463 543 ἢ
493 472 672 526 εἰπεῖν
693 473 830 527 τάδε
861 472 1001 541 τινὰ,
1031 474 1062 544 ἢ
1100 471 1243 526 τάδε’
1272 471 1365 524 ἐπὶ
1396 471 1452 526 δὲ
1478 471 1587 524 τῶν
1621 473 1678 524 ἐν

1794 469 1868 523 illa
1888 470 2128 523 dicamus
2146 474 2235 522 aut
2250 467 2512 524 faciamus
2528 485 2543 536 ;
2560 467 2612 522 in
2633 467 2948 524 caelestibus
2963 483 3091 524 vero
3108 485 3356 540 quaenam

149 565 316 636 οὐρανῷ
345 565 466 617 ποία
486 564 719 618 δύναται
755 565 1085 636 ἐγγενομένη
1119 562 1383 632 φαντασία
1415 562 1677 632 ἐκστῆσαι

151 659 218 712 καὶ
257 655 596 726 μετακινῆσαι
646 655 765 708 ἀπὸ
796 657 896 727 τῆς
934 655 1201 725 ὠφελίμου
1233 653 1310 724 τῷ
1350 654 1540 723 κόσμῳ
1577 668 1677 705 πο·-

154 750 296 821 ρείας;
325 749 548 800 ἕκαστον
583 747 706 800 τῶν
751 747 1007 819 τοιαύτην
1043 747 1150 817 (70)
1183 745 1358 832 ψυχὴν
1391 745 1495 798 ὐπὸ
1520 744 1678 813 λόγου

151 835 533 907 κατηρτισμένην
572 835 676 888 κα)⁸
704 838 838 908 περὶ
869 837 966 907 τὴν
1007 834 1181 888 αὐτῶν
1228 835 1406 888 αἰτίαν
1426 834 1675 903 ἐχόντων,

150 929 218 982 καὶ
242 927 444 998 τοιούτῳ
475 927 702 998 σώματι
737 927 964 998 αίθερίῳ
1003 927 1096 979 καὶ
1134 924 1504 996 καθαρωτάτῳ
1537 940 1680 993 χρω-

152 1021 303 1089 μένων.

201 1192 298 1244 Ἔτι
325 1187 381 1242 δὲ
409 1190 508 1244 οὐκ
533 1190 743 1260 ἄλογον
777 1192 874 1244 καὶ
901 1191 1122 1261 τοιούτῳ
1147 1191 1252 1244 τινὶ
1285 1190 1684 1261 παραδείγματι

147 1281 400 1351 χρήσασθαι
444 1281 587 1353 πρὸς
638 1283 705 1336 τὸ
746 1281 1152 1355 προτρέψασθαι
1200 1283 1292 1335 ἐπὶ
1332 1283 1393 1335 τὸ
1429 1281 1686 1348 εὐξασθαι

147 1373 215 1424 καὶ
259 1371 669 1442 ἀποτρέψασθαι
737 1372 834 1426 τοῦ
903 1373 1122 1442 ἀμελεῖν
1169 1373 1269 1444 τὴν
1330 1373 1494 1443 εὐχήν
1551 1373 1682 1444 (7i).

148 1461 312 1529 Ὥσπερ
328 1462 422 1512 οὐκ
448 1460 566 1514 ἔστι
595 1460 1099 1532 παιδοποιήσασθαι
1125 1461 1293 1532 χωρὶς
1317 1459 1571 1528 γυναικὸς
1594 1461 1688 1512 καὶ

143 1552 215 1619 τῆς
255 1554 323 1614 εἰς
381 1551 745 1606 παιδοποιίαν
799 1553 1065 1624 χρησίμου
1127 1551 1690 1622 παραλαμϐανομένης

144 1644 388 1713 ἐνεργείας·
435 1643 621 1707 οὕτως
675 1643 849 1696 τῶνδε
903 1643 1058 1695 τινῶν
1092 1643 1190 1695 οὐκ
1227 1642 1290 1695 ἄν
1324 1659 1405 1704 τις
1438 1641 1584 1710 τύχοι
1617 1640 1689 1712 μὴ

140 1734 270 1797 οὕτως
296 1733 615 1805 εὐξάμενος,
660 1734 807 1804 μετά
842 1733 1127 1796 διαθέσεως
1157 1733 1389 1795 τοιᾶσδε,
1423 1732 1687 1785 πιστεύων

140 1826 286 1888 οὕτως,
324 1827 381 1878 οὐ
413 1827 522 1897 πρὸ
560 1827 670 1897 τῆς
715 1826 882 1896 εὐχῆς
923 1825 1066 1878 τόνδε
1105 1824 1306 1895 βιώσας
1337 1824 1427 1877 τὸν
1469 1825 1682 1894 τρόπον.
1719 1817 1763 1876 Β

140 1917 193 1968 (Β
232 1917 650 1987 βαττολογητέον
703 1914 822 1980 οὖν,
877 1917 993 1970 οὐδὲ
1045 1916 1214 1987 μικρὰ
1259 1917 1526 1986 αἱτητέον,
1573 1915 1691 1968 οὐδὲ

141 2010 233 2080 περὶ
269 2011 516 2078 ἐπιγείων
589 2012 991 2083 προσευκτέον,
1047 2009 1164 2062 οὐδὲ
1210 2009 1347 2079 μετὰ
1392 2009 1558 2079 ὀργῆς
1599 2008 1692 2061 καὶ

136 2102 502 2172 τεταραγμένων
533 2101 835 2172 λογισμῶν
856 2102 946 2154 ἐπὶ
975 2101 1072 2172 τὴν
1098 2098 1403 2170 προσευχὴν
1428 2099 1687 2152 ὲλθετέονο

138 2193 334 2246 οὐδὲ
357 2196 530 2265 χωρὶς
555 2192 962 2266 καθαρεύσεως
992 2193 1139 2246 ἔστιν
1171 2192 1457 2262 ἐπινοῆσαι
1485 2190 1692 2261 γινομέ-

137 2289 283 2356 νηντῇ
321 2290 603 2359 προσευχῇ
647 2285 875 2358 σχολήν·
919 2285 1030 2340 ἀλλ’
1076 2285 1198 2338 οὐδὲ
1237 2285 1483 2354 ἀφέσεως
1517 2284 1694 2353 ἀμαρ-

134 2378 340 2444 τημάτων
373 2372 487 2430 οἷόν
537 2394 604 2430 τε
657 2378 852 2446 τυχεῖν
893 2375 983 2429 τὸν
1014 2375 1325 2447 εὐχόμενον,
1362 2375 1436 2445 μὴ
1464 2375 1570 2428 ἀπὸ
1595 2373 1692 2444 τῆς

341 2469 578 2538 ἀφιέντα
611 2467 702 2539 τῷ
738 2467 1221 2539 πεπλημμεληκότι
1255 2467 1346 2520 καὶ
1367 2464 1692 2537 συγγνώμης

131 2563 267 2629 τυχεῖν
293 2561 534 2624 ἀξιοῦντι
579 2558 832 2630 ἀδελφῷ.
886 2559 1162 2628 Ὠφέλειαν
1195 2559 1251 2612 δὲ
1286 2557 1592 2626 ἐγγίνεσθαι
1618 2557 1693 2627 τῷ

132 2648 174 2700 όν
189 2650 252 2702 δεῖ
266 2653 452 2723 τρόπον
483 2651 813 2722 εὐχομένω,
843 2651 877 2722 ἢ
906 2651 997 2704 ἐπὶ
1023 2649 1181 2703 τοῦτο
1209 2649 1350 2704 κατὰ
1380 2650 1440 2702 τὸ
1472 2647 1693 2702 δυνατὸν

129 2743 449 2816 ἐπειγομένῳ,
515 2741 823 2814 πολλαχῶς
883 2742 1121 2814 ἡγοῦμαι
1187 2741 1522 2810 συμϐαίνειν.
1585 2742 1695 2794 Καὶ

129 2833 300 2904 πρῶτόν
327 2854 387 2904 γε
421 2837 662 2900 πάντως
697 2834 880 2889 ὢνατό
905 2851 956 2887 τι
987 2835 1016 2886 ὁ
1043 2834 1177 2904 πρὸς
1201 2833 1262 2886 τὸ
1302 2831 1558 2899 εὔξασθαι
1581 2831 1692 2903 (72)

125 2923 270 2989 ταθεὶς
298 2927 436 2982 κατά
469 2929 572 2980 τὸν
605 2924 768 2989 νοῦν,
793 2923 862 2977 δι’
895 2924 1060 2995 αὐτῆς
1106 2925 1204 2994 τῆς
1243 2926 1301 2978 ὲν
1333 2923 1410 2994 τῷ
1442 2923 1692 2994 εὐχεσθαι

126 3019 468 3084 καταστάσεως
538 3017 666 3088 Θεῷ
723 3015 1066 3086 παρεστάναι
1114 3015 1304 3068 ἐαυτὸν
1359 3016 1452 3068 καὶ
1502 3014 1694 3087 ἐκείνῳ

121 3105 269 3184 λέγειν
290 3109 669 3182 σχηματίσας,
709 3108 790 3171 ὡς
815 3107 1077 3179 ἐφορῶντι
1112 3107 1204 3160 καὶ
1229 3107 1477 3178 παρόντι·
1503 3106 1692 3179 ὥσπερ

124 3197 207 3268 γὰρ
232 3201 281 3252 αἱ
303 3202 510 3254 τοιαίδε
547 3199 859 3270 φαντασίαι
891 3200 982 3251 καὶ
1015 3199 1366 3269 ὑπομνήσεις,
1406 3198 1572 3251 τῶνδέ
1605 3215 1689 3250 τι-

123 3306 205 3344 ww
231 3293 349 3363 περὶ
378 3292 452 3346 τὰ
481 3285 564 3347 ὧν
598 3290 902 3360 γεγόνασιν
935 3291 990 3343 αἱ
1019 3291 1373 3361 ὑπομνήσεις,
1412 3291 1692 3362 μολύνουσι

121 3382 219 3445 τοὺς
234 3383 528 3456 λογισμοὺς
560 3385 700 3448 τοὺς
739 3384 798 3435 ὲν
826 3382 1004 3435 ταῖσδε
1035 3385 1155 3445 ταῖς
1189 3383 1507 3452 φαντασίαις
1533 3399 1693 3451 γεγε-

119 3477 364 3547 νημένους·
421 3481 520 3534 τὸν
575 3478 753 3532 αὐτὸν
811 3477 1010 3549 τρόπον
1055 3477 1322 3540 πειστέον,
1379 3475 1694 3547 ὀνησιφόρον

120 3565 230 3624 εἶναι
265 3575 489 3644 μνήμην
529 3567 984 3637 πεπιστευμένου
1010 3567 1118 3638 (73)
1151 3566 1244 3620 τοῦ
1272 3567 1427 3632 Θεοῦ,
1463 3569 1558 3620 καὶ
1590 3583 1693 3622 κα-

117 3661 395 3727 τανοοῦντος
449 3661 527 3716 τὰ
563 3663 625 3713 ἐν
662 3659 750 3731 τῷ
797 3658 976 3728 ἀδύτῳ
1027 3659 1126 3730 τῆς
1177 3658 1352 3729 ψυχῆς
1397 3661 1690 3731 κινήματαο

119 3750 456 3823 ρυθμιζούσης
512 3750 731 3820 ἑαυτὴν
779 3747 1037 3817 ἀρέσκειν
1072 3748 1147 3812 ὼς
1183 3749 1411 3819 παρόντι
1446 3751 1539 3803 καὶ
1571 3752 1696 3804 ἐπο-

118 3840 336 3894 πτεύοντι
368 3842 468 3897 καὶ
513 3840 788 3910 φθάνοντι
814 3839 909 3891 ἐπὶ
948 3839 1126 3893 πάντα
1159 3839 1303 3903 νοῦν,
1338 3839 1416 3911 τῷ
1449 3841 1694 3904 ἐτάζοντι

116 3933 308 4003 καρδίας
339 3935 437 3988 καί
471 3931 782 4006 ἐρευνῶντι
816 3929 1067 4001 νεφρούς.
1122 3932 1239 3984 Ἵνα
1271 3932 1378 4004 γὰρ
1418 3933 1538 3986 καθ’
1562 3935 1696 3988 ὑπό-

119 4019 239 4075 θεσιν
271 4025 514 4096 μηδεμία
565 4023 652 4076 ἔτι
677 4020 836 4093 παρὰ
869 4021 1070 4092 ταύτην
1102 4023 1335 4092 ὠφέλεια
1367 4024 1586 4095 γένηται
1619 4023 1696 4095 τῷ

114 4116 488 4187 καταστήσαντι
517 4111 694 4167 αὐτοῦ
731 4112 826 4165 τὸν
858 4111 1117 4181 λογισμὸν
1148 4115 1228 4176 είς
1256 4114 1315 4166 τὸ
1341 4112 1611 4182 εὔχεσθαι,
1631 4115 1692 4168 οὐ

116 4200 165 4251 τὸ
189 4203 338 4272 τυχὸν
359 4201 654 4273 ἐννοητέον
674 4197 872 4252 λαϐεῖν
921 4199 1011 4254 τὸν
1038 4198 1208 4263 οὕτως
1233 4198 1473 4262 εὐλαὸὦς
1506 4199 1695 4252 ἐαυτὸν

114 4293 429 4364 ροθμίσαντα
473 4297 534 4348 ἐν
569 4292 654 4364 τῷ
681 4292 788 4362 τῆς
839 4291 1004 4361 εὐχῆς
1031 4289 1224 4362 καιρῷ.
1262 4290 1431 4343 Τοῦτο
1452 4290 1510 4343 δὲ
1546 4290 1693 4359 γινό-

117 4400 256 4452 μενον
299 4387 561 4449 πολλάκις
611 4385 761 4437 ὅσων
810 4381 1100 4451 ἀφίστησιν
1134 4380 1564 4451 ἁμαρτημάτων,
1600 4381 1695 4434 καὶ

1780 570 1957 632 potest
1981 563 2220 615 immissa
2247 561 2458 630 species
2484 561 2552 617 ah
2579 576 2646 617 eo
2677 576 2840 621 cursu
2869 561 2962 630 qui
2990 563 3190 618 mundo
3210 563 3358 618 utilis

1778 664 1863 709 est
1890 664 2134 708 avertere
2159 670 2223 709 ac
2253 652 2574 708 dimovere?
2617 668 2739 708 cum
2772 653 2984 724 singula
3019 655 3183 708 etiam
3220 655 3359 710 citra

1779 746 2038 800 harumce
2077 747 2377 816 specierum
2425 761 2645 800 causam
2692 745 2956 814 ejusmodi
2994 747 3228 801 animam
3262 747 3358 798 ha-

1783 836 1946 890 beant
1992 837 2205 890 ratione
2259 837 2637 906 compositam,
2697 845 2752 891 et
2804 835 3068 906 ejusmodi
3131 851 3360 906 corpore

1781 926 2015 982 atthereo
2038 929 2437 999 purissimoque
2474 939 2721 984 utantur.

1851 1017 1905 1072 8.
1959 1017 2229 1073 Prmterea
2275 1034 2380 1072 non
2437 1021 2732 1073 absurdum
2780 1019 2887 1073 erit
2939 1019 3013 1073 uti
3051 1017 3357 1088 hujusmodi

1784 1108 2016 1174 quodam
2048 1107 2296 1176 exemplo
2323 1116 2384 1160 ut
2416 1108 2664 1162 homines
2697 1111 2762 1161 ad
2809 1110 3074 1163 orandum
3115 1107 3360 1176 impella-

1787 1211 1925 1260 nttts,
1956 1205 2010 1250 ct
2038 1206 2347 1252 avertamus
2375 1197 2441 1249 ab
2463 1198 2713 1251 oratione
2738 1199 3081 1268 negligenda.
3107 1197 3175 1253 Ut
3199 1196 3357 1252 liberi

1785 1288 2061 1357 procreari
2092 1302 2196 1340 non
2230 1288 2390 1356 210
2430 1297 2658 1355 possunt
2712 1287 2814 1341 nisi
2855 1289 3098 1341 adhibita
3131 1288 3358 1342 muliere

1787 1393 1958 1447 eoque
2000 1389 2122 1433 actn
2170 1380 2261 1446 qui
2299 1379 2363 1432 ad
2401 1394 2518 1432 eam
2553 1394 2667 1433 rem
2699 1378 2851 1432 utilis
2879 1389 2995 1445 est;
3029 1378 3108 1432 sic
3140 1377 3228 1430 ille
3253 1378 3357 1432 ali-

1789 1470 1910 1539 quis
1940 1469 2052 1523 ltzec
2086 1468 2169 1522 vel
2207 1469 2294 1522 illa
2323 1485 2429 1523 non
2459 1466 2688 1538 accipiet
2735 1468 2834 1521 nisi
2882 1468 2962 1522 sic
2990 1469 3227 1521 oraverit
3256 1470 3360 1524 hoc
3424 1467 3426 1471 ’

1791 1559 2014 1616 all'ectus
2041 1560 2223 1626 modo,
2253 1561 2354 1615 hac
2383 1561 2505 1626 ﬁde,
2534 1569 2582 1614 et
2615 1561 2714 1616 nisi
2741 1561 2882 1614 hanc
2907 1569 3032 1614 ante
3060 1561 3358 1615 orationem

1792 1653 1958 1706 vitam
1983 1651 2220 1705 duxerit.
2253 1651 2440 1720 Itaque
2471 1665 2575 1706 non
2620 1659 2702 1705 est
2750 1651 2976 1704 multum
3012 1650 3358 1720 loquendum,

1794 1757 1900 1796 non
1933 1742 2124 1808 exigua
2151 1743 2406 1809 petenda,
2438 1757 2534 1796 nec
2566 1743 2630 1795 de
2656 1743 2887 1797 terrenis
2915 1744 3232 1812 rogandum,
3261 1757 3362 1797 nec

1790 1847 1912 1887 cum
1947 1833 2024 1886 ira
2061 1841 2153 1886 aut
2198 1834 2380 1886 animo
2430 1832 2749 1900 perturbato
2783 1833 2846 1885 ad
2881 1833 3177 1886 orationem
3207 1846 3361 1886 acce-

1792 1922 2048 1977 dendum.
2094 1922 2198 1976 Sed
2251 1939 2424 1993 neque
2471 1923 2588 1975 sine
2634 1923 2871 1992 puritate
2903 1922 3203 1992 intelligere
3235 1923 3361 1976 licet

1793 2013 2062 2082 quomodo
2091 2013 2214 2082 quis
2245 2014 2481 2068 orationi
2516 2028 2710 2068 vacare
2741 2013 2934 2082 possit,
2967 2029 3066 2066 nec
3089 2013 3362 2067 remissio-

1792 2119 1915 2156 nem
1943 2113 2291 2172 peccatorum
2315 2113 2492 2171 potest
2513 2120 2675 2158 orans
2702 2103 2957 2173 consequi
2984 2103 3084 2157 nisi
3109 2117 3170 2155 ex
3198 2106 3362 2157 cordo

1791 2196 2065 2252 remiserit
2100 2197 2259 2249 fratri
2309 2197 2471 2251 illata:
2530 2197 2743 2250 veniam
2790 2197 3001 2265 injuria:
3045 2196 3358 2265 postulanti.

1791 2285 1906 2342 Jam
1943 2289 2087 2355 quod
2116 2296 2364 2341 orantem
2397 2303 2460 2340 eo
2495 2303 2603 2356 quo
2644 2295 2857 2357 oportet
2896 2289 3054 2340 modo
3096 2286 3175 2340 vel
3203 2288 3266 2340 ad
3311 2289 3362 2342 id

1791 2392 1892 2448 pro
1940 2378 2146 2432 viribus
2190 2388 2568 2448 properantem
2615 2378 2854 2446 adjuvet,
2902 2379 3086 2432 multis
3128 2379 3363 2433 arbitror

1793 2471 1969 2525 modis
1999 2471 2218 2525 evenire
2269 2485 2447 2541 posse.
2495 2471 2574 2525 Ac
2622 2473 2853 2540 primum
2900 2472 3113 2539 quidem
3141 2471 3365 2525 omnino

1791 2561 1925 2616 utile
1968 2563 2073 2616 erit
2111 2563 2154 2622 si
2193 2564 2316 2632 quis
2346 2563 2412 2616 ad
2445 2563 2708 2617 orandum
2739 2572 2916 2616 mente
2958 2566 3218 2626 intentus,
3269 2576 3364 2628 per

1793 2656 1966 2724 ipsum
2001 2671 2159 2725 quem
2204 2657 2347 2712 inter
2381 2657 2648 2710 orandum
2682 2657 2899 2712 habebit
2935 2666 3137 2712 statum
3184 2658 3253 2710 ita
3305 2672 3364 2712 se

1791 2747 2157 2818 composuerit
2183 2748 2341 2816 quasi
2363 2747 2453 2816 qui
2489 2748 2598 2800 Deo
2631 2757 2773 2802 astet
2805 2758 2998 2802 etcum
3035 2749 3150 2815 ipso
3179 2751 3365 2816 loqua-

1791 2844 1878 2891 tur
1906 2847 2158 2906 tanquam
2198 2837 2518 2907 inspiciente
2562 2853 2626 2892 ac
2674 2848 2963 2908 prmsente.
3017 2838 3168 2892 Sicut
3215 2837 3360 2890 enint

1792 2935 1951 2982 certa:
1987 2929 2228 2996 quaedam
2269 2929 2532 2998 imagines
2583 2945 2760 2982 rerum
2819 2931 3078 2984 memoria
3123 2929 3364 2996 repetitae

1791 3033 1884 3072 eas
1913 3018 2202 3087 inquinant
2223 3021 2586 3088 cogitationes
2614 3035 2733 3089 quae
2761 3019 3080 3074 oboriuntur
3107 3035 3226 3074 cum
3261 3019 3364 3072 illa;

1718 3151 1764 3214 Ο
1794 3109 2001 3177 species
2032 3110 2215 3165 animo
2259 3111 2642 3176 obversantur,
2684 3112 2871 3164 eodem
2917 3109 3075 3164 modo
3104 3109 3364 3164 credibile

1795 3211 1880 3257 est
1913 3203 2095 3257 utilem
2131 3219 2254 3260 esse
2297 3205 2722 3260 recordationem
2761 3204 2852 3258 Dei
2881 3204 2970 3274 qui
2997 3218 3234 3272 praesens
3259 3213 3363 3265 est,

1794 3291 1997 3360 quique
2032 3301 2210 3346 motus
2233 3294 2648 3348 animteomnes
2675 3295 2842 3348 etiam
2871 3294 3243 3364 penitissimos
3271 3294 3367 3347 de-

1793 3382 2078 3451 prehendit
2107 3401 2121 3439 :
2152 3383 2276 3436 dum
2310 3399 2368 3437 se
2409 3384 2496 3438 illa
2529 3385 2826 3456 componit,
2859 3394 2918 3438 ut
2953 3395 3207 3453 tanquam
3236 3397 3368 3452 pra:-

1794 3473 1956 3538 settti,
1979 3473 2310 3541 inspicienli,
2336 3483 2390 3529 et
2414 3476 2480 3529 ad
2507 3490 2722 3530 omnem
2755 3487 2990 3530 mentem
3026 3473 3366 3540 pervettienti

1794 3563 2001 3632 placeat
2034 3564 2082 3617 ei
2116 3564 2210 3633 qni
2243 3565 2518 3618 examinat
2560 3567 2723 3619 corda
2767 3575 2822 3621 et
2865 3574 3141 3619 scrutatur
3182 3579 3364 3621 rencs.

1795 3651 1868 3708 Ut
1891 3653 2033 3706 enim
2059 3668 2428 3724 snpponamus
2453 3656 2654 3709 nullam
2687 3656 2844 3709 aliam
2873 3657 3368 3712 ntilitatemacces-

1794 3755 1976 3796 suram
2008 3743 2054 3798 ei
2085 3744 2176 3813 qui
2203 3745 2282 3799 sic
2311 3754 2542 3800 mentem
2563 3745 2626 3798 ad
2653 3746 2955 3801 orationem
2978 3747 3365 3816 composuerit,

1794 3847 1900 3886 non
1935 3835 2204 3889 modicum
2245 3835 2488 3889 fructum
2522 3851 2723 3905 capere
2757 3838 3138 3906 intelligendus
3167 3848 3249 3892 est
3272 3839 3366 3905 qui

1796 3922 1912 3991 ipso
1933 3925 2197 3980 orationis
2232 3934 2475 3996 tempore
2515 3927 2590 3981 ita
2624 3941 2682 3980 se
2716 3927 2802 3995 pie
2835 3929 3224 3996 composuerit.
3255 3927 3368 3984 Hoc

1793 4030 1925 4070 vero
1947 4019 1990 4070 si
2023 4016 2339 4086 frequenter
2367 4019 2485 4083 ﬁat,
2511 4027 2643 4088 quot
2670 4035 2698 4072 a
2725 4019 2962 4088 peccatis
2986 4028 3215 4083 avertat,
3238 4029 3369 4088 quot

1796 4108 1862 4160 ad
1898 4106 2130 4162 virtutes
2159 4108 2420 4177 impellat,
2454 4110 2789 4176 experientia
2821 4120 3018 4164 norunt
3053 4110 3088 4162 ii
3123 4110 3213 4178 qui
3244 4124 3370 4162 ora-

1796 4197 1926 4253 tioni
1959 4214 2018 4254 se
2048 4199 2262 4254 assidue
2289 4199 2634 4256 dediderunt.
2663 4201 2721 4254 Si
2751 4200 2897 4255 enim
2919 4201 3126 4254 cordati
3151 4200 3368 4267 sapien-

1796 4287 1974 4357 tisque
2009 4289 2107 4343 viri
2150 4291 2427 4344 recordari
2458 4289 2683 4361 ejusque
2716 4293 2952 4361 speciem
2980 4300 3160 4346 mente
3190 4291 3367 4344 revol-

1796 4393 1942 4445 vere,
1975 4380 2319 4435 aemulatione
2349 4395 2447 4435 nos
2471 4391 2751 4451 provocat,
2777 4391 3101 4449 nostrosque
3132 4381 3184 4441 in
3220 4381 3370 4434 dete-

112 4475 184 4542 ἐφ’
208 4477 305 4529 ὅσα
334 4478 487 4547 φέρει
521 4475 640 4528 τῶν
682 4471 1152 4542 κατορθωμάτων,
1189 4472 1337 4524 ἴσασι
1366 4474 1430 4541 τῇ
1455 4470 1618 4543 πείρα
1644 4473 1691 4523 οἱ

1798 4467 1942 4521 riora
1986 4469 2221 4538 impetus
2273 4483 2416 4538 saepe
2462 4472 2705 4524 retardat
2741 4488 2756 4525 :
2787 4477 2991 4540 quanto
3046 4467 3217 4534 magis
3271 4465 3368 4521 Dei

117 4566 476 4637 συνεχέστερον
508 4565 592 4636 τῷ
629 4561 893 4633 εὓχεσθαι
936 4562 1160 4625 ἑαυτοὺς
1196 4561 1597 4624 ἐπιδεδωκότες.
1629 4561 1692 4613 Ei

111 4652 205 4725 γάρ
252 4655 555 4727 ὑπόμνησις
610 4646 714 4706 καὶ
777 4649 1112 4720 άναπόλησις
1174 4649 1456 4720 ἐλλογίμου
1505 4649 1695 4720 ἀνδρὸς

114 4745 196 4796 καὶ
217 4746 562 4816 ὠφελημένου
599 4746 664 4798 ἐν
702 4741 893 4812 σοφίᾳ,
914 4739 1006 4792 ἐπὶ
1029 4739 1184 4810 ζῆλον
1210 4742 1356 4811 ἡμᾶς
1376 4739 1538 4793 αὐτοῦ
1562 4757 1697 4811 προ-

1799 4562 2040 4615 omnium
2079 4563 2321 4631 parentis
2343 4563 2579 4617 orationi
2614 4562 2902 4631 conjuncta
2933 4560 3240 4615 recordatio
3273 4573 3369 4613 eos

1801 4653 2016 4720 adjuvat
2069 4655 2160 4723 qui
2205 4655 2306 4708 sibi
2351 4664 2738 4724 persuaserunt
2767 4653 3023 4724 prmsenti
3059 4667 3120 4708 se
3163 4667 3225 4708 ac
3266 4666 3366 4706 au-

1805 4745 1968 4798 dienti
2003 4745 2110 4799 Deo
2140 4756 2192 4800 et
2221 4755 2400 4801 astare
2428 4754 2482 4800 et
2509 4746 2673 4815 loqui.

114 4837 359 4900 καλεῖται,
401 4839 494 4891 καὶ
541 4834 819 4896 πολλάκις
861 4830 1138 4902 ἐμποδίζει
1177 4831 1350 4901 ὁρμάς
1377 4831 1476 4893 τὰς
1513 4833 1604 4882 ἐπὶ
1644 4833 1704 4884 τὸ
1741 4837 1942 4906 χεῖρονο
1979 4836 2130 4905 πόσῳ
2174 4837 2334 4890 πλέον
2384 4835 2518 4889 Θεοῦ
2550 4835 2641 4889 τοῦ
2674 4834 2781 4888 τῶν
2814 4834 2949 4888 ὅλων
2979 4832 3192 4906 Πατρδς
3231 4828 3365 4884 unde

117 4945 299 4999 μνησις
333 4931 466 5000 μετὰ
494 4932 598 5002 τῆς
645 4928 793 4998 πρὸς
837 4925 997 4978 αὐτὸν
1039 4925 1201 4996 εὐχῆς
1250 4925 1456 4996 ὀνίνησι
1493 4925 1619 4989 τούς
1670 4927 1960 4994 πείσαντας
2011 4932 2253 4997 ἑαυτοὺς,
2295 4933 2377 4987 ὃτι
2417 4932 2641 5004 παρόντι
2680 4933 2775 4985 καὶ
2806 4929 3054 4985 ἀκούοντι
3089 4927 3364 4999 παρεστή-

114 5036 235 5074 κασι
267 5023 357 5076 καὶ
384 5024 604 5092 λέγουσι
641 5019 804 5090 Θεῷ.

177 5117 655 5172 Κατασκευαστέον
689 5116 753 5168 δὲ
785 5113 896 5168 ἀπὸ
929 5113 1034 5167 τῶν
1067 5113 1222 5168 θείων
1251 5115 1483 5184 Γραφῶν
1514 5115 1580 5169 τά
1613 5117 1692 5168 εί-

113 5205 334 5271 ρημένα,
371 5209 557 5262 τοῦτον
593 5209 695 5260 τὸν
745 5204 981 5275 τρόπον·
1019 5205 1264 5275 ἐπαίρειν
1296 5204 1377 5257 δεῖ
1401 5205 1551 5269 ὁσίας
1583 5206 1692 5279 (74)

111 5295 295 5362 χεῖρας
332 5298 416 5351 τὸν
461 5301 796 5370 εὐχόμενον,
832 5294 920 5348 διὰ
951 5293 1045 5347 τοῦ
1080 5295 1299 5365 ἀφιέναι
1344 5296 1556 5366 ἑκάστῳ
1587 5295 1696 5349 τῶν

178 5473 622 5549 (ἴω-Ἕκαστον
664 5475 1135 5549 τῶν-τοιαύτην.
1176 5477 1320 5532 idem
1365 5479 1526 5549 legit,
1562 5481 1692 5534 ἐκά-

117 5557 248 5624 σῗου
265 5545 424 5624 αὐτῶν
446 5549 739 5619 τοιαύτην.
783 5546 952 5600 Paulo
982 5545 1100 5618 poSt
1123 5547 1267 5619 lego,
1295 5549 1390 5602 καὶ
1415 5545 1564 5620 παρὰ
1595 5550 1691 5621 τὴν

115 5618 288 5664 αὐτῶν
310 5618 496 5671 αἰτίαν.
671 5618 674 5619 ⁷
1078 5645 1080 5648 ν

181 5682 295 5822 (7i;
335 5687 446 5753 Τὴν
474 5687 699 5757 εὐχήν.
729 5685 879 5738 Idem
910 5685 1056 5754 legit,
1075 5688 1172 5759 τῆς
1191 5688 1376 5758 εὐχῆς.

187 5753 278 5821 (Ἱῖ
329 5758 476 5822 Πρὸς
509 5760 576 5814 τὸ
613 5757 940 5821 εὔξασθαι.
962 5757 1108 5822 Legit
1127 5763 1376 5818 Bentleiu:

187 5753 294 5822 (τῖ)
329 5758 476 5826 Πρὸς
509 5753 585 5814 τό
613 5753 940 5821 εὔξασθαι.
962 5757 1108 5833 Legit
1127 5753 1420 5827 Bentleius,
1450 5759 1583 5828 πρὸς
1617 5758 1690 5828 τῷ

1865 5115 1918 5171 9.
1946 5114 2144 5169 Verum
2178 5127 2241 5168 ea
2288 5129 2410 5184 quae
2451 5114 2592 5168 dicta
2640 5123 2784 5179 sunt,
2825 5113 3024 5168 divinis
3067 5111 3366 5182 Scripturis

1797 5206 2077 5275 probanda
2109 5213 2234 5259 sunt
2264 5206 2369 5260 hoc
2408 5206 2567 5259 modo
2599 5220 2612 5256 :
2639 5213 2855 5273 oportet
2895 5212 3139 5258 orantem
3184 5203 3367 5259 levare

1796 5311 1959 5366 puras
1986 5311 2201 5362 manus,
2220 5285 2470 5367 acce'ptas
2491 5296 2745 5351 omnibus
2765 5294 2993 5365 injurias
3014 5293 3364 5358 remittendo,

1798 5473 2457 5543 ebgaaeatﬁcribendum
2495 5473 2616 5529 aliis
2653 5475 2886 5540 videtur,
2938 5471 3046 5542 πρὸ
3077 5472 3170 5526 τοῦ
3205 5471 3365 5540 εύεαο

1800 5547 1981 5687 σθῗὲὲ)
2018 5614 2520 5685 Πεπιστευμένου.
2552 5614 2860 5685 Legendum
2886 5616 3095 5675 videtur
3112 5593 3374 5685 Bentleio,

1799 5687 2160 5757 ἐφισταμένου
2187 5687 2267 5739 vel
2281 5687 2678 5757 ἐπισταμένου.

1871 5754 2010 5826 (τι)
2039 5757 2250 5820 Όσίας.
2280 5754 2482 5810 Textus
2513 5756 2772 5821 vulgatus,
2799 5755 2998 5818 ὁσίους.
