3954 6414
567 355 671 413 μδ

2033 346 2355 403 ORIGENIS

3708 352 3807 406 ’Μᾶ

566 481 892 537 omnemque
919 483 983 522 ex
1021 465 1204 520 animo
1237 463 1311 520 ita
1352 462 1817 533 perturbationem
1850 462 2136 532 ejiciendo,

2249 465 2320 526 είς
2372 462 2533 517 αὐτὸν
2574 463 3137 535 πεπλημμεληκότων,
3192 462 3253 516 τὸ
3294 462 3391 534 τῆς
3435 464 3603 536 ὀργῆς
3652 464 3808 531 πάθος

568 574 632 619 ιιι
656 560 855 616 nemini
886 558 956 612 sit
987 557 1179 611 iratus.
1226 554 1357 610 Item
1404 570 1471 609 ne
1505 554 1697 610 alienis
1722 554 2143 625 cogitationibus

571 668 726 707 mens
758 647 1095 707 obfuscetur,
1131 653 1348 714 Oportet
1379 645 1650 700 orationis
1684 656 1925 715 tempore
1954 661 2142 701 eorum

567 742 809 797 omnium
832 735 1080 794 oblivisci
1104 750 1224 805 qua;
1246 736 1313 789 ab
1338 737 1584 791 oratione
1610 737 1785 793 aliena
1803 750 1947 794 sunt.
1972 738 2141 806 Quem

570 832 739 886 animi
780 840 977 885 statum
1020 827 1145 896 quis
1172 827 1329 896 211
1360 826 1569 882 dubitet
1599 829 1968 884 felicissimum
1996 844 2140 896 esse,

570 922 814 977 utdocet
844 918 1038 974 Paulus
1082 919 1135 972 in
1166 918 1339 988 prima
1383 919 1449 973 ad
1494 919 1843 975 Timotheum
1897 920 2141 990 Epistola

570 1017 757 1069 dicens
788 1031 802 1068 :
848 1012 976 1067 Volo
1005 1028 1126 1083 ergo
1158 1013 1294 1066 viros
1325 1028 1481 1067 orare
1511 1015 1564 1067 in
1594 1014 1891 1080 omniloco,
1918 1015 2142 1070 levantes

568 1123 734 1177 puras
764 1121 954 1159 manus
985 1106 1098 1160 sine
1128 1105 1209 1157 ira
1253 1115 1301 1158 et
1334 1106 1713 1175 disceptatione
1737 1107 1807 1160 ⁵⁸.
1858 1107 2140 1163 Mulierem

571 1208 856 1267 przeterea,
883 1197 1119 1251 maxime
1148 1212 1271 1250 cum
1299 1205 1453 1259 orat,
1505 1207 1721 1265 oportet
1776 1201 2141 1266 compositam

568 1301 626 1345 et
647 1300 897 1346 ornatam
928 1306 1049 1345 esse
1078 1290 1260 1344 animo
1290 1300 1344 1344 et
1376 1304 1627 1359 corpore,
1653 1302 1837 1360 atque,
1872 1292 2143 1361 imprimis

570 1396 695 1436 cum
710 1390 852 1447 orat,
880 1380 1046 1435 Deum
1076 1380 1336 1445 revereri,
1362 1395 1425 1435 ac
1447 1395 1659 1436 omnem
1695 1382 2142 1452 intemperantem

572 1468 1002 1538 muliebremque
1035 1470 1468 1525 recordationem
1507 1484 1577 1523 ex
1626 1470 1825 1525 anima:
1866 1472 2141 1540 praecipua

572 1567 728 1626 parte
759 1558 1071 1627 expellere;
1100 1560 1283 1613 ornari
1308 1573 1437 1613 vero
1470 1572 1577 1613 non
1611 1560 1661 1613 in
1708 1561 1865 1616 tortis
1903 1553 2143 1616 crinibus

570 1657 625 1704 et
654 1664 787 1703 auro
811 1663 865 1704 et
901 1651 1217 1721 margaritis
1240 1660 1335 1705 aut
1364 1660 1515 1707 veste
1538 1653 1797 1721 pretiosa,
1829 1652 1923 1707 sed
1948 1652 2143 1722 quibus

572 1742 729 1795 decet
785 1740 1071 1796 mulierem
1124 1743 1382 1810 pietatem
1454 1745 1859 1812 promittentem
1926 1744 2137 1797 ornari.

2246 554 2645 625 ὲξαφανίσαντα
2675 555 2782 609 ἀπὸ
2816 556 2915 627 τῆς
2953 555 3132 626 ψυχῆς
3172 556 3264 608 καὶ
3311 556 3498 627 μηδενὶ
3547 555 3811 628 θυμούμει

2245 661 2335 699 νον
2353 662 2367 676 ο
2404 644 2565 699 πάλιν
2595 662 2654 698 τε
2685 645 2765 698 δεῖ
2788 647 2926 717 ὑπὲρ
2956 646 3051 698 τοῦ
3080 645 3157 717 μὴ
3182 645 3557 700 ὲπιθολοῦσθαι
3586 646 3682 700 τὸν
3701 646 3811 700 νοῦν

2247 737 2352 790 ὑπὸ
2382 737 2583 807 ἐτέρων
2624 736 2919 808 λογισμῶν,
2944 740 3163 793 πάντων
3200 738 3547 808 ἐπιλελῆσθαι
3578 738 3690 791 τῶν
3720 737 3816 803 ἔξω

2244 829 2343 898 τῆς
2370 829 2535 899 εὐχῆς
2562 827 2703 881 κατὰ
2725 830 2816 882 τὸν
2838 831 3024 901 καιρὸν
3044 832 3102 883 ὲν
3130 824 3173 898 ᾧ
3196 848 3279 893 τις
3307 829 3541 901 εὔχεται.
3569 830 3816 884 Τοιοῦτον

2244 922 2300 975 δὲ
2335 918 2497 986 εἶναι,
2532 921 2647 985 πῶς
2683 923 2782 974 οὑκ
2820 921 2931 974 έστι
2972 920 3411 992 μακαριώτατον,
3465 921 3541 984 ὼς
3576 921 3815 974 διδάσκει

2246 1010 2457 1075 Παῦλος
2488 1012 2546 1065 ὲν
2576 1014 2642 1083 τῇ
2678 1017 2917 1083 προτέρᾳ
2957 1012 3095 1084 πρὸς
3128 1012 3419 1082 Τιμόθεον,
3454 1012 3649 1081 λέγων·
3677 1012 3823 1065 Βού-

2244 1106 2421 1172 λομαι
2468 1098 2582 1158 οὖν
2628 1104 3070 1172 προσεύχεσθαι
3106 1102 3246 1169 τοὺς
3269 1103 3492 1171 ἄνδρας
3535 1103 3606 1157 ἐν
3647 1101 3824 1156 παντὶ

2244 1195 2423 1259 τόπῳ,
2436 1194 2793 1263 ἐπαίροντας
2805 1195 2979 1261 ὁσίας
2992 1195 3101 1265 (75)
3116 1194 3317 1264 χεῖρας
3331 1195 3511 1264 χωρὶς
3527 1193 3714 1264 ὀργῆς
3730 1194 3825 1247 καὶ

2244 1286 2668 1356 διαλογισμῶν.
2712 1286 2871 1339 Ἀλλὰ
2900 1287 3037 1358 πρὸς
3060 1287 3269 1349 τούτοις
3293 1286 3393 1355 τὴν
3432 1288 3673 1353 γυναῖκα
3720 1286 3825 1357 χρὴ

2245 1379 2409 1448 ἔχειν,
2441 1377 2674 1448 μάλιστα
2716 1378 3034 1449 εὐχομένην,
3064 1377 3126 1431 τὸ
3151 1376 3581 1447 κατεσταλμένον
3628 1378 3724 1430 καί
3766 1375 3829 1430 τὸ

2245 1471 2469 1542 κόσμιον
2496 1469 2639 1541 ψυχῇ
2669 1470 2765 1523 καὶ
2789 1470 3019 1542 σώματι,
3043 1469 3260 1523 πάντων
3293 1468 3495 1540 μᾶλλον
3528 1468 3828 1540 ἐξαιρέτως

2245 1564 2339 1615 καὶ
2363 1566 2451 1617 ὅτε
2480 1562 2696 1633 εὔχεται
2726 1562 3046 1633 αἰδουμένην
3069 1562 3160 1615 τὸν
3184 1561 3315 1614 Θεὸν
3348 1560 3441 1615 καὶ
3474 1562 3659 1613 πᾶσαν
3693 1559 3826 1613 ἀκό-

2245 1652 2438 1705 λαστον
2468 1655 2561 1706 καὶ
2588 1652 2904 1721 γυναικείαν
2930 1653 3234 1723 ὑπόμνησιν
3265 1651 3585 1722 ὲξορίσασαν
3612 1650 3826 1704 ἀπὸτοῦ

2248 1743 2599 1815 ἡγεμονικοῦ,
2632 1742 2726 1796 καὶ
2759 1744 3181 1815 κεκοσμημένην
3207 1744 3307 1796 οὐκ
3333 1744 3390 1797 ὲν
3424 1744 3707 1813 πλέγμασι
3734 1745 3829 1797 καὶ

572 1830 739 1886 Miror
766 1844 948 1887 autem
980 1834 1023 1887 si
1053 1833 1179 1902 quis
1205 1833 1415 1889 dubitet
1444 1836 1658 1890 beatam
1689 1834 1775 1889 vel
1805 1850 1871 1890 ex
1901 1834 1995 1889 illa
2022 1835 2140 1890 sola

2250 1834 2432 1907 χρυσῷ
2474 1836 2508 1906 ἢ
2549 1832 2978 1905 μαργαρίταιςῆ
3023 1834 3301 1906 ἱματισμῷ
3343 1834 3658 1901 πολυτελεῖ,
3714 1834 3831 1887 ἀλλ’

572 1922 779 1979 mentis
813 1924 1128 1980 habitudine
1161 1927 1457 1995 praedicare
1484 1926 1771 1983 mulierem
1809 1944 1930 1999 qua)
1960 1942 2018 1983 se
2062 1938 2143 1982 ta-

574 2017 676 2070 lem
700 2016 766 2071 ad
794 2018 1097 2090 orationem
1132 2019 1447 2074 exhibuerit
1478 2037 1491 2074 :
1517 2021 1660 2088 quod
1696 2021 1750 2075 in
1795 2022 1985 2076 eadem
2015 2022 2143 2091 Epi--

572 2107 715 2161 Stola
738 2107 1138 2163 docuitPaulus
1160 2108 1247 2163 his
1274 2107 1458 2163 verbis
1488 2123 1502 2161 :
1538 2108 1796 2162 Similiter
1828 2120 1875 2163 et
1901 2110 2143 2163 mulieres

573 2199 630 2252 in
669 2199 851 2251 habitu
896 2208 1084 2252 ornato
1116 2215 1235 2252 cum
1274 2200 1584 2254 verecundia
1628 2209 1675 2254 et
1721 2200 2005 2254 sobrietate
2052 2216 2144 2253 or-

573 2300 756 2343 uantes
785 2306 858 2356 se,
884 2306 985 2343 non
1021 2291 1073 2343 in
1110 2292 1259 2344 tortis
1279 2291 1513 2345 crinibus
1545 2301 1637 2344 aut
1668 2307 1801 2344 auro
1842 2300 1891 2345 et
1930 2308 2143 2361 marga-

578 2379 694 2431 ritis
724 2389 769 2432 et
798 2389 936 2433 veste
961 2381 1188 2448 pretiosa
1212 2397 1231 2445 ;
1268 2380 1358 2435 sed
1387 2381 1527 2450 quod
1560 2381 1705 2435 decet
1741 2382 1989 2436 mulieres
2021 2399 2146 2451 pro-

570 2470 831 2524 mittentes
862 2470 1106 2538 pietatem
1138 2488 1231 2541 per
1253 2472 1389 2527 bona
1420 2488 1578 2542 opera
1598 2473 1665 2528 ⁸⁸.
1704 2471 1844 2540 Quin
1886 2482 1943 2530 et
1976 2474 2144 2530 David

573 2564 839 2632 propheta
872 2563 1039 2617 multa
1078 2564 1185 2618 alia
1240 2552 1376 2620 dicit
1414 2565 1621 2619 habere
1661 2574 1913 2620 sanctum
1963 2569 2142 2623 virum

570 2661 819 2708 orantem
845 2671 860 2708 :
886 2668 1006 2723 quae
1032 2668 1139 2709 non
1164 2654 1475 2725 importune
1502 2671 1861 2727 apponemus,
1891 2672 2004 2728 quo
2028 2676 2146 2714 ma-

570 2745 653 2813 gis
683 2754 945 2815 appareat
972 2746 1296 2803 utilissimus
1320 2762 1465 2817 esse,
1512 2750 1600 2806 vel
1648 2751 1696 2807 si
1748 2752 1899 2807 solus
1952 2753 2145 2808 adesse

570 2834 924 2907 intelligatur,
956 2838 1171 2895 habitus
1194 2850 1252 2895 et
1281 2842 1348 2896 ad
1372 2842 1641 2897 orandum
1670 2852 1969 2913 apparatus
1998 2842 2145 2899 illius

569 2926 663 2994 qui
696 2941 754 2981 se
784 2938 954 2983 totum
988 2929 1100 2985 Deo
1136 2932 1495 2987 commiserit.
1536 2932 1629 2985 Ait
1664 2946 1795 3002 ergo
1830 2952 1845 2988 :
1884 2932 1966 2986 Ad
1996 2942 2045 2987 te
2071 2933 2147 2987 le-

568 3019 684 3073 uari
719 3020 897 3074 oculos
940 3038 1081 3076 meos
1111 3023 1202 3092 qui
1232 3024 1444 3077 habitas
1478 3024 1534 3078 in
1558 3024 1718 3077 melis
1735 3025 1816 3089 ";
1847 3033 1902 3077 et
1980 3024 2063 3076 Ad
2098 3034 2145 3077 te

2246 1924 2327 1991 οἷς
2352 1929 2559 2000 πρέπον
2585 1928 2696 1998 (76)
2722 1928 2839 1980 ἐστὶ
2864 1927 3235 1999 κεκοσμῆσθαι
3263 1930 3496 1996 γυναῖκα
3518 1927 3834 1982 θεοσέϐειαν

2249 2020 2743 2092 ὲπαγγελλομένην.
2770 2019 3047 2091 Θαυμάςω
3077 2019 3134 2073 δὲ
3171 2021 3217 2072 εί
3244 2018 3487 2085 διατάξαι
3512 2035 3598 2082 τις
3628 2018 3694 2072 ἂν
3728 2035 3835 2090 μα-

2246 2113 2443 2184 καρίαν
2464 2113 2527 2165 ἐκ
2560 2113 2727 2183 μόνης
2749 2112 2848 2182 τῆς
2869 2110 3123 2183 τοιαύτης
3146 2109 3530 2174 καταστάσεως
3554 2110 3836 2181 ἀποφήνα-

2249 2205 2370 2259 σθαι
2406 2205 2504 2275 τὴν
2534 2206 2613 2265 εἰς
2637 2203 2697 2255 τὺ
2724 2201 2974 2273 εὕχεσθαι
3006 2200 3262 2273 τοιαύτην
3304 2200 3503 2272 ἑαυτὴν
3544 2202 3835 2271 παραστή-

2249 2294 2526 2359 σασαν,ὡς
2556 2293 2789 2361 ἐδίδαξεν
2818 2297 2874 2347 ἐν
2899 2297 2962 2365 τῇ
2995 2295 3129 2366 αὐτῇ
3149 2294 3431 2366 Ἐπιστολῇ
3453 2297 3482 2348 ὁ
3501 2294 3716 2357 Παῦλος
3739 2293 3833 2347 λέ·-

2248 2399 2380 2453 γωνο
2459 2384 2765 2450 Γυναῖκας
2835 2384 3119 2451 ὡσαύτως
3171 2385 3241 2438 ἐν
3301 2382 3657 2453 καταστολῇ
3731 2402 3835 2437 κο-

2247 2476 2437 2543 σμίως
2481 2473 2592 2544 (77)
2605 2473 2754 2542 μετὰ
2780 2473 2986 2539 αἰδοῦς
3010 2472 3108 2526 καὶ
3136 2474 3535 2543 σωφροσύνης
3579 2471 3838 2542 κοσμεῖν

2246 2565 2483 2633 ἑαυτάς·
2509 2565 2594 2636 μὴ
2621 2567 2691 2619 ὲν
2716 2567 3038 2637 πλέγμασι,
3070 2566 3168 2620 καὶ
3200 2564 3437 2636 χρυσῷ,
3478 2565 3518 2633 ἢ
3543 2564 3838 2634 μαργαρί-

2245 2677 2395 2724 ταις,
2426 2658 2464 2727 ἢ
2501 2656 2791 2727 ἱματισμῷ
2834 2656 3173 2711 πολυτελεῖ·
3220 2658 3358 2712 ἀλλ’
3389 2658 3422 2712 ὃ
3472 2657 3689 2726 πρέπει
3730 2676 3836 2727 γυ·

2245 2749 2446 2813 ναιξὶν
2508 2747 3058 2819 ἐπαγγελλομέναις
3104 2748 3443 2804 θεοσέϐειαν
3502 2749 3579 2802 δι’
3640 2750 3837 2819 ἔργων

2245 2837 2503 2909 ἀγαθῶν.
2533 2840 2645 2892 Καὶ
2690 2841 2719 2893 ό
2751 2842 3035 2911 προφήτης
3084 2840 3139 2894 δὲ
3175 2838 3336 2892 Δαυὶδ
3377 2837 3551 2893 πολλὰ
3598 2840 3699 2909 μὲν
3738 2839 3839 2892 καὶ

2247 2931 2380 2985 ἄλλα
2407 2932 2570 3002 φησιν
2606 2931 2750 3002 ἔχειν
2773 2932 3064 3002 εὐχόμενον
3102 2930 3193 2984 τὸν
3224 2930 3397 3001 ἅγιον
3432 2932 3529 2984 καὶ
3560 2930 3737 2984 ταῦτα
3778 2930 3834 2982 δὲ

2246 3026 2346 3077 οὐκ
2371 3025 2611 3096 ἀκαίρως
2637 3023 2990 3096 παραθετέον,
3017 3025 3103 3077 ἵνα
3132 3028 3341 3096 φανερὰ
3357 3025 3489 3095 ἡμῖν
3512 3024 3736 3094 γένηται
3764 3021 3836 3075 τὰ

568 3112 737 3165 levavi
772 3114 1002 3166 animam
1046 3130 1240 3179 meam,
1280 3115 1419 3169 Deus
1442 3116 1508 3169 ⁸⁸.
1559 3114 1697 3169 Cum
1742 3117 1889 3170 enim
1946 3117 2143 3172 mentis

2253 3115 2482 3185 μέγιστα
2511 3114 2814 3184 ὠφελοῦσα,
2849 3114 2952 3168 κᾶν
2983 3114 3118 3185 μόνη
3147 3113 3383 3185 νοηοῇ,ή
3420 3114 3607 3185 σχέσις
3641 3114 3734 3167 καὶ
3756 3116 3836 3177 εἰς

571 3204 715 3257 oculi
746 3205 825 3259 sic
848 3205 1043 3259 elevati
1076 3214 1204 3260 sunt
1230 3216 1289 3259 ut
1319 3208 1432 3277 jam
1458 3208 1688 3263 terrenis
1715 3224 1823 3263 non
1847 3210 2147 3264 immoren-

569 3303 681 3359 tur,
720 3310 820 3350 nec
848 3310 1035 3351 eorum
1080 3313 1199 3367 quae
1241 3298 1469 3353 materia
1504 3310 1799 3367 constant,
1857 3301 2149 3371 speciebus

570 3388 923 3458 impleantur,
983 3402 1219 3461 suntque
1266 3394 1400 3447 adeo
1433 3393 1720 3461 sublimes,
1771 3404 1830 3450 ut
1863 3398 2143 3467 corrupti-

572 3479 703 3533 bilia
730 3496 962 3551 quaeque
985 3483 1311 3553 despiciant,
1339 3484 1502 3553 eique
1529 3486 1622 3539 uni
1660 3497 1853 3541 vacent
1880 3496 1939 3541 ut
1979 3489 2147 3543 Deum

571 3571 834 3641 cogitent,
863 3574 1284 3643 audientemque
1314 3585 1627 3631 reverenter
1650 3590 1715 3633 ac
1745 3578 1989 3635 modeste
2018 3580 2149 3635 allo-

570 3671 867 3731 quantur:
923 3664 1112 3732 quidni
1171 3665 1463 3734 plurimum
1510 3667 1623 3735 jam
1676 3669 2013 3738 profecerim
2066 3672 2145 3727 illi

572 3752 741 3819 oculi,
773 3754 999 3808 revelata
1027 3754 1169 3823 facie
1203 3756 1427 3823 gloriam
1473 3756 1689 3812 Domini
1735 3761 2069 3829 speculantes
2100 3774 2145 3815 et

573 3846 632 3897 in
686 3848 920 3900 eamdem
958 3847 1241 3917 imaginem
1289 3847 1664 3916 transformati
1715 3868 1748 3904 a
1794 3851 2040 3906 claritate
2094 3854 2148 3906 in

572 3937 970 3994 claritatem”?
1024 3938 1177 3994 Tunc
1222 3942 1369 3995 enim
1399 3941 1686 3998 divinioris
1731 3943 2017 4014 cujusdam
2069 3944 2149 4000 ef-

573 4028 779 4081 lluxum
814 4029 1182 4099 intelligentia:
1205 4032 1571 4104 participant,
1611 4044 1671 4089 ut
1696 4048 1763 4088 ex
1798 4035 1884 4089 his
1927 4036 2098 4105 liquet
2131 4053 2144 4090 :

574 4114 857 4184 Signatum
879 4128 953 4172 est
987 4135 1143 4187 super
1170 4136 1263 4174 nos
1288 4120 1463 4176 lumen
1489 4123 1663 4178 vultus
1702 4125 1802 4191 tui,
1830 4124 2055 4181 Domine
2074 4127 2143 4182 °°.

571 4205 693 4261 Jam
733 4224 861 4264 vero
895 4210 1073 4264 anima
1106 4211 1315 4266 elevata
1339 4253 1356 4280 ,
1387 4213 1646 4282 Spiritum
1688 4208 1911 4282 secuta,
1951 4234 1981 4273 a
2024 4233 2146 4272 cor-

573 4316 704 4371 pore
723 4310 1024 4372 segregata,
1052 4319 1151 4358 nee
1180 4316 1365 4360 secuta
1407 4317 1617 4361 tantum
1646 4306 1933 4378 Spiritum,
1964 4311 2058 4365 sed
2092 4321 2146 4365 et

574 4394 625 4447 in
657 4393 832 4463 ipsum
857 4404 1063 4450 mutata
1094 4397 1262 4465 (quod
1296 4397 1383 4452 illa
1404 4400 1599 4453 docent
1627 4418 1640 4454 :
1667 4400 1749 4453 Ad
1778 4412 1826 4454 te
1847 4400 2009 4455 levavi
2036 4403 2147 4454 ani-

2250 3208 2311 3261 τὸ
2331 3206 2582 3277 εὗχεσθαι
2619 3206 2943 3279 παρασκευὴ
2969 3207 3063 3261 τοῦ
3090 3207 3503 3272 ἀνατεθεικότος
3539 3208 3732 3261 ἑαυτὸν
3760 3208 3838 3279 τῷ

2248 3296 2385 3367 Θεῷ.
2417 3297 2583 3367 Φησὶν
2603 3292 2713 3350 οὖν⁸
2747 3296 2902 3365 Πρὸς
2932 3295 3008 3350 σὲ
3026 3294 3139 3368 ἦρα
3166 3298 3306 3363 τοὺς
3344 3298 3691 3367 ὀφθαλμούς
3712 3315 3837 3367 μου

2248 3389 2357 3443 τὸν
2386 3390 2777 3444 κατοικοῦντα
2807 3390 2877 3443 έν
2902 3389 2982 3455 τῷ
3010 3388 3266 3458 οἰιοιινῷ·
3289 3389 3401 3442 καί·
3427 3388 3590 3458 Πρὸς
3617 3391 3695 3443 σέ
3717 3387 3839 3460 ἦρα

2248 3482 2363 3549 τὴν
2376 3478 2588 3549 ψυχήν
2596 3497 2717 3549 μου
2729 3522 2743 3540 .
2758 3483 2790 3534 ὁ
2806 3480 3356 3550 Θεὸς.Ἐπαιρόμενοι
3372 3481 3482 3551 γὰρ
3499 3481 3550 3533 οἱ
3562 3480 3841 3551 ὀφθαλμοὶ

2247 3571 2341 3625 τοῦ
2375 3570 2717 3643 διανοητικοῦ
2750 3572 2859 3626 ἀπὸ
2886 3571 2979 3624 τοῦ
3026 3570 3464 3643 προσδιατρίϐειν
3486 3576 3602 3637 τοῖς
3626 3574 3842 3644 γηῖνοις

2249 3666 2345 3718 καὶ
2372 3662 2711 3735 πληροῦσθαι
2735 3663 3035 3732 φαντασίας
3055 3663 3155 3734 τῆς
3177 3663 3284 3717 ἀπὸ
3314 3663 3425 3717 τῶν
3451 3665 3804 3737 ὑλικωτέρων
3824 3708 3839 3731 ,

2250 3759 2346 3811 καὶ
2374 3756 2467 3809 ἐπὶ
2508 3754 2759 3809 τοσοῦτον
2790 3754 3079 3825 ὑψούμενοι
3126 3754 3268 3808 ὥστε
3320 3757 3415 3809 καὶ
3460 3757 3843 3829 ὑπερκύπτειν

2250 3847 2317 3899 τὰ
2336 3844 2568 3915 γεννητὰ
2600 3846 2693 3899 καὶ
2720 3844 2856 3916 πρὸς
2893 3844 3037 3916 μόνῳ
3069 3843 3147 3915 τῷ
3189 3848 3392 3899 ἐννοεῖν
3433 3848 3525 3900 τὸν
3552 3847 3706 3910 Θεὸν,
3738 3850 3844 3901 κά-

2252 3937 2414 4008 κείνῳ
2449 3936 2664 4008 σεμνῶς
2702 3938 2798 3990 καὶ
2823 3936 3144 4008 πρεπόντως
3191 3938 3268 4009 τῷ
3322 3938 3579 3993 ἀκούοντι
3626 3940 3841 4011 ὁμιλεῖν

2249 4030 2516 4097 γίνεσθαι,
2546 4029 2663 4093 πῶς
2693 4030 2814 4100 οὐχὶ
2844 4030 2913 4085 τὰ
2957 4030 3189 4101 μέγιστα
3233 4032 3332 4103 ἤδη
3373 4033 3593 4104 ὤνησαν
3638 4034 3844 4098 αὐτοὺς

2250 4121 2375 4183 τοὺς
2423 4118 2733 4190 ὀφθαλμοὺς
2765 4119 2874 4190 (78)
2928 4120 3479 4189 ἀνακεκαλυμμένῳ
3537 4119 3846 4190 προσώπῳ

2249 4211 2362 4278 τὴν
2386 4210 2575 4275 δόξαν
2598 4213 2819 4281 Κιιρίου
2845 4212 3433 4282 κατοπτριζομένους,
3465 4213 3567 4267 καὶ
3594 4212 3711 4281 τὴν
3732 4216 3847 4267 αὑ-

2248 4304 2364 4371 τὴν
2375 4305 2579 4357 εἰκόνα
2583 4304 3157 4374 μεταμορφουμένην
3170 4303 3280 4376 (79)
3298 4304 3416 4358 ἀπὸ
3433 4304 3622 4373 δόξης
3640 4308 3729 4370 εἱς
3742 4305 3849 4358 δό-

2250 4399 2400 4463 ξαν;
2428 4397 2705 4472 ἀπορροῆς
2729 4398 2838 4471 γὰρ
2860 4396 3050 4469 νοητοῦ
3081 4414 3226 4461 τινος
3252 4396 3529 4469 θειοτέρου
3559 4396 3847 4469 μεταλαμ-

569 4501 711 4538 mam
740 4488 961 4558 meam),
990 4488 1201 4559 quidni,
1221 4488 1464 4558 deposita
1494 4493 1693 4547 anima:
1724 4502 1944 4560 natura,
1977 4496 2143 4565 spiri-

2251 4492 2473 4544 ϐάνουσι
2503 4491 2644 4543 τότε·
2690 4491 2827 4562 ὅπερ
2861 4489 3113 4562 δηλοῦται
3166 4489 3230 4543 ἐκ
3281 4487 3398 4553 τοῦ,
3469 4491 3844 4561 Ἐσημειώινη

572 4580 734 4632 tualis
758 4579 1063 4634 efticiatur?
1089 4581 1246 4647 Quod
1277 4583 1322 4636 si
1357 4584 1622 4652 przeelara
1668 4600 1758 4640 res
1790 4597 1874 4640 est
1914 4586 2141 4653 injuria-

569 4689 688 4727 rmn
713 4675 933 4739 oblivio,
966 4677 1105 4729 adeo
1133 4685 1192 4729 ut
1211 4677 1392 4731 omnis
1423 4678 1475 4734 in
1501 4694 1565 4734 ea
1590 4679 1677 4735 lex
1702 4679 1859 4749 quasi
1891 4694 2145 4749 compen-

2242 4584 2334 4653 ἐφ’
2363 4582 2519 4653 ἡμᾶς
2546 4583 2612 4636 τὸ
2643 4583 2769 4653 φῶς
2798 4582 2903 4637 τοῦ
2936 4583 3261 4652 προσώπου
3285 4598 3424 4647 σου,
3444 4586 3641 4654 Κύριε.
3663 4585 3780 4637 Καὶ
3801 4586 3843 4655 ἡ

2242 4678 2387 4750 ψυχὴ
2419 4678 2475 4730 δὲ
2502 4676 2837 4748 ὲπαιρομένη
2865 4675 2959 4729 καὶ
2984 4675 3062 4747 τῷ
3105 4675 3382 4747 Πνεῦματι
3423 4677 3661 4749 ἑπομένη
3688 4717 3704 4742 ,
3740 4677 3846 4731 τοῦ

568 4768 659 4820 die
680 4768 1027 4822 contineatur
1073 4773 1225 4841 juxta
1280 4772 1578 4827 Jeretniam
1630 4770 1981 4841 prophetam,
2018 4786 2143 4825 cum

2249 4785 2303 4820 τε
2335 4766 2583 4837 σώματος
2610 4766 2948 4837 χωριζομένη
2969 4807 2983 4831 ,
3022 4766 3116 4820 καὶ
3148 4768 3210 4820 οὐ
3247 4766 3409 4838 μόνον
3462 4768 3707 4839 ἑπομένη
3757 4768 3839 4837 et;

569 4860 648 4913 ait
684 4877 697 4912 :
737 4860 860 4913 Non
896 4862 1007 4915 hwc
1044 4864 1291 4919 mandavi
1326 4866 1568 4933 patribus
1614 4865 1798 4919 vestris
1832 4866 2143 4919 exeuntibus

2249 4861 2542 4931 Πνεῦματι,
2580 4859 2713 4912 ἀλλὰ
2744 4859 2838 4912 καὶ
2862 4858 2921 4911 ὲν
2947 4858 3097 4930 αὐτῷ
3134 4858 3414 4930 γινομένη·
3455 4861 3611 4931 (ὅπερ
3636 4860 3845 4930 δηλοῦ-

566 4951 630 5005 de
660 4951 930 5021 zEgypto,
976 4958 1063 5008 sed
1098 4955 1192 5009 hoc
1233 4958 1483 5010 mandaui
1515 4974 1532 5012 :
1578 4956 1739 5026 212
1767 4954 2135 5029 Unusquisque

2249 4970 2331 5006 ται
2368 4952 2431 5003 ὲκ
2460 4947 2578 5014 τοῦ,
2612 4949 2767 5018 Πρὸς
2814 4949 2889 5003 σέ
2920 4944 3036 5019 ἦρα
3070 4950 3187 5019 τὴν
3233 4950 3449 5021 ψυχήν
3494 4959 3655 5023 μουο)
3712 4953 3849 5017 πῶς

565 5044 806 5108 proximo
828 5061 924 5098 suo
949 5046 1002 5099 in
1033 5048 1190 5101 corde
1219 5049 1476 5117 injuriam
1504 5066 1608 5103 non
1632 5049 2023 5114 recordetur“;
2072 5051 2137 5104 ad

2249 5047 2365 5117 οὐχ).
2385 5046 2485 5117 ἤδη
2506 5042 2873 5114 ἀποτιθεμένη
2895 5043 2956 5095 τὸ
2975 5038 3113 5098 εἶναι
3129 5043 3292 5116 ψυχὴ,
3313 5045 3653 5116 πνευματικὴ
3678 5044 3849 5113 γίνε-

565 5136 863 5189 orationem
894 5152 1023 5192 vero
1058 5154 1182 5193 cum
1211 5140 1528 5210 injuriarum
1562 5142 1837 5198 oblivione
1866 5144 2137 5199 acceden-

665 5255 753 5309 "l
788 5255 929 5310 Tim.
961 5274 1025 5321 tl,
1052 5259 1105 5315 8.

565 5340 637 5390 tv,
672 5325 724 5381 7.
800 5328 842 5359 θ’
868 5325 1069 5385 Jerem.
1108 5330 1316 5393 "1,22,
1348 5330 1417 5383 25
1444 5330 1651 5394 ;Zach.
1687 5349 1782 5395 vu,
1815 5333 1870 5387 9.

607 5417 747 5501 .(75)
787 5421 1004 5501 'Qolac.
1053 5424 1145 5479 Sic
1196 5428 1358 5480 habet
1402 5433 1569 5481 codex
1625 5444 1729 5481 ms.
1764 5428 1946 5483 Editio
1996 5428 2143 5485 Oxo-

564 5494 789 5555 niensis,
821 5494 1015 5557 ὁσίους.

639 5560 939 5632 (76)A’A.1.1’
975 5559 1061 5629 οἷς
1096 5564 1344 5631 πρέπον.
1373 5564 1444 5617 lta
1471 5576 1641 5619 codex
1681 5582 1783 5619 ms.
1839 5565 1967 5622 Male
2010 5582 2137 5622 vero

566 5630 740 5706 editio:
760 5630 1254 5706 Οχοηὶοιιείδηᾶλγ
1286 5634 1360 5697 ὡς
1384 5635 1609 5706 πρέπον.

611 5701 752 5778 ,(77)
777 5705 1073 5778 Κοσμίῳς.
1112 5704 1184 5759 lta
1221 5708 1388 5761 codex
1426 5701 1524 5760 ius.
1573 5706 1752 5760 Editio
1778 5716 1955 5761 autem
1988 5707 2131 5762 Oxo-

571 5773 797 5839 niensis,
829 5773 1056 5843 κοσμίῳ.

1202 5260 1246 5291 ⁵⁸
1334 5252 1468 5315 lhid-
1528 5258 1584 5321 9.
1661 5262 1748 5318 l0.
1824 5262 2044 5317 "Psal.
2083 5280 2252 5329 cxxtt,
2290 5266 2339 5320 1.

2246 5166 2333 5200 ται
2353 5146 2460 5216 (80)
2480 5162 2493 5209 ;
2514 5147 2574 5198 El
2592 5144 2647 5198 δὲ
2675 5143 2926 5214 μέγιστόν
2943 5145 3058 5197 ἐστι
3076 5143 3406 5216 κατόρθωμα
3428 5146 3847 5218 ἀμνησικακία,

2432 5265 2477 5297 ⁸⁸
2512 5262 2654 5320 Psal.
2689 5277 2839 5328 xvtv,
2866 5262 2919 5317 l.
2996 5263 3040 5295 ’9
3076 5260 3117 5315 ll
3151 5260 3275 5317 Cor.
3305 5277 3386 5328 tu,
3430 5264 3519 5320 18.
3593 5263 3636 5294 “
3671 5262 3845 5321 Psal.

2322 5428 2433 5499 (78)
2488 5427 2723 5494 Αὐτοὺς
2778 5427 2924 5494 τοὺς
2963 5429 3328 5499 ὀφθαλμούς.
3370 5424 3647 5481 Bentleius
3681 5430 3852 5487 delet.

2247 5498 2374 5560 τοῦς
2407 5499 2736 5569 ὀφθαλμούς,
2775 5510 2827 5551 et
2861 5515 2959 5569 pro
2993 5498 3207 5561 αὐτούς,
3241 5499 3371 5567 legit
3403 5501 3641 5564 ἑαυτούς.

2319 5571 2429 5637 (79)
2451 5567 3053 5639 Μεταμορφουμένην.
3082 5570 3224 5623 Idem
3249 5569 3403 5638 legit,
3439 5587 3845 5644 μεταμορᾳου-

2247 5642 2458 5710 μένους.

2317 5712 2428 5780 (80)
2468 5712 2614 5767 Vide.
2651 5712 2682 5765 ι.
2714 5728 2749 5765 ιι
2790 5708 3124 5780 0rigenian.,
3162 5721 3355 5779 qmest.
3381 5710 3440 5767 6.
