3954 6414
103 400 179 457 “5
1321 388 1661 445 LIBELLUS
1690 389 1779 444 DE
1810 389 2191 449 ORATIONE.

3246 386 3353 443 “6

98 514 311 581 ἀπῃκατᾶ
353 512 443 565 τὸν
486 514 818 583 προφήτην
872 509 1149 583 Ἱερεμίαν,
1186 508 1359 563 πάντα
1396 510 1666 577 ἀνακεφα-

1780 520 1858 565 tes
1909 511 2252 566 custodimus
2312 509 2623 566 Servatoris
2676 518 3004 579 prmceptum
3058 509 3291 564 dicentis
3333 525 3348 562 :

98 606 326 661 λιιοῦσθαι
355 605 445 657 τδν
474 604 665 675 νόμον
719 608 783 657 ὲν
828 604 1001 674 αὐτῷ,
1054 602 1298 669 λέγοντςν
1358 604 1439 655 Οὐ
1486 601 1671 658 ταῦτα

98 695 439 763 ἐνετειλάμην
469 696 616 762 τοῖς
646 696 956 764 πατράσιν
999 692 1158 763 ὑμῶν
1188 692 1673 761 ἐκπορευομένων

98 791 253 845 αὐτῶν
269 790 331 841 ἐκ
351 785 852 856 τῆς-,Αἰγύπτου
875 786 1032 841 ἀλλὰ
1059 784 1230 839 τοῦτο
1256 782 1664 852 ἐνετειλάμην·

101 883 345 945 Ἕκαστος
374 879 451 944 τῷ
474 880 792 946 πλησίον
821 879 890 931 ἐν
930 876 1003 945 τῇ
1034 875 1243 944 καρδίᾳ
1265 873 1344 943 μὴ
1374 890 1670 943 μνησικα-

1779 601 1909 656 Cum
1940 603 2149 657 stabilis
2199 604 2268 655 ad
2297 609 2583 667 orandum,
2617 604 2868 657 dimittite
2913 601 3109 671 siquid
3144 601 3347 653 habetis

1779 695 2027 747 adversus
2050 695 2277 758 aliquem
2301 696 2380 760 ⁶¹;
2411 695 2757 763 perspicuum
2787 704 2866 746 est
2895 710 2992 747 nos
3024 691 3244 762 quando
3266 692 3347 746 sic

1776 785 1952 839 affecti
1981 797 2192 839 stamus
2218 787 2285 838 ad
2317 788 2587 840 orandum
2610 827 2626 853 ,
2667 787 2870 854 optima
2905 788 3019 851 jam
3066 797 3189 838 esse
3215 799 3338 838 cuu-

1775 888 2012 929 SCCUIOS.

96 979 245 1033 uitw'
273 976 376 1029 ἀπὸ
403 974 822 1044 μνησικακίας
858 972 962 1044 (81)
1000 972 1055 1025 δὲ
1087 951 1309 1042 ἥκοντες
1352 970 1445 1023 ἐπὶ
1482 969 1542 1022 τὸ
1590 968 1845 1040 εὔχεσθαι
1883 972 1982 1040 τὴν
2030 970 2122 1023 τοῦ
2179 971 2430 1043 Σωτῆρος
2487 971 2832 1041 φυλάσσομεν
2884 968 3120 1040 ἐντολὴν,
3176 967 3340 1035 λέγον

94 1089 177 1136 τος·
232 1072 351 1124 Ἐὰν
400 1068 717 1138 στήκητε
771 1069 1264 1137 προσευχόμενοι,
1297 1066 1502 1134 ἀφίετε
1535 1065 1590 1117 εἴ
1635 1082 1691 1118 τι
1759 1066 1929 1135 ἔχετε
1981 1068 2129 1119 κατά
2160 1083 2339 1132 τινος*
2376 1066 2616 1137 δηλονότι
2649 1065 2760 1136 (82)
2798 1063 3024 1118 τοιοῦτοι
3075 1063 3349 1133 ἱστάμενοι

99 1165 199 1235 agn;
223 1163 278 1215 τὸ
304 1160 610 1228 εὔξασθαι,
652 1161 732 1215 τὰ
767 1160 1027 1215 κάλλιστα
1060 1158 1158 1229 ἠδη
1189 1157 1522 1228 κεκτήμεθα.

144 1257 231 1309 Καὶ
259 1255 427 1307 ταῦτα
482 1254 602 1324 μὲν
640 1252 730 1316 ὡς
764 1252 890 1305 καθ’
919 1248 1171 1303 ὑπόθεσιν
1205 1247 1453 1319 εἴρηται,
1488 1246 1584 1300 καὶ
1612 1248 1663 1300 εἰ

97 1348 218 1417 μηδὲν
254 1347 380 1415 ἡμῖν
418 1340 902 1411 ἐπακολουθήσει
949 1338 1290 1410 εὐχομένοις,
1333 1339 1415 1391 ὅτι
1440 1337 1508 1391 τὰ
1540 1337 1670 1391 κάλ-

94 1439 208 1490 λίπα
227 1434 625 1508 κερδαίνομεν,
654 1431 726 1484 τὸ
765 1430 903 1485 καθὸ
933 1430 1012 1482 δεῖ
1056 1429 1313 1501 εὔχεσθαι
1358 1428 1669 1499 νενοηκότες

92 1532 158 1583 ui
182 1527 604 1601 κατορθοῦντες
654 1524 840 1594 σαφὲς
873 1524 928 1577 δὲ
961 1523 1039 1577 ὅτι
1082 1524 1111 1575 ὁ
1157 1521 1332 1585 οὕτως
1377 1521 1669 1593 εὐχόμενος

92 1622 147 1672 ἔτι
170 1619 322 1671 λαλῶν
345 1618 711 1679 ἀκούσεται,
748 1617 818 1685 τῇ
866 1613 1114 1685 ἐνεργείᾳ
1158 1612 1253 1666 τοῦ
1305 1612 1667 1677 ὲπακούονςος

91 1709 262 1780 ἐνορῶν,
293 1707 353 1760 τὸ
394 1706 566 1763 Ἰδοὺ
606 1698 887 1773 πάρειμι·
919 1705 1095 1756 πᾶσαν
1111 1702 1206 1773 τὴν
1238 1702 1372 1773 πρὸς
1404 1702 1501 1773 τὴν
1528 1702 1669 1775 Πρό-

91 1820 197 1852 νοιαν
243 1799 675 1869 δυσαρέστησιν
730 1796 866 1867 πρὶν
925 1794 1186 1860 εὔξασθαι
1249 1794 1663 1865 ἀποϐεϐληκώς.

91 1892 219 1945 Τοῦτο
243 1892 347 1964 γᾶρ
381 1896 517 1945 ἐστι
553 1889 911 1961 δηλούμενον
958 1888 1023 1941 ἐκ
1054 1885 1177 1951 τοῦ,
1248 1887 1382 1939 Ἐὰν
1436 1884 1669 1954 ἀφέλῃς

1857 1242 1946 1299 10.
1976 1247 2155 1312 Atque
2185 1244 2299 1309 haec
2338 1259 2403 1298 ex
2429 1244 2517 1297 illa
2546 1244 2687 1298 dicta
2738 1254 2866 1299 sunt
2911 1245 3193 1314 liypotbesi
3245 1247 3347 1301 etsi

1792 1336 1927 1391 nihil
1962 1337 2110 1391 aliud
2144 1352 2210 1392 ex
2239 1337 2491 1393 oratione
2539 1346 2722 1391 nostra
2760 1346 3105 1405 sequeretur,
3136 1339 3344 1407 optima

1780 1436 1964 1483 tamen
1993 1442 2091 1483 nos
2117 1427 2317 1483 lucrari
2350 1429 2396 1483 si
2420 1429 2693 1498 quomodo
2716 1438 2963 1497 oporteat
2990 1444 3150 1483 orare
3186 1430 3350 1483 intel-

1775 1522 2090 1584 lexerimus,
2111 1531 2165 1576 et
2190 1536 2248 1576 re
2278 1521 2778 1590 adimpleverimus.
2807 1520 3147 1575 Manifestum
3166 1532 3347 1576 autem

1776 1626 1861 1668 cst
1879 1629 2001 1667 eum
2027 1614 2116 1681 qui
2137 1615 2214 1669 sic
2230 1625 2373 1676 orat,
2399 1614 2526 1668 dum
2541 1615 2712 1669 adhuc
2728 1614 2988 1682 loquitur,
3008 1613 3349 1669 exaudientis

1775 1707 1963 1760 virtuti
2009 1706 2421 1772 attendentem,
2470 1707 2780 1760 auditurum
2825 1722 2945 1761 esse
2993 1707 3171 1761 illud:
3209 1706 3342 1759 Ecce

1775 1802 1962 1851 adsum
1990 1813 2009 1861 ;
2042 1797 2287 1866 deposita
2321 1809 2447 1851 ante
2470 1798 2775 1852 orationem
2800 1797 2945 1851 omni
2974 1798 3039 1852 de
3063 1796 3349 1867 providen-

1779 1887 1850 1939 tia
1882 1886 2177 1940 anxietate.
2213 1885 2327 1942 Iloc
2356 1888 2501 1942 enim
2529 1888 2617 1943 illa
2645 1890 2748 1944 sibi
2779 1890 3006 1944 volunt:
3057 1890 3119 1944 Si
3157 1890 3345 1943 abstu-

89 1983 173 2035 ἀπὸ
200 1982 304 2036 σοῦ
349 1980 753 2049 σύνδεσμον
801 1978 899 2031 καὶ
953 1975 1323 2046 χειροτονίαν
1370 1974 1466 2026 καὶ
1486 1973 1666 2042 κρῆμα

1775 1976 1896 2030 leris
1918 1993 1951 2029 a
1976 1986 2023 2030 te
2041 1978 2429 2045 colligationem
2455 2018 2470 2042 ,
2515 1988 2564 2032 et
2596 1997 2849 2033 manuum
2879 1981 3260 2045 extensionem,
3296 1995 3347 2033 et

91 2074 408 2143 νοῃ-ιεσμοῦο
476 2071 585 2124 τοῦ
645 2068 1122 2141 εὐαρεστουμένου
1181 2069 1293 2128 τοῖς
1342 2064 1664 2135 γινομένοις,

89 2168 317 2239 ἐλευθέρου
350 2166 475 2219 ἀπὸ
512 2163 744 2225 παντὸς
780 2159 982 2231 δεσμοῦ
1011 2158 1377 2229 γεγενημένου
1403 2198 1417 2223 ,
1452 2158 1548 2237 καὶ
1590 2157 1666 2228 μὴ

86 2258 621 2332 ὠιτιχειροτονοῦντος
651 2255 737 2326 τῷ
770 2253 911 2323 Θεῷ,
946 2252 981 2306 ἃ
1015 2251 1264 2323 βούλεται
1292 2250 1427 2321 πρὸς
1457 2251 1669 2321 γυμνά-

84 2367 166 2402 om
192 2349 338 2420 ἡμῶν
372 2344 855 2416 διατασσομένῳ’
896 2341 1032 2396 ἀλλὰ
1072 2341 1205 2412 μηδὲ
1250 2338 1391 2393 κατὰ
1439 2339 1500 2391 τὸ
1536 2357 1669 2410 κρυ-

84 2438 181 2490 πτὸν
207 2437 307 2490 τῶν
330 2436 644 2507 λογισμῶν
671 2432 1041 2503 γογγύζοντος
1076 2431 1241 2501 χωρὶς
1281 2430 1547 2500 ἄκουσι-ἦς
1576 2430 1669 2483 ἀν-

80 2529 273 2599 θρώποις
294 2530 519 2599 φωνῆς’
540 2528 745 2581 ὅντινα
774 2523 1109 2594 γογγυσμὸν,
1134 2522 1288 2593 δίκην
1312 2520 1563 2593 πονηρῶν
1586 2522 1665 2573 ol-

78 2622 214 2674 κετῶν
242 2623 336 2675 οὐκ
362 2624 430 2675 ὲν
469 2616 874 2691 φανερωτέρῳ
914 2614 1253 2686 αἰτιωμένων
1290 2612 1389 2677 τὰς
1427 2615 1666 2684 προστά-

77 2712 159 2777 ξεις
195 2713 295 2767 τῶν
341 2712 687 2776 δεσποτῶν,
726 2708 1092 2780 γογγύζουσιν
1136 2706 1184 2759 οἱ
1237 2704 1311 2775 μὴ
1355 2704 1663 2777 τολμῶντες

78 2805 152 2871 μὲν
198 2808 342 2875 φωνῇ
377 2807 480 2859 καὶ
533 2803 644 2873 ὅλῃ
686 2802 841 2872 ψυχῇ
884 2801 1198 2868 κακολογεῖν
1239 2801 1332 2853 ἐπὶ
1375 2799 1486 2858 τοῖς
1520 2812 1658 2866 συμ-

72 2895 276 2949 ϐαίνουσι
298 2898 406 2967 τὴν
445 2895 765 2967 πρόνοιαν
796 2892 962 2946 οἱονεὶ
984 2892 1040 2945 δὲ
1072 2892 1384 2962 βουλόμενοι
1435 2890 1529 2943 καὶ
1572 2887 1663 2941 τὸν

72 2984 299 3042 τῶνόλων
333 2988 561 3060 Κύριον
581 2987 679 3055 ἐφ’
705 2979 794 3048 οἷς
819 2983 1274 3056 δυσαρεστοῦνται
1304 2983 1505 3036 λαθεῖν.
1552 2980 1663 3034 Καὶ

70 3071 198 3148 οἶμαι
221 3081 363 3134 τοῦτ’
401 3076 559 3134 εἶναι
589 3078 695 3130 καὶ
717 3076 783 3129 τὸ
817 3076 877 3128 ὲν
922 3075 1061 3129 Ἰώ6’
1101 3077 1203 3130 Ἐν
1245 3077 1477 3141 τούτοις
1512 3072 1663 3128 πᾶσι

69 3168 171 3235 τοῖς
197 3172 673 3241 συμϐεϐηκόσιν
709 3166 899 3221 οὐδὲν
930 3166 1193 3236 ἥμαρτεν
1236 3167 1355 3221 ’1ὼό
1384 3166 1506 3233 τοῖς
1537 3168 1663 3235 χει-

68 3262 218 3315 λεσιν
243 3264 538 3317 ἐναντίον
573 3260 695 3315 τοῦ
736 3258 910 3313 Θεοῦ·
942 3260 1035 3312 ἐπὶ
1066 3258 1161 3312 τοῦ
1201 3259 1308 3329 πρὸ
1334 3256 1498 3312 αὐτοῦ
1538 3276 1660 3312 πει-

72 3354 250 3423 ρασμοῦ
302 3352 862 3425 ἀναγεγραμμένων
916 3350 1018 3403 Ἐν
1066 3351 1298 3417 τούτοις
1351 3350 1501 3405 πᾶσι
1535 3351 1661 3417 τοῖς

70 3447 501 3515 ιἰψεεὸηκόσιν
534 3442 738 3499 οὐδὲν
778 3441 1042 3511 ἥμαρτεν
1084 3440 1206 3494 Ἰὼϐ
1251 3440 1507 3494 ἐνώπιον
1558 3440 1663 3494 τοῦ

70 3538 214 3594 Θεοῦ.
240 3541 306 3594 '0
348 3539 419 3611 δὴ
465 3534 857 3610 προστάσσων
896 3534 971 3604 μὴ
1020 3534 1127 3586 δεῖν
1164 3532 1273 3603 (85)
1318 3533 1564 3602 γίνεσθαι
1607 3535 1664 3585 ὲν

164 3631 612 3700 Δευτερονομίῳ
661 3631 694 3681 ὁ
746 3626 909 3694 λόγος
950 3626 1105 3696 φησι·
1136 3629 1408 3695 Πρόσεχε
1432 3626 1665 3695 μήποτε

68 3719 283 3785 γένηται
314 3720 492 3789 ῥῆμα
534 3716 830 3787 κρυπτὸν
857 3716 926 3768 ἐν
965 3714 1039 3782 τῇ
1089 3716 1303 3783 καρδίᾳ
1351 3730 1468 3768 σου
1516 3716 1663 3769 ἀνό-

66 3827 229 3878 μημα,
258 3813 477 3881 λέγων,
496 3806 765 3879 Ἐγγίζει
792 3805 861 3859 τὸ
891 3806 1027 3871 ἔτος
1058 3806 1124 3858 τὸ
1155 3804 1434 3873 ἕϐδομον,
1470 3805 1565 3858 καὶ
1594 3804 1663 3856 τὰ

68 3904 198 3972 ἑξῆς.
239 3907 295 3959 '0
327 3906 509 3958 τοίνυν
534 3902 727 3965 οὕτως
755 3898 1051 3969 εὐχόμενος
1079 3897 1317 3951 τοσαῦτα
1340 3898 1662 3969 προωφελη-

70 3992 167 4058 Bai;
214 3996 323 4066 (84)
369 3994 835 4065 ἐπιτηδειότερος
886 3989 1092 4058 γίνεται
1154 3988 1528 4059 ἀνακραθῆναι
1584 3988 1664 4054 τῷ

67 4086 472 4153 πεπληρωκότι
504 4084 631 4151 τὴν
656 4079 878 4136 πᾶσαν
909 4077 1253 4146 οἰκονομίαν
1282 4075 1392 4146 (85)
1424 4074 1530 4129 τοῦ
1560 4080 1669 4128 Κυ-

63 4176 187 4240 ⁴ρίου
222 4178 542 4247 Πνεύματι,
574 4173 681 4229 κα)¹
711 4171 794 4242 τῷ
822 4173 1005 4225 πᾶσαν
1031 4168 1128 4241 τὴν
1146 4168 1249 4239 γῆν
1277 4168 1372 4222 καὶ
1393 4168 1482 4221 τὸν
1511 4167 1669 4238 οὐρα-

67 4266 147 4320 νὸν
191 4267 583 4339 πεπληρωκότι
634 4264 731 4319 διὰ
775 4262 873 4316 τοῦ
928 4264 1206 4333 προφήτου
1252 4261 1501 4329 λέγοντος
1554 4260 1665 4331 (86)

70 4357 255 4423 οὕτως’
274 4359 416 4429 Οὐχὶ
445 4358 561 4412 τὸν
592 4354 872 4425 οὐρανὸν
894 4353 993 4407 καὶ
1026 4354 1139 4423 τὴν
1162 4352 1275 4425 γῆν
1296 4353 1410 4423 ἐγὼ
1433 4352 1663 4421 πληρῶ,

64 4449 225 4518 λέγει
254 4452 463 4518 Κύριος
480 4466 503 4513 ;
537 4449 673 4502 Ἔτι
710 4446 772 4498 δὲ
793 4444 909 4516 (87)
934 4445 1023 4498 διά
1049 4462 1107 4498 τε
1130 4445 1230 4516 τῆς
1265 4444 1670 4515 προειρημένης

1770 2071 1975 2123 verbum
1999 2070 2432 2123 murmurationis
2450 2070 2524 2137 ⁶⁸;
2555 2086 2678 2125 nam
2701 2072 2791 2139 qui
2815 2072 3071 2126 omnibus
3097 2070 3350 2139 acquies-

1770 2158 1845 2214 cit
1873 2174 1993 2229 qua:
2020 2159 2180 2223 ﬁunt,
2215 2159 2261 2214 is
2300 2160 2367 2215 ab
2398 2160 2543 2215 omni
2573 2161 2792 2215 vinculo
2822 2161 2961 2214 liber
2990 2170 3095 2227 cst,
3121 2175 3220 2215 nec
3244 2176 3342 2212 uno

1771 2265 1936 2318 quam
1962 2249 2207 2304 extendit
2238 2264 2431 2305 manus
2459 2251 2513 2305 in
2554 2250 2723 2305 Deum
2764 2252 2944 2305 omnia
2975 2267 3095 2321 quae
3138 2252 3251 2306 vult
3279 2253 3347 2306 ad

1772 2355 2016 2398 nostram
2046 2344 2502 2399 exercitationem
2530 2346 2878 2400 ordinantem
2904 2385 2919 2410 ,
2962 2346 3054 2401 sed
3102 2360 3202 2401 nec
3242 2362 3340 2400 oc—

1770 2436 1931 2491 Ctdtis
1956 2437 2175 2505 quidem
2208 2438 2628 2506 cogitationibus
2654 2448 2978 2503 murmurat,
3004 2453 3181 2508 neque
3214 2454 3347 2495 voce

1770 2542 1891 2597 qua:
1942 2528 2011 2581 ab
2042 2527 2357 2582 hominibus
2389 2529 2566 2582 audiri
2616 2530 2821 2597 possit;
2882 2531 3344 2600 quemadmodum

1769 2634 1922 2673 more
1948 2635 2179 2691 nequam
2218 2637 2500 2677 servorum
2545 2625 2807 2693 imperata
2860 2624 3204 2678 dominorum
3236 2639 3345 2680 non

1768 2712 1945 2781 palam
1974 2713 2339 2768 incusantium
2367 2756 2382 2780 ,
2418 2727 2761 2770 murmurant
2790 2716 2821 2770 ii
2852 2718 2942 2784 qui
2973 2732 3106 2771 voce
3145 2726 3200 2771 et
3229 2727 3343 2771 tota

1770 2805 1949 2857 anima
1980 2805 2048 2860 de
2078 2806 2160 2860 bis
2199 2822 2318 2875 qua:
2347 2807 2604 2860 accidunt
2637 2808 2963 2862 maledicere
2986 2808 3345 2875 providentiae

1769 2912 1874 2951 non
1907 2898 2109 2951 audent
2139 2898 2379 2965 quidem,
2419 2900 2513 2951 sed
2546 2899 2798 2953 videntur
2829 2902 3003 2971 ipsum
3029 2902 3194 2956 etiam
3226 2915 3345 2955 om-

1765 2989 1917 3042 nium
1954 2989 2241 3043 Dominum
2281 2990 2333 3044 id
2384 2991 2566 3046 celare
2610 2991 2747 3046 velle
2789 2994 2935 3060 quod
2995 2994 3345 3061 impatienter

1768 3078 1968 3134 ferunt.
2002 3080 2067 3133 Et
2089 3081 2190 3135 hoc
2217 3096 2337 3136 esse
2363 3092 2493 3149 puto
2526 3083 2669 3151 quod
2721 3084 2774 3136 in
2824 3083 2930 3137 Job
2975 3084 3174 3137 dicitur
3222 3101 3235 3137 :
3280 3081 3343 3135 In

1767 3170 2006 3221 omnibus
2035 3169 2116 3223 Itis
2160 3185 2279 3239 qua:
2327 3172 2632 3225 acciderunt
2675 3172 2746 3233 ei.
2788 3173 2923 3225 nihil
2962 3172 3193 3241 peccavit
3241 3171 3342 3225 Job

1767 3258 1921 3310 labiis
1956 3275 2133 3311 coram
2164 3258 2388 3313 Domino
2409 3276 2429 3323 ;
2452 3276 2574 3314 cum
2603 3261 2670 3316 de
2717 3262 3018 3315 tentatione
3047 3276 3168 3329 quae
3201 3275 3341 3328 pra:—

1768 3360 2032 3409 Cesserat.
2059 3350 2322 3419 scriptum
2357 3352 2423 3404 sit
2455 3368 2469 3403 :
2504 3350 2570 3404 In
2603 3352 2841 3406 omnibus
2873 3353 2953 3406 Itis
2983 3368 3100 3422 qua:
3130 3352 3346 3404 accide-

1770 3453 1887 3494 runt
1911 3443 1979 3507 ei,
2006 3442 2137 3495 nihil
2170 3443 2397 3508 peccavit
2426 3441 2528 3495 Job
2574 3459 2749 3497 coram
2794 3442 3101 3498 Domino“.
3138 3441 3343 3496 Praece-

1771 3545 1918 3601 ptum
1944 3541 2127 3586 autem
2160 3548 2267 3600 quo
2292 3533 2344 3586 id
2377 3533 2491 3586 ﬁeri
2528 3542 2773 3598 velatur,
2815 3536 2866 3587 in
2915 3532 3342 3586 Deuterononiio

1768 3624 1846 3679 sic
1907 3626 1985 3678 ait
2050 3639 2065 3678 :
2129 3625 2348 3679 Attende
2406 3643 2469 3680 ne
2543 3626 2638 3690 ﬁat
2696 3626 2909 3679 verbum
2966 3626 3229 3678 occultum
3290 3624 3344 3676 in

1768 3718 1921 3769 corde
1970 3728 2059 3770 tuo
2118 3720 2400 3786 iniquitas,
2430 3719 2640 3780 dicens,
2670 3717 2956 3785 Appropiat
2997 3733 3166 3769 annus
3228 3732 3347 3781 sep-

1768 3810 2012 3875 timus“,
2058 3821 2112 3863 et
2139 3811 2365 3879 reliqua.
2415 3812 2580 3879 Igitur
2626 3810 2714 3878 qui
2767 3809 2847 3863 sic
2900 3808 3157 3869 oraverit,
3218 3822 3343 3859 cum

1770 3913 1847 3959 tot
1888 3904 1997 3971 jam
2048 3904 2332 3958 commoda
2385 3903 2721 3971 perceperit,
2777 3900 2948 3969 magis
2994 3899 3223 3953 idoneus
3286 3896 3345 3949 fit

1769 3994 2112 4050 commisceri
2178 3994 2405 4063 Spiritui
2456 3994 2669 4047 Domini
2730 3993 2819 4061 qui
2886 3990 3102 4059 replevit
3167 3990 3345 4042 orbem

1770 4102 2030 4141 terrarum
2053 4088 2129 4153 ⁶⁶;
2153 4088 2318 4155 eique
2360 4086 2450 4155 qui
2486 4096 2684 4139 terram
2721 4094 2887 4139 totam
2918 4099 2983 4137 ac
3016 4082 3212 4137 etclutn
3245 4082 3345 4133 int-

1769 4176 1878 4244 plet
1909 4185 1962 4229 et
1996 4190 2091 4245 per
2116 4175 2434 4244 prophetam
2460 4174 2539 4228 sic.
2569 4174 2645 4227 ait
2677 4191 2691 4227 :
2720 4174 2977 4243 Nunquid
3022 4189 3127 4225 non
3160 4171 3345 4224 caelum

1769 4268 1816 4318 et
1844 4274 2040 4319 terram
2091 4282 2181 4332 ego
2214 4266 2439 4333 impleo,
2486 4263 2618 4318 dicit
2669 4262 2928 4316 Dominus
2948 4262 3026 4315 ‘7?
3072 4262 3345 4316 Praeterea

1772 4370 1869 4424 per
1900 4358 2212 4424 praedictam
2244 4357 2537 4423 puritatem
2570 4358 2730 4410 etiam
2763 4357 3035 4423 particeps
3072 4356 3177 4409 erit
3220 4370 3347 4409 ora-

1774 4449 1939 4501 tionis
1976 4448 2135 4500 Verbi
2190 4448 2279 4500 Dei
2332 4448 2475 4515 quod
2525 4450 2688 4502 etiam
2722 4458 2825 4503 stat
2859 4449 2910 4503 in
2947 4448 3123 4503 medio
3154 4450 3365 4501 cornm‘

69 4538 459 4610 καθαρεὺσεως,
479 4539 583 4593 καὶ
596 4537 704 4606 τῆς
732 4535 901 4606 εὐχῆς
924 4533 1017 4587 τοῦ
1041 4535 1204 4604 μέσον
1226 4533 1320 4587 καὶ
1349 4532 1454 4586 τῶν
1474 4534 1558 4606 μὴ
1585 4551 1666 4602 γι-

1775 4541 1862 4606 qni
1898 4540 2073 4607 ipsum
2112 4554 2216 4592 non
2247 4548 2567 4608 agnoscunt,
2603 4555 2704 4595 nec
2720 4541 3036 4609 cujusquam
3066 4540 3344 4609 precibus,

74 4630 371 4683 ’σωσκόντων
390 4630 561 4686 αὑτὸν
591 4628 904 4699 ἑστηκότος
929 4626 1098 4695 Λόγου
1128 4627 1285 4691 Θεοῦ,
1308 4629 1519 4692 οὐδενὸς
1541 4630 1666 4682 ἀπο-

1775 4632 1948 4691 tleest,
1987 4640 2038 4683 et
2069 4644 2275 4683 cnmeo
2307 4629 2458 4697 cuius
2504 4632 2773 4685 mediator
2799 4641 2920 4693 est,
2975 4644 3079 4683 una
3127 4628 3345 4683 Patrem

70 4718 377 4791 λειπομένου
415 4724 524 4794 τῆς
569 4720 755 4791 εὐχῆς
804 4718 1045 4790 μεθέξει,
1092 4721 1485 4791 συνευχομένου
1535 4720 1670 4791 πρὸς

71 4809 162 4863 τὸν
183 4812 385 4887 Πατέρα
412 4814 496 4885 τῷ
529 4815 634 4867 ὑπ’
684 4808 859 4866 αὐτοῦ
913 4812 1331 4882 μεσιτευομένῳο
1376 4812 1669 4883 ἀρχιερεὺς

72 4901 180 4972 γὰρ
207 4905 300 4959 τῶν
331 4903 678 4977 προσφορῶν
712 4899 877 4973 ἡμῶν
912 4902 1005 4954 καὶ
1040 4902 1172 4973 πρὸς
1198 4902 1288 4955 τὸν
1320 4903 1537 4973 Πατέρα
1572 4919 1672 4955 πα-

80 4992 324 5065 ράκλητός
368 5000 523 5052 ἐστιν
555 4998 588 5050 ὁ
631 4994 769 5056 Υἱὸς
817 4992 912 5046 τοῦ
968 4993 1121 5045 θεοῖν
1177 4994 1469 5065 εὐχόμενος
1529 4996 1670 5067 ὑπὲρ

72 5083 182 5134 τῶν
209 5088 539 5158 εὐχομένων,
604 5086 708 5139 καὶ
772 5084 1219 5155 συμπαρακαλῶν
1270 5088 1382 5148 τοῖς
1414 5102 1667 5156 παρακα-

73 5170 267 5238 λοῦσιν,
296 5179 393 5232 οὐκ
419 5180 488 5234 ἂν
522 5179 607 5243 ὡς
644 5176 795 5249 ὑπὲρ
829 5176 1044 5229 οἰκείων
1069 5177 1365 5242 εὐξάμενος
1414 5177 1522 5246 (88)
1556 5177 1666 5231 τῶν

147 5287 195 5318 ⁸³
214 5288 254 5345 Η
272 5308 365 5347 irc.
395 5309 477 5356 ιι,
514 5293 617 5349 25.

73 5475 492 5547 ἀμνησικακίας.

154 5549 251 5621 (δὲ)
278 5556 611 5621 Δηλονότι.)
642 5551 799 5604 ldcm
826 5550 1034 5621 scribit.
1066 5551 1225 5621 δῆλον
1247 5552 1350 5605 ὅτι.

158 5617 252 5685 (83)
274 5617 368 5690 Μὴ
391 5623 549 5678 δεῖν.
591 5620 700 5675 Sic
728 5620 935 5686 optime
968 5617 1130 5674 habet
1156 5626 1325 5675 codex
1359 5635 1498 5684 ms.;
1532 5635 1659 5690 pcr-

82 5701 255 5762 p-eram
282 5707 466 5747 autem
510 5694 699 5746 editio
733 5689 1081 5762 Oxonicnsis,
1122 5692 1305 5762 μηδέν.

165 5759 259 5831 (81)
295 5761 822 5831 Προωεεεληθείς.Δ
851 5759 939 5812 Sic
976 5759 1129 5813 habet
1155 5759 1322 5814 τωρ-χ
1356 5761 1660 5831 manuscri-

97 5837 209 5895 plus
226 5828 428 5896 {editio
459 5828 600 5889 vero
634 5828 993 5895 Ominieihis,
1030 5830 1482 5902 προσι-γξελῃοείς.

1771 4732 1914 4776 orat.
1959 4722 2209 4776 l’onlil’ex
2235 4722 2379 4793 enim
2415 4722 2755 4776 oblationuut
2782 4732 3092 4779 nostrarum
3124 4732 3178 4775 et
3205 4722 3349 4792 apud

1772 4813 1989 4868 Patrem
2024 4816 2323 4870 advocatus
2357 4824 2445 4870 est
2475 4815 2645 4872 Filius
2680 4817 2800 4883 Dei;
2848 4826 2972 4871 orat
3012 4830 3110 4884 pro
3138 4813 3349 4870 oranti-

1778 4907 1898 4969 bus,
1923 4909 2243 4962 exliortatur
2271 4923 2391 4963 cum
2424 4909 2864 4966 exliortantibus.
2902 4909 3020 4963 Non
3052 4920 3227 4963 tamen
3252 4923 3350 4976 pro

1776 4997 1862 5051 his
1883 4998 2119 5051 oraverit
2146 4998 2302 5067 quasi
2352 5014 2449 5066 pro
2499 4998 2866 5052 familiaribus
2907 4996 2998 5064 qui
3031 5012 3127 5066 per
3172 4995 3349 5063 ipsqu

1775 5087 1995 5142 assidue
2020 5104 2123 5143 non
2151 5096 2310 5141 orant
2336 5126 2353 5152 ,
2401 5087 2559 5156 213
2606 5101 2779 5155 neque
2812 5102 3004 5142 eorum
3042 5085 3196 5154 quasi
3236 5084 3347 5152 jam

1776 5193 1999 5233 suorum
2036 5191 2302 5248 patronus
2353 5184 2457 5234 erit
2504 5182 2645 5249 apud
2701 5179 2873 5234 Deum
2932 5178 3025 5248 qui
3071 5193 3179 5231 non
3217 5178 3348 5229 obeo

705 5288 874 5343 “lsa.
906 5304 1056 5353 Lvut,
1087 5291 1139 5346 9.
1215 5290 1261 5322 “
1278 5290 1377 5345 Job
1409 5308 1449 5356 ι,
1480 5291 1549 5344 22
1579 5300 1708 5356 ettt,
1738 5292 1826 5347 10.
1903 5294 1947 5326 ⁴⁵⁵
1975 5293 2133 5348 Deut.
2155 5307 2245 5359 xv,
2270 5292 2324 5347 9.
2402 5291 2719 5362 “Sap.t,7.
2798 5290 3231 5352 6'Jerem.xxrn,
3256 5288 3346 5342 9.4.

156 5406 257 5478 (81)
317 5414 455 5467 Ἀπὸ
512 5409 969 5483 μνησικακίας.
1024 5407 1170 5464 Idem
1241 5410 1508 5481 corrigit,
1576 5411 1676 5465 ἀπ’

1842 5414 1957 5485 (85)
2014 5414 2388 5485 Οικονομίαν.
2442 5412 2583 5483 Lego
2636 5426 2760 5465 cum
2824 5408 3051 5463 Domino
3117 5404 3343 5458 Claudio

1768 5482 1986 5554 Ficury,
2003 5484 2353 5554 οἰκουμένην)

1860 5546 1953 5624 86)
1976 5546 2475 5624 ’Λέγοντοςζιεςο
2499 5566 2622 5606 cum
2647 5550 2924 5624 Beptleio,
2946 5546 3180 5624 λέγοντι..

1860 5618 1948 5689 87)
1987 5618 2107 5687 Ἔτι
2140 5622 2226 5677 δέ.
2262 5622 2354 5677 Sic
2381 5624 2550 5677 codex
2581 5637 2685 5677 ms.
2716 5618 3105 5677 Editio’autetn
3135 5618 3341 5680 0mm,

1762 5697 1876 5748 ἔστι
1902 5695 1979 5748 δέ.

1793 5714 1876 5750 στι
1902 5696 1979 5749 δέ.

1834 5768 1945 5837 (88)
1973 5763 2337 5832 Εὑξάμενος.
2375 5761 2525 5833 Legit
2555 5761 2852 5828 Bentleius,
2878 5764 3179 5833 εὑξὸμενος.
