  <div class='ocr_page' id='page_1' title='image "/cluster/home/n/w/nwhite01/storage/ocr_20150623/11/hvd.32044024345175/230.png"; bbox 0 0 3954 6414; ppageno 0'>
   <div class='ocr_carea' id='block_1_1' title="bbox 114 358 2145 421">
    <p class='ocr_par' dir='ltr' id='par_1_1' title="bbox 114 358 2145 421">
     <span class='ocr_line' id='line_1_1' title="bbox 114 358 2145 421; baseline -0.001 -1"><span class='ocrx_word' id='word_1_1' title='bbox 114 366 198 421; x_wconf 70' lang='lat' dir='ltr'><strong>ll‘l</strong></span> <span class='ocrx_word' id='word_1_2' title='bbox 1291 358 1627 416; x_wconf 81' lang='lat' dir='ltr'><strong>LIBE-LLUS</strong></span> <span class='ocrx_word' id='word_1_3' title='bbox 1658 359 1747 414; x_wconf 85' lang='lat' dir='ltr'><strong>DE</strong></span> <span class='ocrx_word' id='word_1_4' title='bbox 1777 359 2145 417; x_wconf 78' lang='lat' dir='ltr'><strong>ORATIONE.</strong></span> 
     </span>
    </p>
   </div>
   <div class='ocr_carea' id='block_1_2' title="bbox 3249 371 3343 427">
    <p class='ocr_par' dir='ltr' id='par_1_2' title="bbox 3249 371 3343 427">
     <span class='ocr_line' id='line_1_2' title="bbox 3249 371 3343 427; baseline 0.032 -3"><span class='ocrx_word' id='word_1_5' title='bbox 3249 371 3343 427; x_wconf 72' lang='grc' dir='ltr'>ιδο</span> 
     </span>
    </p>
   </div>
   <div class='ocr_carea' id='block_1_3' title="bbox 116 477 1685 556">
    <p class='ocr_par' dir='ltr' id='par_1_3' title="bbox 116 477 1675 549">
     <span class='ocr_line' id='line_1_3' title="bbox 116 477 1675 549; baseline 0 -17"><span class='ocrx_word' id='word_1_6' title='bbox 116 484 205 549; x_wconf 75' lang='grc' dir='ltr'><strong>τὴν</strong></span> <span class='ocrx_word' id='word_1_7' title='bbox 233 478 451 541; x_wconf 70' lang='grc' dir='ltr'><strong>δεξιὰν,</strong></span> <span class='ocrx_word' id='word_1_8' title='bbox 476 479 939 546; x_wconf 72' lang='grc' dir='ltr'><strong>παραδιδόντος</strong></span> <span class='ocrx_word' id='word_1_9' title='bbox 964 494 1025 532; x_wconf 87' lang='grc' dir='ltr'><em>τε</em></span> <span class='ocrx_word' id='word_1_10' title='bbox 1052 477 1130 543; x_wconf 85' lang='grc' dir='ltr'><strong>τῷ</strong></span> <span class='ocrx_word' id='word_1_11' title='bbox 1164 477 1675 547; x_wconf 31' lang='grc' dir='ltr'>Ἰούδᾳνρομφαίαν</span> 
     </span>
    </p>
   </div>
   <div class='ocr_carea' id='block_1_4' title="bbox 1791 477 3345 556">
    <p class='ocr_par' dir='ltr' id='par_1_4' title="bbox 1791 479 3345 556">
     <span class='ocr_line' id='line_1_4' title="bbox 1791 479 3345 556; baseline 0.005 -24"><span class='ocrx_word' id='word_1_12' title='bbox 1791 479 1874 533; x_wconf 84' lang='lat' dir='ltr'><strong>Dei</strong></span> <span class='ocrx_word' id='word_1_13' title='bbox 1898 480 1964 534; x_wconf 82' lang='grc'><strong>⁷⁸.</strong></span> <span class='ocrx_word' id='word_1_14' title='bbox 1996 481 2204 536; x_wconf 85' lang='lat' dir='ltr'><strong>Etenim</strong></span> <span class='ocrx_word' id='word_1_15' title='bbox 2242 481 2534 537; x_wconf 86' lang='lat' dir='ltr'><strong>absurdum</strong></span> <span class='ocrx_word' id='word_1_16' title='bbox 2584 491 2668 540; x_wconf 88' lang='lat' dir='ltr'><strong>est</strong></span> <span class='ocrx_word' id='word_1_17' title='bbox 2702 498 2827 541; x_wconf 89' lang='lat' dir='ltr'><strong>cum</strong></span> <span class='ocrx_word' id='word_1_18' title='bbox 2877 486 2929 540; x_wconf 91' lang='lat' dir='ltr'><strong>in</strong></span> <span class='ocrx_word' id='word_1_19' title='bbox 2978 485 3079 540; x_wconf 88' lang='lat' dir='ltr'><strong>hac</strong></span> <span class='ocrx_word' id='word_1_20' title='bbox 3105 486 3214 541; x_wconf 86' lang='lat' dir='ltr'><strong>vita</strong></span> <span class='ocrx_word' id='word_1_21' title='bbox 3249 502 3345 556; x_wconf 89' lang='lat' dir='ltr'><strong>per</strong></span> 
     </span>
    </p>
   </div>
   <div class='ocr_carea' id='block_1_5' title="bbox 114 563 1673 642">
    <p class='ocr_par' dir='ltr' id='par_1_5' title="bbox 114 563 1673 642">
     <span class='ocr_line' id='line_1_5' title="bbox 114 563 1673 642; baseline -0.002 -18"><span class='ocrx_word' id='word_1_22' title='bbox 114 568 316 642; x_wconf 70' lang='grc' dir='ltr'>χρυσῆν</span> <span class='ocrx_word' id='word_1_23' title='bbox 332 587 343 598; x_wconf 79' lang='grc'><em>’</em></span> <span class='ocrx_word' id='word_1_24' title='bbox 370 563 415 635; x_wconf 82' lang='grc' dir='ltr'><strong>ᾧ</strong></span> <span class='ocrx_word' id='word_1_25' title='bbox 443 569 775 640; x_wconf 78' lang='grc' dir='ltr'>ἐμαρτύρει</span> <span class='ocrx_word' id='word_1_26' title='bbox 798 568 955 631; x_wconf 80' lang='grc' dir='ltr'>ἄλλος</span> <span class='ocrx_word' id='word_1_27' title='bbox 986 567 1135 636; x_wconf 81' lang='grc' dir='ltr'>ἀγιος</span> <span class='ocrx_word' id='word_1_28' title='bbox 1162 569 1673 639; x_wconf 85' lang='grc' dir='ltr'>προκεκοιμηνένος,</span> 
     </span>
    </p>
   </div>
   <div class='ocr_carea' id='block_1_6' title="bbox 114 655 1677 731">
    <p class='ocr_par' dir='ltr' id='par_1_6' title="bbox 114 655 1677 731">
     <span class='ocr_line' id='line_1_6' title="bbox 114 655 1677 731; baseline -0.003 -14"><span class='ocrx_word' id='word_1_29' title='bbox 114 664 252 731; x_wconf 73' lang='grc' dir='ltr'>λέγων</span> <span class='ocrx_word' id='word_1_30' title='bbox 268 679 280 690; x_wconf 95' lang='grc'><strong>·</strong></span> <span class='ocrx_word' id='word_1_31' title='bbox 328 655 527 724; x_wconf 81' lang='grc' dir='ltr'><strong>οὗτός</strong></span> <span class='ocrx_word' id='word_1_32' title='bbox 564 662 757 714; x_wconf 78' lang='grc' dir='ltr'>ἐστιν·</span> <span class='ocrx_word' id='word_1_33' title='bbox 775 666 810 716; x_wconf 85' lang='lat' dir='ltr'><strong>d</strong></span> <span class='ocrx_word' id='word_1_34' title='bbox 830 662 1303 730; x_wconf 77' lang='grc' dir='ltr'><strong>προσευχόμενος</strong></span> <span class='ocrx_word' id='word_1_35' title='bbox 1322 661 1521 714; x_wconf 76' lang='grc' dir='ltr'><em>πολλὰ</em></span> <span class='ocrx_word' id='word_1_36' title='bbox 1544 660 1677 728; x_wconf 76' lang='grc' dir='ltr'><strong>περὶ</strong></span> 
     </span>
    </p>
   </div>
   <div class='ocr_carea' id='block_1_7' title="bbox 112 749 1676 820">
    <p class='ocr_par' dir='ltr' id='par_1_7' title="bbox 112 749 1676 820">
     <span class='ocr_line' id='line_1_7' title="bbox 112 749 1676 820; baseline -0.003 -13"><span class='ocrx_word' id='word_1_37' title='bbox 112 754 195 807; x_wconf 81' lang='grc' dir='ltr'>τοῦ</span> <span class='ocrx_word' id='word_1_38' title='bbox 214 751 376 814; x_wconf 71' lang='grc' dir='ltr'>λαοῦ,</span> <span class='ocrx_word' id='word_1_39' title='bbox 396 750 496 803; x_wconf 81' lang='grc' dir='ltr'>καὶ</span> <span class='ocrx_word' id='word_1_40' title='bbox 541 749 665 818; x_wconf 78' lang='grc' dir='ltr'><strong>τῆς</strong></span> <span class='ocrx_word' id='word_1_41' title='bbox 698 751 879 820; x_wconf 76' lang='grc' dir='ltr'>ἁγίας</span> <span class='ocrx_word' id='word_1_42' title='bbox 904 753 1147 815; x_wconf 77' lang='grc' dir='ltr'>πόλεως,</span> <span class='ocrx_word' id='word_1_43' title='bbox 1190 750 1472 817; x_wconf 81' lang='grc' dir='ltr'><strong>Ἱερεμίας</strong></span> <span class='ocrx_word' id='word_1_44' title='bbox 1503 752 1536 802; x_wconf 86' lang='grc' dir='ltr'><strong><em>ό</em></strong></span> <span class='ocrx_word' id='word_1_45' title='bbox 1568 749 1676 803; x_wconf 83' lang='grc' dir='ltr'><strong>τοῦ</strong></span> 
     </span>
    </p>
   </div>
   <div class='ocr_carea' id='block_1_8' title="bbox 117 839 1674 911">
    <p class='ocr_par' dir='ltr' id='par_1_8' title="bbox 117 839 1674 911">
     <span class='ocr_line' id='line_1_8' title="bbox 117 839 1674 911; baseline -0.003 -15"><span class='ocrx_word' id='word_1_46' title='bbox 117 842 231 896; x_wconf 78' lang='grc' dir='ltr'>Θεοῦ</span> <span class='ocrx_word' id='word_1_47' title='bbox 259 840 597 909; x_wconf 60' lang='grc' dir='ltr'><strong>προφήτης.</strong></span> <span class='ocrx_word' id='word_1_48' title='bbox 641 843 763 894; x_wconf 75' lang='grc' dir='ltr'><strong>Καὶ</strong></span> <span class='ocrx_word' id='word_1_49' title='bbox 808 841 913 911; x_wconf 79' lang='grc' dir='ltr'>γὰρ</span> <span class='ocrx_word' id='word_1_50' title='bbox 938 842 1150 902; x_wconf 80' lang='grc' dir='ltr'>ἄτοπον,</span> <span class='ocrx_word' id='word_1_51' title='bbox 1186 840 1286 909; x_wconf 80' lang='grc' dir='ltr'><strong>τῆς</strong></span> <span class='ocrx_word' id='word_1_52' title='bbox 1325 840 1575 907; x_wconf 85' lang='grc' dir='ltr'>γνώσεως</span> <span class='ocrx_word' id='word_1_53' title='bbox 1608 839 1674 892; x_wconf 88' lang='grc' dir='ltr'><strong>δι’</strong></span> 
     </span>
    </p>
   </div>
   <div class='ocr_carea' id='block_1_9' title="bbox 111 929 1676 1001">
    <p class='ocr_par' dir='ltr' id='par_1_9' title="bbox 111 929 1676 1001">
     <span class='ocr_line' id='line_1_9' title="bbox 111 929 1676 1001; baseline -0.003 -15"><span class='ocrx_word' id='word_1_54' title='bbox 111 932 333 1001; x_wconf 67' lang='grc' dir='ltr'>ἐσόπτρου</span> <span class='ocrx_word' id='word_1_55' title='bbox 381 932 480 984; x_wconf 73' lang='grc' dir='ltr'><strong>καὶ</strong></span> <span class='ocrx_word' id='word_1_56' title='bbox 526 933 592 984; x_wconf 80' lang='grc' dir='ltr'>ὲν</span> <span class='ocrx_word' id='word_1_57' title='bbox 644 932 939 1000; x_wconf 80' lang='grc' dir='ltr'>αἰνίγματι</span> <span class='ocrx_word' id='word_1_58' title='bbox 981 931 1085 1001; x_wconf 81' lang='grc'>(95)</span> <span class='ocrx_word' id='word_1_59' title='bbox 1132 931 1222 983; x_wconf 75' lang='grc' dir='ltr'><strong>ἐπὶ</strong></span> <span class='ocrx_word' id='word_1_60' title='bbox 1268 929 1361 981; x_wconf 81' lang='grc' dir='ltr'>τοῦ</span> <span class='ocrx_word' id='word_1_61' title='bbox 1412 930 1676 1001; x_wconf 81' lang='grc' dir='ltr'><strong>παρόντος</strong></span> 
     </span>
    </p>
   </div>
   <div class='ocr_carea' id='block_1_10' title="bbox 110 1022 1678 1095">
    <p class='ocr_par' dir='ltr' id='par_1_10' title="bbox 110 1022 1678 1095">
     <span class='ocr_line' id='line_1_10' title="bbox 110 1022 1678 1095; baseline -0.004 -16"><span class='ocrx_word' id='word_1_62' title='bbox 110 1029 197 1088; x_wconf 67' lang='grc' dir='ltr'>τοῖς</span> <span class='ocrx_word' id='word_1_63' title='bbox 234 1024 392 1091; x_wconf 77' lang='grc' dir='ltr'>ἀξίοις</span> <span class='ocrx_word' id='word_1_64' title='bbox 444 1024 922 1095; x_wconf 73' lang='grc' dir='ltr'>φανερουμένης,</span> <span class='ocrx_word' id='word_1_65' title='bbox 957 1023 1072 1076; x_wconf 82' lang='grc' dir='ltr'>τότε</span> <span class='ocrx_word' id='word_1_66' title='bbox 1116 1023 1172 1076; x_wconf 84' lang='grc' dir='ltr'><strong>δὲ</strong></span> <span class='ocrx_word' id='word_1_67' title='bbox 1212 1023 1500 1094; x_wconf 83' lang='grc' dir='ltr'>πρόσωπον</span> <span class='ocrx_word' id='word_1_68' title='bbox 1542 1022 1678 1092; x_wconf 81' lang='grc' dir='ltr'>πρὸς</span> 
     </span>
    </p>
   </div>
   <div class='ocr_carea' id='block_1_11' title="bbox 112 1114 1678 1188">
    <p class='ocr_par' dir='ltr' id='par_1_11' title="bbox 112 1114 1678 1188">
     <span class='ocr_line' id='line_1_11' title="bbox 112 1114 1678 1188; baseline -0.004 -17"><span class='ocrx_word' id='word_1_69' title='bbox 112 1118 357 1188; x_wconf 66' lang='grc' dir='ltr'>πρόσωπον</span> <span class='ocrx_word' id='word_1_70' title='bbox 398 1117 990 1186; x_wconf 76' lang='grc' dir='ltr'><strong>ἀποκαλυπτομένης,</strong></span> <span class='ocrx_word' id='word_1_71' title='bbox 1039 1115 1111 1185; x_wconf 81' lang='grc' dir='ltr'>μὴ</span> <span class='ocrx_word' id='word_1_72' title='bbox 1170 1115 1231 1167; x_wconf 82' lang='grc' dir='ltr'><strong>τὸ</strong></span> <span class='ocrx_word' id='word_1_73' title='bbox 1279 1114 1537 1182; x_wconf 85' lang='grc' dir='ltr'>ἀνάλογον</span> <span class='ocrx_word' id='word_1_74' title='bbox 1584 1114 1678 1166; x_wconf 78' lang='grc' dir='ltr'>καὶ</span> 
     </span>
    </p>
   </div>
   <div class='ocr_carea' id='block_1_12' title="bbox 115 1204 1679 1278">
    <p class='ocr_par' dir='ltr' id='par_1_12' title="bbox 115 1204 1679 1278">
     <span class='ocr_line' id='line_1_12' title="bbox 115 1204 1679 1278; baseline -0.003 -19"><span class='ocrx_word' id='word_1_75' title='bbox 115 1210 182 1260; x_wconf 64' lang='grc' dir='ltr'>ἐπὶ</span> <span class='ocrx_word' id='word_1_76' title='bbox 218 1208 313 1258; x_wconf 78' lang='grc' dir='ltr'><strong>τῶν</strong></span> <span class='ocrx_word' id='word_1_77' title='bbox 349 1207 565 1259; x_wconf 78' lang='grc' dir='ltr'>λοιπῶν</span> <span class='ocrx_word' id='word_1_78' title='bbox 599 1208 831 1278; x_wconf 77' lang='grc' dir='ltr'>ἀρετῶν</span> <span class='ocrx_word' id='word_1_79' title='bbox 857 1211 1009 1269; x_wconf 80' lang='grc' dir='ltr'>νοεῖν,</span> <span class='ocrx_word' id='word_1_80' title='bbox 1044 1207 1160 1259; x_wconf 79' lang='grc' dir='ltr'><strong>τότε</strong></span> <span class='ocrx_word' id='word_1_81' title='bbox 1192 1207 1392 1278; x_wconf 79' lang='grc' dir='ltr'>κυρίως</span> <span class='ocrx_word' id='word_1_82' title='bbox 1416 1204 1523 1257; x_wconf 80' lang='grc' dir='ltr'>τῶν</span> <span class='ocrx_word' id='word_1_83' title='bbox 1553 1222 1679 1275; x_wconf 80' lang='grc' dir='ltr'><strong>προ⁴</strong></span> 
     </span>
    </p>
   </div>
   <div class='ocr_carea' id='block_1_13' title="bbox 112 1295 1673 1368">
    <p class='ocr_par' dir='ltr' id='par_1_13' title="bbox 112 1295 1673 1368">
     <span class='ocr_line' id='line_1_13' title="bbox 112 1295 1673 1368; baseline -0.002 -18"><span class='ocrx_word' id='word_1_84' title='bbox 112 1296 675 1368; x_wconf 65' lang='grc' dir='ltr'><strong>παρασκευασαμένων</strong></span> <span class='ocrx_word' id='word_1_85' title='bbox 718 1298 781 1348; x_wconf 76' lang='grc' dir='ltr'>ἐν</span> <span class='ocrx_word' id='word_1_86' title='bbox 824 1296 899 1365; x_wconf 81' lang='grc' dir='ltr'>τῷ</span> <span class='ocrx_word' id='word_1_87' title='bbox 939 1296 1033 1365; x_wconf 82' lang='grc' dir='ltr'><strong>βίῳ</strong></span> <span class='ocrx_word' id='word_1_88' title='bbox 1068 1295 1239 1365; x_wconf 72' lang='grc' dir='ltr'>τούτῳ</span> <span class='ocrx_word' id='word_1_89' title='bbox 1271 1295 1673 1365; x_wconf 82' lang='grc' dir='ltr'>τελειουμένων.</span> 
     </span>
    </p>
   </div>
   <div class='ocr_carea' id='block_1_14' title="bbox 111 1384 1677 1454">
    <p class='ocr_par' dir='ltr' id='par_1_14' title="bbox 111 1384 1677 1454">
     <span class='ocr_line' id='line_1_14' title="bbox 111 1384 1677 1454; baseline 0 -19"><span class='ocrx_word' id='word_1_90' title='bbox 111 1385 196 1435; x_wconf 74' lang='grc' dir='ltr'>Μία</span> <span class='ocrx_word' id='word_1_91' title='bbox 232 1384 282 1435; x_wconf 80' lang='grc' dir='ltr'><strong>δὲ</strong></span> <span class='ocrx_word' id='word_1_92' title='bbox 325 1384 713 1451; x_wconf 72' lang='grc' dir='ltr'><strong>κυριωτάτων</strong></span> <span class='ocrx_word' id='word_1_93' title='bbox 756 1384 962 1454; x_wconf 82' lang='grc' dir='ltr'>ἀρετῶν</span> <span class='ocrx_word' id='word_1_94' title='bbox 1007 1384 1145 1436; x_wconf 85' lang='grc' dir='ltr'><strong>κατά</strong></span> <span class='ocrx_word' id='word_1_95' title='bbox 1189 1384 1280 1436; x_wconf 82' lang='grc' dir='ltr'><strong>τὸν</strong></span> <span class='ocrx_word' id='word_1_96' title='bbox 1333 1384 1474 1437; x_wconf 86' lang='grc' dir='ltr'>θεῖον</span> <span class='ocrx_word' id='word_1_97' title='bbox 1522 1384 1677 1451; x_wconf 88' lang='grc' dir='ltr'>λόγον</span> 
     </span>
    </p>
   </div>
   <div class='ocr_carea' id='block_1_15' title="bbox 113 1472 1676 1544">
    <p class='ocr_par' dir='ltr' id='par_1_15' title="bbox 113 1472 1676 1544">
     <span class='ocr_line' id='line_1_15' title="bbox 113 1472 1676 1544; baseline -0.002 -18"><span class='ocrx_word' id='word_1_98' title='bbox 113 1474 277 1543; x_wconf 77' lang='grc' dir='ltr'>ἐπὶνὴ</span> <span class='ocrx_word' id='word_1_99' title='bbox 308 1472 444 1544; x_wconf 73' lang='grc' dir='ltr'>πρὸς</span> <span class='ocrx_word' id='word_1_100' title='bbox 466 1472 570 1525; x_wconf 80' lang='grc' dir='ltr'><strong>τὸν</strong></span> <span class='ocrx_word' id='word_1_101' title='bbox 610 1473 856 1543; x_wconf 82' lang='grc' dir='ltr'><strong>πλησίον</strong></span> <span class='ocrx_word' id='word_1_102' title='bbox 887 1473 1100 1543; x_wconf 86' lang='grc' dir='ltr'>ἀγάπη,</span> <span class='ocrx_word' id='word_1_103' title='bbox 1144 1473 1210 1543; x_wconf 74' lang='grc' dir='ltr'>ἣν</span> <span class='ocrx_word' id='word_1_104' title='bbox 1258 1473 1435 1543; x_wconf 81' lang='grc' dir='ltr'>πολλῷ</span> <span class='ocrx_word' id='word_1_105' title='bbox 1480 1474 1676 1543; x_wconf 83' lang='grc' dir='ltr'>μᾶλλον</span> 
     </span>
    </p>
   </div>
   <div class='ocr_carea' id='block_1_16' title="bbox 112 1567 1678 1637">
    <p class='ocr_par' dir='ltr' id='par_1_16' title="bbox 112 1567 1678 1637">
     <span class='ocr_line' id='line_1_16' title="bbox 112 1567 1678 1637; baseline 0.001 -18"><span class='ocrx_word' id='word_1_106' title='bbox 112 1570 345 1637; x_wconf 73' lang='grc' dir='ltr'>προσεῖναι</span> <span class='ocrx_word' id='word_1_107' title='bbox 377 1570 499 1630; x_wconf 81' lang='grc' dir='ltr'>τοῖς</span> <span class='ocrx_word' id='word_1_108' title='bbox 551 1567 1101 1637; x_wconf 82' lang='grc' dir='ltr'>προκεκοιμημένοις</span> <span class='ocrx_word' id='word_1_109' title='bbox 1151 1568 1325 1635; x_wconf 80' lang='grc' dir='ltr'><strong>ἁγίοις</strong></span> <span class='ocrx_word' id='word_1_110' title='bbox 1374 1568 1509 1637; x_wconf 72' lang='grc' dir='ltr'>πρὸς</span> <span class='ocrx_word' id='word_1_111' title='bbox 1552 1569 1678 1631; x_wconf 76' lang='grc' dir='ltr'>τοὺς</span> 
     </span>
    </p>
   </div>
   <div class='ocr_carea' id='block_1_17' title="bbox 112 1656 1678 1730">
    <p class='ocr_par' dir='ltr' id='par_1_17' title="bbox 112 1656 1678 1730">
     <span class='ocr_line' id='line_1_17' title="bbox 112 1656 1678 1730; baseline 0.001 -19"><span class='ocrx_word' id='word_1_112' title='bbox 112 1661 153 1711; x_wconf 83' lang='grc' dir='ltr'>ἐν</span> <span class='ocrx_word' id='word_1_113' title='bbox 172 1657 256 1727; x_wconf 69' lang='grc' dir='ltr'><strong>βίῳ</strong></span> <span class='ocrx_word' id='word_1_114' title='bbox 279 1656 769 1728; x_wconf 67' lang='grc' dir='ltr'><strong>ἀγωνιζομένους,</strong></span> <span class='ocrx_word' id='word_1_115' title='bbox 796 1659 1086 1725; x_wconf 84' lang='grc' dir='ltr'>ἀναγκαῖον</span> <span class='ocrx_word' id='word_1_116' title='bbox 1117 1662 1276 1722; x_wconf 79' lang='grc' dir='ltr'>νοεῖν,</span> <span class='ocrx_word' id='word_1_117' title='bbox 1294 1659 1443 1730; x_wconf 85' lang='grc' dir='ltr'>ποιρά</span> <span class='ocrx_word' id='word_1_118' title='bbox 1468 1661 1592 1722; x_wconf 81' lang='grc' dir='ltr'>τοὺς</span> <span class='ocrx_word' id='word_1_119' title='bbox 1621 1662 1678 1712; x_wconf 82' lang='grc' dir='ltr'>ὲν</span> 
     </span>
    </p>
   </div>
   <div class='ocr_carea' id='block_1_18' title="bbox 110 1748 1678 1821">
    <p class='ocr_par' dir='ltr' id='par_1_18' title="bbox 110 1748 1678 1821">
     <span class='ocr_line' id='line_1_18' title="bbox 110 1748 1678 1821; baseline 0 -20"><span class='ocrx_word' id='word_1_120' title='bbox 110 1753 156 1817; x_wconf 75' lang='grc' dir='ltr'>τῇ</span> <span class='ocrx_word' id='word_1_121' title='bbox 179 1749 481 1821; x_wconf 75' lang='grc' dir='ltr'>ἀνθρωπίνῃ</span> <span class='ocrx_word' id='word_1_122' title='bbox 513 1748 804 1818; x_wconf 73' lang='grc' dir='ltr'>ἀσθενείᾳ</span> <span class='ocrx_word' id='word_1_123' title='bbox 831 1750 1217 1819; x_wconf 77' lang='grc' dir='ltr'>τυγχάνοντας,</span> <span class='ocrx_word' id='word_1_124' title='bbox 1255 1749 1348 1802; x_wconf 77' lang='grc' dir='ltr'><strong>καὶ</strong></span> <span class='ocrx_word' id='word_1_125' title='bbox 1383 1766 1678 1817; x_wconf 82' lang='grc' dir='ltr'>συναγωνι-</span> 
     </span>
    </p>
   </div>
   <div class='ocr_carea' id='block_1_19' title="bbox 111 1839 1675 1911">
    <p class='ocr_par' dir='ltr' id='par_1_19' title="bbox 111 1839 1675 1911">
     <span class='ocr_line' id='line_1_19' title="bbox 111 1839 1675 1911; baseline 0.001 -21"><span class='ocrx_word' id='word_1_126' title='bbox 111 1839 321 1910; x_wconf 69' lang='grc' dir='ltr'>ζομένους</span> <span class='ocrx_word' id='word_1_127' title='bbox 344 1844 461 1903; x_wconf 83' lang='grc' dir='ltr'>τοῖς</span> <span class='ocrx_word' id='word_1_128' title='bbox 497 1840 973 1911; x_wconf 80' lang='grc' dir='ltr'>ὑποδεεστέροις’</span> <span class='ocrx_word' id='word_1_129' title='bbox 1009 1842 1067 1893; x_wconf 83' lang='grc' dir='ltr'><strong>οὐ</strong></span> <span class='ocrx_word' id='word_1_130' title='bbox 1113 1842 1269 1910; x_wconf 84' lang='grc' dir='ltr'>μόνον</span> <span class='ocrx_word' id='word_1_131' title='bbox 1304 1841 1536 1894; x_wconf 78' lang='grc' dir='ltr'>ἐνταῦθα</span> <span class='ocrx_word' id='word_1_132' title='bbox 1560 1841 1675 1904; x_wconf 87' lang='grc' dir='ltr'>τοῦ,</span> 
     </span>
    </p>
   </div>
   <div class='ocr_carea' id='block_1_20' title="bbox 109 1927 1677 2000">
    <p class='ocr_par' dir='ltr' id='par_1_20' title="bbox 109 1927 1677 2000">
     <span class='ocr_line' id='line_1_20' title="bbox 109 1927 1677 2000; baseline 0.003 -18"><span class='ocrx_word' id='word_1_133' title='bbox 109 1933 160 1982; x_wconf 85' lang='lat' dir='ltr'><strong>El</strong></span> <span class='ocrx_word' id='word_1_134' title='bbox 174 1931 367 1997; x_wconf 75' lang='grc' dir='ltr'>πάσχει</span> <span class='ocrx_word' id='word_1_135' title='bbox 378 1931 587 1999; x_wconf 76' lang='grc' dir='ltr'>μέλος</span> <span class='ocrx_word' id='word_1_136' title='bbox 611 1930 715 1993; x_wconf 72' lang='grc' dir='ltr'><strong>ἐν,</strong></span> <span class='ocrx_word' id='word_1_137' title='bbox 729 1928 1075 1998; x_wconf 78' lang='grc' dir='ltr'>συμπάσχει</span> <span class='ocrx_word' id='word_1_138' title='bbox 1092 1927 1284 1985; x_wconf 77' lang='grc' dir='ltr'>πάντα</span> <span class='ocrx_word' id='word_1_139' title='bbox 1299 1934 1368 1984; x_wconf 85' lang='grc' dir='ltr'><em>τὰ</em></span> <span class='ocrx_word' id='word_1_140' title='bbox 1382 1934 1560 2000; x_wconf 73' lang='grc' dir='ltr'>μέλη,</span> <span class='ocrx_word' id='word_1_141' title='bbox 1582 1934 1677 1986; x_wconf 81' lang='grc' dir='ltr'>καὶ</span> 
     </span>
    </p>
   </div>
   <div class='ocr_carea' id='block_1_21' title="bbox 110 2018 1677 2091">
    <p class='ocr_par' dir='ltr' id='par_1_21' title="bbox 110 2018 1677 2091">
     <span class='ocr_line' id='line_1_21' title="bbox 110 2018 1677 2091; baseline 0.004 -22"><span class='ocrx_word' id='word_1_142' title='bbox 110 2022 145 2069; x_wconf 77' lang='grc' dir='ltr'>εὶ</span> <span class='ocrx_word' id='word_1_143' title='bbox 170 2018 454 2080; x_wconf 78' lang='grc' dir='ltr'><strong>δοξάζεται</strong></span> <span class='ocrx_word' id='word_1_144' title='bbox 483 2019 703 2087; x_wconf 71' lang='grc' dir='ltr'>μέλος</span> <span class='ocrx_word' id='word_1_145' title='bbox 733 2018 826 2083; x_wconf 81' lang='grc' dir='ltr'><strong>ἐν,</strong></span> <span class='ocrx_word' id='word_1_146' title='bbox 852 2024 1157 2091; x_wconf 80' lang='grc' dir='ltr'>συγχαίρει</span> <span class='ocrx_word' id='word_1_147' title='bbox 1177 2023 1371 2075; x_wconf 74' lang='grc' dir='ltr'>πάντα</span> <span class='ocrx_word' id='word_1_148' title='bbox 1402 2024 1473 2076; x_wconf 81' lang='grc' dir='ltr'><em>τὰ</em></span> <span class='ocrx_word' id='word_1_149' title='bbox 1499 2023 1677 2090; x_wconf 79' lang='grc' dir='ltr'>μέλη,</span> 
     </span>
    </p>
   </div>
   <div class='ocr_carea' id='block_1_22' title="bbox 109 2108 1681 2185">
    <p class='ocr_par' dir='ltr' id='par_1_22' title="bbox 109 2108 1681 2185">
     <span class='ocr_line' id='line_1_22' title="bbox 109 2108 1681 2185; baseline 0.006 -27"><span class='ocrx_word' id='word_1_150' title='bbox 109 2111 193 2169; x_wconf 67' lang='grc' dir='ltr'>τοῖς</span> <span class='ocrx_word' id='word_1_151' title='bbox 224 2108 573 2178; x_wconf 60' lang='grc' dir='ltr'>ᾳιλαδέλιροις</span> <span class='ocrx_word' id='word_1_152' title='bbox 630 2112 1024 2181; x_wconf 75' lang='grc' dir='ltr'>ἐγγινομένουο</span> <span class='ocrx_word' id='word_1_153' title='bbox 1066 2114 1269 2183; x_wconf 80' lang='grc' dir='ltr'>πρέπον</span> <span class='ocrx_word' id='word_1_154' title='bbox 1294 2115 1400 2185; x_wconf 80' lang='grc' dir='ltr'><strong>γάρ</strong></span> <span class='ocrx_word' id='word_1_155' title='bbox 1435 2117 1546 2167; x_wconf 77' lang='grc' dir='ltr'>ἐστι</span> <span class='ocrx_word' id='word_1_156' title='bbox 1589 2114 1681 2167; x_wconf 76' lang='grc' dir='ltr'><strong>καὶ</strong></span> 
     </span>
    </p>
   </div>
   <div class='ocr_carea' id='block_1_23' title="bbox 111 2199 1677 2276">
    <p class='ocr_par' dir='ltr' id='par_1_23' title="bbox 111 2199 1677 2276">
     <span class='ocr_line' id='line_1_23' title="bbox 111 2199 1677 2276; baseline 0.006 -26"><span class='ocrx_word' id='word_1_157' title='bbox 111 2203 156 2267; x_wconf 67' lang='grc' dir='ltr'><strong>τῇ</strong></span> <span class='ocrx_word' id='word_1_158' title='bbox 181 2199 270 2251; x_wconf 81' lang='grc' dir='ltr'><strong>τῶν</strong></span> <span class='ocrx_word' id='word_1_159' title='bbox 305 2200 410 2265; x_wconf 76' lang='grc' dir='ltr'><strong>ἔξω</strong></span> <span class='ocrx_word' id='word_1_160' title='bbox 446 2203 555 2272; x_wconf 82' lang='grc' dir='ltr'><strong>τῆς</strong></span> <span class='ocrx_word' id='word_1_161' title='bbox 583 2204 891 2274; x_wconf 77' lang='grc' dir='ltr'>παρούσης</span> <span class='ocrx_word' id='word_1_162' title='bbox 923 2204 1065 2274; x_wconf 81' lang='grc' dir='ltr'>ζωῆς</span> <span class='ocrx_word' id='word_1_163' title='bbox 1104 2205 1289 2275; x_wconf 81' lang='grc' dir='ltr'>ἀγάπῃ</span> <span class='ocrx_word' id='word_1_164' title='bbox 1319 2204 1499 2272; x_wconf 87' lang='grc' dir='ltr'>λέγειν</span> <span class='ocrx_word' id='word_1_165' title='bbox 1532 2205 1638 2276; x_wconf 86' lang='grc'>(96)</span> <span class='ocrx_word' id='word_1_166' title='bbox 1663 2223 1677 2236; x_wconf 83' lang='lat'><strong><em>°</em></strong></span> 
     </span>
    </p>
   </div>
   <div class='ocr_carea' id='block_1_24' title="bbox 117 2292 1678 2363">
    <p class='ocr_par' dir='ltr' id='par_1_24' title="bbox 117 2292 1678 2363">
     <span class='ocr_line' id='line_1_24' title="bbox 117 2292 1678 2363; baseline 0.003 -20"><span class='ocrx_word' id='word_1_167' title='bbox 117 2292 168 2343; x_wconf 81' lang='grc' dir='ltr'><strong><em>Ἡ</em></strong></span> <span class='ocrx_word' id='word_1_168' title='bbox 181 2292 421 2362; x_wconf 72' lang='grc' dir='ltr'>μέριμνα</span> <span class='ocrx_word' id='word_1_169' title='bbox 458 2295 709 2349; x_wconf 75' lang='grc' dir='ltr'><em>πασῶν</em></span> <span class='ocrx_word' id='word_1_170' title='bbox 741 2293 865 2348; x_wconf 80' lang='grc' dir='ltr'><strong>τῶν</strong></span> <span class='ocrx_word' id='word_1_171' title='bbox 894 2296 1230 2362; x_wconf 74' lang='grc' dir='ltr'><strong>ἐκκλησιῶν</strong></span> <span class='ocrx_word' id='word_1_172' title='bbox 1247 2314 1260 2326; x_wconf 75' lang='grc' dir='ltr'><strong>ο</strong></span> <span class='ocrx_word' id='word_1_173' title='bbox 1296 2298 1390 2362; x_wconf 85' lang='grc' dir='ltr'>Τίς</span> <span class='ocrx_word' id='word_1_174' title='bbox 1418 2296 1678 2363; x_wconf 79' lang='grc' dir='ltr'><strong>ἀσθενεῖ,</strong></span> 
     </span>
    </p>
   </div>
   <div class='ocr_carea' id='block_1_25' title="bbox 108 2381 1682 2455">
    <p class='ocr_par' dir='ltr' id='par_1_25' title="bbox 108 2381 1682 2455">
     <span class='ocr_line' id='line_1_25' title="bbox 108 2381 1682 2455; baseline 0.006 -26"><span class='ocrx_word' id='word_1_175' title='bbox 108 2381 179 2431; x_wconf 72' lang='lat' dir='ltr'><strong>rol</strong></span> <span class='ocrx_word' id='word_1_176' title='bbox 205 2384 303 2433; x_wconf 75' lang='grc' dir='ltr'>οὐκ</span> <span class='ocrx_word' id='word_1_177' title='bbox 319 2383 604 2447; x_wconf 64' lang='lat' dir='ltr'><strong>dcam-t1);</strong></span> <span class='ocrx_word' id='word_1_178' title='bbox 657 2384 762 2449; x_wconf 78' lang='grc' dir='ltr'>Τίς</span> <span class='ocrx_word' id='word_1_179' title='bbox 790 2384 1264 2450; x_wconf 76' lang='grc' dir='ltr'><strong>σκανδαλίζεται,</strong></span> <span class='ocrx_word' id='word_1_180' title='bbox 1300 2386 1399 2439; x_wconf 80' lang='grc' dir='ltr'>καὶ</span> <span class='ocrx_word' id='word_1_181' title='bbox 1426 2387 1537 2439; x_wconf 74' lang='grc' dir='ltr'>οὐκ</span> <span class='ocrx_word' id='word_1_182' title='bbox 1568 2384 1682 2455; x_wconf 78' lang='grc' dir='ltr'>ἐγὼ</span> 
     </span>
    </p>
   </div>
   <div class='ocr_carea' id='block_1_26' title="bbox 105 2473 1682 2548">
    <p class='ocr_par' dir='ltr' id='par_1_26' title="bbox 105 2473 1682 2548">
     <span class='ocr_line' id='line_1_26' title="bbox 105 2473 1682 2548; baseline 0.004 -25"><span class='ocrx_word' id='word_1_183' title='bbox 105 2473 357 2541; x_wconf 58' lang='grc' dir='ltr'>πιφοῦμαι</span> <span class='ocrx_word' id='word_1_184' title='bbox 406 2492 422 2540; x_wconf 90' lang='grc'><strong>;</strong></span> <span class='ocrx_word' id='word_1_185' title='bbox 475 2477 604 2529; x_wconf 71' lang='grc' dir='ltr'>Καὶ</span> <span class='ocrx_word' id='word_1_186' title='bbox 665 2474 848 2529; x_wconf 83' lang='grc' dir='ltr'>ταῦτα</span> <span class='ocrx_word' id='word_1_187' title='bbox 892 2476 982 2529; x_wconf 84' lang='grc' dir='ltr'>τοῦ</span> <span class='ocrx_word' id='word_1_188' title='bbox 1027 2477 1261 2548; x_wconf 81' lang='grc' dir='ltr'>Χριστοῦ</span> <span class='ocrx_word' id='word_1_189' title='bbox 1298 2477 1682 2548; x_wconf 85' lang='grc' dir='ltr'>ὁμολογοῦντος</span> 
     </span>
    </p>
   </div>
   <div class='ocr_carea' id='block_1_27' title="bbox 106 2562 1676 2637">
    <p class='ocr_par' dir='ltr' id='par_1_27' title="bbox 106 2562 1676 2637">
     <span class='ocr_line' id='line_1_27' title="bbox 106 2562 1676 2637; baseline 0.004 -23"><span class='ocrx_word' id='word_1_190' title='bbox 106 2562 198 2615; x_wconf 63' lang='grc' dir='ltr'>καθ’</span> <span class='ocrx_word' id='word_1_191' title='bbox 244 2564 478 2619; x_wconf 70' lang='grc' dir='ltr'>ἕκαστον</span> <span class='ocrx_word' id='word_1_192' title='bbox 547 2565 680 2619; x_wconf 81' lang='grc' dir='ltr'><strong>τῶν</strong></span> <span class='ocrx_word' id='word_1_193' title='bbox 743 2566 1110 2621; x_wconf 77' lang='grc' dir='ltr'>ἀσθενούντων</span> <span class='ocrx_word' id='word_1_194' title='bbox 1163 2568 1329 2637; x_wconf 81' lang='grc' dir='ltr'>ἁγίων</span> <span class='ocrx_word' id='word_1_195' title='bbox 1394 2569 1637 2623; x_wconf 84' lang='grc' dir='ltr'>ἀσθενεῖν</span> <span class='ocrx_word' id='word_1_196' title='bbox 1664 2586 1676 2599; x_wconf 70' lang='grc' dir='ltr'><strong><em>ο</em></strong></span> 
     </span>
    </p>
   </div>
   <div class='ocr_carea' id='block_1_28' title="bbox 103 2651 1683 2727">
    <p class='ocr_par' dir='ltr' id='par_1_28' title="bbox 103 2651 1683 2727">
     <span class='ocr_line' id='line_1_28' title="bbox 103 2651 1683 2727; baseline 0.004 -24"><span class='ocrx_word' id='word_1_197' title='bbox 103 2652 267 2720; x_wconf 69' lang='grc' dir='ltr'>ὁμοίως</span> <span class='ocrx_word' id='word_1_198' title='bbox 307 2656 403 2708; x_wconf 72' lang='grc' dir='ltr'><strong>καὶ</strong></span> <span class='ocrx_word' id='word_1_199' title='bbox 446 2658 511 2708; x_wconf 80' lang='grc' dir='ltr'><strong>ἐν</strong></span> <span class='ocrx_word' id='word_1_200' title='bbox 562 2654 805 2725; x_wconf 80' lang='grc' dir='ltr'>φυλακῇ</span> <span class='ocrx_word' id='word_1_201' title='bbox 836 2651 974 2709; x_wconf 82' lang='grc' dir='ltr'>εἶναι</span> <span class='ocrx_word' id='word_1_202' title='bbox 998 2698 1012 2721; x_wconf 84' lang='grc'><strong>,</strong></span> <span class='ocrx_word' id='word_1_203' title='bbox 1046 2657 1137 2709; x_wconf 78' lang='grc' dir='ltr'><strong>καὶ</strong></span> <span class='ocrx_word' id='word_1_204' title='bbox 1182 2656 1683 2727; x_wconf 80' lang='grc' dir='ltr'>γυμνιτεύειν,ξενι-</span> 
     </span>
    </p>
   </div>
   <div class='ocr_carea' id='block_1_29' title="bbox 103 2746 1681 2820">
    <p class='ocr_par' dir='ltr' id='par_1_29' title="bbox 103 2746 1681 2820">
     <span class='ocr_line' id='line_1_29' title="bbox 103 2746 1681 2820; baseline 0.004 -23"><span class='ocrx_word' id='word_1_205' title='bbox 103 2746 244 2799; x_wconf 70' lang='grc' dir='ltr'>ςεὺειν</span> <span class='ocrx_word' id='word_1_206' title='bbox 274 2765 332 2800; x_wconf 85' lang='grc' dir='ltr'>τε</span> <span class='ocrx_word' id='word_1_207' title='bbox 361 2749 460 2801; x_wconf 78' lang='grc' dir='ltr'><strong>καὶ</strong></span> <span class='ocrx_word' id='word_1_208' title='bbox 496 2749 744 2818; x_wconf 81' lang='grc' dir='ltr'>πεινᾷν,</span> <span class='ocrx_word' id='word_1_209' title='bbox 773 2748 871 2799; x_wconf 77' lang='grc' dir='ltr'>καὶ</span> <span class='ocrx_word' id='word_1_210' title='bbox 902 2747 1055 2818; x_wconf 68' lang='grc' dir='ltr'>διψᾷν</span> <span class='ocrx_word' id='word_1_211' title='bbox 1076 2765 1088 2778; x_wconf 87' lang='grc'><strong>·</strong></span> <span class='ocrx_word' id='word_1_212' title='bbox 1120 2750 1203 2812; x_wconf 86' lang='grc' dir='ltr'><strong>τίς</strong></span> <span class='ocrx_word' id='word_1_213' title='bbox 1235 2749 1342 2820; x_wconf 83' lang='grc' dir='ltr'>γὰρ</span> <span class='ocrx_word' id='word_1_214' title='bbox 1370 2751 1551 2818; x_wconf 86' lang='grc' dir='ltr'>ἀγνοεῖ</span> <span class='ocrx_word' id='word_1_215' title='bbox 1575 2748 1681 2803; x_wconf 83' lang='grc' dir='ltr'><strong>τῶν</strong></span> 
     </span>
    </p>
   </div>
   <div class='ocr_carea' id='block_1_30' title="bbox 102 2831 1685 2909">
    <p class='ocr_par' dir='ltr' id='par_1_30' title="bbox 102 2831 1685 2909">
     <span class='ocr_line' id='line_1_30' title="bbox 102 2831 1685 2909; baseline 0.003 -20"><span class='ocrx_word' id='word_1_216' title='bbox 102 2836 509 2907; x_wconf 61' lang='grc' dir='ltr'>ἑντλγχανόντων</span> <span class='ocrx_word' id='word_1_217' title='bbox 564 2837 665 2909; x_wconf 84' lang='grc' dir='ltr'><strong>τῷ</strong></span> <span class='ocrx_word' id='word_1_218' title='bbox 708 2831 1029 2909; x_wconf 73' lang='grc' dir='ltr'>Εὐαγγελίῳ</span> <span class='ocrx_word' id='word_1_219' title='bbox 1079 2842 1142 2909; x_wconf 83' lang='grc' dir='ltr'><strong>τῇ</strong></span> <span class='ocrx_word' id='word_1_220' title='bbox 1194 2841 1275 2907; x_wconf 76' lang='grc' dir='ltr'><strong>ἐφ’</strong></span> <span class='ocrx_word' id='word_1_221' title='bbox 1326 2841 1515 2893; x_wconf 78' lang='grc' dir='ltr'>ἑαυτὸν</span> <span class='ocrx_word' id='word_1_222' title='bbox 1555 2841 1685 2894; x_wconf 88' lang='grc' dir='ltr'>ἀνα-</span> 
     </span>
    </p>
   </div>
   <div class='ocr_carea' id='block_1_31' title="bbox 101 2930 1682 3002">
    <p class='ocr_par' dir='ltr' id='par_1_31' title="bbox 101 2930 1682 3002">
     <span class='ocr_line' id='line_1_31' title="bbox 101 2930 1682 3002; baseline 0.001 -20"><span class='ocrx_word' id='word_1_223' title='bbox 101 2932 212 3000; x_wconf 71' lang='grc' dir='ltr'>φορᾷ</span> <span class='ocrx_word' id='word_1_224' title='bbox 238 2932 342 2983; x_wconf 81' lang='grc' dir='ltr'><strong>τῶν</strong></span> <span class='ocrx_word' id='word_1_225' title='bbox 377 2930 830 3001; x_wconf 74' lang='grc' dir='ltr'>συμϐαινόντων</span> <span class='ocrx_word' id='word_1_226' title='bbox 863 2933 971 2993; x_wconf 84' lang='grc' dir='ltr'>τοῖς</span> <span class='ocrx_word' id='word_1_227' title='bbox 1001 2930 1310 2983; x_wconf 80' lang='grc' dir='ltr'>πιστεύουσι</span> <span class='ocrx_word' id='word_1_228' title='bbox 1340 2931 1682 3002; x_wconf 78' lang='grc' dir='ltr'>λογιζόμενον</span> 
     </span>
    </p>
   </div>
   <div class='ocr_carea' id='block_1_32' title="bbox 98 3018 1680 3095">
    <p class='ocr_par' dir='ltr' id='par_1_32' title="bbox 98 3018 1680 3095">
     <span class='ocr_line' id='line_1_32' title="bbox 98 3018 1680 3095; baseline 0.004 -23"><span class='ocrx_word' id='word_1_229' title='bbox 98 3022 170 3073; x_wconf 71' lang='grc' dir='ltr'>τὸν</span> <span class='ocrx_word' id='word_1_230' title='bbox 194 3023 417 3095; x_wconf 77' lang='grc' dir='ltr'>Χριστὸν</span> <span class='ocrx_word' id='word_1_231' title='bbox 449 3024 574 3077; x_wconf 74' lang='grc' dir='ltr'>ἴδια</span> <span class='ocrx_word' id='word_1_232' title='bbox 612 3018 771 3075; x_wconf 76' lang='grc' dir='ltr'>εἶναι</span> <span class='ocrx_word' id='word_1_233' title='bbox 795 3022 1091 3093; x_wconf 79' lang='grc' dir='ltr'>παθήματα</span> <span class='ocrx_word' id='word_1_234' title='bbox 1114 3040 1129 3088; x_wconf 91' lang='grc'><strong>;</strong></span> <span class='ocrx_word' id='word_1_235' title='bbox 1161 3024 1222 3075; x_wconf 84' lang='grc' dir='ltr'><strong>Οἱ</strong></span> <span class='ocrx_word' id='word_1_236' title='bbox 1244 3023 1299 3076; x_wconf 81' lang='grc' dir='ltr'>δὲ</span> <span class='ocrx_word' id='word_1_237' title='bbox 1315 3022 1551 3094; x_wconf 72' lang='grc' dir='ltr'>ἄγγελοι</span> <span class='ocrx_word' id='word_1_238' title='bbox 1574 3025 1680 3095; x_wconf 89' lang='lat'><strong>(97)</strong></span> 
     </span>
    </p>
   </div>
   <div class='ocr_carea' id='block_1_33' title="bbox 1626 1813 1752 1866">
    <p class='ocr_par' dir='ltr' id='par_1_33' title="bbox 1626 1813 1752 1866">
     <span class='ocr_line' id='line_1_33' title="bbox 1626 1813 1752 1866; baseline 0 0"><span class='ocrx_word' id='word_1_239' title='bbox 1626 1841 1651 1866; x_wconf 67' lang='grc' dir='ltr'>π</span> <span class='ocrx_word' id='word_1_240' title='bbox 1711 1813 1752 1866; x_wconf 91' lang='grc' dir='ltr'><strong>Β</strong></span> 
     </span>
    </p>
   </div>
   <div class='ocr_carea' id='block_1_34' title="bbox 1778 568 3342 643">
    <p class='ocr_par' dir='ltr' id='par_1_34' title="bbox 1778 568 3342 643">
     <span class='ocr_line' id='line_1_34' title="bbox 1778 568 3342 643; baseline 0.006 -23"><span class='ocrx_word' id='word_1_241' title='bbox 1778 568 2051 634; x_wconf 82' lang='lat' dir='ltr'><strong>speculum</strong></span> <span class='ocrx_word' id='word_1_242' title='bbox 2083 578 2291 624; x_wconf 90' lang='lat' dir='ltr'><strong>tantum</strong></span> <span class='ocrx_word' id='word_1_243' title='bbox 2322 579 2376 625; x_wconf 85' lang='lat' dir='ltr'><strong>et</strong></span> <span class='ocrx_word' id='word_1_244' title='bbox 2400 572 2456 624; x_wconf 88' lang='lat' dir='ltr'><strong>in</strong></span> <span class='ocrx_word' id='word_1_245' title='bbox 2491 572 2782 643; x_wconf 61' lang='lat' dir='ltr'><strong>aenigmate</strong></span> <span class='ocrx_word' id='word_1_246' title='bbox 2809 574 2983 629; x_wconf 81' lang='lat' dir='ltr'><strong>sancti</strong></span> <span class='ocrx_word' id='word_1_247' title='bbox 3014 575 3259 641; x_wconf 89' lang='lat' dir='ltr'><strong>videant,</strong></span> <span class='ocrx_word' id='word_1_248' title='bbox 3288 576 3342 629; x_wconf 83' lang='lat' dir='ltr'><strong>in</strong></span> 
     </span>
    </p>
   </div>
   <div class='ocr_carea' id='block_1_35' title="bbox 1777 658 3342 731">
    <p class='ocr_par' dir='ltr' id='par_1_35' title="bbox 1777 658 3342 731">
     <span class='ocr_line' id='line_1_35' title="bbox 1777 658 3342 731; baseline 0.009 -22"><span class='ocrx_word' id='word_1_249' title='bbox 1777 658 1954 711; x_wconf 78' lang='lat' dir='ltr'><strong>futura</strong></span> <span class='ocrx_word' id='word_1_250' title='bbox 1985 669 2163 713; x_wconf 85' lang='lat' dir='ltr'><strong>autem</strong></span> <span class='ocrx_word' id='word_1_251' title='bbox 2202 661 2343 716; x_wconf 81' lang='lat' dir='ltr'><strong>facie</strong></span> <span class='ocrx_word' id='word_1_252' title='bbox 2370 662 2437 716; x_wconf 91' lang='lat' dir='ltr'><strong>ad</strong></span> <span class='ocrx_word' id='word_1_253' title='bbox 2468 662 2661 719; x_wconf 77' lang='lat' dir='ltr'><strong>faciem</strong></span> <span class='ocrx_word' id='word_1_254' title='bbox 2691 666 2799 719; x_wconf 89' lang='lat' dir='ltr'><strong>sint</strong></span> <span class='ocrx_word' id='word_1_255' title='bbox 2822 666 3022 731; x_wconf 79' lang='lat' dir='ltr'><strong>visuri,</strong></span> <span class='ocrx_word' id='word_1_256' title='bbox 3058 680 3165 721; x_wconf 88' lang='lat' dir='ltr'><strong>non</strong></span> <span class='ocrx_word' id='word_1_257' title='bbox 3199 667 3342 723; x_wconf 88' lang='lat' dir='ltr'><strong>idem</strong></span> 
     </span>
    </p>
   </div>
   <div class='ocr_carea' id='block_1_36' title="bbox 1769 748 3346 822">
    <p class='ocr_par' dir='ltr' id='par_1_36' title="bbox 1769 748 3346 822">
     <span class='ocr_line' id='line_1_36' title="bbox 1769 748 3346 822; baseline 0.007 -22"><span class='ocrx_word' id='word_1_258' title='bbox 1769 748 2127 817; x_wconf 74' lang='lat' dir='ltr'><strong>proportione</strong></span> <span class='ocrx_word' id='word_1_259' title='bbox 2169 753 2400 819; x_wconf 91' lang='lat' dir='ltr'><strong>quadam</strong></span> <span class='ocrx_word' id='word_1_260' title='bbox 2430 753 2496 806; x_wconf 92' lang='lat' dir='ltr'><strong>de</strong></span> <span class='ocrx_word' id='word_1_261' title='bbox 2527 752 2751 822; x_wconf 82' lang='lat' dir='ltr'><strong>reliquis</strong></span> <span class='ocrx_word' id='word_1_262' title='bbox 2780 755 3097 810; x_wconf 81' lang='lat' dir='ltr'><strong>existimare</strong></span> <span class='ocrx_word' id='word_1_263' title='bbox 3125 756 3346 811; x_wconf 83' lang='lat' dir='ltr'><strong>virtuti-</strong></span> 
     </span>
    </p>
   </div>
   <div class='ocr_carea' id='block_1_37' title="bbox 1778 839 3349 915">
    <p class='ocr_par' dir='ltr' id='par_1_37' title="bbox 1778 839 3349 915">
     <span class='ocr_line' id='line_1_37' title="bbox 1778 839 3349 915; baseline 0.007 -23"><span class='ocrx_word' id='word_1_264' title='bbox 1778 839 1897 901; x_wconf 86' lang='lat' dir='ltr'><strong>bus,</strong></span> <span class='ocrx_word' id='word_1_265' title='bbox 1925 840 2160 894; x_wconf 77' lang='lat' dir='ltr'><strong>maxime</strong></span> <span class='ocrx_word' id='word_1_266' title='bbox 2182 857 2304 895; x_wconf 91' lang='lat' dir='ltr'><strong>cum</strong></span> <span class='ocrx_word' id='word_1_267' title='bbox 2328 842 2400 895; x_wconf 87' lang='lat' dir='ltr'><strong>ibi</strong></span> <span class='ocrx_word' id='word_1_268' title='bbox 2433 843 2786 911; x_wconf 87' lang='lat' dir='ltr'><strong>perﬁciantur</strong></span> <span class='ocrx_word' id='word_1_269' title='bbox 2810 860 2929 915; x_wconf 58' lang='lat' dir='ltr'><strong>quae</strong></span> <span class='ocrx_word' id='word_1_270' title='bbox 2958 859 3349 915; x_wconf 78' lang='lat' dir='ltr'><strong>comparantur</strong></span> 
     </span>
    </p>
   </div>
   <div class='ocr_carea' id='block_1_38' title="bbox 1778 930 3344 1008">
    <p class='ocr_par' dir='ltr' id='par_1_38' title="bbox 1778 930 3344 1008">
     <span class='ocr_line' id='line_1_38' title="bbox 1778 930 3344 1008; baseline 0.006 -25"><span class='ocrx_word' id='word_1_271' title='bbox 1778 930 1830 983; x_wconf 92' lang='lat' dir='ltr'><strong>in</strong></span> <span class='ocrx_word' id='word_1_272' title='bbox 1858 931 1961 985; x_wconf 88' lang='lat' dir='ltr'><strong>hac</strong></span> <span class='ocrx_word' id='word_1_273' title='bbox 1987 932 2119 984; x_wconf 86' lang='lat' dir='ltr'><strong>vita.</strong></span> <span class='ocrx_word' id='word_1_274' title='bbox 2142 932 2255 987; x_wconf 91' lang='lat' dir='ltr'><strong>Una</strong></span> <span class='ocrx_word' id='word_1_275' title='bbox 2289 943 2467 988; x_wconf 87' lang='lat' dir='ltr'><strong>autem</strong></span> <span class='ocrx_word' id='word_1_276' title='bbox 2500 949 2531 989; x_wconf 92' lang='lat' dir='ltr'><strong>e</strong></span> <span class='ocrx_word' id='word_1_277' title='bbox 2567 936 2853 1003; x_wconf 68' lang='lat' dir='ltr'><strong>prmcipnis</strong></span> <span class='ocrx_word' id='word_1_278' title='bbox 2880 937 3169 992; x_wconf 82' lang='lat' dir='ltr'><strong>virtutibus</strong></span> <span class='ocrx_word' id='word_1_279' title='bbox 3191 939 3344 1008; x_wconf 79' lang='lat' dir='ltr'><strong>juxta</strong></span> 
     </span>
    </p>
   </div>
   <div class='ocr_carea' id='block_1_39' title="bbox 1778 1022 3345 1104">
    <p class='ocr_par' dir='ltr' id='par_1_39' title="bbox 1778 1022 3345 1104">
     <span class='ocr_line' id='line_1_39' title="bbox 1778 1022 3345 1104; baseline 0.004 -29"><span class='ocrx_word' id='word_1_280' title='bbox 1778 1022 2017 1076; x_wconf 91' lang='lat' dir='ltr'><strong>divinum</strong></span> <span class='ocrx_word' id='word_1_281' title='bbox 2053 1037 2359 1077; x_wconf 84' lang='lat' dir='ltr'><strong>sermonem</strong></span> <span class='ocrx_word' id='word_1_282' title='bbox 2385 1033 2466 1079; x_wconf 90' lang='lat' dir='ltr'><strong>est</strong></span> <span class='ocrx_word' id='word_1_283' title='bbox 2484 1025 2722 1078; x_wconf 85' lang='lat' dir='ltr'><strong>charitas</strong></span> <span class='ocrx_word' id='word_1_284' title='bbox 2754 1027 2804 1078; x_wconf 91' lang='lat' dir='ltr'><strong>in</strong></span> <span class='ocrx_word' id='word_1_285' title='bbox 2832 1028 3158 1104; x_wconf 53' lang='lat' dir='ltr'><strong>proximum,</strong></span> <span class='ocrx_word' id='word_1_286' title='bbox 3181 1044 3345 1098; x_wconf 90' lang='lat' dir='ltr'><strong>quam</strong></span> 
     </span>
    </p>
   </div>
   <div class='ocr_carea' id='block_1_40' title="bbox 1779 1112 3345 1187">
    <p class='ocr_par' dir='ltr' id='par_1_40' title="bbox 1779 1112 3345 1187">
     <span class='ocr_line' id='line_1_40' title="bbox 1779 1112 3345 1187; baseline 0.004 -22"><span class='ocrx_word' id='word_1_287' title='bbox 1779 1112 1815 1165; x_wconf 90' lang='lat' dir='ltr'><strong>ii</strong></span> <span class='ocrx_word' id='word_1_288' title='bbox 1858 1113 1945 1179; x_wconf 85' lang='lat' dir='ltr'><strong>qui</strong></span> <span class='ocrx_word' id='word_1_289' title='bbox 1989 1112 2097 1178; x_wconf 86' lang='lat' dir='ltr'><strong>jam</strong></span> <span class='ocrx_word' id='word_1_290' title='bbox 2150 1114 2486 1167; x_wconf 82' lang='lat' dir='ltr'><strong>dormierunt</strong></span> <span class='ocrx_word' id='word_1_291' title='bbox 2531 1115 2704 1167; x_wconf 84' lang='lat' dir='ltr'><strong>sancti</strong></span> <span class='ocrx_word' id='word_1_292' title='bbox 2760 1116 2926 1170; x_wconf 90' lang='lat' dir='ltr'><strong>multo</strong></span> <span class='ocrx_word' id='word_1_293' title='bbox 2961 1118 3132 1187; x_wconf 80' lang='lat' dir='ltr'><strong>magis</strong></span> <span class='ocrx_word' id='word_1_294' title='bbox 3165 1118 3219 1171; x_wconf 89' lang='lat' dir='ltr'><strong>in</strong></span> <span class='ocrx_word' id='word_1_295' title='bbox 3250 1132 3345 1172; x_wconf 86' lang='lat' dir='ltr'><strong>eos</strong></span> 
     </span>
    </p>
   </div>
   <div class='ocr_carea' id='block_1_41' title="bbox 1778 1204 3343 1275">
    <p class='ocr_par' dir='ltr' id='par_1_41' title="bbox 1778 1204 3343 1275">
     <span class='ocr_line' id='line_1_41' title="bbox 1778 1204 3343 1275; baseline 0.007 -25"><span class='ocrx_word' id='word_1_296' title='bbox 1778 1205 1867 1270; x_wconf 75' lang='lat' dir='ltr'><strong>qui</strong></span> <span class='ocrx_word' id='word_1_297' title='bbox 1904 1206 1954 1256; x_wconf 90' lang='lat' dir='ltr'><strong>in</strong></span> <span class='ocrx_word' id='word_1_298' title='bbox 1990 1204 2098 1257; x_wconf 87' lang='lat' dir='ltr'><strong>vita</strong></span> <span class='ocrx_word' id='word_1_299' title='bbox 2131 1204 2386 1267; x_wconf 88' lang='lat' dir='ltr'><strong>militant,</strong></span> <span class='ocrx_word' id='word_1_300' title='bbox 2436 1205 2639 1259; x_wconf 86' lang='lat' dir='ltr'><strong>habere</strong></span> <span class='ocrx_word' id='word_1_301' title='bbox 2675 1208 2896 1275; x_wconf 90' lang='lat' dir='ltr'><strong>putandi</strong></span> <span class='ocrx_word' id='word_1_302' title='bbox 2928 1216 3074 1272; x_wconf 86' lang='lat' dir='ltr'><strong>sunt,</strong></span> <span class='ocrx_word' id='word_1_303' title='bbox 3108 1222 3268 1275; x_wconf 89' lang='lat' dir='ltr'><strong>quam</strong></span> <span class='ocrx_word' id='word_1_304' title='bbox 3308 1209 3343 1261; x_wconf 93' lang='lat' dir='ltr'><strong>ii</strong></span> 
     </span>
    </p>
   </div>
   <div class='ocr_carea' id='block_1_42' title="bbox 1777 1297 3446 1369">
    <p class='ocr_par' dir='ltr' id='par_1_42' title="bbox 1777 1297 3446 1369">
     <span class='ocr_line' id='line_1_42' title="bbox 1777 1297 3446 1369; baseline 0.002 -21"><span class='ocrx_word' id='word_1_305' title='bbox 1777 1298 1866 1365; x_wconf 90' lang='lat' dir='ltr'><strong>qui</strong></span> <span class='ocrx_word' id='word_1_306' title='bbox 1898 1298 2193 1349; x_wconf 89' lang='lat' dir='ltr'><strong>etiamnum</strong></span> <span class='ocrx_word' id='word_1_307' title='bbox 2225 1297 2277 1350; x_wconf 92' lang='lat' dir='ltr'><strong>in</strong></span> <span class='ocrx_word' id='word_1_308' title='bbox 2312 1299 2546 1351; x_wconf 89' lang='lat' dir='ltr'><strong>humana</strong></span> <span class='ocrx_word' id='word_1_309' title='bbox 2578 1309 2704 1353; x_wconf 90' lang='lat' dir='ltr'><strong>sunt</strong></span> <span class='ocrx_word' id='word_1_310' title='bbox 2739 1299 3057 1353; x_wconf 87' lang='lat' dir='ltr'><strong>inﬁrmitate</strong></span> <span class='ocrx_word' id='word_1_311' title='bbox 3100 1299 3347 1354; x_wconf 88' lang='lat' dir='ltr'><strong>imbecil-</strong></span> <span class='ocrx_word' id='word_1_312' title='bbox 3440 1363 3446 1369; x_wconf 23' lang='lat'><strong><em>‘</em></strong></span> 
     </span>
    </p>
   </div>
   <div class='ocr_carea' id='block_1_43' title="bbox 1780 1388 3347 1458">
    <p class='ocr_par' dir='ltr' id='par_1_43' title="bbox 1780 1388 3347 1458">
     <span class='ocr_line' id='line_1_43' title="bbox 1780 1388 3347 1458; baseline 0.001 -17"><span class='ocrx_word' id='word_1_313' title='bbox 1780 1389 2081 1457; x_wconf 87' lang='lat' dir='ltr'><strong>liorumque</strong></span> <span class='ocrx_word' id='word_1_314' title='bbox 2114 1403 2348 1458; x_wconf 81' lang='lat' dir='ltr'><strong>pugnam</strong></span> <span class='ocrx_word' id='word_1_315' title='bbox 2388 1388 2643 1457; x_wconf 80' lang='lat' dir='ltr'><strong>adjuvant</strong></span> <span class='ocrx_word' id='word_1_316' title='bbox 2670 1405 2687 1453; x_wconf 87' lang='lat'><strong>;</strong></span> <span class='ocrx_word' id='word_1_317' title='bbox 2722 1405 2893 1458; x_wconf 81' lang='lat' dir='ltr'><strong>neque</strong></span> <span class='ocrx_word' id='word_1_318' title='bbox 2933 1391 3076 1444; x_wconf 89' lang='lat' dir='ltr'><strong>enim</strong></span> <span class='ocrx_word' id='word_1_319' title='bbox 3108 1391 3197 1444; x_wconf 90' lang='lat' dir='ltr'><strong>hic</strong></span> <span class='ocrx_word' id='word_1_320' title='bbox 3228 1400 3347 1445; x_wconf 82' lang='lat' dir='ltr'><strong>tan-</strong></span> 
     </span>
    </p>
   </div>
   <div class='ocr_carea' id='block_1_44' title="bbox 1782 1480 3346 1552">
    <p class='ocr_par' dir='ltr' id='par_1_44' title="bbox 1782 1480 3346 1552">
     <span class='ocr_line' id='line_1_44' title="bbox 1782 1480 3346 1552; baseline 0.001 -19"><span class='ocrx_word' id='word_1_321' title='bbox 1782 1491 1891 1534; x_wconf 89' lang='lat' dir='ltr'><strong>tum</strong></span> <span class='ocrx_word' id='word_1_322' title='bbox 1926 1481 2056 1535; x_wconf 89' lang='lat' dir='ltr'><strong>illud</strong></span> <span class='ocrx_word' id='word_1_323' title='bbox 2104 1495 2200 1549; x_wconf 88' lang='lat' dir='ltr'><strong>per</strong></span> <span class='ocrx_word' id='word_1_324' title='bbox 2231 1480 2528 1535; x_wconf 79' lang='lat' dir='ltr'><strong>fraternam</strong></span> <span class='ocrx_word' id='word_1_325' title='bbox 2562 1483 2879 1545; x_wconf 87' lang='lat' dir='ltr'><strong>charitatem</strong></span> <span class='ocrx_word' id='word_1_326' title='bbox 2925 1483 3185 1552; x_wconf 90' lang='lat' dir='ltr'><strong>impletur</strong></span> <span class='ocrx_word' id='word_1_327' title='bbox 3225 1502 3239 1539; x_wconf 87' lang='lat'><strong>:</strong></span> <span class='ocrx_word' id='word_1_328' title='bbox 3286 1484 3346 1538; x_wconf 89' lang='lat' dir='ltr'><strong>Si</strong></span> 
     </span>
    </p>
   </div>
   <div class='ocr_carea' id='block_1_45' title="bbox 1778 1562 3348 1641">
    <p class='ocr_par' dir='ltr' id='par_1_45' title="bbox 1778 1562 3348 1641">
     <span class='ocr_line' id='line_1_45' title="bbox 1778 1562 3348 1641; baseline 0.003 -17"><span class='ocrx_word' id='word_1_329' title='bbox 1778 1572 1904 1640; x_wconf 85' lang='lat' dir='ltr'><strong>quid</strong></span> <span class='ocrx_word' id='word_1_330' title='bbox 1947 1574 2148 1641; x_wconf 87' lang='lat' dir='ltr'><strong>patitur</strong></span> <span class='ocrx_word' id='word_1_331' title='bbox 2197 1588 2357 1625; x_wconf 87' lang='lat' dir='ltr'><strong>unum</strong></span> <span class='ocrx_word' id='word_1_332' title='bbox 2396 1562 2722 1637; x_wconf 80' lang='lat' dir='ltr'><strong>membrum,</strong></span> <span class='ocrx_word' id='word_1_333' title='bbox 2749 1577 3140 1641; x_wconf 79' lang='lat' dir='ltr'><strong>compatiuntur</strong></span> <span class='ocrx_word' id='word_1_334' title='bbox 3169 1578 3348 1628; x_wconf 81' lang='lat' dir='ltr'><strong>omnia</strong></span> 
     </span>
    </p>
   </div>
   <div class='ocr_carea' id='block_1_46' title="bbox 1778 1664 3346 1736">
    <p class='ocr_par' dir='ltr' id='par_1_46' title="bbox 1778 1664 3346 1736">
     <span class='ocr_line' id='line_1_46' title="bbox 1778 1664 3346 1736; baseline 0.003 -20"><span class='ocrx_word' id='word_1_335' title='bbox 1778 1664 2047 1728; x_wconf 84' lang='lat' dir='ltr'><strong>membra;</strong></span> <span class='ocrx_word' id='word_1_336' title='bbox 2078 1666 2184 1717; x_wconf 81' lang='lat' dir='ltr'><strong>sive</strong></span> <span class='ocrx_word' id='word_1_337' title='bbox 2214 1664 2472 1734; x_wconf 84' lang='lat' dir='ltr'><strong>gloriatur</strong></span> <span class='ocrx_word' id='word_1_338' title='bbox 2504 1682 2665 1717; x_wconf 87' lang='lat' dir='ltr'><strong>unum</strong></span> <span class='ocrx_word' id='word_1_339' title='bbox 2688 1667 2994 1731; x_wconf 86' lang='lat' dir='ltr'><strong>membrum,</strong></span> <span class='ocrx_word' id='word_1_340' title='bbox 3016 1669 3346 1736; x_wconf 82' lang='lat' dir='ltr'><strong>congaudent</strong></span> 
     </span>
    </p>
   </div>
   <div class='ocr_carea' id='block_1_47' title="bbox 1784 1756 3343 1822">
    <p class='ocr_par' dir='ltr' id='par_1_47' title="bbox 1784 1756 3343 1822">
     <span class='ocr_line' id='line_1_47' title="bbox 1784 1756 3343 1822; baseline 0.002 -14"><span class='ocrx_word' id='word_1_341' title='bbox 1784 1757 1961 1808; x_wconf 82' lang='lat' dir='ltr'><strong>omnia</strong></span> <span class='ocrx_word' id='word_1_342' title='bbox 1991 1756 2220 1809; x_wconf 87' lang='lat' dir='ltr'><strong>membra</strong></span> <span class='ocrx_word' id='word_1_343' title='bbox 2251 1758 2293 1787; x_wconf 75' lang='grc'><strong>⁷³</strong></span> <span class='ocrx_word' id='word_1_344' title='bbox 2320 1774 2333 1822; x_wconf 91' lang='grc'><strong>;</strong></span> <span class='ocrx_word' id='word_1_345' title='bbox 2376 1771 2500 1809; x_wconf 89' lang='lat' dir='ltr'><strong>nam</strong></span> <span class='ocrx_word' id='word_1_346' title='bbox 2532 1765 2585 1809; x_wconf 88' lang='lat' dir='ltr'><strong>et</strong></span> <span class='ocrx_word' id='word_1_347' title='bbox 2617 1772 2806 1810; x_wconf 89' lang='lat' dir='ltr'><strong>eorum</strong></span> <span class='ocrx_word' id='word_1_348' title='bbox 2841 1759 2998 1812; x_wconf 86' lang='lat' dir='ltr'><strong>decet</strong></span> <span class='ocrx_word' id='word_1_349' title='bbox 3026 1759 3343 1813; x_wconf 84' lang='lat' dir='ltr'><strong>charitatetn</strong></span> 
     </span>
    </p>
   </div>
   <div class='ocr_carea' id='block_1_48' title="bbox 1781 1847 3348 1917">
    <p class='ocr_par' dir='ltr' id='par_1_48' title="bbox 1781 1847 3348 1917">
     <span class='ocr_line' id='line_1_48' title="bbox 1781 1847 3348 1917; baseline 0.002 -17"><span class='ocrx_word' id='word_1_350' title='bbox 1781 1850 1869 1917; x_wconf 87' lang='lat' dir='ltr'><strong>qui</strong></span> <span class='ocrx_word' id='word_1_351' title='bbox 1898 1863 1961 1900; x_wconf 80' lang='lat' dir='ltr'><strong>ex</strong></span> <span class='ocrx_word' id='word_1_352' title='bbox 1998 1849 2097 1901; x_wconf 84' lang='lat' dir='ltr'><strong>hac</strong></span> <span class='ocrx_word' id='word_1_353' title='bbox 2130 1849 2236 1899; x_wconf 85' lang='lat' dir='ltr'><strong>vita</strong></span> <span class='ocrx_word' id='word_1_354' title='bbox 2260 1857 2614 1901; x_wconf 81' lang='lat' dir='ltr'><strong>excesserunt</strong></span> <span class='ocrx_word' id='word_1_355' title='bbox 2640 1848 2818 1903; x_wconf 87' lang='lat' dir='ltr'><strong>dicere</strong></span> <span class='ocrx_word' id='word_1_356' title='bbox 2846 1866 2859 1903; x_wconf 86' lang='lat'><strong>:</strong></span> <span class='ocrx_word' id='word_1_357' title='bbox 2890 1847 3203 1903; x_wconf 79' lang='lat' dir='ltr'><strong>Sollicitudo</strong></span> <span class='ocrx_word' id='word_1_358' title='bbox 3234 1866 3348 1903; x_wconf 82' lang='lat' dir='ltr'><strong>om-</strong></span> 
     </span>
    </p>
   </div>
   <div class='ocr_carea' id='block_1_49' title="bbox 1782 1936 3346 2009">
    <p class='ocr_par' dir='ltr' id='par_1_49' title="bbox 1782 1936 3346 2009">
     <span class='ocr_line' id='line_1_49' title="bbox 1782 1936 3346 2009; baseline 0.001 -17"><span class='ocrx_word' id='word_1_359' title='bbox 1782 1940 1925 1992; x_wconf 87' lang='lat' dir='ltr'><strong>nium</strong></span> <span class='ocrx_word' id='word_1_360' title='bbox 1954 1936 2331 1990; x_wconf 72' lang='lat' dir='ltr'><strong>Erclesiarum.</strong></span> <span class='ocrx_word' id='word_1_361' title='bbox 2366 1937 2497 2002; x_wconf 79' lang='lat' dir='ltr'><strong>Quis</strong></span> <span class='ocrx_word' id='word_1_362' title='bbox 2528 1938 2865 2005; x_wconf 80' lang='lat' dir='ltr'><strong>inﬁrmatur,</strong></span> <span class='ocrx_word' id='word_1_363' title='bbox 2901 1950 2949 1993; x_wconf 86' lang='lat' dir='ltr'><strong>et</strong></span> <span class='ocrx_word' id='word_1_364' title='bbox 2986 1957 3077 2009; x_wconf 81' lang='lat' dir='ltr'><strong>ego</strong></span> <span class='ocrx_word' id='word_1_365' title='bbox 3120 1957 3221 1994; x_wconf 90' lang='lat' dir='ltr'><strong>non</strong></span> <span class='ocrx_word' id='word_1_366' title='bbox 3261 1942 3346 1993; x_wconf 89' lang='lat' dir='ltr'><strong>in—</strong></span> 
     </span>
    </p>
   </div>
   <div class='ocr_carea' id='block_1_50' title="bbox 1780 2029 3353 2101">
    <p class='ocr_par' dir='ltr' id='par_1_50' title="bbox 1780 2029 3353 2101">
     <span class='ocr_line' id='line_1_50' title="bbox 1780 2029 3353 2101; baseline 0.003 -19"><span class='ocrx_word' id='word_1_367' title='bbox 1780 2030 2005 2098; x_wconf 78' lang='lat' dir='ltr'><strong>firmor?</strong></span> <span class='ocrx_word' id='word_1_368' title='bbox 2049 2029 2166 2097; x_wconf 81' lang='lat' dir='ltr'><strong>quis</strong></span> <span class='ocrx_word' id='word_1_369' title='bbox 2217 2031 2648 2097; x_wconf 76' lang='lat' dir='ltr'><strong>scandalizatur,</strong></span> <span class='ocrx_word' id='word_1_370' title='bbox 2692 2040 2741 2083; x_wconf 84' lang='lat' dir='ltr'><strong>et</strong></span> <span class='ocrx_word' id='word_1_371' title='bbox 2783 2047 2878 2101; x_wconf 86' lang='lat' dir='ltr'><strong>ego</strong></span> <span class='ocrx_word' id='word_1_372' title='bbox 2937 2048 3037 2085; x_wconf 85' lang='lat' dir='ltr'><strong>nou</strong></span> <span class='ocrx_word' id='word_1_373' title='bbox 3082 2048 3211 2085; x_wconf 87' lang='lat' dir='ltr'><strong>uror</strong></span> <span class='ocrx_word' id='word_1_374' title='bbox 3246 2032 3293 2065; x_wconf 82' lang='grc'><strong>⁸⁸</strong></span> <span class='ocrx_word' id='word_1_375' title='bbox 3329 2032 3353 2087; x_wconf 72' lang='grc'><strong><em>2</em></strong></span> 
     </span>
    </p>
   </div>
   <div class='ocr_carea' id='block_1_51' title="bbox 1781 2119 3347 2192">
    <p class='ocr_par' dir='ltr' id='par_1_51' title="bbox 1781 2119 3347 2192">
     <span class='ocr_line' id='line_1_51' title="bbox 1781 2119 3347 2192; baseline 0.002 -19"><span class='ocrx_word' id='word_1_376' title='bbox 1781 2122 2016 2174; x_wconf 75' lang='lat' dir='ltr'><strong>maxime</strong></span> <span class='ocrx_word' id='word_1_377' title='bbox 2051 2135 2174 2173; x_wconf 92' lang='lat' dir='ltr'><strong>cum</strong></span> <span class='ocrx_word' id='word_1_378' title='bbox 2205 2119 2454 2174; x_wconf 87' lang='lat' dir='ltr'><strong>Christus</strong></span> <span class='ocrx_word' id='word_1_379' title='bbox 2483 2120 2758 2189; x_wconf 86' lang='lat' dir='ltr'><strong>professus</strong></span> <span class='ocrx_word' id='word_1_380' title='bbox 2803 2121 2876 2176; x_wconf 89' lang='lat' dir='ltr'><strong>sit</strong></span> <span class='ocrx_word' id='word_1_381' title='bbox 2917 2122 2969 2175; x_wconf 94' lang='lat' dir='ltr'><strong>in</strong></span> <span class='ocrx_word' id='word_1_382' title='bbox 3019 2123 3263 2192; x_wconf 86' lang='lat' dir='ltr'><strong>quolibet</strong></span> <span class='ocrx_word' id='word_1_383' title='bbox 3289 2138 3347 2176; x_wconf 89' lang='lat' dir='ltr'><strong>se</strong></span> 
     </span>
    </p>
   </div>
   <div class='ocr_carea' id='block_1_52' title="bbox 1782 2210 3344 2281">
    <p class='ocr_par' dir='ltr' id='par_1_52' title="bbox 1782 2210 3344 2281">
     <span class='ocr_line' id='line_1_52' title="bbox 1782 2210 3344 2281; baseline 0.001 -16"><span class='ocrx_word' id='word_1_384' title='bbox 1782 2218 2087 2265; x_wconf 88' lang='lat' dir='ltr'><strong>sanctorum</strong></span> <span class='ocrx_word' id='word_1_385' title='bbox 2122 2211 2338 2265; x_wconf 91' lang='lat' dir='ltr'><strong>inﬁrmo</strong></span> <span class='ocrx_word' id='word_1_386' title='bbox 2364 2210 2640 2263; x_wconf 88' lang='lat' dir='ltr'><strong>inﬁrmum</strong></span> <span class='ocrx_word' id='word_1_387' title='bbox 2666 2226 2820 2276; x_wconf 87' lang='lat' dir='ltr'><strong>esse;</strong></span> <span class='ocrx_word' id='word_1_388' title='bbox 2856 2212 3169 2281; x_wconf 76' lang='lat' dir='ltr'><strong>pariterque</strong></span> <span class='ocrx_word' id='word_1_389' title='bbox 3204 2222 3260 2267; x_wconf 92' lang='lat' dir='ltr'><strong>et</strong></span> <span class='ocrx_word' id='word_1_390' title='bbox 3290 2212 3344 2267; x_wconf 91' lang='lat' dir='ltr'><strong>in</strong></span> 
     </span>
    </p>
   </div>
   <div class='ocr_carea' id='block_1_53' title="bbox 1782 2304 3352 2371">
    <p class='ocr_par' dir='ltr' id='par_1_53' title="bbox 1782 2304 3352 2371">
     <span class='ocr_line' id='line_1_53' title="bbox 1782 2304 3352 2371; baseline 0.001 -12"><span class='ocrx_word' id='word_1_391' title='bbox 1782 2319 2006 2359; x_wconf 90' lang='lat' dir='ltr'><strong>carcere</strong></span> <span class='ocrx_word' id='word_1_392' title='bbox 2041 2318 2160 2358; x_wconf 88' lang='lat' dir='ltr'><strong>esse</strong></span> <span class='ocrx_word' id='word_1_393' title='bbox 2184 2313 2238 2357; x_wconf 91' lang='lat' dir='ltr'><strong>et</strong></span> <span class='ocrx_word' id='word_1_394' title='bbox 2267 2304 2466 2357; x_wconf 90' lang='lat' dir='ltr'><strong>nudum</strong></span> <span class='ocrx_word' id='word_1_395' title='bbox 2495 2312 2549 2357; x_wconf 86' lang='lat' dir='ltr'><strong>et</strong></span> <span class='ocrx_word' id='word_1_396' title='bbox 2575 2304 2840 2371; x_wconf 86' lang='lat' dir='ltr'><strong>hospitem</strong></span> <span class='ocrx_word' id='word_1_397' title='bbox 2874 2315 2928 2358; x_wconf 87' lang='lat' dir='ltr'><strong>et</strong></span> <span class='ocrx_word' id='word_1_398' title='bbox 2958 2305 3169 2360; x_wconf 88' lang='lat' dir='ltr'><strong>esurire</strong></span> <span class='ocrx_word' id='word_1_399' title='bbox 3192 2315 3246 2360; x_wconf 87' lang='lat' dir='ltr'><strong>et</strong></span> <span class='ocrx_word' id='word_1_400' title='bbox 3276 2309 3352 2360; x_wconf 85' lang='lat' dir='ltr'><strong>si-</strong></span> 
     </span>
    </p>
   </div>
   <div class='ocr_carea' id='block_1_54' title="bbox 1786 2395 3347 2466">
    <p class='ocr_par' dir='ltr' id='par_1_54' title="bbox 1786 2395 3347 2466">
     <span class='ocr_line' id='line_1_54' title="bbox 1786 2395 3347 2466; baseline 0.003 -17"><span class='ocrx_word' id='word_1_401' title='bbox 1786 2397 1909 2449; x_wconf 91' lang='lat' dir='ltr'><strong>tire.</strong></span> <span class='ocrx_word' id='word_1_402' title='bbox 1939 2395 2069 2461; x_wconf 86' lang='lat' dir='ltr'><strong>Quis</strong></span> <span class='ocrx_word' id='word_1_403' title='bbox 2094 2396 2238 2450; x_wconf 89' lang='lat' dir='ltr'><strong>enim</strong></span> <span class='ocrx_word' id='word_1_404' title='bbox 2272 2395 2523 2463; x_wconf 90' lang='lat' dir='ltr'><strong>ignorat,</strong></span> <span class='ocrx_word' id='word_1_405' title='bbox 2556 2396 2648 2464; x_wconf 89' lang='lat' dir='ltr'><strong>qui</strong></span> <span class='ocrx_word' id='word_1_406' title='bbox 2693 2397 2853 2451; x_wconf 90' lang='lat' dir='ltr'><strong>modo</strong></span> <span class='ocrx_word' id='word_1_407' title='bbox 2882 2396 3229 2466; x_wconf 85' lang='lat' dir='ltr'><strong>Evangelium</strong></span> <span class='ocrx_word' id='word_1_408' title='bbox 3267 2399 3347 2453; x_wconf 89' lang='lat' dir='ltr'><strong>le-</strong></span> 
     </span>
    </p>
   </div>
   <div class='ocr_carea' id='block_1_55' title="bbox 1783 2487 3354 2555">
    <p class='ocr_par' dir='ltr' id='par_1_55' title="bbox 1783 2487 3354 2555">
     <span class='ocr_line' id='line_1_55' title="bbox 1783 2487 3354 2555; baseline 0.003 -17"><span class='ocrx_word' id='word_1_409' title='bbox 1783 2488 1942 2555; x_wconf 87' lang='lat' dir='ltr'><strong>gerit,</strong></span> <span class='ocrx_word' id='word_1_410' title='bbox 1977 2487 2043 2541; x_wconf 86' lang='lat' dir='ltr'><strong>ad</strong></span> <span class='ocrx_word' id='word_1_411' title='bbox 2074 2502 2134 2542; x_wconf 91' lang='lat' dir='ltr'><strong>se</strong></span> <span class='ocrx_word' id='word_1_412' title='bbox 2163 2488 2368 2542; x_wconf 79' lang='lat' dir='ltr'><strong>referre</strong></span> <span class='ocrx_word' id='word_1_413' title='bbox 2395 2487 2673 2539; x_wconf 85' lang='lat' dir='ltr'><strong>Christum</strong></span> <span class='ocrx_word' id='word_1_414' title='bbox 2694 2502 2813 2554; x_wconf 67' lang='lat' dir='ltr'><strong>qua:</strong></span> <span class='ocrx_word' id='word_1_415' title='bbox 2839 2488 3187 2543; x_wconf 85' lang='lat' dir='ltr'><strong>credentibus</strong></span> <span class='ocrx_word' id='word_1_416' title='bbox 3210 2492 3354 2545; x_wconf 83' lang='lat' dir='ltr'><strong>acci-</strong></span> 
     </span>
    </p>
   </div>
   <div class='ocr_carea' id='block_1_56' title="bbox 1782 2575 3351 2647">
    <p class='ocr_par' dir='ltr' id='par_1_56' title="bbox 1782 2575 3351 2647">
     <span class='ocr_line' id='line_1_56' title="bbox 1782 2575 3351 2647; baseline 0.001 -15"><span class='ocrx_word' id='word_1_417' title='bbox 1782 2579 1917 2632; x_wconf 87' lang='lat' dir='ltr'><strong>dunt</strong></span> <span class='ocrx_word' id='word_1_418' title='bbox 1945 2586 1998 2632; x_wconf 85' lang='lat' dir='ltr'><strong>et</strong></span> <span class='ocrx_word' id='word_1_419' title='bbox 2027 2577 2242 2647; x_wconf 90' lang='lat' dir='ltr'><strong>propria</strong></span> <span class='ocrx_word' id='word_1_420' title='bbox 2275 2578 2572 2646; x_wconf 84' lang='lat' dir='ltr'><strong>reputare?</strong></span> <span class='ocrx_word' id='word_1_421' title='bbox 2604 2575 2661 2629; x_wconf 92' lang='lat' dir='ltr'><strong>Si</strong></span> <span class='ocrx_word' id='word_1_422' title='bbox 2687 2579 2858 2645; x_wconf 85' lang='lat' dir='ltr'><strong>angeli</strong></span> <span class='ocrx_word' id='word_1_423' title='bbox 2893 2580 2981 2632; x_wconf 90' lang='lat' dir='ltr'><strong>Dei</strong></span> <span class='ocrx_word' id='word_1_424' title='bbox 3021 2592 3351 2634; x_wconf 77' lang='lat' dir='ltr'><strong>accesserunt</strong></span> 
     </span>
    </p>
   </div>
   <div class='ocr_carea' id='block_1_57' title="bbox 1784 2667 3353 2733">
    <p class='ocr_par' dir='ltr' id='par_1_57' title="bbox 1784 2667 3353 2733">
     <span class='ocr_line' id='line_1_57' title="bbox 1784 2667 3353 2733; baseline 0.001 -10"><span class='ocrx_word' id='word_1_425' title='bbox 1784 2670 1847 2723; x_wconf 85' lang='lat' dir='ltr'><strong>ad</strong></span> <span class='ocrx_word' id='word_1_426' title='bbox 1875 2667 2093 2733; x_wconf 82' lang='lat' dir='ltr'><strong>Jesum,</strong></span> <span class='ocrx_word' id='word_1_427' title='bbox 2134 2677 2182 2723; x_wconf 82' lang='lat' dir='ltr'><strong>et</strong></span> <span class='ocrx_word' id='word_1_428' title='bbox 2224 2667 2594 2720; x_wconf 69' lang='lat' dir='ltr'><strong>ministrabant</strong></span> <span class='ocrx_word' id='word_1_429' title='bbox 2620 2670 2666 2720; x_wconf 83' lang='lat' dir='ltr'><strong>ei</strong></span> <span class='ocrx_word' id='word_1_430' title='bbox 2692 2670 2777 2732; x_wconf 66' lang='lat'><strong>8‘;</strong></span> <span class='ocrx_word' id='word_1_431' title='bbox 2820 2685 2919 2723; x_wconf 84' lang='lat' dir='ltr'><strong>nec</strong></span> <span class='ocrx_word' id='word_1_432' title='bbox 2968 2671 3068 2723; x_wconf 85' lang='lat' dir='ltr'><strong>hoc</strong></span> <span class='ocrx_word' id='word_1_433' title='bbox 3106 2672 3353 2725; x_wconf 81' lang='lat' dir='ltr'><strong>ministe—</strong></span> 
     </span>
    </p>
   </div>
   <div class='ocr_carea' id='block_1_58' title="bbox 1784 2760 3351 2829">
    <p class='ocr_par' dir='ltr' id='par_1_58' title="bbox 1784 2760 3351 2829">
     <span class='ocr_line' id='line_1_58' title="bbox 1784 2760 3351 2829; baseline 0.001 -16"><span class='ocrx_word' id='word_1_434' title='bbox 1784 2761 1933 2813; x_wconf 90' lang='lat' dir='ltr'><strong>rium</strong></span> <span class='ocrx_word' id='word_1_435' title='bbox 1984 2760 2052 2813; x_wconf 91' lang='lat' dir='ltr'><strong>ad</strong></span> <span class='ocrx_word' id='word_1_436' title='bbox 2104 2760 2265 2814; x_wconf 80' lang='lat' dir='ltr'><strong>breve</strong></span> <span class='ocrx_word' id='word_1_437' title='bbox 2298 2766 2507 2829; x_wconf 88' lang='lat' dir='ltr'><strong>tempus</strong></span> <span class='ocrx_word' id='word_1_438' title='bbox 2551 2774 2823 2827; x_wconf 63' lang='lat' dir='ltr'><strong>corporeae</strong></span> <span class='ocrx_word' id='word_1_439' title='bbox 2850 2761 3047 2815; x_wconf 80' lang='lat' dir='ltr'><strong>Christi</strong></span> <span class='ocrx_word' id='word_1_440' title='bbox 3084 2761 3223 2815; x_wconf 91' lang='lat' dir='ltr'><strong>inter</strong></span> <span class='ocrx_word' id='word_1_441' title='bbox 3250 2763 3351 2815; x_wconf 82' lang='lat' dir='ltr'><strong>lto-</strong></span> 
     </span>
    </p>
   </div>
   <div class='ocr_carea' id='block_1_59' title="bbox 1784 2849 3356 2911">
    <p class='ocr_par' dir='ltr' id='par_1_59' title="bbox 1784 2849 3356 2911">
     <span class='ocr_line' id='line_1_59' title="bbox 1784 2849 3356 2911; baseline 0.003 -8"><span class='ocrx_word' id='word_1_442' title='bbox 1784 2850 1957 2903; x_wconf 87' lang='lat' dir='ltr'><strong>mines</strong></span> <span class='ocrx_word' id='word_1_443' title='bbox 1991 2849 2418 2902; x_wconf 75' lang='lat' dir='ltr'><strong>conversationis</strong></span> <span class='ocrx_word' id='word_1_444' title='bbox 2444 2887 2459 2911; x_wconf 93' lang='lat'><strong>,</strong></span> <span class='ocrx_word' id='word_1_445' title='bbox 2498 2858 2552 2903; x_wconf 89' lang='lat' dir='ltr'><strong>et</strong></span> <span class='ocrx_word' id='word_1_446' title='bbox 2585 2866 2707 2903; x_wconf 87' lang='lat' dir='ltr'><strong>cum</strong></span> <span class='ocrx_word' id='word_1_447' title='bbox 2737 2853 2912 2905; x_wconf 85' lang='lat' dir='ltr'><strong>adhuc</strong></span> <span class='ocrx_word' id='word_1_448' title='bbox 2947 2861 3066 2905; x_wconf 88' lang='lat' dir='ltr'><strong>erat</strong></span> <span class='ocrx_word' id='word_1_449' title='bbox 3092 2852 3146 2904; x_wconf 91' lang='lat' dir='ltr'><strong>in</strong></span> <span class='ocrx_word' id='word_1_450' title='bbox 3175 2852 3356 2907; x_wconf 85' lang='lat' dir='ltr'><strong>medio</strong></span> 
     </span>
    </p>
   </div>
   <div class='ocr_carea' id='block_1_60' title="bbox 1785 2939 3347 3011">
    <p class='ocr_par' dir='ltr' id='par_1_60' title="bbox 1785 2939 3347 3011">
     <span class='ocr_line' id='line_1_60' title="bbox 1785 2939 3347 3011; baseline 0.003 -19"><span class='ocrx_word' id='word_1_451' title='bbox 1785 2939 2136 3005; x_wconf 87' lang='lat' dir='ltr'><strong>credentium,</strong></span> <span class='ocrx_word' id='word_1_452' title='bbox 2171 2955 2277 2994; x_wconf 91' lang='lat' dir='ltr'><strong>non</strong></span> <span class='ocrx_word' id='word_1_453' title='bbox 2308 2942 2724 3004; x_wconf 86' lang='lat' dir='ltr'><strong>utrecumbens,</strong></span> <span class='ocrx_word' id='word_1_454' title='bbox 2743 2944 2833 2995; x_wconf 90' lang='lat' dir='ltr'><strong>sed</strong></span> <span class='ocrx_word' id='word_1_455' title='bbox 2862 2951 2919 2995; x_wconf 91' lang='lat' dir='ltr'><strong>ut</strong></span> <span class='ocrx_word' id='word_1_456' title='bbox 2948 2942 3347 3011; x_wconf 75' lang='lat' dir='ltr'><strong>ministram&quot;,</strong></span> 
     </span>
    </p>
   </div>
   <div class='ocr_carea' id='block_1_61' title="bbox 1785 3032 3352 3105">
    <p class='ocr_par' dir='ltr' id='par_1_61' title="bbox 1785 3032 3352 3105">
     <span class='ocr_line' id='line_1_61' title="bbox 1785 3032 3352 3105; baseline 0.004 -23"><span class='ocrx_word' id='word_1_457' title='bbox 1785 3033 2010 3101; x_wconf 77' lang='lat' dir='ltr'><strong>angelos</strong></span> <span class='ocrx_word' id='word_1_458' title='bbox 2036 3032 2357 3102; x_wconf 64' lang='lat' dir='ltr'><strong>praestitisse</strong></span> <span class='ocrx_word' id='word_1_459' title='bbox 2384 3035 2677 3102; x_wconf 84' lang='lat' dir='ltr'><strong>putandum</strong></span> <span class='ocrx_word' id='word_1_460' title='bbox 2702 3044 2818 3088; x_wconf 88' lang='lat' dir='ltr'><strong>est:</strong></span> <span class='ocrx_word' id='word_1_461' title='bbox 2850 3045 2979 3103; x_wconf 86' lang='lat' dir='ltr'><strong>quot</strong></span> <span class='ocrx_word' id='word_1_462' title='bbox 3008 3035 3227 3105; x_wconf 82' lang='lat' dir='ltr'><strong>angelos</strong></span> <span class='ocrx_word' id='word_1_463' title='bbox 3254 3050 3352 3089; x_wconf 87' lang='lat' dir='ltr'><strong>ve-</strong></span> 
     </span>
    </p>
   </div>
   <div class='ocr_carea' id='block_1_62' title="bbox 99 3112 1685 3192">
    <p class='ocr_par' dir='ltr' id='par_1_62' title="bbox 99 3112 1685 3183">
     <span class='ocr_line' id='line_1_62' title="bbox 99 3112 1685 3183; baseline 0.003 -18"><span class='ocrx_word' id='word_1_464' title='bbox 99 3114 185 3166; x_wconf 80' lang='grc' dir='ltr'>τοῦ</span> <span class='ocrx_word' id='word_1_465' title='bbox 232 3115 373 3168; x_wconf 85' lang='grc' dir='ltr'><strong>Θεοῦ</strong></span> <span class='ocrx_word' id='word_1_466' title='bbox 427 3113 914 3183; x_wconf 72' lang='grc' dir='ltr'>προσελθόντες</span> <span class='ocrx_word' id='word_1_467' title='bbox 977 3112 1057 3178; x_wconf 82' lang='grc' dir='ltr'><strong>τῷ</strong></span> <span class='ocrx_word' id='word_1_468' title='bbox 1111 3114 1305 3180; x_wconf 82' lang='grc' dir='ltr'><strong>Ἰησοῦ</strong></span> <span class='ocrx_word' id='word_1_469' title='bbox 1365 3115 1685 3183; x_wconf 79' lang='grc' dir='ltr'><strong>διηκόνουν</strong></span> 
     </span>
    </p>
   </div>
   <div class='ocr_carea' id='block_1_63' title="bbox 1791 3112 3345 3192">
    <p class='ocr_par' dir='ltr' id='par_1_63' title="bbox 1791 3120 3345 3189">
     <span class='ocr_line' id='line_1_63' title="bbox 1791 3120 3345 3189; baseline -0.001 -15"><span class='ocrx_word' id='word_1_470' title='bbox 1791 3121 2017 3176; x_wconf 89' lang='lat' dir='ltr'><strong>risimile</strong></span> <span class='ocrx_word' id='word_1_471' title='bbox 2055 3129 2139 3175; x_wconf 87' lang='lat' dir='ltr'><strong>est</strong></span> <span class='ocrx_word' id='word_1_472' title='bbox 2191 3120 2293 3189; x_wconf 92' lang='lat' dir='ltr'><strong>ipsi</strong></span> <span class='ocrx_word' id='word_1_473' title='bbox 2337 3122 2590 3189; x_wconf 78' lang='lat' dir='ltr'><strong>colligere</strong></span> <span class='ocrx_word' id='word_1_474' title='bbox 2628 3122 2768 3176; x_wconf 88' lang='lat' dir='ltr'><strong>ﬁlios</strong></span> <span class='ocrx_word' id='word_1_475' title='bbox 2817 3122 2980 3176; x_wconf 85' lang='lat' dir='ltr'><strong>Israel</strong></span> <span class='ocrx_word' id='word_1_476' title='bbox 3034 3121 3345 3188; x_wconf 73' lang='lat' dir='ltr'><strong>singillatim</strong></span> 
     </span>
    </p>
   </div>
   <div class='ocr_carea' id='block_1_64' title="bbox 101 3203 1680 3277">
    <p class='ocr_par' dir='ltr' id='par_1_64' title="bbox 101 3203 1680 3277">
     <span class='ocr_line' id='line_1_64' title="bbox 101 3203 1680 3277; baseline 0.002 -20"><span class='ocrx_word' id='word_1_477' title='bbox 101 3203 248 3269; x_wconf 74' lang='grc' dir='ltr'>αὐτῷ,</span> <span class='ocrx_word' id='word_1_478' title='bbox 279 3209 373 3259; x_wconf 75' lang='grc' dir='ltr'><strong>καὶ</strong></span> <span class='ocrx_word' id='word_1_479' title='bbox 402 3207 484 3276; x_wconf 82' lang='grc' dir='ltr'>μὴ</span> <span class='ocrx_word' id='word_1_480' title='bbox 536 3204 779 3277; x_wconf 77' lang='grc' dir='ltr'>πρέπον</span> <span class='ocrx_word' id='word_1_481' title='bbox 810 3204 958 3256; x_wconf 77' lang='grc' dir='ltr'>ἐστὶν</span> <span class='ocrx_word' id='word_1_482' title='bbox 994 3206 1140 3274; x_wconf 78' lang='grc' dir='ltr'>ἡμᾶς</span> <span class='ocrx_word' id='word_1_483' title='bbox 1169 3206 1304 3273; x_wconf 80' lang='grc' dir='ltr'>πρὸς</span> <span class='ocrx_word' id='word_1_484' title='bbox 1339 3206 1514 3274; x_wconf 80' lang='grc' dir='ltr'>ὀλίγον</span> <span class='ocrx_word' id='word_1_485' title='bbox 1541 3211 1680 3260; x_wconf 86' lang='grc' dir='ltr'>νοεῖν</span> 
     </span>
    </p>
   </div>
   <div class='ocr_carea' id='block_1_65' title="bbox 102 3293 1687 3368">
    <p class='ocr_par' dir='ltr' id='par_1_65' title="bbox 102 3293 1687 3368">
     <span class='ocr_line' id='line_1_65' title="bbox 102 3293 1687 3368; baseline 0.003 -22"><span class='ocrx_word' id='word_1_486' title='bbox 102 3298 345 3363; x_wconf 78' lang='grc' dir='ltr'>γεγονέναι</span> <span class='ocrx_word' id='word_1_487' title='bbox 380 3298 488 3368; x_wconf 78' lang='grc' dir='ltr'>τὴν</span> <span class='ocrx_word' id='word_1_488' title='bbox 519 3296 649 3349; x_wconf 80' lang='grc' dir='ltr'><strong>τῶν</strong></span> <span class='ocrx_word' id='word_1_489' title='bbox 684 3293 943 3363; x_wconf 83' lang='grc' dir='ltr'>ἀγγέλων</span> <span class='ocrx_word' id='word_1_490' title='bbox 980 3295 1111 3365; x_wconf 85' lang='grc' dir='ltr'>πρὸς</span> <span class='ocrx_word' id='word_1_491' title='bbox 1139 3296 1229 3347; x_wconf 80' lang='grc' dir='ltr'>τὸν</span> <span class='ocrx_word' id='word_1_492' title='bbox 1280 3296 1485 3367; x_wconf 81' lang='grc' dir='ltr'>Ἰησοῦν</span> <span class='ocrx_word' id='word_1_493' title='bbox 1514 3298 1687 3351; x_wconf 87' lang='grc' dir='ltr'>διακο-</span> 
     </span>
    </p>
   </div>
   <div class='ocr_carea' id='block_1_66' title="bbox 102 3384 1686 3459">
    <p class='ocr_par' dir='ltr' id='par_1_66' title="bbox 102 3384 1686 3459">
     <span class='ocr_line' id='line_1_66' title="bbox 102 3384 1686 3459; baseline 0.008 -29"><span class='ocrx_word' id='word_1_494' title='bbox 102 3386 197 3437; x_wconf 70' lang='grc' dir='ltr'>νίαν</span> <span class='ocrx_word' id='word_1_495' title='bbox 216 3427 229 3449; x_wconf 79' lang='grc'><strong>,</strong></span> <span class='ocrx_word' id='word_1_496' title='bbox 256 3388 353 3457; x_wconf 77' lang='grc' dir='ltr'><strong>τῆς</strong></span> <span class='ocrx_word' id='word_1_497' title='bbox 387 3386 748 3458; x_wconf 79' lang='grc' dir='ltr'>σωματικῆς</span> <span class='ocrx_word' id='word_1_498' title='bbox 799 3385 964 3439; x_wconf 77' lang='grc' dir='ltr'>αὐτοῦ</span> <span class='ocrx_word' id='word_1_499' title='bbox 999 3385 1148 3457; x_wconf 88' lang='grc' dir='ltr'><strong>παρά</strong></span> <span class='ocrx_word' id='word_1_500' title='bbox 1175 3384 1478 3457; x_wconf 84' lang='grc' dir='ltr'>ἀνθρώποις</span> <span class='ocrx_word' id='word_1_501' title='bbox 1510 3389 1686 3459; x_wconf 82' lang='grc' dir='ltr'>ἐπιδη-</span> 
     </span>
    </p>
   </div>
   <div class='ocr_carea' id='block_1_67' title="bbox 104 3476 1686 3549">
    <p class='ocr_par' dir='ltr' id='par_1_67' title="bbox 104 3476 1686 3549">
     <span class='ocr_line' id='line_1_67' title="bbox 104 3476 1686 3549; baseline -0.001 -18"><span class='ocrx_word' id='word_1_502' title='bbox 104 3477 236 3543; x_wconf 76' lang='grc' dir='ltr'>μίας,</span> <span class='ocrx_word' id='word_1_503' title='bbox 280 3482 377 3532; x_wconf 72' lang='grc' dir='ltr'><strong>καὶ</strong></span> <span class='ocrx_word' id='word_1_504' title='bbox 424 3479 613 3533; x_wconf 74' lang='grc' dir='ltr'>αὑτοῦ</span> <span class='ocrx_word' id='word_1_505' title='bbox 664 3477 754 3529; x_wconf 78' lang='grc' dir='ltr'><strong>ἔτι</strong></span> <span class='ocrx_word' id='word_1_506' title='bbox 789 3476 850 3528; x_wconf 82' lang='grc' dir='ltr'>ὲν</span> <span class='ocrx_word' id='word_1_507' title='bbox 885 3477 1032 3547; x_wconf 83' lang='grc' dir='ltr'>μέσῳ</span> <span class='ocrx_word' id='word_1_508' title='bbox 1058 3477 1165 3529; x_wconf 75' lang='grc' dir='ltr'>τῶν</span> <span class='ocrx_word' id='word_1_509' title='bbox 1200 3477 1557 3532; x_wconf 79' lang='grc' dir='ltr'>πιστευόντων</span> <span class='ocrx_word' id='word_1_510' title='bbox 1589 3479 1686 3549; x_wconf 79' lang='grc' dir='ltr'><strong>οὐχ</strong></span> 
     </span>
    </p>
   </div>
   <div class='ocr_carea' id='block_1_68' title="bbox 101 3567 1685 3642">
    <p class='ocr_par' dir='ltr' id='par_1_68' title="bbox 101 3567 1685 3642">
     <span class='ocr_line' id='line_1_68' title="bbox 101 3567 1685 3642; baseline 0.005 -24"><span class='ocrx_word' id='word_1_511' title='bbox 101 3567 160 3629; x_wconf 82' lang='grc' dir='ltr'><strong>ὡς</strong></span> <span class='ocrx_word' id='word_1_512' title='bbox 183 3571 570 3639; x_wconf 77' lang='grc' dir='ltr'>ἀνακειμένου,</span> <span class='ocrx_word' id='word_1_513' title='bbox 604 3569 733 3623; x_wconf 86' lang='grc' dir='ltr'>ἀλλ’</span> <span class='ocrx_word' id='word_1_514' title='bbox 779 3568 859 3631; x_wconf 81' lang='grc' dir='ltr'>ὡς</span> <span class='ocrx_word' id='word_1_515' title='bbox 907 3567 1271 3633; x_wconf 80' lang='grc' dir='ltr'>διακονοῦντος</span> <span class='ocrx_word' id='word_1_516' title='bbox 1294 3586 1307 3600; x_wconf 88' lang='grc'><strong>·</strong></span> <span class='ocrx_word' id='word_1_517' title='bbox 1345 3571 1541 3635; x_wconf 88' lang='grc' dir='ltr'>πόσους</span> <span class='ocrx_word' id='word_1_518' title='bbox 1576 3571 1685 3642; x_wconf 88' lang='grc'>(98)</span> 
     </span>
    </p>
   </div>
   <div class='ocr_carea' id='block_1_69' title="bbox 101 3657 1688 3733">
    <p class='ocr_par' dir='ltr' id='par_1_69' title="bbox 101 3657 1688 3733">
     <span class='ocr_line' id='line_1_69' title="bbox 101 3657 1688 3733; baseline 0.003 -24"><span class='ocrx_word' id='word_1_519' title='bbox 101 3658 221 3723; x_wconf 73' lang='grc' dir='ltr'>εἰκὸς</span> <span class='ocrx_word' id='word_1_520' title='bbox 252 3661 558 3729; x_wconf 85' lang='grc' dir='ltr'>ἀγγέλους,</span> <span class='ocrx_word' id='word_1_521' title='bbox 592 3657 1000 3723; x_wconf 85' lang='grc' dir='ltr'>διακονοῦντας</span> <span class='ocrx_word' id='word_1_522' title='bbox 1043 3660 1121 3729; x_wconf 81' lang='grc' dir='ltr'><strong>τῷ</strong></span> <span class='ocrx_word' id='word_1_523' title='bbox 1160 3660 1332 3731; x_wconf 83' lang='grc' dir='ltr'>Ἰησοῦ</span> <span class='ocrx_word' id='word_1_524' title='bbox 1384 3660 1688 3733; x_wconf 81' lang='grc' dir='ltr'>βουλομένῳ</span> 
     </span>
    </p>
   </div>
   <div class='ocr_carea' id='block_1_70' title="bbox 102 3750 1691 3825">
    <p class='ocr_par' dir='ltr' id='par_1_70' title="bbox 102 3750 1691 3825">
     <span class='ocr_line' id='line_1_70' title="bbox 102 3750 1691 3825; baseline 0.006 -27"><span class='ocrx_word' id='word_1_525' title='bbox 102 3751 325 3819; x_wconf 67' lang='grc' dir='ltr'>συνάγειν</span> <span class='ocrx_word' id='word_1_526' title='bbox 352 3755 494 3815; x_wconf 73' lang='grc' dir='ltr'>τοὺς</span> <span class='ocrx_word' id='word_1_527' title='bbox 521 3752 692 3816; x_wconf 74' lang='grc' dir='ltr'>υἱοὺς</span> <span class='ocrx_word' id='word_1_528' title='bbox 732 3750 958 3823; x_wconf 77' lang='grc' dir='ltr'>Ἰσραὴλ</span> <span class='ocrx_word' id='word_1_529' title='bbox 981 3751 1120 3805; x_wconf 88' lang='grc' dir='ltr'><strong>κατά</strong></span> <span class='ocrx_word' id='word_1_530' title='bbox 1141 3752 1237 3806; x_wconf 71' lang='grc' dir='ltr'>ἕνα</span> <span class='ocrx_word' id='word_1_531' title='bbox 1268 3753 1364 3807; x_wconf 70' lang='grc' dir='ltr'><strong>ἕνα</strong></span> <span class='ocrx_word' id='word_1_532' title='bbox 1393 3755 1487 3807; x_wconf 74' lang='grc' dir='ltr'>καὶ</span> <span class='ocrx_word' id='word_1_533' title='bbox 1516 3755 1691 3825; x_wconf 89' lang='grc' dir='ltr'>ἀθροί-</span> 
     </span>
    </p>
   </div>
   <div class='ocr_carea' id='block_1_71' title="bbox 100 3840 1690 3917">
    <p class='ocr_par' dir='ltr' id='par_1_71' title="bbox 100 3840 1690 3917">
     <span class='ocr_line' id='line_1_71' title="bbox 100 3840 1690 3917; baseline 0.002 -21"><span class='ocrx_word' id='word_1_534' title='bbox 100 3840 193 3904; x_wconf 76' lang='grc' dir='ltr'>ζειν</span> <span class='ocrx_word' id='word_1_535' title='bbox 227 3847 351 3908; x_wconf 77' lang='grc' dir='ltr'>τοὺς</span> <span class='ocrx_word' id='word_1_536' title='bbox 391 3846 513 3900; x_wconf 79' lang='grc' dir='ltr'><strong>ἀπὸ</strong></span> <span class='ocrx_word' id='word_1_537' title='bbox 561 3846 675 3914; x_wconf 81' lang='grc' dir='ltr'><strong>τῆς</strong></span> <span class='ocrx_word' id='word_1_538' title='bbox 711 3842 1049 3912; x_wconf 78' lang='grc' dir='ltr'>διασπορᾶς,</span> <span class='ocrx_word' id='word_1_539' title='bbox 1086 3844 1209 3907; x_wconf 80' lang='grc' dir='ltr'><strong>τούς</strong></span> <span class='ocrx_word' id='word_1_540' title='bbox 1240 3862 1299 3897; x_wconf 85' lang='grc' dir='ltr'>τε</span> <span class='ocrx_word' id='word_1_541' title='bbox 1329 3845 1690 3917; x_wconf 74' lang='grc' dir='ltr'>φοϐουμένους</span> 
     </span>
    </p>
   </div>
   <div class='ocr_carea' id='block_1_72' title="bbox 102 3932 1691 4007">
    <p class='ocr_par' dir='ltr' id='par_1_72' title="bbox 102 3932 1691 4007">
     <span class='ocr_line' id='line_1_72' title="bbox 102 3932 1691 4007; baseline 0.004 -22"><span class='ocrx_word' id='word_1_542' title='bbox 102 3936 177 3985; x_wconf 72' lang='grc' dir='ltr'><strong>καὶ</strong></span> <span class='ocrx_word' id='word_1_543' title='bbox 200 3937 692 4007; x_wconf 77' lang='grc' dir='ltr'>ἐπικαλουμένους</span> <span class='ocrx_word' id='word_1_544' title='bbox 729 3932 983 3997; x_wconf 77' lang='grc' dir='ltr'>σώζοντι,</span> <span class='ocrx_word' id='word_1_545' title='bbox 1034 3936 1229 4005; x_wconf 82' lang='grc' dir='ltr'>μᾶλλον</span> <span class='ocrx_word' id='word_1_546' title='bbox 1250 3936 1357 3989; x_wconf 83' lang='grc' dir='ltr'><strong>τῶν</strong></span> <span class='ocrx_word' id='word_1_547' title='bbox 1380 3938 1691 3991; x_wconf 82' lang='grc' dir='ltr'>ἀποστόλων</span> 
     </span>
    </p>
   </div>
   <div class='ocr_carea' id='block_1_73' title="bbox 101 4025 1695 4101">
    <p class='ocr_par' dir='ltr' id='par_1_73' title="bbox 101 4025 1695 4101">
     <span class='ocr_line' id='line_1_73' title="bbox 101 4025 1695 4101; baseline 0.004 -24"><span class='ocrx_word' id='word_1_548' title='bbox 101 4031 355 4099; x_wconf 74' lang='grc' dir='ltr'>συνεργεῖν</span> <span class='ocrx_word' id='word_1_549' title='bbox 388 4033 461 4100; x_wconf 80' lang='grc' dir='ltr'><strong>τῇ</strong></span> <span class='ocrx_word' id='word_1_550' title='bbox 496 4028 752 4098; x_wconf 78' lang='grc' dir='ltr'>αὐξήσει</span> <span class='ocrx_word' id='word_1_551' title='bbox 784 4025 981 4097; x_wconf 77' lang='grc' dir='ltr'>καὶτῷ</span> <span class='ocrx_word' id='word_1_552' title='bbox 1013 4026 1311 4098; x_wconf 83' lang='grc' dir='ltr'>πληουσμῷ</span> <span class='ocrx_word' id='word_1_553' title='bbox 1332 4030 1432 4100; x_wconf 83' lang='grc' dir='ltr'>τῆς</span> <span class='ocrx_word' id='word_1_554' title='bbox 1473 4030 1695 4101; x_wconf 84' lang='grc' dir='ltr'>Ἐκκλη-</span> 
     </span>
    </p>
   </div>
   <div class='ocr_carea' id='block_1_74' title="bbox 102 4117 1695 4192">
    <p class='ocr_par' dir='ltr' id='par_1_74' title="bbox 102 4117 1695 4192">
     <span class='ocr_line' id='line_1_74' title="bbox 102 4117 1695 4192; baseline 0.003 -23"><span class='ocrx_word' id='word_1_555' title='bbox 102 4119 221 4181; x_wconf 71' lang='grc' dir='ltr'>σίεις,</span> <span class='ocrx_word' id='word_1_556' title='bbox 246 4120 319 4183; x_wconf 84' lang='grc' dir='ltr'>ὡς</span> <span class='ocrx_word' id='word_1_557' title='bbox 343 4123 444 4175; x_wconf 81' lang='grc' dir='ltr'><strong>καὶ</strong></span> <span class='ocrx_word' id='word_1_558' title='bbox 492 4117 876 4192; x_wconf 82' lang='grc' dir='ltr'>προεστῶτάς</span> <span class='ocrx_word' id='word_1_559' title='bbox 902 4135 1051 4181; x_wconf 85' lang='grc' dir='ltr'>τινας</span> <span class='ocrx_word' id='word_1_560' title='bbox 1088 4118 1195 4171; x_wconf 82' lang='grc' dir='ltr'>τῶν</span> <span class='ocrx_word' id='word_1_561' title='bbox 1243 4120 1571 4191; x_wconf 83' lang='grc' dir='ltr'>Ἐκκλησιῶν</span> <span class='ocrx_word' id='word_1_562' title='bbox 1597 4124 1695 4191; x_wconf 83' lang='grc' dir='ltr'>ἀγ-</span> 
     </span>
    </p>
   </div>
   <div class='ocr_carea' id='block_1_75' title="bbox 100 4210 1694 4287">
    <p class='ocr_par' dir='ltr' id='par_1_75' title="bbox 100 4210 1694 4287">
     <span class='ocr_line' id='line_1_75' title="bbox 100 4210 1694 4287; baseline 0.004 -23"><span class='ocrx_word' id='word_1_563' title='bbox 100 4210 267 4279; x_wconf 79' lang='grc' dir='ltr'>γέλους</span> <span class='ocrx_word' id='word_1_564' title='bbox 282 4215 407 4284; x_wconf 81' lang='grc' dir='ltr'>λέγε</span> <span class='ocrx_word' id='word_1_565' title='bbox 416 4216 554 4268; x_wconf 82' lang='grc' dir='ltr'>σθαι</span> <span class='ocrx_word' id='word_1_566' title='bbox 577 4213 751 4284; x_wconf 68' lang='grc' dir='ltr'>ποιρά</span> <span class='ocrx_word' id='word_1_567' title='bbox 769 4210 849 4283; x_wconf 81' lang='grc' dir='ltr'>τῷ</span> <span class='ocrx_word' id='word_1_568' title='bbox 864 4212 1082 4286; x_wconf 72' lang='grc' dir='ltr'>Ἰωάννῃ</span> <span class='ocrx_word' id='word_1_569' title='bbox 1098 4216 1154 4266; x_wconf 82' lang='grc' dir='ltr'>ὲν</span> <span class='ocrx_word' id='word_1_570' title='bbox 1175 4218 1238 4286; x_wconf 82' lang='grc' dir='ltr'><strong>τῇ</strong></span> <span class='ocrx_word' id='word_1_571' title='bbox 1256 4218 1656 4287; x_wconf 70' lang='grc' dir='ltr'>Ἀποκαλύψει</span> <span class='ocrx_word' id='word_1_572' title='bbox 1675 4235 1694 4281; x_wconf 91' lang='grc'><em>;</em></span> 
     </span>
    </p>
   </div>
   <div class='ocr_carea' id='block_1_76' title="bbox 99 4299 1696 4376">
    <p class='ocr_par' dir='ltr' id='par_1_76' title="bbox 99 4299 1696 4376">
     <span class='ocr_line' id='line_1_76' title="bbox 99 4299 1696 4376; baseline 0.004 -21"><span class='ocrx_word' id='word_1_573' title='bbox 99 4299 166 4355; x_wconf 69' lang='lat'><strong>03</strong></span> <span class='ocrx_word' id='word_1_574' title='bbox 196 4306 299 4376; x_wconf 67' lang='grc' dir='ltr'><strong>γὰρ</strong></span> <span class='ocrx_word' id='word_1_575' title='bbox 350 4307 543 4376; x_wconf 76' lang='grc' dir='ltr'>μάτην</span> <span class='ocrx_word' id='word_1_576' title='bbox 572 4307 627 4358; x_wconf 75' lang='grc' dir='ltr'>οἱ</span> <span class='ocrx_word' id='word_1_577' title='bbox 660 4302 897 4371; x_wconf 83' lang='grc' dir='ltr'>ἄγγελοι</span> <span class='ocrx_word' id='word_1_578' title='bbox 938 4304 1030 4357; x_wconf 84' lang='grc' dir='ltr'><strong>τοῦ</strong></span> <span class='ocrx_word' id='word_1_579' title='bbox 1064 4305 1193 4357; x_wconf 83' lang='grc' dir='ltr'>Θεοῦ</span> <span class='ocrx_word' id='word_1_580' title='bbox 1228 4307 1572 4362; x_wconf 75' lang='grc' dir='ltr'>ἀναϐαίνουσι</span> <span class='ocrx_word' id='word_1_581' title='bbox 1603 4311 1696 4365; x_wconf 68' lang='grc' dir='ltr'><strong>καὶ</strong></span> 
     </span>
    </p>
   </div>
   <div class='ocr_carea' id='block_1_77' title="bbox 102 4394 1695 4471">
    <p class='ocr_par' dir='ltr' id='par_1_77' title="bbox 102 4394 1695 4471">
     <span class='ocr_line' id='line_1_77' title="bbox 102 4394 1695 4471; baseline 0.004 -22"><span class='ocrx_word' id='word_1_582' title='bbox 102 4397 477 4450; x_wconf 65' lang='grc' dir='ltr'>καταϐαίνουσι</span> <span class='ocrx_word' id='word_1_583' title='bbox 524 4397 625 4450; x_wconf 71' lang='grc' dir='ltr'><strong>ἐπὶ</strong></span> <span class='ocrx_word' id='word_1_584' title='bbox 655 4396 757 4449; x_wconf 74' lang='grc' dir='ltr'>τὸν</span> <span class='ocrx_word' id='word_1_585' title='bbox 792 4394 923 4446; x_wconf 81' lang='grc' dir='ltr'>Υὶὺν</span> <span class='ocrx_word' id='word_1_586' title='bbox 947 4394 1039 4447; x_wconf 86' lang='grc' dir='ltr'><strong>τοῦ</strong></span> <span class='ocrx_word' id='word_1_587' title='bbox 1076 4397 1360 4468; x_wconf 81' lang='grc' dir='ltr'>ἀνθρώπου</span> <span class='ocrx_word' id='word_1_588' title='bbox 1383 4441 1397 4460; x_wconf 87' lang='grc'><strong>,</strong></span> <span class='ocrx_word' id='word_1_589' title='bbox 1432 4401 1695 4471; x_wconf 78' lang='grc' dir='ltr'>ὁρώμενοι</span> 
     </span>
    </p>
   </div>
   <div class='ocr_carea' id='block_1_78' title="bbox 1785 3212 3341 3282">
    <p class='ocr_par' dir='ltr' id='par_1_78' title="bbox 1785 3212 3341 3282">
     <span class='ocr_line' id='line_1_78' title="bbox 1785 3212 3341 3282; baseline -0.001 -17"><span class='ocrx_word' id='word_1_590' title='bbox 1785 3213 1986 3268; x_wconf 86' lang='lat' dir='ltr'><strong>volenti</strong></span> <span class='ocrx_word' id='word_1_591' title='bbox 2022 3223 2078 3267; x_wconf 89' lang='lat' dir='ltr'><strong>et</strong></span> <span class='ocrx_word' id='word_1_592' title='bbox 2116 3227 2213 3268; x_wconf 91' lang='lat' dir='ltr'><strong>eos</strong></span> <span class='ocrx_word' id='word_1_593' title='bbox 2246 3228 2579 3282; x_wconf 83' lang='lat' dir='ltr'><strong>congregare</strong></span> <span class='ocrx_word' id='word_1_594' title='bbox 2622 3213 2709 3281; x_wconf 90' lang='lat' dir='ltr'><strong>qui</strong></span> <span class='ocrx_word' id='word_1_595' title='bbox 2738 3228 2806 3266; x_wconf 82' lang='lat' dir='ltr'><strong>ex</strong></span> <span class='ocrx_word' id='word_1_596' title='bbox 2832 3212 3165 3279; x_wconf 89' lang='lat' dir='ltr'><strong>dispersione</strong></span> <span class='ocrx_word' id='word_1_597' title='bbox 3196 3220 3341 3276; x_wconf 81' lang='lat' dir='ltr'><strong>sunt,</strong></span> 
     </span>
    </p>
   </div>
   <div class='ocr_carea' id='block_1_79' title="bbox 1786 3303 3350 3375">
    <p class='ocr_par' dir='ltr' id='par_1_79' title="bbox 1786 3303 3350 3375">
     <span class='ocr_line' id='line_1_79' title="bbox 1786 3303 3350 3375; baseline -0.002 -17"><span class='ocrx_word' id='word_1_598' title='bbox 1786 3305 2140 3374; x_wconf 83' lang='lat' dir='ltr'><strong>servantique</strong></span> <span class='ocrx_word' id='word_1_599' title='bbox 2166 3304 2417 3360; x_wconf 84' lang='lat' dir='ltr'><strong>timentes</strong></span> <span class='ocrx_word' id='word_1_600' title='bbox 2446 3314 2607 3375; x_wconf 89' lang='lat' dir='ltr'><strong>atque</strong></span> <span class='ocrx_word' id='word_1_601' title='bbox 2650 3304 2994 3364; x_wconf 89' lang='lat' dir='ltr'><strong>invocantes,</strong></span> <span class='ocrx_word' id='word_1_602' title='bbox 3036 3303 3350 3356; x_wconf 86' lang='lat' dir='ltr'><strong>ministrare</strong></span> 
     </span>
    </p>
   </div>
   <div class='ocr_carea' id='block_1_80' title="bbox 1787 3391 3353 3465">
    <p class='ocr_par' dir='ltr' id='par_1_80' title="bbox 1787 3391 3353 3465">
     <span class='ocr_line' id='line_1_80' title="bbox 1787 3391 3353 3465; baseline -0.006 -14"><span class='ocrx_word' id='word_1_603' title='bbox 1787 3406 1842 3451; x_wconf 87' lang='lat' dir='ltr'><strong>et</strong></span> <span class='ocrx_word' id='word_1_604' title='bbox 1886 3395 2119 3465; x_wconf 84' lang='lat' dir='ltr'><strong>amplius</strong></span> <span class='ocrx_word' id='word_1_605' title='bbox 2162 3395 2323 3449; x_wconf 88' lang='lat' dir='ltr'><strong>etiam</strong></span> <span class='ocrx_word' id='word_1_606' title='bbox 2356 3410 2517 3463; x_wconf 92' lang='lat' dir='ltr'><strong>quam</strong></span> <span class='ocrx_word' id='word_1_607' title='bbox 2568 3393 2844 3462; x_wconf 82' lang='lat' dir='ltr'><strong>apostolos</strong></span> <span class='ocrx_word' id='word_1_608' title='bbox 2883 3391 3221 3446; x_wconf 80' lang='lat' dir='ltr'><strong>collaborare</strong></span> <span class='ocrx_word' id='word_1_609' title='bbox 3252 3408 3353 3445; x_wconf 78' lang='lat' dir='ltr'><strong>an-</strong></span> 
     </span>
    </p>
   </div>
   <div class='ocr_carea' id='block_1_81' title="bbox 1789 3482 3355 3555">
    <p class='ocr_par' dir='ltr' id='par_1_81' title="bbox 1789 3482 3355 3555">
     <span class='ocr_line' id='line_1_81' title="bbox 1789 3482 3355 3555; baseline -0.003 -16"><span class='ocrx_word' id='word_1_610' title='bbox 1789 3484 1975 3555; x_wconf 71' lang='lat' dir='ltr'><strong>genda:</strong></span> <span class='ocrx_word' id='word_1_611' title='bbox 2017 3483 2272 3538; x_wconf 73' lang='lat' dir='ltr'><strong>Ecclesia:</strong></span> <span class='ocrx_word' id='word_1_612' title='bbox 2303 3491 2358 3537; x_wconf 83' lang='lat' dir='ltr'><strong>et</strong></span> <span class='ocrx_word' id='word_1_613' title='bbox 2382 3484 2840 3553; x_wconf 70' lang='lat' dir='ltr'><strong>multiplicandaa;</strong></span> <span class='ocrx_word' id='word_1_614' title='bbox 2872 3482 3009 3536; x_wconf 87' lang='lat' dir='ltr'><strong>adeo</strong></span> <span class='ocrx_word' id='word_1_615' title='bbox 3041 3492 3100 3536; x_wconf 90' lang='lat' dir='ltr'><strong>ut</strong></span> <span class='ocrx_word' id='word_1_616' title='bbox 3132 3482 3355 3551; x_wconf 83' lang='lat' dir='ltr'><strong>angelos</strong></span> 
     </span>
    </p>
   </div>
   <div class='ocr_carea' id='block_1_82' title="bbox 1788 3574 3357 3648">
    <p class='ocr_par' dir='ltr' id='par_1_82' title="bbox 1788 3574 3357 3648">
     <span class='ocr_line' id='line_1_82' title="bbox 1788 3574 3357 3648; baseline -0.002 -16"><span class='ocrx_word' id='word_1_617' title='bbox 1788 3576 2041 3632; x_wconf 82' lang='lat' dir='ltr'><strong>Ecclesiis</strong></span> <span class='ocrx_word' id='word_1_618' title='bbox 2086 3581 2348 3648; x_wconf 89' lang='lat' dir='ltr'><strong>quosdam</strong></span> <span class='ocrx_word' id='word_1_619' title='bbox 2394 3590 2626 3644; x_wconf 65' lang='lat' dir='ltr'><strong>pratesse</strong></span> <span class='ocrx_word' id='word_1_620' title='bbox 2668 3574 2902 3629; x_wconf 82' lang='lat' dir='ltr'><strong>Joannes</strong></span> <span class='ocrx_word' id='word_1_621' title='bbox 2931 3575 2983 3628; x_wconf 91' lang='lat' dir='ltr'><strong>in</strong></span> <span class='ocrx_word' id='word_1_622' title='bbox 3032 3574 3357 3645; x_wconf 62' lang='lat' dir='ltr'><strong>Apocalypsi</strong></span> 
     </span>
    </p>
   </div>
   <div class='ocr_carea' id='block_1_83' title="bbox 1788 3665 3354 3739">
    <p class='ocr_par' dir='ltr' id='par_1_83' title="bbox 1788 3665 3354 3739">
     <span class='ocr_line' id='line_1_83' title="bbox 1788 3665 3354 3739; baseline -0.003 -16"><span class='ocrx_word' id='word_1_623' title='bbox 1788 3671 1933 3724; x_wconf 87' lang='lat' dir='ltr'><strong>dicat</strong></span> <span class='ocrx_word' id='word_1_624' title='bbox 1955 3670 2044 3723; x_wconf 69' lang='grc' dir='ltr'><strong>⁸³ἳ</strong></span> <span class='ocrx_word' id='word_1_625' title='bbox 2072 3671 2253 3739; x_wconf 73' lang='lat' dir='ltr'><strong>Neque</strong></span> <span class='ocrx_word' id='word_1_626' title='bbox 2280 3671 2423 3725; x_wconf 89' lang='lat' dir='ltr'><strong>enim</strong></span> <span class='ocrx_word' id='word_1_627' title='bbox 2474 3669 2677 3722; x_wconf 82' lang='lat' dir='ltr'><strong>frustra</strong></span> <span class='ocrx_word' id='word_1_628' title='bbox 2714 3667 2891 3736; x_wconf 86' lang='lat' dir='ltr'><strong>angeli</strong></span> <span class='ocrx_word' id='word_1_629' title='bbox 2925 3665 3016 3720; x_wconf 88' lang='lat' dir='ltr'><strong>Dei</strong></span> <span class='ocrx_word' id='word_1_630' title='bbox 3052 3668 3354 3718; x_wconf 79' lang='lat' dir='ltr'><strong>ascendunt</strong></span> 
     </span>
    </p>
   </div>
   <div class='ocr_carea' id='block_1_84' title="bbox 1791 3757 3361 3831">
    <p class='ocr_par' dir='ltr' id='par_1_84' title="bbox 1791 3757 3361 3831">
     <span class='ocr_line' id='line_1_84' title="bbox 1791 3757 3361 3831; baseline -0.004 -13"><span class='ocrx_word' id='word_1_631' title='bbox 1791 3776 1845 3818; x_wconf 90' lang='lat' dir='ltr'><strong>et</strong></span> <span class='ocrx_word' id='word_1_632' title='bbox 1880 3764 2217 3819; x_wconf 86' lang='lat' dir='ltr'><strong>descendunt</strong></span> <span class='ocrx_word' id='word_1_633' title='bbox 2258 3776 2421 3831; x_wconf 84' lang='lat' dir='ltr'><strong>super</strong></span> <span class='ocrx_word' id='word_1_634' title='bbox 2468 3759 2661 3814; x_wconf 82' lang='lat' dir='ltr'><strong>Filium</strong></span> <span class='ocrx_word' id='word_1_635' title='bbox 2693 3759 2925 3813; x_wconf 90' lang='lat' dir='ltr'><strong>hominis</strong></span> <span class='ocrx_word' id='word_1_636' title='bbox 2956 3758 3040 3824; x_wconf 73' lang='lat'><strong>“,</strong></span> <span class='ocrx_word' id='word_1_637' title='bbox 3077 3757 3361 3812; x_wconf 79' lang='lat' dir='ltr'><strong>illustratis</strong></span> 
     </span>
    </p>
   </div>
   <div class='ocr_carea' id='block_1_85' title="bbox 1791 3853 3359 3926">
    <p class='ocr_par' dir='ltr' id='par_1_85' title="bbox 1791 3853 3359 3926">
     <span class='ocr_line' id='line_1_85' title="bbox 1791 3853 3359 3926; baseline -0.008 -10"><span class='ocrx_word' id='word_1_638' title='bbox 1791 3860 2033 3916; x_wconf 60' lang='lat' dir='ltr'><strong>scientia}</strong></span> <span class='ocrx_word' id='word_1_639' title='bbox 2072 3860 2191 3913; x_wconf 87' lang='lat' dir='ltr'><strong>luce</strong></span> <span class='ocrx_word' id='word_1_640' title='bbox 2218 3857 2390 3914; x_wconf 91' lang='lat' dir='ltr'><strong>oculis</strong></span> <span class='ocrx_word' id='word_1_641' title='bbox 2419 3856 2711 3926; x_wconf 84' lang='lat' dir='ltr'><strong>perspicui.</strong></span> <span class='ocrx_word' id='word_1_642' title='bbox 2750 3854 2827 3909; x_wconf 92' lang='lat' dir='ltr'><strong>llli</strong></span> <span class='ocrx_word' id='word_1_643' title='bbox 2876 3855 3039 3924; x_wconf 89' lang='lat' dir='ltr'><strong>igitur</strong></span> <span class='ocrx_word' id='word_1_644' title='bbox 3071 3853 3185 3921; x_wconf 92' lang='lat' dir='ltr'><strong>ipso</strong></span> <span class='ocrx_word' id='word_1_645' title='bbox 3228 3868 3359 3907; x_wconf 82' lang='lat' dir='ltr'><strong>ora-</strong></span> 
     </span>
    </p>
   </div>
   <div class='ocr_carea' id='block_1_86' title="bbox 1793 3945 3365 4021">
    <p class='ocr_par' dir='ltr' id='par_1_86' title="bbox 1793 3945 3365 4021">
     <span class='ocr_line' id='line_1_86' title="bbox 1793 3945 3365 4021; baseline -0.006 -15"><span class='ocrx_word' id='word_1_646' title='bbox 1793 3953 1955 4007; x_wconf 88' lang='lat' dir='ltr'><strong>tionis</strong></span> <span class='ocrx_word' id='word_1_647' title='bbox 2008 3959 2288 4021; x_wconf 85' lang='lat' dir='ltr'><strong>tempore,</strong></span> <span class='ocrx_word' id='word_1_648' title='bbox 2320 3948 2389 4002; x_wconf 89' lang='lat' dir='ltr'><strong>ab</strong></span> <span class='ocrx_word' id='word_1_649' title='bbox 2434 3962 2500 4002; x_wconf 89' lang='lat' dir='ltr'><strong>eo</strong></span> <span class='ocrx_word' id='word_1_650' title='bbox 2527 3948 2618 4015; x_wconf 87' lang='lat' dir='ltr'><strong>qui</strong></span> <span class='ocrx_word' id='word_1_651' title='bbox 2670 3955 2792 4001; x_wconf 88' lang='lat' dir='ltr'><strong>orat</strong></span> <span class='ocrx_word' id='word_1_652' title='bbox 2818 3947 3015 4016; x_wconf 90' lang='lat' dir='ltr'><strong>quibus</strong></span> <span class='ocrx_word' id='word_1_653' title='bbox 3061 3946 3176 4015; x_wconf 86' lang='lat' dir='ltr'><strong>ipse</strong></span> <span class='ocrx_word' id='word_1_654' title='bbox 3220 3945 3365 3998; x_wconf 87' lang='lat' dir='ltr'><strong>indi-</strong></span> 
     </span>
    </p>
   </div>
   <div class='ocr_carea' id='block_1_87' title="bbox 1794 4037 3361 4114">
    <p class='ocr_par' dir='ltr' id='par_1_87' title="bbox 1794 4037 3361 4114">
     <span class='ocr_line' id='line_1_87' title="bbox 1794 4037 3361 4114; baseline -0.006 -16"><span class='ocrx_word' id='word_1_655' title='bbox 1794 4052 1918 4114; x_wconf 89' lang='lat' dir='ltr'><strong>geat</strong></span> <span class='ocrx_word' id='word_1_656' title='bbox 1946 4042 2228 4109; x_wconf 87' lang='lat' dir='ltr'><strong>admoniti,</strong></span> <span class='ocrx_word' id='word_1_657' title='bbox 2260 4054 2380 4109; x_wconf 77' lang='lat' dir='ltr'><strong>qua:</strong></span> <span class='ocrx_word' id='word_1_658' title='bbox 2408 4048 2650 4107; x_wconf 90' lang='lat' dir='ltr'><strong>possunt,</strong></span> <span class='ocrx_word' id='word_1_659' title='bbox 2676 4039 2837 4092; x_wconf 87' lang='lat' dir='ltr'><strong>veluti</strong></span> <span class='ocrx_word' id='word_1_660' title='bbox 2864 4037 3103 4107; x_wconf 82' lang='lat' dir='ltr'><strong>generali</strong></span> <span class='ocrx_word' id='word_1_661' title='bbox 3135 4046 3361 4105; x_wconf 86' lang='lat' dir='ltr'><strong>accepto</strong></span> 
     </span>
    </p>
   </div>
   <div class='ocr_carea' id='block_1_88' title="bbox 1796 4128 3362 4208">
    <p class='ocr_par' dir='ltr' id='par_1_88' title="bbox 1796 4128 3362 4208">
     <span class='ocr_line' id='line_1_88' title="bbox 1796 4128 3362 4208; baseline -0.004 -21"><span class='ocrx_word' id='word_1_662' title='bbox 1796 4135 2068 4199; x_wconf 87' lang='lat' dir='ltr'><strong>mandato,</strong></span> <span class='ocrx_word' id='word_1_663' title='bbox 2094 4134 2401 4203; x_wconf 87' lang='lat' dir='ltr'><strong>perﬁciunt.</strong></span> <span class='ocrx_word' id='word_1_664' title='bbox 2434 4130 2705 4208; x_wconf 81' lang='lat' dir='ltr'><strong>Utendum</strong></span> <span class='ocrx_word' id='word_1_665' title='bbox 2734 4132 2896 4185; x_wconf 90' lang='lat' dir='ltr'><strong>etiam</strong></span> <span class='ocrx_word' id='word_1_666' title='bbox 2915 4129 3178 4197; x_wconf 80' lang='lat' dir='ltr'><strong>ejusmodi</strong></span> <span class='ocrx_word' id='word_1_667' title='bbox 3205 4128 3362 4182; x_wconf 74' lang='lat' dir='ltr'><strong>sinti-</strong></span> 
     </span>
    </p>
   </div>
   <div class='ocr_carea' id='block_1_89' title="bbox 1795 4218 3358 4293">
    <p class='ocr_par' dir='ltr' id='par_1_89' title="bbox 1795 4218 3358 4293">
     <span class='ocr_line' id='line_1_89' title="bbox 1795 4218 3358 4293; baseline -0.006 -16"><span class='ocrx_word' id='word_1_668' title='bbox 1795 4224 2022 4278; x_wconf 90' lang='lat' dir='ltr'><strong>litudiue</strong></span> <span class='ocrx_word' id='word_1_669' title='bbox 2048 4239 2155 4293; x_wconf 89' lang='lat' dir='ltr'><strong>quo</strong></span> <span class='ocrx_word' id='word_1_670' title='bbox 2182 4225 2585 4279; x_wconf 87' lang='lat' dir='ltr'><strong>demonstretur</strong></span> <span class='ocrx_word' id='word_1_671' title='bbox 2618 4222 2788 4292; x_wconf 85' lang='lat' dir='ltr'><strong>magis</strong></span> <span class='ocrx_word' id='word_1_672' title='bbox 2818 4220 2947 4290; x_wconf 83' lang='lat' dir='ltr'><strong>quid</strong></span> <span class='ocrx_word' id='word_1_673' title='bbox 2975 4218 3358 4287; x_wconf 73' lang='lat' dir='ltr'><strong>intelligamus.</strong></span> 
     </span>
    </p>
   </div>
   <div class='ocr_carea' id='block_1_90' title="bbox 1798 4307 3359 4387">
    <p class='ocr_par' dir='ltr' id='par_1_90' title="bbox 1798 4307 3359 4387">
     <span class='ocr_line' id='line_1_90' title="bbox 1798 4307 3359 4387; baseline -0.008 -16"><span class='ocrx_word' id='word_1_674' title='bbox 1798 4318 2096 4387; x_wconf 82' lang='lat' dir='ltr'><strong>Fingamus</strong></span> <span class='ocrx_word' id='word_1_675' title='bbox 2136 4326 2337 4385; x_wconf 64' lang='lat' dir='ltr'><strong>aagroto</strong></span> <span class='ocrx_word' id='word_1_676' title='bbox 2377 4332 2475 4385; x_wconf 93' lang='lat' dir='ltr'><strong>pro</strong></span> <span class='ocrx_word' id='word_1_677' title='bbox 2518 4315 2692 4370; x_wconf 88' lang='lat' dir='ltr'><strong>salute</strong></span> <span class='ocrx_word' id='word_1_678' title='bbox 2728 4310 3040 4374; x_wconf 84' lang='lat' dir='ltr'><strong>deprecanti</strong></span> <span class='ocrx_word' id='word_1_679' title='bbox 3092 4307 3359 4362; x_wconf 79' lang='lat' dir='ltr'><strong>medicum</strong></span> 
     </span>
    </p>
   </div>
   <div class='ocr_carea' id='block_1_91' title="bbox 1799 4402 3364 4477">
    <p class='ocr_par' dir='ltr' id='par_1_91' title="bbox 1799 4402 3364 4477">
     <span class='ocr_line' id='line_1_91' title="bbox 1799 4402 3364 4477; baseline -0.006 -17"><span class='ocrx_word' id='word_1_680' title='bbox 1799 4406 2226 4477; x_wconf 76' lang='lat' dir='ltr'><strong>adessejustitia:</strong></span> <span class='ocrx_word' id='word_1_681' title='bbox 2250 4409 2550 4460; x_wconf 84' lang='lat' dir='ltr'><strong>studiosum</strong></span> <span class='ocrx_word' id='word_1_682' title='bbox 2573 4423 2585 4458; x_wconf 92' lang='lat'>:</span> <span class='ocrx_word' id='word_1_683' title='bbox 2610 4404 2871 4459; x_wconf 88' lang='lat' dir='ltr'><strong>scientem</strong></span> <span class='ocrx_word' id='word_1_684' title='bbox 2891 4402 3051 4454; x_wconf 88' lang='lat' dir='ltr'><strong>etiam</strong></span> <span class='ocrx_word' id='word_1_685' title='bbox 3077 4416 3183 4467; x_wconf 90' lang='lat' dir='ltr'><strong>quo</strong></span> <span class='ocrx_word' id='word_1_686' title='bbox 3207 4411 3364 4465; x_wconf 83' lang='lat' dir='ltr'><strong>pacm</strong></span> 
     </span>
    </p>
   </div>
   <div class='ocr_carea' id='block_1_92' title="bbox 101 4468 1685 4563">
    <p class='ocr_par' dir='ltr' id='par_1_92' title="bbox 101 4468 1685 4563">
     <span class='ocr_line' id='line_1_92' title="bbox 101 4468 1685 4563; baseline 0.006 -26"><span class='ocrx_word' id='word_1_687' title='bbox 101 4491 197 4551; x_wconf 77' lang='grc' dir='ltr'>τοῖς</span> <span class='ocrx_word' id='word_1_688' title='bbox 222 4490 297 4559; x_wconf 80' lang='grc' dir='ltr'><strong>τῷ</strong></span> <span class='ocrx_word' id='word_1_689' title='bbox 326 4490 476 4558; x_wconf 70' lang='grc' dir='ltr'>φωτὶ</span> <span class='ocrx_word' id='word_1_690' title='bbox 512 4489 621 4559; x_wconf 81' lang='grc' dir='ltr'>τῆς</span> <span class='ocrx_word' id='word_1_691' title='bbox 644 4485 914 4555; x_wconf 83' lang='grc' dir='ltr'>γνώσεως</span> <span class='ocrx_word' id='word_1_692' title='bbox 939 4489 1362 4558; x_wconf 76' lang='grc' dir='ltr'>πεφωτισμένοις</span> <span class='ocrx_word' id='word_1_693' title='bbox 1380 4468 1685 4563; x_wconf 77' lang='grc' dir='ltr'>ὀφθαλμοῖς.</span> 
     </span>
    </p>
   </div>
   <div class='ocr_carea' id='block_1_93' title="bbox 1791 4468 3368 4563">
    <p class='ocr_par' dir='ltr' id='par_1_93' title="bbox 1804 4468 3368 4563">
     <span class='ocr_line' id='line_1_93' title="bbox 1804 4468 3368 4563; baseline -0.006 -12"><span class='ocrx_word' id='word_1_694' title='bbox 1804 4468 2284 4563; x_wconf 44' lang='lat' dir='ltr'><strong>mederi-oporteat</strong></span> <span class='ocrx_word' id='word_1_695' title='bbox 2313 4496 2525 4561; x_wconf 88' lang='lat' dir='ltr'><strong>morbo,</strong></span> <span class='ocrx_word' id='word_1_696' title='bbox 2555 4495 2709 4563; x_wconf 88' lang='lat' dir='ltr'><strong>cujus</strong></span> <span class='ocrx_word' id='word_1_697' title='bbox 2742 4507 2902 4545; x_wconf 90' lang='lat' dir='ltr'><strong>causa</strong></span> <span class='ocrx_word' id='word_1_698' title='bbox 2934 4492 3023 4545; x_wconf 86' lang='lat' dir='ltr'><strong>ille</strong></span> <span class='ocrx_word' id='word_1_699' title='bbox 3058 4490 3218 4560; x_wconf 77' lang='lat'><strong>215</strong></span> <span class='ocrx_word' id='word_1_700' title='bbox 3248 4490 3368 4542; x_wconf 83' lang='lat' dir='ltr'><strong>fnu-</strong></span> 
     </span>
    </p>
   </div>
   <div class='ocr_carea' id='block_1_94' title="bbox 103 4577 1697 4656">
    <p class='ocr_par' dir='ltr' id='par_1_94' title="bbox 103 4577 1697 4656">
     <span class='ocr_line' id='line_1_94' title="bbox 103 4577 1697 4656; baseline 0.004 -24"><span class='ocrx_word' id='word_1_701' title='bbox 103 4580 196 4634; x_wconf 75' lang='grc' dir='ltr'>Καὶ</span> <span class='ocrx_word' id='word_1_702' title='bbox 227 4582 354 4652; x_wconf 77' lang='grc' dir='ltr'>παρ’</span> <span class='ocrx_word' id='word_1_703' title='bbox 394 4581 574 4634; x_wconf 69' lang='grc' dir='ltr'>αὑτὸν</span> <span class='ocrx_word' id='word_1_704' title='bbox 602 4577 707 4632; x_wconf 77' lang='grc' dir='ltr'><strong>οὖν</strong></span> <span class='ocrx_word' id='word_1_705' title='bbox 740 4577 837 4629; x_wconf 74' lang='grc' dir='ltr'>τὸν</span> <span class='ocrx_word' id='word_1_706' title='bbox 868 4577 1052 4648; x_wconf 81' lang='grc' dir='ltr'>καιρὸν</span> <span class='ocrx_word' id='word_1_707' title='bbox 1076 4579 1174 4650; x_wconf 79' lang='grc' dir='ltr'><strong>τῆς</strong></span> <span class='ocrx_word' id='word_1_708' title='bbox 1201 4582 1363 4652; x_wconf 81' lang='grc' dir='ltr'>εὐχῆς</span> <span class='ocrx_word' id='word_1_709' title='bbox 1395 4584 1697 4656; x_wconf 82' lang='grc' dir='ltr'>ὑπομιμνη-</span> 
     </span>
    </p>
   </div>
   <div class='ocr_carea' id='block_1_95' title="bbox 104 4662 1693 4747">
    <p class='ocr_par' dir='ltr' id='par_1_95' title="bbox 104 4662 1693 4747">
     <span class='ocr_line' id='line_1_95' title="bbox 104 4662 1693 4747; baseline 0.006 -26"><span class='ocrx_word' id='word_1_710' title='bbox 104 4673 338 4739; x_wconf 72' lang='grc' dir='ltr'>σκόμενοι</span> <span class='ocrx_word' id='word_1_711' title='bbox 375 4673 492 4725; x_wconf 76' lang='grc' dir='ltr'><strong>ὑπὸ</strong></span> <span class='ocrx_word' id='word_1_712' title='bbox 524 4670 628 4723; x_wconf 87' lang='grc' dir='ltr'><strong>τοῦ</strong></span> <span class='ocrx_word' id='word_1_713' title='bbox 665 4668 972 4737; x_wconf 82' lang='grc' dir='ltr'>εὐχομένου</span> <span class='ocrx_word' id='word_1_714' title='bbox 1007 4662 1079 4723; x_wconf 82' lang='grc' dir='ltr'>ὧν</span> <span class='ocrx_word' id='word_1_715' title='bbox 1112 4670 1277 4725; x_wconf 85' lang='grc' dir='ltr'>δεῖται</span> <span class='ocrx_word' id='word_1_716' title='bbox 1320 4676 1348 4725; x_wconf 86' lang='grc' dir='ltr'>ὁ</span> <span class='ocrx_word' id='word_1_717' title='bbox 1386 4675 1693 4747; x_wconf 80' lang='grc' dir='ltr'>εὐχόμενος,</span> 
     </span>
    </p>
   </div>
   <div class='ocr_carea' id='block_1_96' title="bbox 104 4760 1700 4837">
    <p class='ocr_par' dir='ltr' id='par_1_96' title="bbox 104 4760 1700 4837">
     <span class='ocr_line' id='line_1_96' title="bbox 104 4760 1700 4837; baseline 0.006 -24"><span class='ocrx_word' id='word_1_718' title='bbox 104 4761 131 4813; x_wconf 78' lang='grc' dir='ltr'><em>ἃ</em></span> <span class='ocrx_word' id='word_1_719' title='bbox 163 4763 413 4817; x_wconf 66' lang='grc' dir='ltr'>δύνανται</span> <span class='ocrx_word' id='word_1_720' title='bbox 448 4764 535 4826; x_wconf 84' lang='grc' dir='ltr'>ὡς</span> <span class='ocrx_word' id='word_1_721' title='bbox 591 4760 907 4828; x_wconf 78' lang='grc' dir='ltr'>καθολικὴν</span> <span class='ocrx_word' id='word_1_722' title='bbox 939 4761 1213 4832; x_wconf 72' lang='grc' dir='ltr'>εἰληφότες</span> <span class='ocrx_word' id='word_1_723' title='bbox 1257 4765 1471 4837; x_wconf 78' lang='grc' dir='ltr'>ἐντολὴν</span> <span class='ocrx_word' id='word_1_724' title='bbox 1527 4769 1700 4822; x_wconf 76' lang='grc' dir='ltr'>ἐπιτε-</span> 
     </span>
    </p>
   </div>
   <div class='ocr_carea' id='block_1_97' title="bbox 103 4851 1699 4928">
    <p class='ocr_par' dir='ltr' id='par_1_97' title="bbox 103 4851 1699 4928">
     <span class='ocr_line' id='line_1_97' title="bbox 103 4851 1699 4928; baseline 0.008 -26"><span class='ocrx_word' id='word_1_725' title='bbox 103 4854 252 4908; x_wconf 67' lang='grc' dir='ltr'>λοῦσι.</span> <span class='ocrx_word' id='word_1_726' title='bbox 284 4856 588 4927; x_wconf 72' lang='grc' dir='ltr'>Χρηστέον</span> <span class='ocrx_word' id='word_1_727' title='bbox 624 4852 694 4923; x_wconf 78' lang='grc' dir='ltr'><strong>δὴ</strong></span> <span class='ocrx_word' id='word_1_728' title='bbox 736 4851 909 4903; x_wconf 80' lang='grc' dir='ltr'>εἰκόνι</span> <span class='ocrx_word' id='word_1_729' title='bbox 951 4854 1053 4905; x_wconf 72' lang='grc' dir='ltr'>τινὶ</span> <span class='ocrx_word' id='word_1_730' title='bbox 1081 4855 1301 4928; x_wconf 81' lang='grc' dir='ltr'>τοιαύτῃ</span> <span class='ocrx_word' id='word_1_731' title='bbox 1324 4858 1405 4920; x_wconf 82' lang='grc' dir='ltr'><strong>είς</strong></span> <span class='ocrx_word' id='word_1_732' title='bbox 1427 4858 1516 4911; x_wconf 79' lang='grc' dir='ltr'>τὸν</span> <span class='ocrx_word' id='word_1_733' title='bbox 1544 4860 1699 4928; x_wconf 85' lang='grc' dir='ltr'>λόγον</span> 
     </span>
    </p>
   </div>
   <div class='ocr_carea' id='block_1_98' title="bbox 105 4937 1697 5020">
    <p class='ocr_par' dir='ltr' id='par_1_98' title="bbox 105 4937 1697 5020">
     <span class='ocr_line' id='line_1_98' title="bbox 105 4937 1697 5020; baseline 0.01 -33"><span class='ocrx_word' id='word_1_734' title='bbox 105 4940 270 4995; x_wconf 76' lang='grc' dir='ltr'>τοῦτον</span> <span class='ocrx_word' id='word_1_735' title='bbox 294 4943 439 5013; x_wconf 69' lang='grc' dir='ltr'>πρὸς</span> <span class='ocrx_word' id='word_1_736' title='bbox 454 4942 526 4993; x_wconf 74' lang='grc' dir='ltr'><strong>τὸ</strong></span> <span class='ocrx_word' id='word_1_737' title='bbox 549 4937 973 5010; x_wconf 77' lang='grc' dir='ltr'>παραδέξασθαι</span> <span class='ocrx_word' id='word_1_738' title='bbox 990 4941 1092 5011; x_wconf 88' lang='grc'>(99)</span> <span class='ocrx_word' id='word_1_739' title='bbox 1119 4945 1177 4996; x_wconf 83' lang='grc' dir='ltr'>τὸ</span> <span class='ocrx_word' id='word_1_740' title='bbox 1201 4947 1517 5017; x_wconf 88' lang='grc' dir='ltr'>νενοημένον</span> <span class='ocrx_word' id='word_1_741' title='bbox 1545 4952 1697 5020; x_wconf 80' lang='grc' dir='ltr'>ἡμῖν.</span> 
     </span>
    </p>
   </div>
   <div class='ocr_carea' id='block_1_99' title="bbox 104 5028 1701 5111">
    <p class='ocr_par' dir='ltr' id='par_1_99' title="bbox 104 5028 1701 5111">
     <span class='ocr_line' id='line_1_99' title="bbox 104 5028 1701 5111; baseline 0.016 -41"><span class='ocrx_word' id='word_1_742' title='bbox 104 5031 349 5101; x_wconf 62' lang='grc' dir='ltr'><strong>Περέα-τω</strong></span> <span class='ocrx_word' id='word_1_743' title='bbox 388 5050 483 5095; x_wconf 81' lang='grc' dir='ltr'>τις</span> <span class='ocrx_word' id='word_1_744' title='bbox 521 5030 725 5101; x_wconf 75' lang='grc' dir='ltr'>ἰατρὸς</span> <span class='ocrx_word' id='word_1_745' title='bbox 760 5028 1103 5102; x_wconf 76' lang='grc' dir='ltr'>δικαιοσύνης</span> <span class='ocrx_word' id='word_1_746' title='bbox 1140 5037 1509 5106; x_wconf 72' lang='grc' dir='ltr'>πεφροντικὼς</span> <span class='ocrx_word' id='word_1_747' title='bbox 1549 5043 1701 5111; x_wconf 83' lang='grc' dir='ltr'>εὐχο-</span> 
     </span>
    </p>
   </div>
   <div class='ocr_carea' id='block_1_100' title="bbox 1804 4582 3368 4655">
    <p class='ocr_par' dir='ltr' id='par_1_100' title="bbox 1804 4582 3368 4655">
     <span class='ocr_line' id='line_1_100' title="bbox 1804 4582 3368 4655; baseline -0.005 -14"><span class='ocrx_word' id='word_1_748' title='bbox 1804 4590 1883 4641; x_wconf 90' lang='lat' dir='ltr'><strong>dit</strong></span> <span class='ocrx_word' id='word_1_749' title='bbox 1914 4602 2122 4655; x_wconf 91' lang='lat' dir='ltr'><strong>preces.</strong></span> <span class='ocrx_word' id='word_1_750' title='bbox 2158 4586 2504 4654; x_wconf 87' lang='lat' dir='ltr'><strong>Perspicuum</strong></span> <span class='ocrx_word' id='word_1_751' title='bbox 2550 4593 2633 4638; x_wconf 90' lang='lat' dir='ltr'><strong>est</strong></span> <span class='ocrx_word' id='word_1_752' title='bbox 2665 4598 2786 4637; x_wconf 91' lang='lat' dir='ltr'><strong>eum</strong></span> <span class='ocrx_word' id='word_1_753' title='bbox 2838 4583 2902 4634; x_wconf 86' lang='lat' dir='ltr'><strong>ad</strong></span> <span class='ocrx_word' id='word_1_754' title='bbox 2938 4582 3083 4634; x_wconf 86' lang='lat' dir='ltr'><strong>illum</strong></span> <span class='ocrx_word' id='word_1_755' title='bbox 3120 4582 3210 4650; x_wconf 89' lang='lat' dir='ltr'><strong>qui</strong></span> <span class='ocrx_word' id='word_1_756' title='bbox 3245 4590 3368 4634; x_wconf 71' lang='lat' dir='ltr'><strong>orat</strong></span> 
     </span>
    </p>
   </div>
   <div class='ocr_carea' id='block_1_101' title="bbox 1803 4670 3368 4743">
    <p class='ocr_par' dir='ltr' id='par_1_101' title="bbox 1803 4670 3368 4743">
     <span class='ocr_line' id='line_1_101' title="bbox 1803 4670 3368 4743; baseline -0.006 -9"><span class='ocrx_word' id='word_1_757' title='bbox 1803 4679 2102 4734; x_wconf 89' lang='lat' dir='ltr'><strong>sanandum</strong></span> <span class='ocrx_word' id='word_1_758' title='bbox 2158 4677 2443 4743; x_wconf 83' lang='lat' dir='ltr'><strong>impulsum</strong></span> <span class='ocrx_word' id='word_1_759' title='bbox 2488 4675 2592 4741; x_wconf 92' lang='lat' dir='ltr'><strong>iri,</strong></span> <span class='ocrx_word' id='word_1_760' title='bbox 2650 4673 3017 4741; x_wconf 88' lang='lat' dir='ltr'><strong>suspicantem</strong></span> <span class='ocrx_word' id='word_1_761' title='bbox 3075 4670 3212 4724; x_wconf 72' lang='lat' dir='ltr'><strong>forte</strong></span> <span class='ocrx_word' id='word_1_762' title='bbox 3260 4685 3368 4724; x_wconf 86' lang='lat' dir='ltr'><strong>non</strong></span> 
     </span>
    </p>
   </div>
   <div class='ocr_carea' id='block_1_102' title="bbox 1807 4762 3369 4840">
    <p class='ocr_par' dir='ltr' id='par_1_102' title="bbox 1807 4762 3369 4840">
     <span class='ocr_line' id='line_1_102' title="bbox 1807 4762 3369 4840; baseline -0.004 -19"><span class='ocrx_word' id='word_1_763' title='bbox 1807 4786 1964 4835; x_wconf 85' lang='lat' dir='ltr'><strong>vane,</strong></span> <span class='ocrx_word' id='word_1_764' title='bbox 1991 4771 2095 4825; x_wconf 91' lang='lat' dir='ltr'><strong>hoc</strong></span> <span class='ocrx_word' id='word_1_765' title='bbox 2126 4770 2295 4840; x_wconf 91' lang='lat' dir='ltr'><strong>ipsum</strong></span> <span class='ocrx_word' id='word_1_766' title='bbox 2327 4768 2436 4821; x_wconf 89' lang='lat' dir='ltr'><strong>Deo</strong></span> <span class='ocrx_word' id='word_1_767' title='bbox 2465 4767 2517 4820; x_wconf 87' lang='lat' dir='ltr'><strong>in</strong></span> <span class='ocrx_word' id='word_1_768' title='bbox 2546 4766 2727 4818; x_wconf 85' lang='lat' dir='ltr'><strong>animo</strong></span> <span class='ocrx_word' id='word_1_769' title='bbox 2751 4778 2894 4826; x_wconf 87' lang='lat' dir='ltr'><strong>esse,</strong></span> <span class='ocrx_word' id='word_1_770' title='bbox 2930 4776 3051 4815; x_wconf 89' lang='lat' dir='ltr'><strong>cum</strong></span> <span class='ocrx_word' id='word_1_771' title='bbox 3079 4762 3219 4815; x_wconf 92' lang='lat' dir='ltr'><strong>illius</strong></span> <span class='ocrx_word' id='word_1_772' title='bbox 3251 4775 3369 4827; x_wconf 90' lang='lat' dir='ltr'><strong>pre-</strong></span> 
     </span>
    </p>
   </div>
   <div class='ocr_carea' id='block_1_103' title="bbox 1806 4854 3372 4929">
    <p class='ocr_par' dir='ltr' id='par_1_103' title="bbox 1806 4854 3372 4929">
     <span class='ocr_line' id='line_1_103' title="bbox 1806 4854 3372 4929; baseline -0.007 -12"><span class='ocrx_word' id='word_1_773' title='bbox 1806 4877 1897 4917; x_wconf 73' lang='lat' dir='ltr'><strong>ces</strong></span> <span class='ocrx_word' id='word_1_774' title='bbox 1941 4861 2244 4916; x_wconf 80' lang='lat' dir='ltr'><strong>exaudierit</strong></span> <span class='ocrx_word' id='word_1_775' title='bbox 2289 4860 2379 4929; x_wconf 91' lang='lat' dir='ltr'><strong>qui</strong></span> <span class='ocrx_word' id='word_1_776' title='bbox 2423 4872 2452 4909; x_wconf 90' lang='lat' dir='ltr'><strong>a</strong></span> <span class='ocrx_word' id='word_1_777' title='bbox 2499 4864 2687 4910; x_wconf 87' lang='lat' dir='ltr'><strong>morbo</strong></span> <span class='ocrx_word' id='word_1_778' title='bbox 2722 4854 2942 4908; x_wconf 85' lang='lat' dir='ltr'><strong>liberari</strong></span> <span class='ocrx_word' id='word_1_779' title='bbox 2970 4854 3228 4923; x_wconf 77' lang='lat' dir='ltr'><strong>postulat.</strong></span> <span class='ocrx_word' id='word_1_780' title='bbox 3266 4854 3372 4906; x_wconf 81' lang='lat' dir='ltr'><strong>Ant</strong></span> 
     </span>
    </p>
   </div>
   <div class='ocr_carea' id='block_1_104' title="bbox 1809 4945 3373 5021">
    <p class='ocr_par' dir='ltr' id='par_1_104' title="bbox 1809 4945 3373 5021">
     <span class='ocr_line' id='line_1_104' title="bbox 1809 4945 3373 5021; baseline -0.007 -14"><span class='ocrx_word' id='word_1_781' title='bbox 1809 4969 1996 5008; x_wconf 84' lang='lat' dir='ltr'><strong>eorum</strong></span> <span class='ocrx_word' id='word_1_782' title='bbox 2032 4952 2230 5021; x_wconf 90' lang='lat' dir='ltr'><strong>aliquis</strong></span> <span class='ocrx_word' id='word_1_783' title='bbox 2251 4951 2341 5019; x_wconf 85' lang='lat' dir='ltr'><strong>qui</strong></span> <span class='ocrx_word' id='word_1_784' title='bbox 2378 4952 2538 5005; x_wconf 87' lang='lat' dir='ltr'><strong>rebus</strong></span> <span class='ocrx_word' id='word_1_785' title='bbox 2558 4949 2626 5001; x_wconf 86' lang='lat' dir='ltr'><strong>ad</strong></span> <span class='ocrx_word' id='word_1_786' title='bbox 2653 4948 2816 4999; x_wconf 88' lang='lat' dir='ltr'><strong>vitam</strong></span> <span class='ocrx_word' id='word_1_787' title='bbox 2850 4946 3175 4999; x_wconf 88' lang='lat' dir='ltr'><strong>necessariis</strong></span> <span class='ocrx_word' id='word_1_788' title='bbox 3205 4945 3373 4997; x_wconf 83' lang='lat' dir='ltr'><strong>abun-</strong></span> 
     </span>
    </p>
   </div>
   <div class='ocr_carea' id='block_1_105' title="bbox 1809 5036 3375 5112">
    <p class='ocr_par' dir='ltr' id='par_1_105' title="bbox 1809 5036 3375 5112">
     <span class='ocr_line' id='line_1_105' title="bbox 1809 5036 3375 5112; baseline -0.006 -14"><span class='ocrx_word' id='word_1_789' title='bbox 1809 5046 1978 5109; x_wconf 90' lang='lat' dir='ltr'><strong>dant,</strong></span> <span class='ocrx_word' id='word_1_790' title='bbox 2040 5043 2192 5112; x_wconf 85' lang='lat' dir='ltr'><strong>isque</strong></span> <span class='ocrx_word' id='word_1_791' title='bbox 2241 5043 2505 5105; x_wconf 88' lang='lat' dir='ltr'><strong>liberalis,</strong></span> <span class='ocrx_word' id='word_1_792' title='bbox 2546 5039 2797 5109; x_wconf 87' lang='lat' dir='ltr'><strong>pauperis</strong></span> <span class='ocrx_word' id='word_1_793' title='bbox 2843 5037 3141 5092; x_wconf 83' lang='lat' dir='ltr'><strong>orationem</strong></span> <span class='ocrx_word' id='word_1_794' title='bbox 3193 5036 3375 5090; x_wconf 82' lang='lat' dir='ltr'><strong>audiat</strong></span> 
     </span>
    </p>
   </div>
   <div class='ocr_carea' id='block_1_106' title="bbox 166 5166 1685 5247">
    <p class='ocr_par' dir='ltr' id='par_1_106' title="bbox 166 5166 1685 5247">
     <span class='ocr_line' id='line_1_106' title="bbox 166 5166 1685 5247; baseline 0.006 -21"><span class='ocrx_word' id='word_1_795' title='bbox 166 5173 208 5205; x_wconf 72' lang='lat'><em>”</em></span> <span class='ocrx_word' id='word_1_796' title='bbox 232 5175 270 5227; x_wconf 86' lang='lat' dir='ltr'><strong>ll</strong></span> <span class='ocrx_word' id='word_1_797' title='bbox 307 5174 462 5229; x_wconf 71' lang='lat' dir='ltr'><strong>Mac.</strong></span> <span class='ocrx_word' id='word_1_798' title='bbox 503 5190 621 5247; x_wconf 47' lang='lat' dir='ltr'><strong>lxv:</strong></span> <span class='ocrx_word' id='word_1_799' title='bbox 656 5171 751 5225; x_wconf 67' lang='grc'><strong>14.</strong></span> <span class='ocrx_word' id='word_1_800' title='bbox 816 5166 1058 5247; x_wconf 50' lang='lat' dir='ltr'><strong>&quot;1Com</strong></span> <span class='ocrx_word' id='word_1_801' title='bbox 1078 5188 1183 5239; x_wconf 82' lang='lat' dir='ltr'><strong>xu,</strong></span> <span class='ocrx_word' id='word_1_802' title='bbox 1208 5175 1299 5231; x_wconf 68' lang='lat'><strong>26.</strong></span> <span class='ocrx_word' id='word_1_803' title='bbox 1376 5178 1421 5212; x_wconf 78' lang='grc' dir='ltr'><strong>⁸ο</strong></span> <span class='ocrx_word' id='word_1_804' title='bbox 1449 5179 1492 5233; x_wconf 91' lang='lat' dir='ltr'><strong>ll</strong></span> <span class='ocrx_word' id='word_1_805' title='bbox 1510 5181 1633 5235; x_wconf 92' lang='lat' dir='ltr'><strong>Cor.</strong></span> <span class='ocrx_word' id='word_1_806' title='bbox 1666 5199 1685 5235; x_wconf 62' lang='grc' dir='ltr'><strong><em>λ</em></strong></span> 
     </span>
    </p>
   </div>
   <div class='ocr_carea' id='block_1_107' title="bbox 1791 5166 3374 5247">
    <p class='ocr_par' dir='ltr' id='par_1_107' title="bbox 1791 5173 3374 5245">
     <span class='ocr_line' id='line_1_107' title="bbox 1791 5173 3374 5245; baseline -0.004 -11"><span class='ocrx_word' id='word_1_807' title='bbox 1791 5180 1866 5237; x_wconf 82' lang='grc' dir='ltr'><strong>Ξ8.</strong></span> <span class='ocrx_word' id='word_1_808' title='bbox 1945 5184 1988 5214; x_wconf 80' lang='grc'><strong>⁸¹</strong></span> <span class='ocrx_word' id='word_1_809' title='bbox 2020 5181 2211 5237; x_wconf 85' lang='lat' dir='ltr'><strong>Matth.</strong></span> <span class='ocrx_word' id='word_1_810' title='bbox 2242 5197 2317 5245; x_wconf 80' lang='grc' dir='ltr'><strong>ιν,</strong></span> <span class='ocrx_word' id='word_1_811' title='bbox 2353 5182 2439 5234; x_wconf 84' lang='grc' dir='ltr'><strong>Η.</strong></span> <span class='ocrx_word' id='word_1_812' title='bbox 2518 5179 2563 5210; x_wconf 75' lang='grc'>⁸³</span> <span class='ocrx_word' id='word_1_813' title='bbox 2593 5177 2724 5233; x_wconf 88' lang='lat' dir='ltr'><strong>Luc.</strong></span> <span class='ocrx_word' id='word_1_814' title='bbox 2749 5191 2885 5241; x_wconf 70' lang='grc' dir='ltr'>χχιι,</span> <span class='ocrx_word' id='word_1_815' title='bbox 2914 5176 3004 5228; x_wconf 71' lang='lat'><strong>27.</strong></span> <span class='ocrx_word' id='word_1_816' title='bbox 3081 5173 3125 5205; x_wconf 82' lang='grc'><strong>⁸³</strong></span> <span class='ocrx_word' id='word_1_817' title='bbox 3142 5174 3309 5242; x_wconf 86' lang='lat' dir='ltr'><strong>Apoc.</strong></span> <span class='ocrx_word' id='word_1_818' title='bbox 3335 5188 3374 5239; x_wconf 83' lang='grc' dir='ltr'><strong>ι,</strong></span> 
     </span>
    </p>
   </div>
   <div class='ocr_carea' id='block_1_108' title="bbox 102 5238 947 5304">
    <p class='ocr_par' dir='ltr' id='par_1_108' title="bbox 102 5238 947 5304">
     <span class='ocr_line' id='line_1_108' title="bbox 102 5238 947 5304; baseline -0.002 -9"><span class='ocrx_word' id='word_1_819' title='bbox 102 5241 235 5298; x_wconf 66' lang='lat' dir='ltr'><strong>Stet</strong></span> <span class='ocrx_word' id='word_1_820' title='bbox 258 5261 293 5297; x_wconf 83' lang='grc' dir='ltr'><strong>ιι</strong></span> <span class='ocrx_word' id='word_1_821' title='bbox 351 5252 411 5298; x_wconf 74' lang='grc'><strong>1.</strong></span> <span class='ocrx_word' id='word_1_822' title='bbox 500 5243 551 5275; x_wconf 72' lang='grc'><strong>⁸⁸</strong></span> <span class='ocrx_word' id='word_1_823' title='bbox 580 5242 755 5296; x_wconf 80' lang='lat' dir='ltr'><strong>Joan.</strong></span> <span class='ocrx_word' id='word_1_824' title='bbox 790 5255 831 5304; x_wconf 86' lang='grc' dir='ltr'><strong>ι,</strong></span> <span class='ocrx_word' id='word_1_825' title='bbox 859 5238 947 5293; x_wconf 72' lang='lat'><strong>32.</strong></span> 
     </span>
    </p>
   </div>
   <div class='ocr_carea' id='block_1_109' title="bbox 164 5377 1707 5456">
    <p class='ocr_par' dir='ltr' id='par_1_109' title="bbox 164 5377 1707 5456">
     <span class='ocr_line' id='line_1_109' title="bbox 164 5377 1707 5456; baseline -0.004 -16"><span class='ocrx_word' id='word_1_826' title='bbox 164 5382 275 5456; x_wconf 83' lang='grc'>(95)</span> <span class='ocrx_word' id='word_1_827' title='bbox 328 5386 695 5456; x_wconf 51' lang='lat' dir='ltr'><strong>Atr-tntum.</strong></span> <span class='ocrx_word' id='word_1_828' title='bbox 754 5377 884 5456; x_wconf 74' lang='lat' dir='ltr'><strong>Si_c_</strong></span> <span class='ocrx_word' id='word_1_829' title='bbox 915 5378 1075 5434; x_wconf 86' lang='lat' dir='ltr'><strong>habet</strong></span> <span class='ocrx_word' id='word_1_830' title='bbox 1132 5382 1309 5456; x_wconf 64' lang='lat' dir='ltr'><strong>codex</strong></span> <span class='ocrx_word' id='word_1_831' title='bbox 1364 5396 1465 5456; x_wconf 64' lang='lat' dir='ltr'><strong>ms.</strong></span> <span class='ocrx_word' id='word_1_832' title='bbox 1528 5382 1707 5456; x_wconf 51' lang='lat' dir='ltr'><strong>Edilio</strong></span> 
     </span>
    </p>
   </div>
   <div class='ocr_carea' id='block_1_110' title="bbox 103 5447 1705 5517">
    <p class='ocr_par' dir='ltr' id='par_1_110' title="bbox 103 5447 1705 5517">
     <span class='ocr_line' id='line_1_110' title="bbox 103 5447 1705 5517; baseline -0.001 -12"><span class='ocrx_word' id='word_1_833' title='bbox 103 5447 271 5508; x_wconf 70' lang='lat' dir='ltr'><strong>autem</strong></span> <span class='ocrx_word' id='word_1_834' title='bbox 305 5447 671 5510; x_wconf 76' lang='lat' dir='ltr'><strong>Oxoniénsis</strong></span> <span class='ocrx_word' id='word_1_835' title='bbox 694 5492 709 5514; x_wconf 92' lang='lat'><strong>,</strong></span> <span class='ocrx_word' id='word_1_836' title='bbox 736 5447 1071 5517; x_wconf 31' lang='grc' dir='ltr'>Ἃαίνίγμασι.</span> <span class='ocrx_word' id='word_1_837' title='bbox 1132 5448 1330 5503; x_wconf 85' lang='lat' dir='ltr'><strong>Ibidem</strong></span> <span class='ocrx_word' id='word_1_838' title='bbox 1373 5454 1484 5515; x_wconf 76' lang='grc' dir='ltr'>τοῖς</span> <span class='ocrx_word' id='word_1_839' title='bbox 1516 5451 1705 5517; x_wconf 83' lang='grc' dir='ltr'>ἀξίοις,</span> 
     </span>
    </p>
   </div>
   <div class='ocr_carea' id='block_1_111' title="bbox 107 5515 1547 5600">
    <p class='ocr_par' dir='ltr' id='par_1_111' title="bbox 107 5515 1547 5600">
     <span class='ocr_line' id='line_1_111' title="bbox 107 5515 1547 5600; baseline 0 -25"><span class='ocrx_word' id='word_1_840' title='bbox 107 5523 368 5600; x_wconf 59' lang='lat' dir='ltr'><strong>Dominus</strong></span> <span class='ocrx_word' id='word_1_841' title='bbox 399 5522 691 5600; x_wconf 68' lang='lat' dir='ltr'><strong>Claudius</strong></span> <span class='ocrx_word' id='word_1_842' title='bbox 728 5515 928 5600; x_wconf 47' lang='lat' dir='ltr'><strong>Fle‘u&#39;l&#39;y</strong></span> <span class='ocrx_word' id='word_1_843' title='bbox 961 5517 1331 5600; x_wconf 31' lang='lat' dir='ltr'><strong>legebatnrofi‘;</strong></span> <span class='ocrx_word' id='word_1_844' title='bbox 1345 5521 1547 5600; x_wconf 68' lang='grc' dir='ltr'>ἁγίοις.</span> 
     </span>
    </p>
   </div>
   <div class='ocr_carea' id='block_1_112' title="bbox 167 5586 1709 5664">
    <p class='ocr_par' dir='ltr' id='par_1_112' title="bbox 167 5586 1709 5664">
     <span class='ocr_line' id='line_1_112' title="bbox 167 5586 1709 5664; baseline -0.006 -14"><span class='ocrx_word' id='word_1_845' title='bbox 167 5593 276 5664; x_wconf 76' lang='grc'>(96)</span> <span class='ocrx_word' id='word_1_846' title='bbox 324 5593 473 5648; x_wconf 84' lang='lat' dir='ltr'><strong>Post</strong></span> <span class='ocrx_word' id='word_1_847' title='bbox 511 5592 757 5664; x_wconf 63' lang='lat' dir='ltr'><strong>verbm!)</strong></span> <span class='ocrx_word' id='word_1_848' title='bbox 799 5586 1031 5664; x_wconf 46' lang='grc' dir='ltr'>λέγειν,</span> <span class='ocrx_word' id='word_1_849' title='bbox 1079 5590 1243 5664; x_wconf 67' lang='lat' dir='ltr'><strong>editio</strong></span> <span class='ocrx_word' id='word_1_850' title='bbox 1271 5586 1595 5664; x_wconf 25' lang='lat' dir='ltr'><strong>Oannien‘sis</strong></span> <span class='ocrx_word' id='word_1_851' title='bbox 1624 5590 1709 5664; x_wconf 79' lang='lat' dir='ltr'><strong>in-</strong></span> 
     </span>
    </p>
   </div>
   <div class='ocr_carea' id='block_1_113' title="bbox 718 5653 1706 5738">
    <p class='ocr_par' dir='ltr' id='par_1_113' title="bbox 718 5653 1706 5738">
     <span class='ocr_line' id='line_1_113' title="bbox 718 5653 1706 5738; baseline 0.001 0"><span class='ocrx_word' id='word_1_852' title='bbox 718 5657 755 5725; x_wconf 73' lang='grc' dir='ltr'>ή</span> <span class='ocrx_word' id='word_1_853' title='bbox 785 5653 1143 5738; x_wconf 48' lang='lat' dir='ltr'><strong>ﬁeri?st</strong></span> <span class='ocrx_word' id='word_1_854' title='bbox 1179 5674 1279 5738; x_wconf 69' lang='grc' dir='ltr'><strong>μρυ</strong></span> <span class='ocrx_word' id='word_1_855' title='bbox 1329 5661 1362 5729; x_wconf 75' lang='grc' dir='ltr'>ἡ</span> <span class='ocrx_word' id='word_1_856' title='bbox 1386 5658 1522 5738; x_wconf 52' lang='grc' dir='ltr'>λίαν</span> <span class='ocrx_word' id='word_1_857' title='bbox 1566 5658 1706 5728; x_wconf 75' lang='grc' dir='ltr'>ἡμέ-</span> 
     </span>
    </p>
   </div>
   <div class='ocr_carea' id='block_1_114' title="bbox 106 5663 667 5719">
    <p class='ocr_par' dir='ltr' id='par_1_114' title="bbox 106 5663 667 5719">
     <span class='ocr_line' id='line_1_114' title="bbox 106 5663 667 5719; baseline -0.005 -5"><span class='ocrx_word' id='word_1_858' title='bbox 106 5674 175 5715; x_wconf 86' lang='lat' dir='ltr'><strong>Ira</strong></span> <span class='ocrx_word' id='word_1_859' title='bbox 216 5680 398 5718; x_wconf 81' lang='lat' dir='ltr'><strong>uncos</strong></span> <span class='ocrx_word' id='word_1_860' title='bbox 445 5663 622 5716; x_wconf 85' lang='lat' dir='ltr'><strong>habet</strong></span> <span class='ocrx_word' id='word_1_861' title='bbox 649 5698 667 5719; x_wconf 86' lang='lat'><strong>,</strong></span> 
     </span>
    </p>
   </div>
   <div class='ocr_carea' id='block_1_115' title="bbox 104 5726 1708 5801">
    <p class='ocr_par' dir='ltr' id='par_1_115' title="bbox 104 5726 1708 5801">
     <span class='ocr_line' id='line_1_115' title="bbox 104 5726 1708 5801; baseline -0.002 -15"><span class='ocrx_word' id='word_1_862' title='bbox 104 5748 214 5801; x_wconf 76' lang='grc' dir='ltr'>ραν.</span> <span class='ocrx_word' id='word_1_863' title='bbox 246 5735 359 5787; x_wconf 85' lang='lat' dir='ltr'><strong>Sed</strong></span> <span class='ocrx_word' id='word_1_864' title='bbox 394 5733 538 5787; x_wconf 88' lang='lat' dir='ltr'><strong>illud</strong></span> <span class='ocrx_word' id='word_1_865' title='bbox 571 5743 708 5784; x_wconf 90' lang='lat' dir='ltr'><strong>cum</strong></span> <span class='ocrx_word' id='word_1_866' title='bbox 746 5726 893 5801; x_wconf 73' lang='lat' dir='ltr'><strong>absit</strong></span> <span class='ocrx_word' id='word_1_867' title='bbox 930 5727 993 5779; x_wconf 84' lang='lat' dir='ltr'><strong>ab</strong></span> <span class='ocrx_word' id='word_1_868' title='bbox 1022 5726 1267 5797; x_wconf 72' lang='lat' dir='ltr'><strong>()rigenis</strong></span> <span class='ocrx_word' id='word_1_869' title='bbox 1299 5726 1485 5786; x_wconf 82' lang='lat' dir='ltr'><strong>codice</strong></span> <span class='ocrx_word' id='word_1_870' title='bbox 1513 5726 1708 5784; x_wconf 74' lang='lat' dir='ltr'><strong>manu-</strong></span> 
     </span>
    </p>
   </div>
   <div class='ocr_carea' id='block_1_116' title="bbox 103 5793 1029 5875">
    <p class='ocr_par' dir='ltr' id='par_1_116' title="bbox 103 5793 1029 5875">
     <span class='ocr_line' id='line_1_116' title="bbox 103 5793 1029 5875; baseline -0.01 -15"><span class='ocrx_word' id='word_1_871' title='bbox 103 5793 323 5875; x_wconf 59' lang='lat' dir='ltr'><strong>ieripto,</strong></span> <span class='ocrx_word' id='word_1_872' title='bbox 357 5820 393 5859; x_wconf 79' lang='grc' dir='ltr'><strong>ε</strong></span> <span class='ocrx_word' id='word_1_873' title='bbox 432 5812 594 5858; x_wconf 78' lang='lat' dir='ltr'><strong>textu</strong></span> <span class='ocrx_word' id='word_1_874' title='bbox 629 5793 1029 5866; x_wconf 78' lang='lat' dir='ltr'><strong>expunximus.</strong></span> 
     </span>
    </p>
   </div>
   <div class='ocr_carea' id='block_1_117' title="bbox 1878 5377 3373 5452">
    <p class='ocr_par' dir='ltr' id='par_1_117' title="bbox 1878 5377 3373 5452">
     <span class='ocr_line' id='line_1_117' title="bbox 1878 5377 3373 5452; baseline -0.002 -16"><span class='ocrx_word' id='word_1_875' title='bbox 1878 5383 1988 5452; x_wconf 86' lang='lat'><strong>(97)</strong></span> <span class='ocrx_word' id='word_1_876' title='bbox 2020 5384 2083 5434; x_wconf 81' lang='lat' dir='ltr'><strong>Ol</strong></span> <span class='ocrx_word' id='word_1_877' title='bbox 2116 5380 2183 5432; x_wconf 81' lang='grc' dir='ltr'><strong>δὲ</strong></span> <span class='ocrx_word' id='word_1_878' title='bbox 2206 5378 2463 5448; x_wconf 74' lang='grc' dir='ltr'>ἄγγελοι.</span> <span class='ocrx_word' id='word_1_879' title='bbox 2514 5377 2655 5449; x_wconf 82' lang='lat' dir='ltr'><strong>Lego</strong></span> <span class='ocrx_word' id='word_1_880' title='bbox 2680 5393 2801 5432; x_wconf 89' lang='lat' dir='ltr'><strong>cum</strong></span> <span class='ocrx_word' id='word_1_881' title='bbox 2819 5377 3085 5443; x_wconf 81' lang='lat' dir='ltr'><strong>Bentleio,</strong></span> <span class='ocrx_word' id='word_1_882' title='bbox 3108 5379 3157 5432; x_wconf 79' lang='lat' dir='ltr'><strong>el</strong></span> <span class='ocrx_word' id='word_1_883' title='bbox 3189 5377 3244 5432; x_wconf 81' lang='grc' dir='ltr'><strong>δὲ</strong></span> <span class='ocrx_word' id='word_1_884' title='bbox 3274 5380 3373 5449; x_wconf 78' lang='grc' dir='ltr'><strong>ἄγ-</strong></span> 
     </span>
    </p>
   </div>
   <div class='ocr_carea' id='block_1_118' title="bbox 1848 5452 1974 5504">
    <p class='ocr_par' dir='ltr' id='par_1_118' title="bbox 1848 5452 1974 5504">
     <span class='ocr_line' id='line_1_118' title="bbox 1848 5452 1974 5504; baseline 0.016 -2"><span class='ocrx_word' id='word_1_885' title='bbox 1848 5452 1974 5504; x_wconf 85' lang='grc' dir='ltr'>ελοι.</span> 
     </span>
    </p>
   </div>
   <div class='ocr_carea' id='block_1_119' title="bbox 1810 5467 3376 5592">
    <p class='ocr_par' dir='ltr' id='par_1_119' title="bbox 1810 5467 3376 5592">
     <span class='ocr_line' id='line_1_119' title="bbox 1810 5467 3376 5592; baseline -0.001 -18"><span class='ocrx_word' id='word_1_886' title='bbox 1810 5467 1995 5592; x_wconf 56' lang='grc' dir='ltr'><strong>γεῖὲἒ)</strong></span> <span class='ocrx_word' id='word_1_887' title='bbox 2022 5520 2278 5592; x_wconf 70' lang='grc' dir='ltr'>Πόσους.</span> <span class='ocrx_word' id='word_1_888' title='bbox 2317 5516 2407 5592; x_wconf 75' lang='lat' dir='ltr'><strong>§ic</strong></span> <span class='ocrx_word' id='word_1_889' title='bbox 2437 5527 2583 5592; x_wconf 81' lang='lat' dir='ltr'><strong>recte</strong></span> <span class='ocrx_word' id='word_1_890' title='bbox 2598 5518 2773 5592; x_wconf 80' lang='lat' dir='ltr'><strong>habet</strong></span> <span class='ocrx_word' id='word_1_891' title='bbox 2802 5518 2970 5571; x_wconf 80' lang='lat' dir='ltr'><strong>codex</strong></span> <span class='ocrx_word' id='word_1_892' title='bbox 3006 5533 3107 5571; x_wconf 89' lang='lat' dir='ltr'><strong>ms.</strong></span> <span class='ocrx_word' id='word_1_893' title='bbox 3140 5535 3152 5583; x_wconf 93' lang='lat'><strong>;</strong></span> <span class='ocrx_word' id='word_1_894' title='bbox 3188 5532 3376 5587; x_wconf 56' lang='lat' dir='ltr'><strong>perpe.</strong></span> 
     </span>
    </p>
   </div>
   <div class='ocr_carea' id='block_1_120' title="bbox 1813 5586 2863 5657">
    <p class='ocr_par' dir='ltr' id='par_1_120' title="bbox 1813 5586 2863 5657">
     <span class='ocr_line' id='line_1_120' title="bbox 1813 5586 2863 5657; baseline -0.004 -13"><span class='ocrx_word' id='word_1_895' title='bbox 1813 5586 1929 5644; x_wconf 68' lang='lat' dir='ltr'><strong>rain</strong></span> <span class='ocrx_word' id='word_1_896' title='bbox 1960 5586 2086 5642; x_wconf 73' lang='lat' dir='ltr'><strong>vero</strong></span> <span class='ocrx_word' id='word_1_897' title='bbox 2119 5590 2285 5657; x_wconf 76' lang='lat' dir='ltr'><strong>editio</strong></span> <span class='ocrx_word' id='word_1_898' title='bbox 2314 5586 2662 5649; x_wconf 80' lang='lat' dir='ltr'><strong>Oxoniensis,</strong></span> <span class='ocrx_word' id='word_1_899' title='bbox 2693 5588 2863 5657; x_wconf 86' lang='grc' dir='ltr'>πόσῳ.</span> 
     </span>
    </p>
   </div>
   <div class='ocr_carea' id='block_1_121' title="bbox 1884 5656 3377 5729">
    <p class='ocr_par' dir='ltr' id='par_1_121' title="bbox 1884 5656 3377 5729">
     <span class='ocr_line' id='line_1_121' title="bbox 1884 5656 3377 5729; baseline -0.004 -16"><span class='ocrx_word' id='word_1_900' title='bbox 1884 5657 1997 5729; x_wconf 85' lang='grc'>(99)</span> <span class='ocrx_word' id='word_1_901' title='bbox 2027 5656 2498 5724; x_wconf 77' lang='grc' dir='ltr'>Παραδέξασθαι.</span> <span class='ocrx_word' id='word_1_902' title='bbox 2546 5657 2624 5729; x_wconf 81' lang='lat' dir='ltr'><strong>Ita</strong></span> <span class='ocrx_word' id='word_1_903' title='bbox 2654 5656 2871 5725; x_wconf 85' lang='lat' dir='ltr'><strong>quidem</strong></span> <span class='ocrx_word' id='word_1_904' title='bbox 2921 5657 3182 5729; x_wconf 84' lang='lat' dir='ltr'><strong>scriptum</strong></span> <span class='ocrx_word' id='word_1_905' title='bbox 3213 5668 3289 5708; x_wconf 86' lang='lat' dir='ltr'><strong>est</strong></span> <span class='ocrx_word' id='word_1_906' title='bbox 3327 5656 3377 5707; x_wconf 93' lang='lat' dir='ltr'><strong>in</strong></span> 
     </span>
    </p>
   </div>
   <div class='ocr_carea' id='block_1_122' title="bbox 1815 5727 3381 5796">
    <p class='ocr_par' dir='ltr' id='par_1_122' title="bbox 1815 5727 3381 5796">
     <span class='ocr_line' id='line_1_122' title="bbox 1815 5727 3381 5796; baseline -0.002 -17"><span class='ocrx_word' id='word_1_907' title='bbox 1815 5727 2016 5796; x_wconf 78' lang='lat' dir='ltr'><strong>codice</strong></span> <span class='ocrx_word' id='word_1_908' title='bbox 2051 5729 2452 5795; x_wconf 85' lang='lat' dir='ltr'><strong>manuscripto,</strong></span> <span class='ocrx_word' id='word_1_909' title='bbox 2499 5727 2593 5781; x_wconf 89' lang='lat' dir='ltr'><strong>sed</strong></span> <span class='ocrx_word' id='word_1_910' title='bbox 2639 5741 2845 5796; x_wconf 85' lang='lat' dir='ltr'><strong>sensus</strong></span> <span class='ocrx_word' id='word_1_911' title='bbox 2886 5727 3116 5794; x_wconf 86' lang='lat' dir='ltr'><strong>postulat</strong></span> <span class='ocrx_word' id='word_1_912' title='bbox 3144 5764 3160 5793; x_wconf 83' lang='lat'><strong>,</strong></span> <span class='ocrx_word' id='word_1_913' title='bbox 3204 5740 3381 5796; x_wconf 82' lang='grc' dir='ltr'>παρα-</span> 
     </span>
    </p>
   </div>
   <div class='ocr_carea' id='block_1_123' title="bbox 1813 5794 3025 5866">
    <p class='ocr_par' dir='ltr' id='par_1_123' title="bbox 1813 5794 3025 5866">
     <span class='ocr_line' id='line_1_123' title="bbox 1813 5794 3025 5866; baseline 0 -17"><span class='ocrx_word' id='word_1_914' title='bbox 1813 5794 2110 5861; x_wconf 83' lang='grc' dir='ltr'>δείξασθαι,</span> <span class='ocrx_word' id='word_1_915' title='bbox 2143 5806 2203 5851; x_wconf 90' lang='lat' dir='ltr'><strong>ut</strong></span> <span class='ocrx_word' id='word_1_916' title='bbox 2232 5794 2456 5866; x_wconf 80' lang='lat' dir='ltr'><strong>scripsit</strong></span> <span class='ocrx_word' id='word_1_917' title='bbox 2480 5797 2659 5852; x_wconf 89' lang='lat' dir='ltr'><strong>editor</strong></span> <span class='ocrx_word' id='word_1_918' title='bbox 2680 5795 3025 5853; x_wconf 77' lang='lat' dir='ltr'><strong>Oxoniensis.</strong></span> 
     </span>
    </p>
   </div>
  </div>
