3954 6414
540 278 639 334 tsi
772 352 775 355 δ

546 402 713 455 Deum
756 412 854 468 pro
894 396 960 451 iis
1005 394 1201 465 quibus
1253 384 1455 460 indiget
1521 387 1871 459 deprecantis
1917 405 1931 449 ;

544 494 707 548 etiam
741 488 1084 544 manifestum
1117 496 1201 537 est
1244 496 1425 536 votum
1464 482 1718 550 pauperis
1766 482 2119 549 impleturum

545 583 700 653 quasi
738 592 975 651 paterna:
1009 577 1206 631 divina:
1259 575 1552 630 voluntatis
1599 573 1933 627 ministrum.
1980 574 2122 629 Deus

544 675 689 728 enim
723 684 803 727 est
829 670 918 739 qui
953 668 1215 723 orationis
1268 674 1848 735 tempore‘ulrumque
1882 666 1934 719 in
1965 682 2127 720 cum-

548 770 669 821 dem
702 764 929 819 adduxit
961 761 1137 816 locum
1169 774 1224 815 et
1251 761 1340 830 qui
1375 770 1520 823 orat,
1556 770 1613 814 et
1646 760 1735 829 qui
1763 761 2011 826 praebere
2041 774 2129 829 po-

552 870 655 915 test
695 873 794 910 nec
822 870 934 925 pra:
974 853 1144 907 animi
1189 853 1519 906 liberalitate
1548 851 1690 906 valet
1725 851 1915 904 harum
1949 865 2125 903 rerum

548 949 882 1016 indigentem
926 953 1303 999 contemnere.
1340 939 1409 995 Ut
1458 942 1620 1011 igitur
1660 942 1773 994 base
1802 955 1924 995 cum
1970 938 2124 1003 liunt,

548 1054 653 1092 non
687 1052 816 1092 casu
847 1034 962 1091 ﬁeri
1000 1034 1241 1103 putanda
1272 1042 1420 1096 sunt,
1456 1034 1579 1085 c‘um
1615 1032 1660 1085 is
1691 1031 1777 1085 cui
1814 1039 2126 1084 sanctorum

547 1129 726 1195 capilli
757 1128 943 1196 capitis
968 1142 1147 1181 omnes
1179 1123 1440 1177 numerati
1462 1131 1583 1175 sunt
1609 1122 1681 1185 ",
1709 1122 1771 1175 ad
1805 1122 1981 1190 ipsum
2012 1136 2130 1173 ora-

548 1220 711 1272 tionis
748 1229 960 1285 tempus
994 1226 1119 1284 apte
1159 1212 1457 1282 conjuugat
1486 1222 1862 1280 attentumque
1889 1210 2128 1280 praebeat

546 1310 727 1378 egenti
763 1308 1105 1375 lidelitcrque
1135 1304 1449 1374 deprecanti
1483 1318 1605 1357 cum
1644 1303 1733 1372 qui
1768 1303 1851 1357 sui
1881 1303 2129 1357 minister

554 1400 805 1456 beneﬁcii
850 1398 1068 1452 futurus
1115 1398 1185 1451 sit
1224 1414 1237 1460 ;
1290 1396 1370 1450 sic
1416 1395 1842 1450 existimandum
1882 1402 1965 1447 est
1994 1408 2126 1449 cou—

542 1493 697 1563 juugi
748 1490 1045 1561 aliquando
1084 1490 1422 1557 inspectores
1470 1486 1671 1553 Deique
1717 1484 1998 1539 ministros
2027 1500 2126 1538 an-

548 1583 698 1653 gelos
732 1593 782 1635 et
813 1588 1113 1650 przesentcs
1141 1577 1277 1631 ellici
1309 1577 1432 1632 huic
1467 1576 1628 1631 alicui
1661 1576 1860 1639 oranti,
1891 1584 1947 1628 ut
1981 1575 2031 1627 in
2064 1589 2126 1627 ea

547 1675 863 1742 censpirent
894 1688 1014 1742 quae
1040 1673 1130 1742 qui
1161 1682 1275 1725 orat
1312 1669 1692 1739 postulaverit.
1730 1668 1835 1721 Sed
1866 1677 1919 1721 et
1947 1669 2129 1721 unius-

547 1741 814 1834 cujusque
844 1741 1091 1834 angelus,
1124 1765 1291 1816 etiam
1326 1776 1512 1816 eorum
1551 1760 1641 1828 qui
1675 1759 1727 1812 in
1754 1757 1996 1812 Ecclesia
2028 1773 2123 1826 pu—
2160 1741 2201 1795 Β

548 1855 652 1912 silli
684 1864 847 1918 sunt,
882 1870 1082 1924 semper
1122 1855 1299 1906 videns
1336 1851 1525 1921 [aciem
1558 1851 1736 1904 Putris
1776 1850 1864 1919 qui
1895 1852 1947 1903 in
1980 1851 2122 1904 caelis

547 1954 625 1999 est
651 1944 736 2009 ⁸⁸,
780 1944 983 2013 Deique
1014 1942 1313 1999 conditoris
1362 1941 1531 1996 nosui
1568 1941 1909 1996 divinitatem
1952 1941 2121 2010 inspi-

550 2038 732 2100 ciens,
758 2045 880 2088 orat
924 2034 1201 2089 nobiscum
1231 2047 1285 2089 et
1318 2035 1384 2089 iis
1422 2048 1543 2101 quin
1589 2032 1822 2103 petimus
1854 2042 2119 2102 quantum
2157 2098 2159 2100 η

548 2136 725 2194 potest
756 2127 871 2181 lieri
903 2129 1221 2183 collaborat.

2012 268 2340 326 ORIGENIS

1980 390 2125 444 hunc
2156 394 2201 449 A
2233 388 2380 459 μένῳ
2405 389 2666 459 κάμνοντι
2689 393 2818 465 περ).
2850 396 2947 467 τῆς
2982 397 3193 466 ὑγείας,
3226 397 3539 467 ἐπιστήμην
3565 394 3706 464 ἔχων
3730 395 3821 450 τοῦ

3720 275 3821 330 452

2229 478 2288 531 ὃν
2315 478 2397 531 δεῖ
2426 480 2627 550 τρόπον
2662 481 3017 554 θεραπεῦσαι,
3058 488 3186 559 περὶ
3214 481 3275 541 06
3309 491 3336 541 ὸ
3378 489 3529 540 δεῖνα
3560 485 3823 557 ἀναφέρει

2228 571 2327 641 τὴν
2356 571 2520 642 εὐχὴν
2556 575 2882 645 νοσήματος.
2919 580 3161 650 Φανερὸν
3193 579 3295 650 δὴ,
3330 581 3412 632 ὅτι
3464 577 3822 650 κινηθήσεται

2229 657 2382 727 οὗτος
2410 664 2547 734 πρὸς
2577 666 2640 719 τὸ
2664 666 2916 723 ἰάσασθαι
2948 672 3040 725 τὸν
3067 672 3362 743 εὐξάμενον
3382 712 3397 735 ,
3434 670 3578 741 τάχα
3616 670 3678 722 οὐ
3717 669 3824 739 μά-

2227 771 2326 824 την
2352 754 2636 809 ὑπολαϐὼν
2664 758 2745 811 ὅτι
2780 759 2924 813 τοῦτ’
2955 761 3089 814 αὐτὸ
3122 762 3341 831 γέγονεν
3372 764 3429 815 ἐν
3457 761 3534 832 νῷ
3560 760 3660 815 τοῦ
3685 758 3825 815 Θεοῦ

2229 844 2633 909 ἐπακούσαντος
2662 845 2762 917 τῆς
2790 849 2955 919 εὐχῆς
2985 850 3083 903 τοῦ
3116 853 3213 923 τὴν
3246 851 3570 923 ἀπαλλαγὴν
3604 853 3706 923 τῆς
3733 853 3827 905 v6-

2231 952 2324 989 σου
2358 937 2609 1005 γενέσθαι
2654 940 2801 1011 αὐτῷ
2842 942 3164 1015 εὐξαμένου.
3204 945 3274 996 ’Ἡ
3313 944 3420 997 τῶν
3458 944 3828 1015 κεκτημένων

2229 1046 2312 1091 τις
2340 1028 2407 1082 τά
2430 1031 2529 1101 τῆς
2551 1030 2643 1084 τοῦ
2673 1031 2786 1102 βίου
2818 1033 3008 1105 χρείας
3036 1036 3129 1087 ἐπ)⁸
3164 1036 3345 1089 πλεῖον
3378 1038 3472 1089 καὶ
3503 1036 3827 1099 κοινωνικὸς

2228 1118 2472 1173 ἀκουέτω
2496 1122 2661 1192 εὐχῆς
2692 1125 2920 1195 πένητος
2956 1127 3051 1179 καὶ
3084 1128 3208 1199 περὶ
3246 1128 3354 1182 τῶν
3390 1128 3592 1200 χρειῶν
3626 1118 3829 1197 ἀναιρέ-

2233 1227 2415 1282 ροντος
2448 1212 2685 1278 ἔντευξιν
2704 1214 2781 1286 τῷ
2813 1216 2932 1287 Θεῴ
2954 1232 2967 1244 ·
3004 1218 3167 1288 δῆλον
3195 1220 3280 1289 δὴ,
3315 1220 3395 1273 ὅτι
3424 1221 3521 1272 καὶ
3564 1215 3723 1282 οὗτος
3757 1220 3826 1272 τὰ

2230 1304 2327 1374 τῆς
2363 1306 2527 1376 εὐχῆς
2553 1306 2897 1379 ἐκπληρώσει
2928 1309 3004 1380 τῷ
3033 1312 3262 1381 πένητι,
3292 1312 3577 1383 ὑπηρέτης
3609 1312 3828 1382 γινόμε-

2229 1410 2317 1457 νος
2341 1394 2437 1466 τῆς
2467 1398 2738 1469 πατρικῆς
2767 1398 2978 1471 βουλῆς,
3013 1402 3412 1469 συναγαγόντος
3444 1402 3521 1474 (Ι)
3562 1401 3708 1454 κατὰ
3732 1402 3827 1453 τὸν

2228 1484 2420 1556 καιρὸν
2470 1486 2568 1556 τῆς
2610 1488 2775 1559 εὐχῆς
2816 1488 2907 1543 τὸν
2951 1494 3258 1561 παρασχεῖν
3283 1491 3580 1562 δυνάμενον
3629 1492 3722 1545 ἐπὶ
3765 1490 3828 1545 τὸ

2228 1580 2358 1633 αὐτὸ
2387 1579 2464 1651 τῷ
2490 1581 2763 1652 εὐξομένῳ
2797 1582 2869 1653 (2)
2890 1623 2904 1647 ,
2938 1582 3029 1636 διά
3052 1600 3111 1636 τε
3140 1582 3199 1637 τὸ
3229 1584 3401 1649 δεξιὸν
3429 1585 3528 1655 τῆς
3563 1584 3829 1657 προαιρέι-

2232 1690 2367 1736 σεως
2395 1674 2469 1744 μὴ
2500 1674 2796 1745 δυνάμενον
2842 1678 3091 1748 παρορᾷν
3134 1677 3225 1730 τὸν
3273 1677 3597 1748 δεδεημένον
3656 1678 3826 1732 τῶνδε

2230 1766 2409 1820 τινῶν.
2448 1768 2657 1838 ’Ὠσπερ
2688 1763 2782 1822 οὐν
2824 1768 2997 1822 ταῦτα
3036 1769 3096 1823 οὐ
3144 1769 3285 1822 κατὰ
3329 1771 3623 1841 συντυχίαν
3664 1788 3825 1841 νομι-

2230 1858 2382 1911 στέον
2423 1858 2669 1927 γίνεσθαι
2707 1860 2796 1913 ὅτε
2847 1861 3091 1928 γίνεταιο
3136 1862 3242 1915 τοῦ
3287 1864 3691 1931 ἠριθμηκότος
3745 1863 3826 1933 (5)

2225 1948 2428 2015 πάσας
2454 1950 2561 2015 τὰς
2592 1952 2796 2019 τρίχας
2829 1951 2939 2020 τῆς
2967 1952 3075 2005 τῶν
3119 1953 3288 2023 ἁγίων
3331 1953 3604 2023 κεφαλῆς
3644 1957 3825 2027 ἁρμο-

2230 2038 2358 2102 νίως
2382 2039 2454 2109 (4)
2481 2041 2877 2108 συναγαγόντος
2907 2043 3057 2113 παρὰ
3079 2043 3172 2097 τὸν
3197 2045 3385 2116 καιρὸν
3415 2046 3516 2116 τῆς
3542 2047 3711 2117 εὐχῆς
3731 2049 3828 2100 τὸν

2233 2131 2509 2202 ὑπηρέτην
2540 2133 2797 2203 ἐσόμενον
2826 2134 2905 2204 τῷ
2934 2133 3172 2206 δεομένῳ
3198 2137 3295 2206 τῆς
3321 2138 3568 2201 εὐποιίας
3594 2139 3700 2208 τῆς
3728 2138 3827 2193 ἀπ’

547 2218 734 2284 αὐτοῦ,
765 2221 1112 2275 εἰσακούοντα
1142 2221 1219 2286 τῷ
1252 2221 1455 2285 πιστῶς
1486 2222 1795 2294 δεδεημένῳ
1820 2221 1895 2293 (ὕ)
1916 2239 1928 2251 ·
1959 2221 2131 2286 οὑτως
2165 2223 2502 2295 ὑποληπτέον
2553 2226 2881 2295 συνάγεσθαί
2923 2245 3053 2281 ποτε
3102 2227 3210 2281 τῶν
3255 2232 3705 2287 ἐπισκοπούντων
3731 2236 3829 2287 καὶ

547 2309 1001 2382 λειτουργούντων
1038 2312 1113 2384 τῷ
1156 2313 1275 2384 Θεῷ
1317 2314 1563 2383 ἀγγέλων
1608 2316 1911 2387 παρουσίαν
1950 2317 2025 2389 τῷ
2067 2318 2124 2371 δέ
2166 2336 2268 2372 τινι
2308 2319 2416 2373 τῶν
2481 2320 2822 2391 εὐχομένων,
2876 2325 2962 2378 ἵνα
3011 2322 3426 2393 συμπνεύσωσιν
3487 2319 3571 2389 οἷς
3612 2329 3641 2380 ὁ
3670 2328 3829 2398 εὐχό-

551 2419 710 2471 μενος
741 2403 987 2471 ἠξίωσεν.
1048 2404 1207 2458 Ἀλλά
1247 2406 1341 2458 καὶ
1382 2407 1410 2459 ὁ
1457 2407 1688 2460 ἑκάστου
1730 2408 1993 2477 ἄγγελος,
2034 2411 2128 2463 κα)⁵
2174 2410 2282 2463 τῶν
2321 2413 2380 2465 ἐν
2421 2414 2486 2483 τῇ
2539 2411 2833 2483 Ἐκκλησία
2870 2412 3100 2484 μικρῶν,
3153 2414 3443 2480 διαπαντὸς
3504 2417 3723 2487 βλέπων
3763 2420 3825 2472 τὸ

547 2497 839 2568 πρόσωπον
870 2499 963 2553 τοῦ
994 2500 1207 2572 Πατρὸς
1250 2501 1343 2555 τοῦ
1391 2503 1449 2554 ἐν
1503 2506 1616 2566 τοῖς
1671 2505 1953 2575 οὐρανοῖς,
2006 2508 2099 2559 καὶ
2133 2506 2335 2578 ἐνορῶν
2374 2507 2467 2561 τοῦ
2518 2506 2800 2570 κτίσαντος
2846 2509 2991 2578 ἡμᾶς
3028 2508 3127 2578 τὴν
3168 2508 3436 2582 θειότητα,
3500 2511 3823 2584 συνεύχεταί

546 2617 606 2652 τε
639 2600 768 2671 ἡμῖν
794 2597 887 2650 κα)⁵
922 2597 1261 2669 συμπράττει
1293 2598 1349 2650 ἐν
1380 2592 1461 2661 οἷς
1485 2599 1711 2652 δυνατόν
1736 2602 1852 2654 ἐστι
1882 2602 2012 2673 περ).
2052 2596 2127 2656 ὧν
2149 2602 2437 2674 εὐχόμεθα.

619 2694 703 2748 12.
738 2693 939 2748 Praeter
977 2694 1091 2748 haec
1124 2707 1244 2761 qtue
1275 2680 1474 2748 virtute
1513 2693 1671 2762 plena
1702 2705 1854 2761 sunt,
1887 2698 2128 2751 arbitror

547 2784 679 2854 ipsis
704 2786 880 2840 verbis
899 2785 1169 2840 orationis
1190 2794 1529 2853 sanctorum,
1558 2787 1795 2842 maxime
1818 2802 1940 2843 cum
1965 2804 2129 2843 oran-

546 2882 629 2929 tes
663 2886 822 2929 orant
849 2876 1045 2946 spiritu
1069 2886 1124 2930 et
1157 2887 1362 2943 mente,
1397 2878 1576 2933 inesse
1603 2879 1841 2932 divinam
1871 2880 2125 2934 virtutem

545 2982 686 3036 quae,
712 2966 832 3023 luce
853 2969 922 3022 ab
947 2968 1158 3024 orantis
1179 2970 1504 3040 cogitatione
1518 2979 1733 3037 exorta,
1759 2986 1827 3025 ex
1851 2972 2129 3043 ipsiusque

545 3075 641 3117 ore
661 3064 883 3126 emissa,
911 3062 1159 3132 spiritale
1182 3066 1495 3131 exstinguat
1518 3063 1666 3117 virus
1688 3064 1832 3131 quod
1868 3064 2129 3121 adversa-

546 3161 645 3214 ria:
693 3167 999 3228 potestates
1039 3172 1226 3212 eorum
1281 3157 1551 3212 instillant
1594 3158 1791 3214 animis
1834 3160 1925 3224 qui
1971 3174 2130 3215 orare

548 3249 852 3319 negligunt,
879 3264 981 3303 nec
1009 3250 1058 3303 id
1083 3252 1378 3304 observant
1403 3250 1545 3317 quod
1572 3249 1770 3307 Paulus
1791 3266 2131 3322 consequen-

550 3351 634 3395 ter
679 3344 744 3394 ad
799 3342 1005 3396 Christi
1068 3342 1273 3396 monita
1326 3340 1515 3395 dicit:
1571 3340 1696 3397 Sine
1743 3344 2130 3399 intermissione

547 3443 695 3487 orate
719 3434 789 3488 ".
825 3434 1064 3488 Scientia
1118 3434 1287 3499 enim,
1330 3435 1468 3491 ratio
1518 3442 1611 3489 aut
1651 3437 1783 3491 ﬁdes
1824 3435 2025 3491 emittit
2062 3439 2128 3492 ab

547 3528 759 3582 orantis
808 3528 984 3582 saneti
1039 3529 1219 3582 anima
1262 3528 1531 3598 quoddam
1565 3529 1727 3583 veluti
1768 3529 1956 3596 telum,
1984 3532 2128 3600 quod

547 3620 613 3674 ad
643 3619 942 3688 perniciem
983 3636 1153 3689 usque
1194 3629 1248 3676 et
1294 3622 1575 3675 interitum
1601 3622 1847 3678 vulneret
1873 3622 2126 3677 inimicos

551 3712 665 3765 Deo
686 3712 908 3780 spiritus
936 3713 1025 3782 qui
1054 3728 1150 3768 nos
1174 3713 1378 3782 peccati
1404 3712 1607 3782 laqueis
1645 3713 1858 3769 irretire
1878 3713 2124 3781 cupiunt.

547 3801 723 3857 Porro
743 3818 867 3858 cum
900 3804 1116 3858 virtutis
1156 3814 1313 3858 actus
1346 3816 1723 3875 praeceptaque
1753 3804 2045 3875 adimpleta
2072 3805 2124 3858 in

547 3895 811 3949 orationis
857 3907 1065 3966 partem
1108 3897 1347 3963 veniant,
1404 3896 1495 3951 ille
1545 3899 1665 3952 sine
1714 3897 2127 3953 intermissione

548 3995 694 4054 orat,
717 3987 808 4057 qui
837 3988 1034 4043 debitis
1059 3989 1317 4055 operibus
1350 3992 1656 4044 orationem
1685 3989 1886 4059 jungit,
1923 3988 2126 4045 oratio-

548 4081 715 4150 niQIie
744 4084 1126 4137 convenientes
1152 4084 1432 4150 actiones;
1462 4082 1601 4137 istud
1639 4083 1805 4146 enim,
1830 4083 1941 4135 sine
1961 4081 2125 4133 inter-

547 4174 797 4227 missione
829 4188 992 4241 orate,
1025 4175 1128 4230 hoc
1167 4191 1275 4231 uno
1300 4176 1463 4230 modo
1503 4184 1561 4229 ut
1596 4182 1925 4243 praeceptum
1962 4172 2127 4242 216

546 4266 805 4335 possibile
850 4283 1140 4338 possumus
1184 4270 1456 4336 accipere,
1506 4281 1702 4333 nempe
1740 4266 1785 4320 si
1824 4263 2125 4319 dixerimus

549 4367 718 4412 totam
742 4360 841 4414 viri
882 4360 1055 4415 sancti
1080 4362 1245 4414 vitam
1277 4374 1440 4413 unam
1466 4358 1703 4428 aliquam
1731 4372 1980 4428 magnam
2005 4371 2126 4412 esse

2156 3114 2197 3170 C

2304 2698 2446 2771 Πρὸς
2477 2698 2534 2753 δὲ
2569 2699 2779 2764 τούτοις
2816 2700 3098 2768 δυνάμεως
3137 2700 3604 2773 πεπληρωμένους
3637 2700 3710 2773 (6)
3736 2718 3827 2753 νο-

2238 2791 2376 2862 μίζω
2405 2793 2530 2855 τοὺς
2560 2791 2752 2861 λόγους
2777 2793 2874 2864 τῆς
2897 2794 3003 2845 τῶν
3034 2793 3201 2860 ἁγίων
3232 2793 3416 2863 εὐχῆς,
3453 2790 3696 2861 μάλιστα
3733 2791 3822 2845 ὅτε

2235 2882 2682 2954 προσευχόμενοι,
2717 2882 2986 2953 πνεύματι
3031 2881 3419 2955 προσεύχονται
3464 2881 3560 2935 καὶ
3602 2880 3684 2952 τῷ
3716 2878 3821 2945 νοῒ,

2234 2975 2376 3044 φωτὶ
2421 2974 2765 3027 ἀνατέλλοντι
2812 2974 2921 3028 ἀπὸ
2968 2976 3069 3045 τῆς
3106 2973 3201 3027 τοῦ
3243 2972 3539 3045 εὐχομένου
3583 2972 3822 3037 διανοίας

2232 3066 2326 3120 καὶ
2357 3065 2595 3138 προῖόντι
2627 3067 2691 3118 ἐκ
2725 3065 2989 3136 στόματος
3035 3066 3223 3131 αὐτοῦ,
3267 3063 3562 3119 ὑπεκλύειν
3591 3064 3822 3135 δυνάμει

2232 3156 2366 3211 Θεοῦ
2396 3157 2487 3210 τὸν
2514 3157 2784 3228 ἐνιέμενον
2817 3157 3005 3228 νοητὸν
3043 3158 3117 3211 ίὸν
3149 3157 3256 3210 άπὸ
3284 3156 3392 3210 τῶν
3421 3157 3822 3228 ἀντικειμένων

2230 3243 2510 3314 δυνάμεων
2543 3244 2619 3314 τῷ
2656 3244 2966 3316 ἡγεμονικῷ
3002 3245 3107 3299 τῶν
3144 3245 3495 3317 ἀμελούντων
3536 3246 3633 3300 τοῦ
3665 3245 3823 3317 εὐχε-

2238 3335 2382 3400 σθαι,
2433 3337 2527 3390 καὶ
2562 3336 2641 3399 τὸ,
2685 3336 3089 3401 Ἀδιαλείπτως
3125 3339 3561 3408 προσεύχεσθε,
3590 3339 3819 3394 ἀκολού-

2231 3426 2339 3490 θως
2369 3430 2488 3490 ταῖς
2517 3426 2611 3480 τοῦ
2657 3427 2830 3499 Ἰησοῦ
2862 3432 3202 3501 προ-τροπαῖς
3243 3430 3535 3501 εἰρημένον
3563 3432 3718 3504 παρὰ
3744 3432 3821 3502 τῷ

2230 3517 2428 3589 Παύλῳ
2457 3519 2530 3589 μὴ
2557 3519 2952 3587 φυλαττόντων.
2990 3522 3240 3593 Ὠσπερεὶ
3270 3522 3378 3595 γὰρ
3403 3522 3557 3593 βέλος
3584 3524 3694 3579 ἀπὸ
3723 3526 3820 3595 τῆς

2228 3609 2321 3663 τοῦ
2366 3611 2661 3683 εὐχομένου
2703 3612 2885 3683 ψυχῆς
2916 3616 2981 3684 τῇ
3023 3612 3221 3682 γνώσει
3268 3617 3361 3668 κα)⁸
3393 3616 3471 3687 τῷ
3515 3617 3663 3687 λόγῳ
3691 3618 3725 3689 ἦ
3753 3621 3818 3689 τῇ

2229 3703 2411 3755 πίστει
2448 3704 2660 3775 πρόεισι
2687 3705 2795 3758 ἀπὸ
2830 3705 2923 3758 τοῦ
2959 3705 3136 3775 ἁγίου,
3168 3706 3470 3778 τιτρῶσκον
3496 3709 3589 3762 ἐπὶ
3624 3708 3817 3763 καθαι-

2229 3795 2377 3867 ρέσει
2409 3796 2488 3866 (7)
2520 3796 2615 3849 καὶ
2643 3796 2937 3852 καταλύσει
2969 3797 3038 3850 τὰ
3069 3798 3235 3875 ἐχθρὰ
3258 3799 3334 3871 τῷ
3359 3801 3479 3872 Θεῷ
3505 3802 3816 3874 πνεύματα,

2226 3889 2340 3951 τοῖς
2366 3888 2465 3959 τῆς
2496 3889 2769 3960 ἁμαρτίας
2801 3889 3019 3961 δεσμοῖς
3050 3891 3362 3963 περιϐαλεῖν
3390 3895 3540 3963 ἡμᾶς
3573 3894 3816 3950 θέλοντα.

2240 3981 2623 4044 ’Δδιαλείπτως
2651 3981 2707 4034 δὲ
2741 3982 3104 4055 προσεύχεται
3137 3984 3233 4054 (8),
3256 3985 3350 4036 καὶ
3380 3985 3489 4038 τῶν
3506 3985 3684 4057 ἔργων
3717 3988 3816 4057 τῆς

2226 4075 2446 4147 ἀρετῆς,
2480 4074 2513 4145 ἢ
2543 4074 2650 4128 τῶν
2677 4074 2908 4129 ἐντολῶν
2942 4075 3057 4127 τῶν
3086 4076 3521 4148 ἐπιτελουμένων
3549 4080 3630 4141 είς
3650 4078 3818 4149 εὐχῆς

2225 4166 2756 4236 ἀντιλαμϐανομένων
2797 4168 2980 4240 μέρος,
3024 4170 3053 4220 ὁ
3114 4170 3401 4223 συνάπτων
3447 4173 3559 4233 τοῖς
3605 4171 3815 4224 δέουσιν

2226 4258 2406 4330 ἔργοις
2432 4259 2529 4331 τὴν
2564 4259 2749 4330 εὐχὴν,
2784 4259 2878 4313 καὶ
2910 4262 2976 4331 τῇ
3009 4260 3139 4331 εὐχῇ
3181 4260 3281 4325 τὰς
3313 4262 3634 4332 πρεπούσας
3667 4262 3814 4333 πρά-

2227 4350 2356 4415 ξεις·
2384 4351 2524 4404 οὑτω
2545 4351 2650 4423 γὰρ
2677 4354 2851 4422 μόνως
2870 4352 2947 4415 τὸ,
2968 4352 3353 4416 ἀδιαλείπτως
3374 4355 3812 4421 προσεύχεσθε,

546 4450 857 4504 continuam
879 4454 1208 4518 orationem,
1232 4453 1387 4521 cujus
1408 4451 1574 4506 etiam
1600 4466 1727 4520 pars
1750 4451 1821 4504 sit
1842 4465 1959 4517 qua:
1981 4450 2118 4505 solet

2234 4442 2541 4507 ἐκδέξασθαι
2583 4443 2859 4514 δυνάμεθα
2893 4443 2969 4506 ὡς
3014 4444 3239 4498 δυνατὸν
3285 4445 3344 4497 ὃν
3402 4447 3716 4517 εἰρημένον,
3763 4448 3815 4498 εί

545 4544 721 4596 oratio
742 4546 945 4609 vocari,
974 4555 1030 4601 et
1068 4561 1189 4615 quae
1234 4561 1340 4600 non
1383 4544 1562 4599 minus
1601 4559 1764 4612 quam
1802 4552 1885 4599 ter
1907 4558 2123 4613 quaque

546 4636 633 4689 die
666 4635 781 4690 lieri
806 4638 966 4692 debet
1004 4659 1015 4693 :
1043 4640 1186 4708 quod
1212 4655 1279 4694 ex
1313 4636 1535 4692 Daniele
1575 4636 1919 4690 manifestum
1942 4644 2026 4689 est
2054 4634 2120 4697 ⁸⁸,

545 4729 637 4794 qui
677 4738 826 4784 tanto
866 4730 967 4785 sibi
996 4730 1240 4800 periculo
1274 4730 1623 4799 impendente
1648 4728 1820 4782 tribus
1864 4728 2125 4796 tempori-

545 4820 645 4872 bus
666 4834 763 4889 per
786 4821 928 4876 diem
972 4823 1185 4878 orabat.
1233 4822 1297 4876 Et
1339 4826 1531 4879 Petrus
1570 4819 1855 4874 ascendens
1886 4820 1941 4873 in
1966 4834 2121 4886 supe-

616 4979 664 5013 ”
691 4979 885 5038 Matth.
918 4998 948 5035 κ
971 5022 985 5047 ,
1016 4982 1104 5037 51.

615 5142 690 5214 (1)
721 5146 1195 5215 Συναγαγόντος.
1240 5144 1380 5214 Lege
1423 5159 1545 5199 cum
1596 5144 1841 5202 Bentleio
1864 5143 1944 5200 vel
1993 5161 2119 5199 συν-

545 5215 857 5286 αγαγούσης
891 5218 973 5286 vel
1000 5216 1093 5268 τοῦ
1129 5216 1543 5283 συναγαγόντος.

617 5284 1051 5355 (2)Εὺξομένῳ,
1091 5296 1196 5339 etc.
1243 5288 1331 5337 Sic
1378 5288 1545 5355 codex
1598 5300 1700 5340 ms.
1751 5284 1927 5339 Ediiio
1987 5299 2119 5337 vero

546 5354 746 5416 Oxon,
776 5354 1078 5425 εὐξαμένῳ,
1114 5355 1199 5408 διά
1222 5355 1283 5406 τὸ
1314 5354 1505 5418 δεξιόν.

618 5426 694 5493 (5)
734 5424 1165 5494 Ἠριθμηκότος.
1202 5425 1275 5477 Ita
1309 5437 1453 5479 recte
1483 5424 1650 5478 codex
1682 5426 2120 5490 manust-rimus;

547 5512 831 5565 perperam
862 5493 987 5565 vero
1018 5496 1184 5565 editio
1213 5493 1560 5548 Oxoniensis.
1595 5494 1986 5565 ἡριθμηκότου.

618 5567 695 5633 (4)
740 5564 1078 5633 Ἀρμονίως.
1118 5563 1260 5634 Lego
1288 5581 1409 5617 cum
1434 5563 1696 5628 Bentleii),
1718 5565 2011 5634 ἁρμοδίως.

616 5637 693 5705 (Ξί)
734 5634 844 5702 Τῆς
874 5634 973 5688 ἀπ’
995 5633 1201 5698 αὐτοῦ,
1236 5636 1625 5687 είσακούοντα
1656 5634 1737 5698 τῷ
1768 5633 1986 5699 πιστῶς
2032 5633 2123 5686 δε-

547 5704 831 5776 δεημένῳ.
872 5706 962 5760 Sic
1002 5706 1163 5759 habet
1202 5706 1370 5761 codex
1411 5721 1515 5759 nis.
1564 5705 1613 5757 in
1651 5720 1756 5774 quo
1812 5706 1948 5759 male
2000 5707 2125 5775 legit

1182 4982 1229 5013 ⁸⁸
1258 4980 1448 5035 Matth.
1476 4994 1602 5034 xviii
1626 5019 1639 5044 ,
1678 4976 1766 5033 10.
1842 4977 1889 5009 ⁸⁷
1920 4975 2117 5032 Thess.
2155 4993 2208 5042 v,
2246 4977 2334 5030 l7.

2229 4534 2406 4589 πάντα
2428 4535 2517 4588 τὸν
2545 4534 2657 4603 βίον
2685 4535 2778 4589 τοῦ
2813 4536 2968 4604 ἁγίου
3013 4537 3140 4608 μίαν
3189 4539 3601 4610 συναπτομένην
3638 4539 3813 4609 μεγά-

2228 4628 2327 4698 λην
2360 4627 2606 4699 εἴποιμεν
2637 4627 2802 4699 εὐχήν
2821 4645 2835 4659 ⁸
2866 4624 2933 4702 ἦς
2965 4630 3128 4701 εὐχῆς
3159 4630 3321 4701 μέρος
3350 4631 3465 4683 ἐστὶ
3506 4632 3599 4684 καὶ
3626 4633 3656 4701 ή
3686 4648 3811 4682 συν-

2230 4720 2373 4789 ήθως
2403 4720 2775 4793 ὀνομαζομένη
2817 4721 2970 4793 εὐχὴ,
3001 4724 3101 4775 οὐκ
3146 4721 3365 4776 ἔλαττον
3406 4723 3500 4776 τοῦ
3539 4725 3652 4795 τρὶς
3679 4723 3812 4775 ἐκά-

2232 4829 2363 4884 στης
2385 4813 2595 4885 ἡμέρας
2618 4814 2979 4868 ἐπιτελεῖσθαι
3011 4814 3314 4884 ὀφείλουσιν
3343 4815 3419 4886 (9)
3441 4832 3453 4844 ·
3488 4817 3622 4887 ὅπερ
3649 4814 3808 4884 δῆλόν

2411 4974 2459 5006 ⁸⁸
2496 4975 2627 5030 Dan.
2659 4990 2709 5029 vi
2731 5016 2744 5039 ,
2775 4975 2864 5030 l5.

2223 5142 2400 5266 ἓιὶὲιοτ
2429 5142 2777 5263 εξᾙιοιιίειιεὲε,
2810 5144 2898 5195 ἐπ’
2931 5144 3118 5211 αὐτοῦ,
3145 5144 3498 5198 είσακούοντα
3518 5144 3603 5215 .τῴ
3632 5161 3782 5197 πιστι

2255 5230 2279 5264 ε
2317 5230 2425 5266 emt.
2458 5229 2553 5266 νω.

2255 5229 2553 5264 εοεηιιενω.

2299 5230 2936 5383 (θὲμῆἔὲίιηρωμένους.
2974 5283 3119 5354 Lego
3157 5299 3277 5339 cum
3311 5283 3781 5353 Bentleiomsnlr,

2265 5369 2519 5405 quVOt’.‘

2231 5369 2261 5424 ρ
2302 5401 2377 5493 (7)
2406 5388 2772 5490 Κᾶθαιρέσει.
2807 5421 2898 5477 Sic
2927 5439 2992 5480 ro
3015 5425 3095 5477 lex
3128 5440 3229 5479 ms.
3260 5435 3317 5479 et
3344 5435 3511 5491 recte;
3540 5422 3675 5479 male
3705 5439 3779 5475 au

2234 5494 2539 5565 tenieditio
2563 5494 2909 5557 Oxouiensis,
2938 5494 3289 5565 καθαρεύσει.

2304 5561 2381 5632 (8)
2422 5564 2842 5646 Προσεύχετιξι.
2889 5566 2962 5617 Ita
3016 5561 3195 5627 codex
3244 5580 3346 5620 IIIS.
3398 5564 3575 5619 Editio
3620 5573 3793 5617 auten

2234 5632 2434 5692 Ox0n..
2472 5632 2883 5704 προσεύχεσθαι.

2307 5703 2381 5774 (9)
2430 5703 2783 5773 Ὀφείλοιυσι.
2820 5706 2960 5774 Lego
2993 5720 3113 5762 cum
3138 5707 3403 5776 Bentleio,
3426 5704 3729 5777 ὀφείλουσα.
