3954 6414
541 332 649 387 155

2034 325 2359 383 ORIGENIS

3696 327 3791 383 456

545 444 601 496 lu
642 440 975 512 Babylonico
1030 438 1148 491 laco
1209 438 1421 492 leonum
1454 452 1549 492 ora
1586 437 1824 492 Danielis
1854 438 2110 507 precibus

2221 437 2439 507 ἐποίησε
2488 436 2565 505 τῷ
2609 436 2742 505 οῖκῳ
2782 435 2874 489 τοῦ
2924 433 3424 506 Ναϐουχοδονόσορ’
3467 436 3716 501 Ἀνανίας
3739 457 3794 495 τε

544 530 871 585 obturantur
895 530 936 582 ⁸.
967 528 1136 583 Jonas
1168 569 1183 590 ,
1219 543 1340 581 cum
1376 543 1406 582 e
1443 538 1631 583 ventre
1677 530 1780 583 ceti
1820 545 1849 581 a
1883 544 1991 597 quo
2020 529 2115 582 de-

546 619 771 690 glutitus
819 630 938 673 erat
983 619 1225 673 exaudiri
1276 634 1381 672 non
1434 621 1815 688 desperasset,
1866 634 2115 690 egressus

548 708 708 771 inde,
744 708 1108 775 propheticum
1155 708 1220 759 ad
1265 706 1538 762 Ninivitas
1589 708 1935 779 legationem‘
1961 709 2114 777 prius

564 794 875 847 inchoatam
909 793 1140 847 feliciter
1169 795 1421 852 absolvit.
1444 796 1661 863 Quanta
1691 813 1821 851 vero
1847 807 1971 852 sunt
1996 813 2117 866 quae

562 883 932 951 unusquisque
964 894 1230 949 nostrum,
1254 890 1299 941 si
1328 888 1489 941 modo
1514 896 1668 957 grato
1698 889 1878 941 animo
1912 903 2117 942 memor

547 986 894 1046 acceptorum
943 979 1353 1046 beneficiorum,
1390 980 1581 1035 laudes
1613 982 1721 1035 Deo
1757 996 1853 1049 pro
1896 981 1981 1035 his
2025 996 2114 1034 re-

547 1067 692 1122 ferre
714 1068 875 1134 velit,
910 1072 1113 1138 poterit
1139 1072 1444 1125 enarrare?
1471 1072 1677 1125 Animae
1705 1074 1846 1126 enim
1876 1089 1995 1141 qua:
2022 1073 2115 1126 diu

548 1159 671 1211 sine
702 1160 853 1226 prole
888 1171 1245 1224 manserunt,
1282 1162 1625 1231 deprehensa
1656 1164 1776 1231 ejus
1805 1166 1974 1233 partis
2004 1174 2117 1220 ste-

549 1250 747 1303 rilitate
778 1266 898 1318 quae
928 1253 1182 1321 princeps
1213 1253 1268 1305 in
1305 1254 1435 1319 ipsis
1485 1268 1605 1307 esse
1647 1254 1844 1321 debet,
1890 1255 2117 1309 mentis-

551 1356 655 1408 que
686 1343 956 1402 orbitate,
994 1358 1021 1393 a
1052 1342 1255 1409 Spiritu
1302 1352 1490 1395 sancto
1531 1358 1628 1410 per
1672 1344 1947 1398 assiduam
1991 1360 2116 1398 ora-

555 1434 755 1487 tionem
791 1434 957 1486 veluti
993 1435 1317 1503 gravidatze,
1348 1434 1624 1489 salutares
1655 1450 1933 1490 sermones
1965 1436 2113 1489 veri-

553 1527 785 1591 tatisque
812 1525 1117 1591 cognitione
1145 1526 1331 1594 plenos
1360 1537 1711 1594 generarunt.
1740 1527 1887 1594 Quot
1927 1528 2115 1591 etiam,

550 1616 981 1683 oppugnantibus
1013 1630 1112 1670 nos
1140 1630 1285 1683 saepe
1317 1617 1502 1670 multis
1536 1618 1776 1670 adversa:
1820 1616 2115 1684 potestatis

557 1703 812 1764 millibus,
844 1703 1126 1770 divinaque
1160 1720 1256 1758 nos
1286 1703 1517 1770 dejicere
1548 1719 1644 1774 spe
1663 1704 1988 1771 uolentibus,
2011 1706 2113 1757 lto-

2220 530 2318 582 καὶ
2356 527 2611 599 Ἀζαρίας
2647 529 2741 581 καὶ
2770 528 2987 597 Μισαὴλ
3023 528 3265 595 πνεῦμα
3291 527 3513 595 δρόσου
3540 528 3797 597 διασυρί-

2220 620 2319 679 ζον
2351 620 2451 672 ούκ
2498 619 2601 671 ἐῶν
2636 621 2879 689 ἐνεργεῖν
2926 619 3021 688 τὴν
3070 618 3246 685 φλόγα
3291 618 3383 670 τοῦ
3444 620 3617 690 πυρὸς
3665 620 3797 685 ἄξιοι

2219 710 2504 777 γεγόνασιν
2530 709 2957 771 ἐπακουσθέντες
2983 708 3174 760 λαϐεῖν
3194 725 3206 737 ο
3250 709 3299 761 οἱ
3338 708 3394 761 δὲ
3420 711 3477 762 ὲν
3506 709 3585 779 τῷ
3618 710 3798 781 λάκκῳ

2222 800 2575 853 Βαϐυλωνίων
2615 800 2826 861 λέοντες
2862 800 3159 868 φιμοῦνται
3212 799 3299 851 διὰ
3334 800 3432 864 τὰς
3464 800 3561 852 τοῦ
3608 801 3798 871 Δανιὴλ

2222 894 2559 965 προσευχάς·
2591 894 2683 945 καὶ
2724 894 2902 956 Ἰωνᾶς
2930 894 3007 956 δὲ,
3041 893 3148 945 οὐκ
3178 892 3448 959 ἀπογνοὺς
3483 893 3545 944 τὸ
3570 894 3798 946 ἐπακου-

2223 986 2517 1057 σθήσεσθαι
2545 984 2608 1036 ὲκ
2640 984 2848 1049 κοιλίας
2881 983 2975 1037 τοῦ
3006 984 3368 1046 καταπιόντος
3396 984 3558 1037 αὑτὸν
3584 987 3798 1054 κήτους,

2220 1080 2280 1131 τὸ
2304 1078 2521 1139 ἐλλιπὲς
2547 1076 2648 1145 τῆς
2676 1076 2812 1146 πρὸς
2849 1077 2978 1139 τοὺς
3011 1076 3303 1138 Νινευῖτας
3330 1074 3687 1146 προφητείας,
3716 1074 3799 1140 ἑξ-

2223 1170 2392 1223 ελθὼν
2421 1169 2519 1239 τὴν
2543 1166 2639 1221 τοῦ
2667 1169 2866 1238 κήτους
2917 1166 3185 1236 γαστέρα,
3218 1167 3541 1237 ἀναπληροῖ.
3573 1168 3711 1220 Ὅσα
3742 1167 3797 1219 δὲ

2228 1256 2323 1309 καὶ
2350 1256 2579 1318 ἕκαστος
2611 1254 2789 1325 ήμῶν,
2818 1254 2934 1321 ὲάν,
2960 1255 3299 1325 εὐχαρίστως
3322 1256 3671 1326 μεμνημένος
3696 1256 3799 1308 τῶν

2221 1350 2302 1411 είς
2330 1348 2491 1400 αὑτὸν
2512 1347 2860 1418 εὐεργεσιῶν,
2878 1346 3231 1418 περὶτούτων
3248 1346 3429 1409 αίνους
3453 1348 3799 1417 ἀναπέμπειν

2222 1437 2301 1508 τῷ
2328 1436 2445 1507 Θεῷ
2491 1436 2767 1508 βούληται,
2815 1435 2927 1506 ἔχει
2966 1435 3429 1507 ὲκδιηγήσασθαις
3473 1436 3692 1505 Ἀγονοί
3737 1454 3797 1491 τε

2220 1527 2330 1599 γάρ
2379 1528 2607 1581 ἐπιπολὺ
2660 1528 3023 1598 γεγενημέναι
3082 1526 3283 1597 ψυχαὶ,
3338 1528 3647 1599 ᾐσθημέναι
3698 1530 3798 1601 τῆς

2222 1618 2560 1688 στειρώσεως
2595 1617 2703 1673 τῶν
2745 1618 2890 1671 ίδίων
2927 1619 3270 1689 ἡγεμονικῶν
3300 1623 3395 1673 καὶ
3439 1619 3540 1690 τῆς
3577 1618 3799 1687 ἀγονίας

2219 1708 2315 1762 τοῦ
2346 1708 2437 1762 νοῦ
2473 1708 2680 1764 ἑαυτῶν
2708 1707 2839 1778 (18),
2870 1708 2976 1760 ἀπὸ
3019 1708 3117 1761 τοῦ
3170 1708 3325 1777 ἁγίου
3368 1709 3690 1780 Πνεύματος
3713 1709 3799 1762 διά

558 1801 671 1845 stes
717 1793 973 1859 prostrati
1028 1794 1196 1846 sunt?
1244 1792 1579 1848 Confidimus
1614 1796 1756 1849 enim
1793 1796 1917 1864 quia
1965 1795 2017 1847 Iri
2061 1796 2115 1848 in

2221 1798 2476 1868 ὲπιμόνου
2502 1798 2669 1868 εὐχῆς
2706 1798 2997 1867 κυήσασαι,
3035 1798 3335 1870 σωτηρίους
3368 1798 3558 1868 λόγους
3587 1798 3799 1870 θεωρη-

550 1885 793 1935 Curribus
829 1892 876 1934 et
910 1885 965 1935 lii
1010 1884 1066 1936 in
1103 1886 1279 1954 equis,
1322 1902 1413 1939 nos
1446 1896 1621 1939 autem
1661 1886 1716 1940 in
1756 1887 1965 1941 nomine
2002 1885 2115 1939 Do-

552 1974 680 2026 mini
717 1974 812 2027 Dei
844 1977 1008 2027 nostri
1040 1977 1059 2008 ⁵
1095 1978 1409 2032 invocantes
1444 1978 1687 2033 videmus
1716 1979 1842 2032 illud
1884 1995 2065 2034 verum
2100 1997 2114 2034 :

553 2063 753 2117 Fallax
781 2083 941 2135 equus
977 2068 1044 2118 ad
1076 2068 1311 2121 salutem
1341 2070 1380 2122 ‘.
1422 2069 1527 2122 Sed
1558 2078 1612 2123 et
1646 2070 1943 2139 principem
1975 2074 2117 2127 mili-

556 2157 645 2209 tia:
674 2159 996 2222 adversarii,
1045 2158 1288 2213 fallacem
1328 2172 1381 2215 et
1412 2152 1746 2230 probabilem
1788 2180 2117 2231 sermonem,

553 2248 643 2315 qui
670 2249 848 2301 nntltis
871 2250 1031 2302 etiam
1055 2264 1243 2303 eorum
1266 2253 1356 2319 qui
1390 2254 1683 2309 credidisse
1707 2264 1985 2324 putantur,
2011 2266 2120 2311 ter-

555 2351 733 2388 rorem
768 2337 971 2405 injicit,
1009 2338 1102 2391 ille
1140 2340 1353 2408 jugulat
1396 2357 1538 2410 smpe
1578 2345 1671 2412 qui
1721 2346 1817 2399 Dei
1870 2347 2121 2402 laudibus

553 2427 774 2479 conlidit
802 2442 817 2479 :
848 2426 1035 2483 Judith
1066 2432 1207 2483 enim
1252 2431 1461 2485 laudem
1496 2436 1940 2504 interpretantur.
1979 2439 2122 2504 Quot

556 2525 683 2569 sunt
726 2516 839 2585 qui,
884 2533 1005 2571 cum
1056 2518 1109 2570 in
1142 2520 1465 2574 tentationes
1512 2521 1830 2575 incidissent
1868 2532 2125 2591 superatu

554 2604 795 2659 difﬁciles
836 2616 891 2660 et
936 2606 1145 2660 ﬂamma
1192 2610 1429 2677 qualibet
1474 2611 1837 2676 ardentiores,
1878 2612 2014 2666 nihil
2055 2613 2124 2667 ab

554 2694 685 2763 ipsis
715 2698 855 2765 passi
889 2708 1033 2762 sunt,
1060 2702 1153 2755 sed
1181 2702 1328 2755 illaesi
1350 2710 1637 2756 evaserunt
1662 2703 1903 2769 omnino,
1930 2719 1999 2759 ne
2028 2706 2123 2759 mi-

550 2790 699 2843 nimo
732 2793 949 2860 quidem
986 2796 1053 2847 ab
1084 2795 1249 2848 odore
1284 2796 1488 2850 inimici
1521 2797 1662 2866 ignis
1703 2810 1925 2868 accepto
1967 2801 2121 2854 dam-

552 2896 623 2937 no
650 2882 671 2934 2
696 2884 833 2949 Quid
867 2899 1085 2937 necesse
1113 2895 1193 2939 est
1211 2894 1264 2938 et
1282 2888 1384 2941 alia
1414 2903 1861 2954 commemorare,
1879 2899 2122 2961 quotque

552 2974 745 3029 belluis
784 2976 836 3028 in
886 2991 982 3028 nos
1021 2976 1303 3044 eihatis,
1352 2980 1603 3050 malignis
1650 2982 1870 3050 inquam
1915 2984 2120 3051 spiriti-

550 3066 683 3129 bus,
718 3068 1133 3136 hominibusque
1163 3069 1321 3123 saevis
1347 3080 1696 3126 occurrentes
1717 3114 1731 3138 ,
1759 3088 1946 3128 eorum
1978 3090 2120 3145 saepe

548 3157 799 3223 precibus
836 3157 952 3211 suis
978 3171 1075 3209 ora
1106 3158 1534 3224 obstruxerunt,
1569 3176 1691 3213 eum
1726 3178 1795 3216 ne
1826 3163 2117 3218 admovere

548 3248 767 3313 quidem
816 3247 1004 3301 dentes
1059 3248 1337 3316 potuerint
1388 3248 1475 3302 his
1523 3250 1866 3323 (membris)
1918 3254 2118 3308 nostris

548 3336 753 3389 Christi
790 3338 1051 3391 membris
1084 3338 1309 3391 effectis.
1347 3338 1503 3407 Stepe
1548 3342 1690 3395 enim
1738 3358 1836 3409 pro
1877 3343 2119 3412 quolibet

548 3438 861 3482 sanctorum
900 3430 1065 3481 molas
1103 3429 1309 3480 leonum
1352 3430 1611 3500 confregit
1644 3432 1936 3501 Dominus,
1971 3446 2016 3489 et
2048 3438 2117 3489 ad

549 3518 772 3572 nihilum
803 3520 1113 3574 deuerterunt
1145 3534 1393 3593 tanquam
1418 3542 1552 3592 aqua
1585 3525 1865 3579 decurrens
1890 3528 1932 3580 ".
1964 3526 2117 3596 Saepe

546 3610 713 3664 etiam
761 3613 1009 3667 novimus
1049 3615 1358 3670 divinorum
1403 3618 1781 3672 mandatorum
1822 3618 2113 3689 fugitivos,

551 3716 582 3753 a
623 3709 800 3753 morte
834 3702 1103 3770 principio
1133 3704 1379 3758 devictos
1414 3714 1470 3758 et
1503 3704 1823 3774 deglutitos,
1872 3722 1965 3776 per
1997 3724 2115 3777 pm-

551 3791 835 3845 nitentiam
869 3794 1037 3863 218
1068 3809 1097 3847 a
1142 3804 1288 3849 tanto
1327 3808 1573 3851 servatos
1622 3814 1741 3852 esse
1775 3800 1950 3865 malo,
1991 3816 2115 3854 cum

551 3884 657 3937 etsi
692 3883 806 3952 jam
847 3899 943 3939 eos
982 3896 1167 3940 ventre
1204 3901 1353 3942 mors
1403 3890 1751 3955 contineret,
1793 3890 1991 3944 salvari
2035 3903 2117 3945 ta-

550 3991 671 4029 men
704 3992 861 4044 posse
890 3993 994 4030 non
1028 3980 1433 4049 deSperaverint
1460 3997 1474 4033 :
1507 3980 1779 4034 Devorarit
1810 3983 1943 4036 enim
1974 4000 2113 4037 mors

548 4067 876 4133 prmralens;
917 4080 965 4121 et
1008 4086 1219 4121 rursum
1260 4070 1478 4122 abstulit
1521 4071 1660 4125 Deus
1698 4089 1899 4124 onmem
1941 4075 2117 4144 lacry-

547 4173 687 4209 mam
722 4162 785 4210 ab
818 4162 957 4212 omni
994 4160 1129 4227 [acie
1163 4161 1205 4212 ⁸.
1237 4161 1359 4216 Ιίιιιο
1393 4174 1514 4230 post
1535 4178 1720 4215 eorum
1750 4166 2116 4217 enumeratio-

549 4264 671 4302 nem
708 4251 904 4318 quibus
939 4253 1175 4320 profecit
1219 4256 1429 4319 oratio,
1476 4255 1606 4307 mihi
1655 4255 1879 4306 dicenda
1922 4271 2113 4308 neces-

549 4341 697 4393 sario
739 4343 851 4395 visa
898 4355 1059 4411 sunt,
1108 4348 1369 4399 avertenti
1426 4361 1520 4399 eos
1569 4346 1659 4415 qui
1693 4347 2024 4412 spiritualem
2060 4348 2111 4400 in

549 4433 770 4486 Christo
828 4435 991 4487 vitam
1046 4436 1356 4489 desiderant
1401 4439 1469 4491 ab
1514 4439 1722 4507 exiguis
1768 4450 1822 4490 et
1879 4440 2112 4492 terrenis

549 4523 711 4577 rebus
756 4526 1001 4579 oratione
1055 4528 1337 4595 petendis,
1394 4540 1443 4582 et
1496 4530 1563 4582 ad
1610 4530 1835 4599 mystica
1879 4544 2111 4597 quorum

550 4613 663 4667 ιιωο
693 4630 813 4684 quae
843 4617 1068 4683 praedixi
1102 4619 1368 4687 imagines
1397 4631 1552 4673 crant
1572 4660 1586 4683 ,
1615 4621 1929 4687 scriptionis
1960 4619 2116 4674 istius

551 4704 787 4761 lectores
821 4709 1158 4764 adhortanti.
1196 4710 1388 4766 Otnnis
1417 4714 1561 4766 enim
1601 4712 1667 4765 de
1702 4712 1975 4780 praedictis
2006 4712 2116 4780 spi-

550 4798 835 4854 ritualibus
867 4801 1215 4870 mysticisque
1249 4804 1409 4856 rebus
1456 4804 1631 4856 oratio
1677 4815 1894 4869 semper
1934 4802 2003 4856 ab
2050 4817 2115 4856 eo

478 4914 486 4919 -
548 4889 829 4954 perficitur
862 4893 949 4958 qui
980 4910 1082 4946 non
1110 4900 1394 4949 secundum
1442 4910 1651 4946 carnem
1682 4895 1703 4925 ⁹
1750 4892 1945 4945 militat
1968 4932 1984 4953 ,
2019 4894 2115 4946 sed

545 4975 737 5041 Spiritu
773 4977 911 5044 facta
947 4983 1123 5035 carnis
1158 4984 1199 5014 ¹⁰
1238 4985 1549 5043 mortificat,
1583 4982 1859 5052 plurisque
1890 4982 2019 5035 facit
2048 4997 2110 5035 ea

621 5086 643 5118 ⁸
673 5088 807 5142 Dan.
839 5107 923 5155 rt,
970 5094 1056 5148 22.
1164 5096 1185 5126 '
1218 5097 1358 5153 Psal.

552 5157 595 5187 ¹⁸
622 5157 782 5210 Rom.
816 5176 929 5223 vttt,
960 5165 1044 5216 15.

618 5248 726 5387 £18)
757 5252 931 5307 (Iotch
964 5271 1088 5320 ms.,
1122 5258 1361 5323 ὲαυτῶν;
1405 5262 1568 5314 editio
1595 5261 1791 5327 Oxon.,
1834 5262 2031 5315 αὐτῶν.

649 5320 725 5387 t9)
768 5322 942 5375 Codex
998 5344 1120 5387 ms.,
1188 5331 1655 5387 καυστικωτέοοις.
1713 5332 1856 5387 ιεέύίι.
1910 5338 2031 5387 Oxo:

649 5320 725 5387 l9)
768 5322 942 5401 le_ex
998 5344 1120 5391 ms.,
1188 5320 1655 5401 καυστικωτέροις.
1713 5320 1856 5388 Edit.
1910 5338 2107 5400 UXOII.,

546 5393 883 5463 nuptarum
893 5410 1007 5463 ρας.

618 5458 727 5529 (20)
753 5458 958 5539 Λεγείν
982 5464 1158 5528 ἄλλα,
1189 5468 1286 5521 καὶ
1309 5469 1379 5521 ἐν
1407 5468 1591 5535 ὅσοις.
1636 5469 1725 5525 Sic
1756 5472 1914 5527 habet
1940 5474 2106 5526 codex

547 5539 945 5600 manniscrtptus
1003 5546 1057 5587 et
1121 5547 1291 5600 recte,
1352 5542 1508 5593 modo
1564 5540 1746 5597 deleas
1795 5544 1871 5595 ἐν.
1933 5544 2108 5596 Editio

546 5595 747 5672 0x_t)_t_t_.,
778 5598 975 5672 λέγειν,
1001 5604 1135 5659 ἀλλά
1174 5595 1348 5660 καῖ’ὲν
1382 5610 1543 5672 ὅσοις.

618 5666 724 5750 (Ἦ)
745 5666 972 5750 Al)?qu
1005 5675 1301 5750 πολλάκις
1330 5666 1660 5750 ἐφίμῷσαν,
1688 5683 1759 5734 οὑ
1786 5680 2106 5750 δεδυνημέ-

545 5749 667 5789 νων
689 5742 985 5810 ὲγχρίψαι.
1020 5745 1095 5799 lta
1134 5742 1303 5802 codex
1344 5742 1445 5803 ms".
1476 5742 1656 5805 Editio
1696 5763 1876 5805 autem
1907 5742 2106 5818 osa”,

1473 5115 1587 5163 nx,
1618 5100 1671 5155 8.

2221 1893 2407 1964 μάτων
2434 1890 2688 1961 ἀληθείας
2716 1890 3181 1962 πεπληρωμένους
3210 1893 3623 1964 γεγεννήκασιν,
3644 1893 3799 1946 Ὅσοι

2216 1984 2293 2051 δὲ,
2323 1982 2479 2055 ἡμῶν
2507 1981 2765 2045 πολλάκις
2800 1982 3072 2053 μυριάδων
3099 1983 3482 2055 ἀντικειμένης
3519 1984 3799 2055 δυνάμεως

2226 2073 2813 2145 καταστρατευομένων
2863 2072 2959 2127 καὶ
3002 2071 3318 2140 ἐξαφανίσαι
3358 2072 3466 2125 ἀπὸ
3510 2073 3609 2144 τῆς
3646 2073 3799 2138 Θείας

2219 2166 2365 2235 ἡμᾶς
2386 2164 2620 2228 πίστεως
2646 2164 2984 2234 βουλομένων
3006 2163 3258 2234 πολέμιοι
3281 2164 3631 2235 διελύθησαν;
3654 2166 3801 2237 Θαῤ-

2223 2256 2501 2325 ρησάντων
2544 2256 2719 2325 ἡμῶν,
2756 2254 2838 2307 ὅτι
2872 2249 3039 2308 οὗτοι
3078 2254 3148 2307 ἐν
3194 2254 3488 2324 ἅρμασιν,
3532 2251 3699 2310 οὗτοι
3734 2255 3802 2308 δὲ

2218 2344 2288 2396 ἐν
2320 2346 2544 2411 ἵπποις,
2584 2344 2743 2399 ἀλλὰ
2782 2343 2953 2413 ἡμεῖς
2998 2344 3068 2396 ἐν
3118 2344 3357 2413 ὀνόματι
3412 2345 3635 2412 Κυρίου
3681 2347 3801 2398 ὲπι-

2218 2435 2542 2507 καλούμενοι
2578 2435 2793 2507 ὁρῶμεν
2842 2436 2924 2489 ὅτι
2956 2436 3193 2503 άληθῶς
3227 2435 3461 2503 ψευδὴς
3493 2437 3679 2502 ἵππος
3714 2438 3801 2501 είς

2219 2524 2539 2591 σωτηρίαν.
2588 2523 2747 2576 Ἀλλά
2792 2524 3000 2577 καὶτὸν
3033 2524 3466 2594 ἀρχιστράτηγον
3511 2522 3607 2575 τοῦ
3653 2524 3800 2576 ἀντι-

2221 2615 2496 2685 κειμένου,
2523 2614 2801 2685 ἀπατηλδν
2826 2616 2919 2669 καὶ
2950 2614 3175 2669 πιθανὸν
3204 2615 3361 2683 λόγον
3390 2615 3800 2684 καταπτήσσειν

2221 2704 2476 2759 ποιοῦντα
2509 2704 2735 2768 πολλοὺς
2769 2705 2860 2758 καὶ
2888 2704 2997 2757 τῶν
3046 2706 3463 2757 πεπιστευκέναι
3502 2701 3801 2774 νομιζομέ-

2220 2814 2345 2858 νων,
2371 2798 2399 2849 ό
2426 2794 2503 2865 τῷ
2527 2796 2663 2866 πρὸς
2685 2795 2815 2847 Θεὸν
2838 2796 2971 2865 αἴνῳ
2997 2793 3275 2859 πεποιθὼς
3300 2795 3581 2848 διακόπτει
3608 2793 3805 2849 πολλά-

2219 2903 2327 2949 κις⁹
2356 2886 2555 2957 Ἰουδὴο
2578 2887 2689 2956 γὰρ
2710 2885 3071 2957 ἑρμηνεύεται
3091 2887 3342 2952 αἵνεσις.
3367 2888 3523 2939 Ὅσοι
3543 2902 3604 2936 τε
3623 2885 3803 2955 πάσης

2219 2977 2415 3047 φλογὸς
2463 2976 2920 3047 καυστικωτέροις
2955 2974 3065 3046 (l9)
3097 2976 3487 3047 περιπεσόντες
3539 2976 3800 3045 δυσπεριο

2218 3069 2466 3139 γενήτοις
2524 3067 2782 3131 πολλάκις
2845 3071 3198 3140 πειρασμοῖς,
3252 3068 3401 3121 ούδὲν
3465 3068 3560 3120 ὑπ’
3621 3057 3801 3120 αὗτῶν

2225 3159 2573 3225 πεπόνθασιν,
2622 3158 2759 3213 ἀλλά
2801 3159 2977 3229 πάντη
3022 3159 3273 3223 ἀϐλαϐεῖς
3302 3158 3526 3222 τούτους
3559 3157 3803 3228 διεξελη-

2223 3251 2464 3313 λύθασιν,
2500 3251 2619 3303 οὐδὲ
2658 3250 2719 3302 τὸ
2762 3250 2921 3320 τυχὸν
2966 3251 3139 3321 ὀσμῆς
3192 3250 3285 3304 τοῦ
3334 3250 3597 3321 πολεμίου
3632 3248 3806 3321 πυρὸς

2226 3339 2427 3409 βλάϐην
2460 3338 2769 3407 ἐσχηκότες.
2820 3338 2883 3389 Τί
2930 3338 3009 3390 δεῖ
3049 3341 3141 3391 καὶ
3188 3339 3368 3406 λέγειν
3404 3339 3563 3404 ἄλλα,
3602 3340 3699 3392 καὶ
3744 3341 3806 3391 ὲν

2222 3430 2366 3493 ὅσοις
2396 3429 2504 3501 (20)
2561 3429 2768 3501 Θηρίοις
2810 3428 2930 3482 καθ’
2959 3429 3113 3499 ἡμῶν
3157 3429 3603 3500 ἐξηγριωμένοις,
3639 3447 3805 3501 πονη-

2226 3527 2340 3594 ροῖς
2374 3522 2643 3593 πνεύμασι
2678 3523 2771 3575 καλ⁵
2807 3521 3111 3593 ἀνθρώποις
3150 3520 3321 3591 ὠμοῖς
3372 3524 3803 3594 παρατυχόντες,

2222 3618 2341 3678 ταῖς
2368 3614 2555 3682 εὐχαῖς
2601 3614 2796 3677 αὐτοὺς
2840 3613 3097 3675 πολλάκις
3143 3612 3448 3683 ὲφίμωσαν,
3482 3615 3544 3666 ού
3581 3615 3805 3685 δεδυνη-

2227 3707 2402 3775 μένων
2446 3704 2697 3775 ὲγχρίψαι
2732 3704 2841 3774 (2|)
2875 3704 3001 3766 τοὺς
3039 3704 3254 3767 ὀδόντας
3288 3705 3467 3757 αὐτῶν
3500 3709 3613 3769 τοῖς
3648 3722 3806 3773 γεγε-

2222 3797 2474 3867 νημένοις
2505 3796 2658 3866 ἡμῶν
2693 3796 2876 3865 μέλεσι
2931 3793 3022 3847 τοῦ
3068 3795 3347 3865 Χριπσῦ;
3391 3796 3662 3859 Πολλάκις
3693 3797 3806 3867 γάρ

2222 3886 2341 3938 καθ’
2386 3885 2615 3938 ἕκαστον
2664 3885 2771 3938 τῶν
2819 3884 2988 3952 ἁγίων
3029 3884 3134 3948 τὰς
3159 3886 3360 3953 μύλας
3391 3884 3510 3937 τῶν
3541 3886 3807 3938 λεόντων

2221 3980 2562 4033 συνέθλασε
2599 3981 2831 4047 Κύριος,
2875 3978 2971 4031 καὶ
3005 3977 3496 4045 ἐξουδενώθησαν
3525 3979 3606 4044 ὡς
3646 3977 3805 4044 ῦὸωρ

2221 4070 2798 4138 παραπορευόμενον.
2858 4070 3045 4140 Ἴσμεν
3108 4070 3165 4123 δὲ
3236 4070 3495 4131 πολλάκις
3558 4070 3805 4138 φυγάδας

2222 4161 2655 4233 προσταγμάτων
2698 4160 2855 4223 Θεοῦ,
2901 4161 3306 4224 καταποθέντας
3354 4162 3459 4213 ὑπὸ
3487 4160 3579 4214 τοῦ
3636 4161 3805 4213 θανά-

2218 4267 2311 4302 του
2343 4249 2450 4319 (22)
2498 4250 2756 4321 πρότερον
2807 4253 2926 4304 κατ’
2962 4252 3139 4306 αὐτῶν
3193 4252 3528 4322 ἰσχύσαντος,
3572 4251 3659 4304 διὰ
3697 4250 3803 4323 τὴν

2224 4340 2511 4411 μετάνοιαν
2540 4340 2810 4404 σωθέντας
2847 4341 2955 4395 ἀπὸ
2988 4342 3082 4396 τοῦ
3109 4342 3423 4413 τηλικούτου
3468 4343 3662 4407 κακοῦ,
3693 4343 3805 4396 οὐκ

2219 4431 2601 4499 ἀπεγνωκότας
2646 4431 2753 4502 (25)
2791 4432 2852 4485 τὸ
2899 4432 3166 4498 σώζεσθαι
3195 4434 3452 4488 δύνασθαι
3493 4436 3593 4505 ἤδη
3637 4437 3692 4487 ἐν
3728 4436 3803 4505 τῇ

2221 4523 2397 4594 κοιλίᾳ
2424 4522 2516 4576 τοῦ
2557 4522 2785 4575 θανάτου
2821 4525 3295 4595 κεκρατημένους’
3337 4524 3589 4578 Κατέπιε
3621 4524 3733 4593 γὰρ
3769 4526 3805 4578 ό

2217 4611 2473 4681 θάνατος
2506 4614 2789 4682 ἰσχύσαςο
2827 4614 2924 4666 καὶ
2958 4614 3145 4669 πάλιν
3167 4617 3416 4683 ἀφεῖλεν
3440 4619 3473 4669 ὁ
3506 4615 3646 4680 Θεὸς
3668 4614 3806 4669 πᾶν

2218 4707 2480 4774 δάκρυον
2525 4704 2642 4759 ἀπὸ
2685 4704 2912 4771 παντὸς
2958 4706 3301 4774 προσώπου.
3360 4706 3546 4758 Ταῦτα
3592 4705 3648 4758 δέ
3704 4723 3804 4775 μοι

2220 4797 2639 4867 ἀναγκαιότατον
2682 4797 2820 4868 μετά
2862 4798 2954 4850 τὸν
3000 4799 3297 4866 κατάλογον
3335 4797 3445 4850 τῶν
3482 4797 3804 4868 ὠφεληθέν-

2218 4910 2323 4947 των
2344 4892 2430 4946 διά
2450 4894 2753 4963 προσευχῆς
2776 4893 3024 4964 εἰρῆσθαι
3047 4893 3269 4964 νομί-ξω,
3294 4896 3649 4965 ἀποτρέποντι
3677 4889 3803 4963 (24)

2215 4984 2313 5054 τὴν
2345 4984 2715 5055 πνευματικὴν
2754 4985 2847 5037 καὶ
2891 4985 2992 5057 τὴν
3024 4988 3081 5039 ὲν
3111 4988 3329 5057 Χριστῷ
3373 4986 3519 5058 ζωὴν
3564 4986 3806 5039 ποθοῦν.

1780 5098 1801 5130 ⁸
1826 5097 1969 5153 Psal.
2023 5113 2195 5163 xsxn,
2232 5099 2315 5152 l7.
2392 5105 2412 5135 ⁷
2438 5097 2576 5151 Psal.
2607 5114 2737 5163 LVII,
2770 5101 2823 5153 7.
2900 5100 2921 5131 ⁸
2952 5099 3051 5154 Isa.
3077 5116 3200 5168 xxv,
3231 5101 3283 5155 8.
3360 5100 3381 5132 ’
3416 5100 3456 5154 ιι
3484 5102 3607 5156 Cor.
3634 5117 3697 5167 χ,
3737 5103 3803 5156 3.

2212 5264 2445 5372 iv’zobc
2492 5264 2747 5325 πολλάκις
2790 5263 3090 5334 ὲςρίμωσαν,
3150 5264 3208 5316 ού
3270 5264 3637 5337 δεδυνημένοις
3703 5268 3807 5336 ἐγ-

2212 5352 2280 5372 vn
2378 5352 2441 5372 ,ην

2211 5352 2464 5405 Χριμφαι·
2703 5403 2729 5414 ,
2910 5404 2921 5418 ,
3702 5410 3707 5415 .
3749 5407 3760 5413 .

2284 5406 2392 5475 (2‘2)
2440 5404 2584 5475 Ὑπὸ
2625 5408 3050 5475 τουλθαιήατου.
3101 5407 3171 5459 Ita
3231 5407 3398 5459 codex
3450 5422 3546 5459 ms.
3604 5404 3805 5460 Ed.tto

2212 5473 2393 5525 autem
2425 5473 2623 5536 Oxum,
2655 5473 2763 5525 ἀπὸ
2789 5473 2882 5525 τοῦ
2918 5474 3165 5527 θανάτου.

2284 5542 2392 5613 (‘25)
2428 5544 2878 5611 Ἀπεγνωκότας.
2925 5543 3059 5599 Male
3097 5545 3263 5597 editio
3310 5545 3481 5599 Ολοιι.
3537 5544 3809 5611 ἀπεγνω-

2441 5679 2868 5747 Ἀποτρέποντι.
2911 5682 2984 5734 Ita
3022 5682 3187 5736 codex
3240 5699 3340 5739 tns.
3388 5682 3557 5737 Edttio
3598 5696 3806 5739 autem

2217 5749 2390 5808 Oxon.
2429 5766 2738 5821 perperam,
2776 5753 3191 5823 ἀποτρέπονται.
