3954 6414
221 306 305 361 057
1346 287 1684 347 LIBELLUS
1732 286 1820 342 DE
1859 283 2228 342 ORATIONE.

3318 286 3425 340 £58

213 440 294 485 τας
328 419 428 474 ἀπὺ
461 416 557 471 τοῦ
605 416 746 490 περὶ
781 415 887 469 τῶν
938 408 1140 486 μικρῶν
1186 411 1277 465 καὶ
1316 411 1572 480 ἐπιγείων
1603 407 1753 479 εὗχε-

1860 420 1979 474 qua:
2003 405 2331 475 anagogicus
2353 418 2544 459 sensus
2572 404 2978 474 inquirentibus
2997 403 3237 469 exhibet,
3261 421 3422 474 quam

217 515 334 577 σθαι,
365 511 451 566 καὶ
493 508 914 581 παρακαλοῦντι
960 508 1048 561 ἐπὶ
1093 507 1161 560 τὰ
1214 504 1453 577 μυστικὰ
1488 498 1563 559 ὧν
1599 501 1759 556 τύποι

214 607 327 679 ἦσαν
350 606 414 660 τὰ
447 602 836 677 προειρημένα
878 618 984 673 μοι,
1016 601 1140 662 τοὺς
1179 598 1498 668 ἐντυχόντας
1532 595 1658 667 τῇδε
1690 594 1759 665 τῇ

212 700 398 773 γραφῇο
452 698 606 749 πᾶσα
660 695 777 765 γὰρ
823 694 857 765 ἡ
902 692 1025 763 περὶ
1069 691 1176 744 τῶν
1241 686 1760 761 προπαρατεθέντων

211 792 318 862 ἡμῖν
355 785 749 857 πνευματικῶν
786 785 879 838 καὶ
918 780 1186 855 μυστικῶν
1230 780 1362 850 εὐχὴ
1404 777 1491 834 ἀεὶ
1523 777 1627 832 ὑπὸ
1665 775 1759 829 τοῦ

206 882 275 954 μὴ
322 879 461 934 κατὰ
521 877 734 946 σάρκα
786 872 1237 948 στρατευομένου,
1285 869 1422 924 ἀλλὰ
1471 869 1760 938 πνεύματι

205 973 291 1038 τὰς
327 968 569 1039 πράξεις
602 967 717 1022 τοῦ
769 966 1038 1036 σώματος
1090 962 1459 1027 θανατοῦντος,
1494 960 1758 1014 ἐπιτελεῖ-

205 1080 292 1126 ται,
346 1058 800 1131 προκρινομένων
853 1056 959 1110 τῶν
1001 1054 1111 1127 (25)
1144 1054 1251 1107 ἀπὸ
1314 1052 1415 1125 τῆς
1468 1051 1760 1121 ἀναγωγῆς

206 1154 299 1227 μετ’
352 1150 661 1216 ἐξετάσεως
717 1148 1139 1220 παρισταμένων
1201 1146 1301 1218 τῆς
1356 1143 1759 1216 ἐμφαινομένης

203 1246 317 1300 κατὰ
340 1245 433 1315 τὴν
466 1243 621 1307 λέξιν
668 1241 952 1311 γεγονέναι
983 1242 1093 1304 τοῖς
1122 1236 1578 1312 προσευξαμένοις
1603 1237 1760 1308 εύερ-

200 1338 378 1408 γεσίας·
415 1336 511 1391 καὶ
551 1338 614 1390 ὲν
670 1337 807 1407 ἡμῖν
851 1336 958 1406 γὰρ
1002 1333 1265 1405 ἀσκητέον
1318 1332 1393 1405 μὴ
1438 1330 1758 1399 ἐγγενέσθαι

202 1433 360 1499 ἄγονον
406 1429 440 1499 ἢ
494 1427 732 1498 στεῖραν
778 1425 887 1497 (26)
941 1424 1194 1479 ἀκούουσι
1244 1424 1337 1478 τοῦ
1386 1422 1755 1496 πνευματικοῦ

198 1523 333 1592 νόμου
374 1519 478 1572 ὠσὶ
522 1520 927 1589 πνευματικοῖς
960 1517 1093 1589 (27),
1137 1517 1223 1571 ἵνα
1273 1516 1651 1586 ἀποτιθέμενοι
1694 1514 1756 1567 τὸ

197 1609 307 1665 εἶναι
334 1612 515 1678 ἄγονοι
552 1608 587 1680 ἧ
621 1613 859 1681 στεῖραι,
890 1608 1315 1680 ὲπακουσθῶμεν
1355 1608 1431 1672 ὡς
1462 1610 1628 1661 Ἀννα
1661 1608 1755 1662 καὶ

205 1705 446 1768 Ἐζεκίας·
491 1704 591 1757 καὶ
642 1704 732 1757 ἵνα
764 1703 873 1757 ἀπὸ
906 1701 1357 1757 ἐπιϐουλευόντων
1398 1698 1607 1772 ἐχθρῶν
1647 1699 1754 1752 τῶν

195 1797 551 1869 πνευματικῶν
608 1796 716 1867 τῆς
774 1794 1035 1867 πονηρίας
1085 1794 1369 1866 ῥυσθῶμεν
1417 1794 1494 1857 ὡς
1536 1790 1753 1863 Μαρδο-

194 1893 316 1959 χαῖος
367 1890 460 1942 καὶ
494 1888 745 1960 Ἐσθὴρ,
798 1888 894 1941 καὶ
930 1886 1148 1958 Ἰουδήθ.
1199 1888 1309 1940 Καὶ
1358 1887 1479 1939 ἐπεὶ
1526 1885 1755 1956 κάμινος

196 1984 282 2035 ἐστι
318 1982 509 2052 σιδηρᾶ
544 1983 854 2050 Αἴγυπτος,
891 1979 1151 2051 σύμϐολον
1181 1978 1522 2049 τυγχάνουσα
1554 1976 1755 2040 παντὸς

192 2074 265 2127 τοῦ
315 2074 602 2146 περιγείου
661 2073 857 2138 τόπου,
908 2073 1013 2134 πᾶς
1058 2072 1087 2123 ὁ
1132 2069 1485 2140 ἐκπεφευγὼς
1521 2070 1620 2140 τὴν
1661 2067 1755 2121 τοῦ

193 2163 286 2231 βίου
320 2162 425 2215 τῶν
470 2160 799 2234 ἀνθρώπων
841 2161 1035 2215 κακίαν
1084 2162 1178 2215 καὶ
1236 2160 1314 2232 μὴ
1362 2157 1756 2231 πεπυρωμένος

190 2256 272 2309 ὑπὸ
304 2256 393 2326 τῆς
425 2254 746 2327 ἁμαρτίας,
780 2254 917 2326 μηδὲ
961 2254 1035 2317 ὡς
1077 2253 1325 2306 κλίὸανον
1359 2251 1540 2323 πλήρη
1585 2249 1755 2323 πυρὸς

187 2346 265 2417 τὴν
293 2346 513 2417 καρδίαν
548 2343 839 2416 ἐσχηκὼς,
871 2343 945 2415 μὴ
989 2344 1204 2397 ἔλαττον
1236 2341 1620 2414 εύχαριστείτω
1646 2341 1754 2395 τῶν

187 2437 233 2488 ὲν
256 2439 375 2509 πυρὶ
398 2438 603 2510 δρόσου
658 2438 1083 2509 πεπειραμένων
1116 2435 1248 2507 (28).
1287 2434 1444 2488 Ἀλλὰ
1486 2434 1579 2487 καὶ
1618 2434 1646 2485 ὁ
1696 2435 1755 2486 ὲν

185 2529 244 2600 τῷ
270 2530 520 2596 εὔξασθαι
559 2530 669 2583 καὶ
709 2530 1019 2601 εἱρηκέναι’
1058 2528 1156 2597 Μὴ
1193 2527 1472 2597 παραδῷς
1500 2526 1623 2592 τοῖς
1654 2528 1756 2593 θη-

181 2625 305 2692 ρίοις
337 2624 555 2693 ψυχὴν
589 2623 1169 2693 ἐξομολογουμένην
1216 2638 1335 2685 σοι,
1377 2618 1752 2684 ὲπακουσθεὶς,

186 2717 257 2767 καὶ
288 2716 445 2788 μηδὲν
477 2715 597 2768 ἀπὸ
640 2716 749 2785 τῆς
778 2713 999 2777 ἀσπίδος
1035 2715 1127 2767 καὶ
1166 2712 1259 2766 τοῦ
1300 2710 1611 2782 βασιλίσκου
1647 2728 1753 2764 πα·-

186 2807 288 2873 θὼν,
310 2810 383 2880 τῷ
404 2808 503 2862 διὰ
540 2806 799 2879 Χριστὸν
821 2806 979 2859 αὐτὸν
1006 2804 1183 2859 αὐτῶν
1209 2801 1617 2870 ἐπιϐεϐηκέναι
1644 2800 1753 2873 (29)

182 2902 259 2955 καὶ
298 2899 752 2965 καταπατήσας
801 2896 1016 2951 λέοντα
1065 2895 1163 2949 καὶ
1223 2893 1536 2962 δράκοντα,
1578 2896 1642 2964 τῇ
1690 2909 1753 2946 τε

183 2994 296 3065 καλῇ
328 2995 581 3061 ἐξουσίᾳ
620 2993 738 3045 ὑπὸ
780 2989 953 3061 Ἰησοῦ
986 2987 1237 3060 διδομένη
1265 2986 1605 3058 χρησάμενος
1644 2984 1753 3039 τοῦ

182 3088 359 3142 ⁸πατεῖν
379 3086 591 3140 ἐπάνω
628 3084 834 3153 ὄφεων
855 3080 951 3137 καὶ
973 3081 1275 3149 σκορπίων
1298 3079 1394 3132 καὶ
1420 3078 1516 3132 ἐπὶ
1546 3076 1751 3132 πᾶσαν
1776 3118 1819 3177 C

182 3179 273 3247 τὴν
299 3182 555 3249 δύναμιν
600 3177 722 3231 τοῦ
754 3174 990 3243 ἐχθροῦ,
1027 3174 1120 3226 καὶ
1152 3172 1317 3244 μηδὲν
1348 3172 1453 3226 ὑπὸ
1481 3170 1590 3225 τῶν
1629 3188 1751 3225 τοσ-

180 3273 321 3327 ούτων
350 3274 668 3346 ἀδικηθεὶς,
706 3269 891 3322 πλεῖον
916 3267 1005 3321 τοῦ
1045 3266 1242 3339 Δανιὴλ
1283 3265 1749 3340 εὐχαριστησάτω,

182 3370 256 3422 its
292 3372 390 3425 ἀπὸ
425 3367 853 3442 φοὸερωτέρων
902 3366 993 3418 καὶ
1034 3363 1496 3438 έπιὸλαόεστέρων
1535 3362 1751 3436 ρυσθεὶς

178 3453 369 3531 θηρᾶυν.
412 3462 565 3534 Πρὸς
610 3457 861 3519 τούτοις,
896 3456 924 3507 ὁ
963 3455 1319 3525 πεπεισμένος
1364 3455 1517 3507 ποίου
1554 3454 1751 3526 κήτους

178 3555 317 3618 τύπος
364 3554 425 3608 τὸ
471 3547 906 3611 καταπεπωκὸς
944 3547 1033 3600 τὸν
1076 3546 1256 3600 Ἰωνᾶν
1306 3545 1568 3616 ἐτύγχανε
1614 3545 1747 3616 (50),

178 3648 253 3700 καὶ
282 3646 605 3702 ωταλαὸὠν
639 3662 705 3697 τε
738 3644 824 3695 ὃτι
857 3640 1060 3694 ἐκείνου
1103 3639 1197 3693 τοῦ
1248 3639 1352 3693 ὑπὸ
1391 3638 1484 3692 τοῦ
1529 3637 1646 3692 Ἰὼϐ
1672 3640 1748 3690 εί-

182 3740 386 3808 ρημένου
405 3756 419 3769 ·
450 3734 894 3805 Καταράσαιτο
925 3732 1117 3801 αὐτὴν
1142 3735 1174 3786 ὁ
1202 3730 1601 3801 καταρώμενος
1639 3730 1752 3799 τὴν

177 3830 375 3901 ἡμέραν
395 3833 679 3898 ἐκείνην,
704 3831 741 3882 ὁ
761 3826 1007 3897 μέλλων
1036 3825 1102 3878 τὸ
1127 3824 1279 3895 μέγα
1324 3824 1503 3894 κῆτος
1552 3824 1751 3895 χειρώ-

178 3930 374 3979 σασθαι
390 3942 405 3955 ο
428 3927 526 3979 ἐάν
555 3940 702 3979 ποτε
737 3920 965 3990 γένηται
986 3917 1075 3970 διά
1093 3935 1211 3970 τινα
1227 3918 1475 3971 ἀπειθίαν
1491 3919 1548 3971 ὲν
1568 3920 1633 3989 τῇ
1657 3915 1750 3971 τοῦ

178 4018 348 4089 κήτους
374 4019 580 4091 κοιλία·
608 4011 901 4088 μετανοῶν
916 4008 1179 4076 εὐξάσθω,
1204 4009 1451 4063 κάκεῖθεν
1481 4009 1753 4078 ἐξελεύσε-

177 4128 251 4164 ται
264 4112 384 4181 (⁵51)·
410 4110 656 4179 ὲεελθών
669 4125 734 4161 τε
752 4104 1030 4176 ἐπιμένων
1057 4103 1135 4175 τῷ
1156 4102 1428 4156 πείθεσθαι
1441 4105 1552 4166 τοῖς
1581 4118 1752 4176 προσ-

176 4201 396 4274 τάγμασι
408 4203 504 4258 τοῦ
526 4200 704 4264 Θεοῦ,
719 4198 1029 4268 δυνήσεται,
1043 4193 1183 4250 κατὰ
1193 4195 1291 4267 τὴν
1301 4194 1643 4267 χρηστότητα
1658 4192 1751 4246 τοῦ

178 4294 461 4365 Πνεῦματος
496 4289 909 4369 προφητεύσας
939 4288 1034 4343 καὶ
1060 4286 1154 4342 νῦν
1182 4286 1488 4350 Νινευῖταις
1519 4284 1751 4340 ἀπολλυ-

178 4388 364 4458 μένοις,
382 4392 660 4463 πῴ-ρασις
684 4384 879 4447 αὐτοῖς
907 4380 1155 4453 γενέσθαι
1184 4380 1479 4453 σωτηρίας⁸
1516 4379 1590 4451 μὴ
1621 4379 1749 4433 δυσ-

1865 496 2006 563 (ιυοιι
2031 497 2184 566 juxta
2212 498 2444 550 litteram
2473 496 2757 551 orantibus
2783 496 3075 567 contigisse
3100 496 3449 552 beneficium’

1861 588 2094 641 videtur.
2132 586 2264 641 Nam
2295 596 2347 642 et
2384 588 2437 642 iu
2471 589 2627 644 nobis
2655 589 2956 644 curandum
2986 597 3068 643 est
3102 603 3169 644 ne
3203 588 3274 644 sit
3304 568 3476 644 δοῖ-’⁸

1862 695 1946 734 ma
2001 679 2237 742 sterilis,
2290 680 2381 734 sed
2437 680 2774 750 Spiritualem
2828 680 3000 750 legem
3051 678 3428 750 spiritualibus

1862 769 2087 826 auribus
2115 770 2401 825 audiamus
2420 814 2434 837 ,
2461 786 2569 840 quo
2598 772 2909 827 desinamus
2940 787 3057 826 esse
3088 772 3305 828 steriles
3330 813 3345 838 ,
3373 783 3427 828 et

1862 874 1919 917 ut
1951 864 2108 917 Anna
2143 873 2304 933 atque
2336 863 2602 918 Ezechias
2634 866 3031 932 exaudiamur;
3078 864 3209 919 item
3256 874 3315 919 ut
3357 865 3427 921 ab

1862 953 2254 1011 insidiantibus
2286 956 2525 1011 inimicis
2555 957 2938 1027 spiritualibus
2988 957 3247 1028 nequitiae
3290 957 3429 1011 libe-

1861 1062 2065 1112 remur,
2093 1056 2152 1102 ut
2198 1046 2566 1102 Mardochmus
2606 1056 2663 1103 et
2705 1048 2900 1103 Esther
2936 1058 2989 1103 et
3037 1047 3245 1105 Judith.
3290 1049 3422 1105 item

1859 1141 2116 1210 quoniam
2147 1140 2334 1196 fornax
2365 1140 2542 1195 ferrea
2573 1138 2841 1210 Egyptus
2869 1150 2987 1208 est,
3019 1142 3222 1196 terreni
3248 1142 3427 1198 omnis

1859 1230 1962 1286 loci
2002 1230 2212 1301 ﬁgura,
2240 1231 2549 1301 quicunque
2579 1229 2827 1285 humana:
2865 1233 2989 1286 vita;
3035 1232 3298 1286 malitiam
3342 1231 3425 1287 ei-

1859 1321 2026 1393 l'ugit,
2060 1337 2160 1377 nec
2189 1338 2217 1376 a
2254 1333 2477 1392 peccato
2509 1321 2875 1376 inﬂammatus
2902 1332 3024 1388 est,
3058 1339 3157 1377 nec
3193 1339 3290 1379 cor
3325 1324 3426 1378 ha-

1856 1415 1950 1472 bet
1978 1414 2179 1471 clibani
2211 1415 2387 1470 instar
2415 1414 2538 1483 igne
2565 1412 2783 1482 plenum
2808 1452 2824 1476 ,
2869 1430 2976 1467 non
3020 1415 3260 1470 minores
3298 1432 3426 1485 gra-

1859 1509 1963 1563 tias
1995 1503 2195 1563 refeiat
2227 1522 2387 1576 (luam
2421 1506 2516 1577 qui
2546 1522 2727 1563 rorem
2770 1506 2823 1560 in
2862 1506 2985 1575 igne
3025 1507 3233 1575 experti
3276 1518 3425 1562 sunt.

1856 1600 1988 1655 Item
2046 1600 2189 1669 quis,
2245 1614 2367 1653 cum
2429 1609 2612 1654 oraret
2672 1614 2735 1653 ac
2791 1598 3042 1652 diceret:
3102 1596 3186 1652 Ne
3245 1600 3426 1653 tradas

1857 1692 2031 1747 bestiis
2066 1694 2293 1746 animam
2326 1692 2652 1759 conﬁtentem
2691 1690 2783 1744 tibi
2814 1690 2900 1755 ’°',
2924 1690 3205 1745 exauditus
3243 1698 3346 1755 est,
3371 1701 3427 1745 et

1854 1784 1924 1839 ab
1959 1784 2143 1854 aspide
2188 1791 2241 1838 et
2294 1780 2544 1837 basilisco
2596 1779 2731 1835 nihil
2781 1779 2943 1834 lmsus
2996 1789 3112 1842 est,
3162 1795 3227 1834 eo
3278 1781 3421 1850 quod

1854 1892 2010 1944 super
2048 1876 2137 1930 illa
2167 1874 2370 1931 Christi
2419 1874 2617 1929 virtute
2655 1871 3034 1937 ambulaverit,
3083 1871 3421 1926 conculcave-

1855 1971 2024 2040 ritque
2054 1969 2253 2022 leonem
2280 1977 2328 2022 et
2370 1966 2651 2020 draconem
2686 1965 2808 2029 ‘°“;
2860 1980 3101 2034 ususque
3131 1965 3349 2045 egregia
3389 1980 3421 2019 a

1854 2062 2076 2117 Christo
2124 2060 2252 2114 data
2298 2070 2551 2128 potestate
2589 2057 2832 2112 calcandi
2870 2074 3033 2126 supra
3074 2069 3335 2128 serpentes
3372 2070 3421 2112 et

1852 2153 2184 2222 scorpiones,
2238 2161 2285 2206 et
2334 2167 2493 2221 super
2542 2166 2742 2204 omnem
2791 2150 3040 2203 virtutem
3101 2148 3301 2203 inimici
3337 2148 3416 2213 ¹¹,

1854 2245 1999 2300 nulla
2030 2244 2099 2299 ab
2131 2244 2210 2302 eis
2247 2243 2442 2313 injuria
2476 2240 2705 2297 affectus
2734 2252 2848 2309 est,
2883 2239 3175 2311 ampliores
3206 2239 3424 2295 Daniele

1854 2336 2061 2409 gratias
2098 2345 2225 2406 agat
2254 2375 2270 2401 ,
2302 2349 2497 2405 nempe
2527 2333 2954 2390 terribilioribus
2984 2332 3421 2388 nocentioribus-

1854 2444 1958 2498 que
1986 2428 2183 2485 belluis
2231 2428 2515 2484 liberatus.
2548 2425 2814 2482 Praeterea
2855 2426 2947 2496 qui
2986 2425 3091 2480 scit
3129 2424 3282 2496 cujus
3312 2424 3419 2479 ceti

1855 2524 2035 2594 imago
2082 2523 2158 2578 sit
2202 2522 2295 2577 ille
2323 2522 2415 2592 qui
2476 2520 2671 2577 Jonam
2724 2519 3011 2590 deglutiit,
3055 2518 3421 2588 iutelligitque

1853 2612 1999 2669 illius
2028 2629 2149 2669 esse
2178 2615 2246 2668 de
2277 2612 2508 2682 quo'Job
2541 2612 2656 2668 ait:
2686 2612 2972 2667 Maledicat
3005 2611 3053 2665 ei
3079 2648 3095 2676 ,
3132 2614 3223 2680 qui
3250 2610 3418 2664 maie—

1856 2706 1987 2760 dicit
2018 2705 2158 2759 diem
2191 2703 2377 2771 illam,
2409 2704 2498 2775 qui
2525 2704 2675 2757 habet
2734 2717 2983 2771 magnum
3030 2708 3199 2754 cetum
3239 2699 3420 2769 oppri-

1852 2816 1991 2854 mere
2023 2801 2104 2867 ";
2144 2799 2189 2853 is
2238 2798 2282 2853 si
2329 2812 2441 2869 quo
2490 2793 2824 2851 inﬁdelitatis
2869 2792 3018 2862 lapsu
3070 2795 3122 2847 in
3168 2803 3417 2848 ventrem

1851 2889 1957 2947 ceti
1991 2890 2340 2960 pervenerit,
2372 2888 2640 2957 paenitens
2670 2894 2821 2954 oret,
2857 2893 2910 2940 et
2939 2884 3061 2939 inde
3088 2885 3417 2956 egredietur,

1851 2997 2235 3055 egressusque,
2271 2981 2316 3036 si
2366 2981 2456 3037 Dei
2501 2979 2770 3035 mandatis
2814 2995 3010 3049 parere
3054 2987 3411 3049 perseveret,

1853 3076 2073 3146 poterit,
2101 3073 2263 3131 editis
2286 3073 2498 3128 favente
2518 3072 2717 3142 Spiritu
2736 3072 2900 3143 219
2915 3071 3229 3143 propheliis,
3251 3071 3413 3126 etlam

1855 3183 1998 3223 nunc
2034 3166 2392 3238 pereuntibus
2449 3162 2704 3218 Ninivius
2749 3163 2965 3219 occasio
3010 3161 3205 3218 salutis
3251 3175 3412 3228 esse;

1853 3275 2028 3330 neque
2058 3268 2235 3315 tamen
2270 3257 2569 3312 bonitatem
2603 3255 2696 3309 Dei
2738 3255 2962 3310 moleste
3002 3253 3174 3318 feret,
3207 3268 3306 3309 nec
3345 3252 3414 3307 il-

1851 3351 1961 3406 lum
2003 3349 2211 3420 optabit
2247 3347 2603 3404 exscindendi
2642 3345 2973 3401 voluntatem
3005 3344 3057 3399 in
3090 3343 3418 3413 pmuitentes
3513 3339 3517 3343 ’

1851 3444 2111 3500 retinere.
2145 3441 2301 3509 Quod
2334 3450 2515 3496 autem
2550 3440 2846 3495 maximum
2881 3452 2977 3510 per
3004 3438 3304 3492 orationem
3339 3434 3419 3491 l'e-

1851 3538 1993 3591 cisse
2029 3532 2245 3588 Samuel
2278 3532 2503 3597 dicitur,
2538 3530 2642 3586 hoc
2675 3545 2819 3584 nunc
2849 3528 3012 3585 etiam
3043 3536 3221 3598 potest
3248 3527 3415 3597 quili-

1851 3628 1944 3684 bet
1973 3620 2161 3683 eorum
2192 3628 2283 3695 qui
2318 3623 2429 3679 Deo
2459 3638 2588 3679 vere
2627 3622 2827 3678 addicti
2866 3630 3027 3686 sunt,
3063 3620 3417 3691 spiritualiter

1851 3722 2151 3793 perﬁcere,
2191 3720 2390 3791 quippe
2428 3718 2623 3788 dignus
2658 3715 2886 3772 eﬂ‘ectus
2922 3715 3013 3785 qui
3049 3715 3413 3779 exaudiatur;

1852 3814 2111 3885 scriptum
2145 3820 2229 3868 est
2256 3810 2400 3865 enim
2434 3826 2449 3863 :
2483 3806 2592 3864 Sed
2624 3816 2671 3861 et
2712 3821 2847 3859 nunc
2881 3812 3014 3858 state
3040 3812 3086 3857 et
3111 3802 3276 3858 videte
3301 3818 3419 3857 ver-

1853 3908 1974 3961 bum
2029 3919 2276 3975 magnum
2323 3902 2455 3967 hac,
2496 3899 2635 3972 quod
2675 3898 2929 3952 Dominus
2968 3894 3096 3963 facit
3143 3894 3199 3947 in
3249 3892 3419 3947 oculis

1853 4000 2056 4057 vestris.
2088 3997 2281 4052 Nonne
2314 3993 2493 4050 messis
2525 3993 2903 4063 frumentorum
2937 3986 3127 4043 hodie?
3154 3982 3415 4040 [avocabo

1852 4094 2138 4150 Dominum
2157 4131 2172 4156 ,
2201 4101 2249 4145 et
2278 4089 2423 4143 dabit
2448 4102 2597 4142 voces
2622 4095 2669 4139 et
2697 4084 2947 4155 pluviam.
2975 4081 3038 4135 Et
3061 4078 3221 4151 paulo
3251 4087 3371 4149 post
3397 4094 3412 4131 :

1852 4183 1921 4239 Et
1958 4182 2219 4239 invocavit
2248 4219 2264 4247 ,
2306 4179 2523 4249 inquit,
2567 4176 2784 4233 Samuel
2825 4174 3149 4236 Dominum;
3189 4180 3237 4225 et
3274 4168 3415 4223 dedit

1856 4275 2107 4332 Dominus
2158 4288 2306 4328 roces
2352 4279 2402 4325 et
2445 4269 2678 4339 pluviam
2724 4267 2780 4319 in
2811 4265 2896 4319 die
2928 4262 3021 4316 illa
3053 4262 3114 4317 ¹³.
3151 4260 3416 4318 Omnibus

1851 4369 1998 4427 enim
2036 4365 2243 4423 sanctis
2286 4361 2650 4435 legitimisque
2685 4355 2892 4428 Christi
2931 4353 3208 4423 discipulis
3245 4368 3274 4405 a
3311 4349 3418 4404 Do-

174 4444 546 4555 αρεστούμενδς
731 4444 1062 4552 χρηστδτητι
1098 4477 1191 4531 τοῦ
1221 4444 1376 4540 Θεοῦ,
1412 4444 1545 4546 μηδέ
1572 4444 1750 4545 ζητῶν

1858 4464 2004 4519 mino
2030 4459 2267 4517 dicitur:
2305 4454 2491 4511 Levate
2527 4451 2708 4507 oculos
2740 4458 2933 4504 vestros
2966 4457 3014 4502 et
3043 4445 3210 4501 videte
3241 4444 3416 4512 regio-

171 4577 425 4650 ἑπιμένειν
453 4578 630 4633 αὐτὸν
658 4574 809 4648 πρὸς
853 4571 980 4635 τοὺς
1015 4569 1403 4643 μετανοοῦντας
1433 4568 1500 4638 τῇ
1544 4567 1743 4620 ἀποτο-

175 4669 277 4742 μία.
293 4672 467 4744 Ὅπερ
490 4671 553 4724 δὲ
583 4669 858 4742 μέγιστον
878 4663 1230 4734 πεποιηκέναι
1255 4661 1469 4730 λέγεται
1497 4656 1748 4729 Σαμουὴλ

168 4760 242 4815 διὰ
261 4766 568 4837 προσευχῆς
586 4803 602 4827 ,
624 4760 799 4815 τοῦτο
818 4754 1200 4827 πνευματικῶς
1221 4752 1441 4807 δυνατόν
1459 4752 1604 4804 ἐστιν
1623 4750 1749 4804 ἔκα-

174 4873 277 4911 cto»
313 4860 421 4913 τῶν
459 4854 860 4927 ἀνακειμένων
889 4848 1123 4922 γνησίως
1145 4849 1224 4921 τῷ
1250 4846 1387 4920 Θεῷ,
1414 4846 1508 4901 καὶ
1523 4843 1617 4900 νῦν
1630 4846 1748 4898 ὲπι-

171 4947 509 5017 τελεῖν,ἆξιον
530 4947 634 5002 τοῦ
648 4942 1026 5000 ὲπακούεσθαι
1052 4936 1746 5011 γεγενημένον-γέγραπται

169 5040 261 5111 γάρ
280 5060 293 5072 ·
326 5044 441 5095 Καί
470 5057 541 5111 γε
560 5038 691 5094 νῦν
723 5032 914 5103 στῆτε
945 5031 1044 5085 καὶ
1075 5030 1225 5085 ἴδετε
1245 5026 1482 5096 τὸρἦα
1508 5024 1575 5078 τὸ
1596 5023 1748 5095 μέγα

1856 4570 1944 4609 nes
1986 4554 2113 4624 quia
2155 4549 2291 4605 alba:
2334 4556 2458 4601 sunt
2492 4544 2611 4613 jam
2657 4542 2728 4597 ad
2773 4557 3012 4597 messem.
3051 4536 3122 4592 Et
3150 4538 3239 4607 qui
3266 4535 3416 4590 metit

1853 4646 2143 4701 mercedem
2175 4640 2400 4709 accipit,
2449 4647 2497 4692 et
2532 4641 2811 4705 congregat
2862 4633 3093 4703 fructum
3138 4627 3198 4683 in
3248 4627 3413 4683 vitam

1853 4750 2103 4799 a'ternam
2136 4737 2203 4790 “.
2241 4734 2355 4790 Hoc
2392 4731 2555 4803 igitur
2589 4730 2783 4787 messis
2815 4738 3058 4798 tempore
3092 4738 3204 4780 rem
3244 4736 3412 4792 gran-

1854 4835 1974 4890 dem
2025 4829 2158 4884 iacit
2202 4824 2462 4882 Dominus
2516 4824 2570 4879 in
2613 4828 2909 4890 conspectu
2939 4830 3130 4873 eorum
3166 4813 3257 4884 qui
3292 4827 3441 4883 prow

1852 4925 2046 4997 phetas
2075 4920 2342 4976 audiunt:
2378 4917 2648 4972 clamante
2689 4913 2833 4968 enim
2877 4908 2943 4964 ad
2989 4906 3275 4962 Dominum
3322 4903 3415 4958 illo

1855 4995 1948 5086 qui
2002 5011 2226 5085 Spiritui
2281 5016 2471 5065 sancto
2519 5006 2788 5069 adhaeret,
2827 5004 2921 5057 dat
2965 4998 3108 5053 Deus
3159 4997 3226 5052 de
3275 4995 3415 5052 coelo

230 5200 289 5231 ‘“
314 5200 465 5257 Psal.
494 5194 818 5262 Lxxttt,t9.
896 5192 985 5224 ’°“
1012 5190 1151 5246 Psal.
1174 5207 1258 5253 xc,
1286 5188 1371 5243 15.
1449 5190 1490 5219 ¹¹
1523 5186 1654 5245 Luc.
1685 5200 1739 5248 x,
1767 5178 1855 5237 l9.
1925 5176 1967 5210 ¹¹
1996 5174 2095 5231 Job
2123 5187 2204 5237 tn,
2233 5170 2287 5226 8.
2350 5167 2427 5222 ¹⁸Ι
2449 5166 2581 5237 Reg.
2603 5179 2701 5231 xu,
2720 5162 2809 5219 10.
2873 5161 2917 5194 ⁸⁸
2936 5160 3187 5222 Joan.tv,
3206 5156 3295 5221 35,
3321 5154 3410 5213 56.

228 5318 330 5395 (25)
347 5313 875 5395 ᾃΠροκρινομένῳν
906 5309 1061 5395 τῶνα,
1088 5320 1192 5395 (διεζ
1243 5309 1488 5395 B'en‘tlei'o
1504 5305 1745 5395 sgrihen-

167 5376 277 5460 dum
311 5376 557 5451 (ίίύέιιιῐτ,
591 5376 972 5457 προκρίνομεν
1006 5378 1096 5460 οὖν
1140 5381 1231 5435 τὸν
1267 5378 1376 5460 όιπὺ
1402 5378 1499 5458 τῆς
1529 5376 1740 5460 αναγωῖ

166 5458 255 5529 γῆς
282 5444 429 5533 μετᾶ
448 5444 771 5528 ἐξετάσεως
800 5444 1195 5525 παριστάμενον
1223 5450 1348 5505 νοῦν
1371 5444 1489 5518 τῆς,
1512 5457 1614 5501 etc.
1640 5444 1743 5498 Sed

166 5532 360 5586 codicis
396 5528 782 5592 manuscripti
820 5525 982 5579 lectio
1016 5524 1142 5577 ferri
1170 5530 1370 5592 potest.
1499 5584 1511 5592 _
1660 5583 1672 5592 _

227 5542 360 5586 dicis
396 5542 782 5595 manuscrtpu
821 5542 982 5579 Iecuo
1016 5542 1142 5577 terrt
1170 5542 1370 5592 putest.

227 5602 334 5674 (35)
365 5606 442 5658 Ἦ
474 5601 764 5675 στείρας.
807 5594 971 5675 Forte
1009 5593 1307 5661 legendum,
1335 5590 1370 5662 ἢ
1399 5584 1613 5658 στείραν
1644 5583 1744 5653 ψυ-

163 5664 273 5739 χήν.
300 5664 375 5727 uti
417 5664 654 5740 coniicit
713 5664 1011 5740 Bentleius.

228 5722 1006 5813 (ΞῚῙ-’άᾶἶσέῗευματικοῖᾳ
1057 5732 1239 5788 Mallet
1286 5727 1578 5793 Bentleius,
1612 5722 1744 5791 ὡσεὶ

164 5816 578 5883 πνευματικοῖς.

560 5905 865 5965 Pis-rnatu
912 5893 1025 5955 Gl.
1067 5893 1179 5954 XI.
1251 5906 1259 5915 '

1922 5294 2032 5366 (28)
2057 5291 2238 5366 codex
2265 5302 2391 5355 ms.,
2415 5286 2851 5359 πεπειραμένων.
2896 5281 3041 5337 Edit.
3072 5279 3276 5345 Oxon.,
3317 5293 3413 5329 πε-

1849 5385 1917 5422 πε
1925 5363 2245 5489 ιὲασμένων.
2411 5427 2438 5439 _

1849 5507 1890 5519 ..
1915 5438 1945 5519 .t
1979 5434 2033 5505 υ)
2064 5420 3073 5519 Αῠτδεῑσετὲῖφίέπέξεέικέζξιξλ.¹ι³
3110 5418 3277 5476 md“
3307 5430 3406 5470 ιη’·

1849 5492 2038 5563 Editor
2070 5518 2198 5558 vero
2226 5500 2551 5555 Oxoniensis
2578 5492 2789 5556 omisit,
2820 5492 3000 5549 αὐτόν.

1920 5557 2029 5648 (30)
2061 5557 2587 5648 Ἰωνᾶν-ἐτιξτχαῖε.
2632 5565 2724 5648 Sic
2756 5567 2923 5620 codex
2963 5577 3065 5618 ms.
3107 5557 3287 5616 Editio
3317 5570 3415 5608 au-

1851 5637 1959 5703 tem
1989 5637 2331 5702 Oxoniensis,
2372 5637 2527 5694 Ἰωνᾶ
2556 5637 2865 5707 ὲντύγχανε.

1920 5690 2813 5803 ξδὕ’ῗᾷοέῖέῖἶιίελῄιξξλὲύσετᾶι;
2853 5704 3020 5762 editio
3062 5696 3263 5763 Oxon.,
3292 5690 3411 5761 ἐξια-

1846 5787 2121 5855 λεύσηται.

2978 5862 3053 5924 15
