3954 6414
519 287 631 351 459
1998 282 2318 341 ORlGENlS
3667 292 3768 348 mo

518 428 685 469 voces
728 410 1039 480 pluviasque
1089 409 1324 463 animam
1360 408 1683 476 irrigautes;
1722 417 1778 462 nt
1811 408 1902 477 qui
1941 409 2071 478 prin:

2195 406 2367 461 τοῦτο
2416 406 2448 460 ὃ
2497 409 2530 461 ό
2570 409 2782 476 Κύριος
2840 409 3001 464 ποιεῖ
3049 410 3176 463 κατ’
3206 411 3549 481 ὀφθαλμοὺς
3585 412 3766 481 ὑμῶν.

517 517 639 562 erat
682 507 733 559 in
771 517 1022 574 peccato,
1053 503 1238 556 timeat
1271 500 1422 555 valde
1453 501 1734 558 Dominum
1761 541 1776 567 ,
1813 500 2071 570 divinique

2188 499 2333 566 Οὐχὶ
2379 498 2656 568 θερισμὸς
2713 501 2904 568 πυροῦ
2969 501 3274 572 σήμερονς
3318 504 3769 575 Ἐπικαλέσομαι

518 596 826 652 ministrum
865 596 1104 650 beneﬁcii
1137 610 1294 664 quem
1319 595 1682 650 venerabilem
1709 602 1764 646 et
1798 604 2071 661 augustun‘

2189 592 2406 657 Κύριον
2436 591 2566 661 (52),
2586 592 2681 645 καὶ
2715 591 2892 646 δώσει
2919 594 3120 662 φωνὰς
3143 596 3240 648 καὶ
3267 598 3462 651 ὑετόν.
3491 594 3622 650 Εἶτα
3658 601 3771 670 μετ’

516 692 787 745 exauditae
819 688 934 754 eius
957 704 1142 756 preces
1168 691 1474 742 ostendunt.
1505 687 1646 740 Elias
1673 703 1888 757 quoque
1917 688 2071 740 tribu:

2188 684 2371 752 ὀλίγα·
2428 684 2536 736 Καὶ
2585 684 3029 750 ἐπεκαλέσατο,
3089 691 3254 758 φησι,
3312 689 3598 758 Σαμουὴλ
3658 691 3769 744 Κύ-

518 785 676 838 annis
705 793 755 838 et
783 798 875 837 sex
903 783 1175 836 mensibus
1205 785 1449 835 clausum
1482 781 1661 848 impiis
1682 780 1876 833 coelum
1907 779 2071 832 divint

2188 793 2320 844 ριον
2351 776 2482 847 (55),
2513 775 2611 829 καὶ
2649 776 2834 831 ἔδωκε
2872 781 3087 848 Κύριος
3114 780 3313 849 φωνὰς
3352 780 3452 834 καὶ
3492 780 3676 834 ὑετὸν⁸
3703 782 3768 834 ἐν

515 879 758 946 posthaec
787 877 962 944 aperit
991 876 1217 944 imperio
1248 894 1261 929 :
1294 876 1434 942 quod
1467 875 1688 944 quilibet
1727 887 1937 941 semper
1962 871 2061 925 iaci

2191 867 2266 938 τῇ
2296 869 2485 938 ’ἡμέρῃ
2527 869 2751 940 ἐκείνῃ.
2788 873 2958 925 Παντὶ
2986 874 3097 944 γὰρ
3139 874 3295 944 ἁγίῳ,
3343 877 3438 927 καὶ
3475 874 3554 946 τῷ
3599 874 3768 947 Ἰησοῦ

514 969 604 1037 qui
633 983 730 1036 per
759 968 1057 1022 orationem
1083 969 1282 1036 accipit
1308 968 1502 1021 anima:
1528 965 1761 1034 pluviam
1790 979 1907 1034 quae
1939 963 2071 1032 prius

2193 961 2430 1032 γνησίως
2461 961 2814 1032 μαθητεύοντι
2846 965 2950 1018 ὐπὸ
2969 965 3061 1018 τοῦ
3089 966 3290 1038 Κυρίου
3314 965 3558 1034 λέγεται·
3601 965 3772 1054 Ἐἰκά-

512 1059 829 1116 hominibus
860 1067 1083 1129 propter
1112 1068 1334 1128 peccata
1370 1059 1686 1128 negabatur.

2188 1070 2329 1120 ρατε
2362 1053 2502 1118 τοὺς
2551 1056 2894 1125 ὀφθαλμοὺς
2936 1056 3122 1126 ὑμῶν,
3175 1059 3273 1112 καὶ
3324 1057 3625 1114 θεάσασθε
3666 1053 3771 1126 τὰς

509 1152 722 1225 χώρας,
773 1153 858 1206 ὅτι
901 1153 1116 1206 λευκαί
1163 1155 1280 1207 εἱσι
1330 1151 1480 1220 πρὸς
1527 1150 1812 1220 θερισμὸν
1849 1149 1984 1217 ἢδη.
2054 1148 2116 1200 '0
2145 1145 2380 1216 θερίζων
2426 1149 2537 1218 (54)
2576 1149 2798 1220 μισθὸν
2843 1151 3130 1220 λαμϐάνει
3180 1154 3278 1206 καί
3344 1152 3598 1221 συνάγει
3634 1170 3771 1221 acap-

509 1244 626 1298 mir
650 1247 736 1311 είς
759 1243 911 1312 ζωὴν
932 1244 1187 1300 αἰώνιον.
1235 1245 1321 1298 Ἐν
1361 1245 1436 1316 τῷ
1464 1244 1638 1316 καιρῷ
1670 1244 1732 1315 δὴ
1773 1243 1946 1314 τούτῳ
1987 1243 2080 1295 τοῦ
2115 1240 2373 1316 θερισμοῦ
2439 1243 2578 1313 μέγα
2639 1244 2788 1314 ῥῆμα
2819 1245 2846 1296 6
2878 1245 3079 1317 Κύριος
3133 1249 3277 1299 ποιεῖ
3308 1247 3428 1300 κατ’
3459 1245 3769 1316 ὀφθαλμοὺς

506 1338 614 1392 τῶν
641 1337 945 1391 ἀκουόντων
976 1340 1102 1402 τοὺς
1137 1339 1452 1409 προφήταςο
1488 1335 1951 1405 ἐπικαλεσαμένου
2005 1334 2112 1405 γὰρ
2162 1332 2254 1386 τοῦ
2306 1335 2722 1406 κεκοσμημένοι)
2758 1337 2870 1410 (55)
2898 1338 2974 1408 τῷ
3010 1337 3150 1409 ἁγίῳ
3190 1339 3466 1409 Πνεύματι
3506 1339 3647 1411 πρὸς
3681 1336 3771 1390 τὸν

507 1430 710 1502 Κύριον
742 1469 756 1495 ,
811 1429 1023 1482 δίδωσιν
1071 1432 1099 1482 6
1140 1429 1272 1491 Θεὸς
1309 1427 1596 1499 οὐρανόθεν
1639 1426 1821 1496 φωνὰς
1870 1425 1964 1478 καὶ
2008 1425 2096 1476 τὸν
2146 1423 2429 1488 ποτίζοντα
2483 1426 2582 1496 τὴν
2623 1426 2798 1499 ψυχὴν
2861 1429 3047 1482 ὐετὸνο
3091 1431 3178 1483 ἵνα
3217 1433 3245 1484 6
3287 1433 3550 1504 πρότερον
3601 1433 3659 1483 ἐν
3704 1428 3768 1497 τῇ

507 1523 674 1593 κακία
701 1521 776 1574 ὢν
808 1520 1015 1592 φοϐηθῇ
1041 1520 1245 1592 σφόδρα
1264 1520 1354 1574 τὸν
1378 1519 1602 1590 Κύριον,
1649 1519 1741 1572 καὶ
1798 1519 1888 1572 τὸν
1945 1517 2224 1588 ὑπηρέτην
2275 1516 2376 1586 τῆς
2431 1517 2748 1590 εὐεργεσίας
2793 1520 2887 1574 τοῦ
2931 1521 3065 1576 Θεοῦ
3124 1523 3398 1596 αἰδέσιμον
3449 1523 3545 1578 καὶ
3612 1525 3771 1580 σεϐάο

508 1631 663 1688 σμιον
691 1615 754 1668 δι’
789 1609 862 1668 ὧν
895 1615 1219 1668 ἐπακούεται
1276 1611 1744 1684 πεφανερωμένον.
1778 1612 1888 1663 Καὶ
1936 1609 2121 1673 Ἠλίας
2153 1608 2208 1662 δὲ
2239 1610 2412 1681 τρισὶν
2454 1610 2596 1665 ἔτεσι
2651 1613 2745 1666 καὶ
2797 1613 2855 1679 ἒξ
2897 1615 3028 1686 μησὶ
3073 1617 3451 1688 κεκλεισμένον
3500 1619 3614 1681 τοῖς
3650 1619 3764 1671 ἀσε-

506 1713 624 1765 ϐέσι
670 1709 759 1762 τὸν
805 1707 1029 1780 οὐρανὸν
1066 1705 1196 1776 θείῳ
1245 1705 1387 1776 λόγῳ
1427 1705 1628 1772 ἀνοίγει
1657 1703 1907 1774 ὓστερον·
1941 1703 2078 1774 ὅπερ
2131 1702 2291 1755 παντί
2323 1720 2401 1772 τῳ
2437 1702 2546 1773 (56)
2607 1705 2960 1775 κατορθοῦται
3017 1707 3123 1774 ἀεὶ,
3171 1707 3260 1762 διὰ
3297 1709 3395 1779 τῆς
3437 1708 3608 1779 εὐχῆς
3635 1708 3768 1780 λαμ-

507 1807 720 1861 ϐάνοντι
744 1802 835 1854 τὸν
869 1801 1020 1854 ὐετὸν
1048 1800 1146 1870 τῆς
1172 1799 1368 1871 ψυχῆς,
1397 1799 1504 1852 τῶν
1534 1797 1622 1852 διὰ
1647 1797 1742 1869 τὴν
1771 1797 1880 1870 (57)
1913 1798 2184 1870 ἁμαρτίαν
2217 1797 2482 1869 πρότερον
2515 1798 2679 1852 αὐτοῦ
2705 1799 3102 1870 ἐστερημένων.

578 1895 663 1948 Η.
709 1893 838 1960 Qua)
873 1907 993 1946 cum
1023 1890 1175 1944 nobis
1223 1891 1466 1960 exposita
1517 1890 1628 1944 sint
1677 1890 1741 1943 de
1790 1889 2068 1944 beneficiis

2243 1888 2458 1942 Τούτων
2511 1889 2569 1942 δὲ
2617 1891 2747 1961 ἡμῖν
2792 1891 3234 1962 ἐρμηνευθέντων
3268 1894 3348 1955 είς
3391 1890 3491 1956 τὰς
3531 1891 3624 1946 διὰ
3659 1892 3771 1946 τῶν

505 2003 628 2058 quae
657 1987 825 2044 sancti
863 1999 958 2055 per
995 1985 1269 2039 orationes
1314 1991 1670 2052 acceperunt,
1716 1983 2079 2054 intelligemus

507 2079 638 2133 illud
669 2097 683 2133 :
725 2078 892 2133 Petite
924 2094 1115 2148 magna
1135 2118 1150 2142 ,
1179 2086 1225 2130 et
1258 2092 1420 2144 parva
1461 2075 1785 2143 adficientur
1815 2076 1956 2129 vobis
1977 2119 1991 2141 ,
2029 2083 2077 2128 et

511 2170 678 2238 petite
710 2167 966 2232 cmlestia,
997 2176 1046 2220 et
1092 2176 1296 2218 terrena
1330 2165 1595 2218 addentur
1633 2167 1772 2219 vobis
1811 2165 1875 2220 ".
1911 2165 2077 2236 Signa

506 2262 688 2315 omnia
725 2269 781 2314 et
818 2261 1105 2330 imagines,
1171 2273 1356 2312 eorum
1401 2272 1520 2327 qua:
1558 2272 1686 2312 vera
1723 2266 1854 2312 sunt
1879 2266 1934 2313 et
1963 2257 2078 2328 spi-

507 2353 722 2408 ritualia
757 2352 1184 2421 comparatione,
1219 2365 1385 2422 parva
1415 2358 1545 2404 sunt
1573 2361 1626 2404 et
1661 2359 1875 2404 terrena
1900 2369 1912 2403 :
1936 2350 2078 2402 unde

520 2446 908 2501 convenienter
960 2443 1053 2498 Dei
1112 2444 1346 2500 Verbum
1388 2459 1508 2497 cum
1549 2457 1648 2498 nos
1684 2443 1748 2496 ad
1790 2442 2077 2496 imitandas

507 2547 822 2594 sanctorum
863 2538 1140 2592 orationes
1167 2535 1514 2596 adhortatur.
1544 2544 1603 2588 ut
1631 2545 1878 2602 petamus
1913 2533 1967 2587 in
1997 2532 2076 2587 rei

504 2631 735 2685 veritate
763 2643 883 2698 qua:
911 2628 986 2682 illi
1018 2627 1071 2682 in
1108 2628 1298 2698 figuris
1335 2636 1542 2680 tantum
1575 2627 2074 2694 consequebantur,

504 2721 749 2778 calestia
785 2721 920 2776 dicit
945 2729 1000 2776 et
1029 2735 1220 2790 magna
1254 2719 1578 2774 adumbrata
1603 2733 1698 2788 per
1719 2727 1964 2796 terrenas
1990 2732 2078 2772 res

503 2823 558 2869 et
590 2815 851 2884 exiguas;
891 2813 1043 2884 quasi
1081 2813 1284 2868 diceret
1311 2835 1324 2866 :
1358 2810 1469 2866 Vos
1497 2811 1590 2882 qui
1621 2809 1930 2881 spirituales
1959 2823 2078 2864 esse

505 2907 706 2970 vultis,
741 2903 989 2961 cmlestia
1026 2919 1122 2974 per
1153 2905 1432 2959 orationes
1466 2904 1663 2971 petite,
1696 2911 1756 2956 ut
1784 2916 1846 2956 ea
1878 2915 2074 2956 conse-

504 2999 652 3063 cuti,
687 2997 848 3051 veluti
894 2996 1147 3051 caelestes
1179 3036 1193 3062 ,
1232 2995 1378 3065 regni
1417 2994 1683 3050 ccelorum
1719 2993 1963 3048 haeredes
1997 2992 2076 3047 si-

505 3095 605 3155 tis,
635 3101 689 3145 et
724 3101 782 3144 ut
815 3090 1033 3159 magni,
1067 3087 1222 3142 bonis
1248 3086 1502 3141 fruamini
1539 3085 1828 3151 maximis;
1862 3095 2076 3139 terrena

503 3193 681 3239 autem
713 3194 763 3239 et
790 3198 952 3252 parva
978 3181 1141 3250 220
1167 3179 1362 3250 quibus
1392 3177 1458 3232 ad
1490 3177 1796 3231 necessaria
1831 3178 2077 3245 corporis

502 3292 641 3348 opus
676 3275 916 3337 habetis,
949 3287 1046 3341 pro
1089 3269 1394 3338 indigentiae
1440 3267 1600 3322 modo
1640 3267 1880 3336 prmbeat
1913 3268 2066 3322 vobis
2098 3253 2140 3311 C

503 3369 685 3424 Pater.
710 3366 844 3420 Cum
873 3377 1052 3420 autem
1086 3364 1226 3432 apud
1254 3361 1567 3430 Apostolum
1595 3368 1826 3428 quatuor
1854 3359 2073 3414 nomina

505 3463 574 3516 de
627 3468 861 3530 quatuor
915 3457 1077 3512 rebus
1118 3471 1240 3526 qua:
1288 3455 1414 3510 huic
1449 3451 1516 3506 de
1546 3451 1799 3506 oratione
1829 3453 2069 3505 sermoni

504 3563 631 3610 sunt
681 3551 865 3605 amnes
899 3591 914 3615 ,
971 3553 1022 3604 in
1073 3548 1246 3618 prima
1303 3547 1370 3599 ad
1425 3545 1772 3600 Timotheum
1831 3541 2070 3611 Epistula

507 3648 710 3715 scripta
737 3643 874 3707 sint;
895 3641 1024 3696 utile
1053 3639 1361 3708 erit,ipsins
1381 3643 1533 3691 textu
1566 3634 1868 3707 proposito,
1897 3635 2072 3704 quod-

504 3739 637 3794 libet
666 3734 732 3792 ex
779 3736 886 3789 illis
930 3742 1162 3802 quatuor
1205 3729 1391 3784 videre
1418 3768 1432 3792 ,
1481 3743 1545 3781 au
1593 3734 1741 3782 recte
1783 3725 2069 3795 percipere

504 3832 780 3904 possimus
810 3828 1082 3896 quomodo
1113 3823 1326 3894 proprie
1355 3821 1716 3890 intelligatur.
1764 3818 1858 3873 Sic
1885 3826 2066 3872 autem

504 3925 580 3978 ait
607 3942 621 3978 :
652 3921 879 3976 Obsecro
911 3920 1072 3988 igitur
1099 3920 1323 3986 primum
1357 3912 1584 3969 omnium
1612 3911 1728 3978 ﬁeri
1757 3909 2068 3964 obsecratio-

507 4033 630 4082 ncs,
675 4014 974 4076 orationes,
1003 4010 1440 4080 postulationes,
1488 4007 1784 4076 gratiarum
1834 4004 2067 4058 actiones

503 4125 599 4178 pro
630 4105 866 4159 omnibus
899 4103 1192 4156 hominibus
1229 4101 1295 4165 “,
1327 4109 1383 4155 ct
1417 4098 1645 4166 reliqua.
1681 4095 1932 4151 Arbitror
1961 4095 2067 4148 ita-

504 4215 612 4271 que
643 4198 1079 4253 obsecrationem
1112 4209 1232 4250 esse
1264 4193 1494 4248 emissas
1534 4192 1601 4245 ab
1637 4190 1817 4258 aliquo
1857 4187 2066 4258 suppli-

508 4295 648 4346 citer
691 4303 910 4359 preces,
941 4297 999 4341 ut
1049 4287 1098 4341 id
1131 4301 1236 4355 quo
1268 4285 1469 4354 indiget
1506 4292 1911 4353 consequatur;
1947 4298 2074 4337 ora-

503 4385 708 4440 tionem
739 4397 858 4437 csse
890 4395 1048 4450 quam
1082 4380 1202 4449 quis
1231 4379 1295 4433 de
1327 4375 1624 4445 majoribus
1660 4377 1818 4431 rebus
1843 4375 2067 4432 elatiore

574 4541 618 4574 ¹⁸
648 4540 835 4595 Matth.
867 4556 939 4604 vr,
971 4539 1059 4593 55.
1137 4540 1179 4570 ⁸⁸
1208 4541 1229 4592 1
1263 4537 1403 4592 Tim.
1443 4552 1502 4603 ιι,
1539 4537 1592 4591 1.

2184 1981 2500 2054 προσευχῶν
2532 1983 2902 2054 γεγενημένας
2932 1986 3043 2047 τοῖς
3084 1983 3258 2053 ἁγίοις
3293 1986 3636 2057 εὐεργεσίας,
3669 2001 3767 2038 κα-

2180 2077 2534 2146 τανοήσωμεν
2560 2075 2670 2146 (58)
2707 2076 2784 2129 τό’
2819 2076 3043 2130 Αἰτεῖτε
3079 2075 3151 2129 τὰ
3183 2076 3410 2146 μεγάλα
3443 2077 3543 2131 καὶ
3576 2080 3648 2131 τὰ
3665 2096 3758 2148 μιο

2181 2167 2295 2236 κρὰ
2315 2169 2454 2237 ὑμῖν
2467 2169 2934 2236 προστεθήσεται
2954 2187 2968 2202 ·
2994 2171 3088 2223 καὶ
3102 2170 3311 2224 αἰτεῖτε
3328 2172 3397 2224 τὰ
3414 2171 3766 2239 ἐπουράνια,

2181 2259 2281 2313 καὶ
2307 2259 2378 2312 τὰ
2398 2259 2625 2329 ἐπίγεια
2649 2260 2788 2329 ὑμῖν
2812 2261 3298 2328 προστεθήσεται.
3315 2263 3499 2316 Πάντα
3523 2281 3583 2315 τε
3604 2263 3762 2336 (58’)⁹

2180 2349 2249 2403 τὰ
2279 2350 2583 2421 συμϐολικὰ
2625 2351 2717 2404 καὶ
2750 2351 2974 2416 τυπικὰ,
3029 2353 3306 2426 συγκρίσει
3341 2354 3449 2408 τῶν
3492 2355 3766 2426 ἀληθινῶν

2182 2445 2278 2496 καὶ
2324 2443 2550 2514 νοητῶν,
2591 2443 2763 2514 μικρά
2817 2445 2932 2497 ἐστι
2991 2446 3084 2498 καὶ
3138 2445 3380 2513 ἐπίγεια·
3442 2447 3538 2499 καὶ
3595 2447 3763 2512 εἰκὸς,

2181 2533 2262 2586 ὄτι
2289 2532 2396 2604 (59)
2437 2536 2465 2586 6
2513 2533 2655 2597 θεῖος
2703 2535 2848 2604 ἡμᾶς
2884 2534 3045 2602 λόγος
3085 2534 3526 2606 προκαλούμενος
3574 2537 3668 2588 ἐπὶ
3705 2536 3766 2588 τὸ

2183 2622 2473 2694 μιμεῖσθαι
2514 2622 2612 2686 τὰς
2643 2622 2750 2676 τῶν
2785 2623 2951 2692 ἁγίων
2993 2623 3176 2693 εὐχὰς,
3210 2625 3276 2679 ἵν’
3318 2625 3559 2695 αἰτῶμεν
3592 2625 3763 2690 αὐτὰς

2180 2715 2318 2769 κατὰ
2329 2715 2388 2768 τὸ
2403 2716 2596 2785 ἀληθὲς
2612 2709 2686 2769 ὧν
2702 2717 2896 2769 ἐκεῖνοι
2911 2717 3192 2770 ἐπετέλουν
3207 2718 3450 2770 τυπικῶν
3469 2719 3606 2788 (40),
3628 2719 3766 2789 φησὶ

2178 2807 2247 2860 τὰ
2258 2809 2550 2880 ἐπουράνια
2563 2809 2656 2862 καὶ
2678 2807 2884 2878 μεγάλα
2896 2808 3234 2880 δεδηλωμένα
3247 2809 3334 2862 διὰ
3353 2808 3460 2862 τῶν
3479 2826 3545 2862 πε
3555 2810 3608 2879 ρί
3624 2810 3761 2877 (40')

2179 2899 2436 2968 ἐπιγείων
2491 2899 2585 2952 καὶ
2633 2899 2841 2970 μικρῶν
2889 2902 3248 2970 πραγμάτων,
3291 2899 3465 2968 λέγων
3491 2916 3506 2930 ·
3571 2899 3762 2970 Ὑμεῖς

2180 2992 2230 3046 οἱ
2261 2992 2614 3062 πνευματικοὶ
2635 2986 2773 3044 εἶναι
2805 2990 3110 3062 βουλόμενοι
3131 2990 3220 3044 διὰ
3246 2991 3354 3044 τῶν
3385 2991 3498 3062 (41)
3529 3009 3762 3063 προσευ-

2179 3082 2289 3154 χῶν
2305 3084 2584 3154 αίτήσατε,
2609 3084 2674 3136 ἵν’
2692 3083 2870 3137 αὐτῶν
2892 3085 3162 3155 τυχόντες,
3178 3084 3252 3146 ὡς
3271 3085 3586 3155 ἐπουράνιοι
3615 3083 3756 3156 (42),

2181 3175 2457 3246 βασιλείαν
2487 3174 2730 3247 οὐρανῶν
2761 3175 3224 3248 κληρονομήσητε,
3261 3179 3350 3229 καὶ
3376 3177 3453 3241 ὡς
3500 3178 3756 3247 μεγάλων

2179 3265 2288 3319 τῶν
2336 3267 2606 3338 μεγίστων
2637 3267 2853 3336 ἀγαθῶν
2901 3266 3267 3340 ἁπολαύσητε·
3316 3267 3385 3321 τὰ
3429 3269 3490 3322 δὲ
3538 3269 3757 3337 ἐπίγεια

2181 3360 2273 3412 καὶ
2307 3358 2476 3430 μικρὰ
2510 3352 2585 3411 ὧν
2613 3357 2701 3411 διὰ
2739 3359 2836 3422 τὰς
2867 3360 3183 3431 σωματικὰς
3221 3361 3466 3429 ἀνάγκας
3496 3361 3752 3431 χρῄζετε,

2183 3452 2362 3522 μέτρῳ
2393 3451 2488 3504 τοῦ
2525 3451 2739 3514 δέοντος
2780 3453 3150 3524 ἐπιχορηγήσῃ
3179 3453 3285 3522 (45)
3317 3454 3446 3523 ὑμῖν
3476 3455 3504 3506 ὁ
3540 3454 3752 3526 Πατήρ.

2189 3544 2341 3597 Ἐπεὶ
2369 3543 2426 3596 δὲ
2460 3543 2611 3615 παρὰ
2641 3542 3035 3616 τῷἈποστόλῳ
3062 3545 3298 3618 τέσσαρα
3329 3547 3572 3617 ὀνόματα
3612 3547 3753 3602 κατὰ

2175 3633 2458 3705 τεσσάρων
2509 3635 2844 3706 πραγμάτων
2872 3634 3224 3703 γειτνιώντων
3250 3635 3326 3709 τῷ
3358 3638 3488 3707 περὶ
3519 3638 3620 3709 τῆς
3663 3637 3754 3690 εὐ-

2174 3729 2274 3800 χῆς
2317 3727 2461 3798 λόγῳ
2516 3730 2572 3782 ἐν
2611 3731 2676 3800 τῇ
2727 3728 2969 3800 προτέρᾳ
3014 3729 3146 3801 πρὸς
3188 3731 3450 3800 Τιμόθεον
3507 3732 3748 3803 εἴρηται,

2173 3820 2438 3890 χρήσιμον
2464 3817 2636 3883 ἔσται,
2671 3817 3046 3888 παραθέμενον
3085 3816 3246 3870 αὐτοῦ
3290 3817 3387 3888 τὴν
3421 3818 3590 3885 λέξιν,
3622 3819 3750 3871 ἰδεῖν

2171 3911 2400 3964 ἕκαστον
2443 3910 2551 3980 (44)
2611 3910 2717 3964 τῶν
2760 3912 3037 3982 τεσσάρων
3087 3911 3290 3980 κυρίως
3341 3909 3406 3963 ἂν
3458 3911 3746 3982 νοούμενον

2172 4003 2492 4074 ἐκλάθοιμεν
2522 4004 2718 4068 καλῶς.
2752 4005 2911 4074 Λέγει
2938 4005 2993 4058 δὲ
3016 4004 3187 4068 οὓτως
3206 4021 3220 4035 ⁸
3257 4004 3596 4073 Παρακαλῶ
3633 4001 3747 4059 οὖν

2171 4105 2408 4171 πρῶτον
2438 4105 2680 4159 πάντων
2725 4105 3016 4159 ποιεῖσθαι
3055 4104 3316 4172 δεήσεις,
3373 4105 3741 4175 προσευχὰς,

2167 4198 2486 4265 ἐντεύξεις,
2525 4199 2909 4268 εὐχαριστίας
2937 4197 3089 4267 ὑπὲρ
3123 4198 3364 4252 πάντων
3391 4199 3740 4266 ἀνθρώπων,

2171 4287 2263 4342 καὶ
2302 4287 2369 4341 τὰ
2403 4287 2546 4360 ἑξῆς.
2602 4287 2866 4359 Ἠγοῦμαι
2896 4288 3071 4341 τοίνυν
3103 4289 3285 4359 δέησιν
3331 4288 3430 4358 μὲν
3465 4285 3602 4341 εἶναι
3643 4290 3742 4358 τὴν

2173 4377 2507 4444 ἐλλείποντάς
2533 4396 2634 4434 τινι
2677 4379 2784 4450 (45)
2819 4378 2934 4450 μεθ’
2983 4378 3187 4442 ἱκεσίας
3226 4379 3354 4449 περὶ
3393 4377 3488 4432 τοῦ
3533 4378 3740 4434 ἐκείνου

571 4656 684 4730 (3%.)
712 4656 894 4730 Codex
926 4673 1049 4721 ms.,
1075 4655 1296 4730 Κύριον,
1330 4652 1692 4730 ειιίιχοιιοιιη
1724 4651 1815 4704 τὸν
1841 4649 2062 4730 Ιςύριρν.

2245 4649 2478 4723 (59)Κιιὶ
2499 4614 2681 4717 εἰκὸς,
2713 4651 2821 4705 ὅτι.
2848 4651 3002 4719 Legit
3020 4651 3731 4715 Βειιιῐθῑιιε,κα“ιείκὸς·ὅτε.

554 4721 683 4800 (33)
712 4729 892 4784 Codex
921 4745 1049 4794 ms.,
1089 4721 1309 4798 Κύριον.
1339 4725 1518 4779 Editio
1561 4725 1759 4790 Oxum,
1791 4721 2064 4792 πρὸςΚύ-

505 4815 687 4966 ἷιῖξὶι)
715 4869 892 4925 Codex
934 4870 1114 4935 ms.,6
1144 4866 1390 4941 θερίζων.
1441 4863 1618 4920 Editio
1657 4863 1854 4926 Oxon.,
1901 4862 1993 4916 καὶ
2034 4863 2062 4914 ὁ

503 4941 749 5013 θερίζων.

574 5011 685 5081 (55)
735 5007 1213 5079 Κεκοσμημένου.
1261 5008 1536 5065 Bentleius
1576 5005 1733 5074 legit,
1802 5002 2058 5074 κεκολλη-

503 5081 691 5156 μένρι),
722 5093 780 5156 ιιι.
864 5084 989 5136 Cor.
1016 5097 1088 5146 Vl,
1120 5082 1205 5133 17.

573 5144 686 5221 (56)
727 5153 905 5206 Codex
949 5144 1267 5214 ms.'recte,
1310 5147 1469 5202 παντί
1511 5162 1617 5218 np;
1663 5144 1827 5202 editio
1881 5155 2057 5200 autem

503 5223 702 5301 οκρτιτν
720 5222 812 5301 :9"
835 5222 1015 5301 πεινςί-

2243 4742 2564 4816 (ΛΟ)Αὐτὰς
2607 4745 2756 4798 κατὰ
2792 4742 2857 4796 τὸ
2889 4742 3129 4816 ἀληθὲς,
3161 4738 3247 4797 ὧν
3280 4743 3498 4816 ἐκεῖνοι
3533 4745 3732 4816 suae

2167 4814 2320 4870 λοιιν
2344 4816 2622 4870 τυπικῶν.
2663 4816 2806 4881 Lego
2855 4815 3268 4870 cumBeutleio:
3293 4814 3458 4868 Αὐτοὶ
3501 4815 3732 4874 κατᾶγπὸ

2166 4887 2363 4957 ἀληθὲς
2397 4881 2470 4940 ὧν
2504 4887 2698 4939 ἐκεῖνοι
2730 4885 2987 4956 ἐπέτυχον
3016 4884 3274 4948 τυπικῶς.

2231 4978 2363 5050 (40⁸)
2381 4978 2699 5047 Prurpnsitio
2710 4977 2834 5046 περί
2851 4976 3051 5031 rectius
3063 4975 3424 5030 omitteretur.
3443 4976 3542 5030 En.
3558 4976 3660 5029 Pu
3675 4989 3725 5028 ει.

2234 5075 2346 5146 (41)
2378 5072 2738 5142 Βουλόμενὸι
2763 5071 2860 5146 διὰ
2881 5069 3016 5146 τῶν,
3038 5079 3143 5146 etc.
3172 5070 3726 5139 LegocumBentleio,

2165 5139 2493 5217 βουλόμενοι,
2521 5139 2863 5214 πνευματικὰ
2887 5141 2975 5194 διὰ
3005 5139 3131 5204 τῶν,
3162 5151 3267 5195 etc.

2234 5239 2343 5311 (42)
2381 5235 2852 5311 Ὠςγέπουριὶνιομ
2893 5233 3164 5311 Bentleius
3185 5232 3341 5311 legit,
3383 5231 3468 5311 ῶς.
3492 5231 3727 5300 ἐπουρα-

571 5280 842 5363 (57)’Τῶν
867 5293 964 5344 διὰ
1000 5289 1133 5364 τήν,
1169 5299 1274 5364 eleg.
1317 5288 1496 5364 uallet
1527 5280 1819 5364 Bentleius,
1843 5286 1933 5340 τὸν
1972 5286 2061 5340 διὰ

2188 5280 2602 5363 ’ἰῶν.Ι[)οιῖιὶιιιιε
2639 5280 2895 5362 Claudius
2926 5305 3116 5364 Henry
3147 5280 3275 5357 uihii
3321 5280 3428 5354 huc
3456 5302 3572 5353 lucu
3605 5280 3725 5349 ιιίιι-

497 5359 896 5438 τὴν-ἁμαρτίαν
923 5363 1181 5434 πρότερον
1205 5359 1377 5438 αὐτού.
1399 5360 1774 5438 ἐστερημένον..

571 5429 682 5505 (58)
706 5429 1205 5500 Κατανοήσωρεν.
1260 5429 1436 5505 Malim
1471 5444 1590 5482 cun.
1617 5429 1876 5505 Bentleio,
1902 5445 2058 5505 κατα-

495 5499 778 5576 νοήσομεν.
806 5505 1052 5576 Sequens
1074 5499 1258 5576 autem
1301 5501 1592 5576 Scriptura!
1624 5499 1770 5576 locus
1804 5502 1941 5550 l'nrte
1965 5501 2056 5553 de-

498 5567 744 5645 Sttmpius
764 5584 851 5627 est
885 5567 956 5645 ea
991 5571 1279 5645 Evangelia
1312 5571 1616 5645 apocrypho
1654 5567 2054 5645 Namnam-uin,

495 5646 578 5700 vel
623 5637 692 5700 ex
738 5643 1056 5710 interpolato
1113 5641 1348 5694 Matthzei
1393 5637 1604 5710 codice,
1663 5653 1786 5705 cap.
1835 5654 1917 5710 vi,
1960 5637 2050 5690 25.

497 5715 627 5771 Vide
652 5723 807 5768 notas
837 5707 902 5766 a'd
927 5712 1020 5768 lib.
1049 5727 1118 5764 vn
1157 5710 1350 5764 Contra
1376 5708 1601 5770 Celsum,
1635 5724 1788 5761 unm.
1820 5707 1909 5760 44.

561 5785 694 5858 (58')
713 5783 1020 5855 Legendum
1042 5781 1217 5838 πάντα
1245 5797 1332 5851 γε,
1365 5780 1468 5846 vel,
1493 5779 1666 5833 πάντα
1681 5777 1756 5834 δέ.
1775 5780 1866 5832 En.
1885 5777 2054 5834 Pun.

2159 5639 2207 5689 εί
2231 5631 2458 5707 ἕκαστον
2489 5631 2596 5707 τῶν
2621 5634 2900 5707 τεσσάρων
2930 5649 2965 5684 κ

2162 5392 2258 5446 tat,
2299 5381 2390 5434 sed
2435 5379 2573 5432 infra
2599 5393 2696 5448 pro
2736 5376 2811 5440 ὼς
2840 5363 3343 5447 μεγάλωνἸθςιιῠιιι,
3367 5372 3444 5435 ῶς
3479 5368 3722 5442 μεγάλοι.

2230 5471 2342 5544 (45)
2381 5469 2834 5539 Ἐπιχορηγήσῃ.
2847 5469 2996 5542 Legit
3011 5466 3298 5531 Bentleius,
3312 5463 3717 5537 ἐπιχορηγήσει.

2233 5565 2344 5633 (Η)
2380 5563 2553 5633 Ἰδεῖν,
2570 5565 2621 5615 εὶ
2653 5563 2931 5625 ἕκαστον,
2967 5568 3071 5633 etc.
3095 5558 3249 5633 Legit
3273 5555 3573 5633 Bentleius,
3593 5555 3724 5610 ἰδεῖν

2967 5630 3132 5699 υρίως
3159 5629 3337 5683 ὲννοού
3347 5644 3524 5699 μενον.

2234 5647 2458 5692 ἕκαστον
2489 5650 2596 5686 των
2621 5647 2900 5707 τεσσαρων
2930 5647 3132 5758 κυριως
3159 5647 3524 5699 εννοουμενον.

2234 5707 2343 5777 (45)
2387 5704 2802 5770 Ἑλλείποντός
2833 5720 2966 5758 τινι.
3041 5703 3148 5772 egit
3192 5700 3354 5766 idem,
3389 5693 3729 5768 ἐλλείπονύς

2163 5794 2321 5842 τινος.
