3868 6512
115 365 190 418 l‘il
1239 371 1574 428 LIBELLUS
1607 371 1694 428 DE
1729 372 2100 430 ORATIONE.

3229 367 3341 426 1ΰὲ

114 482 265 550 τυχεῖν
293 480 754 555 ἀνατημπομένην
787 486 953 558 εὐχήν
971 504 982 517 ·
1013 486 1110 559 τὴν
1142 486 1196 540 δὲ
1225 488 1528 561 προσευχὴν
1556 489 1653 560 τὴν

1768 491 1938 545 animo
1975 491 2142 545 Deum
2182 490 2536 561 gloriﬁcantia
2592 489 2791 545 emittit
2824 506 2838 554 ;
2882 487 3338 557 postulationem,

114 575 228 647 μετὰ
245 573 541 642 δοξολογίας
565 577 690 648 περὶ
715 576 975 648 μειζόνων
1001 580 1503 654 μεγαλοφυέστερον
1529 582 1658 634 ἀνα-

114 667 436 738 πμπομὲνην
473 668 579 721 ὑπό
610 685 700 721 του
726 667 835 738 (16)
858 688 871 700 ·
907 671 1142 736 ἔντευξιν
1175 672 1229 725 δὲ
1259 673 1355 744 τὴν
1383 673 1487 726 ὑπὸ
1521 676 1660 745 παρ·

114 759 278 829 ρησίαν
304 759 422 812 τινὰ
456 759 676 813 πλείονα
705 760 919 831 ἔχοντος
946 763 1072 836 περί
1095 783 1254 817 τινων
1276 765 1499 830 ἀξίωσιν
1525 765 1660 836 πρὸς

111 856 236 908 Θεό-ι·
253 855 596 927 εὐχαριστίαν
611 856 688 922 δὲ,
707 858 802 930 τὴν
825 858 916 910 ἐπὶ
934 858 1008 929 τῷ
1025 859 1303 928 τετνχὲναι
1322 858 1538 928 ἀγαθῶν
1555 859 1663 911 ἀπὸ

112 948 226 1002 Θεοῦ
273 948 386 1019 μετ’
418 950 612 1021 εὐχῶν
647 950 1086 1022 ἀνθομολόγησιν,
1119 951 1540 1023 ἀπειλημμένου
1566 953 1660 1006 τοῦ

112 1041 618 1112 ἀνθομολογουμένου
655 1043 749 1097 τοῦ
787 1044 1048 1116 μεγέθους
1089 1044 1120 1116 ἦ
1164 1043 1240 1115 τῷ
1277 1045 1663 1117 εὐεργετηθέν-

111 1153 151 1187 τι
165 1134 260 1203 (17)
280 1134 538 1204 μεγέθους
552 1137 895 1207 φαινομένου,
915 1139 1010 1210 τῆς
1028 1139 1105 1201 εἰς
1120 1137 1278 1191 αὐτὸν
1293 1137 1663 1209 γεγενημένης

110 1227 414 1298 εὐεργεσίας.
446 1231 866 1302 Ῑῐαραδείγματα
898 1232 954 1284 δὲ
987 1231 1078 1286 τοῦ
1112 1233 1211 1304 μὲν
1246 1232 1457 1304 πρώτου
1492 1233 1519 1284 ὀ
1560 1234 1665 1284 Γα-

111 1320 246 1390 Spir}
266 1320 394 1390 πρὸς
415 1320 503 1372 τὸν
524 1322 799 1394 Ζαχαρίαν
828 1322 957 1394 περὶ
982 1321 1081 1393 τῆς
1110 1323 1384 1392 γενήσεως
1417 1321 1662 1374 Ἰωάννου

109 1412 172 1474 ὡς
191 1412 322 1474 εἰκὸς
348 1410 644 1484 εὐξάμενον
665 1413 818 1482 λόγος
839 1414 1012 1478 οὕτως
1031 1414 1185 1484 ἔχων·
1208 1414 1303 1481 Μὴ
1319 1413 1526 1484 φοϐοῦ,
1552 1417 1663 1466 Ζα-

109 1506 278 1574 χαρία,
303 1506 448 1558 διότι
469 1507 834 1575 εἰσηκούσθη
860 1511 894 1576 ἡ
921 1507 1124 1576 δέησίς
1154 1524 1286 1562 σου·
1316 1509 1412 1562 καὶ
1444 1509 1480 1575 ἡ
1508 1506 1663 1577 γυνή

109 1615 206 1650 σου
230 1599 538 1652 Ἐλισαϐὲτ
571 1601 849 1670 γεννήσει
872 1600 1006 1654 υἱόν
1025 1616 1144 1664 σοι,
1173 1601 1267 1654 καὶ
1292 1601 1570 1666 καλέσεις
1598 1599 1665 1653 τὸ

110 1690 268 1757 (rapa
298 1692 483 1745 αὑτοῦ
542 1692 858 1760 Ἰωάννην·
903 1695 997 1747 καὶ
1025 1695 1091 1748 τὰ
1132 1697 1279 1766 ἐντῇ
1336 1693 1544 1761 Ἐξόδῳ
1575 1694 1665 1747 ἐπὶ

108 1781 160 1848 τῇ
201 1781 521 1853 μοσχοποιία
566 1782 1031 1855 ἀναγεγραμμένα
1077 1785 1169 1838 τὸν
1202 1785 1403 1857 τρόπον
1453 1783 1658 1838 ’τοῦτον⁸

108 1871 196 1923 Kal
227 1871 437 1941 ἐδεήθη
467 1874 730 1942 Μωῠσῆς
762 1876 1076 1932 κατέναντι
1105 1879 1327 1948 Kvpt'ov
1367 1877 1474 1932 τοῦ
1510 1877 1658 1933 Θεοῦ

108 1965 186 2018 ul
213 1961 411 2018 εἶπεν·
451 1967 639 2021 Ἰνατί
672 1968 829 2039 θυμῇ
857 1970 964 2042 (48)
993 1969 1162 2041 ι’ργῇ,
1194 1971 1393 2040 Κύριε,
1432 1975 1520 2038 εἷς
1555 1971 1660 2025 τὸν

107 2058 234 2109 λαόν
277 2075 416 2122 σου,
469 2059 578 2126 οὓς
627 2060 917 2132 ἐξήγαγες
961 2065 1030 2116 ἐκ
1076 2062 1189 2132 γῆς
1239 2065 1539 2134 Αἰγύπτου
1590 2065 1660 2117 ἐν

110 2149 254 2215 ἰσχύϊ
284 2149 564 2218 μεγά.ιῃ;
593 2152 702 2204 Καὶ
737 2153 794 2205 ὲν
839 2154 1273 2222 Δευτερονομίῳ
1294 2170 1308 2183 ⁸
1338 2152 1447 2207 Kal
1493 2149 1659 2218 ἐδεή-

107 2242 198 2305 θην
221 2241 424 2297 ἔναντι
447 2242 668 2309 Κ-ιιρίου
692 2241 992 2311 δεύτερον,
1011 2244 1274 2313 καθάπερ
1299 2244 1396 2298 καὶ
1422 2243 1487 2296 τὸ
1519 2244 1660 2312 πρό-

107 2349 274 2400 τερον,
310 2335 762 2404 τεσσαράκοντα
817 2337 1040 2406 ἡμέρας
1073 2337 1170 2391 καὶ
1204 2337 1658 2406 τεσσαράκοντα

107 2428 316 2489 νύκτας,
344 2426 530 2494 ἄρτον
552 2429 663 2480 οὐκ
709 2427 936 2498 ἔφαγον
973 2429 1070 2483 καὶ
1105 2429 1257 2498 ὕδωρ
1301 2432 1412 2484 οὐκ
1465 2428 1656 2494 ἔπιον,

108 2517 214 2584 περὶ
251 2517 465 2570 πασῶν
512 2516 631 2570 τῶν
656 2517 954 2588 ἁμαρτιῶν
994 2519 1161 2589 ὑμῶν
1203 2514 1293 2572 ὦν
1342 2518 1653 2589 ἡμάρτετε.

108 2611 197 2662 Καὶ
230 2611 285 2662 ὲν
311 2612 377 2681 τῇ
423 2609 643 2678 Ἐσθήρ
661 2629 674 2639 ·
709 2610 1084 2680 Μαρδοχαῖος
1110 2609 1324 2680 ἐδεήθη
1355 2611 1459 2665 τοῦ
1488 2612 1655 2679 Θεοῦ,

101 2701 471 2769 μνημονεύων
493 2699 687 2753 πάντα
708 2701 776 2755 τὰ
801 2699 940 2771 ἔργα
966 2701 1071 2754 τοῦ
1105 2703 1346 2769 Kvplov,
1377 2700 1472 2754 καὶ
1497 2702 1654 2754 εἶπε·

107 2795 275 2860 Κύριε,
301 2794 475 2861 Κύριε
513 2793 768 2858 βασιλεῦ
811 2797 1253 2862 παντόκρατορ·
1297 2777 1394 2847 καὶ
1431 2794 1584 2863 αὑτὴ
1619 2796 1658 2864 ἠ

115 2886 306 2956 Ἐσθὴρ
325 2887 516 2941 ἐδεῖτο
534 2889 753 2956 Kvplov
775 2887 881 2940 τοῦ
910 2888 1056 2942 Θεοῦ
1089 2889 1355 2958 Ἰσραὴλ,
1381 2888 1478 2943 καὶ
1497 2885 1654 2942 εἴπεο

107 2981 256 3046 Κύριε
292 2984 323 3035 ὁ
351 2981 654 3047 ,ϐασιλεὺς
694 2981 880 3051 ἡμῶν.
923 2981 1026 3034 Τοῦ
1073 2981 1128 3035 δὲ
1170 2983 1425 3053 δευτέρου
1485 2984 1543 3035 ἐν
1583 2977 1659 3053 τῷ

107 3073 299 3139 Δανιὴλ
320 3091 332 3102 ·
361 3073 471 3127 Καὶ
489 3072 725 3138 συστὰς
752 3071 1012 3140 Ἀζῖιρίας
1038 3074 1420 3142 προσηύξατο
1448 3074 1656 3140 οὕτως·

109 3166 186 3217 ναὶ
215 3166 456 3232 ἀνοίξας
476 3165 541 3219 τὸ
572 3165 762 3236 στόμα
786 3166 972 3219 αὑτοῦ
992 3167 1062 3220 ἐν
1079 3167 1249 3237 μέσῳ
1275 3167 1483 3236 πυρὸς,
1507 3163 1655 3225 εἶπε.

109 3257 199 3309 Καὶ
233 3259 288 3310 ἐν
324 3257 402 3327 τῷ
431 3255 643 3323 Τωϐήτο
693 3257 800 3311 Καὶ
830 3258 1282 3328 προσηυξάμην
1289 3259 1416 3328 μετ’
1439 3259 1662 3329 ὀδύνης

108 3347 273 3416 λέγων·
307 3353 540 3414 Δίκαιος
570 3344 644 3409 εἷ,
674 3350 868 3416 Κύριε,
904 3349 1000 3402 καὶ
1037 3349 1233 3403 πάντα
1260 3350 1331 3403 τὰ
1353 3349 1494 3420 ἔργα
1520 3366 1658 3416 σου,

108 3437 270 3492 πᾶσαι
302 3442 358 3493 αὶ
398 3439 526 3492 ὁδοί
553 3455 670 3494 σου
711 3440 1092 3509 ἐλεημοσύνη
1129 3440 1225 3493 καὶ
1261 3441 1528 3508 ἀλήθεια,
1563 3442 1660 3497 καὶ

109 3532 285 3595 :pt'c'tr
307 3531 604 3598 ἀληθινὴν
654 3531 752 3585 καὶ
796 3531 1036 3585 δικαίαν
1054 3531 1135 3586 σὺ
1177 3535 1399 3602 κρίνεις
1434 3535 1543 3605 (49)
1573 3537 1661 3602 είς

109 3620 196 3672 τέι·
221 3621 416 3676 αἰῶνα.
478 3623 631 3675 Ἐπεὶ
668 3623 724 3676 δὲ
769 3625 830 3678 τὸ
867 3626 964 3696 μὲν
1007 3627 1065 3680 ὲν
1093 3625 1170 3696 τῷ
1229 3625 1453 3694 Δανιὴλ
1499 3626 1660 3698 ῥητὸν

109 3713 343 3767 ὠεέλισαν
375 3715 452 3778 ὡς
485 3714 560 3786 μὴ
592 3717 840 3788 κείμενον
864 3719 922 3770 ὲν
943 3717 1020 3789 τῷ
1061 3715 1352 3789 Ἐϐραῖκῷ,
1385 3719 1451 3787 τῇ
1485 3716 1540 3770 δὲ
1565 3717 1656 3770 τοῦ

114 3803 287 3870 Tui-hs
323 3805 487 3877 βίϐλῳ
521 3806 888 3876 ἀντιλέγουσιν
926 3807 975 3858 οἱ
1013 3808 1076 3859 ὲκ
1109 3806 1426 3878 περιτομῆς,
1464 3806 1538 3870 ὼς
1585 3806 1658 3879 μὴ

110 3894 399 3967 ἓνδιαθήκῳ,
441 3897 831 3968 παραθήσομαι
863 3901 927 3951 ὲκ
957 3897 1057 3968 τῆς
1086 3896 1311 3970 πρώτης
1335 3897 1444 3950 τῶν
1477 3901 1659 3952 Βασι-

109 3989 265 4042 ista}
304 3993 360 4046 τὸ
379 3993 482 4063 τῆς
505 3993 724 4060 ’Λννηςο
744 3991 852 4045 Kal
871 3990 1256 4059 προσηύξατο
1273 3990 1422 4058 πρὸς
1442 3991 1660 4058 Κύιριον

111 4083 192 4135 καὶ
235 4082 507 4153 κλαυθμῷ
547 4083 818 4136 ἕκλαυσε
885 4083 983 4135 καὶ
1030 4082 1256 4149 ηὔξατο
1299 4082 1509 4152 εὐχὴν,
1558 4082 1659 4136 καὶ

111 4171 238 4229 εἷπε·
252 4178 420 4246 Κύριε
437 4173 558 4228 τῶν
569 4174 890 4244 δυνάμεων,
908 4174 1015 4228 ἐὰν
1033 4174 1314 4244 ὲφοράσει
1325 4173 1536 4242 ἐπίδῃς
1557 4173 1656 4226 ἐπὶ

110 4267 207 4334 τὴν
232 4271 584 4322 ταπείνωσιν
604 4267 713 4338 τῆς
739 4267 956 4336 δούλης
984 4283 1120 4330 σου,
1154 4268 1248 4322 καὶ
1279 4266 1346 4320 τὰ
1376 4266 1522 4338 ἑξῆς.
1547 4266 1656 4319 Καὶ

111 4360 160 4412 ἐν
187 4361 258 4431 τῷ
296 4362 607 4434 Ἀϐδακούμ
626 4380 640 4393 ·
678 4361 995 4432 Προσευχὴ
1034 4361 1352 4430 ’Λεϐακοὺμ
1380 4360 1485 4413 τοῦ
1512 4376 1646 4428 προσ

110 4454 279 4520 μήτου
303 4454 447 4524 μετὰ
479 4453 672 4522 ᾠδῆς·
697 4457 892 4524 Κύριε,
931 4454 1262 4521 είσακήκοα
1305 4453 1422 4521 τὴν
1448 4453 1657 4522 φωνήν

111 4564 228 4610 σου,
256 4549 344 4601 καὶ
358 4548 688 4618 ἐφοϐήθην.
705 4550 900 4617 Κύριε,
920 4549 1258 4615 κατενόησα
1275 4545 1347 4599 τὰ
1362 4544 1504 4615 ἔργα
1515 4562 1652 4611 σου,

113 4642 190 4692 καὶ
211 4641 476 4710 ἐξέστην.
495 4643 592 4693 Ἐν
608 4640 774 4710 μέσῳ
801 4640 908 4695 δύο
934 4641 1089 4702 ζώων
1105 4638 1428 4710 γνωσθήσῃ
1452 4655 1465 4668 ·
1488 4639 1558 4692 ἐν
1577 4638 1657 4705 τῷ

111 4732 325 4802 ἐγγίζειν
337 4743 406 4790 τὰ
419 4737 526 4804 ἔτη
541 4734 970 4806 ἐπιγνωσθήσῃ
981 4775 993 4786 .
1008 4733 1218 4802 Σφόδρα
1235 4731 1292 4784 δὲ
1315 4730 1453 4801 αὕτη
1471 4731 1661 4802 ὲμφαίυ

113 4843 180 4877 νει
207 4827 260 4879 τὸ
281 4829 418 4882 κατά
445 4828 540 4880 τὸν
565 4828 690 4898 ὅρον
719 4827 818 4897 τῆς
854 4823 1182 4896 προσευχῆς,
1217 4823 1297 4875 ὅτι
1340 4821 1478 4894 μετά
1511 4820 1658 4886 δοξο-

114 4914 268 4983 ὶογίας
291 4918 364 4988 τῷ
382 4917 807 4990 -προσευχομὲνῳ
837 4915 1243 4986 ἀναπέμπεται.
1292 4914 1452 4968 Ἀλλά
1480 4914 1575 4967 καὶ
1602 4916 1660 4967 ὲν

112 5006 177 5073 τῷ
217 5010 380 5082 ’ἰωνᾷ·
416 5010 810 5078 Προσηύξατο
856 5009 1057 5075 Ἰωνᾶς
1099 5008 1250 5076 πρὸς
1298 5009 1514 5076 Κύριον
1552 5007 1662 5060 τὸν

115 5099 241 5152 Θεὸν
259 5103 436 5157 αὑτοῦ
466 5105 534 5157 ἑκ
560 5103 671 5172 τῆς
692 5103 924 5168 κοιλίας
955 5101 1054 5154 τοῦ
1077 5101 1312 5170 κήτους,
1342 5100 1439 5156 καὶ
1463 5097 1653 5154 εἶπεν*

124 5193 348 5262 Ἐὅόησα
362 5199 432 5250 ἐν
455 5198 656 5265 θλίψει
677 5213 794 5265 μου
821 5195 970 5263 πρὸς
985 5195 1204 5262 Κύριον
1225 5193 1330 5246 τὸν
1357 5196 1503 5247 Θεόν
1512 5212 1651 5262 μου,

114 5289 196 5341 καὶ
233 5288 546 5359 εὶσήκουσέ
585 5307 739 5359 μου·
792 5290 862 5343 ἐκ
919 5289 1150 5355 κοιλίας
1196 5289 1343 5356 ᾅδου
1390 5287 1654 5358 κραυγῆς

172 5407 208 5437 ¹⁷
242 5407 360 5466 Luc.
396 5427 436 5474 ι,
469 5411 560 5465 15.
635 5409 680 5440 ’⁸
710 5407 879 5463 Exod.
911 5423 1086 5470 χχιιι,
1115 5407 1202 5460 11.

115 5474 291 5534 8³Τιιὺ.
324 5497 407 5548 ιιι,
449 5481 503 5535 1.
582 5479 627 5510 ’³⁵
656 5479 676 5534 1
710 5480 844 5550 Reg.
882 5495 924 5544 ι,
962 5478 1047 5532 10.
1125 5479 1168 5508 ’⁸
1206 5477 1406 5531 llabac.
1438 5493 1521 5541 ιιι,
1553 5477 1606 5531 1.

173 5596 274 5667 (16)
313 5599 446 5654 Ὺπό
475 5616 602 5653 του.
641 5597 715 5651 lta
762 5605 907 5652 recte
949 5595 1108 5651 habet
1143 5596 1311 5667 codex
1353 5595 1656 5650 manuscri-

115 5666 264 5732 ptus,
292 5685 385 5726 nec
413 5684 642 5725 necesse
687 5677 772 5723 est
820 5683 943 5722 cum
982 5667 1193 5723 editore
1237 5666 1531 5722 Oxonieusi
1563 5667 1658 5720 ad-

115 5737 242 5800 dere.
265 5739 832 5800 ἐπικινδυνευομένου..

166 5757 242 5800 τε,
265 5757 624 5795 επικινσυνευο
669 5757 832 5792 ενου..

166 5757 762 5932 ἑέἒέῑὺερτετηθὲντι.
788 5809 926 5865 Male
946 5807 1114 5867 editio
1135 5806 1479 5874 Omnicnsis,
1502 5805 1652 5878 εὐερ-

113 5891 315 5944 γευςντι.

1763 583 2078 651 petitionem
2112 598 2234 638 esse
2266 584 2332 638 ad
2369 580 2536 637 Deum
2573 581 2642 636 ab
2670 598 2735 636 eo
2773 580 2970 635 factam
3003 580 3095 650 qui
3134 579 3340 646 majore

1764 677 2000 747 quadam
2055 677 2390 732 conﬁdentia
2449 677 2658 741 utitur;
2711 676 3010 744 gratiarum
3067 675 3340 728 actionem

1765 783 1886 823 esse
1920 771 1986 823 de
2017 768 2174 824 bonis
2205 785 2233 823 a
2269 771 2379 826 Deo
2411 769 2718 840 impetratis
2750 768 3095 833 coniunctam
3135 768 3342 822 oratio-

1765 862 1924 917 nibns
1957 861 2352 918 confessionem
2383 880 2398 929 ;
2434 877 2554 917 Cum
2598 861 2848 916 beneﬁcii
2893 861 3209 931 magnitudo
3246 876 3344 928 per

1766 953 2165 1008 confessionem
2199 955 2381 1022 agnita
2408 996 2423 1018 ,
2460 964 2553 1008 aut
2585 955 2631 1008 ei
2669 955 2757 1022 qui
2791 955 3004 1022 accepit
3035 969 3301 1023 apparens
3325 993 3340 1016 ,

1767 1044 1938 1115 ipsius
1998 1047 2210 1117 accepti
2267 1047 2516 1101 beneficii
2577 1047 2697 1100 loco
2759 1048 3014 1100 sumitur.
3075 1045 3341 1114 Exempla

1767 1148 1926 1204 sunt,
1966 1140 2122 1207 primi
2159 1139 2409 1209 quidem,
2442 1139 2715 1194 Gabrielis
2751 1140 2814 1192 ad
2849 1138 3192 1204 Zachariam,
3226 1139 3342 1206 qui,

1767 1238 1827 1282 ιιι
1861 1230 2148 1298 probabile
2183 1239 2304 1297 est,
2335 1241 2596 1285 oraverat
2633 1233 2697 1285 de
2735 1228 2961 1286 Joannis
3011 1233 3298 1285 nativitate
3326 1273 3341 1294 ,

1767 1337 1987 1386 sermo;
2037 1323 2115 1377 sic
2167 1333 2344 1376 autem
2395 1324 2596 1378 habet:
2656 1323 2739 1378 Ne
2787 1325 3008 1388 tinteas,
3043 1326 3341 1387 Zacharia,

1769 1415 2020 1482 quoniam
2053 1416 2302 1469 exaudita
2337 1426 2412 1468 est
2445 1417 2741 1483 deprecatio
2799 1425 2923 1480 tua,
2980 1426 3026 1469 et
3072 1433 3208 1470 uxor
3253 1428 3346 1469 tua

1770 1504 2042 1558 Elisabeth
2079 1508 2245 1575 pariet
2289 1507 2382 1560 tibi
2430 1507 2631 1575 lilium,
2679 1517 2726 1559 et
2763 1508 2967 1560 vocabis
3013 1525 3196 1561 nomen
3231 1508 3345 1577 ejus

1766 1595 2028 1652 Joannem
2063 1599 2106 1632 ¹⁷
2138 1617 2151 1666 ;
2189 1609 2243 1654 et
2271 1614 2389 1668 qua:
2419 1599 2470 1653 in
2505 1600 2688 1654 Exodo
2718 1610 2836 1670 post
2864 1601 3092 1655 vitulum
3118 1617 3343 1657 aureum

1771 1688 1824 1742 in
1856 1688 2000 1742 hunc
2035 1690 2251 1743 modum
2287 1690 2489 1759 scripta
2525 1701 2689 1743 sunt:
2724 1687 2788 1742 Et
2823 1692 2992 1743 oravit
3027 1689 3234 1759 Moyses
3263 1707 3347 1743 co-

1767 1795 1883 1832 ram
1917 1778 2142 1832 Domino
2177 1780 2316 1842 Deo,
2355 1792 2400 1834 et
2435 1782 2572 1833 dixit
2603 1795 2622 1832 .'
2657 1779 2724 1834 Ut
2765 1783 2891 1851 quid
2914 1824 2928 1846 ,
2967 1781 3224 1845 Domine,
3255 1783 3348 1835 in.

1695 1849 1738 1903 Β
1766 1869 2002 1939 dignaris
2049 1872 2131 1923 ira
2172 1871 2228 1924 in
2271 1871 2526 1940 pOpulum
2571 1882 2754 1935 tuum,
2811 1891 2961 1942 quem
3007 1875 3236 1928 eduxiin
3281 1876 3346 1929 de

1768 1974 1910 2016 terra
1946 1962 2169 2035 /Egypti
2200 1965 2254 2017 in
2285 1964 2598 2032 fortitudine
2626 1981 2817 2034 magna
2854 1966 3024 2018 ¹⁸⁴2Ει
3055 1967 3105 2019 in
3142 1967 3347 2022 Dente-

1769 2057 2018 2110 ronomio
2050 2073 2064 2110 :
2099 2054 2166 2108 Et
2200 2058 2346 2110 oravi
2399 2068 2520 2110 ante
2570 2057 2854 2111 Dominum
2898 2058 3126 2111 secundo
3153 2099 3168 2121 ,
3209 2060 3344 2112 sicut

1765 2157 1814 2202 et
1841 2160 2016 2213 antea,
2044 2150 2398 2220 quadraginta
2421 2149 2602 2202 diebus
2625 2158 2673 2202 et
2703 2151 3056 2219 quadraginta
3088 2150 3344 2214 noctibus,

1765 2257 1950 2308 panem
2001 2257 2105 2295 non
2153 2242 2501 2306 manducavi,
2545 2250 2594 2296 et
2643 2259 2834 2313 aquam
2892 2259 2996 2296 non
3055 2243 3194 2306 bibi,
3249 2261 3344 2308 pro

1766 2333 2006 2386 omnibus
2073 2335 2304 2404 peccatis
2378 2335 2600 2398 vestris,
2656 2350 2776 2404 qua:
2836 2335 3089 2404 peccastis
3148 2334 3211 2387 ’³.
3283 2335 3345 2387 Et

1768 2425 1820 2479 in
1877 2425 2117 2482 Esther:
2182 2424 2550 2482 Mardochwus
2628 2429 2940 2497 deprecatus
3009 2438 3084 2482 est
3159 2427 3344 2481 Domi--

1768 2535 1928 2584 num,
1983 2536 2183 2574 memor
2227 2521 2462 2574 omnium
2513 2537 2729 2588 operum
2772 2519 3024 2586 Domini,
3065 2530 3113 2575 et
3155 2522 3343 2575 dixit:

1767 2608 2027 2677 Domine,
2079 2610 2334 2675 Domine,
2384 2627 2477 2665 rea:
2509 2613 2831 2680 omnipotens
2864 2612 2930 2666 ³ο.
2973 2611 3098 2684 Ipsa
3144 2630 3346 2682 quoque

1767 2702 1960 2757 Esther
2009 2703 2392 2774 deprecabatur
2452 2703 2737 2758 Dominum
2798 2705 2964 2758 Deum
3023 2705 3196 2759 Israel
3257 2707 3343 2758 di—

1765 2813 1887 2850 cens
1917 2795 2222 2861 :Domine,
2268 2811 2360 2851 rex
2408 2787 2582 2851 noster
2614 2797 2678 2850 ²¹.
2738 2796 2972 2851 Secundi
3028 2797 3344 2868 (nominis)

1765 2871 2011 2957 exempla
2069 2890 2120 2942 in
2166 2888 2388 2944 Danielc
2422 2906 2436 2944 :
2471 2888 2541 2942 Et
2572 2875 2717 2942 stans
2748 2889 2973 2943 Azarias
3011 2891 3180 2944 oravit
3224 2892 3342 2952 sic;

1767 2989 1816 3033 et
1888 2981 2131 3050 aperiens
2195 2996 2252 3034 os
2308 2997 2463 3034 suum
2530 2980 2581 3034 in
2632 2981 2803 3034 medio
2861 2981 3031 3049 ignis,
3092 2981 3225 3035 dixit
3271 2982 3338 3034 ".

1768 3071 1835 3126 Et
1887 3073 1940 3127 in
1990 3069 2205 3127 Tobia:
2266 3071 2336 3126 Et
2386 3073 2530 3126 oravi
2582 3089 2699 3125 cum
2745 3071 2927 3127 dolore
2973 3075 3194 3129 dicens:
3241 3073 3344 3127 Ju-

1765 3174 1879 3218 stus
1922 3181 2014 3229 es,
2057 3163 2304 3228 Domine,
2344 3175 2392 3220 et
2438 3166 2612 3219 omnia
2654 3183 2811 3234 opera
2855 3177 2982 3230 tua,
3033 3183 3208 3221 omnes
3247 3168 3342 3220 vim

1769 3265 1874 3309 tua:
1929 3256 2293 3309 misericordia
2345 3265 2393 3309 et
2450 3256 2680 3320 veritas,
2737 3266 2784 3309 et
2832 3255 3102 3323 judicium
3161 3271 3340 3308 verum

1767 3360 1817 3402 et
1867 3347 2074 3415 justum
2129 3357 2186 3400 tu
2245 3347 2452 3410 iudicas
2505 3347 2560 3399 in
2613 3346 2867 3400 saeculum
2937 3346 3002 3398 ³³.
3074 3345 3339 3412 Quoniam

1767 3453 1900 3494 vero
1950 3439 2102 3495 locus
2154 3455 2221 3494 ex
2261 3431 2728 3494 Daniele'citatus
2773 3438 2930 3492 obelo
2977 3449 3196 3494 notatus
3221 3451 3340 3505 εει,

1767 3534 1911 3603 quod
1975 3529 2027 3588 in
2084 3532 2315 3588 Ilebrazo
2379 3548 2484 3587 non
2520 3529 2738 3598 exstet,
2794 3531 3101 3602 librumque
3157 3532 3341 3587 Tobiae

1767 3623 2024 3691 rejiciunt
2067 3621 2238 3678 Judaei
2273 3625 2430 3694 quasi
2488 3640 2593 3679 non
2653 3626 3014 3693 canonicum,
3073 3627 3336 3682 adducam

1766 3729 1833 3768 ex
1871 3715 2048 3782 primo
2089 3714 2291 3785 Regum
2333 3715 2462 3770 illud
2496 3717 2704 3772 Annae:
2741 3717 2922 3772 Oravit
2954 3719 3023 3772 ad
3054 3718 3339 3774 Dominum

1767 3805 1924 3875 221
1960 3807 2090 3875 [lens
2129 3807 2368 3876 largiter,
2403 3819 2453 3861 et
2483 3819 2654 3863 votum
2686 3811 2818 3864 vovit
2857 3812 3033 3864 dicens
3056 3826 3076 3866 :
3113 3809 3339 3866 Domine

1765 3902 2110 3966 exercituum,
2139 3903 2185 3954 si
2222 3904 2502 3971 respiciens
2541 3903 2728 3957 videris
2760 3905 3087 3974 afﬂictionem
3124 3905 3341 3977 famqu

1766 3998 1872 4044 tua:
1901 3990 1980 4058 “;
2017 4001 2071 4047 et
2094 3991 2323 4062 reliqua.
2355 3993 2486 4048 Item
2519 3994 2570 4048 in
2599 3994 2887 4050 llabacuc:
2937 3996 3122 4051 Oratio
3150 3997 3339 4052 Haba-

1765 4097 1858 4135 cuc
1901 4085 2187 4151 prop/tetra,
2216 4101 2334 4137 cum
2373 4085 2595 4138 cantico.
2643 4085 2884 4150 Dontine,
2934 4089 3112 4141 audivi
3165 4105 3340 4142 vocent

1763 4187 1934 4243 tuam,
1978 4192 2026 4232 et
2070 4177 2241 4230 timui.
2285 4174 2528 4242 Domine,
2567 4179 2893 4234 consideravi
2927 4198 3084 4250 Opera
3116 4191 3231 4246 tua,
3289 4193 3339 4236 et

1763 4272 2027 4340 obstupui.
2055 4269 2123 4324 In
2165 4270 2336 4324 medio
2370 4274 2594 4324 duorum
2619 4273 2930 4325 animalium
2973 4276 3336 4344 cognosceris;

1762 4380 1881 4417 cum
1907 4363 2437 4432 appropinquaverint
2463 4364 2612 4428 anni,
2645 4366 2968 4433 cognosceris
2987 4365 3053 4419 ’⁵.
3087 4365 3208 4421 llaec
3238 4383 3336 4420 au-

1767 4466 1871 4510 tem
1896 4454 2265 4510 deﬁnitionem
2301 4455 2565 4509 orationis
2597 4455 2772 4510 valide
2795 4455 3007 4525 probat,
3038 4457 3183 4526 quod
3211 4473 3334 4513 cum

1690 4583 1733 4637 D
1763 4547 1860 4602 Dei
1887 4545 2138 4601 laudibus
2173 4545 2460 4614 conjuncta
2493 4549 2564 4600 sit
2602 4547 2799 4602 oratio.
2840 4539 2952 4602 Sed
2975 4559 3030 4602 et
3063 4549 3115 4602 in
3155 4547 3332 4605 Jona:

1763 4636 1948 4691 Oravit
1991 4634 2160 4689 Jonas
2211 4639 2280 4692 ad
2315 4635 2600 4688 Dominum
2647 4633 2810 4687 Deum
2853 4649 3006 4688 suum
3053 4635 3117 4688 de
3160 4644 3337 4690 ventre

1761 4730 1878 4796 ceti,
1912 4739 1961 4784 et
1986 4729 2118 4783 dixit
2146 4741 2164 4783 :
2194 4728 2428 4784 Clamavi
2464 4727 2519 4780 in
2550 4727 2886 4780 tribulatione
2917 4743 3031 4780 mea
3055 4727 3124 4779 ad
3150 4721 3334 4782 Domi-

1761 4837 1890 4874 num
1915 4821 2080 4874 Deum
2114 4837 2308 4884 meum,
2333 4829 2382 4874 et
2419 4819 2688 4873 exaudivit
2729 4835 2844 4886 me;
2866 4820 2930 4872 de
2969 4831 3143 4874 ventre
3177 4819 3338 4890 inferi

1763 4913 2009 4967 clamoris
2049 4914 2150 4967 mei
2181 4913 2377 4966 audisti
2403 4928 2574 4966 vocent
2619 4928 2830 4979 meam;
2859 4913 3126 4983 projecisti
3163 4932 3242 4969 me
3281 4917 3336 4969 in

1763 5005 2028 5073 profunda
2075 5006 2247 5060 cordis
2293 5005 2479 5071 maris,
2523 5013 2574 5058 et
2611 5007 2830 5075 ﬂumina
2873 5024 2954 5060 me
2981 5008 3336 5065 circumdede-

1764 5108 1884 5151 runt
1913 5098 1978 5151 ³⁸.
2019 5096 2184 5152 Tertii
2221 5097 2457 5152 nominis
2484 5097 2788 5166 exemplum
2827 5110 2910 5153 est
2945 5100 3086 5168 apud
3110 5100 3339 5170 Aposto-

1762 5193 1872 5245 lum
1907 5193 1996 5262 qui
2017 5193 2321 5247 rectissime
2346 5189 2501 5246 nobis
2528 5192 2832 5246 orationem
2857 5191 3064 5257 tribuit,
3097 5195 3337 5262 postula-

1764 5287 1961 5342 tionem
2008 5286 2258 5356 Spiritui,
2288 5286 2461 5356 utqui
2508 5286 2858 5358 prmstantior
2896 5285 2970 5340 sit
2996 5295 3050 5341 et
3077 5285 3331 5342 ﬁduciam

1281 5406 1325 5438 "
1358 5407 1514 5460 Deut.
1548 5422 1626 5471 Ix,
1656 5431 1657 5435 π

1817 5405 1863 5436 ²⁶
1893 5405 2050 5462 Estb.
2082 5421 2198 5469 xm,
2231 5405 2285 5460 8.
2361 5405 2405 5438 ’ί
2433 5405 2586 5460 Estb.
2618 5419 2730 5472 xlv,
2759 5403 2815 5459 5.
2892 5404 2937 5435 ¹²
2955 5404 3090 5459 Dan.
3125 5418 3208 5467 tu,
3239 5402 3334 5458 95.

1682 5477 1727 5508 "
1758 5473 1880 5530 lon.
1913 5491 1974 5542 tt,
2001 5476 2058 5544 2,
2081 5478 2135 5540 5,
2163 5477 2219 5530 4.

1835 5594 1948 5667 (18)
1980 5594 2161 5667 Ἰνατί
2198 5589 2376 5667 θ-υμῇ.
2397 5589 2516 5667 __Sic
2548 5592 2722 5667 liabet
2763 5598 2940 5667 code;
2963 5606 3119 5667 Ams._
3145 5591 3196 5644 ia
3225 5604 3335 5658 quo

1764 5661 1904 5721 male
1931 5661 2145 5735 legebat
2177 5661 2354 5735 editor
2388 5663 2734 5735 OAxoniensis,
2763 5663 2848 5715 ἕνα
2874 5661 3137 5735 τίρνμοῖ.

1836 5737 1948 5808 (49)
1989 5731 2080 5808 Σὺ
2127 5734 2369 5808 κρίνεις.
2421 5731 2512 5788 Sic
2557 5733 2728 5789 codex
2787 5747 2891 5787 ms.
2933 5731 3112 5787 Edi’tio
3151 5738 3334 5790 autem

1759 5803 2100 5873 Oxoniensis,
2132 5803 2466 5892 συγκρίνεις.
