3868 6530
505 342 614 401 ινδ

1980 349 2300 407 ORIGENIS

3644 355 3738 409 (ﬁt

507 440 707 494 habeat
728 438 866 507 apud
895 451 1015 489 eum
1049 452 1075 490 a
1096 454 1202 508 quo
1232 440 1467 509 postulat
1494 462 1506 496 :
1539 441 1674 496 Nam
1691 443 1815 513 quid
1846 460 2075 507 oremus,

2180 463 2292 514 μου
2328 444 2599 514 ἤκουσας
2628 445 2831 514 φωνῆς
2845 459 2985 514 μου·
3020 424 3350 513 ἁπέρῤιψάς
3375 461 3452 514 με
3479 445 3568 511 εις
3585 446 3737 516 βάθη

506 531 708 598 inquit,
735 533 871 584 sicut
904 544 1101 599 oportet
1131 534 1415 598 nescimus,
1453 536 1543 588 sed
1571 536 1680 602 ipse
1717 534 1951 605 Spiritus
1987 553 2079 604 po-

504 621 668 676 stulat
694 622 970 692 gemitibus
1000 624 1460 681 inenarrabilibus.
1491 626 1593 691 Qui
1617 639 1791 681 autem
1813 638 2083 682 scrutatur

504 714 690 777 corda,
722 715 818 767 scit
859 716 990 785 quid
1018 717 1276 769 desideret
1320 715 1592 785 Spiritus:
1635 719 1761 787 quia
1796 719 2079 771 secundum

508 804 677 858 Deum
709 808 936 873 postulat
968 826 1062 877 pro
1084 813 1285 863 sanctis
1319 810 1387 865 ’⁷.
1422 809 1555 862 Nam
1600 812 2001 880 superpostulat
2030 822 2083 865 et

507 898 746 965 postulat
795 896 1053 968 Spiritus,
1110 917 1208 954 nos
1264 911 1442 954 autem
1489 917 1728 956 oramus.
1780 901 2081 957 Postulatio

505 990 669 1043 etiam
704 990 870 1045 fuisse
907 993 1033 1045 mihi
1071 993 1287 1046 videtur
1313 993 1457 1061 quod
1504 993 1645 1049 dixit
1683 992 1853 1049 Josue
1893 1004 1951 1048 ut
2002 999 2081 1050 sul

504 1090 677 1137 staret
716 1094 902 1138 contra
947 1083 1229 1139 Gabaoth:
1280 1084 1423 1138 Tunc
1450 1086 1653 1140 locutus
1691 1096 1766 1140 est
1814 1086 1970 1142 Iesus
2013 1093 2081 1141 att

501 1174 815 1239 Dominum,
842 1194 945 1244 qua
974 1177 1469 1231 dietraditlit.l)eus
1500 1179 1863 1233 Antorrhceum
1892 1180 2080 1248 subju-

505 1278 684 1337 gatum
733 1268 939 1331 Israel;
974 1271 1183 1339 quando
1230 1272 1471 1323 contrivit
1517 1287 1603 1323 eos
1636 1271 1689 1324 in
1720 1270 1982 1341 Gabaoth,
2032 1286 2082 1328 et

503 1364 713 1415 contriti
748 1373 867 1414 sunt
894 1381 923 1414 a
952 1363 1087 1431 [acie
1110 1363 1339 1429 ﬁliorum
1379 1362 1568 1417 Israel.
1589 1364 1681 1417 .Et
1711 1367 1844 1418 dixit
1882 1366 2036 1419 Iesus
2060 1384 2080 1421 :

505 1444 620 1500 Stet
651 1447 729 1499 sol
752 1463 905 1513 super
934 1444 1191 1511 Gabaotlt,
1224 1458 1271 1501 et
1298 1450 1421 1502 luna
1450 1467 1606 1519 super
1625 1450 1812 1505 vallem
1840 1451 1993 1505 Elom
2013 1452 2078 1507 ⁸⁸.

505 1539 827 1593 Samsonetn
860 1554 1073 1607 quoque
1098 1540 1153 1593 in
1183 1539 1323 1596 libro
1353 1539 1604 1598 Iudicum
1635 1544 1868 1599 arbitror
1892 1555 2078 1615 postu-

503 1631 708 1685 lantem
746 1633 944 1686 dixisse
977 1649 990 1684 :
1022 1631 1287 1686 Moriatur
1318 1636 1498 1688 anima
1541 1653 1654 1691 mea
1692 1653 1811 1690 cum
1839 1638 2082 1708 alienige-

503 1724 605 1791 nis,
643 1725 859 1792 quando
888 1727 1153 1780 concussis
1183 1726 1387 1796 fortiter
1408 1728 1663 1783 columnis
1684 1730 1868 1783 cecidit
1891 1731 2078 1783 domus

502 1832 659 1881 super
711 1819 971 1884 principes
1026 1827 1073 1871 et
1128 1835 1331 1873 onmem
1396 1820 1787 1876 multitudinem
1840 1838 1957 1889 quae
2004 1822 2076 1875 ibi
2109 1806 2151 1862 Β

501 1918 611 1960 erat
640 1909 704 1961 ”.
744 1908 855 1962 Etsi
892 1924 1022 1965 vero
1047 1911 1307 1980 scriptum
1345 1928 1448 1968 non
1480 1916 1547 1968 sit
1585 1914 1887 1984 postulasse
1913 1913 2076 1971 Josue

500 2010 557 2053 et
585 1997 929 2069 Samsouem,
961 2003 1054 2058 scd
1085 2014 1292 2057 tantum
1332 2008 1545 2061 locutos
1594 2021 1735 2074 esse,
1778 2008 2075 2078 postulatio

504 2098 686 2144 tamen
712 2090 878 2145 fuisse
912 2092 1124 2147 videtur
1154 2093 1392 2162 ipsorum
1432 2109 1631 2185 ser/mo,
1671 2112 1832 2166 quam
1862 2099 1929 2152 ab
1952 2112 2075 2153 ora-

504 2182 654 2235 tione
682 2183 951 2237 diversam
981 2199 1102 2239 esse
1124 2196 1396 2254 putamus,
1431 2187 1478 2240 si
1499 2182 1715 2255 quidem
1738 2189 1951 2259 proprie
1981 2204 2071 2244 ac-

504 2275 777 2344 cipiantur
806 2276 1420 2334 vocabula.Gratiarum
1460 2295 1587 2335 vero
1628 2281 1860 2335 actionis
1893 2296 2076 2336 exem-

502 2364 651 2437 plum
681 2373 764 2419 est
787 2364 873 2420 illa
898 2366 1108 2422 Domini
1142 2370 1314 2424 nostri
1353 2385 1450 2425 vox
1479 2387 1493 2424 :
1528 2370 1796 2440 Conﬁteor
1824 2372 1937 2437 tibi,
1968 2370 2075 2427 Pa-

506 2466 606 2523 ter,
640 2456 857 2512 Domine
901 2458 1015 2513 caeli
1061 2471 1106 2515 et
1149 2469 1323 2525 teme,
1364 2461 1502 2533 quod
1540 2466 1860 2519 abscondisti
1889 2465 1999 2520 lucc
2041 2481 2073 2518 a

504 2549 827 2614 sapientibus
854 2560 902 2603 et
938 2551 1277 2619 prudentibus
1306 2563 1353 2608 et
1386 2553 1625 2607 revelasti
1657 2571 1718 2609 ea
1750 2558 1981 2625 parvulis
2005 2557 2069 2613 ³ο.

504 2639 633 2694 lllud
665 2642 831 2706 enim,
863 2642 1131 2711 conﬁteor,
1162 2644 1302 2699 idem
1326 2655 1412 2701 est
1437 2660 1501 2701 ac
1528 2648 1725 2717 gratias
1749 2664 1867 2718 ago.
1901 2647 2073 2703 Obse-

510 2733 679 2787 cratio
707 2742 760 2787 et
793 2736 1086 2804 postulatio
1112 2750 1167 2791 et
1194 2739 1491 2808 gratiarum
1518 2739 1666 2795 actio
1694 2755 1798 2793 non
1842 2740 2076 2796 absurde

506 2834 682 2894 potest
712 2835 767 2881 et
796 2829 997 2884 sanctis
1017 2827 1233 2896 olferri;
1263 2830 1562 2900 harumque
1594 2831 1730 2897 dum,
1764 2832 2071 2902 postulatio,

505 2918 749 2988 inquam,
780 2932 833 2974 et
866 2921 1164 2989 gratiarum
1192 2924 1353 2988 actin,
1389 2940 1492 2979 non
1527 2927 1731 2980 sanctis
1768 2929 1950 2992 modo,
1981 2926 2073 2981 sed

504 3021 560 3067 et
604 3013 951 3079 hominibus;
989 3015 1295 3073 obsecratio
1335 3030 1462 3071 vero
1503 3018 1705 3072 sanctis
1740 3027 1974 3082 tantum,
2027 3018 2072 3074 si

506 3102 629 3172 quis
656 3104 819 3175 222
857 3104 1055 3162 Paulus
1084 3115 1178 3161 aut
1209 3105 1402 3160 Petrus
1442 3105 1773 3172 inveniatur,
1824 3117 1881 3162 ut
1918 3107 2074 3177 adju-

506 3205 635 3250 vent
671 3210 792 3261 nos,
827 3197 1125 3268 dignosque
1148 3196 1387 3253 efﬁciant
1409 3198 1500 3268 qui
1542 3198 1787 3253 fruamur
1816 3213 2072 3254 concessa
2100 3170 2142 3229 ο

506 3288 641 3358 ipsis
689 3291 1139 3347 remittendorum
1196 3302 1545 3361 peccatorum
1600 3299 1915 3362 p0testate:
1970 3291 2072 3347 nisi

508 3383 648 3437 forte
673 3384 719 3439 si
745 3384 831 3438 cui
868 3385 960 3453 qui
990 3394 1209 3440 sanctus
1233 3401 1341 3440 non
1389 3385 1461 3440 sit
1489 3383 1778 3441 fecerimus
1801 3384 2074 3455 injuriam,

507 3488 824 3529 concessum
860 3475 1021 3529 etiam
1044 3475 1200 3531 nobis
1228 3486 1332 3543 est,
1370 3490 1492 3531 cum
1532 3486 1783 3532 nostrum
1822 3477 1876 3531 in
1926 3475 2076 3530 illum

508 3574 792 3633 peccatum
813 3566 1176 3632 senserimus.
1206 3568 1495 3622 obsecrare
1525 3568 1692 3622 etiam
1720 3568 1891 3631 illum,
1923 3577 1980 3621 ut
2006 3566 2083 3620 iu-

504 3652 663 3721 jurite
718 3653 873 3707 nobis
918 3654 1134 3708 veniam
1188 3656 1408 3711 tribuat.
1462 3656 1616 3723 Quod
1665 3658 1710 3713 si
1771 3658 2082 3713 hominibus

510 3745 713 3801 sanctis
761 3745 865 3799 illae
906 3761 1095 3816 preces
1137 3746 1431 3804 otl‘erendae
1473 3758 1625 3804 sunt:
1669 3762 1874 3820 quanto
1912 3751 2083 3821 magis

508 3836 728 3893 Christo
752 3842 939 3910 gratim
971 3847 1097 3894 sunt
1122 3842 1363 3913 agendae,
1395 3858 1423 3895 a
1448 3858 1557 3912 quo
1580 3852 1658 3899 tot
1689 3851 1951 3913 tantaque
1982 3843 2078 3898 be-

510 3928 701 3982 neficia
762 3933 1041 3987 \‘uluntate
1106 3934 1282 3989 Patris
1338 3936 1684 4006 accepimus?
1740 3935 1845 3990 Sed
1909 3946 1963 3991 et
2013 3936 2081 3989 ab

511 4024 628 4091 ipso
686 4024 1067 4094 postulandum
1132 4038 1190 4082 ut
1251 4030 1564 4101 Stephanus
1624 4043 1747 4085 cum
1820 4030 2077 4085 diceret:

512 4119 754 4185 Domine,
801 4136 863 4173 ne
904 4131 1106 4178 statuas
1138 4124 1244 4179 illis
1293 4126 1390 4180 hoc
1437 4135 1700 4196 peccatum
1734 4125 1808 4193 ⁸¹;
1843 4134 2075 4195 patrem-

509 4228 617 4282 que
668 4213 890 4268 lunatici
937 4215 1127 4270 imitati
1186 4216 1471 4272 dicemus:
1522 4216 1771 4282 Obsecro,
1835 4216 2074 4279 Domine,

466 4306 753 4360 amiserere
817 4306 899 4360 vel
964 4307 1075 4375 filio
1118 4308 1184 4377 υ,
1253 4319 1348 4363 aut
1403 4309 1536 4365 mihi
1603 4310 1730 4381 ipsi.
1788 4318 1881 4365 aut
1948 4310 2075 4363 cui-

508 4396 661 4453 libet.

2183 536 2429 606 καρδίας
2468 537 2803 604 θαλάσσης,
2842 536 2938 591 καὶ
2973 535 3225 606 ποταμοὶ
3254 537 3616 591 ὲκύκλωσάο·
3651 555 3742 607 με.

2181 627 2287 680 Τοῦ
2322 628 2378 680 δὲ
2398 627 2580 698 τρίτου
2604 626 2754 698 παρὰ
2793 624 2870 697 τῷ
2910 625 3211 697 Ἀποστόλῳ
3248 625 3484 693 εὐλόγως
3510 626 3612 697 τὴν
3653 628 3748 697 μὲν

2182 719 2486 791 προσευχὴν
2510 718 2593 787 ἐφ’
2621 720 2652 789 ἡ
2661 718 2774 789 μῶν
2794 719 3058 783 τάττοντι,
3081 717 3178 789 τὴν
3194 717 3251 770 δὲ
3270 717 3509 782 ἔντευξιν
3530 718 3626 771 ἐπὶ
3657 720 3747 772 τοῦ

2182 806 2515 877 Πνεύματος,
2541 806 2616 869 ὡς
2640 806 2945 878 κρείττονος
2974 807 3125 871 ὄντος
3146 808 3240 860 καὶ
3270 808 3585 879 παρρησίαν
3614 809 3746 879 ἐχονο

2179 912 2270 957 τος
2297 894 2433 966 πρὸς
2460 894 2550 947 τὸν
2576 888 2650 949 ὧν
2674 896 2984 966 ἐντυγχάνει
3013 896 3145 965 (50)·
3180 895 3250 949 Τὸ
3270 896 3380 965 γὰρ
3411 897 3469 950 τί
3499 911 3752 965 προσευ-

2183 986 2430 1057 ξώμεθα,
2472 987 2624 1058 φησι,
2656 986 2799 1082 καθὸ
2832 986 2925 1040 δεῖ
2964 990 3075 1042 οὐκ
3110 986 3371 1057 οἴδαμεν,
3413 987 3578 1043 ἀλλὰ
3608 989 3751 1042 αὐτὸ

2181 1078 2422 1147 Πνεῦμα
2473 1078 2826 1149 στεναγμοῖς
2877 1078 3204 1146 ἀλαλήτοις
3250 1080 3751 1149 ὐπερεντυτχάνει

2182 1172 2262 1240 τῷ
2297 1173 2438 1240 Θεῷ.
2481 1174 2536 1227 '0
2568 1174 2637 1228 δὲ
2676 1173 2935 1243 ἐρευνῶν
2965 1174 3071 1241 τὰς
3110 1175 3374 1244 καρδίας,
3416 1171 3543 1229 οἵδε
3590 1175 3648 1229 τί
3688 1175 3751 1228 τὸ

2181 1263 2456 1333 φρόνημα
2480 1264 2584 1318 τοῦ
2603 1266 2963 1335 Πνεύματος,
2994 1265 3081 1318 ὅτι
3110 1266 3261 1319 κατὰ
3290 1265 3437 1321 Θεὸν
3466 1266 3752 1334 ἑντυτχάο

2181 1370 2271 1407 νει
2291 1356 2443 1425 ὑπὲρ
2467 1352 2677 1426 ἁγίωνο
2711 1358 3166 1430 ὑπερεντυγχάνει
3190 1357 3299 1430 γὰρ
3325 1358 3418 1411 καὶ
3438 1358 3751 1428 ἐντυγχάνει

2180 1449 2241 1501 τὸ
2274 1447 2515 1518 Πνεῦμα,
2547 1449 2707 1519 ἡμεῖς
2730 1448 2787 1502 δὲ
2811 1449 3240 1522 προσευχόμεθα.
3275 1450 3556 1517 Ἕντευξις
3581 1449 3638 1502 δέ
3664 1467 3751 1521 μοι

2182 1537 2320 1595 εἶναι
2360 1540 2506 1594 δοκεῖ
2542 1541 2636 1594 καὶ
2675 1541 2737 1594 τὸ
2779 1541 2884 1595 ὑπὸ
2933 1541 3108 1613 Ἰησοῦ
3155 1543 3441 1615 εἰρημένον
3486 1540 3619 1614 περὶ
3658 1542 3749 1595 τοῦ

2183 1636 2374 1705 στῆναι
2399 1633 2490 1689 τὸν
2516 1633 2664 1705 ἥλιον
2687 1633 2827 1687 κατὰ
2858 1633 3079 1688 Γαὸαὼθ
3109 1630 3219 1706 (51)
3241 1652 3255 1665 ·
3290 1637 3425 1689 Τότε
3444 1632 3751 1701 ἐλάλησεν

2195 1727 2434 1796 Ἰησοῦς
2464 1726 2613 1794 πρὸς
2641 1727 2859 1795 Κύριον
2886 1721 2924 1798 ᾖ
2958 1724 3146 1797 ήμέρᾳ
3177 1726 3517 1795 παρέδωκεν
3544 1729 3579 1780 ὁ
3609 1725 3748 1791 Θεὸς

2181 1817 2289 1873 τὸν
2326 1818 2670 1889 Ἀμορραἷον
2698 1820 3042 1889 ὑποχείριον
3070 1818 3335 1888 Ἰσραὴλ,
3366 1820 3547 1888 ἡνίκα
3575 1820 3750 1874 συνέ-

2181 1914 2376 1980 τριϐεν
2408 1910 2630 1977 αὐτοὺς
2655 1911 2725 1965 ἑν
2750 1911 3015 1976 Γαϐαὼθ,
3044 1911 3143 1965 καὶ
3163 1912 3609 1980 συνετρίϐησαν
3635 1910 3751 1965 ἀπὸ

2182 2002 2502 2073 προσώπου
2540 2004 2659 2057 τῶν
2694 2002 2840 2059 υἱῶν
2897 2005 3159 2075 Ἰσραήλ.
3201 2005 3312 2060 Καὶ
3352 2002 3521 2062 εἶπεν
3554 2008 3590 2060 ὀ
3643 2007 3752 2071 ἰηι

2182 2092 2333 2157 σοῦς
2351 2108 2364 2121 ’
2397 2092 2594 2159 Στήτω
2618 2095 2651 2146 ὀ
2673 2090 2845 2159 ἣλιος
2866 2091 3015 2146 κατὰ
3037 2093 3303 2160 Γαϐαὼθ,
3327 2096 3423 2150 καὶ
3448 2097 3488 2165 ὴ
3516 2094 3746 2162 σελήνη

2182 2185 2329 2239 κατὰ
2343 2184 2616 2257 φάραγγα
2630 2185 2813 2255 Ἐλὼμ
2828 2186 2957 2257 (52).
2978 2188 3087 2240 Καὶ
3105 2190 3161 2241 ὲν
3174 2191 3289 2252 τοῖς
3302 2189 3539 2257 Κριταῖς
3555 2192 3584 2243 ὁ
3607 2190 3750 2256 Σαμ-

2179 2274 2295 2346 ψὼν
2320 2275 2557 2347 ἡγοῦμαι
2607 2275 2689 2328 ὃτι
2721 2277 3061 2348 ἐντυγχάνων
3097 2273 3242 2330 εἷπε·
3285 2278 3751 2333 Συναποθανέτω

2180 2370 2219 2439 ἠ
2246 2367 2415 2439 ψυχή
2440 2388 2560 2439 μου
2584 2370 2729 2441 μετὰ
2764 2370 2881 2424 τῶν
2921 2372 3308 2441 ἀλλοφύλων,
3329 2373 3421 2426 ὅτε
3442 2372 3553 2443 (55)
3586 2372 3748 2426 ἐκλι-

2179 2479 2287 2516 νεν
2312 2461 2383 2515 ὲν
2407 2462 2596 2532 ἰσχύϊ,
2625 2463 2722 2516 καὶ
2745 2462 2967 2518 ἔπεσεν
2994 2466 3027 2516 ό
3048 2459 3209 2530 οἷκος
3235 2462 3333 2518 ἐπὶ
3354 2464 3497 2529 τοὺς
3527 2462 3748 2531 σατρὰ-

2180 2570 2317 2621 πας,
2347 2555 2443 2609 καὶ
2476 2555 2575 2608 ἐπὶ
2599 2554 2797 2612 πάντα
2821 2556 2928 2611 τὸν
2951 2556 3105 2610 λαὸν
3126 2555 3231 2610 τὸν
3257 2557 3327 2611 ἐν
3360 2554 3536 2621 αὐτῷ.
3574 2556 3640 2610 Εἰ
3661 2556 3747 2610 καί

2184 2647 2257 2721 μὴ
2280 2649 2453 2700 κεῖται
2480 2647 2536 2700 δὲ
2559 2648 2640 2700 ὅτι
2674 2648 3113 2719 ἐντετυχήκασιν,
3147 2646 3259 2701 ἀλλ’
3300 2647 3381 2701 ὅτι
3416 2647 3703 2719 εἰρήκασιν
3724 2649 3750 2699 ὁ

2194 2739 2398 2810 Ἰησοῦς
2419 2740 2511 2792 καὶ
2535 2739 2563 2792 ὁ
2594 2739 2851 2810 Σαμψὼν,
2884 2742 2912 2793 ὁ
2939 2738 3092 2807 λόγος
3117 2737 3291 2793 αὐτῶν
3312 2738 3486 2792 ἔοικεν
3510 2735 3652 2791 εἷναι
3674 2739 3751 2791 ἔνο

2179 2830 2358 2895 τευξις
2382 2870 2397 2895 ,
2444 2831 2564 2901 ἥτις
2596 2830 2756 2903 ἑτέρα
2790 2829 2941 2902 παρὰ
2976 2828 3073 2902 τὴν
3106 2829 3433 2903 προσευχὴν.
3464 2829 3751 2903 εξλκυρίως

2180 2922 2469 2994 ἁκούοιμεν
2489 2921 2596 2977 τῶν
2609 2924 2696 2976 ὀνο
2703 2919 3044 2995 μάτων,εἷναι
3069 2924 3196 2993 ἡμῖν
3211 2920 3751 2994 νομίζεταιΕὑχαρι-

2183 3015 2333 3078 στίας
2352 3015 2406 3069 δὲ
2430 3014 2821 3086 παράδειγμαὴ
2851 3013 2942 3067 τοῦ
2970 3014 3172 3085 Κυρίου
3192 3011 3348 3085 ἡμῶν
3372 3012 3543 3085 φωνὴ,
3568 3011 3749 3081 λέγον-

2178 3126 2288 3172 τος·
2308 3109 2803 3179 Ἐξομολογοῦμαί
2822 3122 2941 3175 σοι,
2957 3107 3168 3177 Πάτερ,
3186 3109 3362 3176 Κύριε
3372 3106 3478 3161 τοῦ
3492 3104 3748 3175 στεφανοῦ

2176 3201 2273 3255 καὶ
2295 3200 2405 3270 τῆς
2423 3201 2555 3273 γῆς,
2583 3201 2671 3255 ὅτι
2697 3200 3048 3271 ἀπέκρυψας
3077 3199 3262 3255 ταῦτα
3280 3200 3394 3255 ἀπὸ
3417 3198 3632 3270 σοφῶν
3656 3198 3747 3255 καί

2176 3293 2466 3359 συνετῶν,
2512 3293 2609 3347 καὶ
2650 3292 3051 3362 ἀπεκάλυψας
3074 3291 3225 3347 αὐτὰ
3251 3294 3506 3361 νηπίοις·
3542 3292 3610 3345 τὸ
3648 3291 3750 3362 γὰρ

2176 3385 2643 3458 ἐξομολογοῦμαι
2668 3386 2807 3440 ἶσον
2828 3387 2945 3439 ἐστὶ
2964 3384 3040 3456 τῷ
3061 3384 3414 3455 εὐχαριστῶ·
3442 3384 3630 3457 δέησιν
3658 3384 3749 3454 μὲν

2177 3472 2271 3530 οὖν
2305 3477 2398 3532 καὶ
2428 3476 2669 3543 ἔντευξιν
2695 3475 2790 3529 καὶ
2810 3475 3158 3547 εὐχαριστίαν
3178 3476 3276 3528 οὐκ
3300 3474 3499 3529 ἄτοπον
3524 3475 3623 3528 καὶ
3644 3474 3745 3546 (54)

2180 3568 2487 3641 ἀνθρώποις
2518 3570 2923 3642 προσενεγκεῖν,
2966 3565 3103 3620 ἀλλὰ
3137 3565 3208 3620 τὰ
3249 3566 3346 3637 μὲν
3374 3564 3486 3633 δύο,
3517 3566 3661 3633 λέγω
3695 3566 3748 3618 δὲ

2178 3664 2415 3732 ἔντευξιν
2452 3664 2545 3717 καὶ
2584 3663 2954 3735 εὐχαριστίαν,
2994 3662 3056 3716 οὐ
3097 3663 3256 3734 μόνον
3292 3662 3487 3731 ἁγίοις,
3523 3661 3661 3715 ἀλλὰ
3689 3661 3748 3733 δὴ

2179 3756 2275 3812 καὶ
2314 3756 2647 3829 ἀνθρώποις·
2692 3755 2791 3826 τὴν
2835 3754 2891 3809 δὲ
2928 3754 3111 3826 δέησιν
3155 3754 3314 3827 μόνον
3345 3756 3540 3825 ἁγίοις,
3584 3758 3639 3811 εἰ
3671 3773 3749 3819 τις

2178 3849 2426 3923 εὑρεθείη
2460 3848 2669 3913 Παῦλος
2708 3848 2743 3921 ἢ
2779 3848 3005 3920 Πέτρος,
3056 3848 3143 3903 ἵνα
3180 3847 3534 3920 ὡφελήσωειν
3582 3852 3745 3922 ἡμεῖς,

2179 3944 2361 4010 ἀξίους
2405 3941 2683 4004 ποιοῦντες
2735 3940 2830 3995 τοῦ
2872 3942 3054 4012 τυχεῖν
3095 3940 3195 4011 τῆς
3237 3940 3524 4013 δεδομένης
3569 3942 3749 4003 αὐτοῖς

2180 4037 2426 4103 ἐξουσίας
2466 4035 2604 4107 πρὸς
2644 4033 2704 4087 τὸ
2730 4035 3100 4107 ἁμαρτήματα
3135 4034 3384 4104 ἀφιέναι·
3422 4034 3469 4087 εἰ
3510 4032 3583 4105 μὴ
3621 4032 3745 4103 ἄρα,

2182 4129 2284 4183 κᾶν
2309 4128 2383 4200 μὴ
2398 4126 2550 4195 ἅγιός
2574 4144 2658 4190 τις
2678 4122 2734 4202 ᾗ,
2758 4126 3104 4199 ἀδικήσωμεν
3123 4126 3179 4179 δὲ
3202 4126 3383 4192 αὑτὸν,
3406 4126 3616 4180 δέδοται
3637 4143 3750 4180 συν-

2182 4218 2535 4290 αισϐηθέντας
2579 4218 2679 4288 τῆς
2735 4218 2814 4283 είς
2848 4217 3009 4272 αὑτὸν
3068 4217 3340 4289 ἁμαρτίας
3379 4215 3441 4271 τὸ
3498 4216 3746 4287 δεηθῆναι

2178 4311 2274 4365 καὶ
2294 4308 2385 4363 τοῦ
2407 4306 2670 4371 τοιούτου,
2693 4306 2759 4361 ἵν’
2791 4309 2930 4380 ἡμῖνμ
2952 4308 3233 4380 ἠδικηκόσι
3266 4306 3594 4378 συγγνώμην
3616 4309 3746 4360 ἀπο-

2180 4401 2362 4473 νείμῃ.
2396 4399 2460 4452 Et
2513 4396 2569 4451 δὲ
2612 4396 2918 4470 ἀνθρώποις
2961 4397 3137 4467 ἁγίοις
3182 4395 3747 4469 ταῦταπροσενέκτέον

510 4491 662 4562 πόσῳ
686 4493 845 4548 πλέον
880 4497 960 4571 τῷ
983 4494 1203 4573 Χριστῷ
1228 4494 1644 4569 εὐχαριπητέον
1665 4496 1901 4552 τοσαῦτα
1950 4496 2098 4567 ἡμᾶς
2155 4494 2402 4567 βουὶήσει
2451 4491 2545 4546 τοῦ
2578 4492 2791 4564 Πατρὸς
2846 4492 3296 4565 εὐεργετήσαντις
3345 4490 3506 4545 Ἀλλὰ
3536 4493 3632 4545 καὶ
3668 4492 3749 4543 ὲν-

510 4589 764 4646 τευκτέον
804 4592 971 4665 αὐτῷ,
1015 4594 1091 4659 ὡς
1133 4596 1162 4649 ὁ
1196 4593 1365 4649 εἰπὼν
1408 4594 1705 4665 Στέφανος·
1750 4590 1951 4662 Κύριε,
1968 4589 2054 4660 μὴ
2102 4586 2340 4656 στήσῃς
2393 4583 2597 4652 αὐτοῖς
2626 4585 2741 4653 τὴν
2790 4583 3081 4655 ἁμαρτίαν
3126 4584 3378 4651 ταύτην·
3430 4583 3749 4656 μιμούμενοί

510 4697 570 4734 τε
603 4683 693 4738 τὸν
737 4687 947 4759 πατέρα
975 4688 1068 4743 τοῦ
1100 4688 1544 4762 σεληνιαζομένου
1578 4688 1835 4763 ἐροῦμεν·
1869 4686 2098 4758 Δέομαί,
2138 4685 2331 4752 Κύριε,
2352 4680 2631 4752 ἐλέησον,
2654 4679 2712 4752 ἦ,
2735 4678 2842 4735 τὸν
2871 4679 3025 4747 υἱὸν,
3047 4679 3104 4751 ἢ,
3126 4678 3228 4752 ἐμὲ
3264 4678 3447 4745 αὑτὸν,
3478 4679 3513 4751 ἢ
3564 4680 3626 4734 ὃν
3661 4678 3748 4749 δή-

513 4790 663 4830 ποτε.

581 4871 668 4924 15.
700 4872 773 4925 At
806 4872 849 4926 si
903 4872 1329 4932 intellexerimus
1382 4876 1513 4947 quid
1560 4885 1637 4930 stt
1678 4873 1876 4939 oratio,
1937 4873 2074 4928 forte

2259 4871 2386 4925 Ἐὰν
2410 4870 2467 4925 δὲ
2498 4868 2799 4939 ἀκούωμεν,
2820 4922 2823 4923 ,
2846 4867 2874 4919 ὃ
2908 4866 2962 4919 τί
2993 4865 3121 4920 ποτέ
3153 4868 3267 4920 ἐστι
3304 4866 3600 4947 προσευχὴ,
3647 4868 3746 4939 μή-

516 4960 695 5016 nullus
729 4977 962 5031 unquam
991 4967 1207 5034 genitus
1224 4972 1330 5023 erit
1358 4968 1615 5035 orandus,
1647 4983 1711 5023 ac
1739 4983 1807 5023 ne
1831 4967 2077 5023 Christus

2188 4981 2315 5017 me
2348 4962 2521 5015 οὐδενὶ
2541 4959 2647 5014 τῶν
2687 4959 2959 5032 γεννητῶν
3004 4958 3362 5031 προσευκτέον
3416 4961 3585 5024 ἐστὶν,
3633 4959 3748 5013 οὐδὲ

588 5141 633 5172 ’τ
664 5140 821 5195 Rom.
848 5142 1071 5210 νιιι,“26,
1097 5146 1187 5201 27.
1263 5149 1310 5181 ’⁸
1340 5149 1455 5205 Jos.
1489 5167 1545 5217 ι,
1577 5150 1663 5206 12.
1740 5152 1784 5182 ’⁹
1816 5148 1941 5205 Jud.
1979 5167 2077 5218 xvt,

519 5209 621 5268 Νι
667 5210 800 5267 Luc.
850 5227 929 5268 ix.
969 5215 1060 5268 38.

2180 5154 2211 5205 ι.
2287 5150 2331 5181 ⁸ο
2370 5148 2502 5203 Luc.
2535 5114 2591 5212 χ,
2622 5145 2713 5199 ‘2l.
2792 5144 2833 5175 ⁸¹
2868 5145 2990 5199 Act.
3025 5159 3119 5208 vn,
3148 5143 3237 5199 59.
3316 5142 3362 5174 ⁸¹
3394 5142 3586 5197 Matth.
3621 5158 3748 5210 nn,

604 5226 621 5278 ;
667 5226 800 5267 Luc.
850 5227 929 5278 ιχ,
969 5226 1060 5268 ats.

590 5404 704 5478 (50)
730 5409 885 5481 Πρὸς
919 5410 1023 5465 τὸν
1047 5406 1136 5465 ὧν
1176 5409 1545 5481 ἐντυγχάνει.
1580 5415 1670 5468 Sic
1720 5412 1881 5465 habet
1912 5411 2077 5481 code}

2181 5411 2431 5466 Γαϐαών.

522 5475 693 5554 ιιιεε.,’
736 5480 1021 5554 legendum
1053 5492 1253 5554 autem
1289 5475 1413 5535 cum
1445 5483 1712 5549 Bentleiu,
1753 5482 1887 5554 πρὸς
1922 5475 2077 5554 τὺνῂ

2250 5483 2366 5554 (52)
2409 5480 2610 5552 Ἐλώμ.
2640 5481 2731 5538 Sic
2775 5482 2946 5538 codex
2968 5497 3067 5537 ms.
3093 5481 3270 5536 Editio
3304 5490 3489 5538 autem
3547 5484 3742 5545 0mm,

520 5545 854 5623 εντυγχάνει.
878 5550 1012 5612 Male
1033 5553 1197 5608 editio
1221 5551 1544 5607 Oxouieusis
1566 5545 1748 5619 habet,
1773 5545 1987 5623 πρῶτον
2010 5545 2077 5606 ὧν

2182 5545 2385 5623 suae.

519 5617 854 5695 ἐντυγχάνει.
924 5694 931 5695 7
1060 5692 1107 5695 μ
1236 5691 1283 5695 __
1737 5617 1742 5619 ’
1817 5617 1829 5623 ’
1922 5694 1925 5695 ν

2252 5617 2365 5695 (53)
2419 5623 2567 5678 Ὅτε.
2624 5622 2701 5678 lta
2754 5624 2925 5679 codex
2984 5638 3087 5679 ms.
3135 5622 3313 5679 Editio
3368 5637 3501 5681 vero
3554 5626 3739 5690 θεοῦ..

591 5691 715 5765 (51)
734 5694 999 5749 Γαόαώθ.
1054 5692 1151 5765 Sic
1195 5691 1396 5765 ubique
1432 5695 1609 5765 codex
1658 5694 2083 5763 manuscriptus,
2180 5691 2281 5749 ὅτι.

515 5762 711 5823 contra
734 5766 887 5837 cujus
906 5767 1066 5822 (idem
1091 5764 1255 5821 editio
1270 5762 1594 5821 Oxunieusis
1628 5766 1685 5821 in
1717 5774 1866 5823 textu
1899 5762 2077 5829 habet,

2216 5763 2366 5837 .(54)
2406 5763 2773 5833 Ἀνθρώποις.
2811 5764 2956 5834 Lego
2986 5778 3107 5820 cum
3124 5762 3385 5830 Bentleio,
3416 5766 3616 5833 ἁγίοις.
