3954 6414
187 416 265 474 865
1269 406 1607 464 LIBELLUS
1646 406 1732 462 DE
1766 406 2152 463 ORATIONE.‘

3263 400 3375 458 £66

182 530 299 603 αὑτῷ
316 528 385 601 τῷ
423 526 632 599 Χριστῷ
666 527 803 599 (55),
838 526 973 581 ἀλλά
1010 525 1151 599 μόνῳ
1181 525 1257 597 τῷ
1287 524 1407 597 Θεῷ
1427 526 1537 579 τῶν
1562 526 1679 579 ὅλωε

1802 523 2020 593 quidem
2053 524 2190 591 ipse,
2211 525 2304 577 sed
2326 521 2469 577 solus
2495 522 2637 576 Deus
2659 521 2899 577 omnium
2927 528 2981 576 et
3002 519 3179 582 Pater.
3202 534 3363 590 quem

181 626 253 681 καὶ
280 623 449 694 Πατρὶ,
546 622 638 674 καὶ
684 622 849 685 αὐτὸς
885 621 913 673 6
939 620 1120 691 Σωτὴρ
1149 618 1304 690 ἡμῶν
1336 618 1694 691 προσηύχετο,

178 714 237 778 ὡς
257 710 697 785 προπαρεθέμεθα,
727 710 823 765 καὶ
851 710 1085 763 διδάσκει
1111 710 1258 780 ἡμᾶς
1281 708 1693 781 προσεύχεσθαι·

179 805 368 867 ἀκούσας
398 802 518 875 γὰρ,
553 800 816 865 Δίὸαξον
842 799 997 870 ἡμᾶς
1026 801 1484 870 προσεύχεσθαι,
1528 801 1588 853 οὐ
1616 800 1696 854 δι-

176 898 323 951 δάσκει
342 895 477 965 αὐτῷ
510 893 930 967 προσεύχεσθαι,
962 892 1093 946 ἀλλὰ
1112 892 1188 964 τῷ
1209 894 1400 965 Πατρὶ,
1421 892 1694 962 λέγονταςο

175 989 321 1056 Πάτερ
345 985 523 1057 ἡμῶν,
569 989 603 1041 ὁ
638 987 710 1040 ἐν
751 985 882 1052 τοῖς
911 985 1203 1053 οὐρανοῖς,
1238 984 1427 1039 καὶτὰ
1466 983 1611 1056 ἑξῆς·
1647 985 1696 1037 εί

174 1082 254 1153 γὰρ
272 1081 454 1151 ἕτερος,
481 1078 557 1141 ὡς
595 1079 654 1130 ἐν
680 1077 865 1141 ἄλλοις
895 1077 1180 1141 δείκνυται,
1224 1078 1344 1131 κατ’
1391 1077 1576 1131 οὐσίαν
1603 1077 1697 1131 καί

172 1170 469 1241 ὑωκείμενὸς
502 1168 612 1239 (56)
644 1172 799 1223 ἐστιν
831 1171 859 1222 ὁ
878 1168 1002 1233 Υἱὸς
1027 1169 1119 1223 τοῦ
1136 1169 1500 1240 Πατρὸς,ἧτοι
1531 1185 1697 1241 προσ-

172 1263 340 1317 ενκτέον
378 1262 451 1332 τῷ
489 1262 606 1333 Υίῷ
638 1263 735 1315 καὶ
765 1262 829 1316 οὐ
869 1261 943 1333 τῷ
977 1262 1165 1333 Πατρὶ,
1198 1261 1231 1332 ἢ
1261 1260 1605 1333 ἀμφοτέροις,
1659 1259 1693 1331 ἢ

168 1356 221 1425 τῷ
240 1354 387 1427 Πατρ).
414 1354 577 1425 μόνῳ.
620 1354 697 1407 Τὸ
728 1354 831 1426 μὲν
874 1350 965 1408 οὖν
991 1353 1070 1425 τῷ
1102 1353 1217 1425 Υἱῷ
1249 1354 1343 1407 καὶ
1381 1353 1441 1406 οὐ
1471 1352 1549 1422 τῷ
1582 1352 1694 1404 Πα-

167 1450 245 1520 τρὶ,
269 1450 361 1512 πᾶς
396 1446 645 1502 ὁστισοῦν
692 1447 1020 1519 ὁμολογήσει
1052 1442 1191 1500 εῖναι
1225 1445 1568 1499 ἀτοπώτατον
1598 1444 1693 1499 καὶ

165 1541 276 1614 παρά
293 1543 380 1612 τὴν
406 1541 694 1613 ἐνάργειαν
731 1539 846 1612 (57)
876 1538 1269 1611 λεχθησόμενον
1292 1539 1376 1593 ἀν’
1411 1539 1459 1591 εί
1496 1538 1553 1591 δὲ
1582 1538 1689 1608 ἀμ-

165 1634 377 1703 φοτέροις,
420 1632 578 1702 δῆλον
628 1632 719 1685 ὅτι
780 1632 876 1686 καὶ
916 1630 1167 1698 ἀξιώσεις
1219 1628 1691 1703 προσενεγκονῦμεν

164 1722 496 1794 τληθυντικῶς,
534 1723 955 1794 παράσχεσθε,
977 1722 1074 1775 καὶ
1116 1721 1562 1791 εὐεργετήσατε,
1596 1720 1690 1775 καὶ⁹

1804 616 1916 685 ipse
1935 615 2095 670 etiam
2126 613 2378 670 Salvator
2402 623 2585 669 noster
2610 613 2824 678 orabat,
2849 620 2908 667 ut
2933 611 3362 683 supratlisimus,

1798 717 1851 763 et
1882 722 2040 776 quem
2076 722 2172 761 nos
2194 722 2352 761 orare
2379 707 2553 762 docet.
2582 705 2717 761 Cum
2748 706 2891 761 enim
2915 705 3156 760 audisset
3186 721 3206 757 ια
3228 701 3362 758 Doce

1800 816 1891 853 nos
1915 814 2066 854 orare
2080 799 2145 862 ³³,
2179 816 2284 853 non
2312 799 2552 867 seipsum
2588 800 2742 852 docet
2775 811 2958 863 orare,
2998 797 3091 851 scd
3125 793 3362 861 Patrem,

1798 893 2067 947 dicentes:
2103 889 2258 945 Pater
2287 903 2475 953 noster,
2502 894 2591 963 qui
2620 908 2672 947 es
2705 893 2760 947 in
2784 892 2924 946 caelis
2948 930 2963 955 ,
3018 900 3073 945 et
3129 890 3360 960 reliqua.

1800 984 1855 1039 Si
1882 985 2048 1045 enim,
2076 983 2280 1038 utalibi
2322 983 2597 1054 probatur,
2633 984 2770 1037 alius
2803 999 2833 1037 a
2870 983 3035 1039 Patre
3074 983 3243 1038 Filius
3277 992 3365 1037 est

1797 1078 2093 1133 secundum
2126 1077 2483 1132 substantiam
2517 1087 2571 1130 et
2598 1076 2955 1145 suppositum,
2994 1085 3089 1130 aut
3119 1074 3362 1130 orandus

1797 1180 1878 1227 est
1917 1170 2106 1233 Filius,
2157 1179 2212 1224 et
2263 1185 2368 1222 non
2416 1168 2595 1230 Pater,
2628 1176 2723 1221 aut
2764 1178 3015 1238 uterque,
3053 1178 3148 1222 aut
3203 1167 3363 1221 Pater

1797 1265 1965 1320 solus.
2015 1266 2085 1318 At
2135 1264 2278 1318 enim
2311 1262 2506 1317 Filium
2547 1263 2810 1317 orandum
2853 1278 2976 1318 esse
3012 1263 3131 1317 sine
3176 1262 3359 1328 Patre,

1796 1371 1955 1412 nemo
1978 1372 2084 1410 non
2120 1356 2383 1411 fatebitur
2421 1354 2813 1409 absurdissitne
2838 1365 2893 1408 et
2914 1364 3111 1423 praeter
3141 1353 3362 1407 eviden-

1796 1450 1924 1505 tiam
1974 1449 2180 1503 dictum
2235 1448 2323 1502 iri.
2365 1446 2423 1502 Si
2458 1456 2687 1518 uterque
2734 1447 2972 1502 orandus
3001 1455 3110 1511 est,
3142 1446 3357 1515 planum

1792 1550 1876 1597 est
1902 1540 2093 1611 plurali
2124 1556 2349 1596 numero
2383 1555 2483 1597 nos
2513 1547 2850 1610 precaturus.
2884 1546 2937 1592 et
2975 1539 3219 1607 prwbete,
3273 1535 3360 1589 be-

1792 1634 2035 1703 nefacite,
2073 1633 2359 1705 largimini,
2392 1641 2618 1697 servate,
2652 1631 2737 1686 vel
2767 1630 2894 1700 quid
2928 1629 3105 1685 simile
3149 1629 3357 1684 orando

1791 1727 2053 1783 dieturos.
2086 1725 2239 1794 Quod
2266 1742 2389 1782 cum
2442 1741 2540 1796 per
2590 1740 2651 1779 se
2701 1726 2876 1794 ipsum
2912 1741 3017 1781 non
3045 1722 3357 1783 conveniat,

160 1815 595 1884 ἐπιχορηγήσατε,
658 1816 764 1870 καὶ
831 1814 1087 1879 σώσατε,
1140 1814 1235 1867 καὶ
1282 1814 1334 1867 εί
1378 1831 1430 1866 τι
1483 1812 1679 1867 τούτων

1794 1835 1894 1876 nec
1925 1821 1975 1877 in
2009 1819 2308 1891 Scripturis
2336 1820 2546 1875 ostendi
2584 1829 2763 1891 potest
2791 1820 3023 1885 positum
3056 1830 3179 1872 esse
3202 1823 3260 1869 ut
3289 1814 3358 1870 ab

157 1907 311 1975 ὅμοιον,
340 1905 423 1959 διά
452 1906 560 1960 τῶν
588 1907 917 1980 προσευχῶν
949 1907 1213 1976 λέγοντες·
1249 1907 1384 1977 ὅπερ
1409 1904 1499 1959 καὶ
1532 1904 1679 1958 αὐτό-

1788 1914 1968 1983 aliquo
1999 1914 2236 1978 dictum;
2284 1921 2451 1968 restat
2498 1927 2631 1984 ergo
2679 1921 2740 1967 ut
2781 1923 2969 1968 oretur
3016 1911 3166 1967 solus
3212 1910 3356 1965 Deus

161 1996 222 2049 Θεν
239 1999 570 2069 ἀπεμφαῖνον,
609 2000 745 2055 οὐδὲ
774 2001 831 2053 ὲν
848 2002 965 2063 ταῖς
993 2000 1233 2071 Γραφαῖς
1257 1998 1367 2069 ἔχει
1404 2016 1488 2062 τις
1516 1996 1685 2061 δεῖξαι

160 2090 350 2159 κείμενον
400 2092 503 2145 ὑπό
531 2111 709 2146 τινων
745 2092 1055 2162 λεγόμενον·
1104 2091 1320 2160 λέγεται
1356 2090 1464 2161 (58)
1506 2090 1684 2143 τοίνυν

159 2184 486 2255 προσεύχεσθαι
514 2188 674 2258 μόνῳ
700 2186 781 2257 τῷ
809 2186 924 2256 Θεῷ
948 2185 1025 2257 τῷ
1048 2185 1155 2238 τῶν
1180 2186 1314 2239 ὅλων
1338 2186 1530 2257 Πατρίο
1550 2184 1685 2239 ἀλλὰ

157 2276 206 2345 μὴ
229 2279 372 2349 χωρὶς
396 2279 486 2332 τοῦ
509 2281 830 2353 ἀρχιερέως
849 2282 994 2345 ὅστις
1015 2280 1130 2352 μεθ’
1152 2280 1496 2352 ὁρκωμοσίας
1523 2296 1684 2334 κατε-

154 2369 275 2440 στάθη
300 2371 393 2423 ὑπὸ
414 2372 505 2426 τοῦ
537 2374 772 2446 Πατρὸς
797 2373 938 2426 κατὰ
961 2375 1038 2427 τὸ’
1076 2375 1314 2444 Ὤμοσε,
1346 2374 1445 2428 καὶ
1483 2378 1553 2429 οὐ
1576 2392 1682 2444 με·

152 2462 581 2531 ταμεληθήσεταιο
623 2465 715 2520 σὺ
738 2466 931 2535 ἱερεὺς
950 2469 1037 2533 εἰς
1060 2467 1166 2521 τὸν
1188 2467 1371 2522 αἰῶνα
1394 2468 1541 2523 κατὰ
1571 2469 1684 2537 τὴν

150 2550 277 2616 τάξιν
300 2558 701 2625 Μελχισεδέκ.
741 2559 1199 2632 Εὐχαριστοῦντες
1228 2557 1320 2615 οὖν
1355 2564 1402 2616 οἱ
1443 2562 1586 2631 ἆγιοι
1625 2563 1682 2614 ὲν

150 2646 235 2708 ui;
257 2654 564 2720 προσευχαῖς
596 2651 823 2705 ἑαυτῶν
852 2652 928 2722 τῷ
957 2652 1094 2725 Θεῷ,
1122 2654 1209 2707 διὰ
1233 2654 1467 2727 Χριστοῦ
1507 2653 1680 2728 Ἰησοῦ

147 2734 320 2805 χάριτας
344 2742 714 2811 ὁμολογοῦσιν
750 2743 863 2814 (59)
901 2744 1066 2815 αὐτῷ.
1098 2746 1301 2818 Ὠσπερ
1327 2748 1384 2801 δὲ
1410 2748 1500 2801 τὸν
1527 2748 1681 2821 ἀκρι-

148 2822 293 2880 ϐοῦντα
316 2831 369 2882 τὸ
393 2833 812 2905 προσεύχεσθαι
854 2834 915 2887 οὑ
964 2835 1069 2907 χρὴ
1100 2837 1177 2909 τῷ
1203 2839 1481 2911 εὐχομένῳ
1518 2856 1681 2910 προσ-

143 2918 360 2989 εύχεσθαι,
394 2925 530 2979 ἀλλά
557 2927 649 2999 τῷ
677 2926 741 2980 ὃν
760 2928 994 2994 ἐδίδαξεν
1022 2932 1114 2984 ἐπὶ
1157 2931 1266 2985 τῶν
1294 2932 1466 3004 εὐχῶν
1499 2934 1680 2988 καλεῖν

146 3009 275 3083 Πατρὶ
304 3014 331 3065 ὁ
362 3016 569 3088 Κύριος
607 3018 778 3090 ἡμῶν
817 3020 1051 3091 Ἰησοῦς·
1086 3022 1257 3087 οὕτως
1282 3024 1343 3077 οὐ
1386 3025 1553 3097 χωρὶς
1584 3027 1681 3080 αὑ-

139 3102 205 3155 τοῦ
227 3113 505 3182 προσευχήν
534 3130 675 3166 τινα
697 3114 1085 3185 προσενεκτέον
1107 3115 1185 3187 τῷ
1206 3117 1399 3189 Πατρί·
1425 3117 1499 3181 ὼς
1518 3117 1680 3185 αὐτὸς

1789 2002 2161 2057 universorum
2193 2002 2374 2070 Pater,
2403 2013 2458 2058 at
2485 2019 2591 2058 non
2618 2004 2736 2059 sine
2763 2002 3019 2073 pontifice
3039 2003 3127 2072 qui
3151 2001 3218 2055 ab
3239 2000 3357 2069 ipso

1786 2094 1947 2150 Patre
1977 2111 2098 2151 cum
2128 2096 2484 2167 jurejurando
2514 2096 2842 2152 constitutus
2871 2096 3142 2164 est,juxta
3179 2094 3346 2150 illud:

1783 2187 1991 2243 Juravit
2015 2197 2061 2242 et
2089 2205 2189 2243 non
2211 2190 2471 2260 paenitebit
2502 2205 2650 2243 eum:
2681 2188 2758 2242 Tu
2776 2205 2828 2243 es
2848 2189 3087 2242 sacerdos
3118 2188 3171 2241 in
3199 2197 3351 2242 teter—

1786 2296 1907 2333 num
1934 2281 2219 2335 secundum
2256 2281 2489 2335 ordinem
2514 2281 2896 2336 Melchisedech
2920 2282 2987 2333 ³⁸.
3019 2281 3152 2337 Cum
3186 2281 3352 2351 igitur

1784 2373 1956 2428 sancti
1989 2373 2041 2427 in
2072 2374 2187 2429 suis
2225 2375 2564 2430 orationibus
2624 2373 2832 2443 gratias
2873 2373 2983 2428 Deo
3019 2382 3209 2442 agunt,
3257 2388 3354 2428 eas

1782 2478 1880 2534 per
1903 2464 2172 2519 Christum
2206 2462 2386 2519 Jesum
2426 2464 2525 2534 ipsi
2556 2463 2818 2520 referunt.
2852 2465 3006 2519 Sicut
3028 2476 3207 2518 autem
3231 2479 3353 2518 eum

1784 2557 1875 2627 qui
1909 2558 2127 2627 proprie
2165 2571 2325 2611 orare
2358 2557 2495 2624 vult,
2546 2572 2651 2611 non
2689 2556 2848 2611 decet
2892 2571 3014 2611 eum
3058 2571 3217 2612 orare
3263 2558 3353 2625 qui

1783 2658 1923 2711 orat,
1955 2648 2046 2702 sed
2067 2663 2188 2701 eum
2219 2662 2378 2718 quem
2402 2648 2745 2703 orationibus
2782 2649 3144 2705 invocaudum
3170 2649 3354 2705 docuit

1782 2739 1939 2796 Jesus
1967 2752 2151 2796 noster
2172 2741 2453 2808 Dominus,
2501 2757 2690 2813 nempe
2727 2740 2980 2797 Patrem:
3024 2742 3102 2799 sic
3138 2758 3242 2798 non
3272 2752 3355 2798 est

1783 2836 1888 2891 ulla
1912 2836 2087 2891 oratio
2118 2834 2264 2890 Patri
2294 2835 2410 2890 sine
2442 2835 2557 2904 ipso
2597 2835 2895 2892 olierenda.
2930 2837 3083 2905 Quod
3110 2837 3355 2893 ostendit

1782 2929 1895 2999 ipse
1920 2928 2205 2999 perspicue
2238 2944 2356 2983 cum
2390 2929 2469 2983 sic
2500 2928 2577 2982 ait
2610 2951 2621 2983 :
2651 2930 2841 2995 Amen,
2868 2947 3018 2986 amen
3046 2931 3160 2984 dico
3183 2931 3351 2993 vobis,

1780 3023 1826 3076 si
1856 3022 1983 3092 quid
2006 3022 2259 3092 petieritis
2295 3018 2528 3087 Patrem,
2554 3023 2696 3075 dabit
2721 3022 2862 3077 vobis
2892 3023 2944 3077 in
2980 3023 3187 3078 nomine
3213 3039 3347 3078 meo.

1784 3112 1955 3186 Usque
1996 3115 2150 3169 modo
2187 3133 2289 3168 non
2319 3115 2519 3183 petistis
2541 3116 2831 3185 quidquam
2867 3116 2921 3170 in
2956 3117 3161 3170 nomine
3200 3132 3345 3179 meo;

140 3196 255 3250 τοῦτο
275 3203 665 3273 παραδείκνυσι
685 3206 879 3275 σαφῶς
902 3207 1041 3262 οὕτω
1065 3206 1254 3278 λέγων·
1291 3208 1489 3278 Ἀμὴν,
1515 3209 1679 3279 ἀμὴν

1784 3210 1933 3275 petite
1958 3217 2003 3261 et
2034 3207 2318 3275 accipietis,
2347 3216 2401 3260 ut
2432 3208 2681 3277 gaudium
2705 3218 2927 3262 vestrum
2965 3209 3030 3261 sit
3055 3207 3347 3278 plenum”.

137 3288 249 3357 λέγω
281 3295 429 3364 ὑμῖν,
465 3297 547 3352 ἄν
590 3316 651 3352 τι
684 3299 975 3368 αἰτήσητε
1012 3302 1118 3355 τὸν
1146 3301 1377 3371 Πατέρα
1395 3321 1535 3372 μου,
1566 3303 1677 3358 δώ-

140 3398 205 3437 σει
221 3388 341 3455 ὑμῖν
366 3390 434 3444 ἐν
455 3392 542 3459 τῷ
582 3393 847 3462 ὀνόματι
867 3412 1005 3463 μου.
1047 3396 1198 3461 ’Ἑως
1227 3394 1356 3463 ἄρτι
1385 3397 1494 3450 οὐκ
1536 3396 1678 3465 ’ζίτῆ-

134 3488 244 3530 σατε
265 3480 431 3536 οὐδὲν
469 3484 545 3537 ἐν
575 3483 667 3549 τῷ
726 3484 971 3553 ὀνόματί
1001 3501 1138 3555 μου·
1183 3485 1396 3539 αἰτεῖτε
1425 3487 1523 3540 καὶ
1571 3487 1678 3554 λή-

138 3568 298 3635 ψεσθε,
325 3573 422 3627 ira
449 3577 488 3644 ἡ
520 3575 695 3645 χαρὰ
738 3575 905 3644 ὑμῶν
926 3571 969 3648 ᾗ
999 3578 1451 3647 πεπληρωμένη·
1478 3581 1540 3633 οὐ
1570 3580 1678 3653 γὰρ

134 3653 246 3713 εἶπεν
270 3680 282 3693 ·
307 3666 511 3723 Αἰτεῖτέ
547 3686 649 3740 με,
688 3669 834 3731 οὐδὲ,
857 3670 1065 3723 Αἰτεῖτε
1090 3670 1181 3724 τὸν
1202 3672 1434 3745 Πατέρα,
1472 3674 1675 3739 ἁπλῶς,

250 3755 377 3811 Ἐάν
401 3777 456 3814 τι
475 3760 790 3827 αιτήσητε
811 3760 918 3815 τὸν
946 3763 1197 3831 Πατέρα’
1227 3763 1405 3819 δώσει
1437 3767 1578 3836 ὑμῖν
1608 3769 1677 3821 ἐν

132 3845 189 3909 τῷ
216 3850 439 3921 ὀνόματί
461 3872 620 3924 μου.
650 3854 802 3916 Ἕως
827 3851 933 3925 γὰρ
962 3853 1160 3921 διδάξει
1184 3854 1290 3925 (60)
1313 3856 1484 3910 ταῦτα
1509 3859 1538 3911 6
1571 3857 1675 3927 ’1η-

134 3939 244 4004 σοῦς,
275 3944 436 4009 οὐδεὶς
481 3947 699 4018 ᾐτήκει
740 3946 831 3999 τὸν
861 3946 1078 4019 Πατέρα
1110 3948 1167 4001 ἐν
1204 3947 1280 4018 τῷ
1318 3949 1540 4021 ὀνόματι
1582 3951 1675 4004 τοῦ

134 4032 246 4088 Υίοῦ·
269 4037 353 4092 καὶ
396 4040 607 4111 ἀληθὲς
653 4035 728 4110 ἦν
758 4038 863 4092 ὑπὸ
903 4038 1076 4110 Ἰησοῦ
1102 4039 1388 4111 λεγόμενον
1418 4042 1495 4095 τὸο
1528 4044 1673 4109 Ἕως

126 4125 227 4191 ἄρτι
250 4132 347 4184 οὐκ
369 4131 651 4199 ᾐτήσατε
680 4128 866 4183 οὐδὲν
890 4129 958 4183 ἐν
994 4130 1075 4196 τῷ
1100 4131 1343 4201 ὀνόματί
1380 4150 1518 4201 μου·
1545 4134 1674 4205 ἀλη-

125 4215 196 4282 θὲς
231 4221 281 4274 δὲ
323 4226 411 4277 καὶ
449 4227 537 4279 τὸ’
580 4222 836 4294 Αἰτεῖτε,
860 4223 959 4277 καί
988 4223 1284 4293 λήψεσθε,
1319 4228 1421 4281 ἵνα
1448 4228 1485 4295 ἡ
1522 4229 1675 4297 χαρὰ

120 4311 318 4385 ὑμῶνῇ
345 4316 823 4387 πεπληρωμένη.
868 4317 992 4371 Ἐὰν
1038 4316 1095 4371 δέ
1129 4335 1232 4383 τις,
1275 4318 1518 4390 οἰόμενος
1560 4320 1671 4392 (61)

118 4402 213 4456 δεῖν
260 4408 395 4480 αὐτῷ
433 4411 507 4483 τῷ
560 4409 797 4482 Χριστῷ
851 4409 1267 4481 προσεύχεσθαι.
1318 4412 1675 4483 συγχεόμενος

119 4498 206 4551 ἀπὸ
231 4500 317 4553 τοῦ
350 4504 409 4557 ἐκ
445 4505 537 4559 τοῦ
588 4506 925 4577 προσκυνεῖν
970 4504 1384 4575 σημαινομένου,
1423 4506 1672 4580 προσάγῃ

121 4587 226 4657 ἡμῖν
255 4592 329 4653 τὸ,
350 4593 975 4662 Προσκυνησὰτωσαν
1000 4595 1159 4661 αὐτῷ
1195 4595 1415 4663 πάντες
1433 4598 1672 4668 ἄγγελοι

120 4681 240 4736 Θεοῦ
288 4684 397 4757 (62)
421 4727 437 4753 ,
499 4684 959 4758 ὁμολογουμένως
1010 4686 1068 4739 ὲν
1113 4685 1191 4757 τῷ
1242 4688 1673 4758 Δευτερονομίῳ

121 4773 221 4845 περὶ
255 4777 489 4850 Χριστοῦ
532 4776 853 4851 εἰρημένονο
902 4776 1116 4832 λεκτέον
1165 4780 1300 4851 πρὸς
1347 4781 1529 4845 αὐτὸν,
1590 4784 1673 4836 ὅτι

115 4867 191 4917 καὶ
233 4871 265 4940 ἡ
324 4873 651 4943 Ἐκκλησία,
684 4871 1040 4942 Ἰερουσαλὴμ
1085 4872 1232 4944 πσρά
1258 4872 1352 4927 τοῦ
1394 4876 1672 4946 προφήτου

118 4957 477 5033 ὀνομαζομένη,
511 4964 945 5032 προσκυνεῖσθαι
990 4964 1093 5018 ὑπὸ
1139 4966 1402 5028 βασιλέων
1446 4967 1537 5021 καὶ
1575 4970 1672 5039 ἀρ-

171 5071 211 5102 ³²
234 5073 361 5134 Luc.
384 5094 463 5145 ιι,
494 5078 550 5132 1.

166 5208 270 5292 (55)
305 5214 786 5292 castramqu
814 5219 1063 5288 Χριστῷ.
1106 5220 1223 5288 Quo
1260 5236 1425 5277 sensu
1468 5223 1665 5281 dixerit

110 5276 347 5358 Qrigenes
409 5287 610 5358 Filium
639 5276 654 5285 ’
683 5276 778 5343 Dei
841 5276 943 5344 non
1004 5276 1151 5346 εεεᾶ
1181 5276 1668 5357 οιυιιηᾶιιιιιξμῖῖιεέ

105 5350 377 5473 ἓὲῗεετίιιπ
428 5357 881 5431 Origenianorum
921 5361 1017 5418 lib.
1068 5377 1128 5426 Il,
1182 5373 1374 5433 quaest.
1410 5350 1478 5430 2,
1512 5350 1663 5422 nutu.

164 5493 268 5573 (56)
303 5497 771 5573 fatone/aeros,
782 5497 947 5573 Lego,
974 5500 1349 5573 ὑποκείμενον.
1367 5503 1485 5573 Quo
1503 5521 1664 5560 sensu

111 5572 271 5620 autem
303 5569 397 5624 hic
424 5572 643 5625 dicatur
691 5569 883 5624 Filius
913 5572 1051 5626 alius
1082 5588 1110 5626 a
1158 5569 1318 5628 Patre
1365 5569 1661 5630 secundum

104 5633 451 5717 substantiam
478 5649 535 5695 et
555 5641 926 5717 suppositum,
957 5642 1272 5713 disquiritur
1310 5642 1657 5717 Origeniano-

107 5706 369 5780 tlttLliba
386 5726 441 5773 ιι,
473 5706 677 5780 quaest.
699 5709 755 5765 2.

163 5774 274 5846 (57)
340 5774 519 5837 Codex
566 5796 676 5836 ms.
712 5780 1016 5851 ἐνάργειαν.
1065 5783 1238 5839 Editio
1263 5783 1463 5852 Oxon.,
1505 5785 1657 5859 ἐνέρ-

100 5853 152 5900 ’ίὶ
156 5860 239 5895 ιἰν
246 5885 261 5898 .

298 5918 559 5990 Λέγεται.
619 5921 770 5992 Lego
832 5935 949 5975 cum
974 5921 1228 5991 Bentleii),
1253 5926 1516 5979 λείπεται.

1780 3298 1896 3353 Non
1928 3300 2072 3354 enim
2104 3299 2238 3352 dixit
2265 3313 2279 3351 :
2311 3297 2485 3352 Petite
2532 3314 2640 3366 me,
2681 3315 2877 3365 neque,
2905 3298 3079 3354 Pctite
3106 3300 3347 3365 Patrem,

1779 3392 2113 3462 simpliciter;
2154 3392 2285 3445 sed:
2322 3390 2383 3447 Si
2408 3390 2533 3457 quid
2553 3391 2807 3460 petieritis
2842 3388 3080 3458 Patrem,
3115 3392 3167 3446 in
3188 3393 3348 3464 223

1780 3486 1985 3540 nomine
2011 3501 2123 3539 meo
2153 3484 2296 3538 dabit
2332 3486 2493 3538 vobis.
2536 3483 2671 3538 Nam
2712 3484 2886 3539 donec
2930 3484 3029 3539 ista
3068 3484 3224 3542 Jesus
3250 3487 3346 3541 do—

1779 3586 1947 3646 ceret,
1974 3594 2135 3634 nemo
2171 3593 2199 3631 a
2229 3578 2388 3634 Patre
2427 3579 2659 3647 petierat
2689 3578 2741 3632 in
2774 3577 2995 3633 nomine
3023 3579 3170 3646 Filii,
3201 3590 3347 3635 erat-

1778 3684 1883 3740 que
1916 3685 2100 3724 verum
2139 3672 2282 3739 quod
2317 3669 2479 3725 Jesus
2518 3670 2731 3724 dicebat
2760 3686 2774 3724 :
2807 3668 2981 3741 Usque
3031 3673 3184 3727 modo
3241 3690 3343 3728 non

1777 3762 1975 3831 petistis
2006 3763 2291 3833 quidquam
2322 3764 2375 3817 in
2420 3762 2625 3815 nomine
2663 3779 2813 3826 meo;
2864 3778 3050 3818 verum
3078 3773 3134 3820 et
3161 3764 3290 3820 illud
3328 3784 3341 3819 :

1779 3854 1961 3927 Petite,
1976 3866 2023 3911 et
2051 3857 2333 3921 accipietis,
2369 3866 2423 3909 ut
2463 3856 2717 3925 gaudium
2756 3865 2979 3911 vestrum
3014 3858 3080 3912 sit
3110 3858 3340 3927 plenum.

1778 3946 1836 4002 Si
1864 3948 1988 4016 quis
2020 3955 2199 4001 autem
2228 3944 2697 4016 Cliristumipsum
2729 3949 2994 4002 orandum
3022 3958 3190 4019 putet,
3222 3965 3347 4005 ver-

1777 4038 1937 4108 bique
1969 4038 2193 4092 adorare
2214 4037 2610 4108 signiﬁcatione
2639 4041 2886 4095 turbatus
2906 4043 3141 4099 adducat
3173 4043 3301 4099 illud
3326 4059 3342 4095 :

1775 4132 2003 4186 Adorent
2038 4149 2155 4187 eum
2180 4148 2358 4187 omnes
2382 4134 2555 4204 angeli
2586 4133 2680 4189 Dei
2708 4136 2773 4202 “,
2804 4139 2945 4206 quod
2985 4138 3039 4193 in
3082 4140 3344 4194 Deutero-

1776 4229 1956 4281 nomio
1980 4228 2044 4281 de
2070 4227 2287 4282 Christo
2315 4227 2422 4282 dici
2464 4228 2518 4282 iu
2564 4228 2817 4286 confesso
2853 4242 2977 4287 est:
3013 4232 3343 4303 responden-

1776 4319 1899 4372 dum
1934 4319 2035 4388 ipsi
2078 4318 2378 4374 Ecclesiam
2408 4334 2642 4389 quoque,
2677 4336 2796 4390 qua:
2829 4322 3127 4379 Jerusalem
3160 4342 3188 4378 a
3218 4341 3343 4393 pro~

1774 4411 1937 4480 pbeta
1961 4420 2208 4476 vocatur,
2237 4427 2267 4464 a
2300 4413 2517 4483 regibus
2548 4426 2602 4468 et
2629 4415 2831 4484 reginis
2864 4415 2955 4485 qui
2983 4416 3191 4469 nutritii
3224 4418 3342 4485 ejus

1776 4508 2124 4576 uutricesque
2147 4508 2312 4563 futuri
2342 4520 2490 4575 sunt,
2512 4511 2841 4566 adoraudam
2869 4512 2972 4567 dici
3005 4512 3091 4566 his
3120 4514 3335 4565 verbis:

1704 4578 1747 4633 D
1777 4599 1911 4653 Ecce
1939 4600 2077 4655 elevo
2126 4601 2195 4654 ad
2245 4613 2418 4671 gentes
2467 4620 2680 4657 manum
2726 4620 2893 4657 meam
2934 4614 2981 4658 et
3022 4603 3090 4657 ad
3134 4602 3339 4657 insulas

1774 4692 1952 4748 levabo
2005 4696 2213 4765 signum
2262 4713 2466 4764 meum;
2528 4708 2577 4751 et
2614 4698 2874 4751 adducent
2925 4697 3063 4765 ﬁlios
3117 4707 3236 4752 tuos
3283 4698 3339 4750 in

1774 4788 1926 4853 sinu;
1982 4797 2029 4841 et
2071 4787 2211 4855 ﬁlias
2269 4798 2387 4843 tuas
2435 4807 2591 4859 super
2632 4791 2875 4844 humeros
2920 4790 3221 4859 portabunt.
3268 4788 3337 4844 Et

1773 4888 1924 4933 erunt
1962 4894 2105 4945 reges
2133 4881 2339 4934 nutritii
2382 4882 2482 4944 tui,
2531 4892 2578 4936 et
2620 4882 2879 4950 principes
2906 4882 3114 4951 feminae
3135 4898 3336 4944 eorum.

1777 4972 2001 5027 nutrices
2039 4982 2165 5028 tute.
2208 4972 2378 5043 Super
2424 4974 2613 5044 faciem
2644 4984 2800 5029 terra:
2842 4976 3137 5029 adorabunt
3177 4986 3244 5042 te,
3288 4987 3335 5029 et

632 5076 683 5109 “
710 5075 851 5132 Psal.
880 5092 993 5144 cxx,
1022 5078 1078 5135 4.
1150 5080 1195 5112 ⁸⁸
1222 5078 1384 5138 Joan.
1412 5096 1525 5148 xvt,
1551 5082 1642 5140 23.
1717 5084 1761 5117 ⁸⁸
1790 5086 1949 5142 Deut.
1979 5104 2156 5152 χχιιι,
2185 5088 2273 5143 45.

1833 5231 1947 5298 (59)
1994 5233 2432 5304 Ὁμολοτοῦσιν.
2475 5234 2569 5291 Sic
2618 5234 2782 5290 habet
2831 5239 3000 5292 codex
3037 5237 3339 5290 manuscri-

1762 5309 1888 5381 pttts
1938 5303 2133 5383 inquo
2180 5303 2318 5360 male
2363 5305 2487 5378 legit
2532 5306 2712 5362 editor
2743 5306 3091 5369 Oxoniensis.
3144 5304 3336 5377 ὁμολοο

1762 5388 1999 5439 γουντες.

1836 5443 1947 5517 (60)
1977 5444 2227 5517 Διδάεει.
2258 5446 2397 5517 Lege
2424 5462 2547 5502 cum
2570 5446 3054 5517 Βειιιιείο,διδάξῃ.
3092 5456 3110 5474 ⁸

1833 5515 1963 5588 (ϐξ)-
1984 5517 2118 5570 Ἐὰν
2137 5515 2203 5568 δέ
2230 5515 2797 5588 τις,ίοίόμενος.ειο.
2828 5520 2961 5574 Vide
2989 5515 3338 5587 Origeniano-

1764 5599 1881 5636 rum
1912 5585 2006 5641 lib.
2037 5602 2099 5648 ιι,
2128 5596 2317 5652 quaest.
2347 5587 2403 5647 2.
2441 5585 2588 5641 tium.
2626 5586 2714 5640 29.

1835 5652 2578 5729 (6?)!1pq0xvrqodrwaar
2630 5656 2790 5729 aitet};
2836 5656 3057 5729 ,πάντες
3097 5660 3335 5729 ἄγγελοι

1767 5723 1933 5795 Θεοῦ.
1960 5723 2056 5779 Hic
2086 5727 2234 5780 locus
2262 5723 2443 5781 exstat
2476 5729 2615 5795 apud
2652 5726 2816 5787 LXX.
2844 5723 3328 5791 Deuteroan'un,

1764 5793 1854 5857 43,
1913 5805 1968 5850 et
2020 5796 2145 5850 licet
2192 5797 2242 5849 in
2298 5793 2523 5850 Heltrmo
2576 5798 2934 5858 desideretur,
2971 5798 3222 5853 laudatur
3261 5799 3333 5854 ab

1767 5865 2018 5934 Apostolo
2044 5866 2098 5921 in
2128 5866 2366 5936 Epistula
2397 5867 2462 5921 ad
2499 5867 2771 5930 llebrmos,
2802 5885 2840 5930 ι.
2875 5868 2927 5921 6.
