3954 6414
577 373 684 432 ιω

2043 372 2364 430 ORlGENlS

3705 385 3800 443 468

574 491 838 563 pulverem
869 493 1055 562 pedum
1093 500 1299 546 tuorum
1325 455 1557 560 (ingerit:
1592 488 1660 544 Et
1697 491 1826 546 scies
1877 492 2005 560 quia
2051 507 2105 560 eg

2216 488 2454 560 ,χουσῶν
2517 489 2813 560 γινομένων
2883 489 3113 564 τιθηνῶν
3185 496 3354 567 αὐτῆς
3412 498 3506 552 καί
3554 502 3758 571 τροφῶν
3782 543 3795 566 ,

573 583 856 652 Dominus,
907 592 958 638 et
1013 599 1118 638 non
1173 581 1620 658 coufundcris”.
1670 582 1875 652 Ecquid
1911 599 1978 638 ex
2021 587 2138 652 ejus

574 687 754 733 mente
788 677 877 747 qui
905 676 1070 730 dixit:
1104 675 1243 740 Quid
1267 691 1346 728 me
1382 676 1514 730 Δίοις
1541 676 1776 732 bonum?
1801 693 1946 730 nemo
1977 678 2137 730 bonus

573 771 678 824 nisi
701 785 835 822 unus
859 768 1020 832 Deus,
1045 767 1207 822 Pater
1233 769 1298 832 ³³,
1325 768 1470 822 aliud
1495 768 1601 823 dici
1639 777 1814 838 potest
1845 769 1945 822 nisi
1989 769 2134 824 haec:

571 861 712 928 Quid
739 876 822 916 me
865 861 1026 916 oras?
1057 859 1242 916 Solum
1280 860 1497 916 Patrem
1533 877 1692 916 orare
1729 871 1945 930 oportet
1977 877 2133 930 quem

570 964 625 1008 et
659 968 758 1024 ego
785 969 903 1022 oro,
927 956 1070 1024 quod
1101 971 1196 1025 per
1217 971 1402 1010 sacras
1434 956 1646 1010 discitis
1666 955 1998 1023 Scripturas.
2027 954 2136 1010 Nec

566 1044 710 1099 enim
749 1059 870 1098 eum
903 1061 1061 1100 orare
1096 1045 1304 1101 debetis
1335 1047 1426 1114 qui
1447 1045 1688 1116 pontifex
1708 1061 1804 1116 pro
1829 1047 1980 1100 vobis
2003 1060 2135 1100 con-

564 1137 785 1192 stitutus
814 1147 898 1192 est
922 1154 950 1192 a
975 1138 1152 1198 Patre,
1185 1137 1504 1192 ctadvocati
1533 1154 1562 1190 a
1601 1136 1764 1191 Patre
1813 1151 2006 1190 munus
2037 1150 2131 1188 ac-

563 1230 727 1298 cepit,
765 1230 861 1284 sed
895 1246 992 1300 per
1025 1229 1337 1300 pontificem
1385 1241 1442 1286 et
1490 1232 1808 1286 advocatum
1844 1231 1933 1298 qui
1969 1229 2130 1299 possit

561 1324 787 1390 compati
812 1323 1201 1390 inﬁrmitatibus
1227 1324 1425 1388 vestris,
1453 1331 1706 1378 tentatum
1733 1340 1824 1392 per
1840 1325 2014 1376 omnia
2039 1339 2133 1393 per

560 1414 962 1468 similitudinem
993 1416 1170 1482 vestri,
1193 1416 1286 1470 sed
1323 1415 1500 1470 Patris
1529 1415 1670 1470 dono
1707 1411 1974 1468 tentatum
2012 1417 2129 1468 abs-

558 1522 660 1572 que
685 1517 895 1571 peccato
927 1507 992 1558 ³³.
1021 1507 1218 1562 Discite
1257 1521 1388 1576 ergo
1419 1517 1682 1575 quantum
1729 1521 1758 1559 a
1790 1506 1954 1562 Patre
2007 1521 2126 1562 meo

561 1599 764 1652 donum
795 1598 1115 1667 acceperitis
1143 1615 1264 1652 cum
1315 1614 1412 1668 per
1445 1597 1906 1666 regenerationem
1951 1597 2002 1650 in
2041 1612 2126 1652 me

557 1689 758 1742 factam
783 1691 1070 1759 accepistis
1104 1691 1356 1761 spiritum
1411 1689 1716 1759 adoptionis
1763 1700 1820 1743 ut
1855 1688 2121 1744 vocemini

557 1779 652 1832 filii
689 1780 781 1835 Dei
809 1791 864 1836 et
889 1781 1085 1836 fratres
1112 1783 1237 1835 mei.
1283 1782 1518 1853 Legistis
1556 1782 1703 1836 enim
1727 1781 1852 1849 quid
1881 1796 1980 1850 ego
2027 1795 2122 1835 ore

2240 582 2454 652 λέγεται
2509 582 2594 636 διὰ
2651 585 2884 638 τούτων·
2942 587 3086 642 Ἰδοὺ
3117 589 3260 656 αἴρω
3293 593 3380 656 εὶς
3409 591 3482 645 τὰ
3511 593 3654 662 ἔθνη
3695 595 3798 662 τὴν

2238 671 2404 741 χεῖρά
2443 690 2584 740 μου,
2635 675 2732 726 καὶ
2777 677 2863 740 εἰς
2907 677 3010 742 τὰς
3047 675 3282 742 νήσους
3321 678 3444 746 ἀρῶ
3487 682 3802 752 σύσσημόν

2231 778 2370 830 μου·
2409 763 2504 815 καὶ
2537 763 2754 827 ἄξουσι
2805 766 2948 832 τοὺς
2985 769 3154 833 υἱούς
3183 785 3297 822 σου
3325 770 3394 822 ἐν
3439 773 3664 840 κόλπῳ,
3703 772 3800 840 τὰς

2235 853 2303 907 δὲ
2347 856 2672 926 θυγατέρας
2719 873 2834 913 σου
2885 860 2984 912 ἐπὶ
3035 859 3154 914 τῶν
3187 861 3357 930 ὤμων
3409 863 3643 930 ἀροῦσι.
3700 869 3797 920 Kal

2233 946 2476 1000 ἔσονται
2521 947 2801 1014 ,ϐασιλεῖς
2851 951 3079 1016 τιθηνοί
3131 967 3274 1004 σου·
3325 953 3382 1003 αἱ
3415 951 3482 1003 δὲ
3516 950 3800 1020 ἄρχουσαι

2233 1037 2428 1090 αὐτῶν
2457 1039 2664 1106 τροφοί
2687 1056 2822 1093 σου.
2865 1042 2984 1094 Ἐπὶ
3018 1044 3340 1109 πρόσωπον
3367 1041 3474 1110 τῆς
3495 1041 3605 1111 γῆς
3627 1059 3800 1112 προσ-

2233 1128 2576 1196 κυνήσουσί
2634 1146 2706 1182 σε
2764 1130 2862 1183 καὶ
2913 1130 3021 1184 τὸν
3081 1134 3233 1200 χοῦν
3283 1133 3398 1186 τῶν
3447 1133 3649 1186 ποδῶν
3693 1152 3798 1192 σου

2230 1221 2522 1285 λείξουσι.
2566 1222 2676 1274 Καὶ
2733 1221 2957 1292 γνώσῃ,
3005 1223 3094 1277 ὅτι
3137 1225 3250 1294 ἐγὼ
3306 1227 3522 1294 Κύριος
3553 1226 3654 1279 καί
3700 1229 3798 1282 οὐκ

2229 1313 2633 1383 αἱσχυνθήσῃ.
2655 1314 2777 1378 Πῶς
2804 1315 2860 1368 δὲ
2889 1316 2986 1368 οὐκ
3013 1315 3150 1382 ἔστι,
3184 1317 3323 1371 κατά
3353 1319 3442 1370 τὸν
3471 1320 3710 1372 εἰπόντα·
3748 1322 3800 1374 Τί

2221 1421 2299 1472 με
2317 1404 2512 1473 λέγεις
2532 1407 2756 1476 ἀγαθόν
2771 1423 2790 1470 ;
2809 1407 3006 1474 οὐδεὶς
3037 1409 3256 1478 ἀγαθὸς
3282 1413 3332 1464 εί
3352 1411 3438 1480 μὴ
3465 1407 3555 1477 εἷς
3573 1415 3606 1465 ό
3641 1412 3798 1480 Θεὸς,

2228 1498 2272 1562 ό.
2287 1497 2486 1565 Πατήρ
2515 1498 2643 1570 (65)·
2679 1501 2852 1552 εἰπεῖν
2883 1500 2966 1554 ἄν·
3012 1500 3078 1553 Τί
3128 1502 3249 1572 ἐμοὶ
3297 1503 3610 1576 προσεύχῃ;
3645 1504 3798 1574 Μόνῳ

2225 1588 2301 1660 τῷ
2349 1591 2522 1663 Πατρὶ
2555 1592 2948 1664 προσεύχεσθαι
2988 1595 3114 1666 χρὴ,
3221 1595 3374 1663 κάγὼ
3403 1597 3790 1668 προσεύχομαι·

2223 1682 2356 1754 ὅπερ
2380 1683 2468 1737 διὰ
2485 1683 2594 1737 τῶν
2619 1686 2788 1754 ἁγίων
2811 1687 3037 1757 Γραφῶν
3071 1688 3368 1758 μανθάνετε
3415 1690 3665 1760 ἀρχιερεί
3694 1691 3794 1762 γὰρ

2223 1773 2300 1844 τῷ
2327 1775 2465 1846 ὑπὲρ
2503 1777 2661 1847 ἡμῶν
2705 1775 2815 1848 (Gai)
2857 1779 3246 1832 κατασταθέντι
3287 1779 3391 1832 ὑπὸ
3422 1779 3518 1832 τοῦ
3566 1780 3794 1852 Πατρὸς,

555 1873 774 1938 Davidis
835 1875 902 1928 ad
968 1874 1178 1928 Patrem
1237 1879 1302 1930 de
1345 1876 1496 1930 vobis
1554 1875 1816 1928 dixerim:
1877 1871 2105 1926 Narrabr

2225 1867 2319 1918 καὶ
2357 1868 2687 1939 παρακλήτῳ
2713 1869 2817 1921 ὑπὸ
2848 1869 2939 1924 τοῦ
2979 1870 3192 1942 Πατρὸς
3221 1867 3356 1924 εἶναι
3375 1871 3618 1936 λαϐόντι,
3651 1872 3797 1944 εὔχε-

553 1980 742 2018 rtomen
775 1975 923 2018 tuum
966 1965 1220 2034 fratribus
1249 1967 1396 2030 meis,
1425 1968 1480 2020 in
1503 1967 1671 2020 medio
1711 1964 1960 2020 Ecclesia:
1998 1963 2119 2016 lau-

549 2057 692 2110 dabo
722 2069 771 2111 te
799 2058 866 2112 ‘°.
905 2059 1150 2113 Fratrem
1181 2069 1362 2112 autem
1390 2060 1536 2113 orari
1573 2060 1641 2113 ab
1683 2060 1765 2114 eis
1796 2059 1888 2128 qui
1929 2060 2115 2112 eodem

552 2164 662 2216 quo
694 2150 784 2204 ille
809 2149 968 2205 Patre
1001 2152 1320 2222 gloriantur,
1358 2151 1496 2204 ratio
1525 2167 1627 2204 non
1669 2151 1892 2220 patitur.
1923 2149 2004 2203 Ad
2037 2163 2119 2202 so—

551 2239 660 2294 lum
710 2242 924 2297 Patrem
965 2259 1176 2298 mecum
1221 2255 1274 2299 et
1309 2259 1407 2313 per
1445 2259 1530 2298 me
1577 2243 1854 2314 dirigenda
1889 2255 1920 2294 a
1967 2242 2119 2296 vobis

547 2333 724 2388 oratio
755 2343 858 2388 est.

2227 1959 2349 2012 σθαι
2378 1962 2522 2030 ἡμᾶς
2549 1961 2656 2032 (65)
2691 1963 2750 2014 οὐ
2783 1962 2881 2026 δεῖ,
2907 1960 3043 2014 ἀλλὰ
3075 1963 3142 2015 δι’
3169 1963 3468 2035 ἀρχιερέως
3495 1964 3588 2016 καὶ
3625 1980 3798 2034 παρα-ι

2219 2051 2414 2123 κλήτου
2436 2093 2450 2116 ,
2503 2053 2841 2123 δυναμένου
2895 2055 3234 2124 συμπαθεῖν
3277 2055 3405 2122 ταῖς
3457 2057 3794 2123 ἀσθενείαις

2217 2142 2382 2212 ἡμῶν
2432 2143 2563 2216 (66),
2625 2145 3105 2215 πεπειρασμένον
3147 2147 3294 2200 κατὰ
3335 2145 3534 2199 πάντα
3588 2148 3794 2216 ὁμοίως

2215 2237 2356 2306 ἡμῖν
2373 2237 2506 2308 (67),
2534 2237 2670 2290 ἀλλά
2691 2238 2780 2290 διὰ
2813 2239 2903 2292 τὸν
2923 2239 3302 2311 δωρησάμενόν
3333 2256 3422 2310 μοι
3452 2240 3674 2312 Πατέρα
3704 2258 3796 2292 πε-

2214 2331 2580 2402 πειρασμένον
2612 2331 2790 2400 χωρὶς
2813 2333 3119 2402 ἁμαρτίας.
3157 2332 3372 2386 Μάθετε
3405 2329 3498 2386 οὖν
3533 2335 3664 2405 ὅσην
3697 2334 3790 2386 δω-

549 2428 676 2502 ρεὰν
703 2430 810 2484 ἀπὸ
841 2429 934 2484 τοῦ
967 2431 1176 2502 Πατρός
1207 2447 1308 2502 μου
1355 2429 1612 2502 εἰλήφατε
1651 2429 1737 2482 διὰ
1780 2427 1880 2498 τῆς
1923 2429 1980 2479 ὲν
2024 2425 2145 2496 ἐμοὶ
2181 2425 2587 2496 ἀναγεννήσεως
2613 2424 2674 2478 τὸ
2705 2425 2803 2495 τῆς
2846 2425 3118 2490 υἱοθεσίας
3162 2425 3374 2497 πνεῦμα
3411 2426 3794 2498 ἀπειληφότες,

547 2521 636 2575 ἵνα
654 2524 1022 2593 χρηματίσητε
1049 2524 1152 2576 υἱοὶ
1168 2523 1321 2588 Θεοῦ,
1341 2523 1556 2593 ἀδελφοὶ
1579 2523 1634 2575 δὲ
1661 2521 1814 2592 ἐμοῦ·
1846 2521 2112 2588 ἀνέγνωτε
2147 2519 2252 2590 γὰρ
2279 2519 2377 2591 τὴν
2414 2521 2501 2576 διὰ
2557 2519 2650 2574 τοῦ
2709 2519 2868 2574 Δαυῖδ
2891 2521 2980 2572 ὑπ’
3001 2519 3134 2590 ἐμοῦ
3157 2519 3452 2590 εἰρημένην
3485 2521 3612 2592 περὶ
3643 2521 3795 2592 ὑμῶν

545 2618 681 2690 πρὸς
706 2618 796 2670 τὸν
827 2619 1274 2691 Πατέρα,φωνὴν·
1314 2618 1642 2689 Ἀπαγγελῶ
1685 2617 1753 2672 τὸ
1805 2615 1990 2686 ὄνομά
2027 2630 2140 2668 σου
2168 2615 2287 2682 τοῖς
2319 2617 2598 2686 ἀδελφοῖς
2622 2635 2760 2687 μου,
2797 2618 2866 2670 ἐν
2918 2615 3085 2686 μέσῳ
3130 2616 3487 2684 Ἐκκλησίας
3543 2616 3794 2686 ὑμνήσω

542 2727 636 2768 σε.
695 2712 930 2784 Ἀδελφῷ
971 2713 1028 2766 δὲ
1069 2713 1460 2784 προσεύχεσθαι
1512 2715 1636 2776 τοὺς
1673 2711 2106 2784 κατηξιωμένους
2137 2711 2254 2775 ἐνὸς
2283 2711 2445 2765 αὑτοῦ
2481 2711 2592 2783 (68)
2625 2712 2836 2782 Πατρὸς
2874 2712 2973 2764 οὐκ
3001 2711 3146 2764 ἔστιν
3188 2709 3425 2779 εὔλογον·
3485 2712 3634 2784 μόνῳ
3688 2713 3796 2784 γὰρ

542 2806 620 2876 τῷ
649 2806 826 2878 Πατρὶ
857 2809 972 2878 μετ’
1005 2808 1135 2879 ἐμοῦ
1166 2810 1260 2862 καὶ
1289 2809 1353 2862 δι’
1381 2808 1515 2880 ἔμ’)ὖ
1535 2807 1915 2879 ἀναπεμπτὼν
1943 2807 2088 2859 ἐστὶν
2123 2805 2250 2876 ὑμῖν
2279 2808 2607 2882 maxum“

615 2895 856 2952 16.1le
903 2899 1176 2954 dicentem
1219 2898 1499 2952 audientes
1539 2897 1748 2960 Jesum,
1793 2897 1960 2952 Deum
2011 2911 2106 2966 per

539 2985 714 3054 ipsum
756 3003 996 3054 oremus,
1035 2991 1286 3060 idemque
1341 2990 1584 3047 dicamus
1637 3007 1846 3052 omnes.
1897 3007 1998 3046 nec
2041 2992 2110 3047 de

539 3081 804 3136 orationis
832 3084 992 3136 modo
1022 3083 1346 3140 dividamur.
1395 3085 1590 3140 Annon
1637 3085 1782 3138 enim
1825 3084 1980 3138 divisi
2013 3099 2107 3140 su-

541 3187 685 3238 mus,
710 3173 756 3228 si
785 3173 876 3228 alii
922 3174 1162 3240 Patrem,
1204 3176 1292 3229 alii
1326 3192 1544 3230 oremus
1587 3175 1817 3230 Filium?
1859 3175 2109 3230 Incidunt

2287 2896 2451 2948 Ταῦτ’
2481 2893 2572 2949 οὖν
2613 2896 2858 2966 λέγοντος
2889 2895 3176 2960 ἀκούοντες
3230 2896 3424 2967 Ἰησοῦ,
3462 2896 3541 2970 τῷ
3573 2897 3691 2968 Θεῷ
3721 2897 3792 2950 δι’

2214 2989 2378 3042 αὑτοῦ
2410 2989 2713 3061 εὐχώμεθα,
2739 2992 2798 3044 τὸ
2821 2991 2951 3044 αὐτὸ
2979 2991 3225 3060 λέγοντες
3253 2993 3472 3058 πάντες,
3507 2993 3644 3064 μηδὲ
3665 2996 3795 3068 περὶ

2213 3081 2308 3135 τοῦ
2337 3081 2532 3154 τρόπου
2561 3084 2660 3153 τῆς
2681 3083 2845 3153 εὐχῆς
2865 3082 3190 3154 σχιζόμενοι.
3225 3084 3295 3135 Ἢ
3323 3085 3443 3154 οὐχὶ
3472 3085 3793 3156 σχιζόμεθα,

2216 3174 2312 3228 ὲάν
2346 3175 2514 3246 οἱμὲν
2535 3174 2612 3244 τῷ
2638 3176 2831 3247 Πατρὶ,
2867 3177 2914 3228 οἱ
2937 3176 2992 3228 δὲ
3015 3175 3091 3246 τῷ
3120 3175 3232 3246 Υἱῷ
3279 3175 3602 3246 εὐχώμεθα;
3649 3178 3796 3232 ἰδιω-

539 3264 682 3320 enim
724 3279 822 3332 per
875 3266 1094 3319 nimiam
1132 3268 1529 3336 samplieitatem
1560 3267 1722 3339 224
1770 3270 1820 3323 in
1881 3269 2103 3322 stultum

2216 3269 2314 3322 τῶν
2341 3270 2611 3342 ἁμαρτίαν
2646 3270 2788 3324 κατὰ
2826 3269 3023 3341 πολλὴν
3049 3269 3412 3341 ἀκεραιότητα
3443 3269 3534 3322 διὰ
3563 3270 3622 3323 τὸ
3650 3271 3794 3324 asa--

535 3356 748 3424 peccati
778 3371 968 3425 genus,
1006 3359 1094 3426 qui
1129 3359 1290 3413 rebus
1328 3375 1430 3412 non
1459 3361 1711 3428 expensis
1741 3369 1794 3414 et
1825 3361 2104 3414 examina-

539 3447 608 3500 tis
633 3446 829 3501 Filium
885 3458 1044 3502 orant
1096 3452 1216 3504 sive
1241 3467 1362 3505 cum
1393 3453 1578 3516 Patre,
1623 3454 1739 3506 sive
1771 3454 1888 3506 sine
1921 3453 2100 3508 Patre.

536 3537 770 3593 Oremus
811 3539 975 3610 igitur
1005 3549 1062 3593 ut
1113 3541 1318 3603 Deum;
1357 3543 1692 3612 postulemus
1727 3553 1786 3598 ut
1826 3559 1856 3597 a
1909 3545 2099 3613 Patre;

537 3634 890 3688 Obsecremus
914 3641 970 3685 ut
997 3634 1313 3700 Dominum;
1345 3636 1549 3703 gratias
1579 3652 1797 3707 agamus
1831 3647 1887 3692 ut
1915 3636 2023 3692 Deo
2051 3647 2104 3692 et

538 3723 683 3779 Patri
709 3733 762 3778 et
787 3724 1042 3788 Domino;
1074 3741 1180 3779 non
1216 3727 1439 3782 omnino
1467 3736 1648 3781 tamen
1683 3743 1964 3782 servorum
1999 3730 2102 3783 Do-

535 3817 706 3872 mino.
734 3817 904 3872 Recte
931 3818 1075 3872 enim
1109 3817 1271 3872 Pater
1299 3820 1595 3874 existimari
1631 3830 1806 3890 potest
1840 3821 1960 3878 Filii
1995 3823 2102 3878 Do-

534 3909 739 3972 minus,
765 3910 1130 3978 Dominusque
1161 3925 1350 3965 eorum
1374 3913 1464 3980 qui
1501 3927 1598 3981 per
1629 3913 1799 3980 ipsum
1846 3913 1940 3966 lilii
1969 3912 2098 3967 facti

534 4009 678 4054 sunt.
715 4001 786 4056 At
805 4002 1080 4072 sicutuon
1110 4011 1184 4056 est
1223 4001 1364 4056 Deus
1413 4013 1760 4068 mortuorum,
1807 4003 1898 4059 sed
1934 4005 2100 4058 viven-

535 4093 667 4146 tium
690 4091 771 4159 δίς
801 4094 880 4148 sic
908 4109 1013 4148 non
1044 4101 1128 4149 est
1155 4095 1416 4148 Dominus
1445 4095 1755 4164 ignobilium
1789 4111 2094 4163 servorum,

533 4186 627 4242 sed
651 4201 838 4241 eorum
885 4187 974 4256 qui
1021 4189 1256 4257 primum
1303 4189 1496 4242 timore
1543 4199 1765 4258 propter
1813 4188 2094 4244 infantiam

531 4278 1066 4349 mancipati,’p05tea
1101 4294 1199 4348 per
1240 4281 1560 4334 charitatem
1591 4280 1888 4336 feliciorem
1919 4285 2092 4337 servi-

529 4379 698 4426 tutem
731 4373 976 4425 serviunt
1005 4387 1166 4439 quam
1213 4386 1308 4440 per
1360 4372 1630 4428 timorem.
1666 4373 1802 4428 Sunt
1847 4374 1988 4428 enim
2039 4375 2094 4428 in

527 4463 706 4518 anima
729 4479 1005 4520 servorum
1043 4465 1132 4520 Dei
1167 4465 1507 4536 ﬁliorumque
1541 4467 1882 4521 characteres
1913 4466 1962 4522 ei
1993 4467 2091 4520 soli

528 4557 794 4612 manifesti
820 4560 912 4628 qui
939 4560 1100 4614 corda
1140 4560 1395 4614 intuetur.
1427 4559 1591 4630 Igitur
1625 4560 1936 4630 quicunque
1979 4570 2091 4616 ter-

525 4663 654 4704 rena
675 4661 729 4704 et
760 4665 968 4719 part-aa
995 4653 1101 4708 Deo
1133 4653 1286 4721 petit,
1315 4651 1415 4721 ipsi
1447 4667 1553 4706 non
1587 4653 1944 4722 obtemperat,
1973 4653 2088 4722 qui,

525 4755 648 4796 cum
677 4744 810 4798 nihil
837 4754 1103 4798 terrenum
1127 4754 1179 4798 et
1199 4757 1422 4812 parvum
1451 4744 1587 4798 sciat
1612 4743 1816 4814 largiri,
1849 4744 2088 4800 cmlcstia

2207 3363 2453 3416 σάνιστον
2483 3363 2576 3416 καὶ
2606 3362 2954 3427 ἀνεξέταστον
2979 3362 3402 3433 ἁμαρτανόντων
3429 3361 3539 3415 τῶν
3559 3378 3792 3434 προσευ-

2204 3455 2445 3528 χομένων
2479 3456 2558 3527 τῷ
2604 3455 2736 3526 Υἱῷ,
2773 3455 2882 3509 εἴτε
2915 3455 3052 3526 μετά
3077 3455 3172 3508 τοῦ
3205 3455 3439 3526 Πατρὸς,
3477 3456 3584 3508 εἴτε
3620 3455 3792 3526 χωρὶς

2202 3547 2292 3601 τοῦ
2336 3549 2568 3621 Πατρός.
2609 3547 3046 3620 Προσευχώμεθα
3089 3548 3267 3600 τοίνυν
3297 3548 3374 3610 ὡς
3411 3546 3552 3616 Θεῷ,
3593 3548 3794 3614 ἐντυγ-

2201 3640 2451 3710 χάνωμεν
2489 3639 2546 3692 δὲ
2572 3638 2647 3702 ὼς
2679 3638 2871 3710 Πατρὶ,
2901 3636 3147 3708 δεώμεθα
3173 3637 3230 3690 δὲ
3264 3637 3340 3700 ὠς
3367 3637 3595 3708 Κυρίου,
3625 3637 3794 3706 εὐχα-

2203 3729 2472 3802 ριστῶμεν
2513 3730 2568 3782 δὲ
2597 3729 2674 3792 ὡς
2708 3729 2826 3800 Θεῷ
2856 3729 2950 3782 καὶ
2988 3730 3160 3800 Πατρὶ
3197 3729 3290 3781 καὶ
3320 3729 3532 3801 Κυρίῳ,
3553 3728 3614 3780 οὐ
3646 3727 3793 3781 πάν-

2198 3839 2307 3886 τως
2334 3821 2517 3874 δούλου
2551 3821 2662 3874 ὄντι
2689 3821 2893 3892 Κυρίῳ·
2925 3822 2954 3872 ό
2981 3821 3090 3892 γὰρ
3125 3819 3313 3891 Πατὴρ
3347 3820 3582 3889 εὐλόγως
3611 3819 3674 3872 ἂν
3693 3834 3792 3872 νο-

2203 3914 2414 3985 μισθείη
2442 3915 2536 3967 τοῦ
2576 3915 2612 3966 Υ
2617 3913 2694 3966 ἰοῦ
2723 3913 2817 3966 καὶ
2847 3912 3068 3984 Κύριος,
3091 3912 3310 3965 καὶτῶν
3335 3911 3402 3964 δι’
3435 3911 3595 3964 αὐτὸν
3623 3926 3790 3978 γενο-

2201 4004 2376 4074 μένων
2405 4003 2534 4057 υἱῶν
2548 4003 2768 4076 Κύριος.
2791 4005 2994 4074 Ὥσπερ
3011 4003 3064 4055 δὲ
3086 4005 3196 4056 οὐκ
3217 4003 3346 4056 ἔστι
3369 4003 3513 4068 Θεὸς
3527 3999 3786 4070 νεκρῶν,

2197 4096 2358 4150 ἀλλὰ
2400 4093 2646 4160 ζώντων,
2689 4095 2860 4158 οὕτως
2907 4095 3007 4147 οὐκ
3049 4093 3162 4146 ἔστι
3192 4093 3394 4165 Κύριος
3422 4092 3628 4162 ἀγενῶν
3649 4090 3782 4145 δούσ-

2197 4187 2322 4250 λων,
2347 4187 2480 4242 ἁλλά
2507 4187 2615 4240 τῶν
2644 4187 2784 4240 κατὰ
2811 4187 2910 4258 μὲν
2933 4186 3032 4250 τὰς
3059 4186 3232 4258 ἀρχὰς
3261 4186 3412 4257 φόϐῳ
3441 4185 3530 4238 διὰ
3553 4186 3648 4256 τὴν
3675 4201 3787 4255 νη-

2197 4280 2424 4352 πιότητα
2454 4277 2955 4349 ὲξευγενιζομένων·
2983 4279 3116 4350 μετά
3144 4277 3385 4332 δὲταῦτα
3415 4279 3510 4332 καὶ
3529 4277 3624 4349 τὴν
3653 4275 3780 4346 (69}

2195 4373 2414 4441 ἀγάπην
2455 4369 2868 4441 μακαριωτέραν
2917 4370 3015 4439 τῆς
3058 4371 3113 4420 ὲν
3163 4367 3312 4438 φόϐῳ
3355 4367 3597 4431 δουλείας
3645 4367 3784 4420 δου-

2195 4464 2475 4520 Λευόντων·
2506 4461 2612 4514 εἰσὶ
2639 4459 2744 4532 γὰρ
2775 4459 2869 4514 καὶ
2898 4462 2955 4512 ὲν
2987 4461 3052 4527 τῇ
3083 4459 3226 4530 ψυχῇ
3261 4458 3406 4528 μόνῳ
3437 4457 3512 4528 τῷ
3545 4456 3782 4528 καρδίας

2199 4558 2439 4628 βλέποντι
2463 4554 2808 4628 χαρακτῆρες
2837 4553 3060 4624 φανεροὶ
3099 4551 3300 4604 δούλων
3333 4549 3490 4613 Θεοῦ,
3515 4550 3602 4603 καὶ
3629 4546 3784 4600 υἱῶν

2196 4649 2380 4704 αὐτοῦ.
2421 4649 2535 4711 Πᾶς
2557 4643 2840 4718 τοιγαροῦν
2865 4647 2893 4700 ό
2921 4645 2989 4700 τὰ
3017 4643 3232 4712 ἐπίγεια
3275 4644 3367 4697 καὶ
3401 4643 3571 4715 μικρὰ
3593 4640 3782 4695 αἰτῶν

2197 4741 2304 4796 ἀπὸ
2345 4739 2437 4794 τοῦ
2476 4737 2630 4800 Θεοῦ,
2661 4736 2962 4814 παρακούει
3005 4736 3097 4792 τοῦ
3127 4733 3498 4805 ἐντειλαμένου
3531 4733 3788 4804 ἐπουρά-

523 4843 576 4887 et
607 4851 796 4904 magna
825 4848 1008 4907 petere
1030 4836 1210 4907 jussit.
1239 4836 1390 4902 Quod
1420 4837 1466 4892 si
1495 4836 1617 4906 quis
1639 4836 1858 4907 obiiciat
1895 4851 2086 4907 corpo-

2216 4851 2282 4888 ιια
2309 4831 2402 4886 καὶ
2436 4828 2645 4902 μεγάλα
2672 4831 2838 4882 αἰτεῖν
2880 4828 2991 4900 (70)
3026 4827 3132 4884 ἀπὸ
3173 4825 3266 4880 τοῦ
3303 4828 3469 4899 μηδὲν
3499 4827 3782 4894 ἐπίγειον,

593 4992 636 5023 ³⁷
663 4989 763 5045 lsa.
791 4990 1050 5055 Xth,2‘.’.,
1076 4987 1165 5044 9.5.
1241 4991 1285 5022 ³⁸
1307 4990 1470 5046 Marc.
1503 5009 1557 5060 κ,
1590 4991 1679 5044 18.
1755 4991 1798 5023 ³³
1837 4989 1970 5046 Heb.
2006 5007 2080 5057 tv,
2118 4993 2137 5045 1

594 5153 704 5226 (65)
737 5154 948 5226 οὐδεὶς
975 5153 1194 5224 ἀγαθὸς
1225 5159 1277 5209 εὶ
1301 5155 1388 5225 μὴ
1410 5152 1496 5222 εἷς
1534 5160 1567 5211 ό
1595 5155 1760 5222 Θεὸς,
1796 5160 1829 5210 ὁ
1859 5156 2077 5226 Πατήρ.

519 5224 712 5281 ExStat
735 5224 821 5280 hic
848 5225 1140 5292 Scripturte
1171 5224 1321 5280 locus
1346 5227 1537 5281 Matth.
1569 5245 1646 5288 rx,
1693 5228 1788 5290 l7;
1827 5227 1992 5281 Marc.
2017 5224 2076 5290 it,

520 5299 609 5368 18,
641 5305 695 5349 et
719 5293 1034 5368 Lucsxwu,
1069 5297 1154 5350 18.
1187 5296 1296 5351 Nec
1333 5299 1497 5350 aliter
1524 5304 1591 5368 ιιι)
1621 5297 1853 5368 Origene
1879 5299 2080 5352 citatur

519 5367 612 5419 lib.
639 5383 656 5418 1
683 5367 827 5436 Περί
846 5366 1065 5436 ἀρχῶν,
1100 5368 1192 5420 lih.
1225 5384 1256 5420 v
1295 5377 1482 5420 contra
1524 5366 1751 5435 Celsum,
1795 5383 1940 5422 num.
1991 5369 2075 5424 Η.

521 5431 1294 5506 Verttmtanieu"Epiphanius
1345 5439 1538 5491 haeres.
1583 5438 1676 5500 42,
1727 5431 1874 5491 num.
1911 5438 1997 5501 ll,
2047 5455 2074 5490 a

517 5505 788 5561 Marciane
818 5509 1098 5561 contendit
1135 5510 1382 5560 falsatum
1407 5523 1528 5562 esse
1557 5509 1858 5574 adiectione
1883 5513 2031 5560 vocis
2058 5522 2074 5561 :

515 5579 544 5649 ό
575 5578 782 5649 Πατήρ.
817 5579 906 5631 Sic
943 5579 1079 5643 apud
1123 5579 1476 5649 Athanasium
1523 5589 1712 5631 auctor
1741 5579 2072 5649 dialogorum

519 5647 593 5700 De
645 5647 942 5716 Trinitatis:
983 5649 1171 5700 Καίτοι
1225 5649 1324 5700 οὐκ
1375 5647 1587 5716 εἴρηται
1625 5649 1827 5710 Οὐδείς
1857 5647 2078 5716 ἀγαθός

515 5717 657 5785 εἰμὴ
675 5712 756 5785 εἷς
787 5722 818 5772 ό
845 5716 1079 5789 Πατήρ·
1122 5717 1234 5770 ἀλλ’
1265 5712 1745 5789 meacumea,
1780 5721 1831 5772 εἱ
1873 5712 1957 5789 μὴ
1989 5712 2075 5784 εἷς

515 5791 722 5854 ὀϐεός.
743 5789 898 5856 Atqui
927 5803 1031 5839 non
1047 5788 1242 5840 dictum
1272 5799 1344 5840 est
1369 5803 1386 5840 :
1415 5787 1580 5840 Nemo
1600 5793 1787 5855 bonus,
1818 5787 1916 5844 nisi
1946 5806 2077 5842 unus

515 5858 696 5924 Pater,
725 5861 837 5924 sed,
868 5857 1036 5912 Nemo
1053 5857 1235 5923 bonus,
1270 5860 1517 5912 nisiunus
1536 5858 1694 5913 Deus.

2151 4992 2201 5047 5.
2279 4991 2325 5023 “
2357 4989 2500 5044 Psul.
2537 5005 2644 5052 XXI,
2676 4989 2767 5044 25.
2843 4988 2884 5019 ⁸¹
2919 4987 3106 5042 Matth.
3140 5001 3282 5054 xx",
3313 4985 3402 5040 '52.

2247 5155 2359 5222 (‘54)
2397 5154 2599 5223 Ἡμῶν.
2635 5155 2800 5224 Lego,
2835 5153 3007 5224 ὑμῶν.

2254 5225 2366 5296 (65)
2412 5224 2605 5296 Ἠμᾷς-
2641 5225 2803 5296 ἔνθεοι
2835 5226 3000 5296 ὑμᾶς.

2255 5295 2366 5366 (66)
2408 5295 2612 5366 Ἠμῷν.
2627 5295 2802 5366 "Lego,
2838 5295 3012 5364 ὑμῶν.

2253 5368 2366 5434 (67)
2405 5365 2586 5435 Ἡμῖν.
2623 5365 2784 5435 Lego,
2812 5366 2963 5432 ὑμῖν.

2253 5433 2364 5510 (68)
2397 5433 2608 5510 Αὑτοῦ..
2627 5433 3058 5510 Bentleiuslegit,
3088 5433 3257 5510 αὐτῷ.

2253 5500 2364 5574 (69)
2387 5506 2496 5560 Καὶ
2534 5505 2667 5573 τήν,
2701 5515 2805 5558 cte.
2845 5500 3006 5558 Forte
3041 5500 3344 5572 legendum,
3373 5500 3621 5574 κατᾰᾷτήν
3653 5511 3792 5574 gul

2180 5570 2270 5631 ’ὁιᾶ
2295 5570 2392 5648 τῆν
2423 5570 2641 5647 ἀγάπήν
2675 5570 3215 5647 μακαριωτέραν-τῆς
3247 5577 3303 5628 ἐν
3333 5573 3478 5644 φόϐῳ
3501 5570 3788 5626 δουλείαν

2180 5648 2554 5702 δουλευόντων.

2263 5717 2372 5786 (70)
2426 5715 2772 5784 Ἐπουριὶνια
2821 5718 2917 5770 καὶ
2965 5715 3196 5786 μεγάλα
3238 5715 3439 5768 αἰτεῖν.
3481 5712 3630 5786 Forte
3689 5726 3792 5768 ex

2191 5781 2480 5857 Evangelio
2509 5781 2816 5856 apocrypbo
2859 5781 3061 5842 Neu—ar.
3105 5786 3234 5839 Vide
3265 5797 3416 5840 notas
3443 5785 3506 5837 ad
3535 5781 3624 5836 lib.
3673 5796 3786 5839 vn

2190 5872 2369 5912 contra
2388 5857 2610 5923 Celsum,
2645 5873 2787 5910 num.
2822 5857 2909 5914 εΗ.
