3954 6414
520 426 615 484 471

1993 414 2313 473 ORlGENlS

3658 406 3760 461 4⁵12

520 544 636 599 Nec
687 542 815 597 illud
849 543 1014 612 igitur
1050 553 1302 611 magnum
1337 537 1444 593 erit
1483 538 1529 593 si
1570 533 1689 609 ejus
1723 535 2095 606 consilio'qui

2200 535 2378 589 τοίνυν
2435 533 2484 586 εί
2527 531 2630 604 τῆς
2681 529 2988 603 προθέσεως
3021 526 3137 600 (78)
3188 525 3280 580 τοῦ
3325 520 3663 598 δωρουμένου
3696 519 3763 576 τὰ

522 635 797 706 ιιτωοὶνυιι
839 634 995 689 nobis
1027 630 1259 701 largitur
1298 630 1607 685 rationibus
1636 629 1958 698 quibusdam
1993 643 2089 684 oc-

522 726 687 782 cultis
737 735 898 794 atque
942 725 1172 778 secretis
1214 736 1313 792 pro
1361 720 1686 791 accipientis
1726 729 1783 774 et
1831 719 2092 790 temporis

523 819 709 883 modo,
734 817 830 871 ﬂat
858 823 918 870 ut
937 830 1060 870 cum
1086 816 1356 886 prateipua
1376 804 1782 879 dantur,null:e
1803 811 2093 883 aliquando

523 911 749 969 omnino
767 916 1065 981 sequantur
1103 908 1348 974 umbrae;
1393 905 1684 977 aliquando
1709 919 1815 959 non
1845 903 2089 959 omnium

523 1004 652 1068 sint,
675 1002 771 1057 sed
786 1001 1111 1072 aliquorum,
1129 998 1418 1067 aliquando
1442 997 1679 1051 minores
1695 994 1925 1049 aliarum
1945 1008 2093 1048 com-

524 1095 809 1168 paratione
837 1093 1100 1165 majorum
1131 1106 1253 1162 quae
1273 1091 1381 1146 alia
1410 1096 1735 1161 sequuntur.
1763 1086 1831 1144 Ut
1856 1085 2018 1157 igitur
2040 1083 2091 1139 ei

524 1188 617 1262 qui
650 1189 863 1247 solares
885 1187 1084 1258 quaerit
1123 1186 1325 1249 radios,
1366 1192 1653 1254 postquam
1683 1196 1779 1238 eos
1810 1190 2093 1237 assecutus

524 1291 634 1347 est,
679 1284 794 1337 sive
836 1281 980 1337 adsit
1030 1278 1220 1334 umbra
1265 1276 1531 1346 corporis,
1565 1275 1681 1331 sive
1714 1273 1875 1337 absit,
1920 1288 2093 1344 neque

527 1376 761 1446 jucunda
791 1374 879 1430 illa
910 1384 1015 1440 est,
1048 1389 1225 1443 neque
1247 1369 1496 1434 molesta,
1518 1383 1643 1425 cum
1672 1381 1863 1436 nempe
1891 1366 2094 1422 habeat

529 1470 579 1521 id
609 1469 751 1538 quod
782 1467 1020 1523 maxime
1044 1463 1410 1522 necessarium
1440 1472 1544 1529 est,
1564 1462 1677 1517 sive
1706 1462 1949 1530 privetur
1978 1476 2095 1514 uui-

526 1561 646 1625 hra,
676 1561 793 1616 sive
825 1560 943 1629 plus
982 1559 1098 1627 ejus
1128 1558 1345 1623 habeat,
1378 1556 1491 1610 sive
1539 1555 1753 1620 minus;
1793 1554 1867 1607 ita
1910 1552 1955 1607 si
2004 1567 2094 1607 res

531 1653 688 1708 nobis
720 1652 904 1707 adsint
950 1650 1278 1722 spirituales,
1317 1659 1370 1701 et
1399 1663 1427 1700 a
1468 1646 1578 1702 Deo
1616 1645 1986 1700 illumineniur
2029 1644 2094 1697 ad

530 1744 902 1800 omm‘modam
955 1759 1204 1799 verorum
1268 1744 1532 1797 bonorum
1604 1739 2094 1809 comparationem,

528 1852 635 1891 non
692 1853 808 1892 rem
858 1846 1096 1903 tenuem,
1137 1836 1385 1891 umbram
1419 1832 1611 1903 pusillo
1644 1832 1827 1885 animo
1852 1833 2093 1896 require-

528 1946 667 1986 mus.
688 1929 795 1986 Res
820 1932 963 1986 enim
993 1946 1182 1986 omnes
1214 1928 1521 2007 inateriales
1545 1938 1600 1983 et
1624 1940 1924 1997 corporew,
1948 1941 2096 1994 qure-

526 2038 745 2093 cunque
766 2023 985 2079 tandem
1011 2023 1115 2078 illa:
1134 2022 1261 2087 sint,
1293 2022 1497 2076 umbrae
1520 2020 1653 2076 levis
1682 2031 1737 2075 et
1773 2019 1978 2088 fragilis
2010 2034 2096 2073 ra—

531 2123 735 2172 tionem
770 2117 993 2181 habent,
1033 2130 1134 2172 nec
1163 2124 1290 2171 sunt
1342 2114 1452 2169 ullo
1489 2115 1647 2169 modo
1686 2129 1808 2169 cum
1839 2112 2095 2167 salutari-

528 2208 631 2265 bus
659 2208 966 2277 sanctisque
990 2207 1081 2262 Dei
1132 2206 1510 2261 universorum
1543 2204 1700 2259 donis
1730 2204 2092 2259 conferendae.

530 2302 662 2369 Quae
694 2303 838 2358 cnim
871 2300 1204 2371 comparatio
1226 2314 1613 2369 corporearum
1644 2313 1762 2353 esse
1790 2298 2095 2352 divitiarum

532 2402 718 2463 potest
743 2408 865 2448 cum
890 2392 958 2447 iis
991 2392 1185 2461 quibus
1223 2391 1411 2445 divites
1452 2388 1613 2445 ﬁmus
1668 2390 1724 2443 in
1761 2389 1905 2442 omni
1941 2388 2098 2441 verbo

528 2495 578 2540 et
622 2486 679 2539 in
707 2485 849 2539 omni
893 2484 1149 2556 sapientia
1178 2482 1261 2537 ⁸³⁸1
1288 2482 1421 2550 Quis
1466 2483 1570 2537 nisi
1618 2496 1806 2536 amens
1853 2482 2096 2534 carnium

530 2577 847 2645 ossiumque
873 2573 1159 2629 Sanitatem
1191 2572 1438 2628 conferat
1459 2587 1583 2628 cum
1619 2570 1850 2627 sanitate
1877 2570 2097 2634 mentis,

529 2668 732 2723 animae
757 2667 1015 2731 ﬁrmitate
1052 2665 1555 2736 cogitationumque
1592 2675 1712 2735 apta
1747 2664 2097 2732 compositio-

529 2760 635 2816 ne?
664 2758 788 2814 Haec
814 2758 959 2813 enim
988 2760 1195 2826 omnia,
1234 2757 1280 2812 si
1311 2757 1404 2811 Dei
1429 2758 1594 2812 verbo
1617 2766 1921 2827 temperata
1956 2755 2098 2819 sint,

529 2850 741 2905 faciunt
765 2848 1060 2918 utpunctio
1083 2848 1280 2914 tenuis,
1305 2856 1362 2903 et
1389 2848 1433 2903 si
1458 2847 1586 2917 quid
1612 2847 1907 2919 punctione
1929 2846 2102 2902 levius

533 2954 815 3012 putamus,
849 2954 1123 3011 corporea;
1173 2955 1364 2996 omnes
1410 2955 1664 2995 aerumna:
1697 2941 2099 2996 existimentur.

532 3036 635 3103 Qui
659 3045 840 3091 autem
887 3044 1072 3091 mente
1104 3034 1416 3104 conceperit
1455 3050 1575 3103 qua:
1604 3033 1675 3088 sit
1705 3033 1851 3087 illius
1889 3047 2102 3102 sponsa:

532 3129 880 3201 pulchritudo
912 3124 1073 3201 quam
1120 3143 1372 3199 sponsus,
1419 3126 1512 3197 qui
1557 3134 1642 3182 est
1686 3125 1783 3180 Dei
1840 3124 2099 3190 Verbum,

2193 624 2598 699 προηγούμενα,
2669 622 3023 695 χαριζομένου
3075 618 3215 673 κατά
3258 635 3409 681 τινας
3479 614 3762 682 ἀναλογίας

2191 719 2534 792 ἀπορρήτους
2554 717 2643 770 καὶ
2662 715 2926 788 μυστικὰς
2942 710 3287 787 ἁρμοζόντως
3303 712 3413 773 τοῖς
3433 707 3762 778 λαμϐάνουσι

2190 812 2288 865 καὶ
2304 814 2416 875 τοῖς
2442 810 2672 882 χρόνοις,
2693 809 2781 862 ὅτε
2800 807 3000 860 δίδοται
3028 803 3102 858 τὰ
3125 800 3529 876 προηγούμενα,
3550 798 3636 851 ὁτὲ
3671 796 3766 868 μὲν

2194 903 2306 956 οὐδ’
2322 902 2458 966 ὅλως
2479 903 2535 955 αἱ
2559 901 2705 954 σκιαὶ
2717 901 2829 963 τοῖς
2853 896 3219 968 λαμϐάνουσιν
3236 894 3479 955 ἕπονται,
3509 890 3598 943 ότὲ
3619 889 3675 942 δὲ
3704 888 3762 941 οῦ

2195 995 2432 1059 πάντων,
2462 992 2574 1047 ἀλλ’
2596 991 2809 1062 ὀλίγων,
2849 991 2937 1045 ὁτὲ
2956 990 3012 1043 δὲ
3044 988 3300 1051 ἐλάττους
3330 984 3614 1057 συγκρίσει
3652 978 3768 1036 ἑτέ-

2194 1107 2304 1162 ρων
2327 1087 2583 1160 μειζόνων
2601 1086 2779 1149 άλλοις
2799 1082 3273 1138 ὲπακολουθουσῶν
3287 1079 3418 1151 (79).
3440 1079 3653 1149 Ὥσπερ
3676 1071 3767 1130 οῦν

2190 1184 2284 1237 τὸν
2322 1180 2587 1254 ζητοῦντα
2628 1177 2727 1243 τὰς
2768 1177 3000 1249 ἡλιακὰς
3041 1177 3285 1239 ἀκτῖνας,
3329 1171 3451 1227 οὔτε
3495 1168 3765 1243 παροῦσα,

2192 1275 2315 1329 οῦτε
2365 1272 2578 1332 ἀποῦσα
2618 1274 2651 1344 ἡ
2683 1270 2791 1325 τῶν
2828 1268 3096 1341 σωμάτων
3122 1267 3234 1339 (80)
3266 1265 3394 1320 σκιά
3418 1263 3698 1337 εὐφραίνει
3731 1263 3767 1334 ἢ

2195 1366 2360 1421 λυπεῖ
2388 1408 2403 1431 ,
2447 1365 2636 1437 ἔχοντα
2668 1363 2729 1417 τὸ
2768 1360 3220 1431 ἀναγκαιότατον,
3255 1357 3393 1412 ἐπὰν
3422 1353 3774 1427 πεφωτισμέ-

2194 1480 2303 1527 νος,
2349 1462 2469 1534 ἦτοι
2510 1457 2866 1531 ἐστερημένος
2894 1455 3004 1525 (81)
3109 1453 3208 1524 τῆς
3243 1452 3421 1516 σκιᾶς,
3453 1451 3486 1522 ἦ
3519 1450 3701 1503 πλεῖον
3733 1449 3771 1521 ἧ

2194 1556 2410 1609 ἔλαττον
2436 1553 2534 1626 ἔχῃ
2559 1552 2660 1623 τῆς
2687 1551 2862 1614 σκιᾶςο
2890 1547 3063 1612 οὕτως
3108 1548 3174 1601 ἃν
3202 1548 3347 1616 παρῇ
3366 1546 3500 1616 ἡμῖν
3516 1542 3584 1596 τά
3611 1560 3775 1596 πνευ-

2200 1648 2423 1723 ματικά,
2456 1648 2547 1703 καὶ
2575 1643 2934 1718 φωτιζώμεθα
2955 1642 3063 1696 ὑπὸ
3091 1640 3184 1695 τοῦ
3205 1638 3339 1694 Θεοῦ
3367 1638 3503 1711 πρὸς
3515 1638 3615 1709 τὴν
3640 1654 3777 1691 παν.

2197 1744 2324 1816 τελῆ
2352 1742 2544 1813 κτῆσιν
2571 1739 2679 1794 τῶν
2708 1736 2976 1809 ἀληθινῶν
3000 1734 3242 1805 ἀγαθῶν,
3281 1733 3342 1787 ού
3380 1731 3775 1804 μικρολογήσο-

2202 1854 2299 1908 μεν
2332 1836 2460 1908 περὶ
2500 1831 2750 1895 εὐτελοῦς
2791 1829 3117 1902 πράγματος
3149 1825 3243 1880 τοῦ
3280 1824 3421 1879 κατὰ
3450 1823 3549 1894 τὴν
3592 1820 3774 1875 σκιάν.

2198 1930 2378 1983 Πάντα
2397 1929 2504 2001 γὰρ
2535 1926 2601 1980 τὰ
2627 1920 2785 1980 ύλικὰ
2808 1923 2901 1975 καὶ
2928 1921 2997 1975 τά
3026 1919 3334 1992 σωματικὰ,
3368 1917 3530 1972 ὁποῖά
3556 1932 3687 1968 ποτε
3706 1913 3775 1967 ἂν

2192 2020 2457 2093 τυγχάνῃ,
2493 2019 2651 2081 σκιᾶς
2703 2011 2973 2088 ἀμενηνοῦ
3012 2012 3106 2065 καὶ
3154 2007 3415 2082 ἀδρανοῦς
3448 2006 3561 2077 ἔχει
3592 2004 3773 2073 λόγον,

2193 2114 2445 2183 οὐδαμῶς
2483 2111 2755 2182 δυνάμενα
2802 2102 3243 2180 παραϐάλλεσθαι
3288 2100 3425 2173 πρὸς
3460 2097 3561 2162 τάς
3600 2115 3776 2170 σωτη-

2201 2212 2347 2284 ρίους
2370 2207 2464 2261 τοῦ
2497 2202 2630 2260 Θεοῦ
2658 2203 2767 2257 τῶν
2790 2202 2926 2255 ὅλων
2948 2199 3042 2254 καὶ
3065 2196 3223 2267 ἀγίας
3245 2192 3472 2266 δωρεάς.
3495 2190 3633 2245 Ποία
3664 2190 3777 2261 γάρ

2198 2281 2482 2373 σύγκρισις
2524 2292 2833 2368 σωματικοῦ
2873 2289 3102 2345 πλούτου
3159 2287 3294 2360 πρὸς
3330 2285 3420 2339 τόν
3463 2284 3534 2337 ἐν
3587 2281 3772 2336 παντὶ

2195 2370 2353 2462 λόγω
2401 2387 2626 2441 πλοῦτον
2670 2384 2768 2439 καὶ
2795 2381 2960 2449 πάσῃ
2990 2379 3205 2449 o‘osalgt;
3240 2376 3337 2440 Τίς
3367 2376 3412 2429 δ’
3442 2373 3507 2428 ἂν
3538 2372 3649 2444 (82)
3698 2370 3777 2442 μὴ

2201 2481 2522 2553 μαινόμενος
2539 2476 2839 2549 παραϐάλοι
2863 2472 3050 2543 ὑγείαν
3070 2468 3284 2543 σαρκῶν
3303 2467 3396 2521 καὶ
3415 2465 3617 2519 ὀστέων
3640 2463 3778 2533 πρὸς

2201 2576 2507 2646 ὑγιαίνοντα
2524 2572 2647 2626 νοῦν
2670 2571 2763 2625 καὶ
2788 2567 3106 2641 ἐρρωμένην
3123 2560 3298 2635 ψυχὴν
3318 2561 3411 2615 καὶ
3429 2559 3780 2631 συμμέτρους

2198 2665 2523 2737 λογισμούς;
2554 2664 2709 2719 ἆτινα
2737 2661 2909 2715 πάντα
2938 2659 3080 2729 λόγῳ
3111 2654 3481 2729 ρυθμιζόμενα
3503 2648 3665 2717 Θεοῦ,
3686 2650 3780 2702 εύ-

2200 2760 2326 2831 τελῆ
2363 2776 2484 2813 τινα
2522 2755 2759 2827 ἀμυχὴν,
2789 2754 2882 2807 καὶ
2910 2751 2964 2805 εί
2987 2768 3039 2803 τι
3069 2749 3285 2820 ἀμυχῆς
3330 2743 3669 2817 βραχύτερον
3703 2757 3783 2794 νο-

2205 2850 2453 2925 μίζομεν,
2483 2851 2625 2904 ποιεῖ
2652 2846 2721 2901 τὰ
2746 2844 3036 2917 σωματικά
3062 2841 3388 2913 παθήματα.
3439 2838 3498 2890 Ὁ
3524 2836 3582 2890 δὲ
3610 2850 3783 2889 κατα-

2203 2951 2401 3019 νοήσας
2425 2945 2477 2997 τί
2509 2942 2627 2997 ποτ’
2712 2941 2772 2995 τὸ
2800 2938 2995 3001 κάλλος
3023 2936 3122 3006 τῆς
3155 2934 3216 2989 νύ
3226 2926 3472 3005 μφης,ἦς
3497 2931 3525 2983 6
3548 2926 3783 2999 νυμφίος

2202 3042 2374 3110 Λόγος
2408 3038 2483 3093 ῶν
2529 3036 2663 3093 Θεοῦ
2703 3036 2823 3108 ἐρᾷ,
2872 3032 3048 3104 ψυχῆς
3075 3025 3451 3098 τυγχανούσης
3507 3020 3783 3090 ἀνθούσης

2206 3131 2582 3205 ὑπερουρανίῳ
2614 3130 2706 3184 καὶ
2741 3123 3097 3198 ὑπερκοσμίῳ
3141 3119 3349 3181 κάλλει,
3401 3114 3784 3185 αἰδεσθήσεται

536 3231 707 3289 amat,
730 3222 947 3288 anima},
984 3222 1228 3293 inquam,
1257 3234 1323 3275 ex
1356 3218 1521 3290 226
1561 3217 1961 3288 pulchritudine
2002 3214 2099 3270 llo-

2205 3227 2307 3282 γ.ἂν
2338 3202 2587 3297 τῷταύτῷ
2609 3216 2933 3292 ὀνόματιτοῦ
2965 3214 3191 3276 κάλλους
3215 3212 3443 3281 τιμῆσαι
3472 3202 3787 3278 σωματικὸν

536 3315 712 3370 rentis
761 3329 882 3384 quae
920 3323 976 3369 et
1003 3314 1201 3370 coelum
1237 3323 1294 3367 et
1342 3312 1602 3366 mundum
1643 3309 1817 3378 ipsum
1867 3308 2099 3374 excedit,

535 3422 660 3463 eum
719 3407 949 3478 pudebit
988 3406 1177 3461 eodem
1208 3403 1633 3475 pulchritudinis
1662 3401 1883 3457 nomine
1908 3415 2100 3472 corpo-

536 3513 687 3554 ream
708 3512 907 3553 ornare
933 3497 1387 3568 pulchritudinem
1405 3496 1518 3550 sive
1542 3492 1783 3549 mulieris
1805 3494 1919 3547 sive
1949 3492 2103 3562 pueri

541 3606 637 3646 seu
678 3590 824 3657 viri;
858 3605 983 3645 cum
1024 3604 1167 3643 vera:
1222 3587 1638 3658 pulchritudinis
1695 3600 1826 3641 caro
1866 3600 1977 3640 non
2032 3584 2106 3639 sit

540 3698 736 3752 capax,
759 3681 853 3737 sed
884 3689 999 3736 tota
1022 3681 1094 3735 sit
1118 3679 1410 3751 turpitudo.
1440 3676 1627 3734 Omnis
1657 3678 1799 3733 enim
1828 3692 1957 3732 caro
1995 3676 2102 3731 feni

540 3775 715 3829 instar
739 3783 845 3839 est,
878 3773 1101 3843 ejusque
1130 3772 1300 3842 gloria
1334 3787 1494 3842 quam
1529 3769 1701 3825 oculis
1749 3769 1970 3825 exhibet
2014 3769 2104 3823 illa

536 3879 662 3934 quin
704 3864 991 3918 mulierum
1022 3873 1116 3916 aut
1163 3877 1452 3931 puerorum
1508 3860 1707 3914 dicitur
1741 3858 2105 3929 pulchritudo,

538 3954 658 4011 ﬂori
700 3965 1052 4025 comparatur
1090 3954 1244 4023 juxta
1284 3955 1563 4025 prophetae
1588 3966 1892 4007 sermonem
1925 3951 2108 4005 dicen-

541 4051 612 4105 tis
654 4065 670 4105 :
709 4047 893 4104 Omnis
922 4065 1045 4103 raro
1075 4048 1273 4118 fenum,
1302 4058 1348 4102 et
1378 4047 1546 4100 omnis
1597 4043 1767 4115 gloria
1813 4043 1926 4113 ejus
1961 4043 2109 4114 quasi

540 4142 639 4211 ﬂos
675 4141 805 4212 feni.
844 4142 996 4195 Aruit
1015 4141 1215 4211 fenum,
1243 4150 1288 4193 et
1318 4141 1415 4209 [los
1446 4138 1670 4202 cecidit;
1702 4135 1909 4190 verbum
1935 4145 2110 4188 autent

541 4232 753 4287 Domini
775 4242 947 4286 manet
970 4233 1025 4285 in
1050 4232 1419 4301 sempiternum
1449 4228 1515 4284 “.
1545 4227 1677 4295 Quis
1701 4228 1865 4282 etiam
1909 4227 2108 4282 nobili-

545 4335 706 4379 tatem
743 4325 964 4395 proprie
996 4323 1207 4378 vocabit
1239 4338 1356 4377 eam
1383 4337 1506 4392 qua:
1535 4321 1671 4377 solet
1697 4322 1837 4391 apud
1867 4321 2112 4375 homines

541 4417 803 4473 nobilitas
837 4418 970 4482 dici,
1023 4418 1070 4471 si
1110 4417 1271 4470 modo
1324 4415 1560 4469 liliorum
1622 4414 1714 4467 Dei
1770 4414 2110 4468 nobilitatem

542 4508 888 4581 cognoverit?
904 4507 1146 4577 Regnum
1164 4518 1346 4561 autem
1368 4507 1567 4562 ChriSti
1583 4508 1965 4561 inconcussum
1987 4520 2110 4559 cum

2209 3296 2400 3380 κάλλος
2425 3312 2735 3385 γυναικὸςῆ
2767 3308 2972 3373 παιδὸς,
3002 3307 3035 3379 ἧ
3066 3303 3256 3374 ἀνδρός
3290 3320 3303 3332 ο
3335 3300 3396 3354 τὸ
3428 3298 3539 3370 γὰρ
3579 3296 3786 3385 κυρίως

2207 3408 2402 3471 κάλλος
2451 3404 2587 3476 σάρξ
2637 3403 2698 3455 ού
2748 3401 2934 3473 χωρεῖ,
2995 3398 3145 3449 πᾶσα
3176 3391 3521 3463 τυγχάνουσα
3574 3384 3786 3458 αἶσχος.

2206 3503 2361 3556 Πᾶσα
2407 3498 2514 3570 γάρ
2563 3493 2698 3567 σάρξ
2742 3493 2817 3556 ὡς
2856 3491 3066 3563 χόρτος,
3098 3487 3189 3542 καὶ
3214 3481 3247 3551 ἡ
3271 3483 3396 3548 δόξα
3442 3482 3634 3553 αὐτῆς,
3666 3482 3788 3570 ἥτις

2206 3594 2352 3648 ἐστὶν
2378 3569 2752 3662 ἐμφαινομένη
2774 3583 2851 3656 τῷ
2876 3580 3150 3653 λεγομένῳ
3176 3576 3362 3631 κάλλει
3382 3579 3663 3645 γυναικῶν
3691 3569 3791 3623 καὶ

2207 3684 2455 3746 παιδίων,
2484 3680 2642 3736 ’ἄνθει
2688 3676 2831 3732 κατὰ
2867 3675 2957 3729 τὸν
2997 3669 3331 3744 προφητικὸν
3370 3664 3791 3739 παραϐέϐληται

2206 3778 2383 3847 λόγον,
2416 3775 2675 3843 λέγοντα·
2706 3769 2881 3825 Πᾶσα
2917 3764 3073 3834 σὰρξ
3104 3764 3180 3826 ὡς
3206 3761 3442 3831 χόρτος,
3484 3759 3583 3813 καὶ
3619 3757 3793 3811 πᾶσα

2207 3871 2354 3936 δόξα
2378 3866 2562 3933 αὐτῆς
2586 3867 2667 3931 ὡς
2698 3864 2878 3928 ἄνθος
2894 3861 3129 3931 χόρτου.
3162 3852 3491 3923 Ἐξηράνθη
3519 3854 3551 3906 ὁ
3566 3847 3799 3916 χόρτος,

2208 3963 2305 4016 καὶ
2336 3960 2400 4013 τὸ
2429 3958 2611 4023 ἄνθος
2636 3954 2905 4019 ἐξέπεσε·
2945 3950 3010 4004 τὸ
3039 3949 3094 4002 δὲ
3107 3945 3274 4016 ῥῆμα
3300 3943 3406 3997 τοῦ
3437 3942 3660 4010 Κυρίου
3682 3938 3795 4009 μέ-

2207 4072 2297 4109 νει
2324 4053 2433 4125 (85)
2460 4054 2547 4117 εὶς
2574 4048 2681 4101 τὸν
2710 4044 2912 4099 αἰῶνα.
2953 4040 3111 4094 Ἀλλά
3145 4038 3237 4091 καὶ
3275 4034 3555 4103 εὐγένειαν
3588 4031 3672 4095 τίς
3709 4031 3795 4083 ἔτι

2210 4148 2413 4220 κυρίως
2445 4142 2703 4214 όνομάσει
2724 4140 2821 4209 τὴν
2846 4132 3212 4207 τετριμμένην
3234 4126 3484 4196 λέγεσθαι
3520 4126 3671 4197 παρὰ
3704 4125 3796 4220 ἀν.

2210 4214 2467 4313 θρῶποις,
2496 4238 2695 4306 νοήσας
2726 4230 3001 4299 εὐγένειαν
3039 4224 3168 4279 υἱῶν
3191 4224 3358 4287 Θεοῦ;
3406 4218 3694 4274 Βασιλείαν
3734 4214 3795 4269 δὲ

2212 4310 2447 4406 Χριστοῦ
2477 4326 2865 4399 βασιλευόντων
2895 4320 3180 4392 θεωρήσας
3206 4315 3315 4386 (84)
3341 4318 3369 4368 6
3398 4313 3543 4379 νοῦς,
3574 4311 3689 4374 πῶς
3726 4310 3793 4361 ού

2211 4403 2631 4498 καταφρονήσει,
2662 4420 2736 4483 ῶς
2752 4416 2961 4478 οὐδενὸς
2977 4414 3133 4482 λόγου
3160 4411 3333 4475 ἀξίας,
3358 4409 3539 4480 πάσης
3566 4406 3666 4475 τῆς
3698 4403 3797 4456 ἐπὶ

2215 4523 2318 4594 γῆς
2349 4514 2652 4590 βασιλείας;
2690 4508 2957 4581 Στρατιάν
2994 4523 3052 4558 τε
3082 4502 3326 4573 ἀγγέλων
3360 4500 3457 4554 καὶ
3494 4501 3804 4570 ἀρχιστρα-

542 4601 902 4672 contemplata
950 4616 1104 4656 mens
1130 4601 1312 4666 fuerit,
1339 4600 1607 4670 quomodo
1640 4609 1911 4653 terrenum
1951 4612 2099 4653 omne

2216 4618 2414 4688 τήγους
2451 4612 2508 4664 ὲν
2548 4609 2730 4671 αὐτοῖς
2756 4604 3037 4674 δυνάμεων
3066 4599 3271 4670 Κυρίου
3302 4593 3670 4668 ἀρχαγγέλους
3696 4608 3763 4643 τε
3783 4630 3801 4653 ,

543 4712 768 4769 regnum
793 4696 950 4766 quasi
976 4694 1176 4750 nullius
1207 4695 1365 4764 pretii
1396 4707 1500 4747 non
1537 4691 1957 4763 contempserit?
1980 4692 2099 4746 Item

2219 4685 2313 4761 κα)⁴
2334 4703 2573 4776 θρόνους,
2602 4699 2694 4754 καὶ
2726 4695 3068 4767 κυριότητας,
3092 4691 3185 4745 καὶ
3209 4688 3403 4761 ἀρχὰς,
3428 4688 3523 4741 καὶ
3540 4685 3803 4752 ἐξουσίας

541 4808 665 4848 cuni
698 4792 1011 4861 angelorum
1036 4788 1287 4844 militiam
1310 4796 1364 4843 et
1388 4788 1442 4842 in
1468 4787 1550 4843 eis
1573 4787 1738 4842 duces
1770 4786 2099 4841 exercituum

2219 4792 2665 4869 ὑπερουρανίους,
2697 4790 2772 4853 ὡς
2800 4789 2965 4859 χωρεῖ
2983 4787 3010 4838 6
3033 4784 3113 4837 ἔτι
3142 4781 3425 4853 δεδεμένος
3464 4777 3671 4848 σώματι
3700 4776 3804 4829 ἀν-

544 4884 759 4939 Domini
793 4882 1040 4950 angelos,
1094 4890 1149 4936 et
1201 4880 1447 4946 thronos,
1496 4889 1553 4934 et
1607 4879 2026 4943 dominationes,
2061 4892 2099 4934 ei

2216 4868 2485 4963 θρώπινος
2522 4884 2677 4949 νοῦς,
2724 4880 2865 4935 κατὰ
2896 4879 2957 4931 τὸ
2998 4876 3219 4931 δυνατὸν
3264 4872 3476 4945 τρανῶς
3520 4868 3658 4934 ἰδὼν,
3703 4868 3810 4920 καὶ

545 4976 898 5045 principatus,
938 4988 1004 5028 ac
1051 4981 1347 5043 potestates
1378 4972 1812 5041 supercmlestes,
1850 4979 2099 5041 quantuni

2213 4959 2553 5052 κατειληφὼς
2572 4974 2829 5032 δύνασθαι
2858 4971 3096 5042 ἰσοτίμου
3116 4966 3265 5039 παρά
3292 4964 3386 5018 τοῦ
3420 4962 3628 5033 Πατρός
3654 4959 3810 5052 Exsi-

544 5070 693 5140 capit
736 5066 913 5123 adhuc
952 5066 1132 5121 vincta
1166 5079 1395 5135 corpore
1436 5066 1675 5121 humana
1712 5080 1885 5128 mens,
1932 5080 2099 5135 quan-

2215 5092 2326 5137 νοις
2353 5050 2557 5142 τυχεῖν,
2588 5069 2706 5133 πῶς
2736 5066 2855 5137 οὐχὶ
2884 5065 2977 5117 καὶ
3003 5062 3159 5123 σκιᾶς
3199 5056 3312 5126 (85)
3343 5054 3739 5127 ἀδρανέστερος
3770 5050 3808 5120 ἢ

617 5237 664 5271 ⁸³
698 5241 865 5299 lCor.
892 5258 930 5306 ι,
956 5242 1015 5299 5.
1069 5238 1116 5270 ιδ
1144 5236 1246 5295 lsa.
1286 5255 1374 5300 xc,
1404 5238 1456 5292 6.

616 5383 727 5455 (78)
767 5381 951 5436 Codex
1000 5396 1127 5448 ms.,
1180 5379 1510 5452 προθέσεως.
1564 5375 1703 5431 Male
1737 5376 1865 5430 edit.
1906 5372 2099 5435 Oxon.,

2443 5367 2621 5455 podex
2662 5381 2788 5428 ms.,
2814 5365 2978 5455 μένει.
3013 5360 3381 5455 βιίἰιὲιυὲοη..
3409 5358 3577 5455 μέχρι.

545 5422 951 5527 πρὶόἕσεὶἔξῨ
1000 5422 1032 5434 η
1055 5422 1080 5435 υ
1110 5422 1127 5448 ’
1186 5422 1378 5452 "rw"
1414 5422 1510 5443 *ν
1567 5422 1580 5431 ’
1654 5422 1703 5431 w
1829 5422 1865 5430 "
1914 5422 1943 5430 ν
1997 5422 2109 5437 ’-μ’
2294 5422 2408 5503 (84)
2447 5439 2628 5493 Codex
2662 5422 2790 5497 ms.,
2814 5422 3096 5505 ’βασιλείαν
3130 5430 3185 5483 δὲ
3214 5422 3450 5499 Χριστοῦ
3480 5422 3817 5496 βασιλευόν-

692 5526 699 5527 ,
786 5524 810 5527 ,
871 5524 881 5527 -
1166 5522 1179 5527 _
1335 5520 1349 5527 -
1435 5519 1456 5527 -
1571 5517 1597 5527 ..
1767 5513 1845 5527 ..-ο
2013 5523 2023 5527 -
2362 5509 2413 5527 ne
2480 5508 2639 5527 A,r__.4
2692 5506 2863 5527 nonnA
2885 5506 3034 5527 n..-“
3108 5499 3325 5527 0..-.\1-
3356 5499 3412 5527 ἓ).
3444 5495 3681 5527 νηί-φλ..
3709 5494 3817 5527 Ωιι-

619 5494 967 5596 (ἔθ’)νὲἶῆθκ
988 5536 1142 5596 ms.,~
1163 5517 1671 5575 ὲπακολουθουσῶν·
1718 5513 1885 5571 editio
1938 5523 2099 5568 auten

2226 5494 2331 5596 των
2361 5494 2658 5596 θεωρήσεις.
2690 5494 2867 5596 E'diti'o
2885 5506 3082 5596 ρχοιιη
3108 5494 3818 5596 βασιλέαιδὲέρέστδξρςα-

546 5564 746 5660 Ox‘onf,
782 5564 1226 5648 ὲπακολουθόῦσι.
1546 5659 1554 5660 ί
1637 5659 1642 5660 γ
1788 5655 1813 5660 _
1896 5654 1907 5660 _

2228 5564 2545 5660 Stleodwiui
2572 5564 2873 5660 θεωρήσας.
2901 5576 3064 5660 ἔλθεθ’
3081 5564 3197 5627 eum
3230 5564 3820 5660 Βριιξιθὲοξβασὲκὲίαν

620 5595 746 5660 ιθη..
782 5595 1226 5648 ἐπακολουθοῦσι.

620 5666 737 5731 (80)
780 5665 903 5719 Τῶν
922 5664 1230 5734 σωμάτων.
1250 5661 1523 5734 Bentleius
1545 5659 1694 5729 legit,
1721 5655 1816 5734 τοῦ
1844 5654 2096 5734 σώματος

2228 5595 2544 5633 σιλευοντων
2572 5595 2680 5631 υεω
2718 5595 2873 5646 ησας.
2913 5595 3054 5643 ΙλιἚυ
3081 5595 3197 5627 cum
3230 5595 3489 5633 Dcuucw,
3514 5595 3806 5638 ΡιινδιΛιιιιῐ

2225 5653 2282 5706 δὲ
2316 5648 2546 5734 ξριστρῦ
2582 5595 3196 5734 ἁσάλειυτονὶθεωρησας,
3224 5658 3291 5694 ex
3318 5640 3482 5734 'llebr.
3505 5653 3598 5717 sit.
3622 5635 3737 5720 28ζ
3791 5706 3806 5721 ‘

620 5710 735 5807 iiii
773 5710 1229 5806 baggage;
1247 5710 1915 5807 ῖῒὴῑξέ-ξιέξςερὴμένος.
1929 5710 1947 5807 ξ
1977 5710 2099 5795 Legi

2266 5710 2410 5807 _(83)
2450 5716 2597 5807 trag
2626 5718 2760 5807 06);!
2805 5718 2900 5771 καὶ
2950 5710 3149 5801 getae,
3186 5724 3289 5767 etc.
3316 5710 3479 5789 Lego,
3512 5710 3622 5769 πῶς
3675 5710 3820 5777 οὐχὶ

552 5788 969 5876 ett‘n'tvl’ientleio,
988 5788 1402 5876 πάρωτισμένος
1421 5798 1477 5876 ᾗ,
1506 5800 1605 5876 εἴτ’
1626 5788 2010 5876 ἐστερημένος.
2029 5788 2080 5876 ﬁ.
2228 5788 2325 5849 κᾶν
2358 5788 2512 5855 σκιᾶς
2536 5788 2917 5862 άδρανέστερος

630 5827 678 5865 m
708 5819 969 5875 Bentleto,
988 5819 1402 5876 πεφωτισμενος
1464 5843 1477 5865 ,
1506 5819 1601 5853 ειτν
1631 5819 2010 5869 εστερημενος.

624 5875 737 5951 (82)
777 5880 961 5935 Codex
990 5895 1119 5949 ms.,
1139 5877 1223 5943 τίς
1254 5876 1299 5929 δ’
1332 5819 1587 5930 άνλὶιιίι.
1617 5872 1815 5933 Oxum,
1838 5867 1919 5932 τίς
1949 5866 2005 5919 δὲ
2029 5863 2114 5920 ἀν.
