3954 6414
199 356 283 413 ιιι
1368 353 1703 410 LIBELLUS
1735 353 1824 408 DE
1857 353 2224 410 OBATIONE.

3316 359 3422 417 478

200 469 380 539 γωγαῖς
408 465 504 520 καὶ
539 467 667 530 ταῖς
705 467 927 537 γωνίαις
957 466 1059 521 τῶν
1089 466 1360 522 πλατειῶν
1390 472 1732 542 προσευχομέ

1863 473 2068 527 Lucam
2102 473 2236 526 bona
2266 479 2550 541 receperat
2581 469 2772 527 in'vila
2801 486 2898 528 sua
2922 473 3222 542 mortali",
3268 476 3421 532 illeo-

201 579 307 623 νων,
336 561 480 622 ὅπως
514 559 736 627 φανῶσι
775 562 883 622 τοῖς
909 558 1233 630 ἀνθρώποις,
1267 559 1328 613 τὸ
1356 562 1487 615 αὐτό
1506 579 1520 592 ο
1570 561 1749 632 Ἀμὴν

196 649 324 719 λέγω
350 648 518 717 ὑμῖν
557 649 862 718 ἀπέχουσι
893 649 997 703 τὸν
1031 652 1252 719 μισθὸν
1289 652 1506 706 αὐτῶν.
1538 654 1750 725 ’Ὠσπερ

194 748 282 816 γὰρ
311 744 546 812 ἀπέσχεν
581 747 612 797 6
653 743 795 798 κατὰ
836 745 1045 798 Λουκᾶν
1091 744 1344 810 πλούσιος
1379 746 1447 799 τὰ
1480 747 1661 816 ἀγαθὰ
1689 750 1746 802 ὲν

193 841 243 904 τῇ
273 833 449 885 ἑαυτοῦ
489 832 817 904 ἀνθρωπίνῃ
866 831 994 904 ζωῇ,
1018 833 1103 886 διὰ
1133 834 1192 886 τὸ
1224 834 1332 904 (98)
1372 835 1745 906 ἁπεσχηκέναι

190 928 350 990 ταῦτα,
384 928 482 978 ούκ
505 926 841 999 ἕστιχωρῶν
887 931 1062 996 τυχεῖν
1087 927 1194 996 (99)
1243 928 1420 980 αὐτῶν
1472 929 1607 999 μετὰ
1655 931 1746 983 τὸν

191 1017 486 1088 ἐνεστηκότα
522 1017 674 1087 βίονο
712 1018 885 1082 οὕτως
906 1021 933 1071 6
957 1019 1172 1088 ἀπέχων
1199 1018 1390 1072 ἑαυτοῦ
1407 1021 1497 1073 τὸν
1533 1021 1743 1092 μισθὸν,

190 1112 275 1164 εἴτε
306 1108 459 1162 δώσει
495 1110 573 1180 (1)
609 1112 799 1182 τινὶ,ῆ
837 1113 890 1164 ὲν
937 1113 1137 1182 εύχαῖς,
1166 1111 1261 1165 ἆτε
1300 1113 1372 1183 μὴ
1407 1114 1638 1185 σπείρας
1666 1117 1744 1179 εἰς

187 1205 234 1258 τὸ
257 1201 480 1272 πνεῦμα,
507 1203 653 1255 ἀλλά
690 1205 774 1267 εἰς
791 1204 885 1274 τὴν
911 1204 1106 1275 σάρκα,
1135 1203 1337 1275 θερίσει
1366 1205 1465 1275 μὲν
1494 1205 1590 1276 τὴν
1624 1205 1747 1274 φθο-

189 1296 284 1367 ρὰν,
313 1295 370 1346 ού
399 1293 615 1365 θερίσει
657 1295 718 1347 δὲ
875 1295 1085 1349 αίώνιον
1127 1295 1289 1367 ζωήν.
1317 1297 1410 1360 Et;
1435 1298 1533 1367 τὴν
1564 1299 1746 1369 σάρκα

185 1387 447 1457 δὲσπείρει
480 1389 510 1439 6
557 1389 618 1439 ὲν
659 1391 786 1450 ταῖς
848 1392 1180 1457 συναγωγαῖς
1229 1389 1324 1443 καὶ
1371 1389 1740 1462 ταῖς-ῥύμαις,

181 1482 299 1544 ὅπως
323 1479 553 1550 δοξασθῇ
587 1481 701 1533 ὑπὸ
747 1481 853 1534 τῶν
897 1480 1216 1553 ἀνθρώπων,
1253 1481 1421 1535 ποιῶν
1453 1482 1744 1554 ἐλεημοσύ-

181 1593 254 1643 νην
285 1576 413 1645 μετά
458 1573 790 1645 σαλπισμοῦ
823 1592 913 1626 του
950 1573 1023 1645 (2)
1048 1575 1357 1646 ἔμπροσθεν
1397 1576 1610 1640 ἑαυτοῦ,
1645 1577 1678 1648 ἦ
1715 1579 1744 1632 ὁ

181 1667 315 1735 ςιλῶν
346 1668 400 1718 ἐν
420 1671 548 1730 ταῖς
587 1669 943 1735 συναγωγαῖς
961 1668 1053 1719 καὶ
1083 1671 1202 1732 ταῖς
1225 1669 1448 1736 γωνίαις
1479 1669 1585 1722 τῶν
1606 1670 1743 1722 πλα-

178 1761 305 1813 τειῶν
331 1759 500 1823 ἑστὼς
533 1759 967 1832 προσεύχεσθαι,
987 1760 1152 1823 ὅπως,
1179 1761 1365 1828 φανεὶς
1392 1763 1502 1825 τοῖς
1533 1759 1742 1833 ἀνθρώ-

1853 579 1963 632 que
1992 579 2098 617 non
2126 572 2340 634 poterat
2373 564 2611 634 amplius
2647 579 2709 619 ea
2731 568 2994 635 consequi
3025 577 3149 634 post
3180 585 3421 638 prmscn-

1851 664 1956 709 tem
1981 657 2148 709 vitam
2175 657 2287 710 :sic
2309 655 2400 724 qui
2426 657 2730 710 mercedem
2765 674 2917 712 suam
2951 660 3144 729 recipit
3169 676 3261 715 seu
3295 663 3421 729 quid

1850 744 2012 798 alicui
2041 744 2316 812 donando,
2353 761 2448 800 seu
2479 747 2710 813 orando,
2743 747 2788 802 is
2821 764 2940 802 eum
2976 767 3083 804 non
3118 753 3421 805 seminave-

1851 837 1920 890 rit
1954 835 2007 889 in
2058 835 2275 904 spiritu,
2325 839 2420 893 sed
2458 838 2510 891 in
2547 854 2734 902 carne,
2779 843 3185 910 corruptionem
3228 852 3418 908 metet,

1849 943 1956 982 nou
2015 937 2196 980 autem
2252 929 2418 981 vitam
2464 932 3080 987 mlernam".Scminat
3130 944 3305 988 autem
3364 935 3419 989 in

1849 1036 2015 1074 carne
2044 1020 2137 1088 qui
2176 1019 2229 1073 in
2263 1023 2552 1090 synagogis
2601 1032 2658 1076 et
2689 1023 2842 1084 vicis,
2877 1034 2933 1076 ut
2965 1027 3190 1093 gloriam
3221 1028 3288 1078 ab
3322 1026 3420 1080 ho-

1850 1114 2086 1168 minibus
2126 1107 2381 1183 accipiat,
2429 1115 2828 1186 eleemosynam
2871 1118 3002 1172 facit
3049 1120 3173 1173 tuba
3204 1131 3327 1175 ante
3360 1135 3420 1177 se

1847 1216 2102 1271 canente,
2133 1207 2216 1260 vel
2249 1209 2336 1276 qui
2369 1218 2510 1261 amat
2550 1209 2600 1262 in
2636 1212 2926 1281 synagagis
2966 1221 3020 1266 et
3057 1215 3268 1281 angulis
3302 1216 3418 1283 pla-

1849 1309 2058 1351 tcarmn
2105 1307 2260 1351 stans
2293 1313 2478 1360 orare,
2511 1310 2569 1351 ut
2606 1301 2851 1353 videatur
2892 1303 2958 1355 ab
2995 1304 3330 1371 hominibus,
3362 1314 3418 1360 et

1847 1391 1968 1459 pius
2000 1389 2195 1458 aliquis
2229 1400 2281 1443 et
2311 1401 2535 1446 sanctus
2564 1391 2630 1444 ab
2675 1389 2740 1444 iis
2793 1393 2884 1460 qui
2920 1393 3181 1456 viderint,
3219 1395 3414 1447 existi-

1849 1491 2042 1535 metur.
2072 1482 2269 1534 Verum
2305 1483 2449 1535 enim
2477 1497 2605 1536 vero
2634 1483 2948 1552 quicunque
2970 1484 3076 1536 lata
3101 1494 3153 1537 et
3176 1485 3414 1552 spatiosa

1844 1571 2158 1639 ingreditur
2209 1573 2318 1637 via,
2362 1589 2482 1641 quze
2512 1573 2660 1627 ducit
2699 1574 2767 1626 ad
2813 1574 3168 1643 perditionem
3186 1574 3255 1641 “,
3293 1590 3414 1644 qua:

1844 1665 1978 1718 nihil
2020 1665 2184 1719 habet
2225 1666 2377 1726 recti,
2423 1666 2514 1719 sed
2553 1677 2662 1720 tota
2709 1667 2933 1736 obliqua
2983 1677 3066 1722 est
3100 1679 3155 1722 et
3200 1667 3415 1737 angulis

1843 1757 2143 1811 deformata
2211 1757 2383 1824 (recta
2430 1758 2574 1812 enim
2618 1759 2758 1814 linea
2819 1760 3033 1840 in‘ipsa
3097 1761 3415 1830 plerumque

178 1871 290 1917 ποις,
325 1854 558 1924 εύσεεής
612 1871 703 1916 τις
747 1853 840 1906 καὶ
867 1854 1008 1916 ὅσιος
1054 1849 1191 1905 εἶναι
1225 1853 1372 1924 παρά
1404 1857 1514 1917 τοῖς
1559 1855 1735 1925 ἑωρα-

1844 1848 2013 1904 fracta
2037 1851 2234 1919 est),is
2261 1852 2312 1904 in
2346 1852 2437 1904 illa
2469 1861 2574 1904 stat
2613 1868 2718 1906 non
2751 1853 2907 1916 bene,
2943 1854 2993 1905 in
3012 1852 3224 1922 angulis
3250 1853 3415 1923 229

177 1947 269 1998 κόσι
294 1946 542 2016 νομισθῇ.
589 1945 761 1998 ’Λλλά
793 1945 885 1997 καὶ
920 1945 1024 2008 πᾶς
1052 1946 1079 1996 ὁ
1108 1945 1203 2016 τὴν
1235 1945 1488 1998 πλατεῖαν
1518 1947 1613 2000 καὶ
1646 1948 1735 1998 εύ-

180 2038 388 2108 ρύχωρον
436 2038 653 2091 ὁδεύων
682 2038 826 2100 ὁδὸν,
861 2037 957 2106 τὴν
993 2038 1308 2105 ἀπάγουσαν
1336 2040 1427 2091 ἐπὶ
1454 2038 1551 2110 τὴν
1583 2038 1736 2092 ἀπώ-

175 2129 308 2191 λειαν,
345 2130 496 2184 οὐδὲν
543 2129 720 2202 ὀρθὸν
755 2129 850 2181 καὶ
889 2129 1039 2192 εύθὲς
1088 2129 1334 2199 ἔχουσαν,
1382 2131 1517 2184 ἀλλὰ
1552 2134 1733 2184 πᾶσαν

177 2222 358 2274 σκολιὰν
381 2224 781 2292 τυγχάνουσαν
819 2221 910 2276 καὶ
945 2225 1362 2295 γεγωνιωμὲνην
1417 2224 1732 2292 (κέκλασται

172 2317 253 2385 γὰρ
277 2317 360 2368 ἐπὶ
392 2315 665 2369 πλεῖστον
707 2318 741 2386 ἡ
782 2315 1012 2385 εὐθεῖα),
1043 2317 1102 2368 ἐν
1137 2317 1271 2386 αὐτῇ
1311 2316 1382 2387 (5)
1412 2318 1644 2389 ἕστηκεν
1676 2319 1735 2372 ού

172 2409 338 2472 καλῶς,
367 2412 422 2462 ἐν
455 2413 591 2474 ταῖς
638 2409 872 2478 γωνίαις
919 2407 1026 2461 τῶν
1069 2409 1334 2461 πλατειῶν
1367 2412 1738 2482 προσευχόμε-

169 2501 350 2563 mea
381 2502 483 2571 τῆς
519 2501 853 2570 φιληδονίας
892 2501 1009 2571 οὐχὶ
1049 2503 1105 2552 ἐν
1151 2503 1269 2572 μιᾷ,
1302 2501 1412 2554 ἀλλ’
1441 2504 1496 2554 ὲν
1523 2502 1736 2556 πλείοσι

167 2592 409 2660 γενόμενος
439 2593 767 2656 πλατείαις·
791 2595 846 2644 ἐν
872 2588 956 2655 αἶς
981 2593 1030 2644 οἱ
1057 2593 1136 2657 ὠς
1157 2593 1446 2659 ἄνθρωποι
1473 2595 1737 2660 ἀποθνή-

165 2700 407 2751 σκοντες,
434 2685 530 2738 διὰ
568 2685 637 2737 τὸ
664 2685 765 2755 τῆς
800 2685 1049 2757 θεότητος
1093 2685 1568 2750 ἀποπεπτωκέναι,
1604 2703 1733 2755 τυγ-

165 2777 351 2846 χάνουσι
398 2778 742 2842 δοξάζοντες
797 2778 889 2830 καὶ
925 2778 1312 2849 μακαρίζοντες
1359 2781 1484 2842 τοὺς
1526 2781 1581 2831 ἐν
1614 2783 1733 2843 ταῖς

164 2871 412 2935 πλατείαις
443 2871 685 2924 ἀσεϐεῖν
719 2870 796 2941 (4)
836 2871 1015 2934 αὐτοῖς
1055 2871 1486 2940 νενομισμένους.
1538 2871 1733 2924 Πολλοὶ

162 2963 204 3016 δὲ
234 2965 306 3016 ἀεὶ
338 2966 409 3034 (5)
457 2967 513 3018 οἱ
571 2964 896 3034 φαινόμενοι
939 2967 994 3017 ὲν
1031 2963 1107 3035 τῷ
1157 2964 1548 3034 προσεύχεσθαι
1577 2964 1734 3036 φιλή-

1841 1943 2142 2014 platearum
2186 1958 2378 2010 orans,
2405 1955 2459 1998 et
2501 1945 2796 2015 voluptatis
2836 1960 3022 1999 amore
3050 1961 3153 1998 non
3199 1946 3250 1998 in
3285 1962 3412 2010 una,

1816 2040 1934 2094 sed
1981 2039 2032 2092 in
2084 2037 2266 2091 multis
2317 2039 2623 2092 consistens
2657 2039 2874 2108 plateis,
2921 2041 2973 2093 in
3005 2039 3205 2109 quibus
3242 2039 3278 2092 ii
3315 2040 3412 2109 qui

1842 2133 2144 2185 moriuntur
2173 2140 2226 2184 ut
2259 2131 2496 2186 homines
2523 2133 2567 2164 ⁵⁸
2603 2149 2669 2187 eo
2699 2135 2839 2202 quod
2879 2150 2906 2186 ιι
2940 2135 3225 2188 divinitate
3255 2135 3404 2188 exci-

1841 2223 2040 2286 derint,
2073 2221 2351 2276 celebrant
2385 2223 2679 2291 beatosque
2715 2223 2834 2277 illos
2865 2225 3162 2292 praedicant
3190 2238 3325 2291 quos
3357 2222 3412 2276 in

1842 2315 2037 2385 plateis
2067 2315 2152 2384 pie
2181 2331 2342 2384 agere
2380 2317 2721 2371 existimant.
2754 2316 2893 2370 Sunt
2930 2328 3107 2370 autem
3135 2315 3287 2368 multi
3313 2315 3407 2382 qui

1839 2405 1981 2459 inter
2025 2408 2290 2461 orandum
2343 2408 2669 2476 voluptatum
2719 2421 2978 2463 amatores
3029 2410 3196 2478 magis
3247 2423 3410 2477 quam

1839 2496 1996 2550 Dei“
2031 2500 2306 2564 videntur,
2343 2513 2528 2570 utpote
2572 2503 2661 2571 qui
2706 2503 2896 2555 mediis
2937 2502 2988 2554 in
3039 2500 3310 2553 conviviis
3353 2508 3414 2553 et

1835 2590 2044 2659 poculis
2069 2593 2204 2645 ebrii
2258 2603 2437 2648 orant.
2487 2592 2546 2646 Ili
2598 2609 2724 2647 vere
2775 2593 2824 2646 in
2857 2593 3070 2662 angulis
3104 2591 3410 2660 platearum

1838 2695 1990 2740 stant
2024 2695 2076 2739 et
2115 2698 2296 2739 orant.
2326 2686 2646 2754 Quicunque
2704 2687 2850 2740 enim
2896 2685 3159 2754 voluptati
3193 2684 3410 2739 deditus

1841 2781 1993 2846 vivit,
2024 2780 2296 2848 latamque
2327 2778 2504 2846 diligit
2534 2779 2699 2841 viam,
2740 2778 2785 2832 is
2828 2777 3030 2831 excidit
3071 2777 3138 2831 ab
3175 2783 3408 2846 angusta

1838 2883 1893 2926 et
1917 2883 2066 2927 arcta
2103 2871 2228 2928 Jesu
2264 2872 2466 2926 Christi
2510 2872 2596 2924 via
2629 2885 2751 2940 qum
2781 2887 2845 2924 ne
2875 2871 3155 2922 minimam
3189 2869 3410 2937 quidem

1838 2964 2127 3028 ﬂexuram,
2162 2964 2369 3018 nullum
2396 2963 2618 3015 omnino
2645 2962 2897 3030 angulum
2930 2961 3120 3015 habet.

158 3057 271 3111 δονοι
308 3056 509 3130 μᾶλλον
572 3059 610 3131 ἢ
655 3058 918 3127 φιλόθεοι,
969 3060 1024 3111 ἐν
1075 3059 1257 3130 μέσοις
1305 3061 1414 3122 τοῖς
1468 3059 1790 3130 συμποσίοις
1819 3061 1912 3114 καὶ
1960 3061 2111 3132 παρὰ
2149 3063 2270 3123 ταῖς
2307 3058 2498 3131 μέθαις
2540 3057 2991 3129 ἐμπαροινοῦντες
3017 3059 3080 3127 τῇ
3109 3055 3405 3127 προσευχῇ,

161 3154 340 3224 άληθῶς
373 3159 430 3208 ὲν
458 3159 595 3218 ταῖς
642 3155 876 3223 γωνίαις
922 3153 1029 3207 τῶν
1081 3154 1346 3207 πλατειῶν
1396 3154 1627 3216 ἑστῶτες
1676 3156 1768 3208 καὶ
1801 3156 2252 3228 προσευχόμενον
2305 3157 2410 3218 πᾶς
2459 3156 2566 3227 γὰρ
2613 3157 2639 3206 ὁ
2674 3152 2816 3206 κατά
2855 3152 2952 3224 τὴν
2989 3151 3178 3224 ἡδονὴν
3231 3150 3400 3221 βιοὺς,

159 3246 206 3300 τὸ
230 3250 532 3323 εὐρύχωρον
564 3250 894 3320 ἀγαπήσας,
935 3248 1254 3304 ὲκπέπτωκε
1302 3251 1400 3322 τῆς
1458 3251 1648 3321 στενῆς
1687 3251 1780 3304 καὶ
1806 3253 2168 3325 τεθλιμμένης
2201 3252 2316 3307 ὁδοῦ
2357 3251 2526 3323 Ἰησοῦ
2575 3250 2829 3322 Χριστοῦ,
2897 3248 3015 3303 οὐδὲ
3055 3248 3152 3321 τὴν
3210 3246 3407 3318 τυχοῦ-

161 3359 240 3394 σαν
259 3345 480 3417 ἐχούσης
519 3342 788 3414 καμπὴν,
825 3342 918 3395 καὶ
943 3342 1062 3396 οὐδὲ
1098 3341 1233 3406 ὅλως
1253 3343 1687 3412 γεγωνιωμένης.

217 3435 337 3488 ΕΞδέ
364 3437 483 3491 ἐστί
510 3455 604 3500 τις
635 3435 880 3506 διαφορά
919 3435 1235 3507 Ἐκκλησίας
1259 3436 1350 3488 καὶ
1380 3436 1728 3505 Συναγωγῆς,

1911 3433 2003 3490 20.
2039 3433 2192 3500 Quod
2231 3434 2273 3488 si
2306 3446 2412 3501 qua
2457 3442 2540 3488 est
2562 3431 2813 3487 Ecclesia:
2851 3429 3156 3485 dill‘erentia
3191 3439 3246 3484 et
3269 3430 3408 3504 Syn-

158 3530 239 3598 τῆς
275 3535 364 3602 μὲν
410 3534 633 3606 κυρίως
700 3528 1026 3601 Ἐκκλησίας
1069 3531 1166 3582 οὑκ
1205 3529 1431 3600 ἐχούσης
1479 3527 1727 3600 σπῖλονῆ

160 3623 336 3690 ῥυτίδα,
377 3625 409 3697 ἦ
445 3643 502 3678 τι
537 3624 657 3677 τῶν
693 3623 973 3687 τοιούτων,
1015 3623 1149 3676 ἀλλὰ
1179 3625 1337 3692 ἁγίας
1377 3623 1467 3676 καὶ
1499 3621 1731 3692 ἀμώμου

160 3716 504 3786 τυγχανούσης
526 3733 540 3745 ο
573 3717 661 3778 είς
694 3716 764 3784 ἢν
790 3711 913 3766 οὔτε
936 3714 964 3764 6
985 3712 1275 3784 ὲκπόρνης
1303 3713 1606 3784 εἰσέρχεται
1632 3714 1730 3783 (61,

158 3804 260 3858 οὗτε
286 3810 311 3860 6
337 3808 563 3870 θλαδίας
585 3808 620 3878 ἢ
655 3805 1130 3875 ἀποκεκομμένος,
1154 3803 1264 3856 ἀλλ’
1291 3805 1407 3858 οὐδὲ
1439 3805 1734 3872 Αἰγύπτιος

158 3901 186 3970 ἢ
225 3902 522 3974 Ἰδουμαῖος,
554 3903 656 3956 ἐὰν
702 3901 805 3972 μὴ,
843 3899 970 3953 υἱῶν
1005 3900 1368 3969 γεννηθέντων
1415 3900 1593 3963 αὐτοῖς
1635 3898 1732 3969 (7),

159 3992 230 4044 δια
267 3996 357 4065 τὴν
402 3996 600 4067 τρίτην
646 3991 853 4061 γενεὰν
890 3991 1040 4061 μόλις
1083 3990 1378 4061 δυνηθῶσιν
1428 3989 1735 4062 ἐφαρμόσαι

156 4089 212 4154 τῇ
247 4087 532 4159 Ἐκκλησία
558 4104 572 4116 ·
616 4085 747 4139 οὐδὲ
784 4085 812 4135 ὁ
853 4083 1142 4154 Μωαϐίτης
1170 4085 1262 4136 καὶ
1307 4083 1614 4154 Ἀμανίτης,
1644 4083 1736 4136 ἐὰν

161 4177 228 4246 μὴ
255 4178 437 4252 δεκάτη
465 4179 639 4249 γενεὰ
674 4175 966 4247 πληρωθῇ,
998 4178 1091 4230 καὶ
1118 4179 1145 4228 ὁ
1177 4175 1308 4230 αἰὼν
1335 4175 1558 4246 τελεσθῇ
1584 4191 1597 4205 ο
1636 4175 1734 4246 τῆς

157 4271 211 4324 δὲ
240 4273 550 4346 Συναγωγῆς
581 4274 695 4328 ύῖὸ
736 4271 1128 4344 ἑκατοντάρχου
1154 4272 1226 4343 (8)
1259 4273 1730 4345 οἰκοδομουμένης,

159 4365 214 4416 ὲν
241 4369 342 4430 τοῖς
378 4370 474 4439 πρὸ
510 4369 619 4438 τῆς
662 4365 745 4434 (9)
794 4365 966 4436 Ἰησοῦ
1007 4367 1297 4437 ἐπιδημίας
1326 4369 1536 4440 χρόνοις
1578 4367 1735 4422 τοῦτο

156 4459 435 4524 ποιοῦντος,
485 4463 580 4516 ὅτε
634 4458 858 4512 οὐδέπω
910 4458 1321 4529 μεμαρτύρηται
1371 4459 1547 4512 πίστιν
1591 4458 1733 4529 ἔχειν

155 4549 340 4620 ὁπόσην
370 4553 488 4605 οὐδὲ
522 4555 584 4605 εν
616 4548 705 4620 τῷ
749 4548 967 4620 Ἰσραὴλ
1023 4542 1178 4621 εὗρεν
1208 4553 1235 4603 6
1278 4550 1404 4614 Υἱὸς
1437 4549 1530 4602 τοῦ
1558 4550 1694 4604 Θεοῦ
1715 4569 1728 4583 ο

1840 3545 2042 3600 agogm,
2106 3545 2228 3583 cum
2265 3528 2511 3584 Ecclesia
2560 3527 2776 3597 proprie
2823 3527 2963 3578 dicta
2996 3541 3094 3580 nec
3142 3527 3404 3580 maculam

1839 3624 2035 3678 habeat
2061 3638 2235 3691 neque
2270 3638 2457 3691 rugam
2487 3633 2580 3676 aut
2615 3619 2744 3690 quid
2771 3619 2965 3680 simile,
3001 3619 3091 3672 sed
3122 3629 3306 3672 sancta
3335 3620 3407 3672 sit

1837 3726 1892 3770 ct
1932 3715 2296 3783 inculpabilis,
2354 3714 2406 3767 in
2441 3729 2601 3782 quam
2636 3729 2743 3767 non
2794 3713 3093 3781 ingreditur
3123 3711 3189 3765 de
3223 3721 3404 3764 scorto

1839 3817 2020 3871 natus,
2053 3821 2226 3874 neque
2252 3807 2535 3860 eunuchus
2579 3806 2782 3858 attritis
2804 3804 2886 3858 vel
2931 3803 3220 3870 amputatis
3254 3803 3406 3856 testi-

1841 3901 1998 3963 culis,
2037 3915 2209 3969 ueque
2254 3898 2541 3968 Egvptius
2586 3907 2677 3950 aut
2709 3897 2970 3951 ldummus
2999 3896 3065 3961 ⁵⁷,
3108 3911 3171 3949 ex
3208 3893 3404 3962 quibus

1842 3993 1933 4063 qui
1981 3991 2093 4046 nati
2151 3990 2354 4044 fuerint
2410 3991 2495 4043 vix
2553 3991 2712 4044 tertia
2756 3987 3107 4056 generatione
3153 3993 3404 4055 poterunt

1842 4082 2102 4138 Ecclesiae
2141 4082 2407 4150 coaptari,
2439 4097 2616 4150 neque
2649 4081 2904 4134 Muabites
2937 4087 3029 4132 aut
3072 4077 3403 4132 Ammonites

1843 4178 1946 4232 nisi
1975 4175 2182 4230 decima
2238 4174 2517 4244 generatio
2547 4173 2766 4241 impleta
2809 4172 2950 4226 sitet
2989 4169 3243 4223 szcculum
3277 4181 3406 4221 exa-

1839 4281 2020 4333 ctum;
2055 4267 2338 4340 Synagoga
2377 4281 2504 4320 vero
2533 4265 2796 4320 aedificata
2819 4264 2886 4317 sit
2913 4277 2941 4315 a
2973 4262 3287 4317 centurione
3311 4257 3402 4326 qui

1840 4372 1968 4416 ante
2012 4360 2212 4415 Christi
2265 4359 2553 4412 adventrum
2609 4357 2710 4410 hoc
2760 4355 3009 4419 faciebat,
3045 4368 3163 4407 cum
3224 4362 3401 4404 tamen

1840 4452 2077 4507 nondum
2141 4450 2510 4503 testimonium
2573 4447 2873 4516 accepisset
2943 4445 3065 4498 fidei
3115 4441 3403 4510 ejusmodi,

1840 4552 2093 4610 quantam
2127 4557 2224 4595 nec
2249 4541 2301 4594 in
2329 4540 2489 4594 lsrael
2520 4537 2916 4594 invenit,Filius
2945 4536 3033 4590 Dei
3055 4535 3122 4599 ⁵⁸;
3147 4533 3236 4603 qui
3261 4541 3408 4585 amat

154 4640 178 4690 6
203 4639 362 4706 φιλῶν
388 4643 444 4695 δὲ
473 4642 586 4711 (10)
623 4635 1030 4710 προσεύχεσθαι
1052 4641 1108 4692 ὲν
1136 4642 1252 4702 ταῖς
1283 4643 1644 4709 συναγωγαῖς,
1674 4639 1733 4693 ού

1844 4637 1894 4690 in
1923 4634 2212 4703 synagogis
2239 4648 2419 4696 orare,
2450 4647 2556 4684 non
2582 4630 2738 4698 longe
2775 4630 2930 4682 abest
2955 4627 3022 4679 ab
3051 4624 3262 4694 angulis
3288 4622 3404 4692 pla-

215 4757 255 4785 "
281 4757 407 4812 Luc.
439 4773 551 4820 xvr,
588 4758 689 4811 25.
772 4755 820 4787 ³³
854 4754 1028 4810 Galat.
1063 4771 1138 4819 vt,
1168 4755 1218 4810 8.

155 4839 300 4882 ιιιιι.
374 4830 423 4862 ⁸⁸
454 4830 660 4883 Matth.
700 4841 840 4887 γιιι.
874 4827 960 4879 10.

218 4972 324 5042 (98)
353 4973 455 5027 Διὰ
480 4974 572 5028 τό.
593 4967 886 5027 Bentleius
909 4967 1172 5042 legit,6té
1195 4987 1251 5042 τε
1287 4969 1366 5022 τό.
1407 5015 1412 5024 .

362 5046 544 5097 Codex
577 5058 742 5112 ms.,_
757 5042 958 5108 τυχεῖν.
986 5041 1159 5112 Etlitio
1190 5035 1720 5112 Oxouiens.,_':_ux6v.

216 5107 286 5182 (1)
304 5107 451 5168 Ἐἴτε
471 5113 681 5167 δώσει.
715 5107 883 5182 Lego
898 5126 1015 5162 cum
1049 5108 1311 5182 Bentlcio,
1330 5109 1426 5161 εἴτ’
1449 5109 1504 5159 ὲν
1523 5107 1685 5182 δόσει,

318 5187 480 5238 Μετά
510 5179 886 5255 σαλπισμοῦ
922 5196 1056 5255 του.Δ
1093 5180 1412 5235 Bentleiusa
1455 5196 1548 5231 του
1585 5177 1726 5232 tollit

156 5251 456 5316 accentum,
491 5267 550 5306 ut
578 5270 682 5304 του
712 5253 786 5303 sit
822 5266 919 5318 pro
945 5251 1108 5314 τινός.

221 5326 293 5397 (5)
343 5327 437 5378 ἐν
471 5321 661 5397 αὐτῇ,
694 5315 1547 5397 etc._'Legil.Bentleiusiii/163:?)
1575 5315 1726 5385 ἕστη-

155 5389 392 5458 κεν,ὀύκ
422 5396 607 5455 ἄλλως
641 5395 701 5444 ὲν
725 5392 848 5451 ταῖς
877 5390 1097 5454 γωνίαις
1122 5391 1226 5444 τῶν
1272 5389 1536 5443 πλατειῶν
1566 5403 1734 5457 προσ-

162 5467 471 5536 ευχόμενος,
513 5462 691 5536 ἢῗδιέι
707 5461 810 5528 τῆς
844 5460 1155 5536 φιλοῲξὶας.

351 5528 634 5592 Ἀσὲόἐῐν.
669 5533 818 5600 Lego
843 5546 960 5606 cum
986 5529 1244 5606 Bentleio,
1261 5528 1522 5582 εὐσεϐεῖν.

242 5601 298 5669 5)
344 5610 466 5663 Ἀεὶ.
505 5607 660 5669 Lego
692 5617 834 5661 cum,
854 5601 1063 5663 eodem,
1088 5601 1243 5652 εἰσίν.

242 5609 274 5661 5
344 5610 466 5663 Ἀεὶ.
505 5609 660 5669 Lego
692 5617 834 5661 cum,
854 5609 1063 5663 eodem,
1088 5609 1243 5652 εἰσιν.

219 5609 299 5748 (ὅ)
339 5678 520 5736 Codex
567 5691 707 5739 ms.,
752 5669 1074 5742 εἰσέρχεται.
1113 5671 1290 5726 Editio
1324 5671 1521 5733 Oxon.,
1561 5669 1740 5739 εἰσέρ-

185 5765 332 5803 πται.

150 5762 480 5890 χηῖἦι.Ἐὰν
531 5816 626 5888 μὴ
682 5810 837 5868 υἱῶν
889 5811 1286 5880 γεννηθέντων
1331 5810 1552 5877 αὐτοῖς.
1587 5808 1737 5878 Legit

1299 4755 1345 4786 ⁸⁵
1373 4755 1561 4810 Matth.
1592 4772 1687 4824 vu,
1721 4757 1806 4812 l3.

1882 4756 1928 4788 ⁸⁸
1958 4754 2101 4809 Psal.
2135 4768 2330 4817 um,
2359 4752 2410 4804 7.
2487 4751 2532 4781 ⁸⁸
2563 4747 2603 4803 11
2628 4748 2772 4804 Tim.
2809 4764 2868 4802 ιιι
2896 4787 2910 4812 ,
2968 4745 3020 4799 4.
3114 4745 3156 4776 ⁸⁷
3184 4744 3404 4797 Denter.

1828 4962 2236 5028 Bentleius,é&v
2254 4964 2310 5018 δὲ
2340 4965 2444 5017 υἱοὶ
2472 4961 2804 5032 γεννηθῶσιν
2834 4961 3045 5024 αὐτοῖς,
3080 4971 3135 5012 ιιι
3168 4957 3332 5014 LXX.

1907 5035 1980 5108 (8)
2031 5037 2167 5090 Ὑπὸ
2209 5031 2666 5102 ἑκατοντάρχου.
2723 5034 2811 5108 Sic
2861 5033 3022 5085 habet
3069 5035 3234 5084 codex
3298 5045 3412 5084 ma-

1835 5105 2143 5174 nuscriptus
2193 5108 2244 5160 in
2291 5121 2395 5174 quo
2444 5120 2638 5173 nempe
2694 5105 2965 5174 scripturn
3000 5113 3268 5174 esthpy‘ou
3314 5117 3413 5167 per

1835 5172 2320 5232 abbreviationcm.
2363 5175 2494 5228 Nam
2548 5172 2584 5245 ρί
2624 5184 2838 5245 centum
2887 5172 3046 5225 Valet.
3093 5172 3227 5245 Male
3277 5186 3409 5245 vero

1836 5264 1958 5320 ιιι·οῌ
1983 5266 2134 5320 ρχου,
2182 5247 2347 5302 editio
2381 5242 2705 5301 Uxoniensis
2749 5245 2802 5297 in
2843 5253 2989 5296 textu
3035 5244 3227 5297 habet.
3274 5242 3414 5313 Χρι-

1835 5336 1984 5371 στου.

1906 5391 1982 5455 (9)
2018 5386 2137 5456 Πρὸ
2183 5385 2313 5452 τῆς,
2341 5396 2446 5439 etc.
2486 5382 2578 5437 Sic
2624 5396 2769 5440 recte
2799 5385 3163 5456 habetcodex
3213 5397 3408 5456 manu:

1836 5477 1861 5512 s
1900 5449 2109 5523 riptus';
2135 5449 2302 5511 editio
2343 5472 2469 5508 vero
2522 5456 2866 5526 Oxoniensis,
2899 5455 3036 5526 πρὸς
3081 5454 3180 5524 τῆς
3225 5449 3407 5526 [Ιησοῦ

1834 5521 2124 5599 ἐπιδημίας
2155 5527 2366 5599 χρόνοις
2411 5526 2562 5599 [περὶ
2608 5525 2842 5599 gemas]
2898 5521 3057 5599 τοῦτο
3081 5521 3409 5599 ποιοῦντος,

1841 5589 2254 5672 μεμαρτύρηται
2285 5589 2466 5650 πίστιν
2508 5589 2650 5667 ἔχειν
2684 5589 2894 5668 ὁπόσην
2928 5598 3016 5650 ὅτε
3043 5594 3253 5649 οὐδέπω
3291 5589 3412 5645 οὐδὲ

1842 5668 1897 5723 ἐν
1918 5668 2006 5739 τῷ
2043 5668 2274 5740 Ἰσραήλ.

1911 5738 2024 5811 (ιιι)
2065 5738 2151 5793 Δέ.
2188 5738 2343 5804 Dele;
2382 5739 2463 5793 vel
2499 5738 2632 5810 lege,
2662 5739 2748 5810 δή.
