3954 6414
521 259 624 324 679

1986 265 2304 322 οιιιοεωδ

3637 274 3747 332 ιὸο

520 397 752 441 tearum.
784 385 890 443 Sed
915 387 994 443 vir
1009 397 1350 444 sanctusuon
1377 395 1458 443 est
1473 388 1758 459 ejusmodi.
1790 386 1906 440 Non
1937 387 2080 440 enim

2190 385 2400 456 μακράν
2433 386 2546 436 ἐστι
2587 384 2694 437 τῶν
2722 385 2932 453 γωνιῶν
2963 384 3074 440 τῶν
3108 386 3388 444 πλατειῶν.
3436 391 3573 445 Ἀλλ’
3597 393 3695 462 οὐχ
3717 394 3749 448 ό

520 487 673 532 amat
727 491 908 545 orare,
951 481 1047 533 sed
1087 478 1281 544 diligit,
1315 493 1415 532 nec
1449 478 1500 532 in
1547 475 1856 548 synagogis,
1901 478 1992 532 sed
2027 477 2078 529 in

520 567 785 631 ecclesiis,
843 582 942 620 nec
971 567 1023 620 in
1055 567 1265 636 angulis
1315 566 1642 636 platearum,
1692 569 1783 621 sed
1820 567 1870 620 in
1927 565 2083 620 recti-

521 655 703 707 tudine
751 664 986 724 angusta:
1024 665 1075 707 et
1104 666 1267 708 arcta:
1291 657 1418 716 vite:
1459 671 1632 725 neque
1661 666 1718 710 ut
1744 656 1986 709 videatur
2015 653 2084 707 ab

521 743 852 811 hominibus,
893 745 986 798 sed
1025 755 1084 798 ut
1128 755 1386 814 appareat
1420 747 1472 800 in
1528 756 1818 814 coospectu
1872 744 2082 799 Domini

525 835 642 890 Dei.
700 835 977 891 Masculus
1007 838 1150 891 enim
1187 846 1272 891 est
1328 838 1708 908 acceptabilem
1745 839 1952 892 Domini
1986 855 2084 891 an-

523 942 650 981 num
694 928 960 996 cogitans,
985 929 1221 998 illudque
1271 943 1491 984 servans
1517 931 1861 984 mandatum:
1899 928 2085 984 Tribus

522 1017 841 1085 temporibus
887 1018 1017 1071 anni
1045 1017 1314 1086 apparebit
1373 1033 1524 1071 omne
1576 1019 1922 1071 masculinum
1966 1026 2086 1068 ante

526 1107 808 1162 Dominum
831 1108 998 1162 Deum
1028 1110 1094 1162 ⁵⁸.
1122 1107 1215 1163 Est
1235 1116 1414 1161 autem
1437 1108 1723 1180 diligenter
1741 1106 2083 1177 intelligenda

523 1199 616 1254 illa
680 1214 806 1264 vox,
857 1199 1153 1256 videantur.
1185 1199 1336 1268 Quod
1383 1200 1528 1256 enim
1588 1208 1795 1254 tantum
1853 1200 2084 1262 videtur,

523 1287 808 1358 pulchrum
843 1305 951 1344 non
983 1301 1089 1354 est,
1119 1293 1318 1360 quippe
1342 1290 1482 1360 quod
1517 1289 1769 1360 opinione
1799 1287 1970 1343 solum
2016 1288 2089 1342 sit

521 1388 718 1434 etnon
771 1396 919 1444 vere.
959 1382 1304 1451 animumque
1359 1382 1494 1438 falsa
1551 1392 1606 1437 et
1657 1380 1800 1436 inani
1854 1380 2088 1450 imagine

524 1470 782 1540 decipiat.
819 1470 1284 1538 Quemadmodum
1333 1485 1511 1530 autem
1547 1475 1583 1530 ii
1634 1474 1727 1546 qui
1778 1472 1988 1528 fabulas
2029 1472 2084 1528 in

526 1563 761 1620 theatris
819 1577 1003 1634 agunt,
1059 1583 1162 1621 non
1208 1565 1260 1621 id
1310 1576 1435 1621 sunt
1492 1567 1636 1636 quod
1665 1567 1869 1630 dicunt,
1916 1580 2090 1635 neque

526 1656 669 1724 Quod
705 1667 927 1725 prepter
982 1657 1288 1726 impositam
1339 1671 1620 1728 personam
1649 1670 1768 1711 esse
1796 1657 2085 1711 videntur:

2183 475 2337 544 ἅγιος
2380 472 2644 536 τοιοῦτος·
2699 475 2760 528 οὐ
2810 475 2954 545 φιλεῖ
3005 476 3114 549 γὰρ
3153 479 3562 551 προσεύχεσθαι,
3615 482 3748 538 ἀλλά

2184 567 2368 635 ἀγαπᾷ
2387 581 2401 595 ·
2438 563 2531 617 καὶ
2561 565 2660 618 οὐκ
2693 567 2748 618 ἐν
2782 570 3142 636 συναγωγαῖς,
3172 568 3284 622 ἀλλ’
3316 572 3373 624 ὲν
3402 571 3745 643 ἐκκλησίαιςο

2184 656 2277 708 καὶ
2300 654 2399 707 οὐκ
2423 655 2480 706 ὲν
2504 653 2724 722 γωνίαις
2751 655 3042 718 πλατειῶν,
3065 656 3175 708 ἀλλ’
3205 659 3262 712 ἐν
3287 661 3350 730 τῇ
3383 660 3635 731 εὐθύτητι
3653 663 3753 734 τῆς

2185 745 2376 815 στενῆς
2408 744 2502 798 καὶ
2533 745 2891 820 τεθλιμμένης
2917 747 3042 800 ὁδοῦ
3060 764 3073 778 ο
3105 748 3238 801 ἀλλὰ
3259 750 3348 803 καὶ
3371 751 3469 821 οὐχ
3495 753 3584 805 ἵνα
3611 755 3751 824 φανῇ

2181 838 2294 898 τοῖς
2337 833 2668 904 ἀνθρώποις,
2715 835 2829 888 ἀλλ’
2870 838 2935 891 ἵν’
2975 838 3112 911 ὀφθῇ
3143 838 3368 896 ἐνώπιον
3409 842 3616 916 Κυρίου
3659 844 3754 898 τοῦ

2184 925 2338 980 Θεοῦ’
2384 927 2558 999 ἄρρην
2601 928 2711 1001 γάρ
2755 931 2870 982 ἐστι
2912 929 3006 983 τὸν
3051 929 3233 985 δεκτδν
3278 933 3517 988 ἐνιαυτὸν
3550 934 3755 1006 Κυρίου

2184 1018 2339 1082 νοῶν,
2379 1021 2471 1073 καὶ
2513 1019 2612 1090 τὴν
2659 1019 2873 1091 ἐντολὴν
2918 1021 3102 1092 τηρῶν
3139 1021 3236 1092 τὴν
3279 1022 3538 1092 λέγουσαν
3557 1041 3571 1054 ·
3625 1025 3757 1093 Τρίς

2184 1109 2291 1163 τοῦ
2320 1109 2602 1165 ἐνιαυτοῦ
2636 1111 2956 1181 ὀφθήσεται
2991 1111 3100 1183 (Η)
3127 1110 3248 1166 πᾶν
3274 1113 3596 1180 ἀρσενικὸν
3625 1113 3758 1167 ἐνώ-

2185 1209 2324 1253 πιον
2348 1200 2567 1268 Κυρίου
2587 1200 2694 1254 τοῦ
2711 1200 2878 1256 Θεοῦ.
2919 1201 3223 1272 Ἐπιμελῶς
3243 1203 3298 1257 δὲ
3322 1204 3614 1258 ἀκουστέον
3641 1203 3758 1266 τοῦ,

2185 1287 2485 1358 φανῶσιν·
2519 1289 2638 1342 ἐπεὶ
2673 1289 2822 1343 οὐδὲν
2851 1290 3173 1362 φαινόμενον
3207 1291 3366 1346 καλόν
3399 1293 3568 1357 ἐστιν,
3597 1293 3762 1346 οἱονεὶ

2186 1380 2402 1453 δοκήσει
2433 1380 2491 1435 ὃν
2523 1383 2617 1435 καὶ
2647 1381 2746 1434 οὐκ
2778 1382 3013 1452 ἀληθῶς,
3043 1383 3136 1436 καὶ
3162 1383 3260 1455 τὴν
3293 1383 3590 1453 φαντασίαν
3623 1385 3762 1438 πλα-

2187 1473 2313 1535 νῶν,
2335 1473 2448 1526 ἀλλ’
2479 1473 2578 1526 οὐκ
2609 1472 2849 1544 ἀκριϐῶς
2873 1475 2968 1528 καὶ
2996 1474 3210 1545 ἀληθῶς
3235 1475 3517 1529 έκτυποῦν.
3549 1476 3763 1548 Ὥσπερ

2187 1563 2244 1618 δὲ
2270 1565 2318 1618 oi
2346 1566 2401 1618 ὲν
2423 1567 2534 1627 τοῖς
2561 1563 2806 1636 θεάτροις
2835 1564 3125 1636 δραμάτων
3143 1565 3302 1621 τινῶν
3327 1565 3636 1638 ὑποκριταὶ,
3659 1568 3762 1638 οὐχ

2189 1653 2323 1724 ὅπερ
2348 1651 2592 1721 λέγουσίν
2625 1655 2782 1716 εἰσιν,
2817 1653 2924 1706 οὐδ’
2958 1655 3093 1726 ὅπερ
3127 1643 3408 1726 βλέπονται
3448 1657 3573 1709 καθ’
3601 1657 3630 1709 ὃ
3663 1675 3763 1711 πε-

533 1747 611 1801 sic
647 1749 954 1818 quicunque
987 1751 1198 1804 honesti
1239 1749 1418 1818 specie
1445 1759 1650 1802 tantum
1678 1759 1958 1809 ornantur,
1985 1761 2086 1801 non

2197 1743 2458 1814 ρίκεινται
2493 1743 2799 1814 πρόσωπον,
2832 1744 2990 1798 τοῦτο
3035 1747 3382 1816 τυγχάνουσιν
3403 1765 3417 1778 ο
3448 1747 3624 1811 οὕτως
3665 1749 3764 1801 καὶ

524 1837 656 1908 justi
680 1851 824 1906 sunt,
860 1841 1191 1909 sedjustitize
1219 1843 1508 1897 histriones
1535 1840 1624 1910 qui
1675 1840 1726 1894 in
1754 1855 1852 1894 suo
1893 1848 1949 1894 et
1980 1839 2080 1908 ipsi

528 1931 691 2001 230
721 1931 931 1986 theatro
964 1943 1146 2002 agunt,
1179 1934 1229 1987 in
1255 1925 1538 2003 synagogis
1560 1931 1763 1986 scilicet
1785 1941 1840 1985 et
1877 1931 2084 2000 angulis

528 2024 850 2091 platearum.
884 2023 982 2090 Qui
1017 2039 1143 2078 vero
1172 2026 1447 2095 hypocrita
1473 2040 1577 2077 non
1613 2033 1718 2089 est,
1770 2023 1863 2076 sed
1905 2021 2084 2076 alieno

527 2111 673 2166 omni
721 2121 912 2166 ornatu
951 2114 1193 2182 deposito
1227 2115 1326 2168 sibi
1348 2114 1446 2184 ipsi
1472 2113 1685 2183 placere
1708 2111 1888 2167 studet
1916 2112 1968 2164 in
1993 2109 2084 2164 illo

531 2203 750 2258 theatro
792 2206 932 2274 quod
969 2207 1236 2275 praedictis
1283 2205 1388 2259 illis
1421 2205 1574 2274 longe
1599 2205 1936 2274 praestantius
1981 2213 2082 2267 est,

533 2291 579 2344 is
605 2291 770 2346 intrat
805 2293 856 2346 in
899 2294 1202 2348 cubiculum
1232 2311 1412 2360 suum,
1441 2295 1529 2348 tibi
1570 2301 1766 2361 praeter
1799 2302 2086 2362 congestas

532 2381 750 2437 divitias
799 2401 920 2438 cum
970 2387 1248 2454 sapientiae
1274 2395 1328 2442 et
1356 2386 1594 2440 scientia:
1637 2383 1739 2438 sibi
1775 2383 2083 2437 thesaurum

532 2474 835 2543 incluserit,
868 2493 964 2532 nec
1017 2478 1164 2532 foras
1200 2477 1436 2547 respicit,
1467 2492 1567 2532 nec
1619 2475 1789 2530 inhiat
1821 2475 1886 2528 ad
1936 2484 2088 2529 esteo

533 2565 701 2635 riora,
735 2568 1071 2637 occlusis-que
1129 2571 1380 2624 omnibus
1426 2581 1679 2622 sensuum
1717 2565 1873 2620 osnis
1909 2580 1975 2620 ne
2020 2565 2087 2618 ab

536 2657 644 2714 illis
667 2660 1000 2714 distrahatur
1031 2672 1124 2714 aut
1155 2677 1336 2716 eorum
1369 2661 1630 2727 imagines
1658 2659 1710 2713 in
1743 2659 1978 2712 animum
2009 2657 2089 2710 iit-

535 2749 929 2814 tromittantur,
978 2759 1100 2804 orat
1158 2747 1370 2802 Patrem
1402 2749 1491 2818 qui
1541 2747 1914 2803 absconditum
1947 2746 2090 2814 ejus-

2191 1835 2391 1899 πάντες
2415 1835 2463 1888 οἱ
2494 1836 2952 1907 ὲπιμορφάζοντες
2981 1836 3090 1909 (12)
3117 1838 3192 1910 τῷ
3215 1839 3390 1892 δοκεῖν
3421 1839 3518 1911 τὴν
3543 1840 3639 1894 τοῦ
3665 1857 3766 1895 κα-

2185 1925 2277 1978 λοῦ
2315 1927 2612 1996 φαντασίαν
2635 1929 2692 1981 οὐ
2712 1929 2929 1994 δίκαιοι,
2961 1929 3073 1982 ἀλλ’
3109 1930 3396 2002 ὑποκριταί
3422 1933 3528 1985 εἱσι
3557 1933 3763 1987 δικαιο-

2190 2016 2370 2088 σύνης,
2403 2017 2494 2069 καὶ
2527 2018 2677 2070 αὐτοὶ
2719 2020 2774 2072 ἐν
2806 2018 2917 2089 ἰδίῳ
2946 2019 3156 2091 θεάτρῳ
3181 2021 3614 2093 ὑποκρινόμενοι,
3644 2025 3765 2086 ταῖς

2190 2109 2524 2175 συναγωγαῖς
2555 2107 2648 2160 καὶ
2674 2109 2794 2172 ταῖς
2819 2109 3040 2178 γωνίαις
3067 2107 3172 2162 τῶν
3197 2109 3482 2165 πλατειῶν.
3525 2111 3582 2164 Ὀ
3607 2110 3665 2163 δὲ
3690 2108 3766 2180 μὴ

2189 2197 2501 2267 ὑποκριτὴς,
2532 2197 2666 2251 ἀλλά
2693 2200 2799 2252 πᾶν
2827 2200 2885 2252 τὸ
2908 2199 3182 2271 ἀλλότριον
3214 2200 3570 2272 ἀποθέμενος,
3601 2202 3659 2254 ἐν
3687 2200 3766 2272 τῷ

2189 2290 2386 2353 παντὸς
2405 2290 2496 2343 τοῦ
2521 2309 2746 2365 προειρη
2755 2293 2911 2365 μένου
2935 2293 3160 2366 θεάτρου
3185 2296 3304 2349 καθ’
3324 2295 3630 2368 ὑπερϐολὴν
3657 2295 3770 2366 μείς

2190 2381 2301 2447 ξονι
2342 2381 2516 2453 ἑαυτῷ
2533 2382 2784 2455 ἀρέσκειν
2799 2385 3148 2456 εὐτρεπίζων,
3161 2386 3460 2457 εἰσέρχεται
3481 2389 3562 2450 είς
3578 2387 3636 2439 τὸ
3650 2389 3770 2440 ἐαυ·

2190 2474 2282 2528 τοῦ
2312 2478 2554 2547 ταμεῖον,
2590 2477 2682 2529 ἐπὶ
2700 2476 2791 2530 τοῦ
2822 2478 3480 2551 ὲναποτεθησαυρισμένου
3511 2478 3766 2545 πλούτου,

2191 2566 2279 2621 τὸν
2301 2566 2397 2637 τῆς
2421 2566 2606 2636 σοφίας
2633 2567 2724 2621 καὶ
2754 2566 3004 2636 γνώσεως
3024 2568 3290 2641 θησαυρὸν
3318 2569 3495 2640 ἑαυτῷ
3519 2568 3769 2623 ἀποκλεί-

2195 2673 2312 2722 σας,
2337 2657 2429 2710 καὶ
2457 2657 2715 2728 μηδαμῶς
2743 2655 2844 2722 ἔξω
2872 2657 3061 2723 νεύων,
3093 2660 3223 2730 μηδὲ
3247 2660 3374 2732 περὶ
3391 2660 3460 2713 τὰ
3484 2659 3590 2724 ἔξω
3614 2676 3770 2731 κεχη-

2192 2747 2319 2813 νὼς,
2339 2748 2517 2803 πᾶσάν
2540 2767 2596 2801 τε
2613 2748 2707 2820 τὴν
2725 2748 2890 2820 θύραν
2913 2750 3017 2805 τῶν
3034 2750 3396 2823 αἰσθητηρίων
3411 2751 3766 2816 ἀποκλείσας,

534 2839 674 2893 modi
725 2856 824 2896 nec
876 2841 1013 2912 fugit
1056 2857 1152 2896 nee
1181 2842 1400 2906 deserit,
1441 2841 1534 2894 sed
1574 2839 1749 2908 ipsum
1806 2838 2086 2903 inhabitat,

2195 2839 2282 2893 ἵνα
2329 2839 2402 2910 μὴ
2440 2838 2661 2911 ἕλκηται
2709 2841 2811 2893 ὑπὸ
2854 2839 2960 2895 τῶν
3001 2841 3320 2913 ἄίσθήσεων,
3361 2842 3496 2914 μηδὲ
3543 2842 3768 2896 ἐκείνων

533 2935 817 3006 Unigenito
845 2939 1007 2992 etiam
1057 2939 1364 2992 comitatus.
1400 2935 1507 3005 Ego
1537 2934 1679 2989 enim
1709 2944 1755 2988 et
1785 2931 1967 2998 Pater,
1995 2933 2086 2998 ait,

2194 2931 2227 3001 ἡ
2274 2929 2541 2999 φαντασία
2572 2928 2648 2999 τῷ
2691 2929 2766 3000 νῷ
2798 2928 2960 2983 αὑτοῦ
2994 2931 3420 3004 ἐπεισκρίνηται,
3472 2931 3770 3005 προσεύχε-

531 3029 602 3081 ad
631 3045 745 3083 eum
771 3031 1030 3084 veniemus
1056 3040 1102 3083 et
1123 3030 1443 3083 mansionem
1467 3027 1605 3096 apud
1619 3043 1736 3080 eum
1755 3025 2007 3094 faciemus
2023 3024 2086 3077 ⁶⁰.

2195 3039 2284 3076 ται
2313 3022 2421 3094 (13)
2455 3021 2533 3092 τῷ
2564 3021 2623 3074 τὸ
2652 3020 2885 3074 τοιοῦτον
2918 3021 3154 3093 κρυπτὸν
3202 3021 3276 3094 μὴ
3316 3023 3594 3092 φεύγοντι,
3635 3021 3770 3094 μηδι

534 3118 758 3173 Planum
790 3133 872 3174 cst
905 3137 1026 3185 nos,
1058 3122 1101 3174 si
1126 3131 1202 3176 src
1226 3135 1464 3181 oremus,
1496 3117 1858 3187 postulaturos
1883 3113 2086 3182 justum

2191 3112 2631 3180 ὲγκαταλείποντι
2648 3113 2843 3183 Πατρὶ,
2868 3113 2980 3165 ἀλλ’
2998 3115 3054 3166 ὲν
3077 3113 3224 3185 αὐτῷ
3245 3115 3608 3181 κατοικοῦντι,
3629 3132 3768 3187 συμρ

537 3226 643 3264 ἢθη
697 3211 862 3266 Deum
897 3213 1093 3277 solum,
1125 3213 1218 3266 sed
1267 3221 1322 3266 et
1375 3211 1590 3265 Patrem
1614 3209 1704 3278 qui
1754 3221 1852 3262 nos
1909 3215 2086 3276 utpote

2191 3205 2452 3276 παρόντος
2477 3203 2622 3275 αὐτῷ
2647 3206 2740 3257 καὶ
2766 3205 2856 3258 τοῦ
2881 3207 3234 3275 Μονογενοῦς.
3281 3207 3420 3278 Ἐγὼ
3445 3207 3579 3278 γὰρ,
3613 3207 3767 3278 φησὶ,

539 3304 682 3357 filios
723 3319 828 3357 non
879 3303 1224 3373 derelinquit,
1281 3301 1372 3356 sed
1430 3303 1480 3355 in
1537 3299 1852 3355 abscondito
1909 3309 2086 3352 nostro

2194 3296 2292 3349 καὶ
2335 3299 2367 3350 ὀ
2396 3295 2597 3365 Πατὴρ
2617 3295 2763 3365 πρὸς
2796 3296 2982 3351 αὑτὸν
3013 3298 3404 3368 ἐλευσόμεθα,
3438 3300 3538 3352 καὶ
3571 3299 3769 3369 μονὴν

540 3398 691 3451 adest
730 3396 964 3466 illudque
997 3397 1234 3466 inspicit,
1263 3405 1528 3465 augetque
1560 3397 1698 3450 bona
1743 3395 1795 3449 in
1848 3394 2086 3448 cubicula

2195 3389 2328 3456 παρ’
2348 3388 2507 3455 αὐτῷ
2536 3393 2920 3458 ποιησόμεθα.
2954 3391 3122 3461 Δῆλον
3157 3391 3212 3444 δὲ
3236 3393 3314 3445 ὅτι
3339 3391 3415 3462 τῷ
3437 3392 3652 3462 δικαίῳ,
3677 3393 3770 3447 ἐὰν

546 3494 734 3540 nostro
764 3485 1061 3546 recondita,
1119 3485 1164 3537 si
1218 3484 1375 3539 modo
1407 3483 1525 3553 ejus
1571 3485 1770 3537 ostium
1805 3481 2086 3537 occluseri«

2194 3480 2257 3551 δὴ
2285 3480 2392 3552 (lxi)
2419 3479 2588 3544 οὕτως
2608 3481 2908 3553 εὐχώμεθα,
2936 3482 2995 3534 οὐ
3025 3482 3181 3552 μόνον
3210 3481 3346 3552 Θεῷ,
3369 3482 3506 3535 ἀλλά
3533 3484 3628 3536 καὶ
3658 3483 3768 3536 Πα-

538 3589 677 3628 nius.
2195 3573 2279 3644 τρὶ
2329 3568 2685 3642 ἐντευξόμεθα
2726 3573 2801 3638 ὼς
2843 3573 2972 3628 υἱῶν
3019 3573 3092 3644 μὴ
3150 3574 3582 3646 ἀπολειπομένῳ,
3639 3573 3770 3627 ἀλλὰ

543 3671 767 3742 παρόντι
800 3671 955 3741 ἡμῶν
996 3667 1072 3740 τῷ
1107 3667 1352 3741 κρυπτῷ,
1381 3668 1472 3722 καὶ
1510 3665 1771 3740 ὲφορῶντι
1801 3666 1950 3732 αὐτὸ,
1984 3666 2078 3721 καὶ
2110 3666 2325 3721 πλείονα
2350 3666 2417 3720 τὰ.
2441 3669 2498 3722 ὲν
2516 3666 2830 3744 τῷταμιείῳ
2849 3668 3106 3736 ποιοῦντι,
3135 3669 3226 3724 ὲάν
3253 3669 3416 3724 αὑτοῦ
3450 3669 3550 3741 τὴν
3602 3669 3768 3743 θύραν

537 3761 843 3814 ἀποκλείσω
851 3778 967 3831 μεν.

609 3854 698 3908 21.
730 3854 995 3909 Caeterum
1023 3863 1260 3919 orantes,
1291 3868 1394 3907 non
1423 3851 1628 3917 inania,
1664 3851 1758 3907 sed
1788 3851 1945 3921 digne
1993 3851 2086 3904 Dec

2285 3848 2443 3902 Ἀλλὰ
2487 3851 2906 3922 προσευχόμενοι
2953 3851 3025 3924 μὴ
3079 3850 3580 3922 βαττολογήσωμεν,
3632 3849 3763 3905 ἀλλὰ

540 3947 846 4017 loquamur,
895 3945 1192 4015 Loquimur
1212 3956 1391 4002 autem
1424 3960 1586 4009 vana,
1619 3959 1740 4000 cum
1777 3959 1952 4013 neque
1975 3958 2086 3998 nos-

2198 3941 2630 4013 θεολογήσωμεν.
2665 3941 3099 4013 Βαττολογοῦμεν
3130 3942 3206 4009 δὲ,
3242 3943 3330 3995 ὅτε
3367 3943 3440 4014 μὴ
3484 3958 3768 4012 μωμοσκο-

543 4037 799 4107 metipsos
821 4053 992 4108 neque
1014 4039 1240 4094 emissos
1275 4054 1304 4092 a
1339 4039 1496 4094 nobis
1532 4039 1585 4092 in
1613 4036 1861 4091 oratione
1883 4051 2086 4092 sermo-

2199 4034 2426 4099 ποῦντες
2467 4034 2709 4098 ἑαυτοὺς,
2742 4033 2775 4106 ἢ
2805 4032 2930 4098 τοὺς
2967 4032 3450 4104 ἀναπεμπομένους
3487 4033 3589 4104 τῆς
3609 4032 3767 4102 εὐχῆς

543 4144 639 4183 nes
701 4143 885 4184 severe
921 4128 1309 4195 examinamus,
1367 4129 1460 4184 sed
1495 4131 1561 4183 de
1605 4127 1770 4182 rebus
1825 4127 2086 4195 corruptis

2198 4123 2410 4193 λόγους,
2446 4123 2673 4194 λέγομεν
2713 4122 2782 4176 τὰ
2823 4121 3185 4194 διεφθαρμένα
3226 4123 3379 4195 ἔργα,
3413 4122 3446 4192 ἢ
3490 4120 3763 4191 λόγους,ῆ

540 4220 832 4290 loquimur,
856 4230 949 4275 aut
975 4237 1248 4278 sermones
1277 4232 1333 4278 et
1355 4224 1716 4293 cogitationes
1768 4221 2086 4290 proferimus

2201 4216 2450 4285 νοήματα
2496 4213 2726 4268 ταπεινά
2773 4216 3122 4285 τυγχάνοντα,
3171 4215 3264 4267 κα).
3325 4212 3620 4282 ὲπίληπτα,
3669 4212 3768 4281 τῆς

541 4309 779 4376 abjectas
833 4328 898 4367 ac
964 4313 1391 4384 reprehensione
1435 4314 1642 4383 dignas,
1699 4311 2014 4382 alienasque
2067 4327 2086 4366 ι

2203 4307 2508 4378 ἀφθαρσίας
2539 4306 2792 4379 ἀλλότρια
2823 4307 2915 4361 τοῦ
2948 4307 3172 4378 Κυρίου.
3219 4305 3278 4359 '0
3314 4305 3495 4376 μέντοι
3524 4303 3767 4375 βαττολο-

539 4400 1029 4473 Dominipuritate.
1053 4403 1171 4458 .lam
1207 4405 1370 4475 quiin
1403 4404 1650 4460 oratione
1673 4419 1808 4458 vana
1843 4403 2086 4473 loquitur,

2203 4400 2316 4471 γῶν
2345 4402 2402 4455 ὲν
2431 4400 2508 4470 τῷ
2535 4399 2804 4470 εὔχεσθαι,
2836 4401 2934 4473 ήδη
2966 4403 3060 4455 καὶ
3090 4403 3147 4455 ὲν
3182 4399 3258 4470 τῷ
3286 4400 3488 4473 χείρονι
3521 4400 3630 4471 (15)
3664 4400 3766 4454 τῶν

540 4491 708 4562 pejori
746 4494 933 4548 habitu
993 4505 1098 4559 est,
1139 4510 1298 4564 quam
1363 4511 1499 4564 quos
1525 4509 1686 4565 supra
1734 4493 1970 4547 diximus
2004 4493 2086 4546 ad-

2203 4491 2611 4563 προειρημένων
2637 4494 2770 4563 ἡμῖν
2802 4491 3184 4561 συναγωγικῶν
3213 4492 3327 4543 ἐστι
3356 4493 3686 4546 καταστάσει
3708 4509 3764 4544 τε

542 4583 712 4638 dictos
758 4601 880 4640 esse
935 4601 1246 4658 synagogas,
1287 4587 1482 4657 viaque
1539 4586 1739 4640 incedit
1801 4582 2086 4638 dil‘liciliori

2200 4582 2552 4654 χαλεπωτέρᾳ
2584 4583 2690 4638 τῶν
2717 4585 2774 4637 ὲν
2800 4585 2920 4647 ταῖς
2952 4583 3230 4645 πλατείαις
3258 4581 3471 4650 γωνιῶν
3497 4582 3624 4654 ὀδῷ,
3650 4583 3767 4636 οὐδὲ

544 4674 752 4742 angulis
785 4674 1113 4743 platearum:
1143 4692 1264 4731 cum
1304 4693 1369 4732 ne
1408 4677 1687 4744 vestigium
1717 4675 1932 4745 quidem
1966 4673 2086 4729 boni

2199 4677 2344 4746 ίχνος
2377 4674 2562 4738 σώζων
2599 4674 2702 4728 κᾶν
2739 4675 3078 4746 ὑποκρίσεως
3103 4674 3307 4744 ἀγαθοῦ
3346 4675 3479 4746 (16).
3508 4675 3766 4729 Βαττολοσ-

548 4773 728 4818 servet
757 4765 838 4817 vel
866 4765 1132 4834 tingendo.
1171 4766 1282 4820 Soli
1327 4769 1468 4822 enim
1497 4767 1702 4823 ethnici
1736 4765 1888 4836 juxta
1918 4779 2086 4821 evan-

2197 4766 2352 4836 γοῦσι
2375 4766 2482 4837 γὰρ
2507 4765 2646 4820 κατά
2682 4763 2778 4836 τὴν
2803 4764 2944 4829 λέξιν
2969 4764 3060 4818 τοῦ
3095 4765 3422 4834 Εὐαγγελίου
3455 4764 3622 4837 μόνην
3655 4763 3762 4836 (l7)

543 4857 773 4922 gelicum
805 4865 1006 4909 textum
1027 4872 1161 4911 vana
1193 4858 1504 4924 loquuntur,
1533 4876 1654 4914 cum
1686 4874 2000 4928 magnarum
2030 4873 2086 4914 ac

2203 4860 2254 4912 οί
2285 4858 2508 4921 ἐθνικοὶ,
2539 4855 2657 4909 οὐδὲ
2695 4857 2992 4926 φαντασίαν
3029 4856 3274 4927 μεγάλων
3305 4855 3518 4928 ἔχοντες
3543 4858 3577 4930 ἦ
3611 4859 3766 4911 ἐπου-

611 4968 658 5000 ⁵⁹
691 4969 907 5024 Denter.
961 4984 1092 5035 xvr,
1143 4970 1229 5028 16.
1307 4971 1352 5003 ⁶⁰
1382 4970 1537 5029 Joan.
1578 4990 1702 5039 xw,
1754 4973 1845 5028 25.

546 5061 724 5184 nit“)
761 5060 941 5116 Codex
975 5077 1100 5127 ms.,
1132 5063 1442 5135 ὀφθήσεται.
1477 5065 1655 5122 Editio
1693 5063 1892 5134 Oxon.,
1939 5065 2101 5139 ὀφθή-

603 5167 610 5184 .
649 5149 724 5184 αι.

600 5167 724 5202 μυ...

615 5201 731 5270 (12)
781 5199 1318 5270 Ἐπιμορφάζοντες.
1353 5203 1444 5258 Sic
1498 5212 1645 5258 recte
1700 5203 1866 5256 codex
1915 5219 2103 5257 mauu-

547 5272 800 5341 scriptus,
853 5273 992 5326 male
1045 5287 1176 5329 vero
1222 5275 1387 5329 editio
1442 5273 1643 5338 0x0u.,
1689 5272 2104 5346 ὲπιμορφώζον-

2214 5079 2336 5118 ms..
2368 5056 2751 5127 συναγωγικῶν
2776 5058 2909 5111 ἐστι.
2942 5056 3134 5122 Recte;
3169 5059 3330 5113 editio
3355 5070 3537 5114 autem
3565 5057 3761 5122 Oxon..

2217 5128 2594 5200 U‘JvanYtXti;
2619 5131 2755 5182 ἐστι.
2785 5127 3003 5200 ibidem!
3029 5127 3146 5197 lego
3174 5145 3294 5200 cum
3317 5132 3582 5196 Bentleio,
3604 5148 3766 5184 κατα-

2213 5198 2403 5256 στάσει
2515 5199 2888 5271 χαλεπωτέρᾳ,
2926 5198 3006 5271 vel
3050 5199 3405 5271 natacydcetd
3435 5204 3488 5271 ἢᾼ
3524 5200 3764 5271 χαλεπωο

2209 5274 2344 5353 τέρα
2368 5267 2478 5353 τῷ
2512 5267 2716 5351 ἐνθταῖς
2757 5267 3033 5353 πλατείαις
3072 5269 3282 5338 γωνιῶν
3457 5267 3612 5324 Loco

768 5408 947 5466 Codex
977 5427 1107 5480 ms.,
1133 5413 1514 5486 προσεύχεται.
1546 5412 1689 5467 Edit.
1716 5412 1916 5477 Oxon.,
1948 5428 2086 5484 προσ

2211 5339 2374 5396 editio
2423 5340 2741 5422 Gitoniensis
2774 5340 2934 5394 habet
2977 5339 3096 5405 ὅδε,
3139 5351 3329 5394 contra
3373 5339 3532 5395 tidem
3566 5344 3764 5396 codicis

2216 5422 2580 5479 matmscrtpn.
2884 5478 2896 5487 _
2986 5475 3008 5487 _
3048 5476 3074 5487 _
3209 5477 3241 5487 __
3274 5479 3286 5487 _
3377 5481 3403 5487 Ἀ
3637 5479 3650 5487 .

548 5475 792 5550 εύχηται.
1092 5475 1103 5480 ⁷
1177 5475 1189 5486 ’
1340 5475 1372 5484 ”
1903 5475 1909 5477 ⁷
1992 5475 2004 5484 ’

619 5551 731 5604 (Ην)
769 5549 910 5604 Edit.
941 5551 1138 5604 Oxon..
1164 5555 1252 5604 ὅτε
1284 5553 1360 5604 τῶ
1392 5552 1606 5604 δικαίω.
1633 5551 1727 5604 ἐὰν
1753 5550 1829 5604 δέ.

2219 5481 2399 5604 θ,,(¹δ)
2446 5475 2624 5536 CN“
2683 5494 2816 5546 ηιεο,
2873 5475 3112 5548 ἀγαθοῦ,
3161 5477 3324 5534 editio
3371 5481 3582 5545 Uxon.,
3626 5479 3760 5548 ἀγα·

2251 5569 2336 5604 ηε.

644 5549 731 5613 Η)
769 5549 910 5605 Edit.
941 5551 1138 5618 Oxon.,
1164 5555 1252 5607 ὅτε
1284 5553 1360 5607 τῶ
1392 5552 1606 5622 δικαίῳ,
1633 5551 1727 5604 ἐὰν
1753 5550 1829 5604 δέ.

614 5555 734 5744 315)
786 5621 880 5677 Ἐν
917 5621 997 5688 τῷ
1041 5625 1286 5692 χείρονι.
1327 5608 1495 5695 Lego,
1525 5624 1584 5696 ὲν
1612 5625 1678 5693 τῇ
1733 5621 2086 5691 χείρονι,ιμιο‹

635 5705 728 5744 ero
776 5689 841 5744 ad
887 5703 1199 5744 sequentem
1250 5709 1474 5744 vocem.
1525 5692 1874 5744 καταστάσει.
1930 5691 2086 5744 Code:

2217 5550 2336 5744 Ion?
2351 5617 2620 5744 7)υοοάοχ
2649 5632 2774 5687 ms.,
2805 5618 2990 5693 μόνην.
3017 5619 3154 5679 Edit.
3179 5619 3380 5688 Oxon.,
3411 5618 3583 5692 μόνοι,
3611 5628 3662 5675 et
3693 5619 3761 5674 ita

2237 5707 2302 5744 εει
2337 5706 2367 5744 ll
2448 5706 2517 5744 m.

553 5689 728 5747 refero
776 5689 841 5747 ad
887 5689 1199 5763 sequentem
1250 5689 1474 5760 vocem,
1525 5689 1874 5746 καταστάσει.
1930 5689 2086 5747 cede:

2217 5689 2517 5762 legendum.
