3954 6414
156 347 227 404 ιδ]
1320 340 1657 401 LIBELLUS
1688 342 1776 397 DE
1810 343 2181 402 ORATIONE.

3258 344 3363 401 ιεε

154 462 318 537 ρανίων
341 461 663 533 αἰτημάτων
684 478 700 493 ο
728 463 910 517 πᾶσαν
937 460 1094 534 εὐχὴν
1115 460 1224 516 τῶν
1253 463 1576 534 σωματικῶν
1593 463 1701 534 (18)

1819 464 2104 519 :mlestium
2141 464 2456 534 petitionum
2488 476 2554 518 ne
2579 460 3047 530 liabrantquidem
3069 460 3364 530 notionem,

150 559 222 614 καὶ
252 555 354 611 τῶν
385 556 546 619 ὲκτὺς
588 553 1004 626 ἀναπέμποντες
1028 569 1041 583 ·
1085 552 1281 623 ὲθνικῷ
1319 549 1413 608 οὖν
1455 554 1700 624 βαττολο-

148 648 297 717 γοῦντι
322 644 608 716 ὁμοιοῦται
635 647 665 698 0
694 644 765 698 τὰ
797 644 943 697 κάτω
981 642 1086 696 ἀπὸ
1118 642 1210 696 τοῦ
1237 644 1294 696 ὲν
1326 643 1573 715 οὐρανοῖς
1607 646 1702 697 καὶ

150 742 260 813 ὑπὲρ
284 739 347 794 τὰ
377 737 485 811 ὕψη
522 739 635 793 τῶν
663 736 912 808 οὐρανῶν
944 734 1318 799 κατοικοῦντος
1348 736 1551 807 Κυρίου
1588 736 1700 807 (19)

148 834 300 887 αἰτῶν.
328 832 436 884 Καὶ
467 829 619 883 ἔοικέ
653 845 722 897 γε
760 832 791 883 0
824 827 1125 897 πολυλογῶν
1162 826 1517 897 βαττολογεῖν,
1547 829 1639 881 καὶ
1674 832 1703 883 0

146 924 447 1000 βαττολογῶν
483 922 844 990 πολυλογεῖν
886 920 1034 975 οὐδὲν
1078 920 1185 992 γὰρ
1221 919 1278 975 ἓν
1305 921 1404 991 τῆς
1433 919 1563 992 ὕλης
1609 921 1703 976 καὶ

145 1021 227 1073 τῶν
252 1016 536 1086 σωμάτων,
556 1013 677 1067 ἀλλ’
701 1014 933 1067 ’ἑκαστον
954 1012 1059 1065 τῶν
1085 1013 1451 1083 νομιζομένων
1476 1012 1534 1067 ἓν
1557 1013 1703 1085 ἔσχε..

149 1126 241 1163 om:
264 1107 351 1161 καὶ
383 1104 777 1168 διακέκοπται,
814 1105 907 1157 καὶ
932 1103 1181 1177 διῄρηται
1229 1104 1308 1167 είς
1342 1104 1561 1159 πλείονα
1606 1106 1704 1177 τὴν

145 1202 300 1254 ἕνωσιν
328 1196 733 1251 ἀπολελωκότα
768 1194 915 1267 (20)·
952 1195 1009 1249 ἓν
1040 1195 1147 1266 γὰρ
1186 1195 1247 1249 τὸ
1278 1197 1499 1265 ἀγαθὸν,
1534 1197 1706 1252 πολλὰ

145 1292 185 1344 δὲ
206 1291 262 1343 τὰ.
292 1289 512 1358 αἰσχρὰ,
552 1288 650 1341 καὶ
679 1286 740 1342 ἒν
770 1289 804 1358 ἠ
842 1287 1083 1358 ἀλήθεια,
1118 1287 1285 1341 πολλὰ
1323 1288 1377 1343 δὲ
1418 1289 1484 1342 τὰ
1510 1289 1702 1361 ψευδῆ,

145 1384 213 1436 u‘t
238 1384 287 1435 ἓν
323 1383 355 1451 ἡ
393 1379 612 1452 ἀληθὴς
646 1379 983 1451 δικαιοσύνη,
1020 1379 1209 1433 πολλαὶ
1238 1380 1293 1432 δὲ
1325 1378 1467 1446 ἕξεις
1500 1380 1705 1452 ταύτην

146 1473 487 1544 ὑποκρίνονται
510 1472 653 1542 (21),
680 1472 779 1524 καὶ
799 1471 856 1526 ἒν
880 1473 911 1541 ἡ
938 1470 1029 1525 τοῦ
1055 1471 1189 1524 Θεοῦ
1224 1473 1404 1542 σοφία,
1430 1474 1621 1527 πολλαὶ
1648 1475 1707 1527 δὲ

143 1568 187 1617 di
212 1564 680 1634 zamprmiyerat
712 1563 819 1617 τοῦ
844 1562 1053 1629 αἰῶνος
1078 1564 1312 1627 τούτου,
1345 1566 1442 1618 καὶ
1467 1564 1583 1619 τῶν
1605 1568 1707 1634 dp-

145 1654 333 1722 χόντων
347 1653 451 1706 τοῦ
466 1650 697 1717 αἰῶνος
714 1652 930 1705 τούτου
949 1668 962 1681 ⁸
982 1652 1072 1705 καὶ
1090 1645 1168 1714 εἷς
1193 1652 1290 1723 μὲν
1309 1653 1336 1705 0
1360 1653 1451 1706 τοῦ
1475 1653 1609 1707 Θεοῦ
1632 1654 1709 1707 λό-

143 1761 229 1811 γος,
255 1742 427 1797 πολλοὶ
455 1742 517 1795 δὲ
550 1743 603 1795 οί
633 1742 911 1814 ἀλλότριοι
936 1742 1026 1796 τοῦ
1053 1743 1205 1798 Θεοῦ.
1232 1744 1329 1796 Διὰ
1350 1743 1505 1797 τοῦτο
1535 1746 1707 1811 οὐδεὶς

1800 554 1893 609 sed
1948 554 2247 609 orationem
2298 570 2515 609 omnem
2566 557 2632 608 de
2688 554 2966 623 corporeis
3020 555 3369 624 externisque

1801 646 1962 701 rebus
1996 645 2232 709 faciant;
2268 648 2341 700 ita
2374 655 2434 699 ut
2460 646 2678 701 etlinico
2702 662 2837 700 vana
2886 645 3131 714 loquenti
3176 644 3372 700 similis

1799 737 1982 807 sitqui
2029 737 2290 792 inferiora
2319 740 2455 807 petit
2484 753 2511 791 a
2546 737 2773 790 Domino
2829 737 2997 791 cmlos
3024 743 3077 789 et
3110 752 3228 805 quae
3272 752 3372 791 cx-

1800 830 1947 886 celsa
1982 831 2244 885 coalorum
2284 839 2567 899 superant,
2617 830 2976 884 inhabitante.
3029 828 3199 883 Porro
3232 831 3372 883 idem

1802 922 2017 977 videtur
2033 936 2152 977 esse
2187 923 2363 976 inania
2390 922 2536 991 loqui
2564 936 2626 975 ac
2661 920 2997 988 multa-loqui
3020 935 3037 983 ;
3064 920 3198 974 nihil
3224 921 3369 975 enim

1802 1024 1884 1071 est
1916 1032 2081 1070 unum
2106 1016 2159 1069 iu
2196 1016 2419 1070 materia
2458 1025 2512 1069 et
2534 1015 2875 1082 corporibus,
2895 1014 2987 1067 sed
3016 1014 3376 1082 quodcunque

1805 1123 1971 1161 unum
2010 1115 2249 1177 putatur,
2275 1106 2503 1160 scissum
2518 1115 2601 1159 est
2623 1114 2675 1159 et
2713 1106 2941 1159 divisum
2977 1113 3139 1173 atque
3169 1104 3376 1160 discre-

1805 1207 1920 1252 tum
1959 1198 2014 1251 in
2040 1195 2193 1267 plura
2222 1212 2341 1265 qua:
2371 1196 2630 1250 unitatem
2665 1196 2986 1249 amiserunt.
3018 1196 3192 1250 Unum
3228 1198 3371 1251 enim

1804 1302 1888 1347 est
1914 1292 2137 1355 bonum,
2171 1291 2347 1358 turpia
2370 1288 2534 1343 multa
2564 1304 2580 1348 ς
2612 1304 2783 1341 unum
2813 1288 2940 1356 quid
2962 1290 3180 1354 veritas,
3210 1288 3374 1342 multa

1808 1384 1974 1449 falsa;
2012 1398 2173 1436 unum
2204 1382 2332 1451 quid
2359 1396 2485 1434 vera
2508 1380 2739 1447 iustitia,
2764 1380 2903 1433 hanc
2928 1380 3186 1434 simulant
3219 1381 3376 1435 habi-

1810 1485 1896 1531 tus
1936 1476 2127 1543 multi;
2166 1490 2329 1529 unum
2364 1474 2491 1543 quid
2531 1472 2622 1527 Dei
2647 1474 2939 1541 sapientia,
2967 1474 3154 1527 multa:
3191 1484 3374 1529 autem

1808 1566 2091 1635 sapientiae
2120 1565 2277 1635 hujus
2311 1564 2496 1618 seaculi
2550 1574 2597 1617 et
2648 1566 2941 1631 principum
2982 1564 3141 1634 hujus
3197 1565 3379 1620 saeculi

1805 1675 1922 1729 qua:
1978 1657 2419 1721 destruantur“;
2474 1666 2530 1710 et
2573 1672 2737 1710 llntlm
2770 1659 2991 1711 verbum
3042 1659 3160 1723 Dei,
3214 1658 3380 1713 multa

1812 1760 1988 1803 autem
2012 1749 2205 1821 231a
2230 1750 2337 1803 Deo
2358 1747 2553 1802 aliena.
2580 1746 2760 1814 Quare
2779 1748 2831 1801 in
2858 1747 3183 1819 multiloquio
3202 1750 3383 1804 nullus

144 1834 420 1904 ἐκφεύξεται
479 1835 800 1904 ἁμαρτίαν
839 1836 907 1888 ἐκ
962 1838 1349 1907 πολυλογίας,
1394 1837 1487 1891 καὶ
1535 1839 1709 1903 οὐδεὶς

1819 1840 2027 1910 effugiet
2059 1853 2325 1913 peccatum
2360 1841 2429 1906 “,
2468 1856 2571 1895 nec
2595 1841 2842 1895 exaudiri
2876 1843 3159 1911 quisquam
3202 1852 3383 1913 potest

142 1927 298 1983 δοκῶν
311 1929 378 1983 ἐκ
393 1930 796 1998 πολυλογίας
814 1930 1413 1996 εὶσακουσθήσεσθαι,
1436 1934 1708 1986 εἰσακούε-

147 2023 240 2077 sliat
274 2024 518 2079 δύναται.
560 2024 777 2095 Διόπερ
818 2022 913 2093 οὐχ
945 2022 1235 2092 όμοιωτέον
1280 2024 1371 2075 ἐπὶ
1401 2024 1497 2087 τὰς
1545 2025 1709 2095 εὐχὰς

145 2120 262 2190 ἡμῶν
280 2123 386 2184 τοῖς
406 2121 660 2183 ἐθνικοῖς
685 2117 1100 2190 βαττολογοῦσιν
1130 2118 1162 2191 ἢ
1189 2117 1590 2187 πολυλογοῦσιν,
1620 2120 1652 2190 ἢ
1680 2121 1709 2172 ὅ

143 2226 180 2260 τι
196 2210 370 2280 δήποτε
394 2211 717 2281 πράττουσι
740 2209 894 2263 κατὰ
914 2208 1026 2276 τὴν
1046 2210 1328 2278 ὁμοίωσιν
1350 2208 1456 2262 τοῦ
1483 2209 1671 2278 ὄφεως
1690 2228 1702 2239 ·

139 2297 220 2355 οἶδε
242 2304 339 2376 γὰρ
367 2305 396 2356 0
418 2305 534 2359 τῶν
563 2304 747 2371 ἁγίων
771 2303 903 2366 Θεὸς
926 2303 1058 2373 (22),
1088 2304 1268 2375 πατὴρ
1298 2301 1391 2367 ὢν,
1416 2297 1489 2357 ὧν
1520 2304 1707 2375 χρείαν

140 2395 311 2464 ἔχουσιν
336 2399 387 2451 οἱ
418 2400 530 2451 υἱοὶ
563 2396 769 2460 αὑτοῦ,
800 2397 923 2449 ἐπεὶ
949 2394 1073 2460 ἄξια
1102 2396 1351 2466 τυγχάνει
1380 2396 1479 2467 τῆς
1514 2414 1709 2469 πατρι-

140 2489 217 2559 κῆς
239 2488 507 2558 γνώσεως.
548 2490 623 2542 Εἰ
655 2488 716 2541 δέ
754 2505 841 2551 τις
874 2489 1054 2555 ἁγνοεί
1086 2487 1175 2540 τὸν
1209 2488 1359 2551 Θεὸν,
1392 2490 1485 2541 καὶ
1515 2490 1584 2543 τὰ
1614 2490 1706 2543 τοῦ

138 2580 244 2632 θεοῦ
268 2582 468 2648 ἀγνοεῖ,
506 2582 713 2649 ἁγνοεῖ
739 2579 801 2631 δὲ
834 2579 900 2631 τὰ
923 2572 995 2631 ὧν
1026 2578 1212 2648 χρείαν
1240 2579 1369 2648 ἕχει.
1403 2582 1711 2653 Διημαρτη-

141 2670 249 2740 μένα
275 2674 377 2743 γάρ
409 2674 534 2727 ἐστι
573 2672 649 2725 τὰ
680 2666 761 2725 ὧν
790 2670 978 2743 χρείαν
1006 2669 1145 2740 ἔχειν
1177 2671 1402 2741 νομίζει.
1452 2673 1508 2725 '0
1536 2673 1592 2727 δὲ
1619 2691 1707 2726 τε-

140 2763 392 2835 θεωρηκὼς
434 2760 514 2820 ὧν
573 2768 733 2818 ἐστιν
782 2763 967 2835 ἐνδεὴς
1011 2765 1330 2835 κρειττόνων
1374 2767 1466 2820 καὶ
1510 2766 1711 2820 θειοτέ-

141 2872 243 2927 ρων,
286 2858 727 2930 γινωσκομένων
776 2857 885 2909 ὑπὸ
922 2855 1053 2909 Θεοῦ
1089 2856 1344 2921 ,τεύξεται
1391 2852 1464 2911 ὧν
1516 2858 1713 2912 τεθεώ-

140 2966 271 3020 ρηκε,
304 2952 397 3005 καὶ
429 2950 825 3023 ἐγνωσμένων
854 2947 931 3018 τῷ
960 2950 1135 3022 Πατρὶ
1174 2950 1265 3003 καὶ
1295 2950 1399 3020 πρὸ
1433 2952 1529 3022 τῆς
1561 2953 1714 3023 αἰτή-

140 3058 266 3108 σεως.
288 3045 510 3100 Τούτων
534 3045 613 3115 δὴ
640 3046 726 3107 είς
757 3043 827 3096 τὰ.
853 3044 959 3113 πρὸ
980 3045 1077 3115 τῆς
1098 3046 1155 3098 ἐν
1178 3042 1255 3114 τῷ
1281 3044 1419 3098 κατὰ
1439 3045 1712 3101 Ματθαίον

136 3136 272 3206 εὐχῆς
300 3138 649 3209 εἰρημένων,
685 3136 793 3207 ἠδη
827 3135 1151 3209 θεασώμεθα
1182 3138 1276 3193 καὶ
1316 3137 1384 3191 τὰ
1412 3136 1713 3209 δηλούμενα
1739 3176 1781 3235 C

138 3228 224 3281 est
248 3231 337 3301 τῆς
367 3233 571 3301 εὐχῆς.

194 3323 363 3392 Πάτερ
395 3324 591 3393 ἡμῶν
619 3324 654 3377 ό
695 3322 771 3375 ἐν
802 3320 929 3386 τοῖς
963 3321 1261 3390 οὐρανοῖς.
1300 3322 1482 3389 ’Ἄξιον
1522 3323 1715 3393 ἐπιμε-

138 3411 349 3488 λέστερον
392 3416 754 3487 ὲπιτηρῆσαι
801 3415 902 3485 τὴν
932 3413 1226 3486 λεγομένην
1261 3414 1493 3470 παλαιὰν
1523 3416 1717 3488 Διαθή-

138 3523 237 3578 κην,
267 3512 310 3561 εἰ
335 3510 454 3562 ἐστι
496 3508 619 3561 ποὺ
651 3507 838 3578 εὑρεῖν
863 3508 920 3559 ἐν
952 3507 1087 3577 αὐτῇ
1116 3507 1278 3577 εὐχήν
1302 3524 1445 3571 τινος
1471 3508 1717 3575 λέγοντος

139 3601 209 3653 τὸν
233 3599 353 3653 Θεὸν
380 3599 622 3671 πατέρα
639 3615 653 3627 ·
688 3598 787 3650 ὲπὶ
819 3597 930 3669 γὰρ
960 3597 1050 3651 τοῦ
1078 3598 1359 3670 παρόντος,
1394 3599 1535 3652 κατὰ.
1561 3597 1720 3653 δύνα-

141 3708 213 3758 μιν
246 3691 637 3755 ἐξετάσαντες,
680 3687 785 3757 οὐχ
817 3685 1071 3757 εὕρομεν.
1106 3688 1178 3740 Οὐ
1229 3685 1390 3740 τοῦτο
1422 3687 1479 3741 δὲ
1516 3688 1718 3757 φαμὲν,

139 3784 252 3837 ἐτιὸ
278 3784 407 3849 Θεὸς
450 3781 661 3853 πατὴρ
702 3780 807 3833 οὐκ
856 3778 1093 3849 εἴρηται,
1138 3779 1171 3850 ἢ
1218 3780 1267 3831 οί
1302 3778 1719 3833 πεπιστευκέναι

136 3877 451 3949 νομιζόμενοι
488 3874 656 3944 Θεῷ,
697 3872 809 3925 υἱοὶ
840 3872 942 3923 οὐκ
968 3870 1364 3941 ὠνομάσθησαν
1397 3870 1534 3923 Θεοῦ
1555 3886 1568 3899 ο
1605 3869 1718 3922 ἀλλ’

137 3970 205 4021 ὅτι
224 3970 321 4040 (25)
349 3971 408 4023 ὲν
439 3968 745 4041 προσευχῇ
773 3964 875 4035 τὴν
896 3962 1002 4015 ἀπὸ
1022 3961 1114 4014 τοῦ
1144 3962 1393 4033 Σωτῆρος
1414 3961 1719 4031 κατηγγελ-

139 4061 282 4134 μένην
306 4061 642 4135 παρρησίαν
678 4075 747 4111 πε
757 4058 811 4128 pl.
839 4055 935 4109 τοῦ
963 4054 1227 4126 ὀνομάσαι
1248 4054 1338 4107 τὸν
1356 4053 1487 4108 Θεὸν
1510 4053 1723 4125 πατέρα

137 4157 221 4226 οὐχ
252 4158 478 4229 εὕρομεν
527 4152 650 4208 πώ.
688 4153 814 4204 Ὅτι
839 4149 896 4202 δὲ
929 4148 1141 4219 εἴρηται
1181 4146 1364 4216 πατὴρ
1392 4147 1421 4199 0
1444 4144 1595 4209 Θεὸς,
1628 4145 1725 4198 καὶ

134 4250 230 4303 uini.
250 4252 295 4303 οἱ
319 4250 393 4322 τῷ
410 4250 577 4319 λόγῳ
605 4245 721 4317 (24)
745 4242 841 4297 τοῦ
869 4241 1005 4295 Θεοῦ
1028 4238 1504 4314 προσεληλυθότες,
1531 4237 1725 4292 πολλα-

134 4341 226 4410 χοῦ
260 4342 396 4397 ἐστιν
434 4344 601 4405 ἰδεῖν,
632 4336 832 4408 ὥσπερ
865 4335 960 4389 καὶ
996 4336 1053 4389 ὲν
1082 4332 1538 4402 Δευτερονομίῳ·
1576 4331 1726 4385 Θεὸν

134 4439 236 4492 τὸν
274 4434 670 4510 γεννήσαντά
713 4448 790 4489 σε
832 4429 1235 4501 ἐγκατέλιπες,
1282 4428 1380 4483 καὶ
1426 4425 1723 4481 ἐπελάθου

139 4533 272 4587 Θεοῦ
294 4534 395 4589 τοῦ
426 4527 779 4603 τρέφον-τός
810 4540 905 4579 σε.
940 4523 1049 4578 Καὶ
1080 4522 1404 4576 πάλινσοὺκ
1418 4520 1601 4586 αὐτὸς
1618 4514 1724 4574 οὗ·

137 4628 223 4695 τός
246 4645 360 4685 σου
380 4627 604 4695 Πατὴρ
626 4620 939 4687 ἐκτήσατο
963 4633 1056 4684 σε,
1085 4615 1181 4672 καὶ
1214 4615 1464 4685 ἐποίησέ
1492 4631 1586 4682 σε,
1621 4612 1722 4669 καὶ

138 4719 421 4786 ἃτισέσες
455 4720 582 4775 Καὶ
608 4715 778 4769 πάλιν
797 4729 812 4743 ⁶
846 4710 965 4766 Υἱοὶ
996 4710 1084 4776 οἷς
1114 4712 1225 4764 οὐκ
1259 4710 1389 4764 ἐστι
1420 4709 1624 4775 πίστις
1654 4707 1726 4761 ἐν

137 4812 336 4880 αὐτοῖς.
384 4814 505 4868 Καὶ
559 4812 620 4864 ὲν
655 4806 738 4877 τῷ
783 4802 1014 4875 Ἠσαῖᾳο
1059 4800 1231 4867 Υίοὺς
1278 4800 1575 4871 ἐγέννησα
1622 4796 1729 4854 και

142 4903 352 4971 ὕψωσα,
373 4903 562 4959 αὐτοὶ
588 4898 661 4955 δέ
681 4914 761 4969 με
779 4894 1103 4964 ἠθέτησαν.
1129 4894 1239 4947 Καὶ
1260 4895 1317 4946 ὲν
1344 4892 1420 4963 τῷ
1444 4891 1719 4964 Μαλαχία·

148 4995 259 5064 Υἱὸς
285 4997 553 5064 δοξάσει
576 4991 834 5060 πατέρα,
866 4988 964 5043 καὶ
990 4988 1209 5053 δοῦλος
1240 4984 1346 5040 τὸν
1374 4986 1581 5053 κύριον
1616 4986 1721 5039 αὺ-

138 5089 245 5144 τοῦ.
269 5093 381 5147 Καὶ
406 5094 465 5146 εὶ
486 5085 698 5156 πατήρ
722 5086 845 5155 ειμι
866 5080 1001 5154 ἐγὼ,
1018 5078 1134 5135 ποῦ
1157 5080 1329 5134 ἐστιν
1346 5079 1385 5147 ἠ
1407 5076 1555 5143 δόξα
1566 5094 1685 5148 μου
1697 5093 1719 5142 ;

196 5246 236 5278 ⁸³
261 5245 280 5299 1
310 5245 445 5303 Cor.
483 5260 565 5309 ιι,
602 5243 660 5299 6.
759 5238 807 5269 ⁶¹
837 5236 996 5309 Prov.
1026 5250 1090 5309 ξ-.
1117 5233 1209 5309 l9.

138 5314 175 5347 ⁶⁹
201 5316 348 5384 lbid.,
377 5317 479 5372 20.
550 5304 607 5346 ’⁸⁸
636 5314 743 5368 lsa.
796 5309 910 5375 ι,2.
952 5307 996 5338 ⁸⁸
1027 5304 1255 5360 Malach.
1287 5318 1325 5367 ι,
1352 5304 1404 5356 6.

172 5482 309 5565 _(t8)
352 5480 490 5537 Τῶν
527 5470 918 5561 σωματικῶν.
957 5469 1101 5541 Lego
1143 5483 1267 5523 cum
1306 5464 1568 5525 Bentleio,
1593 5459 1725 5531 περί

135 5568 235 5607 των
270 5567 641 5626 σωματικων.
1018 5611 1029 5622 .
1216 5606 1242 5615 -

196 5624 307 5691 (t9)
347 5624 606 5691 Κυρίου.
625 5609 1097 5691 Βεειιίείιιθιεειιη
1111 5609 1266 5691 950v.

218 5674 310 5759 ξῧ)
347 5674 854 5759 ῖὲοάὲλωκότα.
881 5674 1045 5759 l_.eg'e,
1075 5674 1468 5759 άπολωλεκότιι.

198 5741 313 5837 (ᾗ)
365 5741 857 5834 τῖξοᾶᾧίννονται.
884 5741 1158 5812 Bentleius
1186 5748 1399 5814 mallet,
1433 5741 1723 5815 ὐποκρινό-

137 5856 312 5907 pint.

1310 5231 1356 5263 “
1385 5229 1575 5285 Matth.
1608 5248 1679 5295 vt,
1710 5231 1765 5285 7.

1807 1938 1896 2007 qui
1938 1948 2088 2008 putat
2130 1938 2268 2007 quod
2326 1936 2382 1989 in
2433 1934 2763 2004 multiloquio
2805 1952 2902 1990 suo
2949 1938 3269 1992 exaudiatur
3312 1940 3379 1995 “.

1807 2029 2115 2084 Caveamus
2150 2030 2317 2099 igitur
2340 2042 2404 2080 ne
2436 2027 2706 2098 precando
2766 2027 2972 2082 similes
2999 2030 3167 2082 simus
3206 2031 3385 2085 etimi-

1808 2123 1885 2177 cis
1936 2124 2029 2193 qui
2059 2137 2196 2176 vana
2257 2131 2356 2174 aut
2386 2119 2555 2173 multa
2599 2118 2917 2189 loquuntur,
2972 2133 3061 2173 aut
3107 2122 3383 2189 quodlibet

1810 2214 2017 2269 iaciunt
2068 2212 2355 2267 secundum
2398 2212 2803 2265 similitudinem
2835 2214 3087 2281 serpentis
3118 2212 3184 2266 “.
3223 2212 3385 2281 Novit

1808 2305 1953 2358 enim
2004 2306 2383 2360 universorum
2418 2305 2559 2358 Deus
2592 2317 2646 2357 et
2687 2305 2851 2359 Pater
2882 2306 3076 2375 quibus
3109 2305 3385 2375 indigeant

1808 2397 1903 2453 ﬁlii
1939 2398 2040 2464 sui;
2068 2398 2321 2467 quoniam
2351 2413 2414 2453 ea
2448 2399 2609 2469 digna
2639 2408 2765 2452 sunt
2790 2408 3015 2469 paterna
3048 2386 3379 2467 cognitione.

1809 2494 1963 2561 Quod
2009 2495 2053 2548 si
2108 2494 2229 2563 quis
2280 2494 2497 2563 ignorat
2534 2494 2699 2547 Deum
2761 2503 2814 2547 et
2857 2508 2919 2547 ea
2956 2508 3074 2561 quae
3110 2492 3201 2548 Dei
3256 2503 3383 2547 sunt

1813 2585 2054 2655 ignorat,
2082 2585 2291 2654 ignorat
2314 2600 2530 2654 quoque
2559 2585 2756 2653 quibus
2771 2584 3139 2652 habeatopus.
3183 2581 3384 2637 Vitiosa

1810 2675 1953 2729 enim
1988 2684 2115 2729 sunt
2142 2676 2335 2743 quibus
2386 2677 2627 2744 indigere
2674 2692 2731 2731 se
2764 2686 2934 2744 putat.
2964 2676 3063 2742 Qui
3098 2690 3226 2729 vero
3248 2690 3383 2729 cou-

1813 2765 2102 2835 templatus
2120 2764 2283 2819 fuerit
2308 2764 2533 2819 meliora
2561 2775 2615 2819 et
2641 2765 2905 2819 diviniora
2934 2764 3129 2832 quibus
3158 2763 3384 2832 indiget,

1814 2856 1929 2911 haec
1948 2872 2070 2925 qua:
2098 2855 2461 2925 perspexerit,
2494 2871 2523 2907 a
2571 2856 2680 2909 Deo
2708 2864 2761 2908 et
2794 2852 2955 2907 Patre
2984 2852 3238 2921 accipiet,
3294 2852 3383 2905 cui

1813 2951 2032 3021 cognita
2056 2959 2202 3014 sunt,
2236 2948 2397 3003 etiam
2419 2957 2710 3017 antequam
2735 2955 2903 3016 petat.
2934 2945 3063 3011 Quae
3095 2960 3215 2998 cum
3237 2943 3385 2999 dicta

1814 3045 1924 3100 sint
1948 3045 2014 3097 de
2045 3042 2130 3097 his
2156 3055 2276 3111 quae
2309 3042 2610 3096 orationem
2644 3041 2783 3110 apud
2813 3038 3119 3092 Mattlneum
3175 3052 3383 3108 ιιι-τερον

1817 3140 1990 3201 dunt,
2020 3136 2133 3206 jam
2184 3149 2303 3205 qua:
2350 3135 2465 3204 ipsa
2510 3132 2859 3189 declarantur
2905 3132 3150 3185 oratione
3204 3130 3387 3185 cousi-

1815 3232 1943 3287 dere
1952 3246 2090 3285 mus.

1882 3323 1975 3378 22.
1997 3320 2157 3376 Pater
2178 3328 2350 3373 noster
2380 3317 2471 3388 qui
2493 3332 2547 3371 es
2565 3316 2621 3368 in
2643 3314 2801 3369 caelis.
2824 3315 3124 3371 Observatu
3165 3311 3384 3382 dignum

1816 3426 1899 3473 est
1930 3417 1984 3470 in
2017 3412 2216 3480 Veteri,
2257 3420 2316 3465 ut
2346 3417 2564 3475 vocant,
2613 3407 2958 3461 Testamento
3012 3405 3387 3459 inveniaturne

1816 3508 2043 3577 alicujus
2070 3506 2242 3561 oratio
2271 3503 2362 3573 qui
2403 3500 2572 3556 Deum
2602 3509 2809 3569 patrem
2846 3497 3106 3569 appellet;
3136 3511 3257 3551 nam
3288 3510 3389 3549 nos

1816 3602 2037 3673 quidem
2100 3613 2244 3653 nunc
2299 3611 2423 3651 cum
2463 3610 2560 3666 pro
2608 3593 2818 3647 viribus
2861 3588 3388 3660 investigaverimus,

1820 3712 1925 3750 non
1983 3692 2305 3748 invenimus.
2370 3688 2549 3757 Atque
2605 3686 2733 3741 illud
2783 3700 2890 3739 non
2933 3683 3184 3743 dicimus,
3219 3678 3388 3734 Deum

1818 3798 2027 3858 patrem
2059 3799 2168 3838 non
2206 3781 2411 3847 vocari,
2442 3791 2532 3835 aut
2555 3794 2649 3835 eos
2690 3778 2780 3847 qui
2809 3776 3108 3831 credidisse
3162 3772 3271 3826 Deo
3294 3787 3391 3842 pu-

1820 3889 2024 3944 tantur,
2050 3879 2186 3933 ﬁlios
2205 3876 2299 3931 Dei
2318 3891 2423 3931 non
2448 3889 2571 3928 esse
2588 3871 2895 3928 nominatos
2918 3887 2931 3923 :
2956 3868 3050 3923 sed
3068 3868 3121 3922 in
3143 3865 3390 3921 oratione

1820 3974 2169 4044 praedicatam
2222 3970 2368 4025 illam
2403 3983 2432 4021 a
2487 3967 2777 4021 Servatore
2810 3962 3187 4019 conﬁdentiam
3223 3962 3389 4015 Deum

1821 4075 2030 4135 patrem
2063 4063 2400 4127 nominandi,
2434 4062 2681 4131 nuspiam
2742 4072 2844 4111 nos
2898 4055 3188 4110 invenisse.
3220 4051 3392 4106 Porro

1824 4158 1991 4212 Deum
2045 4166 2253 4226 patrem
2295 4154 2500 4215 vocari,
2542 4166 2744 4220 eosque
2772 4149 2912 4203 ﬁlios
2936 4148 3027 4217 qui
3072 4145 3138 4200 ad
3167 4145 3390 4200 verbum

1824 4249 1920 4304 Dei
1966 4256 2341 4309 accesserunt,
2377 4244 2561 4300 multis
2600 4244 2651 4298 in
2684 4243 2821 4297 locis
2850 4241 3033 4298 videre
3083 4247 3186 4304 est,
3224 4246 3282 4292 ut
3335 4238 3393 4293 in

1823 4339 2275 4396 Deuteronomio:
2331 4337 2501 4392 Deum
2533 4336 2623 4406 qui
2653 4346 2702 4388 te
2752 4330 2930 4402 genuit
2970 4327 3318 4397 dereliquisti,
3343 4336 3394 4379 et

1824 4433 2019 4487 oblitus
2040 4448 2092 4487 es
2120 4429 2214 4485 Dei
2238 4428 2514 4483 nutrientis
2548 4438 2596 4481 te
2622 4426 2689 4481 “.
2724 4425 2791 4479 Et
2820 4424 3012 4479 iterum
3040 4438 3054 4475 :
3089 4417 3278 4473 Nonne
3309 4417 3394 4471 hic

1825 4525 1934 4592 ipse
1958 4534 2106 4593 pater
2134 4533 2254 4576 tuus
2278 4521 2502 4591 possedit
2528 4530 2597 4583 te,
2623 4527 2669 4572 et
2700 4517 2818 4587 fecit
2841 4526 2911 4577 te,
2937 4525 2983 4569 et
3018 4514 3209 4567 creavit
3232 4521 3279 4564 te
3307 4510 3352 4541 “
3369 4509 3397 4563 7

1827 4614 1895 4671 Ει
1926 4616 2157 4671 iterum:
2191 4612 2319 4666 Filii
2342 4611 2526 4683 quibus
2558 4625 2659 4663 non
2681 4616 2757 4662 est
2795 4608 2925 4677 ﬁdes
2949 4607 3001 4659 in
3032 4606 3107 4658 eis
3138 4604 3205 4659 ⁸⁷.
3243 4602 3306 4656 Et
3341 4601 3392 4654 in

1826 4708 1963 4764 Isaia
1992 4725 2005 4762 :
2060 4706 2228 4761 Filios
2257 4708 2411 4778 genui
2439 4716 2486 4760 et
2531 4702 2785 4766 exultanti;
2814 4701 2915 4770 ipsi
2966 4711 3141 4751 autem
3184 4711 3393 4764 spreue-

1826 4810 1951 4855 runt
2012 4816 2092 4854 me
2121 4799 2188 4853 ⁶⁸.
2248 4799 2314 4854 Et
2370 4798 2426 4853 in
2484 4795 2790 4852 Malacltia:
2852 4789 3029 4844 Filius
3077 4788 3395 4861 qloriﬁcabit

1821 4902 2047 4960 patrem,
2082 4896 2131 4943 et
2162 4904 2335 4943 servus
2381 4885 2649 4941 dominum
2689 4895 2863 4935 suum.
2907 4876 2976 4931 Et
3028 4878 3073 4930 si
3113 4884 3265 4946 pater
3301 4892 3394 4945 ego

1826 5000 1978 5049 sum,
2010 4984 2095 5037 ubi
2130 4990 2205 5037 est
2246 4979 2412 5053 gloria
2444 4977 2603 5031 mea?
2636 4974 2703 5029 Et
2737 4972 2784 5027 si
2828 4970 3069 5026 dominus
3114 4985 3231 5023 sum
3262 4984 3355 5037 ego
3377 5007 3392 5029 ,

1825 5078 1914 5131 ubi
1938 5087 2013 5131 est
2035 5077 2192 5131 timor
2220 5090 2362 5129 meus
2389 5071 2469 5124 "‘l
2493 5069 2749 5138 Quamvis
2773 5075 2952 5120 antem
2980 5071 3136 5137 pater
3180 5061 3395 5116 dicatur

1863 5231 1908 5264 “
1936 5229 2078 5287 Psal.
2112 5245 2238 5293 LVII,
2270 5228 2325 5283 5.
2399 5228 2445 5260 "
2478 5226 2631 5283 Deut.
2664 5238 2834 5290 xuii,
2870 5221 2957 5278 t8.
3074 5214 3119 5249 ⁸⁸
3147 5212 3309 5283 lbid.,
3335 5214 3390 5269 6.

1897 5457 2011 5529 (22)
2061 5458 2117 5529 Ὁ
2154 5456 2273 5511 τῶν
2312 5456 2497 5529 ᾀγξίων
2528 5454 2691 5519 Θεός.
2726 5450 2908 5503 Eidem
2940 5442 3221 5517 legendum
3254 5442 3403 5499 vide-

1828 5526 1935 5591 tur,
1960 5530 1989 5581 0
2012 5528 2121 5582 τῶν
2148 5529 2282 5582 ὅλων
2299 5526 2451 5589 Θεὸς.

1895 5588 2015 5670 (25)
2057 5600 2235 5670 ῼοόεχ
2274 5588 2529 5670 ms.,01:t_.
2564 5592 2740 5670 Editio
2767 5589 2969 5670 Dion...
2997 5588 3110 5670 ὅτε.
3175 5669 3180 5670 γ
3367 5654 3391 5665 ν

1822 5657 2010 5794 λύζει)
2048 5668 2227 5725 Codex
2281 5657 2425 5734 nisi,
2462 5665 2541 5740 τῷ
2591 5666 2757 5733 λόγῳ.
2811 5660 2987 5716 Editio
3035 5657 3252 5721 Oxon.,
3293 5657 3394 5715 τοῦ

1884 5757 2004 5794 γον.

1884 5757 2004 5813 γου.
