3954 6414
547 313 654 368 485

2003 311 2324 370 ORIGENIS

3660 311 3766 368 484

545 427 708 492 Deus,
732 429 876 498 iique
907 427 998 482 ﬁlii
1033 427 1122 496 qui
1149 427 1315 480 verbo
1349 425 1470 480 ﬁdei
1497 441 1600 494 qua
1635 427 1688 479 in
1715 425 1890 495 ipsum
1919 426 2098 480 credi-

2207 425 2306 480 Καὶ
2337 427 2386 478 εί
2411 424 2624 492 Κύριός
2659 427 2774 492 είμι
2811 423 2943 494 ἐγὼ,
2980 422 3100 476 ποῦ
3131 423 3299 476 ἐστιν
3331 425 3364 477 ὁ
3394 423 3582 492 φόϐος
3612 425 3764 492 μοῦ,

548 530 636 574 ιιιι·
651 523 820 591 geniti
839 531 986 584 sunt,
1007 521 1154 572 ﬁrma
1187 530 1362 571 tamen
1383 529 1436 571 et
1457 519 1664 572 stabilis
1681 519 1820 588 apud
1847 519 2100 586 antiquos

551 613 739 666 tiliatio
771 629 874 665 non
913 613 1197 678 reperitur.
1226 608 1344 678 Ipsa
1383 610 1547 680 igitur
1575 611 1690 664 loca
1717 627 1836 679 qua:
1870 612 2100 665 adducta

549 709 694 767 sunt,
729 701 966 754 subditus
988 697 1459 752 ostenduntl‘uisse
1492 699 1580 766 qui
1615 701 1934 754 dicebantur
1969 701 2098 754 lilii:

546 792 980 862 quatuloquidem
1003 790 1294 842 secundum
1315 789 1630 856 Apustolum
1655 801 1850 858 quanto
1877 801 2103 859 tempore

543 887 708 936 narres
741 880 986 950 parvulus
1015 889 1114 944 est,
1174 878 1306 930 nihil
1351 879 1528 946 dif/“ert
1565 895 1596 930 a
1651 895 1817 942 servo,
1864 896 1976 932 cum
2035 880 2102 933 sit

541 977 782 1030 dominus
815 976 1084 1028 omnium:
1123 973 1212 1026 sed
1241 973 1332 1026 sub
1356 974 1612 1024 tutoribus
1639 979 1684 1024 et
1715 973 1979 1025 actoribus
2024 981 2100 1025 est

545 1083 709 1136 usque
746 1067 812 1118 ad
857 1066 1175 1132 pra'ﬁnitum
1215 1076 1414 1129 tempus
1449 1081 1482 1116 α
1526 1073 1673 1129 patre
1697 1064 1774 1127 7°;
1830 1063 2103 1131 plenitudo

546 1171 724 1212 autem
763 1157 1020 1224 temporis
1047 1167 1130 1208 est
1166 1156 1218 1208 in
1257 1157 1488 1208 adventu
1529 1153 1738 1206 Domini
1779 1154 1946 1208 nostri
1976 1152 2102 1208 Jesu

543 1253 770 1316 Christi,
795 1267 914 1304 cum
963 1249 1304 1318 adoptionem
1355 1247 1624 1316 accipiunt
1661 1247 1750 1316 qui
1807 1245 2012 1310 volunt,
2045 1254 2104 1298 ut

543 1347 740 1400 Paulus
755 1345 912 1398 docet
929 1343 1012 1396 his
1035 1343 1242 1396 verbis:
1267 1339 1386 1394 Non
1411 1341 1546 1394 enim
1573 1342 1840 1406 accepistis
1861 1341 2104 1408 spiritum

541 1439 801 1490 servitutis
830 1437 880 1488 in
907 1437 1110 1496 timore,
1133 1433 1222 1486 sed
1244 1433 1510 1499 accepistis
1531 1433 1772 1497 spiritum
1809 1433 2104 1500 adoptionis

541 1529 798 1596 ﬁliorum,
829 1528 882 1580 in
925 1542 1026 1595 quo
1055 1523 1374 1576 clamamus:
1423 1523 1590 1586 Abba,
1627 1521 1788 1576 Pater
1813 1524 1879 1578 ⁷³.
1933 1524 2000 1576 Ει
2051 1524 2104 1577 in

542 1619 834 1687 Evangelio
852 1617 1146 1670 secundum
1173 1614 1467 1669 Joannem:
1492 1613 1751 1683 Quotquot
1779 1625 1951 1668 autent
1975 1632 2108 1669 rece-

541 1719 731 1779 perunt
765 1727 904 1770 eum,
933 1709 1092 1778 232
1117 1709 1260 1760 dedit
1294 1709 1367 1761 eis
1383 1714 1684 1774 potestatem
1707 1707 1846 1764 ﬁlios
1877 1706 1973 1758 Dei
1989 1707 2105 1774 ﬁeri

543 1803 622 1854 Itis
646 1803 735 1869 qui
761 1803 975 1854 credunt
1001 1803 1053 1852 in
1076 1801 1281 1854 nomine
1300 1797 1492 1866 ejus".
1521 1797 1583 1849 Et
1603 1807 1822 1865 propter
1851 1798 2101 1865 Spiritum

545 1895 688 1948 hunc
717 1895 1018 1962 adoptionis
1057 1893 1289 1948 ﬁliorum
1327 1892 1378 1944 in
1409 1889 1670 1943 catholica
1705 1888 1932 1942 Joannis
1979 1888 2104 1956 Epi-

544 1985 676 2036 stula
711 1985 780 2038 de
821 1985 889 2038 iis
919 1985 1010 2054 qui
1039 1984 1106 2038 de
1137 1985 1245 2038 Deo
1267 1984 1376 2036 nati
1405 1993 1552 2047 sunt,
1578 1981 1860 2034 didicimus
1887 1994 2100 2034 omnem

542 2078 631 2144 qui
659 2087 810 2128 natus
839 2087 910 2128 est
944 2093 1008 2129 ex
1045 2076 1172 2139 Deo,
1200 2087 1466 2143 peccatum
1499 2090 1598 2126 non
1631 2075 1832 2138 facere,
1855 2073 2102 2141 quoniam

540 2185 712 2222 seuseu
743 2170 903 2236 ipsius
925 2171 976 2221 in
994 2185 1052 2222 eo
1083 2179 1278 2231 manet,
1313 2179 1358 2220 et
1397 2183 1496 2220 non
1522 2180 1678 2236 posse
1702 2181 1933 2232 peccare,
1969 2179 2102 2231 quo-

543 2261 684 2312 niam
717 2277 777 2312 ex
803 2260 905 2312 Deo
938 2273 1094 2312 natus
1116 2271 1186 2312 est
1219 2260 1284 2312 ⁷³.
1319 2260 1488 2328 Igitur
1513 2258 1559 2312 si
1592 2257 1952 2326 intelligamus
1979 2254 2103 2321 quid

544 2349 672 2403 illud
699 2351 766 2404 sit
789 2351 928 2418 quod
949 2351 1086 2416 apud
1110 2349 1314 2404 Lucam
1342 2351 1598 2416 scriptum
1617 2357 1720 2408 est.
1747 2345 1875 2398 Cum
1909 2343 2097 2402 oratis,

541 2443 732 2496 dicite:
755 2440 913 2494 Pater
934 2442 1009 2507 7";
1033 2442 1340 2496 verebimur
1361 2442 1406 2495 si
1427 2441 1521 2494 lilii
1546 2438 1769 2508 legitimi
1793 2451 1896 2490 non
1929 2435 2099 2488 simus

541 2535 644 2590 hac
694 2535 840 2588 illum
892 2549 1020 2588 voce
1081 2534 1440 2602 compellare:
1511 2549 1577 2586 ne
1625 2531 1692 2584 ad
1731 2529 1832 2582 alia
1885 2535 2102 2596 peccata

541 2637 724 2680 nostra
757 2629 918 2680 etiam
969 2626 1266 2694 impietatis
1300 2627 1503 2679 crt'incn
1543 2621 1790 2676 accedat.
1837 2619 1892 2672 ltl
1921 2628 2102 2672 autem

539 2727 622 2769 est
650 2719 790 2784 quod
822 2717 961 2770 diro.
1015 2717 1104 2768 Ait
1131 2714 1330 2768 Paulus
1374 2715 1426 2768 in
1472 2715 1640 2782 prima
1689 2712 1756 2765 ad
1797 2709 2104 2765 Corinthios

538 2801 808 2874 Epistula:
847 2805 1013 2858 Nemo
1045 2813 1216 2874 potest
1273 2807 1443 2858 dicere
1493 2801 1748 2854 Dominus
1779 2799 1956 2864 Jesus,
2005 2799 2106 2852 nisi

539 2899 596 2952 in
651 2895 848 2966 Spiritu
885 2907 1098 2960 sancto;
1151 2906 1198 2948 et
1242 2912 1389 2950 nemo
1437 2897 1490 2948 in
1525 2893 1726 2962 Spiritu
1769 2891 1864 2944 Dei
1895 2892 2104 2959 loquens

540 2989 664 3042 dicit
703 2989 980 3042 anathema
1024 2987 1152 3041 Jesu
1179 2989 1246 3040 ⁷⁸.
1297 2987 1440 3040 Idem
1475 2985 1616 3039 enim
1642 2995 1798 3038 vocat
1841 2981 2101 3050 Spiritum

2199 519 2309 572 Καὶ
2341 518 2386 568 εί
2419 517 2628 585 λέγεται
2667 517 2778 587 (9.5)
2809 518 2984 570 τοίνυν
3013 515 3192 586 πατὴρ
3219 517 3248 567 6
3269 515 3418 578 Θεὸς,
3453 515 3549 568 καὶ
3583 515 3688 567 υἱοὶ
3718 517 3766 568 οἱ

2199 609 2274 678 τῷ
2307 609 2443 678 λόγῳ
2469 609 2566 678 τῆς
2593 612 2670 672 εἰς
2697 609 2854 661 αὑτὸν
2881 609 3112 670 πίστεως
3145 607 3526 676 γεγεννημένοι
3545 623 3560 636 ⁸
3595 606 3655 660 τὸ
3683 607 3766 676 βέ-

2201 701 2351 754 ϐαιόν
2389 718 2446 752 τε
2479 701 2587 770 (26)
2625 701 2717 752 καὶ
2755 701 2812 752 τὸ
2845 699 3232 770 ἀμετάπτωτον
3265 699 3362 769 τῆς
3398 699 3642 767 υίότητος
3673 699 3772 750 οὑκ

2201 790 2344 844 ἔστιν
2375 792 2498 844 ἰδεῖν
2523 791 2672 862 παρά
2703 792 2812 852 τοῖς
2835 791 3096 860 ἀρχαίοις.
3130 789 3278 842 Αὑτά
3307 788 3436 856 γοῦν
3469 787 3506 842 ἃ
3539 789 3770 859 παρεθέ-

2205 885 2340 955 μεθα
2365 884 2642 946 ὑπαιτίους
2667 884 2914 953 ἐμφαίνει
2933 878 3070 934 εἶναι
3091 881 3216 945 τοὺς
3235 880 3558 950 λεγομένους
3587 879 3768 944 υἱούς⁶

2201 975 2322 1026 ἐπεὶ
2359 973 2497 1026 κατὰ
2529 972 2618 1026 τὸν
2665 972 3002 1036 Ἀπόστολον,
3047 971 3155 1036 ἕως
3183 975 3215 1025 ό
3247 972 3624 1039 κληρονόμος
3669 969 3774 1036 νή-

2201 1068 2336 1132 πιός
2355 1066 2542 1128 ἐστιν,
2566 1063 2744 1118 οὐδὲν
2765 1063 3024 1132 διαφέρει
3045 1061 3285 1124 δούλου,
3308 1065 3512 1131 κύριος
3533 1061 3778 1116 πάντων

2200 1157 2302 1220 ὢν,
2319 1157 2454 1210 ἀλλ’
2475 1157 2590 1210 ὑπὸ
2612 1157 2964 1224 ἐπιτρόπους
2986 1157 3118 1210 ἐστὶ
3143 1157 3240 1210 καὶ
3265 1157 3620 1225 οἰκονόμους
3639 1154 3776 1222 ἄχρι

2201 1249 2314 1316 τῆς
2357 1249 2717 1317 προθεσμίας
2747 1250 2851 1303 τοῦ
2891 1251 3140 1316 πατρός·
3175 1249 3238 1301 τὸ
3267 1249 3323 1301 δὲ
3359 1249 3634 1319 πλήρωμα
3679 1247 3776 1300 τοῦ

2203 1342 2391 1412 χρόνου
2417 1343 2474 1392 ὲν
2497 1343 2562 1411 τῇ
2591 1341 2683 1392 του
2713 1341 2912 1411 Κυρίου
2933 1339 3090 1411 ἡμῶν
3126 1339 3298 1409 Ἰησοῦ
3329 1339 3570 1411 Χριστοῦ
3597 1339 3774 1410 ἐπιδη-

2207 1435 2306 1504 μία
2349 1433 2573 1497 ἔνεστιν,
2625 1435 2715 1486 ὅτε
2759 1432 2858 1504 τὴν
2903 1433 3172 1486 υἱοθεσίαν
3215 1431 3694 1502 ἀπολαμϐάνουσιν
3722 1431 3770 1484 oi

2209 1527 2536 1598 βουλόμενοι,
2587 1527 2661 1590 ὡς
2702 1529 2730 1579 6
2764 1526 2973 1590 Παῦλος
3015 1526 3250 1580 διδάσκει
3283 1525 3370 1578 διὰ
3397 1525 3638 1578 τούτων’
3691 1527 3772 1578 οὐ

2204 1620 2313 1690 γὰρ
2327 1619 2570 1672 ἐλάϐετε
2587 1619 2818 1688 πνεῦμα
2843 1619 3122 1686 δουλείας
3136 1623 3222 1685 εις
3239 1621 3445 1688 φόϐον,
3459 1621 3623 1673 ἀλλὰ
3641 1619 3774 1672 ἐλά-

2206 1715 2333 1766 ϐετε
2346 1711 2577 1780 πνεῦμα
2589 1711 2994 1776 υἱοθεσίας-,ἐν
3014 1704 3060 1776 ᾧ
3077 1709 3376 1779 κράζομεν·
3405 1709 3570 1764 Ἆϐὄᾶ
3595 1713 3629 1763 ό
3657 1715 3772 1764 Ila-

2201 1803 2332 1872 τήρ.
2355 1805 2461 1855 Καὶ
2484 1804 2540 1854 ὲν
2565 1801 2642 1871 τῷ
2667 1801 2806 1854 κατά
2847 1802 3113 1872 Ἰωάννην·
3144 1800 3312 1852 Ὅσοι
3334 1797 3402 1851 δὲ
3421 1789 3648 1852 ἔλαϐον
3667 1802 3772 1853 αὐ-

2201 1896 2264 1948 τὸ
2271 1913 2325 1958 ν,
2359 1893 2578 1948 ἔδωκεν
2593 1892 2794 1957 αὐτοῖς
2809 1891 3093 1955 ἐξουσίαν
3117 1889 3292 1944 τέκνα
3309 1889 3456 1943 Θεοῦ
3471 1890 3768 1959 γενέσθαι,

2202 1985 2318 2048 τοῖς
2341 1985 2730 2036 πιστεύουσιν
2753 1986 2838 2048 είς
2857 1983 2922 2036 τὸ
2943 1983 3128 2052 ὄνομα
3149 1983 3332 2036 αὑτοῦ
3350 2000 3363 2012 ·
3391 1983 3486 2036 καὶ
3505 1981 3594 2035 διὰ
3621 1983 3776 2036 τοῦτο

2201 2077 2260 2129 τὸ
2293 2077 2392 2145 τῆς
2425 2075 2693 2138 υἱοθεσίας
2727 2074 2942 2145 πνεῦμα
2971 2076 3027 2128 ὲν
3057 2079 3123 2146 τῇ
3159 2075 3414 2146 καθολικῇ
3451 2075 3547 2128 τοῦ
3593 2075 3770 2128 Ἰωάν-

2203 2183 2292 2218 νου
2310 2164 2589 2236 Ἐπιστολῇ
2613 2165 2738 2236 περὶ
2765 2164 2870 2216 τῶν
2901 2165 2962 2216 ἐκ
2987 2165 3120 2216 Θεοῦ
3153 2163 3566 2236 γεγεννημένων
3599 2183 3664 2236 με
3673 2183 3774 2236 μα-

2205 2259 2467 2331 θήκαμεν,
2503 2259 2582 2311 ὅτι
2623 2256 2744 2323 Πᾶς
2781 2260 2814 2310 ό
2863 2257 3286 2328 γεγεννημένος
3331 2260 3399 2312 ἐκ
3447 2259 3556 2313 τοῦ
3629 2259 3772 2314 Θεοῦ

2203 2352 2493 2420 ἁμαρτίαν
2537 2352 2608 2404 οὐ
2639 2349 2812 2414 ποιεῖ,
2865 2349 2954 2402 ὅτι
3000 2351 3232 2420 σπέρμα
3273 2353 3458 2406 αὑτοῦ
3503 2352 3576 2405 ἐν
3617 2350 3774 2422 αὐτῷ

2198 2443 2382 2513 μένει,
2409 2446 2504 2498 καί
2529 2445 2599 2498 οὐ
2617 2443 2862 2498 δύναται
2889 2443 3263 2514 ἁμαρτάνειν,
3285 2444 3374 2496 ὅτι
3403 2444 3474 2497 ἐκ
3498 2443 3608 2498 τοῦ
3627 2443 3774 2500 Θεοῦ

2205 2535 2526 2605 γεγένηται.
2573 2537 2634 2590 Et
2689 2535 2868 2606 μέντοι
2907 2537 3197 2606 νοήσαιμεν
3239 2535 3291 2586 τί
3334 2536 3450 2587 ἐστι
3495 2536 3580 2600 τὸ,
3631 2535 3774 2588 ὅταν

2205 2631 2640 2697 προσεύχησθε,
2673 2627 2894 2696 λέγετε,
2921 2627 3128 2696 Πάτερ,
3157 2629 3290 2698 ὅπερ
3315 2628 3464 2694 παρά
3491 2627 3572 2698 τῷ
3595 2628 3774 2698 on.qu

2204 2720 2526 2790 γέγραπται,
2543 2721 2840 2790 ὀκνήσομεν
2859 2719 2992 2790 (27),
3015 2719 3086 2790 μὴ
3109 2719 3385 2789 γενόμενοι
3411 2719 3520 2770 υἱοὶ
3539 2719 3770 2789 γνήσιοι,

2206 2811 2628 2884 προενέγκασθαι
2647 2810 2846 2881 ταύτην
2871 2811 2970 2880 τὴν
2997 2811 3178 2879 φωνὴν
3207 2809 3374 2878 αὐτῷ,
3403 2811 3616 2879 μήποτε
3643 2809 3772 2878 πρὸς

2203 2906 2314 2966 τοῖς
2333 2903 2510 2965 ἄλλοις
2531 2902 2685 2973 ἡμῶν
2704 2902 3058 2972 ἁμαρτήμασι
3081 2901 3172 2954 καὶ
3193 2899 3448 2963 ἀσεϐείας
3471 2900 3772 2971 ἐγκλήματι

2206 2995 2376 3066 ἔνοχοι
2419 2993 2722 3064 γενώμεθα.
2771 2995 2834 3046 Ὃ
2881 2993 2936 3046 δὲ
2974 2991 3083 3062 (9.8)
3123 2991 3282 3060 λέγω,
3331 2992 3574 3044 τοιοῦτόν
3625 2993 3768 3044 ἐστι’

542 3091 788 3134 sanctum
823 3090 874 3132 et
899 3080 1156 3148 Spiritum
1187 3079 1302 3132 Dei.
1331 3078 1470 3144 Quid
1517 3078 1589 3130 sit
1627 3087 1802 3130 autem
1841 3076 2020 3129 dicere
2049 3076 2099 3128 in

2207 3089 2368 3159 φησὶν
2415 3089 2472 3140 ὲν
2522 3089 2586 3158 τῇ
2635 3085 2874 3157 προτέρᾳ⁴
2919 3085 3054 3155 πρὸς
3093 3083 3410 3152 Κορινθίους
3455 3085 3484 3136 6
3531 3083 3772 3148 Παῦλοςο

541 3173 745 3242 Spiritu
771 3183 958 3226 s;mcto
990 3173 1272 3225 Dominum
1303 3170 1508 3234 Jesum,
1537 3185 1639 3223 non
1661 3169 1945 3222 admodum
1981 3184 2102 3236 per-

543 3265 785 3333 Spicuum
812 3274 924 3326 esu;
951 3279 1068 3317 eum
1099 3261 1532 3332 proferaturhzec
1557 3275 1656 3314 vox
1681 3271 1732 3312 et
1761 3261 1826 3314 ab
1851 3261 2103 3330 hypocri-

541 3356 615 3410 tis
654 3355 972 3417 innumeris,
1031 3363 1086 3408 et
1143 3354 1210 3408 ab
1261 3353 1610 3406 heteroduxis
1662 3352 2098 3420 quamplurimis,

543 3461 936 3514 nonnunquam
969 3455 1020 3500 et
1056 3461 1086 3498 a
1115 3445 1448 3499 daemonibus
1471 3444 1628 3512 hujus
1652 3444 1885 3498 nominis
1909 3445 2104 3500 virtute

542 3540 833 3608 superatis.
891 3539 1088 3592 llormn
1119 3553 1248 3609 ergo
1302 3538 1534 3605 aliquem
1575 3537 1626 3590 in
1672 3535 1876 3606 Spin’tu
1912 3549 2100 3592 sancto

545 3633 723 3684 dicere
781 3630 1066 3686 Dominum
1117 3628 1298 3684 Iesum
1355 3643 1510 3686 nemo
1570 3627 1838 3682 aliirmare
1883 3631 2100 3686 audeat.

545 3723 726 3790 Quare
759 3738 825 3778 ne
853 3723 1046 3778 vellent
1074 3725 1294 3794 quidem
1345 3723 1524 3776 dicere
1558 3721 1842 3776 Dominutn
1895 3723 2098 3786 Jesum,

543 3830 666 3878 cum
701 3815 772 3868 illi
804 3815 900 3869 soli
955 3815 1135 3869 dicant
1165 3815 1446 3868 Dominum
1471 3814 1676 3882 Jcsum,
1711 3817 1800 3886 qui
1828 3831 1892 3870 ex
1922 3817 2102 3870 animo

546 3906 790 3958 serviunt
827 3905 1005 3960 Verbo
1057 3905 1172 3972 Dei,
1209 3905 1516 3976 nullumque
1563 3908 1726 3962 alium
1779 3908 1830 3961 in
1865 3907 2103 3976 qualibet

548 3997 751 4066 agenda
787 4013 846 4052 re
886 3999 1165 4052 Dominum
1201 3998 1516 4067 prtedicant.
1544 4001 1695 4068 Quod
1731 4001 1774 4055 si
1809 4001 1939 4055 tales
1977 4008 2102 4054 sunt

545 4089 638 4158 qui
667 4090 852 4144 dicunt
877 4108 890 4144 :
935 4090 1189 4145 Dominus
1222 4091 1398 4156 Iesus,
1427 4091 1608 4146 forsan
1643 4093 1951 4161 quicunque
1979 4107 2102 4160 pec-

543 4189 653 4244 cat,
709 4183 1153 4250 prmvaricatione
1197 4200 1292 4238 sua
1345 4185 1816 4242 anathematizans
1864 4183 2098 4238 Verbum

545 4273 808 4338 divinum,
840 4277 1091 4344 operibus
1121 4277 1252 4345 ipsis
1286 4278 1482 4332 clamat
1531 4279 1822 4332 anathema
1851 4276 1998 4333 Jesu.
2037 4277 2102 4332 [λι

545 4366 707 4435 igitur
761 4367 848 4436 qui
886 4366 1011 4421 talis
1034 4379 1138 4432 est,
1173 4370 1304 4423 dicit
1327 4369 1610 4424 Dominum
1656 4368 1860 4432 Jesum,
1906 4377 1960 4423 et
2009 4369 2098 4438 qui

2208 3179 2416 3245 Οὐδείς
2446 3178 2690 3232 δύναται
2724 3175 2914 3229 εἰπεῖν
2953 3176 3166 3242 Κύριος
3209 3173 3470 3242 Ἰησοῦς,
3506 3177 3560 3227 ει
3591 3175 3676 3244 μὴ
3705 3175 3780 3229 ἐν

2201 3273 2496 3342 Πνεύματι
2525 3271 2700 3340 ἁγίῳ·
2738 3267 2839 3323 καί
2863 3267 3060 3333 οὐδεὶς
3087 3267 3156 3320 ἐν
3185 3268 3484 3334 Πνεύματι
3510 3267 3658 3337 ἁγίῳ
3671 3270 3776 3321 λα-

2202 3367 2328 3422 λῶν
2367 3367 2526 3434 λέγει
2553 3364 2817 3432 ἀνάθεμα
2861 3361 3104 3430 Ἰησοῦν
3142 3360 3285 3431 (‘29)°
3323 3361 3382 3413 τὸ
3413 3361 3544 3412 αὐτὸ
3577 3360 3776 3431 ὀνομά-

2204 3459 2309 3522 ζων
2343 3457 2496 3526 ἆγιον
2530 3456 2772 3525 Πνεῦμα,
2799 3455 2892 3508 καὶ
2917 3453 3140 3524 Πνεῦμα
3163 3452 3316 3506 Θεοῦ.
3347 3452 3412 3504 Τί
3439 3451 3496 3505 δὲ
3517 3453 3581 3504 τὸ
3606 3453 3780 3504 εἰπεῖν

2203 3553 2260 3604 ὲν
2291 3549 2562 3620 Πνεύματι
2589 3549 2725 3616 ἁγίῳ
2753 3546 2952 3619 Κύριον
2999 3543 3200 3614 Ἰησοῦν
3222 3543 3354 3614 ('50),
3387 3545 3448 3596 οὐ
3491 3545 3635 3597 πάνυ
3663 3545 3778 3596 ἐστὶ

2205 3642 2390 3710 σαφὲς,
2423 3638 2840 3710 προφερομένων
2863 3637 2961 3707 τὴν
2995 3635 3176 3705 φωνὴν
3201 3635 3510 3705 ὑποκριτῶν
3547 3635 3772 3706 μυρίων,

2203 3735 2296 3787 καὶ
2327 3732 2642 3804 ἑτεροδόξων
2669 3729 2946 3792 πλειόνων,
2977 3727 3144 3780 ἐνίοτε
3174 3726 3265 3779 καὶ
3297 3726 3594 3798 δαιμόνων,
3621 3745 3780 3780 vnum-

2206 3826 2378 3897 μένων
2413 3825 2517 3876 ὑπὸ
2547 3823 2642 3894 τῆς
2676 3824 2732 3874 ὲν
2771 3819 2848 3890 τῷ
2885 3819 3108 3889 ὀνόματι
3134 3818 3431 3888 δυνάμεως.
3467 3819 3656 3882 Οὐδεὶς
3681 3815 3776 3872 οὖν

2201 3919 2456 3989 τολμήσει
2493 3915 2600 3986 (51)
2625 3913 2744 3967 τινὰ
2771 3912 2972 3966 τούτων
2999 3909 3376 3980 ἀποφήνασθαι
3409 3912 3469 3962 ἐν
3497 3911 3774 3981 Πνεύματι

2199 4008 2340 4077 ἁγίῳ
2373 4006 2548 4074 λέγειν
2579 4004 2779 4075 Κύριον
2821 4001 3044 4071 Ἰησοῦν.
3085 4000 3282 4070 Διόπερ
3304 3999 3411 4052 οὐδ’
3445 3999 3512 4052 ἂν
3539 4001 3776 4070 δεχθείεν

2202 4099 2378 4167 λέγειν
2411 4097 2613 4167 Κύριον
2661 4094 2864 4165 Ἰησοῦν
2909 4093 3039 4162 (52),
3087 4092 3260 4162 μόνων
3295 4091 3404 4144 τῶν
3447 4092 3560 4144 ἀπὸ
3599 4092 3774 4145 διαθέ-

2203 4207 2338 4253 σεως
2354 4189 2636 4257 λεγόντων,
2653 4188 2708 4240 ὲν
2723 4186 2800 4256 τῷ
2824 4184 3088 4239 δουλεύειν
3111 4183 3188 4253 τῷ
3209 4183 3366 4253 Λόγῳ
3385 4184 3482 4236 τοῦ
3503 4185 3662 4250 Θεοῦ,
3683 4185 3774 4238 καὶ

2205 4282 2406 4352 μηδένα
2439 4279 2588 4352 παρὰ
2623 4277 2808 4331 τοῦτον
2849 4280 2906 4330 ἐν
2929 4275 3006 4346 τῷ
3037 4275 3314 4328 ὁτιποτοῦν
3353 4279 3617 4346 πράττειν
3643 4279 3774 4331 ἁνα-

2201 4374 2532 4446 γορευόντων
2571 4371 2771 4442 Κύριον
2809 4369 2940 4438 (55),
2987 4368 3046 4422 τὸ
3089 4367 3288 4438 Κύριος
3335 4368 3567 4439 Ἰησοῦς.
3609 4370 3670 4421 Εἰ
3715 4369 3774 4420 δὲ

545 4461 822 4516 contrario
871 4475 929 4514 se
965 4462 1122 4514 modo
1169 4462 1354 4526 habet,
1413 4463 1541 4516 dicit
1591 4461 1878 4516 anathema
1925 4460 2094 4515 Jesu:

2207 4464 2427 4518 τοιοῦτοι
2469 4465 2517 4516 οί
2560 4461 2807 4529 λέγοντες
2851 4461 3062 4526 Κύριος
3115 4457 3362 4526 Ἰησοῦς,
3411 4461 3556 4530 τάχα
3593 4461 3696 4525 πᾶς
3743 4459 3776 4510 6

544 4551 625 4604 sic
671 4553 838 4605 omnis
882 4553 973 4624 qui
1020 4563 1174 4607 natus
1231 4563 1304 4607 est
1359 4570 1422 4608 ea:
1449 4553 1555 4607 Deo
1595 4564 1642 4608 et
1697 4565 1962 4621 peccatum
1995 4570 2098 4607 non

549 4641 672 4710 facit
700 4639 768 4709 ⁷⁸,
792 4647 1013 4714 eoquod
1029 4645 1251 4702 seminis
1273 4647 1437 4700 divini
1472 4648 1540 4701 sit
1569 4648 1836 4715 particeps
1861 4647 2000 4714 quod
2032 4646 2098 4699 ab

547 4737 690 4789 ontni
728 4748 946 4804 peccato
972 4739 1188 4802 avertit,
1229 4755 1324 4808 per
1346 4755 1408 4792 ea
1431 4755 1548 4808 qua:
1582 4739 1712 4808 agit,
1736 4739 1868 4792 dicit
1895 4755 1912 4795 :
1939 4726 2102 4791 Pater

551 4842 721 4880 noster
752 4830 840 4896 qui
859 4845 910 4881 es
939 4829 992 4882 in
1015 4831 1194 4894 uelis;
1222 4835 1332 4900 ipso
1359 4835 1546 4900 spiritu
1577 4835 1928 4886 testimonium
1978 4836 2100 4887 red-

625 4923 671 4953 "
703 4921 874 4976 Galat.
901 4939 974 4986 tv,
1007 4925 1058 4978 l.

553 4989 600 5020 "
637 4988 838 5042 IJoau.
873 5005 953 5054 ιιι,
985 4995 1036 5046 9.

627 5079 750 5148 (25)
805 5079 984 5134 Codex
1049 5097 1173 5145 ms.,
1221 5079 1452 5150 λέγεται.
1517 5083 1694 5138 Editio
1747 5082 1960 5146 Oxum,
2011 5083 2100 5134 λέ-

555 5166 740 5341 ἔηίξθ)
785 5217 851 5272 Τὸ
885 5221 1132 5284 βέϐαιόν
1169 5237 1250 5274 τε.
1287 5222 1429 5290 Lego
1467 5238 1584 5277 cum
1617 5221 1880 5284 Bentleio,
1915 5223 1976 5275 τὸ
2009 5221 2100 5292 βέ-

591 5307 706 5341 αιον
737 5307 821 5341 γε.

591 5307 966 5434 αῐὲῦῖἰίοάεζκ-
993 5377 1116 5434 ms.,
1140 5361 1477 5434 όκκιήσσμεν,
1511 5362 1642 5416 edit.
1694 5361 1889 5428 Oxou.,
1924 5361 2102 5434 ὠκνή-

558 5445 744 5499 σαμεν.
767 5427 1038 5485 Bentleius
1053 5431 1194 5499 legit,
1231 5427 1576 5501 ὀκνήσαιμεν.

625 5501 739 5569 (28)
777 5501 952 5554 Editio
985 5503 1180 5562 Uxon.,
1212 5500 1547 5572 ἐγκλήματος
1573 5501 1744 5572 ἔνοχοι
1781 5500 2063 5570 γενώμεθα
2083 5518 2096 5532 ο

557 5569 658 5624 ὕδε.
691 5573 758 5622 At
789 5572 954 5624 codex
993 5587 1092 5622 tus.
1124 5581 1178 5620 ut
1211 5573 1260 5622 in
1297 5569 1480 5624 nostro
1509 5569 1681 5630 textu.

627 5640 736 5711 (29)
786 5640 1034 5706 Ἰησοῦν.
1049 5640 1324 5711 Bentleius
1341 5641 1488 5711 legit,
1527 5639 1751 5711 Ἰησοῦς.

623 5708 736 5792 ςόυ)
773 5712 987 5778 Κύριον
1046 5708 1294 5776 Ἰησοῦν.
1343 5707 1482 5765 Idem
1533 5707 1693 5781 legit,
1749 5707 1960 5783 Κύριος
1997 5714 2105 5784 Ἰη-

557 5795 699 5845 conc.

1133 4926 1178 4956 τί
1210 4927 1364 4981 ltum.
1397 4944 1510 4992 vttt,
1545 4929 1632 4983 15.
1711 4929 1755 4960 ⁷⁸
1791 4927 1948 4982 Joan.
1979 4945 2016 4994 ι,
2047 4930 2141 4983 1'2.

2207 4555 2552 4628 ἁμαρτάνων,
2601 4551 2688 4604 διὰ
2733 4549 2826 4602 τοῦ
2860 4552 3191 4621 παρανομεῖν
3231 4549 3644 4624 ἀναθ-εματίξων
3683 4549 3774 4604 τὸν

2205 4648 2344 4701 θεῖον
2375 4645 2562 4712 Λόγον,
2591 4642 2678 4696 διὰ
2721 4641 2825 4694 τῶν
2865 4641 3038 4712 ἔργων
3071 4639 3338 4710 κέκραγεν
3379 4639 3630 4710 ἀνάθεμα
3673 4643 3780 4712 Ἰη-

2207 4737 2351 4801 σοῦς.
2385 4737 2593 4805 Ὥσπερ
2615 4729 2704 4786 οὖν
2725 4733 2752 4784 6
2777 4733 2980 4784 τοιόσδε
3003 4731 3146 4798 λέγει
3169 4730 3275 4802 (54)
3303 4731 3508 4802 Κύριος
3547 4732 3774 4802 Ἰησοῦς,

2208 4831 2300 4886 καὶ
2331 4831 2360 4881 ὁ
2399 4827 2569 4895 τούτῳ
2611 4825 2864 4888 ἐναντίως
2894 4823 3250 4896 διακείμενος,
3287 4823 3348 4876 τὸ
3379 4825 3630 4896 ἀνάθεμα
3672 4826 3778 4896 Ἰη-

2249 4928 2296 4959 τ³
2321 4926 2340 4980 ι
2367 4925 2522 4978 Joan.
2559 4937 2642 4986 ιιι,
2675 4921 2728 4975 9.
2804 4921 2850 4951 ⁷³
2875 4919 3100 4986 Lucan,
3123 4921 3178 4974 2.
3281 4919 3328 4950 ⁷⁵
3361 4920 3380 4973 l
3413 4919 3542 4974 Cor.
3577 4935 3686 4984 xu,
3713 4919 3774 4972 5.

2279 5082 2390 5154 (51)
2437 5084 2759 5152 Τολμήσει,
2809 5091 2914 5154 etc.
2945 5083 3087 5136 ldcm
3123 5081 3277 5151 legit,
3317 5081 3772 5154 tolpﬁcata...,...

2205 5153 2400 5221 λέγειν,
2443 5154 2643 5225 Κύριος
2691 5153 2914 5225 Ἰησοῦς.
2946 5155 2999 5206 In
3037 5154 3404 5225 tnauuscriptu
3429 5153 3656 5225 legitur.
3685 5153 3772 5206 λέ-

2203 5239 2491 5304 γεινηιιοιι.
2526 5221 2652 5278 vero
2700 5221 2894 5293 λέγων,
2940 5223 3387 5292 quemadmodum
3428 5221 3480 5272 in
3535 5225 3776 5279 editione

2204 5295 2514 5348 Oxouiensi.

2273 5365 2382 5434 (5‘2)
2420 5364 2595 5416 Codex
2618 5363 3024 5434 Ῠιηεηδεχθεῖεν
3063 5363 3240 5434 λέγειν
3267 5359 3490 5434 ,Κύριον
3514 5359 3764 5434 ῨἿησοῦν.

2273 5381 2382 5434 (ΟΖ)
2420 5381 2595 5416 euuex
2629 5381 2758 5424 ms.,
2791 5381 2845 5416 οε
2885 5381 3024 5416 υειεν
3065 5381 3240 5430 Λεγειν
3285 5381 3490 5432 Λυριον
3561 5381 3764 5432 ιησουν.

2203 5435 2380 5488 Editio
2396 5437 2590 5496 Oxum,
2609 5433 2819 5502 δεχθείη
2847 5381 3016 5501 2ἐέγων
3039 5431 3120 5485 Κύ
3163 5449 3239 5484 ιον
3267 5430 3492 5501 Ἰησοῦν.
3511 5430 3780 5486 Bentleius

2207 5505 2354 5555 lenit.
2379 5502 2612 5555 δεγθεῖεν
2644 5503 2836 5555 λέγειν.
2873 5503 3072 5555 Romo:
3113 5451 3336 5555 ’ἵησι-οῦς.

2207 5502 2612 5574 Χεθίμδεχθεῖεν
2644 5503 2836 5574 λέγειν,
2873 5503 3072 5574 Κύριος
3113 5502 3336 5574 Ἰησοῦς,

2209 5570 2408 5697 8153i
2429 5570 2662 5692 Iis'tipwr.
2693 5571 2854 5628 Forte
2875 5570 3184 5644 legendum,
3207 5573 3432 5644 κυρίως,
3465 5581 3528 5626 ιιι
3553 5570 3774 5639 conjici'.

2253 5659 2316 5698 en
2365 5658 2448 5696 eiu
2487 5679 2502 5695 .

2279 5679 2612 5784 (ἕλῖῖῖοᾱει
2659 5727 2763 5770 ms.
2812 5721 2980 5784 recte,
3009 5711 3175 5781 λέγει.
3203 5712 3399 5787 ⁵Εείἱιὶι)
3443 5711 3646 5784 Οιοιι.⁹
3681 5717 3776 5771 λι-

2209 5799 2340 5852 γων.
