3954 6414
139 342 220 397 ιιε
1311 349 1644 406 LIBELLUS
1676 349 1762 405 DE
1793 349 2162 407 OBATIONE.

3244 363 3352 420 £86

137 457 262 522 σούς·
283 456 447 521 οὕτως
475 458 600 525 πᾶς
631 461 669 513 ό
698 461 777 514 ἐκ
801 462 908 516 τοῦ
937 463 1079 516 Θεοῦ
1105 469 1554 534 γεγεννημένος,
1586 468 1682 521 καὶ

1789 467 1939 519 dente
1969 469 2177 535 spiritui
2219 483 2404 524 eorum
2435 471 2575 541 quod
2597 473 2702 526 sint
2731 473 2832 539 ﬁlii
2858 473 2954 528 Dei
2972 476 3038 540 τ’,
3076 477 3350 550 ipsiusque

132 552 197 624 μὴ
232 549 402 605 ποιῶν
429 552 767 620 ἁμαρτίαν,
815 556 893 628 τῷ
925 557 1229 628 σπέρματος
1266 560 1507 630 μετέχειν
1548 561 1683 615 Θεοῦ

132 646 279 712 πάσης
299 643 569 714 ἁμαρτίας
587 644 1025 717 ἀποτρέποντος,
1047 648 1114 700 δι’
1128 641 1202 702 ὧν
1227 651 1472 720 πράττει,
1503 650 1681 721 λέγει·

133 736 285 802 Πάτερ
303 733 486 802 ἡμῶν,
511 739 546 788 ό
561 736 640 788 ἑν
674 737 810 803 τοῖς
838 741 1108 807 οὐρανοῖς
1124 758 1136 770 ⁸
1160 742 1345 796 αὐτοῦ
1371 744 1478 797 τοῦ
1502 747 1687 799 Πνεύ-

126 844 278 897 ματος
319 829 913 896 συμμαρτινροῦντος
955 831 1031 898 τῷ
1069 836 1357 904 πνεύματι
1391 837 1566 890 αὐτῶν
1597 837 1687 891 ὅτι

131 920 214 970 εἰσὶ
241 917 410 971 τέκνα
431 919 612 983 Θεοῦ,
648 922 752 974 καὶ
788 927 1139 994 κληρονόμοι
1177 929 1390 990 αὐτοῦ,
1423 935 1688 999 συγκλη-

123 1013 324 1080 ρονόμοι
371 1028 433 1064 τε
456 1011 570 1064 τοῦ
603 1013 910 1081 Ᾱξριστοῦν
957 1018 1072 1070 ἐπεὶ
1105 1019 1565 1090 συμπάσχοντες
1597 1025 1686 1076 καὶ

129 1102 561 1166 συνδοξάζεσθαι
584 1105 939 1170 ,ἐλπίζουσιν
986 1109 1236 1178 εὐλόγως.
1276 1111 1389 1165 Ἵνα
1420 1112 1475 1164 δὲ
1520 1114 1592 1186 μὴ
1629 1116 1686 1183 ἐξ

128 1195 316 1265 ἡμίσους
345 1195 546 1263 λέγωσι
585 1197 675 1260 τὸ,
709 1199 908 1268 Πάτερ
945 1200 1126 1269 ἡμῶν,
1167 1205 1216 1255 οἱ
1253 1205 1476 1259 τοιοῦτοι
1550 1208 1687 1277 μετὰ

127 1289 210 1340 τῶν
237 1288 419 1358 ἔργων,
447 1290 546 1342 καὶ
573 1293 614 1359 ἡ
657 1291 906 1360 καρδία,
931 1296 962 1364 ἡ
990 1295 1095 1347 τῶν
1122 1295 1299 1350 καλῶν
1328 1297 1502 1368 ἔργων
1536 1302 1685 1373 πηγὴ

128 1380 195 1431 καὶ
219 1378 366 1451 ἁρχὴ,
393 1382 685 1434 πιστεύει
719 1386 814 1449 εἰς
841 1383 1244 1454 δικαιοσύνην,
1275 1383 1355 1452 οἷς
1385 1391 1686 1460 συμφώνως

128 1469 176 1522 τὸ
216 1472 394 1538 στόμα
435 1474 746 1540 ὁμολογεῖ
780 1478 869 1540 εἰς
898 1478 1208 1544 σωτηρίαν.
1244 1481 1356 1533 Πᾶν
1397 1478 1488 1535 οῦν
1528 1483 1686 1556 ἔργον

124 1561 289 1624 αὐτοῖς,
315 1562 406 1615 καὶ
431 1563 623 1631 λόγος,
653 1567 760 1618 καὶ
786 1567 964 1636 νόημα
991 1568 1092 1622 ὐπὸ
1119 1571 1209 1622 τοῦ
1243 1574 1558 1641 μονογενοῦς
1587 1577 1689 1629 Λό-

124 1667 197 1716 γου
220 1654 632 1723 μεμορφωμένα
669 1657 800 1708 κατ’
827 1657 1006 1721 αὐτὸν,
1050 1659 1350 1731 μεμίμηται
1380 1662 1476 1732 τὴν
1507 1663 1687 1718 εἰκόνα

121 1740 193 1794 τοῦ
226 1742 349 1796 Θεοῦ
394 1743 490 1796 τοῦ
541 1746 825 1816 ἀοράτου,
864 1749 956 1801 καὶ
989 1751 1175 1819 γέγονε
1215 1753 1334 1805 κατ’
1369 1753 1550 1807 εἰκόνα
1591 1756 1682 1808 τοῦ

1787 557 2040 622 heredes,
2097 560 2388 614 colurredes
2434 573 2606 616 autem
2661 563 2878 630 Christi,
2909 570 3343 638 quandoquidem

1785 648 2193 715 compatiuntur,
2231 650 2456 718 ideoque
2483 654 2873 723 congloriﬁcari
2912 668 3056 711 recte
3101 674 3344 728 sperant.

1785 738 1863 792 Ne
1891 749 2068 791 autem
2131 739 2292 794 Pater
2320 752 2494 795 noster
2529 746 2807 801 dimidiale
2865 749 3045 803 dicunt
3077 751 3168 811 illi,
3221 769 3346 807 cum

1785 829 2038 898 operibus
2072 833 2233 885 etiam
2277 851 2367 886 cor
2395 837 2658 890 bonorum
2692 855 2914 907 operum
2951 842 3068 894 fons
3101 855 3154 895 et
3192 845 3345 912 prin-

1786 923 1984 991 cipium
2019 925 2178 977 credit
2201 927 2270 977 ad
2309 926 2604 994 justitiam;
2659 932 2856 998 quibus
2901 936 3240 989 consentiens
3287 955 3343 989 os

1787 1016 2065 1084 conﬁtetur
2086 1019 2152 1070 ad
2185 1017 2408 1072 salutem
2440 1020 2504 1073 ⁷⁸.
2561 1021 2742 1090 Itaque
2777 1040 2934 1079 omne
2965 1040 3151 1080 eorum
3210 1044 3345 1096 Opus

1785 1119 1840 1163 et
1872 1126 2048 1164 sermo
2075 1122 2128 1166 et
2178 1113 2430 1182 cogitatio
2463 1115 2528 1167 ab
2554 1116 2830 1182 unigenito
2862 1118 3038 1172 Verbo
3068 1121 3164 1188 ipsi
3213 1137 3346 1175 eon-

1789 1202 2012 1256 formata
2047 1205 2323 1258 imitantur
2355 1206 2641 1275 imaginem
2677 1209 2963 1264 invisibilis
2994 1211 3084 1265 Dei
3119 1222 3173 1266 et
3209 1213 3346 1267 ﬁunt

1786 1295 1852 1346 ad
1884 1294 2168 1365 imaginem
2219 1295 2495 1350 CreatOris
2539 1300 2626 1367 qui
2653 1300 2811 1353 solem
2861 1318 3012 1352 suum
3047 1304 3177 1354 oriri
3213 1304 3342 1372 facit

1785 1403 1941 1454 super
1966 1389 2130 1442 malos
2149 1397 2199 1441 et
2246 1389 2402 1458 233
2435 1391 2615 1456 bonos,
2644 1402 2693 1446 et
2723 1393 2851 1460 pluit
2887 1410 3038 1459 super
3074 1395 3238 1455 iustos
3293 1407 3346 1450 et

1785 1477 2076 1546 injustas",
2109 1491 2164 1532 ut
2203 1481 2273 1534 sit
2302 1486 2351 1534 in
2405 1484 2537 1549 ipsis
2566 1485 2736 1552 imago
2788 1485 2996 1556 (Verbi)
3029 1487 3300 1541 caelestis”
3327 1532 3340 1554 ,

1785 1569 1930 1638 quod
1958 1580 2012 1624 et
2044 1571 2216 1639 ipsum
2244 1574 2520 1641 estimago
2561 1575 2674 1630 Dei.
2705 1576 2839 1631 Cum
2885 1578 3047 1647 igitur
3095 1580 3345 1648 imaginis

1787 1662 1964 1731 imago
1993 1665 2101 1716 sint
2151 1667 2346 1728 sancti,
2394 1676 2447 1720 et
2483 1667 2658 1736 imago
2686 1668 2855 1722 Filius
2887 1672 2977 1732 sit,
3028 1671 3342 1726 liliationem

1787 1755 2122 1823 exprimunt,
2153 1774 2256 1810 non
2288 1761 2502 1828 corpori
2531 1771 2735 1815 tantum
2757 1763 2938 1830 gloria:
2969 1764 3167 1819 Christi
3215 1783 3342 1821 con-

121 1833 381 1899 κτίοαντος,
417 1837 894 1906 ἀνατέλλοντος
917 1841 1022 1895 τὸν
1062 1842 1239 1909 ’ἥλιον
1263 1845 1360 1898 ἐπὶ
1389 1849 1682 1916 πονηροὺς

1788 1846 1988 1900 formes
2035 1846 2183 1911 lacti,
2231 1850 2324 1903 sed
2359 1860 2412 1904 et
2444 1851 2492 1904 ei
2521 1851 2610 1920 qui
2669 1862 2750 1906 est
2787 1854 2839 1906 in
2893 1869 3141 1924 corpore.
3179 1858 3343 1912 Fiunt

120 1925 194 1977 καὶ
216 1927 489 1994 ἀγαθούς,
510 1931 616 1982 καὶ
643 1931 995 1999 βρέχοηος
1019 1933 1114 1986 ἐπὶ
1140 1935 1405 2003 δικαίους
1432 1939 1528 1991 καὶ
1556 1939 1684 1993 ἀδί-

121 2036 258 2084 κους·
286 2021 358 2083 ὡς
386 2017 532 2075 εἶναι
563 2026 631 2077 ὲν
683 2025 879 2086 αὐτοῖς
910 2026 1023 2094 τὴν
1060 2030 1261 2082 εἰκόνα
1296 2030 1401 2084 τοῦ
1431 2032 1683 2100 ἐπουρα-

121 2111 240 2177 νίου,
268 2115 360 2164 καὶ
393 2115 564 2167 αὐτοῦ
617 2116 792 2179 ὄντος
834 2117 1038 2182 εἰκόνος
1066 2119 1221 2174 Θεοῦ.
1267 2123 1444 2177 Εξκὼν
1475 2121 1566 2178 οῦν
1611 2127 1686 2178 εἰ-

120 2201 237 2265 κόνος
269 2205 314 2255 οἱ
350 2205 499 2273 ἅγιοι
535 2208 940 2276 τυγχάνοντες,
977 2211 1070 2281 τῆς
1104 2214 1305 2276 εἰκόνος
1343 2214 1507 2286 οὔσης
1532 2217 1681 2282 Υξοῦ,

117 2292 481 2363 ἀπομάττονται
507 2299 778 2368 υξότητα,
810 2301 871 2353 οὐ
905 2302 1046 2373 μόνῳ
1069 2303 1144 2374 τῷ
1167 2304 1376 2376 σώματι
1403 2308 1502 2378 τῆς
1529 2309 1684 2381 δόξης

114 2388 184 2440 τοῦ
210 2391 438 2460 Χριστοῦ
472 2393 781 2462 γινόμενοι
819 2393 1149 2467 σύμμορφοι,
1186 2397 1320 2452 ἀλλὰ
1348 2401 1441 2453 καὶ
1475 2402 1585 2455 ὄντι
1627 2405 1683 2458 ὲν

114 2479 173 2542 τῷ
194 2479 412 2549 σώματι.
441 2482 710 2536 Γίνονται
731 2484 794 2536 δὲ
825 2484 1132 2558 σύμμορφοι
1152 2489 1228 2560 τῷ
1251 2491 1306 2543 ὲν
1333 2491 1542 2562 σώματι
1573 2493 1681 2564 (55)

111 2572 188 2640 τῆς
203 2572 366 2644 δόξης,
397 2576 944 2647 μεταμορφούμενοι
972 2582 1035 2649 τῇ
1068 2580 1397 2636 ἁνακαινξσει
1425 2585 1516 2637 τοῦ
1545 2587 1680 2648 νοός.

111 2662 218 2716 Ειε
245 2667 291 2716 οἱ
324 2667 569 2720 τοιοῦτοι
607 2668 683 2720 δι’
727 2669 874 2720 ὅλων
913 2672 1043 2739 φασὶ
1080 2673 1164 2724 τό·
1199 2673 1387 2742 Πάτερ
1433 2677 1617 2745 ἡμῶν,
1653 2681 1684 2732 ό

106 2755 161 2806 ἐν
180 2759 289 2825 τοῖς
313 2763 630 2829 οὐρανοῖς-⁸
648 2763 900 2833 δηλονότι
928 2769 955 2818 ὁ
987 2767 1150 2823 ποιῶν
1177 2769 1271 2841 τὴν
1301 2771 1589 2842 ἁμαρτίαν,
1613 2773 1685 2839 ὣς

107 2866 242 2920 φησιν
275 2855 330 2905 ἐν
359 2859 425 2926 τῇ
463 2856 758 2927 καθολικῇ
799 2860 828 2911 ό
874 2859 1142 2931 Ἰωάννης,
1173 2863 1241 2915 ἐκ
1271 2865 1373 2917 τοῦ
1403 2865 1685 2922 διαϐόλου

102 2941 263 3007 ἐστὶν,
290 2944 378 2999 ὅτι
420 2949 530 3002 ἀπ’
572 2948 783 3018 ἀρχῆς
825 2953 860 3003 ό
888 2951 1162 3021 διάϐολος
1197 2956 1534 3024 ἁμαρτάνει.
1578 2961 1687 3016 Καὶ

103 3033 263 3108 ὥσπερ
306 3039 537 3110 σπέρμα
589 3040 700 3093 τοῦ
746 3041 910 3106 Θεοῦ,
950 3047 1006 3098 ἐν
1044 3045 1120 3116 τῷ
1163 3049 1542 3121 γεγεννημένῳ
1573 3050 1682 3121 (56)

1787 1946 1966 1990 autem
2009 1939 2212 1994 similes
2245 1943 2295 1995 ei
2345 1943 2434 2010 qui
2473 1953 2555 1997 est
2588 1945 2639 1996 iu
2670 1960 2896 2014 corpore
2926 1946 3129 2013 εισι-ιω,
3166 1960 3342 2005 trans-

1786 2030 2000 2083 lormati
2042 2032 2389 2087 renovatione
2437 2035 2650 2088 mentis.
2685 2035 2739 2089 Si
2780 2049 2957 2090 autem
2995 2041 3083 2107 qui
3119 2045 3348 2095 omnino

1789 2123 1917 2176 tales
1949 2133 2097 2188 sunt,
2153 2126 2367 2179 dicunt:
2426 2123 2584 2178 Pater
2630 2137 2801 2179 noster
2850 2130 2936 2197 qui
2987 2146 3039 2183 es
3075 2132 3128 2186 in
3163 2134 3347 2200 cwlis;

1785 2214 2130 2269 manifestum
2185 2225 2268 2270 est
2301 2232 2422 2270 eum
2458 2219 2546 2288 qui
2581 2219 2707 2285 facit
2749 2223 3038 2287 peccatum,
3065 2233 3124 2277 ut
3181 2225 3258 2278 ait
3287 2227 3340 2280 in

1783 2306 2020 2376 Epistola
2043 2309 2311 2365 catholica
2337 2309 2593 2376 Joannes,
2617 2329 2680 2367 ea:
2705 2315 2911 2369 diabolo
2929 2333 3059 2381 esse,
3094 2319 3342 2388 quoniam

1784 2400 1849 2453 ab
1877 2402 2028 2454 initio
2045 2401 2284 2455 diabolus
2299 2415 2474 2469 peccat
2501 2404 2568 2456 ⁸⁸.
2597 2405 2661 2458 Ει
2688 2407 2826 2461 sicut
2853 2422 3039 2463 semen
3071 2410 3163 2464 Dei
3200 2412 3251 2464 in
3276 2427 3344 2466 eo

1784 2492 2049 2562 quinatus
2078 2501 2159 2549 est
2187 2509 2254 2548 ex
2279 2494 2407 2562 Deo,
2435 2511 2681 2557 manens.
2708 2514 2866 2554 causa
2885 2512 3081 2555 estcur
3111 2517 3344 2572 peccare

1784 2602 1890 2641 non
1927 2590 2214 2658 possitqui
2246 2591 2521 2660 unigenito
2580 2593 2755 2649 Verbo
2813 2598 3180 2654 conformatus
3235 2590 3370 2668 esr,‘

1785 2678 1862 2732 sic
1885 2680 2031 2732 omni
2061 2680 2149 2748 qui
2198 2678 2326 2734 facit
2369 2691 2667 2748 peccaturo,
2707 2697 2892 2738 semen
2928 2670 3123 2742 diaboli
3175 2689 3338 2753 inesr,

1783 2769 1926 2837 quod
1956 2771 2187 2837 quandiu
2225 2771 2276 2824 in
2316 2773 2498 2826 anima
2535 2783 2640 2838 est,
2690 2776 2822 2830 nihil
2869 2793 2987 2833 eam
3038 2783 3167 2836 recti
3208 2783 3343 2838 sinit

1787 2873 1944 2929 agere
1967 2876 2143 2928 posse.
2168 2862 2239 2915 At
2270 2865 2520 2930 quoniam
2549 2865 2604 2918 in
2633 2867 2728 2920 hoc
2751 2871 2992 2937 apparuit
3018 2870 3190 2927 Filius
3221 2873 3339 2940 Dei,

1783 2961 1840 3003 ut
1859 2952 2109 3007 dissolvat
2127 2969 2281 3022 apera
2311 2954 2507 3007 diaboli
2536 2957 2602 3020 ⁸⁸,
2629 2957 2740 3012 ﬁeri
2759 2971 2935 3028 potest
2962 2962 3341 3022 inadvenienle

1789 3042 1841 3096 in
1869 3045 2104 3098 animam
2142 3059 2378 3100 nostram
2411 3047 2584 3103 Verbo
2612 3049 2726 3116 Dei,
2754 3062 2810 3106 ut
2831 3054 3107 3110 dissolutis
3139 3057 3338 3114 diaboli

101 3127 154 3179 ἐκ
175 3128 254 3182 τοῦ
275 3129 408 3184 Θεοῦ
436 3133 640 3203 μένον,
669 3133 849 3188 αἴτιον
871 3136 962 3188 τοῦ
991 3137 1062 3208 μὴ
1084 3139 1336 3195 δύνασθαι
1355 3144 1682 3214 ἁμαρτάνειν

1788 3136 2044 3204 operibus
2079 3137 2376 3192 immissum
2406 3142 2455 3195 in
2487 3159 2584 3197 nos
2607 3144 2806 3198 malum
2827 3161 3005 3201 semen
3033 3161 3338 3216 evanescat,

101 3218 278 3285 γίνεται
306 3223 385 3294 τῷ
417 3226 574 3279 κατὰ
617 3225 720 3278 τὸν
759 3229 1019 3299 μονογενῆ
1047 3230 1213 3298 Λόγον
1251 3236 1680 3306 μεμορφωμένῳο

98 3307 245 3375 οὕτως
265 3314 321 3366 ἐν
338 3316 509 3370 παντὶ
536 3316 629 3388 τῷ
658 3317 910 3370 ποιοῦντι
927 3317 1021 3389 τὴν
1041 3321 1310 3393 ἁμαρτίαν
1354 3326 1571 3397 σπέρμα
1591 3327 1682 3381 τοῦ

97 3397 313 3455 διαϐόλου
347 3405 596 3472 ἔνεστιν,
650 3407 784 3461 ὅσον
828 3409 1117 3480 ἐνυπάρχει
1143 3415 1208 3483 τῇ
1249 3413 1410 3486 ψυχῇ,
1466 3418 1538 3488 μὴ
1581 3418 1684 3472 ἐῶν

97 3488 327 3547 δύνασθαι
351 3497 683 3570 κατορθοῦν
708 3498 804 3552 τὸν
831 3498 1020 3568 ἔχοντα
1044 3503 1204 3558 αὐτόν
1231 3505 1360 3576 (57).
1404 3506 1540 3560 Ἀλλ’
1564 3510 1684 3563 ἐπεὶ

96 3585 168 3648 εἱς
199 3584 357 3640 τοῦτο
397 3588 781 3671 ἐφανερώθη
813 3593 848 3644 ό
889 3590 1018 3657 Υἱὸς
1044 3592 1150 3646 τοῦ
1188 3597 1354 3660 Θεοῦ,
1393 3600 1494 3653 ἵνα
1519 3602 1682 3672 λύσῃ

99 3673 158 3727 τὰ
185 3676 319 3747 ἔργα
357 3665 469 3735 τοῦ
517 3681 856 3746 διαϐόλου,
899 3683 1117 3740 δυνατὸν
1148 3691 1212 3758 τῇ
1257 3691 1336 3754 εἰς
1379 3691 1476 3764 τὴν
1507 3665 1684 3766 ψυχὴν

97 3766 227 3834 ἡμῶν
249 3772 523 3845 ἐπιδημίᾳ
549 3772 664 3826 τοῦ
691 3773 876 3842 Λόγου
897 3775 988 3828 τοῦ
1017 3777 1168 3844 Θεοῦ,
1183 3779 1445 3838 λυθέντων
1468 3785 1574 3838 τῶν
1597 3785 1685 3857 ἔρ-

95 3871 190 3946 γων
225 3861 314 3915 τοῦ
364 3863 668 3927 διαϐόλου,
719 3864 1148 3937 ὲξαφανισθῆναι
1189 3871 1247 3923 τὸ
1298 3874 1506 3928 ὲντεθὲν
1553 3878 1684 3946 ἡμῖν

96 3939 288 4009 σπέρμα
313 3947 591 4018 πονηρὸν,
634 3946 737 3999 καὶ
764 3946 1015 4013 γενέσθαι
1037 3952 1183 4020 ἡμᾶς
1213 3952 1378 4008 τέκνα
1405 3955 1498 4008 τοῦ
1523 3939 1678 4012 Θεοῦ.

93 4027 169 4101 Μὴ
194 4031 355 4100 λέξεις
382 4039 581 4091 τοίνυν
613 4037 943 4108 νομίσωμεν
969 4038 1304 4098 διδάσκεσθαι
1323 4045 1500 4115 λέγειν
1537 4051 1680 4119 ἡμᾶς

1789 3227 2090 3296 liatnusque
2121 3229 2214 3283 lilii
2244 3230 2356 3286 Dei.
2388 3231 2467 3288 Ne
2487 3249 2644 3290 voces
2676 3235 2838 3306 igitur
2862 3248 3076 3300 tantum
3092 3238 3340 3311 putemus

1788 3319 2040 3374 didicisse
2068 3335 2167 3376 nos
2214 3323 2396 3377 dicere
2430 3335 2582 3379 certo
2621 3329 2849 3396 quodam
2887 3332 3152 3388 orationis
3204 3343 3342 3388 tem-

1783 3424 1946 3480 pore;
1997 3413 2089 3467 sed
2149 3415 2193 3468 si
2251 3415 2601 3486 intelligimus
2643 3436 2762 3488 qua:
2798 3437 2957 3491 supra
3005 3424 3239 3481 diximus
3288 3427 3340 3480 in

1785 3503 1945 3560 illud:
1980 3506 2106 3561 Sine
2135 3509 2517 3564 intermissione
2555 3524 2734 3576 orate;
2773 3524 2877 3568 tota
2902 3517 3009 3570 vita
3034 3528 3217 3573 nostra
3248 3523 3339 3588 qui

1783 3595 2152 3652 indesinenter
2184 3615 2421 3664 oramus,
2451 3603 2624 3656 dicat:
2675 3605 2833 3660 Pater
2876 3618 3051 3663 noster
3079 3614 3168 3680 qui
3202 3630 3253 3667 es
3287 3616 3343 3669 in

1786 3691 2158 3758 cmlis,’sitque
2201 3697 2520 3748 conversatio
2582 3706 2758 3751 nostra
2806 3699 2949 3754 nullo
2989 3705 3147 3758 modo
3182 3721 3343 3775 super

1788 3789 2006 3844 terram,
2040 3782 2132 3836 sed
2155 3785 2372 3849 omnino
2401 3786 2456 3839 in
2481 3785 2620 3840 cmlis
2643 3788 2688 3819 ⁸³
2713 3790 2804 3858 qui
2840 3792 3016 3848 throni
3051 3806 3173 3848 sunt
3215 3798 3336 3851 Dei:

1786 3885 1906 3925 cum
1947 3874 2239 3928 stabilitum
2275 3877 2346 3929 sit
2376 3891 2598 3946 regnum
2637 3878 2732 3934 Dei
2779 3881 2830 3934 in
2867 3883 2932 3937 iis
2965 3887 3214 3941 omnibus
3247 3889 3339 3956 qui

1787 3974 2004 4029 portant
2065 3967 2340 4037 imaginem
2421 3971 2635 4026 cwlestis
2663 3972 2742 4038 3‘,
2795 3974 3036 4046 adeoque
3093 3979 3341 4034 emlestes

1786 4055 1961 4111 effecti
2001 4069 2145 4116 sunt.

93 4122 138 4177 ἔν
166 4145 260 4182 τινι
290 4130 758 4201 ἁποτεταγμένῳ
791 4130 888 4184 τοῦ
916 4130 1164 4202 εὐχεσθαι
1188 4135 1390 4207 καιρῷ·
1442 4138 1556 4192 ἀλλ’
1583 4143 1631 4194 εἰ
1673 4145 1925 4217 συνίεμεν
1970 4148 2076 4203 τῶν
2123 4151 2252 4222 ἡμῖν
2295 4153 2789 4225 προεξετασθέντων
2838 4163 2917 4223 εἰς
2967 4161 3026 4214 τὸ
3085 4161 3343 4218 ἀδιαλεί-

89 4235 231 4288 πτως
267 4228 748 4295 προσεύχεσθαι
785 4222 921 4294 (58),
962 4227 1068 4290 πᾶς
1114 4228 1266 4298 ἡμῶν
1316 4233 1344 4283 ὁ
1387 4231 1502 4302 βίος
1533 4233 1886 4305 ἀδιαλείπτως
1929 4222 2374 4315 προσ-εὐχομένων
2410 4248 2611 4316 λεγέτω
2647 4251 2726 4316 τὸ,
2779 4252 2965 4320 Πάτερ
3008 4253 3172 4323 ἡμῶν
3203 4258 3235 4308 ὁ
3270 4257 3342 4310 ὲν

88 4311 196 4377 τοῖς
221 4317 524 4383 οὐρανοῖς,
559 4315 642 4370 τὸ
693 4315 1032 4383 πολίτευμα
1081 4318 1214 4388 ἔχων
1236 4321 1484 4393 οὐδαμῶς
1515 4327 1605 4380 ἐπὶ
1636 4329 1755 4400 γῆς,
1780 4331 1913 4386 ἀλλὰ
1930 4311 2091 4388 παντὶ
2105 4311 2286 4408 τρόπῳ
2307 4340 2364 4393 ὲν
2384 4311 2646 4411 οὐρανοῖς,
2673 4341 2877 4414 θρόνοις
2900 4311 3214 4415 τυγχόινουσι
3245 4347 3338 4402 τοῦ

88 4405 206 4461 Θεοῦ
240 4411 326 4464 διὰ
372 4415 433 4466 τὸ
491 4412 770 4484 ἱδρῦσθαι
822 4411 922 4484 τὴν
959 4413 1048 4466 τοῦ
1076 4415 1208 4470 Θεοῦ
1242 4418 1516 4488 βασιλείαν
1541 4425 1597 4478 ὲν
1627 4428 1758 4482 πᾶσι
1785 4434 1896 4496 τοῖς
1928 4431 2148 4504 φοροῦσι
2183 4433 2297 4502 τὴν
2335 4437 2536 4489 εἰκόνα
2566 4437 2668 4493 τοῦ
2696 4440 3050 4508 ἐπουρανίου
3071 4459 3084 4472 ’
3137 4448 3226 4495 καὶ
3251 4443 3338 4498 διὰ

89 4503 232 4556 τοῦτο
251 4507 575 4577 γενομένοις
615 4504 990 4578 ἐπουρανίοις.

158 4596 315 4649 Ἐπέιν
341 4597 589 4668 λέγηται
638 4597 671 4649 ὀ
698 4594 896 4665 Πατὴρ
924 4597 1028 4649 τῶν
1073 4599 1238 4668 ἁγίων
1291 4602 1397 4676 ('59)
1447 4600 1581 4660 εἷναι
1619 4609 1676 4660 ἐν

1848 4611 1937 4663 25.
1970 4609 2102 4663 Cum
2135 4610 2334 4664 dicitur
2365 4620 2672 4666 sanctorum
2725 4611 2883 4667 Pater
2923 4629 3039 4668 esse
3075 4617 3126 4669 in
3159 4617 3336 4682 caalis,

87 4691 178 4752 τοῖς
204 4691 479 4762 οὐρανοῖς,
517 4693 590 4744 οὐ
625 4689 1071 4760 περιτετράφθαι
1113 4695 1273 4750 αὐτὸν
1302 4699 1538 4769 σχήματι
1569 4718 1676 4754 σω-

91 4784 279 4854 ματικῷ
305 4785 706 4855 ὑποληπτέον,
738 4783 837 4834 καὶ
861 4784 918 4836 ἐν
945 4783 1189 4856 οὐρανοῖς
1217 4793 1487 4843 κατοικεῖν
1510 4809 1522 4821 ·
1557 4794 1677 4846 ἐπεί

88 4889 154 4924 τοι
179 4880 582 4950 περιεχόμενος
614 4877 867 4930 ἐλάττων
890 4877 996 4931 τῶν
1024 4879 1265 4950 οὐρανῶν
1296 4884 1324 4935 ὁ
1365 4883 1496 4947 Θεὸς
1528 4886 1680 4956 εὐρε-

90 4963 306 5034 θήσεται,
357 4971 760 5042 περιεχόντων
805 4969 970 5022 αὐτὸν
1001 4970 1108 5024 τῶν
1139 4973 1407 5044 οὐρανῶν·
1459 4975 1574 5030 δέον
1611 4980 1676 5049 τῇ

86 5059 253 5134 “an?
277 5064 526 5135 δυνάμει
561 5063 672 5132 τῆς
707 5060 966 5131 θεότητος
993 5062 1155 5115 αὐτοῦ
1207 5067 1492 5120 πεπεῖσθαι
1526 5086 1680 5140 περι-

84 5148 280 5218 έχεσθαι
325 5159 428 5209 καὶ
467 5151 821 5223 συνέχεσθαι
868 5153 936 5204 τὰ
981 5153 1158 5206 πάντα
1195 5155 1286 5206 ὐπ’
1318 5156 1500 5208 αὐτοῦ.
1569 5159 1680 5210 Καὶ

83 5244 368 5312 καθολικῶς
401 5247 516 5309 τὰς
547 5247 685 5298 ὅσον
717 5243 815 5296 ἐπὶ
843 5242 921 5312 τῷ
953 5243 1097 5314 ρητῷ
1129 5245 1300 5311 λέξεις
1345 5245 1442 5309 τὰς
1474 5248 1680 5319 νομιζο-

143 5359 368 5415 "Rom.
412 5376 565 5420 νιιι,
605 5358 700 5413 16.
802 5357 850 5389 ⁷⁸
881 5357 1034 5412 Rom.
1069 5375 1133 5424 x,
1175 5361 1260 5414 10.

83 5426 122 5458 ⁸⁸
147 5429 339 5502 Philip.
375 5449 486 5499 ιιι,
527 5430 636 5482 20.
720 5427 820 5480 “1
858 5427 982 5483 Cor.
1040 5445 1128 5492 xv,
1183 5432 1274 5485 49.

139 5548 245 5616 (55)
279 5549 370 5614 Τῷ
404 5550 484 5603 ἐν
521 5546 791 5620 σώματι.
850 5544 1002 5615 Legit
1029 5545 1320 5620 Bentleius,
1338 5549 1414 5620 τῷ
1441 5549 1669 5620 σώματι.

77 5613 235 5673 Paulo
265 5613 393 5690 post
446 5613 637 5674 recte'
662 5618 842 5697 codex
866 5613 989 5679 ms},
1033 5618 1096 5686 τῇ
1123 5613 1478 5684 ἀνακαινξὰει,
1513 5613 1675 5676 editio

1380 5364 1426 5394 τ’
1462 5362 1654 5417 Matth.
1687 5379 1739 5430 ι’,
1773 5365 1863 5419 45.

1743 4751 1749 4757 .
1786 4717 1888 4755 non
1924 4700 2012 4756 ille
2042 4700 2207 4772 ﬁgura
2239 4718 2496 4772 corporea
2545 4704 2912 4758 circumscribi
2945 4709 3219 4775 putandus
3241 4719 3326 4763 est

1783 4803 1837 4848 et
1862 4794 1914 4847 iu
1943 4793 2096 4848 caelis
2119 4793 2382 4848 habitare.
2402 4794 2532 4849 Nam
2562 4797 2980 4864 comprehensus
3002 4799 3154 4853 caelis
3179 4800 3339 4869 Deus,

1784 4885 2187 4939 continentibus
2216 4887 2388 4954 ipsum
2419 4887 2570 4941 caelis
2608 4888 2940 4942 inveniretur
2968 4891 3180 4953 minor;
3213 4906 3337 4944 cum

1786 4975 2094 5030 econtrario
2140 4976 2360 5028 credere
2393 4989 2609 5027 necesse
2641 4974 2712 5027 sit
2752 4975 3006 5028 inell‘abili
3053 4991 3173 5029 eum
3204 4977 3340 5031 divi-

1789 5080 1964 5136 naque
2008 5081 2103 5120 sua
2133 5066 2332 5119 virtute
2364 5066 2817 5133 comprehendere
2859 5068 3037 5120 omnia
3072 5082 3133 5119 ac
3162 5071 3340 5120 conti-

1786 5171 1936 5212 nere.
1975 5159 2152 5226 Atque
2198 5157 2249 5211 in
2284 5156 2593 5211 universum
2644 5173 2762 5225 qua:
2793 5157 2954 5211 verba
3005 5159 3070 5210 ad
3103 5157 3337 5211 litteram

1786 5261 1999 5320 sumpta
2032 5252 2282 5304 videntur
2330 5248 2744 5318 simplicioribus
2777 5248 2942 5303 Deum
2978 5251 3030 5302 in
3070 5251 3185 5305 loco
3219 5262 3341 5305 esse

1941 5364 1988 5396 ⁸ο
2016 5363 2037 5418 l
2064 5366 2192 5420 Cor.
2227 5379 2317 5430 xv,
2349 5363 2439 5420 49.
2550 5364 2591 5396 ⁸³
2627 5364 2644 5418 l
2677 5362 2836 5418 Joan.
2866 5380 2923 5417 Ill
2945 5405 2958 5428 ,
2989 5366 3047 5420 8.
3122 5363 3166 5396 ⁸³
3204 5363 3336 5417 lbid.

1856 5553 1970 5624 (37)
2004 5555 2219 5624 Αὐτόν.
2281 5550 2422 5620 Lege
2461 5566 2582 5606 cum
2611 5548 2875 5614 Bentleio,
2908 5550 3057 5614 αὐτό,
3109 5549 3341 5605 refertur

1782 5622 1928 5693 enim
1956 5623 2021 5675 ad
2059 5622 2295 5693 σπέρμα.

75 5685 357 5762 Osanna-ﬁ
393 5685 820 5744 ἀνακαινώσει.
997 5754 1008 5762 ι
1088 5685 1093 5686 ν
1163 5757 1258 5762 ___
1353 5759 1378 5762 _

1851 5692 1965 5762 (58)
1998 5685 2462 5761 Προσὲῦχεσθαι.
2536 5691 2696 5744 Forte
2751 5691 3055 5760 legendum,
3109 5685 3342 5758 προοεῶ

135 5754 482 5846 (ὅθλϐὗόοχ
516 5774 660 5824 ms.,
706 5754 1104 5826 γεγεννημένῳ.
1162 5757 1306 5812 Edit.
1343 5759 1540 5825 Oxon.,
1582 5777 1673 5828 γε-

1786 5754 2072 5846 κεέὲξέ-ζ
2165 5754 2270 5846 ,ξ’
2389 5831 2407 5846 .
2501 5831 2598 5846 .,,,
2911 5828 2933 5839 -
3005 5828 3026 5846 ρ

74 5831 367 5901 γεντιμένῳο
1266 5896 1278 5903 -
1596 5827 1602 5828 ί

1786 5827 1812 5833 ”
1849 5831 1961 5903 (59)
2000 5830 2118 5884 Τῶν
2145 5833 2344 5900 ἁγίων.
2387 5828 2973 5901 chitBeutlcius,':Gw
3003 5827 3137 5882 ὅλων
