3954 6414
596 316 696 373 ιει

2051 311 2371 369 υιιιοιιΝιδ

3729 315 3823 378 £88

596 435 794 498 dicere,
826 434 903 488 sic
930 432 1241 502 accipienda
1274 441 1401 486 sunt
1448 440 1505 485 ut
1536 429 1745 502 magnis
1770 436 1825 484 et
1855 428 2141 501 spirituali-

2259 429 2426 499 μένας
2454 431 2565 494 τοῖς
2595 429 2981 503 ἁπλουστέραις
3029 430 3091 484 ἐν
3123 431 3269 503 τόπῳ
3319 434 3542 501 φάσκειν
3570 429 3706 489 εἶναι
3739 438 3826 493 τὸν

596 529 696 583 lius
722 529 787 581 de
821 528 927 581 Deo
958 524 1263 580 notionibus
1288 525 1645 589 conveniant;
1695 524 1997 593 cujusmodi
2026 532 2154 577 sunt

596 621 644 673 in
673 618 891 674 Joannis
924 617 1216 687 Evangelia
1244 618 1359 672 haec
1388 618 1550 672 verba
1584 635 1598 672 :
1637 616 1770 671 Ante
1795 618 1932 671 diem
1962 617 2153 686 festum

597 711 815 765 Prisc/ut
845 712 1013 765 sciens
1045 709 1201 763 Iesus
1232 710 1355 780 quia
1386 711 1519 764 venit
1557 710 1689 764 liora
1725 718 1781 763 ut
1824 719 2056 764 transeat
2087 726 2153 763 ea:

590 806 686 857 lioc
730 804 926 857 mundo
974 804 1043 856 ad
1098 803 1345 870 Patrem;
1396 820 1514 858 cum
1570 804 1837 858 dilexisset
1886 821 2009 858 suos
2062 805 2150 872 qui

588 906 735 950 erant
780 898 836 949 in
884 898 1098 959 mundo,
1147 898 1200 951 in
1246 898 1400 967 ﬁnem
1434 900 1615 953 dilexit
1654 915 1741 953 eos
1764 898 1830 951 ⁸⁸.
1881 898 1944 952 Et
1993 898 2151 967 paulo

589 996 709 1057 post
743 1005 757 1042 :
790 987 970 1043 Sciens
1013 991 1137 1058 quia
1177 991 1352 1043 omnia
1396 991 1539 1043 dedit
1570 990 1617 1043 ei
1654 987 1812 1043 Pater
1842 990 1895 1043 in
1938 1006 2146 1051 manus,

584 1089 637 1133 et
678 1078 800 1146 quia
826 1097 857 1133 a
903 1079 1011 1133 Deo
1053 1081 1207 1134 exiuit
1248 1090 1293 1133 et
1323 1078 1485 1152 234
1512 1081 1580 1133 ad
1614 1080 1774 1134 Deum
1810 1080 1949 1133 vadit
1974 1080 2041 1136 “.
2085 1079 2149 1133 Et

582 1182 705 1243 post
732 1172 837 1225 alia
876 1190 889 1226 :
930 1172 1190 1233 Audistis,
1231 1172 1354 1242 quia
1398 1188 1490 1241 ego
1527 1173 1639 1225 dixi
1686 1172 1827 1224 vobis
1869 1186 1887 1222 :
1924 1171 2068 1224 Vada
2097 1180 2146 1225 et

584 1266 731 1319 uenio
767 1266 835 1318 ad
881 1282 987 1318 vos.
1040 1264 1100 1319 Si
1139 1265 1419 1332 diligeretis
1468 1280 1568 1327 me,
1626 1264 1922 1333 gauderctis
1971 1266 2147 1333 utique

581 1358 709 1423 quia
746 1359 878 1411 vado
910 1356 979 1409 ad
1020 1355 1231 1412 Patrem
1256 1358 1322 1411 ⁸⁷.
1370 1357 1437 1411 Et
1466 1357 1659 1410 iterum
1706 1364 1827 1425 post
1863 1356 1966 1409 alia
1998 1359 2024 1409 ἐς
2075 1354 2145 1409 Et

585 1468 722 1504 nunc
760 1451 894 1504 vado
938 1452 1007 1503 ad
1040 1468 1155 1504 eum
1194 1452 1282 1520 qui
1311 1450 1450 1503 misit
1494 1466 1595 1517 me,
1634 1460 1681 1503 et
1715 1466 1864 1503 nemo
1899 1466 1962 1503 ea:
2004 1450 2144 1504 vobis

584 1545 880 1612 interrogat
926 1560 1005 1597 me
1029 1561 1045 1598 :
1078 1543 1195 1608 Quo
1225 1543 1372 1597 radis
1397 1543 1483 1598 "'2
1518 1541 1573 1597 Si
1622 1543 1763 1596 enim
1792 1542 1906 1597 haec
1935 1542 2002 1598 de
2029 1542 2146 1597 loco

584 1633 898 1703 accipienda
944 1643 1093 1696 sunt,
1145 1634 1354 1689 scilicet
1391 1635 1581 1689 eodem
1622 1648 1783 1690 sensu
1830 1634 2143 1704 accipienda

582 1733 744 1778 erunt
770 1732 824 1778 et
850 1725 949 1779 ista
982 1739 996 1777 :
1030 1723 1314 1791 Respondit
1355 1725 1509 1779 Iesus
1537 1736 1583 1778 et
1627 1726 1756 1779 dixit
1783 1726 1855 1779 eis
1885 1740 1905 1777 :
1933 1724 1993 1780 Si
2028 1727 2144 1795 quis

581 1815 755 1886 diligit
781 1833 881 1880 me,
927 1833 1217 1871 sermonem
1247 1834 1415 1870 meum
1442 1819 1691 1883 servabit,
1739 1827 1785 1871 et
1814 1817 1975 1871 Pater
2003 1834 2146 1871 meus

581 1911 763 1980 diliget
792 1925 931 1975 eum,
968 1919 1015 1962 et
1045 1910 1111 1962 ad
1136 1925 1251 1963 eum
1277 1911 1558 1976 veniemus,
1584 1920 1630 1963 et
1654 1909 1979 1963 mansionem
2006 1909 2145 1978 apud

582 2020 702 2058 eum
732 2003 983 2072 faciemus
1008 2002 1074 2054 ⁸⁹.
1126 2002 1195 2054 At
1249 2017 1351 2055 non
1386 2001 1499 2055 haec
1539 2001 1671 2054 ﬁunt
1719 2001 1784 2055 de
1819 2001 1938 2055 loco
1967 2003 2034 2055 ad
2062 2001 2145 2057 lo-

584 2109 707 2147 cum
753 2091 1029 2146 iulellecto
1061 2092 1289 2144 transitu
1338 2090 1514 2145 Patris
1542 2100 1594 2145 et
1632 2090 1751 2145 Filii
1783 2091 1852 2145 ad
1898 2106 2023 2146 eum
2052 2093 2143 2160 qui

583 2198 885 2237 sermonem
916 2181 1040 2237 Jesu
1072 2182 1276 2251 diligit;
1307 2197 1437 2253 ergo
1470 2197 1641 2251 neque
1676 2183 1765 2237 illa
1805 2184 1871 2237 de
1902 2182 2020 2238 loco
2049 2199 2145 2239 ac-

582 2275 830 2346 ripiettda
860 2284 1021 2339 sunt;
1070 2274 1165 2328 sed
1198 2274 1351 2328 nobis
1396 2288 1457 2328 se
1502 2283 1872 2346 atlemperans
1908 2272 2143 2329 Verbum

584 2367 703 2432 Dei,
732 2376 790 2421 et
836 2382 935 2437 pro
977 2367 1242 2437 dignitate
1290 2382 1386 2422 sua
1434 2367 1672 2436 quandiu
1720 2370 1862 2438 apud
1899 2369 2145 2424 homines

580 2470 685 2523 Est,
720 2459 1079 2523 humiliatuin,
1116 2459 1345 2513 transire
1375 2458 1573 2513 dicitur
1602 2461 1670 2513 de
1701 2460 1805 2515 hoc
1834 2461 2033 2517 mundo
2077 2462 2144 2515 ad

580 2550 821 2617 Patrem,
850 2562 907 2604 ut
937 2560 992 2605 et
1022 2564 1119 2604 nos
1143 2548 1251 2604 illic
1283 2550 1580 2618 perlectum
1614 2552 1787 2620 ipsum
1819 2552 2146 2622 contemple-

580 2659 724 2705 mur,
771 2659 802 2697 a
849 2642 1118 2699 vacuitate
1166 2662 1272 2717 qua
1305 2661 1364 2701 se
1410 2645 1549 2715 apud
1581 2659 1677 2698 nos
1717 2644 2025 2709 evacuavit,
2076 2645 2143 2700 ad

578 2736 853 2805 propriam
886 2736 1276 2805 plenitudinem
1330 2753 1638 2805 reversum;
1692 2739 1783 2793 ubi
1834 2749 1889 2794 et
1929 2740 2031 2810 ipsi
2076 2755 2144 2796 eo

577 2835 716 2882 elice
752 2838 970 2883 utentes
1000 2830 1330 2900 replebinnir
1374 2840 1426 2886 et
1453 2833 1595 2886 omni
1631 2832 1901 2888 vacuitate
1941 2832 2140 2888 libera-

577 2920 775 2975 liimur.
816 2921 994 2976 Abeat
1037 2922 1203 2993 igitur
1234 2924 1424 2977 relicto
1460 2923 1658 2978 mundo
1692 2924 1927 2979 Verbum
1952 2924 2045 2979 Dei
2076 2926 2143 2980 ad

580 3029 699 3067 cum
744 3014 835 3084 qui
885 3014 1058 3087 ipsum
1107 3016 1279 3079 misit,
1312 3026 1367 3070 et
1414 3017 1481 3070 ad
1512 3016 1727 3072 Patrem
1760 3019 1943 3072 vadat.
2007 3016 2142 3072 Illud

2254 519 2406 585 Θεὸν,
2471 521 2839 593 μεταληπτέον
2889 522 3212 595 πρεπόντως
3257 528 3377 588 ταῖς
3425 527 3688 597 μεγάλαις
3736 536 3824 587 καὶ

2254 617 2649 684 πνευματικαῖς
2692 616 2921 677 ἐννοίαις
2968 616 3101 687 περὶ
3134 616 3267 670 Θεοῦ
3292 635 3304 647 ·
3344 614 3451 673 οἷαί
3479 622 3615 678 εἰσιν
3656 623 3714 677 ἐν
3752 626 3825 695 τῷ

2252 706 2393 759 κατὰ
2440 707 2689 779 Ἰωάννην
2722 702 2881 762 αὗται
2902 725 2915 738 '
2950 710 3077 777 Πρὸ
3114 710 3183 764 δὲ
3212 710 3317 781 τῆς
3339 713 3550 783 ἑορτῆς
3579 715 3685 769 τοῦ
3715 717 3823 770 πόα

2250 816 2374 869 σχα
2403 799 2571 867 εἰδὼς
2596 803 2629 854 ό
2659 802 2916 869 Ἰησοῦς,
2949 801 3039 856 ὅτι
3068 800 3253 873 ἦλθεν
3293 808 3477 861 αὑτοῦ
3510 811 3547 877 ἠ
3577 808 3699 878 ῶρα
3728 813 3825 866 ἵνα

2244 890 2471 960 μεταϐῇ
2498 892 2564 945 ἐκ
2599 891 2703 945 τοῦ
2748 896 2977 963 κόσμου
3012 896 3228 950 τούτου
3262 899 3413 965 πρὸς
3440 898 3548 953 τὸν
3576 902 3819 969 Πατέρα.

2248 984 2569 1055 ἀγαπήσας
2599 984 2740 1052 τοὺς
2782 987 2972 1053 ἰδίους
3005 988 3148 1055 τοὺς
3179 990 3248 1042 ἐν
3272 992 3351 1056 τῷ
3379 992 3603 1061 κόσμῳ,
3628 996 3716 1058 εις
3739 994 3821 1048 τό·

2246 1081 2357 1144 λος
2400 1078 2721 1148 ἠγάπησεν
2775 1080 3017 1146 αὐτούς.
3067 1083 3176 1135 Καὶ
3206 1082 3321 1153 μετ’
3350 1083 3537 1152 ὀλίγα·
3597 1084 3821 1152 Εἰδὼς,

2248 1172 2337 1228 ὅτι
2366 1171 2561 1239 πάντα
2584 1172 2806 1227 ἔδωκεν
2833 1173 2994 1239 αὐτῷ
3028 1177 3061 1228 ό
3096 1156 3299 1245 Πατὴρ
3334 1178 3421 1244 εἰς
3463 1177 3573 1244 τὰς
3602 1177 3818 1245 χεῖρας,

2247 1266 2343 1320 καὶ
2374 1266 2461 1319 ὅτι
2504 1265 2622 1321 ἀπὸ
2656 1266 2801 1321 Θεοῦ
2825 1266 3070 1335 ἐξῆλθε,
3105 1268 3202 1322 καὶ
3231 1270 3381 1337 ,πρὸς
3414 1269 3563 1323 Θεὸν
3587 1269 3819 1344 ὑπάγει.

2246 1358 2354 1411 Καὶ
2384 1356 2502 1429 μεθ’
2534 1359 2725 1428 ἕτερα·
2771 1358 3119 1422 Ἠκούσατε,
3176 1358 3264 1412 ὅτι
3294 1359 3408 1427 ἐγὼ
3437 1356 3611 1414 εἷπον
3648 1361 3818 1430 ὑμὶν·

2257 1449 2478 1519 Ὑπάγω
2508 1450 2606 1503 καὶ
2655 1450 2899 1518 ἔρχομαι
2942 1450 3094 1517 πρὸς
3119 1448 3291 1519 ὑμᾶς.
3332 1452 3399 1504 El
3437 1449 3707 1519 ἠγαπᾶτέ
3724 1469 3817 1520 με,

2244 1539 2490 1611 ἐχάρητε
2518 1539 2615 1603 ἂν,
2646 1540 2734 1593 ὅτι
2764 1542 3088 1609 πορεύομαι
3112 1541 3260 1608 πρὸς
3284 1540 3389 1595 τὸν
3412 1541 3665 1610 Πατέρα.
3714 1544 3821 1595 Καὶ

2247 1630 2408 1688 πάλιν
2435 1634 2549 1705 μεθ’
2574 1632 2761 1704 ἓτερα’
2789 1632 2919 1688 Νῦν
2937 1632 3007 1685 δὲ
3029 1634 3234 1704 ὑπάγω
3253 1634 3401 1703 πρὸς
3423 1635 3531 1689 τὸν
3551 1636 3820 1705 πέμψαν-

2246 1724 2320 1779 τά
2360 1743 2455 1795 με,
2489 1724 2588 1779 καὶ
2620 1724 2816 1791 οὐδεὶς
2858 1724 2927 1790 ἐξ
2976 1724 3141 1793 ὑμῶν
3165 1724 3348 1794 ἐρωτᾷ
3372 1744 3469 1795 με,
3513 1728 3642 1782 Ποῦ
3670 1727 3819 1781 ὑπά-

2246 1834 2405 1887 τεις;
2450 1819 2513 1871 Et
2559 1817 2668 1890 γάρ
2698 1817 2866 1872 ταῦτα
2900 1819 3139 1882 τοπικῶς
3185 1819 3487 1885 ἐκδεκτέον,
3536 1804 3697 1891 δῆλον
3740 1822 3819 1874 ὅτι

2246 1912 2340 1965 καὶ
2382 1912 2443 1965 τό
2469 1927 2483 1942 ³
2525 1911 2826 1978 Ἀπεκρίθη
2872 1912 2905 1964 ό
2941 1911 3171 1978 Ἰησοῦς
3220 1911 3317 1965 καὶ
3365 1908 3535 1965 εἶπεν
3580 1912 3815 1979 αὐτοῖς·

2256 2006 2390 2060 Ἐάν
2416 2022 2505 2072 τις
2532 2002 2733 2075 ἀγαπᾷ
2773 2021 2869 2074 με,
2910 2005 3017 2057 τὸν
3053 2007 3237 2074 λόγον
3269 2025 3388 2076 μου
3417 2008 3690 2074 τηρήσει,
3723 2007 3820 2059 καὶ

2243 2102 2277 2153 ὀ
2309 2098 2510 2167 Πατήρ
2550 2117 2670 2168 μου
2715 2095 3013 2167 ἀγαπήσει
3040 2100 3244 2165 αὐτὸν,
3284 2099 3384 2153 καὶ
3431 2099 3585 2167 πρὸς
3634 2099 3819 2154 αὑτὸν

2242 2192 2631 2261 ἐλευσόμεθα,
2676 2194 2774 2247 καὶ
2811 2194 3011 2264 μονὴν
3051 2194 3185 2260 παρ’
3226 2191 3385 2259 αὐτῷ
3426 2195 3817 2263 ποιησόμεθα.

2243 2284 2377 2355 Οὐχὶ
2392 2284 2447 2338 δέ
2473 2302 2536 2353 γε
2556 2284 2727 2339 ταῦτα
2745 2287 2975 2357 τοπικῆς
2994 2285 3343 2357 μεταϐάσεως
3367 2288 3670 2359 νοουμένης
3692 2287 3819 2358 περὶ

2242 2378 2333 2432 τὸν
2366 2377 2584 2450 Πατέρα
2614 2379 2707 2431 καὶ
2734 2380 2825 2433 τὸν
2858 2378 2983 2432 Υἱδν
3008 2379 3144 2450 πρὸς
3170 2380 3258 2432 τὸν
3279 2381 3581 2449 ἀγαπῶντα
3612 2380 3702 2434 τὸν
3732 2381 3822 2434 λό-

2243 2489 2338 2541 γον
2370 2470 2463 2524 τοῦ
2511 2472 2681 2543 Ἰησοῦ
2714 2473 2953 2542 γίνεται·
2989 2472 3097 2525 οὐδ’
3126 2472 3232 2543 ἄρα
3260 2474 3501 2537 τοπικῶς
3521 2474 3696 2528 ταῦτα
3726 2477 3819 2528 ὲκ-

2242 2564 2457 2617 δεκτέον
2476 2582 2489 2595 ’
2510 2565 2623 2619 ἀλλ’
2644 2567 2673 2619 ὁ
2701 2566 2869 2636 Λόγος
2891 2565 2984 2619 τοῦ
3013 2565 3147 2619 θεοῦ
3182 2569 3312 2637 ἡμῖν
3343 2567 3817 2635 συγκαταϐαίνων,

2243 2657 2337 2708 καὶ
2368 2655 2444 2720 ὡς
2490 2658 2625 2729 πρὸς
2666 2658 2765 2732 τὴν
2800 2658 2933 2714 ἰδίαν
2969 2657 3146 2723 ἀξίαν,
3192 2661 3279 2712 ὅτε
3326 2661 3476 2732 παρά
3505 2660 3818 2731 ἀνθρώποις

2244 2750 2380 2811 ἐστὶ,
2413 2750 2851 2823 ταπεινούμενος,
2888 2752 3230 2823 μεταϐαίνειν
3260 2751 3475 2821 λέγεται
3506 2752 3618 2823 (ιθ)
3644 2756 3705 2806 ὲκ
3724 2754 3817 2807 τεῦ

2245 2841 2449 2911 κόσμου
2499 2842 2689 2897 τούτου
2738 2842 2875 2915 πρὸς
2924 2844 3017 2896 τὸν
3066 2844 3304 2916 Πατέρα,
3348 2844 3499 2907 ὅπως
3532 2845 3628 2897 καὶ
3659 2846 3816 2915 ἡμεέ

2244 2932 2419 2987 ἐκεῖθι
2448 2934 2652 2988 τέλειον
2669 2935 2829 2989 αὐτὸν
2844 2934 3163 3007 θεασώμεθα
3177 2936 3283 2989 ἀπὸ
3294 2936 3391 3006 τῆς
3422 2939 3553 3009 παρ’
3575 2938 3707 3008 ἡμῖν
3725 2954 3816 2989 κε·

2244 3028 2483 3098 νότητος,
2513 3030 2579 3100 ἣν
2606 3029 2874 3082 ἐκένωσεν
2915 3028 3125 3092 ἑαυτὸν,
3162 3030 3252 3082 ἐπὶ
3289 3028 3348 3083 τὸ
3381 3029 3512 3082 ἴδιον
3547 3030 3815 3102 πλήρωμα

578 3119 793 3174 quoque
822 3108 964 3174 quod
1000 3108 1051 3161 in
1093 3107 1198 3161 line
1232 3108 1504 3176 Evangelii
1552 3109 1847 3163 secundum
1878 3108 2139 3165 Joannem

2246 3119 2741 3191 παλινδρομοῦντα·
2775 3118 2902 3173 ἔνθα
2934 3121 3028 3173 καὶ
3074 3121 3255 3191 ἡμεῖς,
3287 3119 3435 3191 αὐτῷ
3463 3121 3649 3194 ὁδηγῷ

578 3201 837 3270 scriptum
864 3208 945 3255 est
973 3214 989 3253 :
1023 3198 1152 3253 Noli
1184 3218 1263 3254 me
1286 3216 1520 3271 tangere,
1550 3203 1778 3257 nondum
1803 3205 1939 3257 enim
1962 3219 2142 3258 ascen-

578 3292 635 3343 di
675 3292 742 3344 ad
775 3287 987 3345 Patrem
1017 3309 1183 3346 meum
1211 3293 1281 3360 ³ο,
1336 3294 1563 3364 mystice
1616 3296 1787 3365 magis
1846 3296 2143 3366 intelligere

579 3396 909 3451 quimramus,
951 3397 1344 3454 ascensumque
1376 3383 1495 3439 Filii
1532 3387 1598 3439 ad
1644 3386 1860 3440 Patrem
1890 3387 2138 3444 diviniori

579 3474 813 3544 quodam
849 3474 1009 3530 modo
1052 3491 1172 3530 cum
1202 3488 1389 3532 sancta
1421 3479 1809 3548 perspicuitate
1839 3478 1915 3534 ita
1957 3482 2142 3536 conci-

578 3569 795 3638 piamus
824 3578 883 3622 ut
910 3584 975 3624 eo
1015 3583 1241 3623 ascensu
1280 3586 1432 3626 mens
1457 3574 1638 3642 potius
1683 3576 1948 3630 ascendat
1977 3590 2137 3645 quam

574 3677 806 3731 corpus.
846 3661 969 3717 Haec
995 3664 1060 3718 de
1088 3663 1192 3719 illis
1226 3666 1408 3721 verbis
1439 3682 1452 3719 :
1487 3663 1651 3719 Pater
1686 3679 1859 3722 noster
1883 3668 1975 3738 qui
2007 3686 2059 3724 es
2084 3670 2140 3723 in

578 3754 746 3820 caelis,
778 3756 1084 3810 accuratius
1116 3757 1436 3827 disputanda
1467 3759 1694 3825 credidi,
1746 3760 1812 3813 ad
1852 3760 2139 3815 tollendam

578 3848 835 3903 humilem
886 3848 951 3903 de
1004 3849 1111 3904 Deo
1168 3851 1478 3921 opinionem
1527 3868 1714 3907 eorum
1766 3854 1857 3924 qui
1903 3855 1956 3909 in
2003 3854 2141 3912 caelo

578 3939 751 4007 ipsum
784 3950 842 3994 ut
891 3940 945 3995 in
977 3942 1094 3997 loco
1130 3957 1251 3997 esse
1288 3952 1501 4013 putant,
1535 3954 1587 3999 et
1636 3960 1703 4001 ne
1732 3947 1854 4016 quis
1886 3947 2049 4002 Deum
2085 3949 2135 4002 in

577 4044 841 4099 corporeo
881 4047 1002 4087 esse
1031 4033 1151 4088 loco
1199 4033 1514 4090 arbitretur.
1560 4035 1965 4108 Consequenter
1993 4040 2141 4094 enim

578 4122 869 4179 dicendum
921 4135 1063 4179 esset
1101 4140 1301 4196 corpus
1330 4128 1505 4197 ipsum
1553 4144 1694 4197 csse,
1733 4132 1873 4187 unde
1900 4147 2141 4203 sequun-

579 4225 670 4274 tur
711 4216 1031 4285 impiissima
1059 4217 1336 4288 dogmata,
1367 4221 1689 4278 divisibilem
1735 4224 1908 4295 ipsum
1942 4236 1997 4282 et
2020 4243 2138 4281 ma-

578 4311 821 4368 terialem
867 4319 922 4368 et
973 4312 1381 4383 corruptiliilem
1430 4330 1553 4371 esse
1600 4318 1824 4373 credere
1874 4334 1891 4373 :
1941 4334 2139 4390 corpus

572 4406 720 4462 enim
758 4421 920 4463 onme
960 4406 1228 4462 divisibile
1260 4416 1344 4463 est
1372 4417 1427 4463 et
1466 4409 1745 4464 materiale
1767 4420 1822 4464 et
1866 4413 2139 4481 corrupti-

576 4501 705 4557 hile.
762 4502 874 4557 Aut
900 4499 1087 4555 dicant
1136 4504 1292 4558 nobis
1317 4518 1421 4558 non
1457 4506 1611 4560 vanis
1640 4504 1787 4560 ducti
1828 4503 2131 4571 aﬂectibus,

573 4598 669 4651 sed
700 4598 849 4653 clare
898 4612 959 4652 se
992 4597 1451 4667 comprehendere
1493 4608 1823 4664 asserentes,
1877 4598 1968 4669 qui
2018 4597 2132 4652 ﬁeri

573 4691 742 4759 possit
784 4700 844 4745 ut
874 4691 1097 4745 alterius
1142 4691 1214 4746 sit
1245 4699 1453 4746 natura:
1485 4706 1649 4761 quam
1698 4689 2016 4748 materialis.
2064 4688 2134 4743 At

573 4783 829 4849 quoniam
869 4783 1036 4837 multa
1064 4798 1251 4837 eorum
1284 4799 1407 4854 qua:
1432 4793 1558 4838 ante
1583 4796 1903 4853 corporeum
1927 4782 2129 4837 Christi

574 4872 860 4927 adventum
888 4875 1089 4945 scripta
1121 4887 1270 4941 sunt,
1305 4891 1565 4947 corporeo
1588 4876 1756 4931 Deum
1783 4876 1835 4930 in
1865 4874 1985 4931 loco
2010 4889 2133 4930 esse

574 4962 824 5016 videntur
853 4964 1055 5027 dicere,
1090 4982 1194 5021 non
1228 4968 1357 5022 mihi
1389 4968 1604 5023 videtur
1632 4982 1662 5021 a
1697 4968 1976 5037 proposito
1998 4967 2131 5023 alie-

575 5070 701 5109 num
731 5071 796 5110 ex
826 5058 907 5111 his
938 5074 1149 5128 quoque
1180 5076 1346 5129 pauca
1385 5076 1709 5133 proponere,
1749 5072 1807 5117 ut
1855 5064 2035 5120 omnis
2066 5065 2132 5120 iis

575 5145 843 5201 dubitatio
885 5150 1148 5219 eripiatur
1188 5154 1277 5222 qui
1330 5166 1550 5225 propter
1584 5154 1911 5225 imperitiam
1959 5172 2132 5227 quan-

577 5247 686 5292 tum
744 5241 796 5295 in
855 5241 986 5312 ipsis
1037 5256 1121 5302 est
1167 5249 1360 5318 exiguo
1415 5256 1469 5302 et
1524 5246 1672 5303 brevi
1735 5247 1853 5303 loco
1902 5248 2131 5305 conclu-

574 5332 707 5389 dunt
745 5335 913 5391 Deum
962 5339 1140 5394 omnia
1181 5351 1547 5409 superantem.
1607 5341 1685 5396 Ac
1730 5342 1963 5411 primum
2013 5341 2134 5411 qni-

644 5446 690 5479 ⁸⁸
726 5448 882 5507 Joan.
919 5468 1052 5519 xm,
1095 5455 1146 5510 l.
1221 5455 1267 5487 “
1312 5453 1472 5520 Iliid.,
1520 5456 1576 5513 5.
1651 5456 1696 5488 ⁸⁷
1724 5455 1883 5513 Joan.
1917 5473 2027 5526 xw,
2065 5459 2161 5515 28.

578 5517 667 5575 17.

645 5660 755 5729 (ιθ)
799 5659 976 5714 Codex
1026 5674 1150 5725 ms.,
1200 5656 1433 5726 λέγεται.
1498 5658 1673 5713 ΕιΙίιίι)
1725 5656 1927 5725 Oxon.,
1970 5660 2136 5732 λέγη-

572 5746 755 5873 ut“)
786 5801 914 5857 Post
942 5798 1062 5857 τινά
1090 5799 1225 5855 forte
1253 5797 1578 5867 addendum,
1604 5796 1829 5852 οἴεσθαι.

2246 3231 2418 3285 μενοι,
2449 3213 2847 3285 πληρωθέντες,
2880 3213 3061 3285 πάσης
3091 3214 3376 3285 κενότητος
3435 3213 3816 3285 ἀπαλλαγησό-

2246 3305 2402 3376 μεθα.
2447 3306 2679 3359 Ἀπιέτω
2697 3305 2877 3358 τοίνυν
2896 3305 3033 3377 πρὸς
3054 3306 3143 3359 τὸν
3163 3305 3452 3377 πέμψαντα
3475 3306 3641 3359 αὑτὸν
3662 3306 3815 3375 ἀφεὶς

2242 3397 2332 3452 τὸν
2357 3397 2559 3468 κόσμον
2586 3398 2614 3450 ὁ
2644 3401 2737 3450 τοῦ
2770 3396 2906 3450 Θεοῦ
2954 3397 3141 3466 Λόγος,
3171 3398 3263 3451 καὶ
3307 3396 3443 3469 πρὸς
3473 3396 3568 3451 τὸν
3597 3399 3817 3470 Πατέρα

2242 3490 2576 3561 πορευέσθω.
2622 3490 2731 3543 Καὶ
2760 3489 2820 3542 τὸ
2848 3489 2940 3541 ἐπὶ
2980 3489 3122 3543 τέλει
3154 3489 3211 3543 δὲ
3254 3490 3347 3543 τοῦ
3378 3489 3523 3544 κατὰ
3566 3489 3814 3561 Ἰωάννην

2241 3582 2570 3651 Εὑαγγελίου
2592 3598 2605 3611 ·
2635 3582 2729 3644 Μή
2762 3600 2880 3652 μου
2907 3582 3117 3647 ἅπτου,
3150 3583 3314 3637 οὔπω
3341 3582 3451 3652 γὰρ
3477 3583 3813 3650 ἀναϐέϐηκα

2240 3674 2389 3745 πρὸς
2420 3674 2526 3728 τὸν
2550 3673 2780 3742 Πατέρα
2800 3691 2939 3743 μου,
2994 3673 3395 3744 μυστικώτερον
3429 3675 3621 3745 νοῆσαι
3650 3672 3812 3745 ζητή-

2243 3784 2442 3837 σωμεν,
2470 3767 2571 3836 τῆς
2618 3765 2933 3827 ἀναϐάσεως
2983 3765 3119 3837 πρὸς
3149 3765 3241 3818 τὸν
3291 3765 3514 3836 Πατέρα
3559 3764 3655 3819 τοῦ
3683 3763 3811 3817 Tia-3

2241 3859 2705 3930 θεοπρεπέστερον
2742 3858 2859 3929 μεθ’
2876 3857 3038 3927 ἁγίας
3068 3857 3392 3929 τρανότητος
3422 3860 3555 3928 ἡμῖν
3594 3857 3805 3928 νοουμέ-

2239 3968 2354 4022 νης,
2390 3952 2577 4021 ἥντινα
2600 3951 2862 4006 ἀνάϐασιν
2888 3950 3012 4014 νοῦς
3067 3949 3264 4021 μᾶλλον
3312 3950 3595 4004 ἀναϐαίνει
3626 3950 3810 4020 σώμα-

2238 4056 2347 4104 τος.
2376 4040 2558 4094 Ταῦτα
2579 4040 2815 4112 ἡγοῦμαι
2837 4041 3248 4113 συνεξητακέναι
3274 4038 3368 4110 τῷ,
3396 4039 3589 4109 Πάτερ
3626 4038 3807 4109 ἡμῶν,

2239 4136 2272 4187 ό
2302 4134 2371 4185 ἐν
2399 4132 2518 4196 τοῖς
2563 4132 2855 4200 οὐρανοῖς,
2891 4133 3031 4204 ὑπὲρ
3062 4131 3153 4185 τοῦ
3200 4130 3462 4203 ταπεινὴν
3511 4132 3639 4203 περὶ
3674 4130 3806 4184 Θεοῦ

2239 4222 2507 4295 ὑπόληψιν
2550 4222 2657 4276 τῶν
2704 4222 3029 4294 νομιζόντων
3078 4222 3240 4276 αὐτὸν
3288 4217 3429 4276 εἶναι
3476 4222 3712 4285 τοπικῶς
3746 4223 3810 4275 ὲν

2236 4316 2485 4387 οὐρανοῖς
2531 4314 2823 4387 περιελεῖν,
2858 4314 2953 4368 καὶ
2989 4314 3061 4385 μὴ
3095 4316 3190 4385 es»;
3221 4333 3341 4369 τινα
3388 4316 3500 4388 (ﬂ)
3532 4318 3589 4369 έν
3624 4332 3805 4386 σωμα-

2236 4405 2395 4477 τικῷ
2419 4406 2568 4479 τόπῳ
2616 4402 2753 4462 εἶναι
2799 4406 2890 4460 τὸν
2932 4404 3097 4460 Θεόνο
3144 4407 3266 4460 ἐπεὶ
3314 4407 3491 4480 τούτῳ
3523 4405 3808 4462 ἀκόλουθόν

2240 4502 2354 4554 ἐστι
2382 4500 2476 4554 καλ⁵
2498 4501 2657 4572 σῶμα
2690 4500 2852 4555 αὑτὸν
2879 4496 3016 4554 εἶναι
3040 4499 3249 4571 λέγειν’
3348 4500 3544 4554 ἒπεται
3572 4502 3813 4570 δόγματα,

2239 4593 2595 4660 ἀσεϐέστατα,
2639 4594 2700 4647 τὸ
2742 4594 3029 4666 διαιρετὸν,
3076 4593 3171 4648 καὶ
3200 4593 3413 4652 ὑλικὸν,
3445 4593 3541 4646 καὶ
3576 4592 3810 4663 φθαρτὸν

2239 4686 2400 4740 αὐτὸν
2426 4682 2565 4741 εἶναι
2597 4686 2999 4759 ὑπολαμϐάνειν
3019 4703 3034 4717 '
3059 4687 3167 4739 πᾶν
3195 4685 3303 4756 γὰρ
3338 4685 3502 4755 σῶμα
3541 4681 3807 4755 διαιρετόν

2237 4781 2371 4845 ἐστι,
2408 4782 2501 4835 καὶ
2535 4781 2737 4846 ὑλικὸν,
2774 4782 2865 4834 καὶ
2893 4778 3151 4851 φθαρτόν.
3205 4778 3277 4832 Ἦ
3316 4778 3623 4846 λεγέτωσαν
3672 4776 3809 4845 ἡμῖν

2241 4873 2316 4945 μὴ
2342 4873 2787 4937 κενοπαθοῦντες,
2817 4871 2951 4925 ἀλλὰ
2995 4869 3207 4942 τρανῶς
3237 4869 3663 4939 καταλαμϐάνειν
3696 4866 3805 4933 (τά-

2240 4980 2477 5028 σκοντες,
2512 4964 2629 5027 πῶς
2658 4958 2768 5017 οἶόν
2792 4962 2850 5015 τέ
2878 4964 3023 5015 ἐστιν
3057 4960 3167 5031 (42)
3198 4958 3390 5031 ἑτέρας
3421 4958 3630 5029 φύσεως
3653 4954 3813 5026 παρὰ

2236 5058 2335 5130 τὴν
2365 5058 2589 5130 ὑλικήν;
2655 5057 2809 5111 Ἐπεὶ
2837 5055 2895 5109 δὲ
2927 5054 3019 5107 καὶ
3050 5054 3155 5127 πρὸ
3183 5053 3284 5123 τῆς
3329 5051 3638 5123 σωματικῆς
3664 5049 3807 5119 Χρι-

2241 5150 2365 5204 στοῦ
2397 5150 2685 5223 ἐπιδημίας
2727 5149 3067 5222 γραμμάτων
3102 5146 3269 5201 πολλὰ
3320 5147 3380 5199 τὸ
3408 5149 3464 5200 ὲν
3517 5141 3811 5216 σωματικῷ

2239 5246 2389 5317 τόπῳ
2440 5240 2578 5297 εἶναι
2611 5243 2701 5297 τὸν
2728 5242 2860 5295 Θεὸν
2888 5242 3067 5312 λέγειν
3104 5240 3269 5303 δοκεῖ,
3320 5241 3421 5293 οὐκ
3471 5237 3660 5293 ἄτοπόν
3710 5252 3807 5308 μοι

2242 5339 2489 5409 φαίνεται
2518 5336 2673 5401 ὀλίγα
2697 5336 2965 5391 κάκείνων
2996 5332 3358 5407 παραθέσθαι,
3386 5332 3525 5402 ὑπὲρ
3546 5328 3635 5383 τοῦ
3661 5328 3810 5380 πάν-

2234 5455 2282 5489 ⁸⁸
2320 5454 2478 5512 Joan.
2513 5471 2638 5520 xvr,
2690 5455 2746 5509 5.
2819 5455 2864 5487 ³⁸⁹
2895 5452 3053 5509 Joan.
3098 5468 3214 5516 xiv,
3254 5448 3345 5504 25.
3422 5446 3467 5478 '°
3495 5445 3642 5502 Joan.
3692 5458 3803 5505 ss,
