3868 6534
574 474 672 530 49!

2045 473 2365 530 ORlGli‘NlS

3713 483 3814 537 4‘3!

573 592 806 648 sentiam
867 602 895 641 a
957 585 1120 640 rebus
1185 585 1436 641 omnibus
1505 587 1702 653 genitis
1777 602 2116 641 secernerem

2250 606 2427 660 μενον,
2471 591 2566 662 τὴν
2599 593 2653 646 δὲ
2700 594 3021 664 Ἐκκλησίαν
3065 594 3230 647 αὑτοῦ
3278 593 3380 664 γῆν
3423 593 3815 666 ὀνομαζομένην

570 685 780 753 Quibus
811 683 954 738 enim
1000 698 1106 738 non
1144 683 1530 747 comnnmicat,
1573 681 1624 734 in
1657 696 1751 735 eos
1797 681 1965 750 gloria
2005 698 2144 748 qua)-

571 779 693 832 dam
735 778 828 832 Dei
869 787 922 832 et
963 779 1137 832 virtus
1172 777 1288 845 ejus
1315 784 1402 839 et,
1452 781 1511 827 ut
1552 775 1622 826 ita
1661 773 1861 834 dicant,
1913 770 2138 824 cllluxus

570 870 871 925 divinitatis
899 869 1197 924 derivatur.

2251 683 2538 735 ὑποπόδιον
2578 687 2869 755 τυγχάνειν
2915 687 3020 739 τῶν
3065 687 3235 740 ποδῶν
3273 686 3457 742 αὑτοῦ.
3503 687 3814 756 Προστεθεί-

2249 792 2421 844 καμεν
2450 775 2512 847 δὴ
2561 776 2717 844 ὀλίγα
2760 779 2982 848 καὶτῆς
3029 778 3266 842 παλαιᾶς
3324 776 3599 849 Διαθήκης
3647 779 3811 847 ῥητὰ,

2245 865 2574 935 νομιζόμενα
2604 871 2660 921 ὲν
2689 869 2838 938 τόπῳ
2868 870 3219 940 παριστάνειν
3247 870 3356 940 (48)
3383 871 3477 922 τὸν
3502 871 3648 930 Θεὸν,
3678 871 3815 940 ὑπὲρ

566 963 658 1016 τοῦ
702 961 963 1014 πάντοθεν
1016 959 1156 1014 κατὰ
1215 958 1313 1030 τὴν
1359 955 1638 1028 διδομένην
1695 956 1826 1025 ἡμῖν
1871 953 2097 1025 δύναμιν
2153 958 2336 1009 πεῖσαι
2385 958 2474 1009 τὸν
2520 960 2930 1029 ἐντυγχάνοντα,
2977 960 3304 1031 ὑψηλότερον
3325 960 3417 1014 καὶ
3440 959 3816 1029 πνευματικώ-

563 1075 720 1129 τερον
755 1055 972 1111 ἀκούειν
1001 1055 1098 1126 τῆς
1141 1054 1289 1116 θείας
1317 1051 1568 1124 Γραφῆς,
1607 1051 1733 1103 ὅταν
1764 1049 1892 1120 δοκῇ
1923 1053 1979 1102 έν
2026 1050 2176 1119 τόπῳ
2207 1050 2474 1106 διδάσκειν
2509 1052 2648 1106 εἶναι
2674 1055 2763 1107 τὸν
2820 1054 2971 1108 Θεόν.
3006 1055 3252 1125 Ἔπρεπε
3269 1052 3326 1104 δὲ
3344 1053 3516 1106 ταῦτα
3539 1054 3814 1118 συνεξετα-

567 1151 756 1222 σθῆναι
808 1147 905 1217 τῷ,
948 1144 1137 1213 Πάτερ
1179 1143 1364 1213 ἡμῶν,
1407 1146 1438 1196 ό
1483 1143 1554 1195 ἐν
1608 1140 1730 1206 τοῖς
1763 1139 2068 1207 οὐρανοῖς·
2122 1141 2285 1194 οἱονεὶ
2339 1143 2570 1212 ἀφιστὰς
2623 1145 2720 1214 τὴν
2775 1144 2958 1197 οὑσίαν
2999 1143 3093 1196 τοῦ
3144 1143 3278 1196 Θεοῦ
3313 1143 3420 1196 ἀπὸ
3468 1143 3678 1196 πάντων
3709 1141 3817 1194 τῶν

562 1240 833 1312 γεννητῶν
854 1256 866 1269 ⁸
897 1234 973 1300 οἷς,
1007 1238 1114 1308 γὰρ
1140 1238 1200 1289 οὑ
1229 1237 1499 1299 κοινωνεῖ,
1529 1234 1710 1296 αὑτοῖς
1752 1233 1875 1298 δόξα
1908 1251 1987 1297 τις
2035 1233 2168 1286 Θεοῦ
2197 1235 2289 1288 καὶ
2317 1235 2543 1307 δύναμις
2581 1236 2764 1302 αὑτοῦ,
2796 1239 2918 1300 καὶ,
2959 1238 3021 1290 ἵν’
3055 1237 3226 1301 οὑτως
3261 1237 3421 1300 εἴπω,
3453 1236 3696 1307 ἀπορροὴ
3721 1237 3815 1305 τῆς

561 1334 808 1404 θεότητος
845 1331 1114 1398 ἐγγίνεται
1153 1330 1349 1392 αὑτοῖς.

629 1427 721 1480 24.
759 1425 1129 1492 Sancti/icetur
1159 1439 1343 1477 nomen
1376 1432 1544 1478 tuum.
1576 1421 1700 1477 Sive
1731 1423 1969 1477 declaret
1998 1437 2130 1475 non-

560 1519 688 1588 dum
718 1517 980 1585 obtigisse
1009 1516 1110 1570 sibi
1157 1515 1209 1568 id
1242 1531 1338 1584 pro
1371 1531 1478 1584 quo
1507 1525 1650 1579 orat,
1680 1517 1796 1569 sive
1826 1515 1934 1567 voti
1981 1529 2132 1569 com-

561 1619 681 1671 pos,
715 1604 764 1655 id
796 1606 936 1672 quod
966 1619 1070 1657 non
1103 1613 1406 1673 permanet,
1456 1615 1604 1672 petat
1638 1606 1978 1668 conservari,
2017 1619 2133 1658 ma-

562 1696 818 1748 nifestum
846 1704 928 1748 est
972 1705 1232 1764 quantum
1266 1696 1332 1749 ad
1367 1710 1527 1748 voces
1567 1696 1800 1758 attinet,
1839 1711 1938 1749 nos
1975 1695 2129 1764 quasi

560 1787 793 1840 nondum
825 1787 1218 1840 sanctiﬁcatum
1250 1787 1318 1839 sit
1352 1801 1544 1840 nomen
1594 1785 1789 1849 Patris,
1831 1785 2007 1852 jnlieri
2049 1802 2134 1842 se-

559 1881 795 1931 cundum
834 1877 1138 1931 Matthmum
1167 1887 1220 1930 et
1249 1877 1452 1932 Lucam
1493 1879 1673 1933 dicere
1707 1896 1720 1933 :
1755 1879 2133 1947 Sancti/iqctur

559 1984 744 2022 nomen
773 1977 941 2022 tuuut.
973 1971 1061 2034 At,
1095 1971 1329 2039 inquies,
1358 1971 1629 2038 quomodo
1657 1972 1790 2040 petit
1819 1971 1981 2024 homo
2010 1986 2131 2024 san-

557 2061 784 2114 ctilicari
818 2077 1012 2116 nomen
1051 2061 1175 2127 Dei,
1219 2061 1377 2130 quasi
1423 2061 1822 2115 sanctiﬁcatum
1861 2079 1966 2115 non
2021 2061 2130 2115 sit?

559 2152 695 2217 Quid
727 2153 797 2206 sit
837 2168 1034 2208 nomen
1079 2153 1279 2217 Patris,
1325 2163 1373 2208 et
1410 2151 1537 2221 quid
1571 2153 1642 2207 sit
1687 2154 1857 2220 ipsum
1892 2153 2130 2208 sanctifi-

556 2247 693 2309 cari,
725 2246 1135 2315 perspiciamus.
1182 2245 1390 2300 Nomen
1422 2245 1588 2315 igitur
1615 2254 1694 2300 est
1743 2244 2127 2314 compendiosa

557 2341 944 2405 denominatio,
990 2354 1110 2406 quae
1157 2339 1430 2408 propriam
1467 2337 1540 2390 rei
1576 2336 1868 2391 nominata:
1900 2336 2128 2406 qualita-

558 2440 664 2486 tem
708 2431 976 2485 exhibeat.
1014 2431 1174 2486 Verbi
1228 2429 1436 2497 gratia,
1480 2437 1563 2482 est
1612 2429 1856 2497 qumdam
1909 2428 2126 2496 propria

554 2523 788 2591 qualitas
846 2521 994 2575 Pauli
1053 2522 1328 2589 apostoli;
1387 2520 1490 2573 alia
1558 2521 1756 2574 anima:
1827 2522 2125 2574 secundum

556 2632 718 2686 quam
753 2615 874 2669 talis
922 2623 1037 2679 est;
1076 2614 1178 2667 alia
1229 2613 1447 2676 utentis,
1492 2626 1596 2680 qua
1652 2612 1776 2665 talia
1822 2611 1966 2665 valet
1999 2628 2129 2666 con-

556 2709 841 2778 templari;
874 2708 980 2762 alia
1030 2707 1274 2775 corporis
1305 2707 1472 2776 ipsius
1517 2721 1621 2775 qua
1654 2704 1760 2759 tale
1813 2715 1917 2761 est.
1967 2704 2125 2772 Quod

556 2802 717 2871 igitur
747 2801 936 2854 Irarum
969 2799 1292 2869 qualitatum
1326 2799 1604 2868 proprium
1640 2806 1745 2863 est,
1777 2812 1874 2852 nec
1909 2797 2001 2851 ulli
2034 2797 2127 2852 alii

553 2895 846 2949 convenire
884 2902 1060 2963 potest
1103 2891 1264 2963 (alius
1291 2894 1438 2947 enim
1478 2894 1638 2948 homo
1669 2908 1773 2946 non
1821 2901 1907 2946 est
1954 2893 2006 2944 in
2047 2906 2128 2947 re-

554 3003 673 3040 rum
723 2995 914 3040 natura
949 2985 1040 3053 qui
1078 2989 1104 3036 ξι
1156 2984 1323 3038 Paulo
1366 2985 1673 3039 nullatenus
1726 2981 1993 3053 ditI'erat),
2025 2983 2126 3037 ltoc

557 3081 798 3142 nomine,
832 3077 1057 3144 Paulus,
1099 3076 1444 3145 exprimitur.
1475 3076 1609 3130 Cum
1651 3085 1830 3129 autem
1862 3074 1914 3127 in
1951 3073 2126 3126 horni-

555 3177 712 3229 nibus
739 3173 1030 3242 qualitates
1058 3173 1160 3225 illaa
1190 3171 1423 3240 propria:
1468 3169 1870 3240 quodammodo
1915 3179 2121 3223 muten-

2320 1424 2677 1494 Ἁγιασθήτω
2707 1425 2772 1479 τὸ
2820 1425 3007 1493 ὄνομὰ
3056 1438 3191 1478 σου.
3224 1425 3353 1476 "Ora
3392 1422 3488 1493 μὲν
3519 1420 3627 1491 (49)
3660 1422 3811 1492 περί-

2239 1533 2394 1587 στησι
2423 1516 2484 1570 τὺ
2529 1519 2601 1589 μὴ
2641 1518 2920 1586 γεγονέναι
2971 1535 3053 1570 πω
3094 1515 3222 1586 περ).
3252 1508 3313 1567 οῦ
3355 1515 3602 1584 εὔχεται,
3631 1515 3722 1565 ὅτε
3760 1512 3811 1563 δὲ

2236 1607 2424 1660 τούτου
2461 1609 2620 1678 τυχὸν
2657 1609 2716 1660 τὸ
2753 1607 2825 1678 μὴ
2868 1608 3180 1679 παραμένον
3222 1606 3353 1658 αὑτὸ
3396 1606 3488 1656 καὶ
3536 1603 3814 1672 τηρεῖσθαι

2242 1697 2409 1764 ἀξιοῖ,
2456 1701 2688 1770 φανερὸν
2729 1701 2851 1753 ὅσον
2895 1701 2986 1752 ἐπὶ
3029 1701 3094 1769 τῇ
3135 1696 3277 1760 λέξει
3319 1694 3551 1757 ἐνταῦθ’,
3595 1693 3672 1756 ὡς
3715 1711 3812 1763 μη-

2240 1791 2388 1845 δέπω
2418 1793 2766 1860 ἁγιασθέντος
2806 1791 2899 1845 τοῦ
2933 1791 3190 1860 ὀνόματος
3214 1787 3306 1840 τοῦ
3342 1787 3574 1858 Πατρδς,
3607 1785 3816 1838 κελεύε-

2242 1884 2364 1937 σθαι
2413 1885 2590 1952 λέγειν
2639 1885 2785 1954 ἡμᾶς
2847 1884 2988 1937 κατά
3029 1899 3093 1950 γε
3136 1882 3225 1933 τὸν
3273 1880 3546 1933 Ματθαῖον
3590 1879 3688 1931 καὶ
3733 1879 3813 1929 τὸν

2234 1976 2448 2029 Λουκᾶν
2487 1977 2574 2028 τό·
2632 1974 2985 2045 Ἁγιασθήτω
3032 1974 3098 2026 τὸ
3131 1971 3315 2042 ὄνομά
3351 1989 3486 2025 σου.
3523 1973 3635 2024 Καὶ
3681 1971 3810 2034 πῶς,

2235 2070 2375 2122 εἴποι
2399 2087 2482 2133 τις
2509 2069 2595 2133 ἂν,
2620 2068 2902 2140 ἄνθρωπος
2937 2066 3079 2131 ἀξιοῖ
3110 2065 3426 2134 ἀγιάζεσθαι
3452 2066 3511 2117 τὸ
3532 2065 3708 2135 ὄνομα
3728 2065 3813 2117 τοῦ

2231 2159 2386 2222 Θεοῦ,
2417 2158 2490 2221 ὠς
2535 2158 2608 2228 μὴ
2648 2157 3007 2228 ἡγιασμένον;
3045 2156 3108 2208 Τί
3139 2155 3199 2208 τὸ
3242 2155 3414 2225 ὄνομα
3442 2155 3533 2207 τοῦ
3581 2155 3811 2225 Πατρὸς,

2233 2251 2324 2304 καὶ
2361 2250 2411 2303 τί
2457 2249 2518 2302 τὸ
2566 2248 2886 2316 ἁγιάζεσθαι
2931 2248 3062 2301 αὑτὸ
3122 2248 3569 2317 κατανοήσωμεν.
3609 2249 3812 2317 Ὄνομι

2231 2342 2409 2394 τοίνυν
2441 2341 2556 2393 ἐστὶ
2583 2339 2957 2409 κεφαλαιώδης
3002 2338 3339 2411 προπγορία
3381 2339 3474 2409 τῆς
3511 2339 3651 2402 ἰδίας
3697 2357 3808 2392 ποι-

2229 2435 2419 2507 ότητος
2462 2434 2555 2487 τοῦ
2597 2434 2997 2504 ὀνομαζομένου
3067 2433 3480 2502 παραστατικὴ·
3530 2426 3646 2484 οἷόν
3705 2433 3810 2486 ἐστί

2230 2545 2312 2590 τις
2349 2527 2452 2581 ἰδία
2487 2527 2706 2598 ποιότης
2746 2525 2953 2580 Παύλου
2995 2527 3086 2580 το]
3131 2525 3462 2578 ἀποστόλου’
3503 2527 3537 2594 ἡ
3591 2525 3693 2596 μέν
3737 2542 3810 2587 τις

2229 2620 2326 2690 τῆς
2371 2620 2544 2690 ψυχῆς
2574 2620 2694 2672 καθ’
2741 2620 2808 2690 ἢν
2836 2619 3012 2672 τοιάδε
3052 2619 3227 2672 ἐστίν’
3259 2620 3292 2688 ἡ
3337 2618 3393 2670 δέ
3437 2635 3522 2680 τις
3558 2618 3655 2670 τοῦ
3700 2617 3803 2675 νοῦ.

2230 2711 2349 2766 καθ’
2376 2715 2440 2784 ἣν
2478 2711 2695 2765 τοιῶνδέ
2746 2713 2860 2764 ἐστι
2917 2711 3223 2782 θεωρητική
3257 2711 3389 2780 (ἓὶο)’
3427 2711 3547 2780 ἠδέ
3590 2728 3678 2774 τις
3719 2710 3801 2762 τοῦ

2231 2802 2476 2872 σώματος
2512 2803 2698 2867 αὑτοῦ,
2728 2803 2848 2856 καθ’
2875 2803 2939 2873 ἣν
2968 2803 3166 2856 τοιόνδε
3196 2805 3332 2857 ἐστί.
3361 2804 3433 2855 Τὸ
3466 2803 3652 2857 τοίνυν
3692 2806 3804 2856 τοὺ-

2228 2914 2333 2948 των
2378 2895 2484 2948 τῶν
2531 2897 2832 2967 ποιοτήτων
2869 2895 2997 2948 ἴδιον
3046 2896 3139 2948 καὶ
3191 2896 3631 2966 ὰσυντρὸχαστον
3686 2897 3808 2966 πρὸς

2228 2990 2411 3060 ἕτερον
2453 2988 2629 3058 (ἄλλος
2666 2989 2775 3059 γάρ
2821 3005 2903 3051 τις
2929 2987 3342 3058 ἀπαράλλακτος
3380 2986 3598 3040 Παύλου
3626 2989 3685 3039 ἐν
3711 2989 3804 3047 τοῖς

2227 3078 2378 3135 οὖσιν
2411 3082 2511 3134 οὑκ
2542 3081 2677 3150 ἔστι)
2707 3078 2958 3149 δηλοῦται
2981 3078 3070 3130 διὰ
3097 3079 3194 3149 τῆς
3223 3079 3462 3144 Παῦλος
3489 3078 3799 3148 ὀνομασίας.

2239 3173 2374 3226 Ἀλλ’
2400 3174 2491 3226 ἐπὶ
2524 3171 2846 3242 ἀνθρώπων,
2876 3172 3035 3223 οίονε).
3065 3169 3478 3240 ἁλλασσομένων
3518 3169 3650 3244 τῶν,
3675 3169 3800 3222 ἰδίων

555 3277 667 3334 tur,
717 3277 864 3321 recte
895 3265 1049 3335 juxta
1107 3264 1444 3328 Scripturam
1497 3271 1775 3316 mutantur
1808 3261 1971 3315 etiam
2024 3276 2122 3313 nu-

2234 3266 2554 3336 ποιοτήτων,
2588 3263 2755 3332 ὑγιῶς
2790 3263 2930 3317 κατὰ
2965 3262 3062 3334 τὴν
3103 3263 3323 3333 Γραφὴν
3353 3260 3690 3313 ἀλλάσσεται
3723 3261 3801 3312 καὶ

555 3361 721 3414 mina.
751 3359 970 3412 Abrami
1004 3358 1146 3410 enim
1181 3357 1460 3409 immutata
1485 3354 1765 3424 qualitate,
1792 3362 2015 3408 vocatus
2043 3367 2124 3406 εει

552 3451 861 3513 Abraham;
914 3459 968 3503 et
1018 3449 1254 3502 Simonis
1299 3462 1560 3502 conversa
1596 3446 1882 3514 qualitate,
1927 3444 2124 3498 Petrus

553 3542 863 3596 nominatus
899 3549 1010 3602 est;
1048 3541 1174 3592 item
1209 3539 1584 3607 persequentis
1616 3539 1894 3592 Christum
1943 3534 2125 3588 Saulis

554 3635 840 3688 immutata
878 3631 1158 3702 qualitate,
1209 3631 1510 3700 appellatus
1543 3640 1625 3683 est
1674 3630 1893 3683 Paulus.
1923 3628 1979 3682 ln
2015 3629 2124 3683 Deo

553 3740 681 3780 vero
721 3725 811 3792 qui
865 3723 1201 3777 iuvariabilis
1253 3722 1708 3790 innnutabilisque
1750 3736 1966 3789 semper
2005 3731 2121 3785 est,

551 3831 716 3869 unum
751 3816 1000 3882 idemque
1031 3828 1244 3882 semper
1291 3821 1369 3865 est
1406 3811 1567 3864 veluti
1611 3827 1826 3874 nomen,
1877 3811 1980 3877 Qui
2023 3821 2122 3874 est,

551 3909 694 3978 quod
728 3909 778 3961 in
813 3907 998 3960 Exodo
1029 3906 1248 3968 dicitur,
1279 3914 1370 3956 aut
1404 3905 1447 3958 si
1481 3903 1609 3971 quid
1639 3903 1820 3956 simile
1855 3903 1963 3956 dici
1996 3918 2124 3972 pos-

551 4003 644 4056 sit.
690 3998 1142 4066 Quandoquidem
1185 3996 1348 4064 igitur
1395 3995 1606 4065 quoties
1657 3995 1723 4050 de
1772 3994 1882 4048 Deo
1919 3993 2122 4064 aliquid

553 4093 876 4161 cogitamus,
903 4089 1136 4157 aliquam
1165 4088 1228 4140 de
1255 4101 1318 4140 eo
1349 4087 1622 4141 notionem
1653 4085 1811 4140 nobis
1843 4085 2119 4155 ﬁngimus,

550 4185 644 4239 sed
679 4199 786 4238 non
819 4198 1009 4238 omnes
1043 4182 1172 4251 quid
1219 4181 1307 4234 ille
1341 4193 1526 4233 revera
1559 4178 1649 4241 sit,
1695 4179 1900 4232 scimus
1943 4176 2118 4247 (pauci

550 4277 716 4340 enim,
750 4285 824 4339 et,
861 4284 920 4329 ut
957 4273 1029 4327 ita
1076 4271 1274 4335 dicam,
1322 4269 1609 4339 pauciores
1643 4267 1829 4336 paucis
1858 4276 1984 4320 sunt
2029 4267 2118 4334 qui

550 4371 758 4440 possint
788 4367 904 4436 ejus
949 4367 1001 4419 in
1047 4365 1304 4419 omnibus
1346 4362 1728 4430 proprietatem
1765 4359 2121 4428 comprehen-

551 4461 722 4531 dere),
769 4458 959 4514 merito
993 4457 1251 4511 docemur
1285 4453 1374 4507 Dei
1428 4453 1697 4507 notionem
1737 4451 1790 4503 in
1828 4451 1986 4504 nobis
2032 4464 2118 4503 sa-

549 4571 675 4610 nam
711 4569 829 4608 esse
856 4553 900 4606 si
933 4551 1229 4604 viderimus
1263 4547 1652 4618 proprietatem
1687 4543 1830 4599 illius
1857 4544 2115 4601 creantis.

550 4647 903 4715 providentis,
955 4616 1276 4710 judicantis,
1321 4637 1595 4707 eligentis,
1663 4633 2116 4701 derelinquentis,

2234 4630 2319 4680 καὶ
2368 4629 2739 4699 προνοοῦντος,
2776 4632 2867 4684 καί
2906 4633 3214 4702 κρίνοντος,
3278 4635 3371 4685 καὶ
3417 4634 3789 4704 έκλεγομένου,

552 4738 950 4808 amplectentis,
987 4734 1311 4802 rejicieutis,
1356 4728 1575 4800 prmmia
1633 4728 1985 4779 retribuentis
2025 4736 2119 4778 aut

553 4844 742 4898 ptruas
789 4828 1078 4895 unicuique
1106 4841 1202 4895 pro
1234 4821 1463 4876 meritis.
1493 4820 1546 4872 ltt
1585 4818 1666 4870 his
1698 4816 1842 4870 enim
1871 4825 1922 4868 et
1965 4816 2118 4870 simi-

557 4922 693 4974 libus
722 4919 1060 4987 exprimitur,
1098 4926 1155 4968 ut
1185 4915 1254 4968 ita
1285 4915 1482 4972 dicam,
1516 4905 1730 4976 prepria
1760 4905 1849 4958 Dei
1881 4905 2117 4973 qualitas

555 5027 715 5078 quam
755 5011 847 5063 Dei
892 5022 1087 5062 nomen
1133 5006 1284 5071 juxta
1332 5004 1644 5070 Scripturas
1693 4999 1798 5052 dici
1845 5012 2009 5066 puto;
2063 4997 2114 5048 in

554 5095 742 5150 Exodo
769 5095 984 5165 quidem
1011 5111 1024 5146 :
1052 5093 1174 5147 Non
1205 5107 1435 5144 assumes
1464 5103 1647 5141 nomen
1677 5085 1887 5139 Domini
1922 5085 2015 5138 Dei
2041 5085 2116 5137 tui

555 5193 608 5243 in
643 5203 832 5241 vanum
853 5188 929 5246 9";
965 5185 1018 5239 in
1049 5183 1450 5238 Deuteronomio
1483 5191 1663 5234 autem
1694 5195 1708 5234 :
1747 5177 2112 5246 Exspectatur,

622 5362 666 5392 ³³⁷
703 5360 870 5416 Exod.
908 5377 998 5428 xx,
1043 5363 1093 5419 7.

626 5570 738 5656 (48)
778 5568 954 5624 Codex
986 5583 1111 5634 ms.,
1154 5565 1519 5638 παριστάνειν,
1559 5567 1688 5620 edit.
1735 5563 1934 5627 Oxon.,
1965 5579 2120 5634 περι-

555 5659 1082 5782 πῗῖδῗῶωμτ,
1140 5719 1252 5764 etc.
1300 5705 1447 5782 Lego
1518 5720 1642 5759 cum
1698 5702 1964 5771 Bentleio,
2002 5700 2115 5754 εἴτε

554 5777 724 5854 ptio...
742 5781 849 5854 εἴτε
882 5780 938 5832 δὲ
961 5777 1152 5854 τούτου
1179 5777 1376 5854 τυχών.

624 5853 755 5938 (βυ)
809 5847 1156 5919 asumma-ri.
1221 5842 1364 5918 Lego
1428 5859 1549 5900 cum
1622 5845 1846 5910 eodem,
1901 5842 2112 5913 θεωρη-

553 5939 717 5988 τικος.

2227 3352 2294 3406 τὰ
2319 3353 2556 3422 ὀνόματα
2574 3367 2586 3379 ⁸
2624 3350 3028 3421 μεταϐαλούσης
3051 3349 3157 3424 γὰρ
3182 3350 3280 3421 τῆς
3309 3350 3399 3402 τοῦ
3432 3351 3652 3420 ’Λϐρὰμ
3680 3351 3803 3401 ποιῷ

2226 3460 2388 3514 τητος
2425 3443 2626 3515 ἐκλήθη
2662 3443 2932 3514 Ἀϐραὰμ,
2964 3444 3059 3496 καὶ
3088 3443 3186 3512 τῆς
3217 3443 3308 3496 τοῦ
3345 3443 3616 3512 Σίμωνος,
3645 3446 3672 3496 ὁ
3709 3444 3799 3494 [15'-

2225 3554 2354 3606 τρος
2397 3537 2719 3608 ὠνομάσθη,
2757 3539 2849 3590 κα)⁴
2891 3538 2988 3606 τῆς
3027 3535 3121 3588 τοῦ
3154 3535 3437 3598 διώκοντος
3468 3537 3566 3588 τὸν
3612 3536 3802 3606 Ἰησοῦν

2229 3628 2421 3691 Σαοὺλ,
2457 3627 2872 3700 προσηγορεύθη
2901 3629 2930 3680 ὁ
2966 3627 3194 3690 Παῦλος.
3235 3629 3357 3680 Ἐπὶ
3383 3627 3439 3680 δὲ
3469 3627 3637 3691 Θεοῦ,
3668 3632 3800 3689 ὅστις

2227 3719 2388 3782 αὑτός
2429 3722 2576 3772 ἐστιν
2613 3720 2910 3790 ἄτρεπτος,
2946 3720 3041 3773 καὶ
3090 3719 3444 3782 ἀναλλοίωτος
3473 3721 3565 3772 ἀεὶ¹
3608 3723 3797 3790 τυγχὲ-

2227 3829 2352 3875 νων,
2383 3811 2442 3864 ἒν
2475 3813 2623 3864 ἐστιν
2653 3811 2765 3882 (51)
2797 3811 2883 3864 ἀεὶ
2908 3811 2967 3864 τὸ
2988 3811 3148 3865 οἱονεὶ
3174 3813 3268 3864 καὶ
3302 3813 3386 3864 ἐπ’
3421 3812 3594 3866 αὑτοῦ
3620 3815 3795 3884 δνομσ.

2225 3900 2315 3965 τὸ,
2359 3900 2463 3963 ὢν,
2501 3903 2558 3954 ὲν
2604 3903 2666 3972 τῇ
2715 3901 2928 3964 Ἐξιῖδῳ
2981 3903 3285 3971 εἰρημένον,
3331 3903 3363 3972 ἡ
3410 3919 3462 3954 τι
3515 3903 3693 3966 οὕτως
3743 3904 3797 3955 ἂν

2225 3985 2636 4058 λεχθησόμενον.
2675 3989 2828 4042 Ἐπεὶ
2857 3988 2948 4042 οὑν
2985 3991 3112 4060 περ).
3143 3989 3276 4043 Θεοῦ
3310 3992 3512 4054 πάντες
3547 3994 3646 4061 μὲν
3677 3994 3794 4044 ὑπο-

2225 4077 2572 4150 λαμϐάνομεν
2612 4097 2663 4132 τι
2693 4081 2997 4143 ἐννοοῦντες
3035 4082 3190 4134 ἅτινα
3213 4082 3410 4152 δήποτε
3457 4083 3593 4153 περὶ
3623 4083 3792 4142 αὑτοῦ,

2224 4172 2284 4223 οὑ
2327 4171 2526 4232 πάντες
2562 4171 2618 4222 δὲ
2672 4173 2700 4225 ὃ
2753 4175 2866 4226 ἐστι
2912 4172 3150 4242 (σπάνιοι
3175 4173 3302 4244 γάρ,
3346 4175 3439 4226 καὶ
3477 4176 3530 4225 εί
3576 4177 3681 4245 χρὴ
3721 4175 3794 4225 12'-

2224 4281 2366 4330 γειν,
2417 4263 2525 4315 τῶν
2578 4263 2814 4316 σπανίων
2864 4264 3222 4336 σπανιώτεροι
3273 4266 3320 4316 οἱ
3373 4265 3469 4335 τὴν
3528 4269 3588 4318 ὲν
3647 4269 3793 4318 πᾶσιν

2223 4356 2482 4426 ἁγιότητα
2513 4355 2624 4426 (5‘2)
2659 4356 3166 4426 καταλαμϐάνοντες
3204 4355 3390 4427 αὑτοῦ)
3416 4372 3428 4381 ’

2222 4445 2532 4516 δασκόμεθα
2558 4447 2655 4516 τὴν
2687 4449 2742 4499 έν
2770 4449 2898 4518 ἡμῖν
2927 4448 3133 4500 ἔννοιαν
3168 4449 3293 4518 περὶ
3323 4447 3459 4500 Θεοῦ
3498 4450 3662 4517 ἁγίαν
3694 4449 3789 4518 (551

2223 4538 2495 4604 γενέσθαι,
2537 4539 2602 4590 ἵν’
2636 4539 2835 4609 ἴδωμεν
2877 4541 3043 4592 αὑτοῦ
3069 4540 3165 4611 τὴν
3201 4541 3478 4612 άγνότητα
3508 4541 3790 4604 κτίζοντκ,

3471 4358 3710 4426 εὐλόγως
3735 4358 3794 4409 δι-

2224 4720 2317 4771 καὶ
2349 4722 2848 4787 έγκαταλείποντος,
2884 4725 3279 4795 ἀποδεχομένου
3311 4743 3368 4778 τε
3405 4729 3502 4779 καὶ
3539 4728 3790 4795 ἀποστρε-

2225 4812 2480 4880 φομένω⁹
2512 4815 2606 4866 καὶ
2644 4817 2820 4886 γέρως
2864 4817 3140 4880 ἀξιοῦντος
3160 4857 3173 4878 ,
3202 4819 3295 4870 καὶ
3326 4818 3650 4881 κολάζοντος
3679 4819 3792 4869 En-

2226 4919 2348 4956 στον
2400 4905 2542 4958 κατὰ
2604 4906 2700 4977 τὴν
2750 4909 2925 4972 ἀξίαν.
2992 4911 3081 4961 Ἐν
3129 4909 3338 4972 τούτοις
3386 4911 3498 4982 γάρ
3551 4913 3646 4964 καὶ
3694 4913 3789 4971 τοῖς

2224 4997 2653 5066 παραπλησίοις,
2696 5000 2760 5052 ἵν’
2789 5000 2959 5064 οὑτως
2989 5003 3144 5066 εῐπω,
3190 5006 3658 5074 χαρακτηρίζεται
3699 5005 3790 5056 ἱδίι

2224 5089 2445 5158 ποιότης
2486 5090 2576 5142 τοῦ
2623 5091 2778 5153 Θεοῦ,
2825 5094 3012 5162 ἥντινα
3056 5095 3262 5164 νομίζω
3318 5097 3492 5168 ὄνομα
3541 5098 3675 5150 Θεοῦ
3709 5098 3785 5147 λέ-

2221 5178 2412 5244 γεσθαι
2464 5180 2600 5234 κατὰ
2647 5182 2743 5246 τὰς
2787 5185 3039 5254 Γραφάς·
3079 5189 3136 5239 ἐν
3183 5187 3283 5255 μὲν
3329 5192 3394 5258 τῇ
3447 5188 3689 5253 Ὲξόδῳ·
3719 5190 3788 5238 οὑ

2290 5565 2422 5634 (51)
2463 5565 2642 5618 Codex
2705 5578 2833 5626 ms.,
2875 5563 2932 5615 ἓν
2981 5563 3148 5617 ἐστιν.
3202 5562 3384 5619 Edilio
3430 5561 3634 5628 0mm,
3681 5561 3794 5614 ιντοε

2218 5651 2399 5772 6dl:\gi.'.7t)
2451 5704 2769 5774 Ἁγιότητα.
2812 5701 2955 5775 Lego
2981 5717 3104 5757 cum
3141 5702 3408 5767 Bentleio,
3429 5703 3687 5775 ἰδιότητα.

2285 5771 2395 5842 (53)
2447 5771 2661 5843 Ἀγίαν,
2683 5784 2790 5845 etc.
2825 5771 2967 5845 Lego
2995 5789 3116 5826 cum
3150 5778 3362 5833 eodem,
3387 5775 3514 5845 ὑγιῆ
3543 5771 3803 5845 γενέσθιιέ

2214 5833 2521 5916 ἂνίδωμεν’
2540 5833 2704 5898 αὑτοῦ
2739 5843 2834 5915 τὴν
2865 5833 3099 5916 ίδῖότητα
3139 5833 3444 5910 κτίζοντοςξ
3502 5833 3514 5845 ’
3554 5833 3565 5843 ’
3791 5833 3801 5932 ί

3791 5963 3799 6263 ἶ

3812 4729 3827 4748 ιι

3812 4855 3823 5118 Ξ

3811 5123 3817 5379 l
