3954 6414
581 369 690 426 £95

2033 373 2358 430 ORICENIS

3741 383 3838 438 496

578 485 760 556 quod,
811 485 983 554 inquit
1017 485 1104 538 ille
1134 483 1342 538 nefarie
1371 486 1646 554 sentiens,
1681 488 1730 540 in
1763 489 2001 544 tenebris
2033 507 2116 544 era

2257 493 2506 545 εὐκτικὸν
2527 533 2539 555 ,
2575 495 2690 546 ἀλλ’
2719 494 2830 546 ἐσθ’
2857 497 2990 550 ὅπου
3033 497 3132 550 acati.
3183 499 3602 570 προστακτικὸν,
3653 501 3838 553 ἀσεϐέ-

579 578 744 634 Deus.
797 579 838 631 A
869 594 974 646 quo
1002 580 1351 644 quaerendum
1394 587 1474 632 est
1499 579 1771 648 quomodo
1799 581 1866 634 sit
1897 593 2148 652 acceptu-

577 687 670 726 rus
721 671 851 725 illud
897 689 908 724 :
963 669 1228 724 Cerminet
1284 681 1426 724 terra
1477 675 1691 728 herbam
1735 675 1997 742 pabuli“;
2046 687 2144 734 eg;

576 763 932 834 Congrcgetur
975 780 1112 832 aqua
1158 765 1253 817 sub
1289 763 1416 819 caelo
1437 765 1500 831 7;
1537 779 1593 824 et
1620 785 1635 822 :
1667 767 1968 824 Producant
1997 786 2151 840 aqua:

571 859 780 922 reptilia
810 857 1108 910 animarum
1146 859 1470 912 viventium”
1491 877 1510 924 ;
1547 871 1642 914 et:
1689 859 1958 916 Producat
2005 873 2148 916 terra

569 949 804 1002 animum
857 947 1167 1002 viventem’.
1241 949 1393 1004 Itane
1441 959 1500 1002 ut
1543 950 1702 1004 lirmo
1739 961 1884 1004 stare
1917 949 2148 1021 vestigio

565 1039 768 1108 possit,
795 1048 947 1108 optat
979 1041 1300 1110 congregari
1337 1056 1510 1111 aquas
1539 1055 1662 1111 quae
1697 1042 1798 1096 sub
1829 1043 1967 1098 creto
1991 1049 2146 1097 erant

567 1132 620 1186 in
675 1131 852 1185 locum
911 1131 1122 1185 unum?
1161 1133 1268 1186 Aut
1301 1143 1358 1186 ut
1399 1134 1465 1188 iis
1497 1133 1715 1188 fruatur
1735 1148 1854 1203 quae
1879 1134 2144 1202 germinat

567 1233 732 1282 terra.
776 1233 926 1292 optat
964 1233 1020 1276 ut
1055 1237 1200 1278 terra
1249 1225 1567 1294 germinet?
1623 1226 1704 1278 An
1751 1225 1890 1279 sicut
1941 1224 2144 1278 lumine

563 1319 842 1388 indigebat
860 1361 875 1380 ,
903 1321 974 1371 ita
1003 1319 1302 1390 indigentia
1328 1319 1638 1386 compulsus
1661 1327 1822 1372 estut
1851 1318 2138 1388 aquatiles,

561 1421 657 1465 aut
708 1411 990 1476 volatiles,
1049 1421 1142 1464 aut
1199 1419 1489 1466 terrestres
1526 1411 1828 1464 animantes
1880 1409 2140 1480 optaret?

559 1505 713 1574 Quod
773 1506 817 1560 si
865 1507 1016 1572 juxta
1077 1505 1291 1572 ipsum,
1343 1503 1637 1557 absurdum
1675 1514 1754 1556 est
1805 1501 1922 1556 ha'c
1970 1503 2136 1556 Deum

559 1614 770 1664 orasse,
806 1615 926 1666 qua:
983 1595 1322 1665 imperativis
1385 1595 1612 1648 vocibus
1655 1609 1916 1664 expressa
1968 1605 2134 1660 sunt;

559 1692 746 1760 quidni
777 1703 830 1746 et
853 1693 917 1744 de
949 1691 1082 1752 hoc,
1119 1689 1210 1756 [int
1249 1687 1372 1752 lux,
1405 1687 1545 1740 idem
1581 1687 1818 1748 dicatur,
1843 1701 1947 1740 non
1979 1697 2134 1754 opta-

559 1783 692 1846 tive,
747 1783 842 1836 sed
883 1783 1227 1850 imperative,
1271 1780 1478 1834 dictum
1533 1777 1695 1832 esse?
1749 1775 2132 1832 Necessariqu

2255 603 2424 640 στατα
2451 587 2712 658 ὑπείληφε
2745 588 2872 660 περὶ
2897 589 2988 642 τοῦ
3029 590 3307 654 εἰπόντος,
3351 591 3670 659 Γενηθήτω
3693 591 3834 661 φῶς,

2250 679 2416 740 Θεοῦ,
2491 680 2566 743 ὡς
2635 679 2938 750 εὐξαμένου
2987 681 3192 752 μᾶλλον
3249 683 3390 753 ἥπερ
3441 684 3836 754 προστάξαντος

2249 769 2542 840 γενηθῆναι
2573 769 2634 822 τὸ
2677 769 2824 838 φῶς⁸
2867 771 3022 836 ἐπεὶ,
3077 771 3156 834 ὡς
3208 773 3371 842 φησὶν
3423 773 3634 835 ἐκεῖνος
3665 772 3832 837 ἀθέως

2249 861 2404 926 νοῶν,
2459 864 2518 915 ὲν
2561 863 2737 932 σκότῳ
2782 857 2850 934 ἦν
2897 865 2926 917 ὁ
2972 865 3142 929 Θεός⁸
3183 863 3318 936 πρὸς
3359 865 3419 918 ὃν
3447 865 3694 933 λεκτέον,
3723 865 3833 929 πῶς

2247 955 2541 1026 ἐκλήψεται
2575 955 2670 1008 κα)⁸
2714 955 2776 1006 τό
2797 971 2810 984 ⁸
2873 955 3290 1024 Βλαστησάτω
3343 959 3380 1024 ἡ
3438 955 3516 1026 γῆ
3559 955 3834 1024 ,ϐοτάνην

2244 1049 2493 1118 χόρτου·
2536 1047 2660 1112 καὶ,
2705 1047 3072 1116 Συναχθήτω
3111 1049 3177 1102 τὸ
3211 1049 3367 1118 ὕδωρ
3415 1049 3701 1104 ὑποκάτω
3731 1049 3834 1104 τοῦ

2244 1139 2505 1207 οὐρανοῦ
2525 1157 2538 1169 ⁸
2599 1140 2726 1202 καὶ,
2791 1138 3162 1210 Ἐξαγαγέτω
3229 1141 3304 1195 τὰ
3371 1143 3561 1196 ὕδατα
3619 1143 3834 1211 ἑρπετὰ

2241 1231 2460 1301 ψυχῶν
2499 1231 2702 1292 (war
2721 1249 2734 1262 °
2793 1233 2914 1294 καὶ,
2979 1231 3343 1302 Ἐξαγατέτω
3397 1237 3437 1303 ἡ
3503 1233 3582 1304 τῆ
3621 1233 3834 1303 ψυχὴν

2243 1323 2458 1383 ζῶσαν.
2497 1321 2646 1394 Ἀρα
2672 1325 2778 1396 γὰρ
2805 1325 2944 1394 ὑπὲρ
2973 1323 3070 1377 τοῦ
3095 1325 3186 1378 ἐπὶ
3211 1325 3426 1397 ἑδραίου
3451 1327 3648 1398 στῆναι
3683 1325 3834 1397 εὐχε-

2239 1433 2328 1468 ται
2357 1415 2687 1486 συναχθῆναι
2721 1417 2782 1468 τὸ
2810 1415 2952 1486 ὕδωρ
2979 1416 3044 1468 τὸ
3073 1415 3330 1468 ὑποκάτω
3365 1417 3458 1468 τοῦ
3492 1415 3728 1487 οὑρανοῦ
3753 1417 3830 1482 είς

2242 1506 2562 1578 συναγωγὴν
2591 1507 2750 1578 μίαν;
2794 1508 2864 1559 Ἦ
2891 1509 3035 1580 ὑπὲρ
3075 1507 3168 1560 τοῦ
3203 1506 3529 1576 μεταλαϐεῖν
3559 1507 3669 1560 τῶν
3709 1507 3830 1576 βλα-

2241 1601 2542 1654 στανόντων
2577 1599 2684 1652 ἀπὸ
2711 1599 2813 1670 γῆς
2836 1597 3053 1668 εὔχεται
3085 1597 3163 1660 τὸ,
3202 1597 3622 1664 Βλαστησὰτω
3651 1598 3690 1666 ὴ
3721 1597 3828 1668 Tr};

2239 1690 2405 1742 Ποίαν
2439 1689 2494 1743 δὲ
2530 1691 2716 1764 χρείαν
2759 1689 2950 1761 ὁμοίαν
2987 1689 3208 1760 ἔχειτῷ
3237 1689 3457 1759 χρῄζειν
3479 1689 3590 1760 (65)
3627 1688 3826 1757 φωτὸς,

2235 1781 2342 1834 τῶν
2369 1781 2602 1852 ἐνύδρων
2639 1783 2733 1834 καὶ
2769 1779 2986 1852 πτηνῶν
3026 1781 3058 1852 ἢ
3095 1779 3384 1852 χερσαίων,
3425 1779 3514 1832 ἵνα
3561 1781 3661 1831 καὶ
3701 1781 3826 1850 περὶ

557 1881 690 1934 mibi
723 1879 899 1934 visum
933 1887 1036 1942 est,
1085 1895 1206 1931 cum
1251 1875 1342 1931 hic
1389 1871 1726 1943 imperativis
1755 1872 1934 1926 verbis
1958 1873 2116 1925 oratit

2237 1873 2438 1926 τούτων
2483 1873 2735 1944 εὔχηται;
2785 1873 2847 1924 Et
2892 1871 2948 1926 δὲ
2998 1873 3092 1924 καὶ
3137 1872 3256 1924 κατ’
3299 1871 3462 1924 αὐτὸν
3518 1869 3724 1924 ἄτοπον
3767 1870 3828 1922 τὺ

553 1973 838 2028 enuntiata
897 1971 998 2032 sit,
1053 1985 1344 2038 pravarum
1415 1965 1564 2020 illius
1617 1965 2128 2034 interpretationum

554 2063 889 2124 meminisse,
921 2077 1107 2116 eorum
1151 2061 1322 2130 gratia
1353 2075 1492 2129 quos
1521 2059 1770 2126 decepit,
1799 2058 2002 2127 quique
2027 2057 2129 2110 itu-

553 2154 694 2222 piam
729 2152 878 2205 illius
929 2151 1234 2204 doctrinam
1269 2149 1646 2211 admiserunt,
1679 2146 1729 2198 in
1757 2161 1895 2215 quos
1925 2157 1977 2202 et
2031 2161 2130 2202 nos

551 2247 844 2317 aliquando
885 2242 1194 2300 incidimus.

2239 1963 2368 2034 περὶ
2421 1963 2626 2016 τούτων
2669 1959 2976 2036 εὔχεσθαι,
3030 1961 3458 2032 προστακτικαῖς
3509 1959 3826 2031 ὀνομασίαις

2235 2055 2560 2126 εἰρημένων,
2611 2054 2727 2116 πῶς
2753 2055 2814 2108 οὑ
2847 2053 2906 2106 τὸ
2931 2054 3117 2124 ὅμοιον
3166 2051 3383 2106 λεκτέον
3418 2053 3514 2108 καὶ
3553 2051 3824 2125 περὶτοῦ,

2233 2145 2550 2214 Γενηθήτω
2571 2145 2717 2214 φῶς,
2735 2145 2809 2208 ὡς
2840 2143 2913 2216 μὴ
2937 2143 3224 2207 εὐκτικῶς,
3253 2143 3388 2198 ἀλλὰ
3407 2143 3826 2216 προστακτικῶς

2232 2239 2558 2311 είρημένου;
2593 2237 2926 2306 Ἀναγκαίως
2945 2235 3002 2288 δέ
3028 2253 3116 2307 μοι
3141 2235 3408 2302 ἐδοξεν,ὲν
3441 2239 3564 2301 ταῖς
3595 2253 3826 2308 προστα-

549 2341 761 2402 κτικαῖς
811 2339 1014 2406 φωναῖς
1045 2333 1340 2407 εἰρημένης
1367 2332 1564 2402 εὐχῆς,
1607 2331 2020 2404 ὑπομνησθῆναι
2062 2331 2169 2385 τῶν
2194 2330 2544 2403 παρεκδοχῶν
2575 2327 2739 2382 αὑτοῦ
2769 2329 2858 2382 διὰ
2905 2323 3030 2392 τοὺς
3077 2328 3484 2399 ἠπατημένους,
3519 2331 3616 2382 καὶ
3651 2345 3826 2400 παρα-

547 2429 872 2501 δεξαμένους
918 2427 1016 2499 τὴν
1061 2425 1233 2496 ἀσεϐῆ
1285 2425 1630 2479 διδασκαλίαν
1665 2427 1830 2480 αὑτοῦ
1853 2465 1868 2488 ,
1917 2419 1992 2478 ὧν
2045 2426 2139 2480 καὶ
2166 2427 2328 2498 ἡμεῖς
2361 2441 2488 2476 ποτε
2521 2421 2924 2492 πεπειράμεθα.

616 2522 706 2577 25.
749 2520 1000 2572 Adrenint
1031 2533 1244 2586 regnum
1278 2526 1450 2568 tuum.
1488 2515 1548 2570 Si
1579 2533 1792 2584 regnum
1823 2515 1938 2580 Dei,
1965 2514 2120 2583 juxta

545 2615 774 2670 verbum
827 2611 1036 2666 Domini
1084 2619 1138 2663 et
1171 2608 1482 2662 Servatoris
1507 2608 1698 2672 nostri,
1727 2623 1843 2660 cum
1883 2607 2126 2661 observa-

546 2708 689 2774 tione
747 2721 848 2758 non
895 2683 1028 2762 venit
1049 2744 1063 2765 ,
1119 2717 1282 2768 neque
1333 2700 1504 2753 dicent
1533 2715 1551 2753 :
1585 2697 1722 2752 Ecce
1751 2698 1857 2762 hic,
1889 2709 1978 2752 aut
2009 2715 2124 2754 ecce

543 2797 690 2860 illic;
717 2796 807 2850 sed
841 2811 1050 2864 regnum
1089 2791 1178 2846 Dei
1205 2795 1344 2845 intra
1378 2807 1478 2846 nos
1501 2801 1573 2844 est
1605 2789 1670 2856 ‘°,
1716 2806 1836 2842 nam
1866 2806 2026 2860 prope
2045 2799 2122 2844 est

542 2887 752 2941 verbum
799 2883 950 2937 valde
991 2883 1046 2934 in
1083 2899 1172 2936 ore
1223 2891 1409 2935 nostro
1440 2887 1492 2934 et
1536 2881 1588 2932 in
1637 2879 1792 2932 corde
1817 2879 1857 2909 “
1891 2889 2116 2933 nostro:

541 2979 730 3051 procul
781 2979 944 3034 dubio
975 2979 1020 3033 is
1048 2979 1140 3047 qui
1175 2993 1394 3046 regnum
1429 2975 1520 3029 Dei
1554 2975 1812 3028 advenire
1847 2983 2117 3044 precatur,

542 3075 610 3128 de
655 3087 718 3128 eo
760 3073 900 3141 quod
951 3072 1004 3124 in
1053 3085 1110 3124 se
1153 3069 1314 3122 habet
1363 3083 1530 3136 regno
1561 3067 1651 3121 Dei
1689 3078 1835 3120 recte
1861 3077 2006 3126 orat,
2063 3075 2121 3121 ut

541 3162 774 3224 Oriatur,
812 3170 866 3215 et
919 3160 1124 3214 fruetus
1157 3159 1324 3224 lerat,
1374 3167 1427 3212 et
1485 3157 1814 3228 perﬁciatur.
1881 3153 2015 3209 Nam
2065 3156 2117 3211 in

541 3258 788 3326 quolibet
824 3266 1136 3310 sanctorum
1169 3255 1310 3308 Deus
1335 3261 1542 3322 regnat,
1567 3263 1620 3306 et
1647 3251 1872 3320 qualibet
1899 3259 2118 3306 sant-tus

542 3347 922 3418 spiritualibus
951 3345 1273 3412 obsequitur
1303 3343 1510 3411 legibus
1541 3342 1633 3396 Dei
1660 3343 1750 3412 qui
1785 3343 1836 3396 in
1869 3343 1984 3411 ipso
2017 3345 2116 3398 ha-

543 3441 720 3504 bitat,
768 3451 828 3494 ut
865 3441 918 3491 in
969 3447 1118 3492 recte
1151 3436 1527 3490 administrata
1565 3435 1809 3489 civitate.
1868 3435 2117 3490 Prmsens

540 3529 588 3583 ei
637 3528 798 3582 Pater
825 3528 1015 3592 adest,
1059 3537 1114 3581 et
1151 3534 1452 3596 conregnat
1480 3525 1628 3579 Patri
1657 3523 1909 3580 Christus
1937 3528 1990 3598 in
2027 3527 2114 3580 illa

540 3620 720 3673 aniuia
757 3618 997 3688 perfema
1027 3617 1182 3686 juxta
1217 3616 1344 3670 illud
1372 3615 1527 3680 cuius
1551 3615 1712 3685 paulo
1740 3627 1868 3669 ante
1912 3617 2114 3671 mentio

539 3710 684 3764 facta
705 3721 790 3764 est
826 3728 838 3763 :
871 3709 950 3762 Ad
971 3725 1090 3760 eum
1114 3707 1800 3776 veniemus,etmansionem
1823 3707 1964 3769 apud
1993 3723 2112 3760 enm

537 3804 792 3872 faciemus
814 3804 878 3856 ι’.
907 3801 984 3854 Ac
1011 3801 1100 3854 Dei
1127 3800 1341 3869 quidem
1367 3816 1588 3870 regnum
1612 3801 1715 3854 dici
1746 3809 1873 3868 puto
1899 3799 2111 3868 felicem

535 3897 837 3966 superioris
857 3896 1026 3965 partis
1049 3897 1242 3948 anima:
1262 3901 1485 3960 statum,
1503 3893 1938 3962 compositaque
1960 3903 2012 3947 et
2029 3907 2112 3946 sa-

534 3993 746 4060 pientes
779 3990 1172 4060 c0gitatioucs;
1207 4003 1429 4054 regnum
1449 4002 1576 4042 vero
1606 3987 1808 4041 Christi
1841 3997 1953 4040 tum
1991 4001 2110 4041 ser-

533 4095 724 4134 mones
745 4081 834 4148 qui
877 4081 930 4132 in
955 4079 1288 4134 audientium
1323 4077 1552 4130 salutem
1581 4073 1953 4144 proferuntur,
1993 4085 2105 4128 tum

531 4173 622 4242 qui
653 4171 1012 4241 perﬁciuntur
1047 4179 1198 4224 actus
1243 4167 1470 4236 iustitia:
1501 4175 1556 4220 et
1583 4175 1904 4220 creterarum
1935 4167 2108 4220 virtu-

533 4275 678 4330 tum;
709 4265 938 4319 Verbum
961 4263 1104 4318 enim
1123 4273 1176 4317 et
1199 4261 1410 4330 justitia
1428 4268 1532 4326 est,
1557 4257 1727 4312 Filius
1759 4257 1872 4311 Dei.
1903 4257 2104 4312 Contra

527 4358 582 4412 in
616 4371 805 4412 omnes
839 4367 1150 4424 peccatores
1199 4351 1538 4423 tyrannidem
1585 4361 1808 4406 exercet
1853 4351 2104 4421 princeps

525 4451 706 4506 saeculi
731 4449 926 4518 hujus;
971 4447 1150 4518 quivis
1170 4448 1314 4500 enim
1335 4453 1590 4514 peccator
1619 4459 1726 4512 pra:
1747 4445 1870 4498 .enti
1905 4443 2104 4498 saeetdo

523 4556 755 4612 nequam
773 4541 1110 4606 mancipatus
1130 4548 1230 4602 est,
1249 4553 1372 4592 cum
1393 4553 1451 4591 se
1470 4553 1574 4590 non
1597 4534 1774 4590 tradat
1791 4535 1836 4590 ei
1855 4537 1942 4606 qni
1958 4535 2102 4588 dedit

2311 2513 2557 2568 Ἐλθέτω
2575 2515 2610 2582 ὴ
2621 2513 2910 2578 βασιλεία
2925 2527 3063 2568 σου.
3081 2515 3150 2568 El
3166 2512 3203 2580 ἠ
3215 2513 3508 2580 ,ϐασιλεία
3523 2511 3633 2566 τοῦ
3651 2512 3820 2567 Θεοῦ,

2233 2607 2370 2660 κατὰ
2406 2607 2494 2660 τὸν
2527 2607 2682 2676 λόγον
2713 2607 2806 2660 τοῦ
2833 2608 3038 2680 Κυρίου
3065 2609 3156 2660 καὶ
3179 2609 3432 2679 Σωτῆρος
3463 2607 3648 2678 ἡμῶν,
3675 2608 3818 2678 μετὰ

2229 2699 2700 2768 παρατηρήσεως
2733 2701 2842 2754 οὐκ
2873 2701 3129 2769 ἔρχεται,
3153 2699 3295 2762 οὐδὲ
3325 2699 3605 2768 ἐροῦσιν·
3675 2700 3817 2754 Ἰδοὺ

2226 2787 2365 2856 ὦδε,
2397 2791 2434 2860 ἣ
2469 2791 2599 2846 ἰδοὺ
2633 2791 2793 2860 ἐκεῖ,
2825 2791 2962 2846 ἀλλὰ
2997 2795 3033 2862 ή
3075 2792 3350 2846 ϐασιλεία
3377 2792 3485 2846 τοῦ
3523 2793 3675 2846 Θεοῦ
3717 2794 3814 2845 ὲν-

2227 2887 2330 2951 τὸς
2363 2885 2517 2957 ἡμῶν
2548 2885 2738 2952 ἐστιν,
2771 2885 2952 2956 ἐγγὺς
2979 2887 3088 2956 γὰρ
3117 2887 3180 2939 τό
3220 2885 3390 2956 ῥῆμά
3413 2885 3546 2940 ἐστι
3583 2885 3816 2956 σφόδρα

2226 2979 2298 3031 ἐν
2323 2975 2402 3042 τῷ
2430 2979 2682 3046 στόματι
2711 2978 2890 3049 ἡμῶν,
2929 2979 3029 3032 καὶ
3061 2980 3130 3032 ἐν
3163 2977 3236 3046 τῇ
3266 2977 3484 3048 καρδία
3512 2979 3704 3048 ἡμῶν
3731 2979 3818 3049 δη·

2225 3067 2396 3120 λονότι
2419 3069 2446 3120 ὁ
2468 3067 2758 3138 εὐχόμενος
2779 3067 2952 3120 ἐλθεῖν
2977 3068 3073 3138 τὴν
3095 3067 3368 3138 βασιλείαν
3393 3067 3492 3120 τοῦ
3506 3067 3666 3134 Θεοῦ,
3691 3069 3814 3139 περὶ

2223 3159 2317 3213 τοῦ
2346 3159 2443 3231 τὴν
2487 3159 2544 3212 ὲν
2577 3159 2725 3230 αὑτῷ
2767 3158 3042 3229 βασιλείαν
3089 3159 3180 3212 τοῦ
3211 3157 3342 3212 Θεοῦ
3394 3159 3677 3213 ἀνατεῖλαι
3721 3161 3814 3213 καὶ

2225 3251 2642 3322 καρποφορῆσαι
2695 3249 2790 3302 καὶ
2835 3250 3217 3320 τελειωθῆναι,
3267 3251 3506 3319 εὐλόγως
3555 3251 3809 3323 εὔχεται·

2219 3345 2420 3410 παντὸς
2456 3345 2553 3416 μὲν
2578 3342 2732 3412 ἁγίου
2760 3341 2864 3396 ὑπὸ
2889 3343 3025 3396 Θεοῦ
3076 3343 3521 3415 βασιλευομένου,
3568 3349 3662 3400 καὶ
3699 3350 3812 3410 τοῖς

2220 3439 2608 3508 πνευματικοῖς
2629 3437 2811 3508 νόμοις
2831 3434 2925 3488 τοῦ
2947 3435 3080 3489 Θεοῦ
3099 3435 3420 3507 πειθομένου
3437 3476 3452 3500 ,
3471 3438 3634 3492 οἱονεὶ
3663 3440 3810 3492 εὐνο-

2220 3548 2322 3601 μου
2331 3532 2497 3602 μένην
2522 3529 2674 3582 πόλιν
2697 3527 2971 3592 οἰκοῦντος
2992 3529 3182 3583 ἑαυτόν
3201 3547 3212 3558 ·
3239 3529 3510 3601 παρόντος
3526 3531 3636 3602 (64)
3661 3533 3810 3604 αὑτῷ

2213 3622 2308 3676 τοῦ
2329 3623 2560 3694 Πατρὸς,
2575 3621 2670 3676 καὶ
2691 3638 2755 3673 συ
2763 3619 3150 3691 μϐουλεύοντος
3169 3621 3245 3692 τῷ
3263 3623 3437 3694 ιΙατρ).
3451 3623 3548 3677 τοῦ
3571 3625 3806 3696 Χριστοῦ

2214 3715 2272 3768 ὲν
2296 3717 2362 3784 τῇ
2387 3711 2782 3783 τετελειωμένη
2803 3710 2947 3782 ψυχῇ
2979 3712 3118 3765 κατὰ
3150 3712 3209 3764 τὸ
3242 3713 3556 3784 εἰρημένον,
3595 3707 3656 3768 οῦ
3695 3713 3804 3786 πρὸ

2217 3805 2448 3876 βραχέος
2478 3805 2846 3874 ἐμνημόνευον
2871 3819 2884 3833 ⁸
2915 3803 3070 3871 Πρὸς
3094 3803 3280 3856 αὑτὸν
3298 3804 3798 3875 ὲιιειισόμεθει,καί

2206 3895 2408 3964 μονὴν
2437 3897 2572 3963 παρ’
2602 3893 2761 3960 αὐτῷ
2793 3896 3182 3964 ποιησόμεθα.
3223 3895 3332 3948 Καὶ
3374 3891 3530 3966 οἶμαι
3563 3899 3800 3951 νοεῖσθαι

2211 3988 2348 4041 Θεοῦ
2385 3989 2483 4060 μὲν
2529 3988 2805 4058 βασιλείαν
2847 3987 2946 4060 τὴν
3003 3989 3277 4058 μακαρίαν
3329 3989 3421 4042 τοῦ
3469 3989 3800 4062 ἡγεμονικοῦ

2211 4081 2563 4142 κατάστασιν,
2595 4081 2686 4134 καὶ
2721 4081 2781 4133 τὸ
2812 4081 3143 4150 τεταγμένον
3194 4081 3302 4133 τῶν
3342 4081 3522 4150 σοφῶν
3563 4083 3798 4150 διαλογι-

2211 4169 2362 4241 σμῶν
2381 4189 2393 4200 ⁸
2419 4171 2654 4242 Χριστοῦ
2673 4171 2728 4222 δὲ
2751 4169 3025 4242 βασιλείαν
3042 4172 3162 4234 τοὺς
3185 4171 3475 4243 προϊόντας
3501 4174 3800 4244 σωτηρίους

2207 4263 2318 4325 τοῖς
2349 4262 2604 4314 ἀκούουσι
2633 4261 2850 4330 λόγους,
2879 4263 2972 4315 καὶ
3007 4263 3074 4316 τὰ
3109 4263 3205 4333 μὲν
3229 4263 3622 4336 ἐπιτελούμενα
3653 4265 3796 4337 ἔργα

2205 4353 2548 4424 δικαιοσύνης
2577 4353 2670 4408 καὶ
2697 4354 2804 4406 τῶν
2833 4352 3033 4406 λοιπῶν
3063 4354 3271 4425 ἀρετῶν
3295 4371 3308 4384 ⁸
3346 4357 3522 4425 Λόγος
3552 4357 3654 4428 γὰρ
3691 4359 3798 4411 καὶ

2201 4444 2514 4516 δικαιοσύνη
2548 4445 2578 4496 ὁ
2619 4445 2745 4508 Υἱὸς
2775 4444 2865 4498 τοῦ
2891 4445 3023 4498 Θεοῦ
3047 4463 3060 4476 ⁸
3093 4445 3292 4510 παντὸς
3326 4447 3644 4519 ἁμαρτωλοῦ
3669 4447 3794 4517 (63)

2205 4535 2776 4606 κατατυραννουμένου
2833 4533 2939 4588 ὑπὸ
2988 4535 3080 4589 τοῦ
3127 4537 3389 4608 ἄρχοντος
3437 4539 3531 4592 τοῦ
3590 4539 3798 4604 αἰῶνος

518 4633 852 4700 εεηιειὲρειιηι
881 4647 973 4698 pro
1005 4631 1151 4684 nobis
1179 4631 1542 4699 peccatoribus
1573 4637 1626 4682 ut
1657 4629 1874 4696 eriperet
1909 4644 2002 4680 nos
2035 4629 2098 4678 de

2229 4626 2427 4680 τούτου·
2487 4629 2606 4680 ἐπεὶ
2655 4627 2762 4704 πᾶς
2805 4627 3128 4699 ἁμαρτωλὸς
3171 4627 3250 4699 τῷ
3310 4631 3565 4684 ἐνεστῶτι
3623 4631 3796 4687 αἰῶνι

519 4723 764 4790 pra'senti
793 4721 958 4792 239
984 4721 1176 4776 sa'culo
1217 4737 1438 4791 nequam
1477 4729 1526 4774 et
1553 4721 1766 4788 eriperet
1810 4717 2095 4772 secundum

519 4813 838 4866 voluntatem
859 4812 952 4864 Dei
971 4823 1014 4864 et
1035 4809 1210 4864 Patris
1245 4811 1408 4864 nostri
1427 4809 1490 4874 ⁸³,
1511 4808 1662 4878 juxta
1681 4822 1741 4862 ea
1760 4824 1881 4878 qua:
1901 4807 2094 4862 dicun-

521 4913 610 4954 tur
639 4904 691 4954 in
720 4903 954 4970 Epistula
990 4907 1056 4955 ad
1094 4903 1334 4956 Galatas.
1370 4901 1472 4969 Qui
1499 4915 1626 4954 vero
1649 4900 1910 4970 principis
1934 4899 2091 4968 hujus

519 4994 702 5048 smculi
729 4995 1066 5062 tyrannidi-nt
1108 4997 1316 5059 patitur
1357 4995 1529 5047 libero
1573 4993 1778 5062 peccati
1833 4993 2088 5056 arbitrio,

589 5128 826 5183 “Cenes.
849 5143 886 5192 1,
911 5129 994 5184 ll.
1069 5131 1088 5162 ⁷
1110 5129 1269 5196 ΙΙιὶιΙ.,
1302 5133 1354 5186 9.
1433 5131 1456 5162 ⁸
1487 5130 1648 5194 ΙιιίιΙ.,
1671 5129 1763 5182 τι).

517 5215 628 5264 ιιγ,
655 5200 746 5254 25.
821 5201 863 5232 ’³
902 5203 1080 5256 Galat.
1107 5217 1148 5262 ι,
1177 5201 1232 5256 4.

511 5337 699 5410 λέγει,
747 5338 886 5408 Ἐγὼ
932 5339 1063 5404 Θεὸς
1087 5379 1101 5404 ,
1153 5339 1248 5392 καὶ
1295 5339 1432 5410 πλὴν
1491 5337 1625 5410 ἐμοῦ
1681 5339 1839 5401 ἄλλος
1872 5337 2082 5410 οὐδείςς

513 5412 594 5478 Ad
625 5409 906 5462 Tatianum
942 5420 1114 5462 autem
1161 5409 1416 5464 dicentem
1457 5409 1718 5478 precantis
1758 5425 1867 5461 esse
1907 5409 2082 5458 illud:

513 5477 640 5532 Fiat
667 5479 783 5542 lux,
821 5481 1236 5546 respondentium
1267 5491 1340 5530 est
1372 5493 1383 5505 '
1407 5481 1452 5532 si
1483 5489 1729 5543 precatur
1763 5479 2082 5546 superiorem

511 5547 707 5612 Deum,
730 5566 824 5602 cur
844 5550 970 5602 diczt
997 5566 1014 5602 :
1041 5547 1146 5617 Ego
1175 5549 1344 5612 Deus;
1373 5559 1565 5612 praeter
1596 5565 1675 5601 me
1701 5549 1834 5601 alter
1862 5545 2087 5617 nullus?

583 5619 694 5750 (ὶὲ5)
735 5619 912 5674 Codex
959 5615 1099 5683 ms.,
1157 5617 1233 5688 τῷ
1281 5617 1522 5690 χρῄζειν.
1583 5617 1727 5674 Edit.
1771 5617 1983 5683 010m,
2025 5615 2086 5669 τὸ

650 5705 748 5740 ειν.

650 5705 748 5740 ειν.

507 5689 1015 5826 χρὲξιῗῗεεαυτὸν·
1046 5758 1358 5825 παρή-τος,
1388 5765 1490 5810 etc.
1519 5752 1664 5824 Lego
1681 5765 1803 5809 cum
1825 5751 2082 5820 Bentleio,

508 5829 706 5884 αὑτὸν·
767 5829 1028 5892 παρόντος
1063 5828 1211 5898 αὑτῴ
1255 5829 1346 5884 τοῦ
1379 5827 1622 5898 Πατρὸς,
1685 5829 1776 5878 καὶ
1819 5827 2082 5896 συμϐασι-

1844 5131 1864 5161 ¹
1897 5130 2056 5195 lbid.,
2094 5131 2186 5186 24.

2204 4718 2423 4791 πονηρῷ
2448 4718 2719 4790 ᾡκείωται
2740 4759 2755 4784 ,
2804 4721 2878 4792 μὴ
2912 4721 3244 4792 ἐμπαρέχων
3286 4723 3478 4776 ἑαυτὸν
3514 4723 3588 4794 τῷ
3613 4721 3796 4776 δόντι

2199 4810 2417 4864 ἑαυτὸν
2443 4809 2576 4876 περὶ
2595 4809 2710 4865 τῶν
2727 4810 3086 4880 ἁμαρτωλῶν
3112 4813 3224 4880 (66)
3261 4813 3446 4883 ἡμῶν,
3473 4815 3622 4880 ὅπως
3647 4813 3818 4878 ἐξέ-“

2197 4903 2375 4969 ληται
2423 4901 2581 4972 ἡμᾶς
2622 4905 2686 4956 ἐκ
2717 4903 2823 4957 τσῦ
2856 4903 3071 4971 αἰῶνος
3103 4904 3209 4958 τοῦ
3238 4905 3564 4971 ἐνεστῶτος
3592 4919 3796 4972 πονη-

2187 4996 2327 5064 ροῦ,
2368 4997 2464 5050 καὶ
2490 4997 2763 5066 ἐξέληται
2805 4999 2912 5069 (67)
2947 5000 3095 5053 κατὰ
3131 5001 3196 5052 τὸ
3232 4999 3460 5068 θέλημα
3495 5000 3594 5054 τοῦ
3617 4999 3792 5052 Θεοῦ

2268 5135 2310 5166 ¹⁰
2337 5133 2468 5188 Luc.
2498 5150 2634 5201 xvu,
2661 5136 2752 5202 20,
2783 5136 2875 5190 2|.
2955 5137 2994 5168 “
3031 5138 3186 5192 Deut.
3213 5153 3344 5202 xxx,
3379 5137 3461 5192 l4.
3539 5138 3578 5170 "
3604 5133 3789 5192 Joan.

2955 5137 2994 5168 “
3031 5138 3186 5192 Deut.
3213 5153 3344 5204 xxx,
3379 5137 3461 5192 14.

2183 5335 2432 5400 λεύοντος
2463 5336 2540 5406 τῷ
2573 5339 2750 5409 ῐῐατρὶ
2779 5337 2869 5390 τοῦ
2909 5339 3165 5409 Χριστοῦ.

2255 5409 2367 5476 (55)
2409 5409 2640 5474 Παντὸς
2685 5407 3054 5476 ἀμαρτωλὶκῦ.
3101 5409 3268 5462 [tecte
3309 5407 3598 5475 Bentleius,
3625 5424 3792 5460 παν-

2183 5475 2274 5548 τὸς
2300 5477 2356 5528 δὲ
2386 5475 2733 5548 ἁμαρτωλοῦ,
2779 5488 2836 5548 ιιι
2861 5478 3126 5541 ἀντίθεσις
3167 5491 3236 5533 ειι
3278 5479 3542 5546 superiori
3583 5495 3792 5533 Inclu-

2184 5547 2284 5600 bro
2305 5587 2319 5610 ,
2351 5547 2554 5619 παντὸς
2583 5549 2680 5618 μὲν
2707 5547 2860 5619 ἁγίου
2897 5549 3000 5602 ὑπὸ
3033 5549 3166 5602 Θεοῦ
3199 5549 3636 5619 βασιλευομένου.

2258 5618 2367 5689 (tib)
2416 5617 2828 5689 Ἀμαρτωλῷν.
2891 5621 2980 5674 Sic
3029 5617 3386 5689 ret-teittabet
3433 5617 3592 5672 eode!
3657 5633 3786 5672 ms.

2193 5685 2495 5742 MJle'Vt-ro
2523 5685 2688 5742 editio
2716 5687 3063 5751 Oxonieusis,
3095 5688 3404 5759 ἁμαρτιῶν.

2266 5759 2376 5830 (67)
2413 5759 2524 5811 Καὶ
2555 5759 2848 5830 ἐξέληται.
2897 5759 3017 5813 Haec
3049 5755 3248 5813 omlssa
3277 5769 3404 5812 sunt
3437 5762 3486 5812 in
3515 5755 3794 5816 edition!

2191 5828 2391 5894 Oxum,
2427 5830 2556 5885 licet
2585 5838 2800 5884 exstent
2829 5829 2880 5884 iu
2915 5832 3288 5900 tnanusrripto
3313 5831 3516 5885 eodiee.
