  <div class='ocr_page' id='page_1' title='image "/cluster/home/n/w/nwhite01/storage/ocr_20150623/11/hvd.32044024345175/255.png"; bbox 0 0 3954 6414; ppageno 0'>
   <div class='ocr_carea' id='block_1_1' title="bbox 565 379 3797 440">
    <p class='ocr_par' dir='ltr' id='par_1_1' title="bbox 565 379 3797 440">
     <span class='ocr_line' id='line_1_1' title="bbox 565 379 3797 440; baseline -0 -5"><span class='ocrx_word' id='word_1_1' title='bbox 565 383 637 436; x_wconf 68' lang='grc'><strong>49</strong></span> <span class='ocrx_word' id='word_1_2' title='bbox 2029 381 2350 440; x_wconf 79' lang='lat' dir='ltr'><strong>ORIGENIS</strong></span> <span class='ocrx_word' id='word_1_3' title='bbox 3705 379 3797 434; x_wconf 79' lang='lat'><strong>500</strong></span> 
     </span>
    </p>
   </div>
   <div class='ocr_carea' id='block_1_2' title="bbox 567 465 2147 574">
    <p class='ocr_par' dir='ltr' id='par_1_2' title="bbox 567 500 2138 574">
     <span class='ocr_line' id='line_1_2' title="bbox 567 500 2138 574; baseline 0.001 -20"><span class='ocrx_word' id='word_1_4' title='bbox 567 502 696 554; x_wconf 89' lang='lat' dir='ltr'><strong>tutis</strong></span> <span class='ocrx_word' id='word_1_5' title='bbox 727 500 872 556; x_wconf 89' lang='lat' dir='ltr'><strong>illius</strong></span> <span class='ocrx_word' id='word_1_6' title='bbox 906 501 1203 572; x_wconf 78' lang='lat' dir='ltr'><strong>Spiritualis</strong></span> <span class='ocrx_word' id='word_1_7' title='bbox 1234 516 1394 570; x_wconf 87' lang='lat' dir='ltr'><strong>quam</strong></span> <span class='ocrx_word' id='word_1_8' title='bbox 1447 507 1696 569; x_wconf 84' lang='lat' dir='ltr'><strong>Optamus</strong></span> <span class='ocrx_word' id='word_1_9' title='bbox 1727 503 1974 574; x_wconf 88' lang='lat' dir='ltr'><strong>accipere</strong></span> <span class='ocrx_word' id='word_1_10' title='bbox 2007 521 2021 557; x_wconf 89' lang='lat'><strong>:</strong></span> <span class='ocrx_word' id='word_1_11' title='bbox 2053 518 2138 558; x_wconf 81' lang='lat' dir='ltr'><strong>se—</strong></span> 
     </span>
    </p>
   </div>
   <div class='ocr_carea' id='block_1_3' title="bbox 2255 465 3801 574">
    <p class='ocr_par' dir='ltr' id='par_1_3' title="bbox 2255 465 3801 572">
     <span class='ocr_line' id='line_1_3' title="bbox 2255 465 3801 572; baseline -0.001 -18"><span class='ocrx_word' id='word_1_12' title='bbox 2255 465 2656 572; x_wconf 77' lang='grc' dir='ltr'>ιτροστὰγμασιν</span> <span class='ocrx_word' id='word_1_13' title='bbox 2687 493 2855 568; x_wconf 77' lang='grc' dir='ltr'>αὐτῆς</span> <span class='ocrx_word' id='word_1_14' title='bbox 2889 497 2982 551; x_wconf 73' lang='grc' dir='ltr'>ἐπὶ</span> <span class='ocrx_word' id='word_1_15' title='bbox 3003 495 3070 550; x_wconf 80' lang='grc' dir='ltr'><strong>τὰ</strong></span> <span class='ocrx_word' id='word_1_16' title='bbox 3093 497 3228 568; x_wconf 75' lang='grc' dir='ltr'>ἔργα</span> <span class='ocrx_word' id='word_1_17' title='bbox 3263 497 3362 569; x_wconf 82' lang='grc' dir='ltr'>τῆς</span> <span class='ocrx_word' id='word_1_18' title='bbox 3385 497 3584 570; x_wconf 70' lang='grc' dir='ltr'>σαρκὸς</span> <span class='ocrx_word' id='word_1_19' title='bbox 3627 498 3716 550; x_wconf 71' lang='grc' dir='ltr'><strong>καὶ</strong></span> <span class='ocrx_word' id='word_1_20' title='bbox 3739 497 3801 553; x_wconf 80' lang='grc' dir='ltr'>τὰ</span> 
     </span>
    </p>
   </div>
   <div class='ocr_carea' id='block_1_4' title="bbox 565 592 2138 664">
    <p class='ocr_par' dir='ltr' id='par_1_4' title="bbox 565 592 2138 664">
     <span class='ocr_line' id='line_1_4' title="bbox 565 592 2138 664; baseline 0.001 -18"><span class='ocrx_word' id='word_1_21' title='bbox 565 593 798 662; x_wconf 88' lang='lat' dir='ltr'><strong>dealque</strong></span> <span class='ocrx_word' id='word_1_22' title='bbox 855 593 1026 646; x_wconf 89' lang='lat' dir='ltr'><strong>donec</strong></span> <span class='ocrx_word' id='word_1_23' title='bbox 1075 592 1278 647; x_wconf 89' lang='lat' dir='ltr'><strong>inimici</strong></span> <span class='ocrx_word' id='word_1_24' title='bbox 1332 593 1448 661; x_wconf 86' lang='lat' dir='ltr'><strong>ejus</strong></span> <span class='ocrx_word' id='word_1_25' title='bbox 1500 610 1692 650; x_wconf 86' lang='lat' dir='ltr'><strong>omnes</strong></span> <span class='ocrx_word' id='word_1_26' title='bbox 1739 597 1830 664; x_wconf 90' lang='lat' dir='ltr'><strong>qui</strong></span> <span class='ocrx_word' id='word_1_27' title='bbox 1877 597 1930 648; x_wconf 91' lang='lat' dir='ltr'><strong>in</strong></span> <span class='ocrx_word' id='word_1_28' title='bbox 1979 596 2138 650; x_wconf 89' lang='lat' dir='ltr'><strong>nobis</strong></span> 
     </span>
    </p>
   </div>
   <div class='ocr_carea' id='block_1_5' title="bbox 567 683 2135 754">
    <p class='ocr_par' dir='ltr' id='par_1_5' title="bbox 567 683 2135 754">
     <span class='ocr_line' id='line_1_5' title="bbox 567 683 2135 754; baseline 0.001 -16"><span class='ocrx_word' id='word_1_29' title='bbox 567 693 720 749; x_wconf 87' lang='lat' dir='ltr'><strong>sunt,</strong></span> <span class='ocrx_word' id='word_1_30' title='bbox 749 685 878 738; x_wconf 80' lang='lat' dir='ltr'><strong>ﬂant</strong></span> <span class='ocrx_word' id='word_1_31' title='bbox 906 683 1187 737; x_wconf 81' lang='lat' dir='ltr'><strong>scabellum</strong></span> <span class='ocrx_word' id='word_1_32' title='bbox 1213 685 1400 752; x_wconf 87' lang='lat' dir='ltr'><strong>pedum</strong></span> <span class='ocrx_word' id='word_1_33' title='bbox 1429 688 1474 718; x_wconf 84' lang='grc'>²¹</span> <span class='ocrx_word' id='word_1_34' title='bbox 1506 688 1624 754; x_wconf 85' lang='lat' dir='ltr'><strong>ejus</strong></span> <span class='ocrx_word' id='word_1_35' title='bbox 1653 697 1707 742; x_wconf 89' lang='lat' dir='ltr'><strong>et</strong></span> <span class='ocrx_word' id='word_1_36' title='bbox 1755 697 2050 742; x_wconf 88' lang='lat' dir='ltr'><strong>evacuetur</strong></span> <span class='ocrx_word' id='word_1_37' title='bbox 2085 687 2135 740; x_wconf 91' lang='lat' dir='ltr'><strong>in</strong></span> 
     </span>
    </p>
   </div>
   <div class='ocr_carea' id='block_1_6' title="bbox 567 774 2142 843">
    <p class='ocr_par' dir='ltr' id='par_1_6' title="bbox 567 774 2142 843">
     <span class='ocr_line' id='line_1_6' title="bbox 567 774 2142 843; baseline 0.003 -15"><span class='ocrx_word' id='word_1_38' title='bbox 567 775 725 828; x_wconf 87' lang='lat' dir='ltr'><strong>nobis</strong></span> <span class='ocrx_word' id='word_1_39' title='bbox 751 774 930 828; x_wconf 87' lang='lat' dir='ltr'><strong>omnis</strong></span> <span class='ocrx_word' id='word_1_40' title='bbox 961 774 1294 842; x_wconf 85' lang='lat' dir='ltr'><strong>principatus</strong></span> <span class='ocrx_word' id='word_1_41' title='bbox 1324 785 1376 829; x_wconf 91' lang='lat' dir='ltr'><strong>et</strong></span> <span class='ocrx_word' id='word_1_42' title='bbox 1411 787 1654 843; x_wconf 85' lang='lat' dir='ltr'><strong>potestas</strong></span> <span class='ocrx_word' id='word_1_43' title='bbox 1683 785 1738 830; x_wconf 90' lang='lat' dir='ltr'><strong>et</strong></span> <span class='ocrx_word' id='word_1_44' title='bbox 1777 777 1976 830; x_wconf 83' lang='lat' dir='ltr'><strong>virtus.</strong></span> <span class='ocrx_word' id='word_1_45' title='bbox 2017 776 2142 832; x_wconf 86' lang='lat' dir='ltr'><strong>Pos-</strong></span> 
     </span>
    </p>
   </div>
   <div class='ocr_carea' id='block_1_7' title="bbox 569 865 2142 935">
    <p class='ocr_par' dir='ltr' id='par_1_7' title="bbox 569 865 2142 935">
     <span class='ocr_line' id='line_1_7' title="bbox 569 865 2142 935; baseline 0.001 -17"><span class='ocrx_word' id='word_1_46' title='bbox 569 873 700 918; x_wconf 73' lang='lat' dir='ltr'><strong>sont</strong></span> <span class='ocrx_word' id='word_1_47' title='bbox 732 865 876 918; x_wconf 87' lang='lat' dir='ltr'><strong>enim</strong></span> <span class='ocrx_word' id='word_1_48' title='bbox 913 867 1026 918; x_wconf 75' lang='lat' dir='ltr'><strong>luce</strong></span> <span class='ocrx_word' id='word_1_49' title='bbox 1055 866 1106 917; x_wconf 91' lang='lat' dir='ltr'><strong>in</strong></span> <span class='ocrx_word' id='word_1_50' title='bbox 1138 880 1466 935; x_wconf 85' lang='lat' dir='ltr'><strong>unoquoque</strong></span> <span class='ocrx_word' id='word_1_51' title='bbox 1501 878 1744 920; x_wconf 86' lang='lat' dir='ltr'><strong>nostrum</strong></span> <span class='ocrx_word' id='word_1_52' title='bbox 1787 869 1923 928; x_wconf 81' lang='lat' dir='ltr'><strong>ﬁeri,</strong></span> <span class='ocrx_word' id='word_1_53' title='bbox 1960 877 2014 921; x_wconf 88' lang='lat' dir='ltr'><strong>et</strong></span> <span class='ocrx_word' id='word_1_54' title='bbox 2049 883 2142 920; x_wconf 87' lang='lat' dir='ltr'><strong>no-</strong></span> 
     </span>
    </p>
   </div>
   <div class='ocr_carea' id='block_1_8' title="bbox 567 955 2141 1020">
    <p class='ocr_par' dir='ltr' id='par_1_8' title="bbox 567 955 2141 1020">
     <span class='ocr_line' id='line_1_8' title="bbox 567 955 2141 1020; baseline 0.003 -13"><span class='ocrx_word' id='word_1_55' title='bbox 567 955 782 1008; x_wconf 76' lang='lat' dir='ltr'><strong>tissima</strong></span> <span class='ocrx_word' id='word_1_56' title='bbox 813 955 1028 1008; x_wconf 83' lang='lat' dir='ltr'><strong>inimica</strong></span> <span class='ocrx_word' id='word_1_57' title='bbox 1057 955 1264 1010; x_wconf 77' lang='lat' dir='ltr'><strong>destrui</strong></span> <span class='ocrx_word' id='word_1_58' title='bbox 1289 975 1428 1010; x_wconf 85' lang='lat' dir='ltr'><strong>mors</strong></span> <span class='ocrx_word' id='word_1_59' title='bbox 1454 959 1530 1020; x_wconf 68' lang='lat'><strong>&#39;3;</strong></span> <span class='ocrx_word' id='word_1_60' title='bbox 1557 967 1612 1010; x_wconf 90' lang='lat' dir='ltr'><strong>ut</strong></span> <span class='ocrx_word' id='word_1_61' title='bbox 1639 967 1692 1010; x_wconf 89' lang='lat' dir='ltr'><strong>et</strong></span> <span class='ocrx_word' id='word_1_62' title='bbox 1726 959 1776 1011; x_wconf 88' lang='lat' dir='ltr'><strong>in</strong></span> <span class='ocrx_word' id='word_1_63' title='bbox 1805 959 1960 1010; x_wconf 85' lang='lat' dir='ltr'><strong>nobis</strong></span> <span class='ocrx_word' id='word_1_64' title='bbox 1983 958 2141 1011; x_wconf 78' lang='lat' dir='ltr'><strong>Chri-</strong></span> 
     </span>
    </p>
   </div>
   <div class='ocr_carea' id='block_1_9' title="bbox 566 1042 2137 1112">
    <p class='ocr_par' dir='ltr' id='par_1_9' title="bbox 566 1042 2137 1112">
     <span class='ocr_line' id='line_1_9' title="bbox 566 1042 2137 1112; baseline 0 -12"><span class='ocrx_word' id='word_1_65' title='bbox 566 1056 684 1100; x_wconf 77' lang='lat' dir='ltr'><strong>SIus</strong></span> <span class='ocrx_word' id='word_1_66' title='bbox 713 1045 859 1100; x_wconf 90' lang='lat' dir='ltr'><strong>dicat</strong></span> <span class='ocrx_word' id='word_1_67' title='bbox 896 1061 910 1098; x_wconf 93' lang='lat'><strong>:</strong></span> <span class='ocrx_word' id='word_1_68' title='bbox 951 1042 1050 1098; x_wconf 79' lang='lat' dir='ltr'><strong>Ubi</strong></span> <span class='ocrx_word' id='word_1_69' title='bbox 1083 1056 1178 1112; x_wconf 84' lang='lat' dir='ltr'><strong>est,</strong></span> <span class='ocrx_word' id='word_1_70' title='bbox 1215 1063 1374 1110; x_wconf 87' lang='lat' dir='ltr'><strong>mors,</strong></span> <span class='ocrx_word' id='word_1_71' title='bbox 1407 1048 1654 1102; x_wconf 85' lang='lat' dir='ltr'><strong>stimulus</strong></span> <span class='ocrx_word' id='word_1_72' title='bbox 1695 1058 1816 1100; x_wconf 83' lang='lat' dir='ltr'><strong>tuus</strong></span> <span class='ocrx_word' id='word_1_73' title='bbox 1838 1049 1864 1100; x_wconf 72' lang='lat'><strong>.7</strong></span> <span class='ocrx_word' id='word_1_74' title='bbox 1911 1046 2010 1100; x_wconf 84' lang='lat' dir='ltr'><strong>Ubi</strong></span> <span class='ocrx_word' id='word_1_75' title='bbox 2037 1059 2137 1112; x_wconf 86' lang='lat' dir='ltr'><strong>est,</strong></span> 
     </span>
    </p>
   </div>
   <div class='ocr_carea' id='block_1_10' title="bbox 565 1135 2136 1205">
    <p class='ocr_par' dir='ltr' id='par_1_10' title="bbox 565 1135 2136 1205">
     <span class='ocr_line' id='line_1_10' title="bbox 565 1135 2136 1205; baseline -0.001 -16"><span class='ocrx_word' id='word_1_76' title='bbox 565 1135 790 1204; x_wconf 77' lang='lat' dir='ltr'><strong>inferne,</strong></span> <span class='ocrx_word' id='word_1_77' title='bbox 839 1137 1054 1189; x_wconf 73' lang='lat' dir='ltr'><strong>victoria</strong></span> <span class='ocrx_word' id='word_1_78' title='bbox 1089 1146 1178 1189; x_wconf 85' lang='lat' dir='ltr'><strong>tua</strong></span> <span class='ocrx_word' id='word_1_79' title='bbox 1209 1137 1287 1186; x_wconf 71' lang='lat'><strong>&quot;1’</strong></span> <span class='ocrx_word' id='word_1_80' title='bbox 1333 1137 1452 1191; x_wconf 82' lang='lat' dir='ltr'><strong>Jam</strong></span> <span class='ocrx_word' id='word_1_81' title='bbox 1487 1153 1630 1192; x_wconf 85' lang='lat' dir='ltr'><strong>nunc.</strong></span> <span class='ocrx_word' id='word_1_82' title='bbox 1677 1138 1843 1205; x_wconf 83' lang='lat' dir='ltr'><strong>igitur</strong></span> <span class='ocrx_word' id='word_1_83' title='bbox 1873 1139 2136 1204; x_wconf 85' lang='lat' dir='ltr'><strong>corrupti—</strong></span> 
     </span>
    </p>
   </div>
   <div class='ocr_carea' id='block_1_11' title="bbox 567 1227 2144 1295">
    <p class='ocr_par' dir='ltr' id='par_1_11' title="bbox 567 1227 2144 1295">
     <span class='ocr_line' id='line_1_11' title="bbox 567 1227 2144 1295; baseline 0 -16"><span class='ocrx_word' id='word_1_84' title='bbox 567 1227 671 1280; x_wconf 87' lang='lat' dir='ltr'><strong>bile</strong></span> <span class='ocrx_word' id='word_1_85' title='bbox 701 1235 946 1280; x_wconf 81' lang='lat' dir='ltr'><strong>nostrum</strong></span> <span class='ocrx_word' id='word_1_86' title='bbox 981 1227 1240 1280; x_wconf 89' lang='lat' dir='ltr'><strong>induatur</strong></span> <span class='ocrx_word' id='word_1_87' title='bbox 1267 1241 1388 1280; x_wconf 88' lang='lat' dir='ltr'><strong>eam</strong></span> <span class='ocrx_word' id='word_1_88' title='bbox 1438 1243 1558 1295; x_wconf 72' lang='lat' dir='ltr'><strong>qua:</strong></span> <span class='ocrx_word' id='word_1_89' title='bbox 1605 1239 1686 1282; x_wconf 90' lang='lat' dir='ltr'><strong>est</strong></span> <span class='ocrx_word' id='word_1_90' title='bbox 1720 1229 1770 1280; x_wconf 92' lang='lat' dir='ltr'><strong>in</strong></span> <span class='ocrx_word' id='word_1_91' title='bbox 1805 1229 2055 1281; x_wconf 75' lang='lat' dir='ltr'><strong>castitate</strong></span> <span class='ocrx_word' id='word_1_92' title='bbox 2087 1237 2144 1280; x_wconf 90' lang='lat' dir='ltr'><strong>et</strong></span> 
     </span>
    </p>
   </div>
   <div class='ocr_carea' id='block_1_12' title="bbox 565 1317 2140 1389">
    <p class='ocr_par' dir='ltr' id='par_1_12' title="bbox 565 1317 2140 1389">
     <span class='ocr_line' id='line_1_12' title="bbox 565 1317 2140 1389; baseline 0 -17"><span class='ocrx_word' id='word_1_93' title='bbox 565 1319 622 1372; x_wconf 82' lang='lat' dir='ltr'><strong>in</strong></span> <span class='ocrx_word' id='word_1_94' title='bbox 657 1317 806 1372; x_wconf 75' lang='lat' dir='ltr'><strong>ornni</strong></span> <span class='ocrx_word' id='word_1_95' title='bbox 841 1319 1098 1387; x_wconf 79' lang='lat' dir='ltr'><strong>puritate,</strong></span> <span class='ocrx_word' id='word_1_96' title='bbox 1155 1322 1497 1374; x_wconf 83' lang='lat' dir='ltr'><strong>sanctitatem</strong></span> <span class='ocrx_word' id='word_1_97' title='bbox 1550 1329 1604 1374; x_wconf 90' lang='lat' dir='ltr'><strong>et</strong></span> <span class='ocrx_word' id='word_1_98' title='bbox 1655 1322 2140 1389; x_wconf 72' lang='lat' dir='ltr'><strong>incorruptionem;</strong></span> 
     </span>
    </p>
   </div>
   <div class='ocr_carea' id='block_1_13' title="bbox 567 1411 2140 1483">
    <p class='ocr_par' dir='ltr' id='par_1_13' title="bbox 567 1411 2140 1483">
     <span class='ocr_line' id='line_1_13' title="bbox 567 1411 2140 1483; baseline 0.001 -20"><span class='ocrx_word' id='word_1_99' title='bbox 567 1421 617 1464; x_wconf 85' lang='lat' dir='ltr'><strong>et</strong></span> <span class='ocrx_word' id='word_1_100' title='bbox 665 1411 888 1464; x_wconf 82' lang='lat' dir='ltr'><strong>mortale</strong></span> <span class='ocrx_word' id='word_1_101' title='bbox 921 1423 1179 1467; x_wconf 83' lang='lat' dir='ltr'><strong>evacuata</strong></span> <span class='ocrx_word' id='word_1_102' title='bbox 1227 1423 1405 1466; x_wconf 87' lang='lat' dir='ltr'><strong>morte</strong></span> <span class='ocrx_word' id='word_1_103' title='bbox 1433 1423 1711 1483; x_wconf 71' lang='lat' dir='ltr'><strong>paternam</strong></span> <span class='ocrx_word' id='word_1_104' title='bbox 1757 1413 2008 1466; x_wconf 90' lang='lat' dir='ltr'><strong>induatur</strong></span> <span class='ocrx_word' id='word_1_105' title='bbox 2039 1414 2140 1464; x_wconf 84' lang='lat' dir='ltr'><strong>im-</strong></span> 
     </span>
    </p>
   </div>
   <div class='ocr_carea' id='block_1_14' title="bbox 567 1503 2142 1575">
    <p class='ocr_par' dir='ltr' id='par_1_14' title="bbox 567 1503 2142 1575">
     <span class='ocr_line' id='line_1_14' title="bbox 567 1503 2142 1575; baseline 0.003 -21"><span class='ocrx_word' id='word_1_106' title='bbox 567 1503 968 1568; x_wconf 83' lang='lat' dir='ltr'><strong>mortalitatem,</strong></span> <span class='ocrx_word' id='word_1_107' title='bbox 1003 1513 1062 1557; x_wconf 88' lang='lat' dir='ltr'><strong>ut</strong></span> <span class='ocrx_word' id='word_1_108' title='bbox 1111 1505 1163 1557; x_wconf 90' lang='lat' dir='ltr'><strong>in</strong></span> <span class='ocrx_word' id='word_1_109' title='bbox 1199 1505 1354 1559; x_wconf 90' lang='lat' dir='ltr'><strong>nobis</strong></span> <span class='ocrx_word' id='word_1_110' title='bbox 1397 1513 1658 1575; x_wconf 79' lang='lat' dir='ltr'><strong>regnante</strong></span> <span class='ocrx_word' id='word_1_111' title='bbox 1693 1506 1801 1558; x_wconf 88' lang='lat' dir='ltr'><strong>Deo</strong></span> <span class='ocrx_word' id='word_1_112' title='bbox 1835 1506 1884 1558; x_wconf 90' lang='lat' dir='ltr'><strong>in</strong></span> <span class='ocrx_word' id='word_1_113' title='bbox 1917 1520 2142 1573; x_wconf 83' lang='lat' dir='ltr'><strong>regene-</strong></span> 
     </span>
    </p>
   </div>
   <div class='ocr_carea' id='block_1_15' title="bbox 569 1594 2027 1665">
    <p class='ocr_par' dir='ltr' id='par_1_15' title="bbox 569 1594 2027 1665">
     <span class='ocr_line' id='line_1_15' title="bbox 569 1594 2027 1665; baseline 0.001 -17"><span class='ocrx_word' id='word_1_114' title='bbox 569 1594 796 1648; x_wconf 79' lang='lat' dir='ltr'><strong>rationis</strong></span> <span class='ocrx_word' id='word_1_115' title='bbox 821 1596 930 1664; x_wconf 87' lang='lat' dir='ltr'><strong>jam</strong></span> <span class='ocrx_word' id='word_1_116' title='bbox 965 1596 1499 1665; x_wconf 87' lang='lat' dir='ltr'><strong>resurrectionisque</strong></span> <span class='ocrx_word' id='word_1_117' title='bbox 1529 1599 1686 1650; x_wconf 85' lang='lat' dir='ltr'><strong>bonis</strong></span> <span class='ocrx_word' id='word_1_118' title='bbox 1719 1611 2027 1650; x_wconf 78' lang='lat' dir='ltr'><strong>versemur.</strong></span> 
     </span>
    </p>
   </div>
   <div class='ocr_carea' id='block_1_16' title="bbox 569 1685 1590 1757">
    <p class='ocr_par' dir='ltr' id='par_1_16' title="bbox 569 1685 1590 1757">
     <span class='ocr_line' id='line_1_16' title="bbox 569 1685 1590 1757; baseline 0.001 -19"><span class='ocrx_word' id='word_1_119' title='bbox 569 1701 658 1738; x_wconf 82' lang='grc' dir='ltr'><strong>ται</strong></span> <span class='ocrx_word' id='word_1_120' title='bbox 693 1686 797 1737; x_wconf 68' lang='grc' dir='ltr'>ὑπὸ</span> <span class='ocrx_word' id='word_1_121' title='bbox 835 1685 928 1738; x_wconf 88' lang='grc' dir='ltr'><strong>τοῦ</strong></span> <span class='ocrx_word' id='word_1_122' title='bbox 971 1687 1242 1757; x_wconf 73' lang='grc' dir='ltr'>Χριστοῦο</span> <span class='ocrx_word' id='word_1_123' title='bbox 1279 1688 1402 1740; x_wconf 78' lang='grc' dir='ltr'>Ποῦ</span> <span class='ocrx_word' id='word_1_124' title='bbox 1453 1703 1590 1750; x_wconf 72' lang='grc' dir='ltr'>σου,</span> 
     </span>
    </p>
   </div>
   <div class='ocr_carea' id='block_1_17' title="bbox 2237 585 3802 660">
    <p class='ocr_par' dir='ltr' id='par_1_17' title="bbox 2237 585 3802 660">
     <span class='ocr_line' id='line_1_17' title="bbox 2237 585 3802 660; baseline -0.001 -19"><span class='ocrx_word' id='word_1_125' title='bbox 2237 587 2494 660; x_wconf 83' lang='grc' dir='ltr'>ἀλλότρια</span> <span class='ocrx_word' id='word_1_126' title='bbox 2543 586 2638 640; x_wconf 89' lang='grc' dir='ltr'><strong>τοῦ</strong></span> <span class='ocrx_word' id='word_1_127' title='bbox 2681 586 2816 640; x_wconf 83' lang='grc' dir='ltr'>Θεοῦ</span> <span class='ocrx_word' id='word_1_128' title='bbox 2873 585 3320 658; x_wconf 83' lang='grc' dir='ltr'><strong>προκαλουμένης</strong></span> <span class='ocrx_word' id='word_1_129' title='bbox 3361 586 3468 657; x_wconf 68' lang='grc'><strong>(74)</strong></span> <span class='ocrx_word' id='word_1_130' title='bbox 3519 587 3675 658; x_wconf 81' lang='grc' dir='ltr'>ἡμῶν</span> <span class='ocrx_word' id='word_1_131' title='bbox 3713 585 3802 658; x_wconf 81' lang='grc' dir='ltr'>τὴν</span> 
     </span>
    </p>
   </div>
   <div class='ocr_carea' id='block_1_18' title="bbox 2235 677 3801 752">
    <p class='ocr_par' dir='ltr' id='par_1_18' title="bbox 2235 677 3801 752">
     <span class='ocr_line' id='line_1_18' title="bbox 2235 677 3801 752; baseline -0.005 -15"><span class='ocrx_word' id='word_1_132' title='bbox 2235 681 2438 752; x_wconf 75' lang='grc' dir='ltr'>ψυχὴν,</span> <span class='ocrx_word' id='word_1_133' title='bbox 2467 680 2620 744; x_wconf 81' lang='grc' dir='ltr'>ἀλλὰ,</span> <span class='ocrx_word' id='word_1_134' title='bbox 2647 679 3018 752; x_wconf 82' lang='grc' dir='ltr'>νεκρὼσαντες</span> <span class='ocrx_word' id='word_1_135' title='bbox 3045 679 3116 732; x_wconf 82' lang='grc' dir='ltr'>τὰ</span> <span class='ocrx_word' id='word_1_136' title='bbox 3137 679 3293 750; x_wconf 76' lang='grc' dir='ltr'>μέλη</span> <span class='ocrx_word' id='word_1_137' title='bbox 3323 680 3394 733; x_wconf 83' lang='grc' dir='ltr'>τὰ</span> <span class='ocrx_word' id='word_1_138' title='bbox 3419 679 3520 732; x_wconf 76' lang='grc' dir='ltr'><strong>ἐπὶ</strong></span> <span class='ocrx_word' id='word_1_139' title='bbox 3545 677 3653 745; x_wconf 80' lang='grc' dir='ltr'>τῆς</span> <span class='ocrx_word' id='word_1_140' title='bbox 3679 677 3801 750; x_wconf 74' lang='grc' dir='ltr'>γῆς,</span> 
     </span>
    </p>
   </div>
   <div class='ocr_carea' id='block_1_19' title="bbox 2241 770 3804 843">
    <p class='ocr_par' dir='ltr' id='par_1_19' title="bbox 2241 770 3804 843">
     <span class='ocr_line' id='line_1_19' title="bbox 2241 770 3804 843; baseline 0 -19"><span class='ocrx_word' id='word_1_141' title='bbox 2241 771 2676 843; x_wconf 77' lang='grc' dir='ltr'>καρποφορῶμεν</span> <span class='ocrx_word' id='word_1_142' title='bbox 2709 772 2834 834; x_wconf 84' lang='grc' dir='ltr'><strong>τούς</strong></span> <span class='ocrx_word' id='word_1_143' title='bbox 2863 773 3108 843; x_wconf 84' lang='grc' dir='ltr'>καρποὺς</span> <span class='ocrx_word' id='word_1_144' title='bbox 3134 771 3226 824; x_wconf 86' lang='grc' dir='ltr'><strong>τοῦ</strong></span> <span class='ocrx_word' id='word_1_145' title='bbox 3267 770 3604 841; x_wconf 85' lang='grc' dir='ltr'>Πνεύματος,</span> <span class='ocrx_word' id='word_1_146' title='bbox 3628 771 3712 824; x_wconf 83' lang='grc' dir='ltr'>ἵνα</span> <span class='ocrx_word' id='word_1_147' title='bbox 3735 770 3804 836; x_wconf 83' lang='grc' dir='ltr'>ὡς</span> 
     </span>
    </p>
   </div>
   <div class='ocr_carea' id='block_1_20' title="bbox 2237 862 3804 934">
    <p class='ocr_par' dir='ltr' id='par_1_20' title="bbox 2237 862 3804 934">
     <span class='ocr_line' id='line_1_20' title="bbox 2237 862 3804 934; baseline -0.001 -19"><span class='ocrx_word' id='word_1_148' title='bbox 2237 865 2295 915; x_wconf 86' lang='grc' dir='ltr'>ὲν</span> <span class='ocrx_word' id='word_1_149' title='bbox 2327 863 2640 934; x_wconf 78' lang='grc' dir='ltr'>παραδείσῳ</span> <span class='ocrx_word' id='word_1_150' title='bbox 2669 862 3020 933; x_wconf 82' lang='grc' dir='ltr'>πνευματικῷ</span> <span class='ocrx_word' id='word_1_151' title='bbox 3051 862 3252 932; x_wconf 83' lang='grc' dir='ltr'>Κύριος</span> <span class='ocrx_word' id='word_1_152' title='bbox 3293 862 3401 932; x_wconf 76' lang='grc'><strong>(75)</strong></span> <span class='ocrx_word' id='word_1_153' title='bbox 3427 865 3557 932; x_wconf 74' lang='grc' dir='ltr'>ἡμῖν</span> <span class='ocrx_word' id='word_1_154' title='bbox 3585 863 3804 932; x_wconf 75' lang='grc' dir='ltr'>ἐμπερι-</span> 
     </span>
    </p>
   </div>
   <div class='ocr_carea' id='block_1_21' title="bbox 2248 953 3806 1026">
    <p class='ocr_par' dir='ltr' id='par_1_21' title="bbox 2248 953 3806 1026">
     <span class='ocr_line' id='line_1_21' title="bbox 2248 953 3806 1026; baseline -0.007 -18"><span class='ocrx_word' id='word_1_155' title='bbox 2248 958 2414 1026; x_wconf 83' lang='grc' dir='ltr'>πατῇ,</span> <span class='ocrx_word' id='word_1_156' title='bbox 2451 955 2744 1026; x_wconf 81' lang='grc' dir='ltr'><strong>βασιλεύων</strong></span> <span class='ocrx_word' id='word_1_157' title='bbox 2775 955 2930 1026; x_wconf 81' lang='grc' dir='ltr'>ἡμῶν</span> <span class='ocrx_word' id='word_1_158' title='bbox 2972 956 3130 1026; x_wconf 86' lang='grc' dir='ltr'>μόνον</span> <span class='ocrx_word' id='word_1_159' title='bbox 3165 957 3261 1008; x_wconf 81' lang='grc' dir='ltr'><strong>σὺν</strong></span> <span class='ocrx_word' id='word_1_160' title='bbox 3293 955 3372 1025; x_wconf 87' lang='grc' dir='ltr'><strong>τῷ</strong></span> <span class='ocrx_word' id='word_1_161' title='bbox 3403 955 3624 1026; x_wconf 79' lang='grc' dir='ltr'>Χριστῷ</span> <span class='ocrx_word' id='word_1_162' title='bbox 3651 953 3806 1008; x_wconf 77' lang='grc' dir='ltr'>αὑτοῦ</span> 
     </span>
    </p>
   </div>
   <div class='ocr_carea' id='block_1_22' title="bbox 2245 1043 3808 1120">
    <p class='ocr_par' dir='ltr' id='par_1_22' title="bbox 2245 1043 3808 1120">
     <span class='ocr_line' id='line_1_22' title="bbox 2245 1043 3808 1120; baseline 0.001 -22"><span class='ocrx_word' id='word_1_163' title='bbox 2245 1049 2304 1098; x_wconf 78' lang='grc' dir='ltr'>ὲν</span> <span class='ocrx_word' id='word_1_164' title='bbox 2336 1047 2464 1116; x_wconf 78' lang='grc' dir='ltr'>ἡμῖν</span> <span class='ocrx_word' id='word_1_165' title='bbox 2505 1050 2568 1100; x_wconf 80' lang='grc' dir='ltr'><strong>ἐκ</strong></span> <span class='ocrx_word' id='word_1_166' title='bbox 2615 1047 2804 1112; x_wconf 84' lang='grc' dir='ltr'>δεξιῶν</span> <span class='ocrx_word' id='word_1_167' title='bbox 2853 1047 3144 1118; x_wconf 81' lang='grc' dir='ltr'><strong>καθημένῳ</strong></span> <span class='ocrx_word' id='word_1_168' title='bbox 3195 1043 3264 1120; x_wconf 81' lang='grc' dir='ltr'>ἧς</span> <span class='ocrx_word' id='word_1_169' title='bbox 3313 1047 3586 1118; x_wconf 77' lang='grc' dir='ltr'><strong>εὐχόμεθα</strong></span> <span class='ocrx_word' id='word_1_170' title='bbox 3635 1047 3808 1100; x_wconf 81' lang='grc' dir='ltr'>λαϐεῖν</span> 
     </span>
    </p>
   </div>
   <div class='ocr_carea' id='block_1_23' title="bbox 2243 1140 3808 1211">
    <p class='ocr_par' dir='ltr' id='par_1_23' title="bbox 2243 1140 3808 1211">
     <span class='ocr_line' id='line_1_23' title="bbox 2243 1140 3808 1211; baseline 0.001 -19"><span class='ocrx_word' id='word_1_171' title='bbox 2243 1140 2524 1210; x_wconf 75' lang='grc' dir='ltr'>δυνάμεως</span> <span class='ocrx_word' id='word_1_172' title='bbox 2561 1141 2954 1210; x_wconf 72' lang='grc' dir='ltr'><strong>πνευματικῆς,</strong></span> <span class='ocrx_word' id='word_1_173' title='bbox 2983 1143 3078 1194; x_wconf 79' lang='grc' dir='ltr'><strong>καὶ</strong></span> <span class='ocrx_word' id='word_1_174' title='bbox 3107 1141 3457 1211; x_wconf 76' lang='grc' dir='ltr'>καθεζομένῳ</span> <span class='ocrx_word' id='word_1_175' title='bbox 3487 1141 3593 1204; x_wconf 80' lang='grc' dir='ltr'>ἓως</span> <span class='ocrx_word' id='word_1_176' title='bbox 3623 1141 3808 1205; x_wconf 82' lang='grc' dir='ltr'>πάντες</span> 
     </span>
    </p>
   </div>
   <div class='ocr_carea' id='block_1_24' title="bbox 2240 1231 3813 1304">
    <p class='ocr_par' dir='ltr' id='par_1_24' title="bbox 2240 1231 3813 1304">
     <span class='ocr_line' id='line_1_24' title="bbox 2240 1231 3813 1304; baseline 0.001 -20"><span class='ocrx_word' id='word_1_177' title='bbox 2240 1233 2290 1284; x_wconf 83' lang='lat' dir='ltr'><strong>oi</strong></span> <span class='ocrx_word' id='word_1_178' title='bbox 2321 1233 2378 1286; x_wconf 80' lang='grc' dir='ltr'>ὲν</span> <span class='ocrx_word' id='word_1_179' title='bbox 2407 1234 2537 1302; x_wconf 81' lang='grc' dir='ltr'>ἡμῖν</span> <span class='ocrx_word' id='word_1_180' title='bbox 2582 1231 2764 1304; x_wconf 73' lang='grc' dir='ltr'>ἐχθροὶ</span> <span class='ocrx_word' id='word_1_181' title='bbox 2811 1232 2976 1304; x_wconf 85' lang='grc' dir='ltr'>αὐτοῦ</span> <span class='ocrx_word' id='word_1_182' title='bbox 3022 1231 3284 1300; x_wconf 83' lang='grc' dir='ltr'><strong>γένωνται</strong></span> <span class='ocrx_word' id='word_1_183' title='bbox 3331 1231 3664 1286; x_wconf 78' lang='grc' dir='ltr'>ὑποπόδιον</span> <span class='ocrx_word' id='word_1_184' title='bbox 3703 1231 3813 1285; x_wconf 75' lang='grc' dir='ltr'><strong>τῶν</strong></span> 
     </span>
    </p>
   </div>
   <div class='ocr_carea' id='block_1_25' title="bbox 2243 1323 3810 1395">
    <p class='ocr_par' dir='ltr' id='par_1_25' title="bbox 2243 1323 3810 1395">
     <span class='ocr_line' id='line_1_25' title="bbox 2243 1323 3810 1395; baseline 0.001 -19"><span class='ocrx_word' id='word_1_185' title='bbox 2243 1323 2446 1376; x_wconf 77' lang='grc' dir='ltr'>ποδῶν</span> <span class='ocrx_word' id='word_1_186' title='bbox 2479 1323 2642 1377; x_wconf 91' lang='grc' dir='ltr'>αὐτοῦ</span> <span class='ocrx_word' id='word_1_187' title='bbox 2677 1325 2771 1378; x_wconf 76' lang='grc' dir='ltr'>καὶ</span> <span class='ocrx_word' id='word_1_188' title='bbox 2795 1323 3112 1395; x_wconf 75' lang='grc' dir='ltr'><strong>καταργηθῇ</strong></span> <span class='ocrx_word' id='word_1_189' title='bbox 3145 1325 3238 1393; x_wconf 81' lang='grc' dir='ltr'><strong>ἀφ’</strong></span> <span class='ocrx_word' id='word_1_190' title='bbox 3279 1323 3440 1394; x_wconf 83' lang='grc' dir='ltr'>ἡμῶν</span> <span class='ocrx_word' id='word_1_191' title='bbox 3469 1327 3618 1377; x_wconf 83' lang='grc' dir='ltr'>πᾶσα</span> <span class='ocrx_word' id='word_1_192' title='bbox 3657 1324 3810 1395; x_wconf 79' lang='grc' dir='ltr'>ἀρχὴ,</span> 
     </span>
    </p>
   </div>
   <div class='ocr_carea' id='block_1_26' title="bbox 2245 1413 3814 1484">
    <p class='ocr_par' dir='ltr' id='par_1_26' title="bbox 2245 1413 3814 1484">
     <span class='ocr_line' id='line_1_26' title="bbox 2245 1413 3814 1484; baseline -0.001 -16"><span class='ocrx_word' id='word_1_193' title='bbox 2245 1416 2339 1468; x_wconf 79' lang='grc' dir='ltr'><strong>καὶ</strong></span> <span class='ocrx_word' id='word_1_194' title='bbox 2371 1413 2610 1480; x_wconf 74' lang='grc' dir='ltr'>ἐξουσία,</span> <span class='ocrx_word' id='word_1_195' title='bbox 2665 1415 2758 1468; x_wconf 75' lang='grc' dir='ltr'><strong>καὶ</strong></span> <span class='ocrx_word' id='word_1_196' title='bbox 2785 1415 3032 1482; x_wconf 74' lang='grc' dir='ltr'>δύναμιςο</span> <span class='ocrx_word' id='word_1_197' title='bbox 3063 1414 3284 1467; x_wconf 80' lang='grc' dir='ltr'>δυνατὸν</span> <span class='ocrx_word' id='word_1_198' title='bbox 3335 1413 3444 1484; x_wconf 74' lang='grc' dir='ltr'>γὰρ</span> <span class='ocrx_word' id='word_1_199' title='bbox 3483 1413 3657 1466; x_wconf 85' lang='grc' dir='ltr'>ταῦτα</span> <span class='ocrx_word' id='word_1_200' title='bbox 3700 1414 3814 1466; x_wconf 80' lang='grc' dir='ltr'>καθ’</span> 
     </span>
    </p>
   </div>
   <div class='ocr_carea' id='block_1_27' title="bbox 2247 1505 3818 1576">
    <p class='ocr_par' dir='ltr' id='par_1_27' title="bbox 2247 1505 3818 1576">
     <span class='ocr_line' id='line_1_27' title="bbox 2247 1505 3818 1576; baseline -0.001 -18"><span class='ocrx_word' id='word_1_201' title='bbox 2247 1507 2478 1558; x_wconf 81' lang='grc' dir='ltr'>’ἑκαστον</span> <span class='ocrx_word' id='word_1_202' title='bbox 2511 1505 2670 1576; x_wconf 71' lang='grc' dir='ltr'>ἡμῶν</span> <span class='ocrx_word' id='word_1_203' title='bbox 2721 1505 2991 1574; x_wconf 84' lang='grc' dir='ltr'>γενέσθαι,</span> <span class='ocrx_word' id='word_1_204' title='bbox 3043 1505 3136 1558; x_wconf 74' lang='grc' dir='ltr'><strong>καὶ</strong></span> <span class='ocrx_word' id='word_1_205' title='bbox 3171 1505 3274 1558; x_wconf 77' lang='grc' dir='ltr'><strong>τὸν</strong></span> <span class='ocrx_word' id='word_1_206' title='bbox 3309 1506 3575 1574; x_wconf 77' lang='grc' dir='ltr'>ἔσχατον</span> <span class='ocrx_word' id='word_1_207' title='bbox 3611 1505 3818 1573; x_wconf 72' lang='grc' dir='ltr'>ἐχθρὸν</span> 
     </span>
    </p>
   </div>
   <div class='ocr_carea' id='block_1_28' title="bbox 2248 1595 3818 1669">
    <p class='ocr_par' dir='ltr' id='par_1_28' title="bbox 2248 1595 3818 1669">
     <span class='ocr_line' id='line_1_28' title="bbox 2248 1595 3818 1669; baseline -0.002 -20"><span class='ocrx_word' id='word_1_208' title='bbox 2248 1597 2661 1669; x_wconf 80' lang='grc' dir='ltr'>καταργηθῆναι</span> <span class='ocrx_word' id='word_1_209' title='bbox 2707 1597 2813 1649; x_wconf 74' lang='grc' dir='ltr'><strong>τὸν</strong></span> <span class='ocrx_word' id='word_1_210' title='bbox 2844 1595 3120 1660; x_wconf 77' lang='grc' dir='ltr'>θάνατον,</span> <span class='ocrx_word' id='word_1_211' title='bbox 3167 1596 3252 1648; x_wconf 86' lang='grc' dir='ltr'><strong>ἵνα</strong></span> <span class='ocrx_word' id='word_1_212' title='bbox 3293 1596 3386 1648; x_wconf 74' lang='grc' dir='ltr'><strong>καὶ</strong></span> <span class='ocrx_word' id='word_1_213' title='bbox 3414 1599 3472 1648; x_wconf 82' lang='grc' dir='ltr'>ὲν</span> <span class='ocrx_word' id='word_1_214' title='bbox 3502 1598 3636 1666; x_wconf 80' lang='grc' dir='ltr'>ἡμῖν</span> <span class='ocrx_word' id='word_1_215' title='bbox 3669 1595 3818 1664; x_wconf 84' lang='grc' dir='ltr'>λέγη-</span> 
     </span>
    </p>
   </div>
   <div class='ocr_carea' id='block_1_29' title="bbox 1665 1687 3818 1758">
    <p class='ocr_par' dir='ltr' id='par_1_29' title="bbox 1665 1687 3818 1758">
     <span class='ocr_line' id='line_1_29' title="bbox 1665 1687 3818 1758; baseline 0 -17"><span class='ocrx_word' id='word_1_216' title='bbox 1665 1689 1900 1750; x_wconf 64' lang='lat' dir='ltr'><strong>(hirtas,</strong></span> <span class='ocrx_word' id='word_1_217' title='bbox 1942 1688 2008 1742; x_wconf 76' lang='grc' dir='ltr'>τὸ</span> <span class='ocrx_word' id='word_1_218' title='bbox 2051 1687 2333 1756; x_wconf 53' lang='grc' dir='ltr'><strong>πένῃ-(ιτ</strong></span> <span class='ocrx_word' id='word_1_219' title='bbox 2395 1691 2518 1742; x_wconf 82' lang='grc' dir='ltr'>Ποῦ</span> <span class='ocrx_word' id='word_1_220' title='bbox 2567 1705 2704 1754; x_wconf 80' lang='grc' dir='ltr'>σου,</span> <span class='ocrx_word' id='word_1_221' title='bbox 2768 1688 2901 1755; x_wconf 75' lang='grc' dir='ltr'>ᾄᾶη,</span> <span class='ocrx_word' id='word_1_222' title='bbox 2963 1687 3030 1740; x_wconf 83' lang='grc' dir='ltr'>τὸ</span> <span class='ocrx_word' id='word_1_223' title='bbox 3081 1687 3286 1753; x_wconf 73' lang='grc' dir='ltr'>νῖκος;</span> <span class='ocrx_word' id='word_1_224' title='bbox 3341 1688 3481 1758; x_wconf 78' lang='grc' dir='ltr'>’Ἤδη</span> <span class='ocrx_word' id='word_1_225' title='bbox 3535 1688 3713 1742; x_wconf 79' lang='grc' dir='ltr'>τοίνυν</span> <span class='ocrx_word' id='word_1_226' title='bbox 3757 1687 3818 1742; x_wconf 83' lang='grc' dir='ltr'>τὸ</span> 
     </span>
    </p>
   </div>
   <div class='ocr_carea' id='block_1_30' title="bbox 569 1779 3818 1856">
    <p class='ocr_par' dir='ltr' id='par_1_30' title="bbox 569 1779 3818 1856">
     <span class='ocr_line' id='line_1_30' title="bbox 569 1779 3818 1856; baseline 0.002 -24"><span class='ocrx_word' id='word_1_227' title='bbox 569 1779 834 1848; x_wconf 67' lang='grc' dir='ltr'>φθαρτὸν</span> <span class='ocrx_word' id='word_1_228' title='bbox 875 1780 1028 1849; x_wconf 76' lang='grc' dir='ltr'>ἡμῶν</span> <span class='ocrx_word' id='word_1_229' title='bbox 1073 1781 1380 1833; x_wconf 75' lang='grc' dir='ltr'>ὲνδυσάσθω</span> <span class='ocrx_word' id='word_1_230' title='bbox 1413 1783 1510 1852; x_wconf 78' lang='grc' dir='ltr'><strong>τὴν</strong></span> <span class='ocrx_word' id='word_1_231' title='bbox 1553 1783 1610 1834; x_wconf 83' lang='grc' dir='ltr'><strong>ἐν</strong></span> <span class='ocrx_word' id='word_1_232' title='bbox 1653 1783 1845 1854; x_wconf 61' lang='grc' dir='ltr'>ἁγνεία</span> <span class='ocrx_word' id='word_1_233' title='bbox 1876 1785 1970 1836; x_wconf 76' lang='grc' dir='ltr'><strong>καὶ</strong></span> <span class='ocrx_word' id='word_1_234' title='bbox 2001 1783 2149 1854; x_wconf 77' lang='grc' dir='ltr'>πάσῃ</span> <span class='ocrx_word' id='word_1_235' title='bbox 2175 1785 2508 1856; x_wconf 77' lang='grc' dir='ltr'>καθαρότητι</span> <span class='ocrx_word' id='word_1_236' title='bbox 2539 1783 2846 1854; x_wconf 75' lang='grc' dir='ltr'>ἁγιωσύνην</span> <span class='ocrx_word' id='word_1_237' title='bbox 2871 1783 2966 1836; x_wconf 68' lang='grc' dir='ltr'><strong>κα)⁵</strong></span> <span class='ocrx_word' id='word_1_238' title='bbox 2989 1783 3364 1850; x_wconf 44' lang='grc' dir='ltr'>ἀφθαρσίαν·</span> <span class='ocrx_word' id='word_1_239' title='bbox 3411 1783 3504 1836; x_wconf 77' lang='grc' dir='ltr'><strong>καὶ</strong></span> <span class='ocrx_word' id='word_1_240' title='bbox 3559 1783 3626 1836; x_wconf 81' lang='grc' dir='ltr'>τὸ</span> <span class='ocrx_word' id='word_1_241' title='bbox 3684 1788 3818 1852; x_wconf 72' lang='grc' dir='ltr'>θνη-</span> 
     </span>
    </p>
   </div>
   <div class='ocr_carea' id='block_1_31' title="bbox 571 1869 3820 1947">
    <p class='ocr_par' dir='ltr' id='par_1_31' title="bbox 571 1869 3820 1947">
     <span class='ocr_line' id='line_1_31' title="bbox 571 1869 3820 1947; baseline 0.001 -24"><span class='ocrx_word' id='word_1_242' title='bbox 571 1869 678 1923; x_wconf 72' lang='grc' dir='ltr'><strong>τέν</strong></span> <span class='ocrx_word' id='word_1_243' title='bbox 723 1870 1101 1939; x_wconf 73' lang='grc' dir='ltr'>ἀμφιεσάσθω,</span> <span class='ocrx_word' id='word_1_244' title='bbox 1155 1871 1246 1924; x_wconf 87' lang='grc' dir='ltr'><strong>τοῦ</strong></span> <span class='ocrx_word' id='word_1_245' title='bbox 1305 1871 1533 1924; x_wconf 83' lang='grc' dir='ltr'>Θανάτου</span> <span class='ocrx_word' id='word_1_246' title='bbox 1585 1875 2024 1944; x_wconf 78' lang='grc' dir='ltr'>κατηργημένου,</span> <span class='ocrx_word' id='word_1_247' title='bbox 2071 1875 2167 1945; x_wconf 73' lang='grc' dir='ltr'><strong>τὴν</strong></span> <span class='ocrx_word' id='word_1_248' title='bbox 2229 1875 2500 1947; x_wconf 81' lang='grc' dir='ltr'>πατρικὴν</span> <span class='ocrx_word' id='word_1_249' title='bbox 2551 1875 2920 1928; x_wconf 76' lang='grc' dir='ltr'><strong>ἀθανασίαν·</strong></span> <span class='ocrx_word' id='word_1_250' title='bbox 2989 1872 3130 1926; x_wconf 83' lang='grc' dir='ltr'>ὥστε</span> <span class='ocrx_word' id='word_1_251' title='bbox 3175 1874 3320 1942; x_wconf 79' lang='grc' dir='ltr'>ἡμᾶς</span> <span class='ocrx_word' id='word_1_252' title='bbox 3381 1872 3820 1945; x_wconf 79' lang='grc' dir='ltr'>βασιλευομένους</span> 
     </span>
    </p>
   </div>
   <div class='ocr_carea' id='block_1_32' title="bbox 571 1957 2797 2034">
    <p class='ocr_par' dir='ltr' id='par_1_32' title="bbox 571 1957 2797 2034">
     <span class='ocr_line' id='line_1_32' title="bbox 571 1957 2797 2034; baseline 0.002 -22"><span class='ocrx_word' id='word_1_253' title='bbox 571 1961 676 2012; x_wconf 80' lang='grc' dir='ltr'>ὑπὸ</span> <span class='ocrx_word' id='word_1_254' title='bbox 703 1961 794 2014; x_wconf 86' lang='grc' dir='ltr'><strong>τοῦ</strong></span> <span class='ocrx_word' id='word_1_255' title='bbox 840 1961 973 2014; x_wconf 84' lang='grc' dir='ltr'>Θεοῦ</span> <span class='ocrx_word' id='word_1_256' title='bbox 1028 1962 1124 2032; x_wconf 68' lang='grc' dir='ltr'><strong>ἤδη</strong></span> <span class='ocrx_word' id='word_1_257' title='bbox 1159 1957 1296 2013; x_wconf 76' lang='grc' dir='ltr'>εἶναι</span> <span class='ocrx_word' id='word_1_258' title='bbox 1347 1966 1404 2015; x_wconf 84' lang='grc' dir='ltr'>ὲν</span> <span class='ocrx_word' id='word_1_259' title='bbox 1437 1966 1547 2026; x_wconf 85' lang='grc' dir='ltr'>τοῖς</span> <span class='ocrx_word' id='word_1_260' title='bbox 1581 1964 2001 2031; x_wconf 77' lang='grc' dir='ltr'>παλιγγενεσίας</span> <span class='ocrx_word' id='word_1_261' title='bbox 2049 1965 2142 2019; x_wconf 74' lang='grc' dir='ltr'><strong>καὶ</strong></span> <span class='ocrx_word' id='word_1_262' title='bbox 2171 1967 2523 2030; x_wconf 84' lang='grc' dir='ltr'>ἀναστάσεως</span> <span class='ocrx_word' id='word_1_263' title='bbox 2553 1965 2797 2034; x_wconf 84' lang='grc' dir='ltr'>ἀγαθοῖς.</span> 
     </span>
    </p>
   </div>
   <div class='ocr_carea' id='block_1_33' title="bbox 639 2073 2147 2148">
    <p class='ocr_par' dir='ltr' id='par_1_33' title="bbox 639 2073 2134 2133">
     <span class='ocr_line' id='line_1_33' title="bbox 639 2073 2134 2133; baseline 0.001 -5"><span class='ocrx_word' id='word_1_264' title='bbox 639 2075 728 2128; x_wconf 74' lang='grc'><strong>26.</strong></span> <span class='ocrx_word' id='word_1_265' title='bbox 763 2073 888 2128; x_wconf 81' lang='lat' dir='ltr'><strong>Fiat</strong></span> <span class='ocrx_word' id='word_1_266' title='bbox 934 2077 1176 2130; x_wconf 76' lang='lat' dir='ltr'><strong>voluntas</strong></span> <span class='ocrx_word' id='word_1_267' title='bbox 1223 2089 1312 2130; x_wconf 84' lang='lat' dir='ltr'><strong>tua</strong></span> <span class='ocrx_word' id='word_1_268' title='bbox 1360 2078 1494 2130; x_wconf 88' lang='lat' dir='ltr'><strong>sicut</strong></span> <span class='ocrx_word' id='word_1_269' title='bbox 1547 2078 1598 2130; x_wconf 84' lang='lat' dir='ltr'><strong>in</strong></span> <span class='ocrx_word' id='word_1_270' title='bbox 1643 2079 1769 2130; x_wconf 72' lang='lat' dir='ltr'><strong>cmlo</strong></span> <span class='ocrx_word' id='word_1_271' title='bbox 1801 2090 1847 2131; x_wconf 87' lang='lat' dir='ltr'><strong>et</strong></span> <span class='ocrx_word' id='word_1_272' title='bbox 1872 2081 1925 2132; x_wconf 81' lang='lat' dir='ltr'><strong>in</strong></span> <span class='ocrx_word' id='word_1_273' title='bbox 1974 2090 2134 2133; x_wconf 85' lang='lat' dir='ltr'><strong>terra.</strong></span> 
     </span>
    </p>
   </div>
   <div class='ocr_carea' id='block_1_34' title="bbox 2255 2073 3822 2148">
    <p class='ocr_par' dir='ltr' id='par_1_34' title="bbox 2313 2077 3822 2148">
     <span class='ocr_line' id='line_1_34' title="bbox 2313 2077 3822 2148; baseline -0.001 -16"><span class='ocrx_word' id='word_1_274' title='bbox 2313 2079 2632 2148; x_wconf 77' lang='grc' dir='ltr'>Γενηθήτω</span> <span class='ocrx_word' id='word_1_275' title='bbox 2671 2078 2736 2132; x_wconf 83' lang='grc' dir='ltr'>τὸ</span> <span class='ocrx_word' id='word_1_276' title='bbox 2769 2077 2998 2146; x_wconf 71' lang='grc' dir='ltr'>θέλημά</span> <span class='ocrx_word' id='word_1_277' title='bbox 3023 2093 3160 2144; x_wconf 86' lang='grc' dir='ltr'>σου,</span> <span class='ocrx_word' id='word_1_278' title='bbox 3191 2080 3272 2144; x_wconf 88' lang='grc' dir='ltr'>ὠς</span> <span class='ocrx_word' id='word_1_279' title='bbox 3294 2079 3364 2130; x_wconf 76' lang='grc' dir='ltr'><strong>ἐν</strong></span> <span class='ocrx_word' id='word_1_280' title='bbox 3388 2077 3691 2144; x_wconf 73' lang='grc' dir='ltr'>οὐρανοῖς,</span> <span class='ocrx_word' id='word_1_281' title='bbox 3734 2079 3822 2131; x_wconf 77' lang='grc' dir='ltr'><strong>καί</strong></span> 
     </span>
    </p>
   </div>
   <div class='ocr_carea' id='block_1_35' title="bbox 571 2169 2142 2242">
    <p class='ocr_par' dir='ltr' id='par_1_35' title="bbox 571 2169 2142 2242">
     <span class='ocr_line' id='line_1_35' title="bbox 571 2169 2142 2242; baseline 0.002 -19"><span class='ocrx_word' id='word_1_282' title='bbox 571 2169 767 2236; x_wconf 86' lang='lat' dir='ltr'><strong>Lucas,</strong></span> <span class='ocrx_word' id='word_1_283' title='bbox 805 2169 889 2224; x_wconf 85' lang='lat' dir='ltr'><strong>his</strong></span> <span class='ocrx_word' id='word_1_284' title='bbox 945 2171 1180 2232; x_wconf 86' lang='lat' dir='ltr'><strong>omissis,</strong></span> <span class='ocrx_word' id='word_1_285' title='bbox 1230 2179 1348 2239; x_wconf 87' lang='lat' dir='ltr'><strong>post</strong></span> <span class='ocrx_word' id='word_1_286' title='bbox 1395 2170 1575 2223; x_wconf 87' lang='lat' dir='ltr'><strong>illud:</strong></span> <span class='ocrx_word' id='word_1_287' title='bbox 1631 2171 1886 2226; x_wconf 72' lang='lat' dir='ltr'><strong>Atlveniat</strong></span> <span class='ocrx_word' id='word_1_288' title='bbox 1927 2189 2142 2242; x_wconf 82' lang='lat' dir='ltr'><strong>regnum</strong></span> 
     </span>
    </p>
   </div>
   <div class='ocr_carea' id='block_1_36' title="bbox 573 2258 2143 2332">
    <p class='ocr_par' dir='ltr' id='par_1_36' title="bbox 573 2258 2143 2332">
     <span class='ocr_line' id='line_1_36' title="bbox 573 2258 2143 2332; baseline 0.003 -20"><span class='ocrx_word' id='word_1_289' title='bbox 573 2272 744 2322; x_wconf 83' lang='lat' dir='ltr'><strong>tumn.</strong></span> <span class='ocrx_word' id='word_1_290' title='bbox 783 2260 964 2328; x_wconf 89' lang='lat' dir='ltr'><strong>posuit</strong></span> <span class='ocrx_word' id='word_1_291' title='bbox 1006 2275 1022 2314; x_wconf 91' lang='lat'><strong>:</strong></span> <span class='ocrx_word' id='word_1_292' title='bbox 1057 2258 1258 2314; x_wconf 83' lang='lat' dir='ltr'><strong>Panem</strong></span> <span class='ocrx_word' id='word_1_293' title='bbox 1305 2271 1538 2316; x_wconf 84' lang='lat' dir='ltr'><strong>nostrum</strong></span> <span class='ocrx_word' id='word_1_294' title='bbox 1591 2264 2143 2332; x_wconf 81' lang='lat' dir='ltr'><strong>supersubstantialem</strong></span> 
     </span>
    </p>
   </div>
   <div class='ocr_carea' id='block_1_37' title="bbox 573 2351 2144 2422">
    <p class='ocr_par' dir='ltr' id='par_1_37' title="bbox 573 2351 2144 2422">
     <span class='ocr_line' id='line_1_37' title="bbox 573 2351 2144 2422; baseline 0.003 -20"><span class='ocrx_word' id='word_1_295' title='bbox 573 2353 644 2402; x_wconf 88' lang='lat' dir='ltr'><strong>da</strong></span> <span class='ocrx_word' id='word_1_296' title='bbox 691 2351 836 2403; x_wconf 83' lang='lat' dir='ltr'><strong>nobis</strong></span> <span class='ocrx_word' id='word_1_297' title='bbox 884 2351 1056 2410; x_wconf 80' lang='lat' dir='ltr'><strong>hodie.</strong></span> <span class='ocrx_word' id='word_1_298' title='bbox 1117 2351 1379 2406; x_wconf 73' lang='lat' dir='ltr'><strong>Prtedicta</strong></span> <span class='ocrx_word' id='word_1_299' title='bbox 1429 2353 1593 2422; x_wconf 81' lang='lat' dir='ltr'><strong>igitur</strong></span> <span class='ocrx_word' id='word_1_300' title='bbox 1629 2353 1792 2406; x_wconf 83' lang='lat' dir='ltr'><strong>verba</strong></span> <span class='ocrx_word' id='word_1_301' title='bbox 1845 2369 1967 2408; x_wconf 90' lang='lat' dir='ltr'><strong>cum</strong></span> <span class='ocrx_word' id='word_1_302' title='bbox 2004 2356 2144 2422; x_wconf 91' lang='lat' dir='ltr'><strong>apud</strong></span> 
     </span>
    </p>
   </div>
   <div class='ocr_carea' id='block_1_38' title="bbox 576 2441 2144 2514">
    <p class='ocr_par' dir='ltr' id='par_1_38' title="bbox 576 2441 2144 2514">
     <span class='ocr_line' id='line_1_38' title="bbox 576 2441 2144 2514; baseline 0.003 -18"><span class='ocrx_word' id='word_1_303' title='bbox 576 2441 750 2496; x_wconf 88' lang='lat' dir='ltr'><strong>solum</strong></span> <span class='ocrx_word' id='word_1_304' title='bbox 783 2441 1092 2496; x_wconf 79' lang='lat' dir='ltr'><strong>Matthaeum</strong></span> <span class='ocrx_word' id='word_1_305' title='bbox 1145 2444 1468 2508; x_wconf 84' lang='lat' dir='ltr'><strong>habeantur,</strong></span> <span class='ocrx_word' id='word_1_306' title='bbox 1522 2455 1923 2514; x_wconf 89' lang='lat' dir='ltr'><strong>consequenter</strong></span> <span class='ocrx_word' id='word_1_307' title='bbox 1971 2447 2036 2500; x_wconf 89' lang='lat' dir='ltr'><strong>ad</strong></span> <span class='ocrx_word' id='word_1_308' title='bbox 2083 2461 2144 2500; x_wconf 90' lang='lat' dir='ltr'><strong>ea</strong></span> 
     </span>
    </p>
   </div>
   <div class='ocr_carea' id='block_1_39' title="bbox 577 2533 2148 2602">
    <p class='ocr_par' dir='ltr' id='par_1_39' title="bbox 577 2533 2148 2602">
     <span class='ocr_line' id='line_1_39' title="bbox 577 2533 2148 2602; baseline 0.003 -19"><span class='ocrx_word' id='word_1_309' title='bbox 577 2548 698 2600; x_wconf 71' lang='lat' dir='ltr'><strong>quae</strong></span> <span class='ocrx_word' id='word_1_310' title='bbox 733 2533 1044 2602; x_wconf 71' lang='lat' dir='ltr'><strong>praecedunt</strong></span> <span class='ocrx_word' id='word_1_311' title='bbox 1079 2533 1466 2601; x_wconf 74' lang='lat' dir='ltr'><strong>expendamus.</strong></span> <span class='ocrx_word' id='word_1_312' title='bbox 1501 2534 1634 2589; x_wconf 90' lang='lat' dir='ltr'><strong>Cum</strong></span> <span class='ocrx_word' id='word_1_313' title='bbox 1662 2537 1840 2590; x_wconf 89' lang='lat' dir='ltr'><strong>adhuc</strong></span> <span class='ocrx_word' id='word_1_314' title='bbox 1871 2551 2148 2590; x_wconf 79' lang='lat' dir='ltr'><strong>versemur</strong></span> 
     </span>
    </p>
   </div>
   <div class='ocr_carea' id='block_1_40' title="bbox 576 2625 2148 2696">
    <p class='ocr_par' dir='ltr' id='par_1_40' title="bbox 576 2625 2148 2696">
     <span class='ocr_line' id='line_1_40' title="bbox 576 2625 2148 2696; baseline 0.002 -18"><span class='ocrx_word' id='word_1_315' title='bbox 576 2625 630 2678; x_wconf 93' lang='lat' dir='ltr'><strong>in</strong></span> <span class='ocrx_word' id='word_1_316' title='bbox 669 2634 808 2678; x_wconf 88' lang='lat' dir='ltr'><strong>terra</strong></span> <span class='ocrx_word' id='word_1_317' title='bbox 841 2640 938 2678; x_wconf 90' lang='lat' dir='ltr'><strong>nos</strong></span> <span class='ocrx_word' id='word_1_318' title='bbox 969 2625 1057 2692; x_wconf 90' lang='lat' dir='ltr'><strong>qui</strong></span> <span class='ocrx_word' id='word_1_319' title='bbox 1098 2639 1339 2691; x_wconf 87' lang='lat' dir='ltr'><strong>oramus,</strong></span> <span class='ocrx_word' id='word_1_320' title='bbox 1385 2626 1856 2696; x_wconf 87' lang='lat' dir='ltr'><strong>iulelligamusque</strong></span> <span class='ocrx_word' id='word_1_321' title='bbox 1907 2627 1960 2680; x_wconf 89' lang='lat' dir='ltr'><strong>in</strong></span> <span class='ocrx_word' id='word_1_322' title='bbox 2009 2628 2148 2682; x_wconf 67' lang='lat' dir='ltr'><strong>eualo</strong></span> 
     </span>
    </p>
   </div>
   <div class='ocr_carea' id='block_1_41' title="bbox 577 2714 2146 2772">
    <p class='ocr_par' dir='ltr' id='par_1_41' title="bbox 577 2714 2146 2772">
     <span class='ocr_line' id='line_1_41' title="bbox 577 2714 2146 2772; baseline 0.004 -6"><span class='ocrx_word' id='word_1_323' title='bbox 577 2714 694 2767; x_wconf 81' lang='lat' dir='ltr'><strong>ﬁeri</strong></span> <span class='ocrx_word' id='word_1_324' title='bbox 731 2715 824 2768; x_wconf 90' lang='lat' dir='ltr'><strong>Dei</strong></span> <span class='ocrx_word' id='word_1_325' title='bbox 859 2714 1191 2769; x_wconf 80' lang='lat' dir='ltr'><strong>voluntatem</strong></span> <span class='ocrx_word' id='word_1_326' title='bbox 1235 2717 1302 2770; x_wconf 90' lang='lat' dir='ltr'><strong>ah</strong></span> <span class='ocrx_word' id='word_1_327' title='bbox 1350 2718 1606 2772; x_wconf 89' lang='lat' dir='ltr'><strong>omnibus</strong></span> <span class='ocrx_word' id='word_1_328' title='bbox 1647 2717 1908 2770; x_wconf 73' lang='lat' dir='ltr'><strong>cmlorum</strong></span> <span class='ocrx_word' id='word_1_329' title='bbox 1957 2720 2146 2772; x_wconf 89' lang='lat' dir='ltr'><strong>dome-</strong></span> 
     </span>
    </p>
   </div>
   <div class='ocr_carea' id='block_1_42' title="bbox 577 2807 2149 2878">
    <p class='ocr_par' dir='ltr' id='par_1_42' title="bbox 577 2807 2149 2878">
     <span class='ocr_line' id='line_1_42' title="bbox 577 2807 2149 2878; baseline 0.003 -19"><span class='ocrx_word' id='word_1_330' title='bbox 577 2807 763 2872; x_wconf 87' lang='lat' dir='ltr'><strong>sticis;</strong></span> <span class='ocrx_word' id='word_1_331' title='bbox 821 2821 1037 2861; x_wconf 89' lang='lat' dir='ltr'><strong>oremus</strong></span> <span class='ocrx_word' id='word_1_332' title='bbox 1071 2823 1098 2859; x_wconf 89' lang='lat' dir='ltr'><strong>a</strong></span> <span class='ocrx_word' id='word_1_333' title='bbox 1137 2809 1292 2862; x_wconf 89' lang='lat' dir='ltr'><strong>nobis</strong></span> <span class='ocrx_word' id='word_1_334' title='bbox 1330 2809 1494 2862; x_wconf 89' lang='lat' dir='ltr'><strong>etiam</strong></span> <span class='ocrx_word' id='word_1_335' title='bbox 1524 2811 1615 2878; x_wconf 89' lang='lat' dir='ltr'><strong>qui</strong></span> <span class='ocrx_word' id='word_1_336' title='bbox 1661 2811 1714 2864; x_wconf 92' lang='lat' dir='ltr'><strong>in</strong></span> <span class='ocrx_word' id='word_1_337' title='bbox 1751 2807 1894 2864; x_wconf 73' lang='lat' dir='ltr'><strong>terra</strong></span> <span class='ocrx_word' id='word_1_338' title='bbox 1939 2827 2149 2876; x_wconf 89' lang='lat' dir='ltr'><strong>sumus,</strong></span> 
     </span>
    </p>
   </div>
   <div class='ocr_carea' id='block_1_43' title="bbox 579 2895 2147 2968">
    <p class='ocr_par' dir='ltr' id='par_1_43' title="bbox 579 2895 2147 2968">
     <span class='ocr_line' id='line_1_43' title="bbox 579 2895 2147 2968; baseline 0.003 -20"><span class='ocrx_word' id='word_1_339' title='bbox 579 2895 632 2948; x_wconf 89' lang='lat' dir='ltr'><strong>in</strong></span> <span class='ocrx_word' id='word_1_340' title='bbox 661 2897 914 2952; x_wconf 89' lang='lat' dir='ltr'><strong>omnibus</strong></span> <span class='ocrx_word' id='word_1_341' title='bbox 967 2896 1083 2951; x_wconf 85' lang='lat' dir='ltr'><strong>ﬁeri</strong></span> <span class='ocrx_word' id='word_1_342' title='bbox 1118 2898 1452 2952; x_wconf 79' lang='lat' dir='ltr'><strong>voluntatem</strong></span> <span class='ocrx_word' id='word_1_343' title='bbox 1487 2900 1612 2964; x_wconf 93' lang='lat' dir='ltr'><strong>Dei;</strong></span> <span class='ocrx_word' id='word_1_344' title='bbox 1667 2904 1808 2968; x_wconf 90' lang='lat' dir='ltr'><strong>quod</strong></span> <span class='ocrx_word' id='word_1_345' title='bbox 1839 2900 2071 2962; x_wconf 86' lang='lat' dir='ltr'><strong>accidet,</strong></span> <span class='ocrx_word' id='word_1_346' title='bbox 2103 2901 2147 2954; x_wconf 81' lang='lat' dir='ltr'><strong>si</strong></span> 
     </span>
    </p>
   </div>
   <div class='ocr_carea' id='block_1_44' title="bbox 576 2991 2150 3062">
    <p class='ocr_par' dir='ltr' id='par_1_44' title="bbox 576 2991 2150 3062">
     <span class='ocr_line' id='line_1_44' title="bbox 576 2991 2150 3062; baseline 0.002 -19"><span class='ocrx_word' id='word_1_347' title='bbox 576 2991 714 3044; x_wconf 81' lang='lat' dir='ltr'><strong>nihil</strong></span> <span class='ocrx_word' id='word_1_348' title='bbox 747 3002 944 3058; x_wconf 84' lang='lat' dir='ltr'><strong>praeter</strong></span> <span class='ocrx_word' id='word_1_349' title='bbox 977 2991 1148 3060; x_wconf 88' lang='lat' dir='ltr'><strong>ipsius</strong></span> <span class='ocrx_word' id='word_1_350' title='bbox 1195 3007 1418 3062; x_wconf 81' lang='lat' dir='ltr'><strong>agamus</strong></span> <span class='ocrx_word' id='word_1_351' title='bbox 1455 2992 1810 3048; x_wconf 84' lang='lat' dir='ltr'><strong>voluntatem.</strong></span> <span class='ocrx_word' id='word_1_352' title='bbox 1865 2993 1999 3048; x_wconf 87' lang='lat' dir='ltr'><strong>Cum</strong></span> <span class='ocrx_word' id='word_1_353' title='bbox 2051 3011 2150 3046; x_wconf 88' lang='lat' dir='ltr'><strong>au-</strong></span> 
     </span>
    </p>
   </div>
   <div class='ocr_carea' id='block_1_45' title="bbox 578 3083 2151 3148">
    <p class='ocr_par' dir='ltr' id='par_1_45' title="bbox 578 3083 2151 3148">
     <span class='ocr_line' id='line_1_45' title="bbox 578 3083 2151 3148; baseline 0.001 -12"><span class='ocrx_word' id='word_1_354' title='bbox 578 3094 687 3137; x_wconf 88' lang='lat' dir='ltr'><strong>tem</strong></span> <span class='ocrx_word' id='word_1_355' title='bbox 725 3083 870 3138; x_wconf 90' lang='lat' dir='ltr'><strong>sicut</strong></span> <span class='ocrx_word' id='word_1_356' title='bbox 895 3083 945 3136; x_wconf 92' lang='lat' dir='ltr'><strong>in</strong></span> <span class='ocrx_word' id='word_1_357' title='bbox 971 3083 1111 3138; x_wconf 67' lang='lat' dir='ltr'><strong>coelo</strong></span> <span class='ocrx_word' id='word_1_358' title='bbox 1141 3083 1232 3136; x_wconf 87' lang='lat' dir='ltr'><strong>Dei</strong></span> <span class='ocrx_word' id='word_1_359' title='bbox 1267 3083 1515 3136; x_wconf 82' lang='lat' dir='ltr'><strong>voluntas</strong></span> <span class='ocrx_word' id='word_1_360' title='bbox 1547 3091 1649 3148; x_wconf 85' lang='lat' dir='ltr'><strong>est,</strong></span> <span class='ocrx_word' id='word_1_361' title='bbox 1690 3085 1768 3138; x_wconf 90' lang='lat' dir='ltr'><strong>sic</strong></span> <span class='ocrx_word' id='word_1_362' title='bbox 1803 3087 1968 3139; x_wconf 89' lang='lat' dir='ltr'><strong>etiam</strong></span> <span class='ocrx_word' id='word_1_363' title='bbox 2000 3100 2028 3138; x_wconf 87' lang='lat' dir='ltr'><strong>a</strong></span> <span class='ocrx_word' id='word_1_364' title='bbox 2055 3099 2151 3139; x_wconf 90' lang='lat' dir='ltr'><strong>no-</strong></span> 
     </span>
    </p>
   </div>
   <div class='ocr_carea' id='block_1_46' title="bbox 583 3175 2149 3245">
    <p class='ocr_par' dir='ltr' id='par_1_46' title="bbox 583 3175 2149 3245">
     <span class='ocr_line' id='line_1_46' title="bbox 583 3175 2149 3245; baseline -0.003 -13"><span class='ocrx_word' id='word_1_365' title='bbox 583 3179 666 3232; x_wconf 91' lang='lat' dir='ltr'><strong>bis</strong></span> <span class='ocrx_word' id='word_1_366' title='bbox 697 3178 984 3245; x_wconf 84' lang='lat' dir='ltr'><strong>adimpleta</strong></span> <span class='ocrx_word' id='word_1_367' title='bbox 1014 3175 1176 3230; x_wconf 81' lang='lat' dir='ltr'><strong>fuerit</strong></span> <span class='ocrx_word' id='word_1_368' title='bbox 1216 3175 1268 3228; x_wconf 89' lang='lat' dir='ltr'><strong>in</strong></span> <span class='ocrx_word' id='word_1_369' title='bbox 1306 3184 1475 3242; x_wconf 79' lang='lat' dir='ltr'><strong>terra;</strong></span> <span class='ocrx_word' id='word_1_370' title='bbox 1508 3183 1636 3230; x_wconf 88' lang='lat' dir='ltr'><strong>tunc</strong></span> <span class='ocrx_word' id='word_1_371' title='bbox 1678 3176 1884 3231; x_wconf 87' lang='lat' dir='ltr'><strong>similes</strong></span> <span class='ocrx_word' id='word_1_372' title='bbox 1914 3176 2149 3230; x_wconf 67' lang='lat' dir='ltr'><strong>emicui-</strong></span> 
     </span>
    </p>
   </div>
   <div class='ocr_carea' id='block_1_47' title="bbox 578 3267 2153 3339">
    <p class='ocr_par' dir='ltr' id='par_1_47' title="bbox 578 3267 2153 3339">
     <span class='ocr_line' id='line_1_47' title="bbox 578 3267 2153 3339; baseline -0.002 -15"><span class='ocrx_word' id='word_1_373' title='bbox 578 3275 702 3334; x_wconf 86' lang='lat' dir='ltr'><strong>bus,</strong></span> <span class='ocrx_word' id='word_1_374' title='bbox 737 3279 940 3338; x_wconf 85' lang='lat' dir='ltr'><strong>nempe&#39;</strong></span> <span class='ocrx_word' id='word_1_375' title='bbox 960 3277 1239 3337; x_wconf 88' lang='lat' dir='ltr'><strong>portantes</strong></span> <span class='ocrx_word' id='word_1_376' title='bbox 1267 3281 1420 3336; x_wconf 78' lang='lat' dir='ltr'><strong>aeque</strong></span> <span class='ocrx_word' id='word_1_377' title='bbox 1452 3282 1514 3321; x_wconf 89' lang='lat' dir='ltr'><strong>ac</strong></span> <span class='ocrx_word' id='word_1_378' title='bbox 1547 3267 1619 3320; x_wconf 89' lang='lat' dir='ltr'><strong>illi</strong></span> <span class='ocrx_word' id='word_1_379' title='bbox 1663 3269 1946 3339; x_wconf 82' lang='lat' dir='ltr'><strong>imaginem</strong></span> <span class='ocrx_word' id='word_1_380' title='bbox 1983 3269 2153 3323; x_wconf 71' lang='lat' dir='ltr'><strong>Cade-</strong></span> 
     </span>
    </p>
   </div>
   <div class='ocr_carea' id='block_1_48' title="bbox 581 3359 2151 3429">
    <p class='ocr_par' dir='ltr' id='par_1_48' title="bbox 581 3359 2151 3429">
     <span class='ocr_line' id='line_1_48' title="bbox 581 3359 2151 3429; baseline -0.002 -14"><span class='ocrx_word' id='word_1_381' title='bbox 581 3363 703 3424; x_wconf 82' lang='lat' dir='ltr'><strong>stis,</strong></span> <span class='ocrx_word' id='word_1_382' title='bbox 753 3361 996 3415; x_wconf 58' lang='lat' dir='ltr'><strong>ha&#39;redes</strong></span> <span class='ocrx_word' id='word_1_383' title='bbox 1047 3361 1252 3414; x_wconf 87' lang='lat' dir='ltr'><strong>erimus</strong></span> <span class='ocrx_word' id='word_1_384' title='bbox 1307 3359 1454 3428; x_wconf 85' lang='lat' dir='ltr'><strong>regni</strong></span> <span class='ocrx_word' id='word_1_385' title='bbox 1486 3359 1770 3426; x_wconf 64' lang='lat' dir='ltr'><strong>caelorum,</strong></span> <span class='ocrx_word' id='word_1_386' title='bbox 1811 3361 2151 3429; x_wconf 77' lang='lat' dir='ltr'><strong>orabantque</strong></span> 
     </span>
    </p>
   </div>
   <div class='ocr_carea' id='block_1_49' title="bbox 2249 2169 3826 2242">
    <p class='ocr_par' dir='ltr' id='par_1_49' title="bbox 2249 2169 3826 2242">
     <span class='ocr_line' id='line_1_49' title="bbox 2249 2169 3826 2242; baseline -0.001 -18"><span class='ocrx_word' id='word_1_387' title='bbox 2249 2171 2344 2224; x_wconf 77' lang='grc' dir='ltr'><strong><em>ἐπὶ</em></strong></span> <span class='ocrx_word' id='word_1_388' title='bbox 2368 2171 2480 2240; x_wconf 77' lang='grc' dir='ltr'>γῆς</span> <span class='ocrx_word' id='word_1_389' title='bbox 2510 2171 2638 2242; x_wconf 82' lang='lat'><strong>(76).</strong></span> <span class='ocrx_word' id='word_1_390' title='bbox 2679 2171 2738 2222; x_wconf 81' lang='grc' dir='ltr'>Ὀ</span> <span class='ocrx_word' id='word_1_391' title='bbox 2763 2171 2976 2232; x_wconf 76' lang='grc' dir='ltr'>Λουκᾶς</span> <span class='ocrx_word' id='word_1_392' title='bbox 3012 2169 3150 2240; x_wconf 80' lang='grc' dir='ltr'>μετὰ</span> <span class='ocrx_word' id='word_1_393' title='bbox 3181 2171 3240 2222; x_wconf 88' lang='grc' dir='ltr'><strong>τό</strong></span> <span class='ocrx_word' id='word_1_394' title='bbox 3259 2187 3272 2200; x_wconf 89' lang='grc'><strong>·</strong></span> <span class='ocrx_word' id='word_1_395' title='bbox 3318 2169 3566 2223; x_wconf 71' lang='grc' dir='ltr'>Ὲλθέτω</span> <span class='ocrx_word' id='word_1_396' title='bbox 3595 2170 3634 2236; x_wconf 78' lang='grc' dir='ltr'>ἡ</span> <span class='ocrx_word' id='word_1_397' title='bbox 3655 2170 3826 2232; x_wconf 77' lang='grc' dir='ltr'>,ϐασι-</span> 
     </span>
    </p>
   </div>
   <div class='ocr_carea' id='block_1_50' title="bbox 2248 2257 3826 2331">
    <p class='ocr_par' dir='ltr' id='par_1_50' title="bbox 2248 2257 3826 2331">
     <span class='ocr_line' id='line_1_50' title="bbox 2248 2257 3826 2331; baseline -0.004 -15"><span class='ocrx_word' id='word_1_398' title='bbox 2248 2263 2380 2316; x_wconf 71' lang='grc' dir='ltr'>λεία</span> <span class='ocrx_word' id='word_1_399' title='bbox 2413 2277 2549 2324; x_wconf 69' lang='grc' dir='ltr'>σου,</span> <span class='ocrx_word' id='word_1_400' title='bbox 2581 2259 2752 2314; x_wconf 86' lang='grc' dir='ltr'>ταῦτα</span> <span class='ocrx_word' id='word_1_401' title='bbox 2783 2261 3235 2331; x_wconf 85' lang='grc' dir='ltr'>παρασιωπήσας,</span> <span class='ocrx_word' id='word_1_402' title='bbox 3269 2258 3424 2323; x_wconf 73' lang='grc' dir='ltr'>ἔταξε</span> <span class='ocrx_word' id='word_1_403' title='bbox 3451 2275 3464 2288; x_wconf 89' lang='grc'><strong>·</strong></span> <span class='ocrx_word' id='word_1_404' title='bbox 3505 2257 3618 2311; x_wconf 76' lang='grc' dir='ltr'><strong>Τὸν</strong></span> <span class='ocrx_word' id='word_1_405' title='bbox 3653 2257 3826 2325; x_wconf 76' lang='grc' dir='ltr'>ἄρτον</span> 
     </span>
    </p>
   </div>
   <div class='ocr_carea' id='block_1_51' title="bbox 2250 2348 3822 2422">
    <p class='ocr_par' dir='ltr' id='par_1_51' title="bbox 2250 2348 3822 2422">
     <span class='ocr_line' id='line_1_51' title="bbox 2250 2348 3822 2422; baseline -0.003 -15"><span class='ocrx_word' id='word_1_406' title='bbox 2250 2352 2418 2422; x_wconf 69' lang='grc' dir='ltr'>ἡμῶν</span> <span class='ocrx_word' id='word_1_407' title='bbox 2463 2353 2571 2405; x_wconf 66' lang='grc' dir='ltr'><strong>τὸν</strong></span> <span class='ocrx_word' id='word_1_408' title='bbox 2617 2353 2930 2404; x_wconf 75' lang='grc' dir='ltr'>ἐπιούσιον</span> <span class='ocrx_word' id='word_1_409' title='bbox 2984 2350 3155 2404; x_wconf 79' lang='grc' dir='ltr'>δίδου</span> <span class='ocrx_word' id='word_1_410' title='bbox 3207 2350 3352 2420; x_wconf 77' lang='grc' dir='ltr'><strong>ἡμῖν</strong></span> <span class='ocrx_word' id='word_1_411' title='bbox 3405 2352 3536 2402; x_wconf 72' lang='grc' dir='ltr'>καθ’</span> <span class='ocrx_word' id='word_1_412' title='bbox 3583 2348 3822 2418; x_wconf 69' lang='grc' dir='ltr'>ἡμέραν.</span> 
     </span>
    </p>
   </div>
   <div class='ocr_carea' id='block_1_52' title="bbox 2251 2440 3829 2518">
    <p class='ocr_par' dir='ltr' id='par_1_52' title="bbox 2251 2440 3829 2518">
     <span class='ocr_line' id='line_1_52' title="bbox 2251 2440 3829 2518; baseline -0.005 -18"><span class='ocrx_word' id='word_1_413' title='bbox 2251 2449 2446 2518; x_wconf 82' lang='grc' dir='ltr'>Διόπερ</span> <span class='ocrx_word' id='word_1_414' title='bbox 2481 2445 2546 2508; x_wconf 77' lang='grc' dir='ltr'>ἃς</span> <span class='ocrx_word' id='word_1_415' title='bbox 2594 2445 2972 2516; x_wconf 79' lang='grc' dir='ltr'>προετάξαμεν</span> <span class='ocrx_word' id='word_1_416' title='bbox 3013 2443 3204 2509; x_wconf 80' lang='grc' dir='ltr'>λέξεις,</span> <span class='ocrx_word' id='word_1_417' title='bbox 3249 2443 3324 2504; x_wconf 80' lang='grc' dir='ltr'>ὡς</span> <span class='ocrx_word' id='word_1_418' title='bbox 3373 2441 3526 2512; x_wconf 75' lang='grc' dir='ltr'>παρὰ</span> <span class='ocrx_word' id='word_1_419' title='bbox 3579 2441 3722 2512; x_wconf 82' lang='grc' dir='ltr'>μόνῳ</span> <span class='ocrx_word' id='word_1_420' title='bbox 3757 2440 3829 2510; x_wconf 84' lang='grc' dir='ltr'><strong>τῷ</strong></span> 
     </span>
    </p>
   </div>
   <div class='ocr_carea' id='block_1_53' title="bbox 2251 2532 3826 2606">
    <p class='ocr_par' dir='ltr' id='par_1_53' title="bbox 2251 2532 3826 2606">
     <span class='ocr_line' id='line_1_53' title="bbox 2251 2532 3826 2606; baseline -0.006 -14"><span class='ocrx_word' id='word_1_421' title='bbox 2251 2536 2514 2605; x_wconf 79' lang='grc' dir='ltr'>Ματθαίῳ</span> <span class='ocrx_word' id='word_1_422' title='bbox 2542 2536 2820 2606; x_wconf 81' lang='grc' dir='ltr'>κειμένας,</span> <span class='ocrx_word' id='word_1_423' title='bbox 2851 2535 3192 2604; x_wconf 77' lang='grc' dir='ltr'>ἐξετάσωμεν</span> <span class='ocrx_word' id='word_1_424' title='bbox 3231 2533 3543 2596; x_wconf 74' lang='grc' dir='ltr'>ἀκολούθως</span> <span class='ocrx_word' id='word_1_425' title='bbox 3589 2535 3702 2595; x_wconf 86' lang='grc' dir='ltr'>τοῖς</span> <span class='ocrx_word' id='word_1_426' title='bbox 3729 2532 3826 2602; x_wconf 80' lang='grc' dir='ltr'><strong>πρὸ</strong></span> 
     </span>
    </p>
   </div>
   <div class='ocr_carea' id='block_1_54' title="bbox 2251 2625 3828 2696">
    <p class='ocr_par' dir='ltr' id='par_1_54' title="bbox 2251 2625 3828 2696">
     <span class='ocr_line' id='line_1_54' title="bbox 2251 2625 3828 2696; baseline -0.004 -14"><span class='ocrx_word' id='word_1_427' title='bbox 2251 2630 2473 2682; x_wconf 79' lang='grc' dir='ltr'>τούτων.</span> <span class='ocrx_word' id='word_1_428' title='bbox 2510 2629 2628 2680; x_wconf 88' lang='grc' dir='ltr'>Ἔτι</span> <span class='ocrx_word' id='word_1_429' title='bbox 2661 2627 2812 2690; x_wconf 76' lang='grc' dir='ltr'>ὄντες</span> <span class='ocrx_word' id='word_1_430' title='bbox 2841 2627 2932 2679; x_wconf 75' lang='grc' dir='ltr'><strong>ἐπὶ</strong></span> <span class='ocrx_word' id='word_1_431' title='bbox 2953 2627 3055 2696; x_wconf 79' lang='grc' dir='ltr'>γῆς</span> <span class='ocrx_word' id='word_1_432' title='bbox 3087 2629 3134 2678; x_wconf 81' lang='grc' dir='ltr'>οἱ</span> <span class='ocrx_word' id='word_1_433' title='bbox 3161 2626 3465 2696; x_wconf 75' lang='grc' dir='ltr'>εὐχόμενοι,</span> <span class='ocrx_word' id='word_1_434' title='bbox 3503 2625 3750 2687; x_wconf 74' lang='grc' dir='ltr'>νοοῦντες</span> <span class='ocrx_word' id='word_1_435' title='bbox 3777 2626 3828 2677; x_wconf 82' lang='grc' dir='ltr'>ἐν</span> 
     </span>
    </p>
   </div>
   <div class='ocr_carea' id='block_1_55' title="bbox 2251 2716 3828 2792">
    <p class='ocr_par' dir='ltr' id='par_1_55' title="bbox 2251 2716 3828 2792">
     <span class='ocr_line' id='line_1_55' title="bbox 2251 2716 3828 2792; baseline -0.004 -18"><span class='ocrx_word' id='word_1_436' title='bbox 2251 2721 2466 2792; x_wconf 78' lang='grc' dir='ltr'>οὐρανῷ</span> <span class='ocrx_word' id='word_1_437' title='bbox 2511 2720 2791 2788; x_wconf 85' lang='grc' dir='ltr'>γεγονέναι</span> <span class='ocrx_word' id='word_1_438' title='bbox 2830 2719 2892 2772; x_wconf 85' lang='grc' dir='ltr'><strong>τὸ</strong></span> <span class='ocrx_word' id='word_1_439' title='bbox 2941 2719 3151 2788; x_wconf 76' lang='grc' dir='ltr'>θέλημα</span> <span class='ocrx_word' id='word_1_440' title='bbox 3183 2717 3276 2770; x_wconf 87' lang='grc' dir='ltr'><strong>τοῦ</strong></span> <span class='ocrx_word' id='word_1_441' title='bbox 3321 2716 3456 2770; x_wconf 84' lang='grc' dir='ltr'>Θεοῦ</span> <span class='ocrx_word' id='word_1_442' title='bbox 3497 2716 3652 2788; x_wconf 75' lang='grc' dir='ltr'>παρὰ</span> <span class='ocrx_word' id='word_1_443' title='bbox 3703 2719 3828 2769; x_wconf 78' lang='grc' dir='ltr'>πᾶσι</span> 
     </span>
    </p>
   </div>
   <div class='ocr_carea' id='block_1_56' title="bbox 2253 2807 3832 2882">
    <p class='ocr_par' dir='ltr' id='par_1_56' title="bbox 2253 2807 3832 2882">
     <span class='ocr_line' id='line_1_56' title="bbox 2253 2807 3832 2882; baseline -0.004 -15"><span class='ocrx_word' id='word_1_444' title='bbox 2253 2817 2366 2877; x_wconf 85' lang='grc' dir='ltr'>τοῖς</span> <span class='ocrx_word' id='word_1_445' title='bbox 2404 2815 2624 2874; x_wconf 74' lang='grc' dir='ltr'>οἰκείοις</span> <span class='ocrx_word' id='word_1_446' title='bbox 2670 2811 2776 2864; x_wconf 85' lang='grc' dir='ltr'><strong>τῶν</strong></span> <span class='ocrx_word' id='word_1_447' title='bbox 2805 2809 3070 2882; x_wconf 81' lang='grc' dir='ltr'>οὐρανῶν,</span> <span class='ocrx_word' id='word_1_448' title='bbox 3093 2807 3374 2878; x_wconf 81' lang='grc' dir='ltr'>εὐξώμεθα</span> <span class='ocrx_word' id='word_1_449' title='bbox 3411 2808 3524 2878; x_wconf 86' lang='grc'><strong>(77)</strong></span> <span class='ocrx_word' id='word_1_450' title='bbox 3571 2809 3666 2861; x_wconf 65' lang='grc' dir='ltr'><strong>κα)⁸</strong></span> <span class='ocrx_word' id='word_1_451' title='bbox 3705 2810 3832 2878; x_wconf 82' lang='grc' dir='ltr'>ἡμῖν</span> 
     </span>
    </p>
   </div>
   <div class='ocr_carea' id='block_1_57' title="bbox 2255 2899 3830 2974">
    <p class='ocr_par' dir='ltr' id='par_1_57' title="bbox 2255 2899 3830 2974">
     <span class='ocr_line' id='line_1_57' title="bbox 2255 2899 3830 2974; baseline -0.006 -13"><span class='ocrx_word' id='word_1_452' title='bbox 2255 2909 2368 2969; x_wconf 89' lang='grc' dir='ltr'>τοῖς</span> <span class='ocrx_word' id='word_1_453' title='bbox 2411 2905 2501 2958; x_wconf 67' lang='grc' dir='ltr'><strong>ἐπὶ</strong></span> <span class='ocrx_word' id='word_1_454' title='bbox 2532 2905 2634 2974; x_wconf 80' lang='grc' dir='ltr'>γῆς</span> <span class='ocrx_word' id='word_1_455' title='bbox 2683 2903 2880 2974; x_wconf 79' lang='grc' dir='ltr'>ὁμοίως</span> <span class='ocrx_word' id='word_1_456' title='bbox 2923 2903 3170 2966; x_wconf 79' lang='grc' dir='ltr'>ἐκείνοις,</span> <span class='ocrx_word' id='word_1_457' title='bbox 3203 2901 3342 2954; x_wconf 75' lang='grc' dir='ltr'>κατὰ</span> <span class='ocrx_word' id='word_1_458' title='bbox 3373 2901 3552 2954; x_wconf 84' lang='grc' dir='ltr'>πάντα</span> <span class='ocrx_word' id='word_1_459' title='bbox 3585 2899 3830 2968; x_wconf 83' lang='grc' dir='ltr'>γενέσθαι</span> 
     </span>
    </p>
   </div>
   <div class='ocr_carea' id='block_1_58' title="bbox 2251 2989 3833 3066">
    <p class='ocr_par' dir='ltr' id='par_1_58' title="bbox 2251 2989 3833 3066">
     <span class='ocr_line' id='line_1_58' title="bbox 2251 2989 3833 3066; baseline -0.004 -17"><span class='ocrx_word' id='word_1_460' title='bbox 2251 2996 2312 3050; x_wconf 84' lang='grc' dir='ltr'><strong>τὸ</strong></span> <span class='ocrx_word' id='word_1_461' title='bbox 2351 2995 2559 3066; x_wconf 86' lang='grc' dir='ltr'>θέλημα</span> <span class='ocrx_word' id='word_1_462' title='bbox 2591 2993 2686 3046; x_wconf 88' lang='grc' dir='ltr'><strong>τοῦ</strong></span> <span class='ocrx_word' id='word_1_463' title='bbox 2714 2992 2846 3044; x_wconf 78' lang='grc' dir='ltr'>θεοῦ</span> <span class='ocrx_word' id='word_1_464' title='bbox 2871 3009 2884 3022; x_wconf 74' lang='grc' dir='ltr'><strong><em>ο</em></strong></span> <span class='ocrx_word' id='word_1_465' title='bbox 2929 2991 3064 3063; x_wconf 85' lang='grc' dir='ltr'>ὅπερ</span> <span class='ocrx_word' id='word_1_466' title='bbox 3115 2991 3453 3062; x_wconf 73' lang='grc' dir='ltr'>συμϐήσεται</span> <span class='ocrx_word' id='word_1_467' title='bbox 3485 2990 3618 3060; x_wconf 84' lang='grc'><strong>(78),</strong></span> <span class='ocrx_word' id='word_1_468' title='bbox 3676 2989 3833 3060; x_wconf 76' lang='grc' dir='ltr'>μηδὲν</span> 
     </span>
    </p>
   </div>
   <div class='ocr_carea' id='block_1_59' title="bbox 2253 3080 3830 3159">
    <p class='ocr_par' dir='ltr' id='par_1_59' title="bbox 2253 3080 3830 3159">
     <span class='ocr_line' id='line_1_59' title="bbox 2253 3080 3830 3159; baseline -0.004 -21"><span class='ocrx_word' id='word_1_469' title='bbox 2253 3087 2410 3159; x_wconf 72' lang='grc' dir='ltr'>ἡμῶν</span> <span class='ocrx_word' id='word_1_470' title='bbox 2439 3085 2591 3157; x_wconf 78' lang='grc' dir='ltr'>παρὰ</span> <span class='ocrx_word' id='word_1_471' title='bbox 2613 3085 2673 3136; x_wconf 88' lang='grc' dir='ltr'><strong>τὸ</strong></span> <span class='ocrx_word' id='word_1_472' title='bbox 2697 3083 2908 3154; x_wconf 84' lang='grc' dir='ltr'>θέλημα</span> <span class='ocrx_word' id='word_1_473' title='bbox 2941 3083 3288 3154; x_wconf 81' lang='grc' dir='ltr'>πραττόντων</span> <span class='ocrx_word' id='word_1_474' title='bbox 3319 3081 3507 3134; x_wconf 89' lang='grc' dir='ltr'>αὐτοῦ.</span> <span class='ocrx_word' id='word_1_475' title='bbox 3567 3080 3735 3133; x_wconf 67' lang='grc' dir='ltr'>Ἐπέιν</span> <span class='ocrx_word' id='word_1_476' title='bbox 3757 3081 3830 3142; x_wconf 79' lang='grc' dir='ltr'>δὲ,</span> 
     </span>
    </p>
   </div>
   <div class='ocr_carea' id='block_1_60' title="bbox 2254 3171 3836 3248">
    <p class='ocr_par' dir='ltr' id='par_1_60' title="bbox 2254 3171 3836 3248">
     <span class='ocr_line' id='line_1_60' title="bbox 2254 3171 3836 3248; baseline -0.006 -15"><span class='ocrx_word' id='word_1_477' title='bbox 2254 3181 2329 3243; x_wconf 86' lang='grc' dir='ltr'><strong>ὡς</strong></span> <span class='ocrx_word' id='word_1_478' title='bbox 2362 3182 2418 3232; x_wconf 84' lang='grc' dir='ltr'>ὲν</span> <span class='ocrx_word' id='word_1_479' title='bbox 2463 3175 2674 3248; x_wconf 84' lang='grc' dir='ltr'>οὐρανῷ</span> <span class='ocrx_word' id='word_1_480' title='bbox 2722 3176 2781 3228; x_wconf 81' lang='grc' dir='ltr'>τὸ</span> <span class='ocrx_word' id='word_1_481' title='bbox 2829 3175 3041 3246; x_wconf 80' lang='grc' dir='ltr'>θέλημά</span> <span class='ocrx_word' id='word_1_482' title='bbox 3083 3175 3196 3226; x_wconf 77' lang='grc' dir='ltr'>ἐστι</span> <span class='ocrx_word' id='word_1_483' title='bbox 3249 3172 3342 3226; x_wconf 87' lang='grc' dir='ltr'><strong>τοῦ</strong></span> <span class='ocrx_word' id='word_1_484' title='bbox 3372 3171 3532 3236; x_wconf 87' lang='grc' dir='ltr'>Θεοῦ,</span> <span class='ocrx_word' id='word_1_485' title='bbox 3571 3173 3665 3226; x_wconf 76' lang='grc' dir='ltr'><strong>καὶ</strong></span> <span class='ocrx_word' id='word_1_486' title='bbox 3708 3173 3836 3242; x_wconf 77' lang='grc' dir='ltr'>ἡμῖν</span> 
     </span>
    </p>
   </div>
   <div class='ocr_carea' id='block_1_61' title="bbox 2253 3264 3838 3339">
    <p class='ocr_par' dir='ltr' id='par_1_61' title="bbox 2253 3264 3838 3339">
     <span class='ocr_line' id='line_1_61' title="bbox 2253 3264 3838 3339; baseline -0.006 -15"><span class='ocrx_word' id='word_1_487' title='bbox 2253 3274 2366 3333; x_wconf 86' lang='grc' dir='ltr'>τοῖς</span> <span class='ocrx_word' id='word_1_488' title='bbox 2393 3269 2483 3321; x_wconf 71' lang='grc' dir='ltr'>ἐπὶ</span> <span class='ocrx_word' id='word_1_489' title='bbox 2531 3269 2633 3338; x_wconf 83' lang='grc' dir='ltr'>γῆς</span> <span class='ocrx_word' id='word_1_490' title='bbox 2663 3265 3001 3339; x_wconf 81' lang='grc' dir='ltr'>κατορθωθῇ,</span> <span class='ocrx_word' id='word_1_491' title='bbox 3048 3264 3402 3336; x_wconf 76' lang='grc' dir='ltr'>ὁμοιωθέντες</span> <span class='ocrx_word' id='word_1_492' title='bbox 3435 3269 3552 3328; x_wconf 88' lang='grc' dir='ltr'>τοίς</span> <span class='ocrx_word' id='word_1_493' title='bbox 3593 3267 3648 3318; x_wconf 83' lang='grc' dir='ltr'>ὲν</span> <span class='ocrx_word' id='word_1_494' title='bbox 3675 3265 3838 3333; x_wconf 86' lang='grc' dir='ltr'>οὐρα-</span> 
     </span>
    </p>
   </div>
   <div class='ocr_carea' id='block_1_62' title="bbox 2256 3355 3840 3434">
    <p class='ocr_par' dir='ltr' id='par_1_62' title="bbox 2256 3355 3840 3434">
     <span class='ocr_line' id='line_1_62' title="bbox 2256 3355 3840 3434; baseline -0.006 -18"><span class='ocrx_word' id='word_1_495' title='bbox 2256 3367 2385 3426; x_wconf 87' lang='grc' dir='ltr'>νοῖς,</span> <span class='ocrx_word' id='word_1_496' title='bbox 2429 3363 2522 3415; x_wconf 83' lang='grc' dir='ltr'>ἆτε</span> <span class='ocrx_word' id='word_1_497' title='bbox 2569 3361 2898 3434; x_wconf 82' lang='grc' dir='ltr'>φορέσαντες</span> <span class='ocrx_word' id='word_1_498' title='bbox 2931 3359 3040 3430; x_wconf 81' lang='grc'><strong>(79)</strong></span> <span class='ocrx_word' id='word_1_499' title='bbox 3069 3357 3470 3430; x_wconf 70' lang='grc' dir='ltr'>παραπλησίαις</span> <span class='ocrx_word' id='word_1_500' title='bbox 3495 3357 3724 3419; x_wconf 80' lang='grc' dir='ltr'>ἐκείνοις</span> <span class='ocrx_word' id='word_1_501' title='bbox 3742 3355 3840 3424; x_wconf 70' lang='grc' dir='ltr'><strong>τὴν</strong></span> 
     </span>
    </p>
   </div>
   <div class='ocr_carea' id='block_1_63' title="bbox 581 3449 2147 3526">
    <p class='ocr_par' dir='ltr' id='par_1_63' title="bbox 581 3452 2147 3523">
     <span class='ocr_line' id='line_1_63' title="bbox 581 3452 2147 3523; baseline 0.001 -17"><span class='ocrx_word' id='word_1_502' title='bbox 581 3453 780 3508; x_wconf 90' lang='lat' dir='ltr'><strong>deinde</strong></span> <span class='ocrx_word' id='word_1_503' title='bbox 825 3453 860 3506; x_wconf 88' lang='lat' dir='ltr'><strong>ii</strong></span> <span class='ocrx_word' id='word_1_504' title='bbox 894 3453 982 3522; x_wconf 90' lang='lat' dir='ltr'><strong>qui</strong></span> <span class='ocrx_word' id='word_1_505' title='bbox 1023 3452 1177 3505; x_wconf 87' lang='lat' dir='ltr'><strong>nobis</strong></span> <span class='ocrx_word' id='word_1_506' title='bbox 1226 3454 1276 3504; x_wconf 90' lang='lat' dir='ltr'><strong>in</strong></span> <span class='ocrx_word' id='word_1_507' title='bbox 1316 3461 1456 3504; x_wconf 89' lang='lat' dir='ltr'><strong>terra</strong></span> <span class='ocrx_word' id='word_1_508' title='bbox 1510 3454 1824 3518; x_wconf 86' lang='lat' dir='ltr'><strong>succedent,</strong></span> <span class='ocrx_word' id='word_1_509' title='bbox 1873 3454 2012 3507; x_wconf 75' lang='lat' dir='ltr'><strong>cmlo</strong></span> <span class='ocrx_word' id='word_1_510' title='bbox 2039 3454 2147 3523; x_wconf 85' lang='lat' dir='ltr'><strong>jam</strong></span> 
     </span>
    </p>
   </div>
   <div class='ocr_carea' id='block_1_64' title="bbox 2255 3449 3838 3526">
    <p class='ocr_par' dir='ltr' id='par_1_64' title="bbox 2255 3449 3838 3526">
     <span class='ocr_line' id='line_1_64' title="bbox 2255 3449 3838 3526; baseline -0.006 -16"><span class='ocrx_word' id='word_1_511' title='bbox 2255 3459 2439 3510; x_wconf 81' lang='grc' dir='ltr'>εἰκόνα</span> <span class='ocrx_word' id='word_1_512' title='bbox 2487 3455 2582 3509; x_wconf 87' lang='grc' dir='ltr'><strong>τοῦ</strong></span> <span class='ocrx_word' id='word_1_513' title='bbox 2623 3456 2998 3526; x_wconf 83' lang='grc' dir='ltr'>Ἐπουρανίου,</span> <span class='ocrx_word' id='word_1_514' title='bbox 3031 3451 3303 3523; x_wconf 85' lang='grc' dir='ltr'>βασιλείαν</span> <span class='ocrx_word' id='word_1_515' title='bbox 3353 3449 3601 3522; x_wconf 82' lang='grc' dir='ltr'>οὐρανῶν</span> <span class='ocrx_word' id='word_1_516' title='bbox 3637 3451 3838 3520; x_wconf 76' lang='grc' dir='ltr'>κληρο-</span> 
     </span>
    </p>
   </div>
   <div class='ocr_carea' id='block_1_65' title="bbox 581 3541 2149 3612">
    <p class='ocr_par' dir='ltr' id='par_1_65' title="bbox 581 3541 2149 3612">
     <span class='ocr_line' id='line_1_65' title="bbox 581 3541 2149 3612; baseline -0.002 -14"><span class='ocrx_word' id='word_1_517' title='bbox 581 3545 822 3612; x_wconf 89' lang='lat' dir='ltr'><strong>receptis</strong></span> <span class='ocrx_word' id='word_1_518' title='bbox 855 3541 1011 3596; x_wconf 87' lang='lat' dir='ltr'><strong>nobis</strong></span> <span class='ocrx_word' id='word_1_519' title='bbox 1058 3541 1378 3596; x_wconf 69' lang='lat' dir='ltr'><strong>assimilari.</strong></span> <span class='ocrx_word' id='word_1_520' title='bbox 1429 3542 1612 3596; x_wconf 84' lang='lat' dir='ltr'><strong>Potest</strong></span> <span class='ocrx_word' id='word_1_521' title='bbox 1658 3544 1820 3597; x_wconf 87' lang='lat' dir='ltr'><strong>etiam</strong></span> <span class='ocrx_word' id='word_1_522' title='bbox 1851 3545 2149 3598; x_wconf 89' lang='lat' dir='ltr'><strong>secundum</strong></span> 
     </span>
    </p>
   </div>
   <div class='ocr_carea' id='block_1_66' title="bbox 582 3634 2150 3690">
    <p class='ocr_par' dir='ltr' id='par_1_66' title="bbox 582 3634 2150 3690">
     <span class='ocr_line' id='line_1_66' title="bbox 582 3634 2150 3690; baseline -0.002 0"><span class='ocrx_word' id='word_1_523' title='bbox 582 3637 896 3690; x_wconf 79' lang='lat' dir='ltr'><strong>Matthacum</strong></span> <span class='ocrx_word' id='word_1_524' title='bbox 951 3636 1212 3689; x_wconf 78' lang='lat' dir='ltr'><strong>duntaxat</strong></span> <span class='ocrx_word' id='word_1_525' title='bbox 1267 3636 1394 3690; x_wconf 88' lang='lat' dir='ltr'><strong>illud</strong></span> <span class='ocrx_word' id='word_1_526' title='bbox 1447 3650 1462 3689; x_wconf 90' lang='lat'><strong>:</strong></span> <span class='ocrx_word' id='word_1_527' title='bbox 1509 3634 1660 3690; x_wconf 85' lang='lat' dir='ltr'><strong>Sicut</strong></span> <span class='ocrx_word' id='word_1_528' title='bbox 1721 3636 1776 3688; x_wconf 82' lang='lat' dir='ltr'><strong>in</strong></span> <span class='ocrx_word' id='word_1_529' title='bbox 1819 3636 1946 3689; x_wconf 70' lang='lat' dir='ltr'><strong>caelo</strong></span> <span class='ocrx_word' id='word_1_530' title='bbox 1998 3647 2044 3690; x_wconf 87' lang='lat' dir='ltr'><strong>et</strong></span> <span class='ocrx_word' id='word_1_531' title='bbox 2097 3638 2150 3688; x_wconf 85' lang='lat' dir='ltr'><strong>in</strong></span> 
     </span>
    </p>
   </div>
   <div class='ocr_carea' id='block_1_67' title="bbox 583 3729 2150 3798">
    <p class='ocr_par' dir='ltr' id='par_1_67' title="bbox 583 3729 2150 3798">
     <span class='ocr_line' id='line_1_67' title="bbox 583 3729 2150 3798; baseline -0.003 -12"><span class='ocrx_word' id='word_1_532' title='bbox 583 3743 745 3794; x_wconf 76' lang='lat' dir='ltr'><strong>terra,</strong></span> <span class='ocrx_word' id='word_1_533' title='bbox 795 3740 851 3782; x_wconf 92' lang='lat' dir='ltr'><strong>ut</strong></span> <span class='ocrx_word' id='word_1_534' title='bbox 891 3731 1144 3784; x_wconf 88' lang='lat' dir='ltr'><strong>omnibus</strong></span> <span class='ocrx_word' id='word_1_535' title='bbox 1191 3744 1481 3784; x_wconf 88' lang='lat' dir='ltr'><strong>commune</strong></span> <span class='ocrx_word' id='word_1_536' title='bbox 1523 3730 1730 3798; x_wconf 88' lang='lat' dir='ltr'><strong>accipi;</strong></span> <span class='ocrx_word' id='word_1_537' title='bbox 1783 3739 1841 3784; x_wconf 91' lang='lat' dir='ltr'><strong>ut</strong></span> <span class='ocrx_word' id='word_1_538' title='bbox 1889 3729 2150 3797; x_wconf 82' lang='lat' dir='ltr'><strong>ejusmodi</strong></span> 
     </span>
    </p>
   </div>
   <div class='ocr_carea' id='block_1_68' title="bbox 585 3821 2151 3892">
    <p class='ocr_par' dir='ltr' id='par_1_68' title="bbox 585 3821 2151 3892">
     <span class='ocr_line' id='line_1_68' title="bbox 585 3821 2151 3892; baseline -0.003 -13"><span class='ocrx_word' id='word_1_539' title='bbox 585 3827 656 3880; x_wconf 87' lang='lat' dir='ltr'><strong>sit</strong></span> <span class='ocrx_word' id='word_1_540' title='bbox 721 3823 864 3892; x_wconf 87' lang='lat' dir='ltr'><strong>quod</strong></span> <span class='ocrx_word' id='word_1_541' title='bbox 931 3822 1086 3876; x_wconf 90' lang='lat' dir='ltr'><strong>nobis</strong></span> <span class='ocrx_word' id='word_1_542' title='bbox 1155 3821 1471 3890; x_wconf 65' lang='lat' dir='ltr'><strong>prtecipitur</strong></span> <span class='ocrx_word' id='word_1_543' title='bbox 1539 3821 1591 3875; x_wconf 92' lang='lat' dir='ltr'><strong>in</strong></span> <span class='ocrx_word' id='word_1_544' title='bbox 1655 3823 1901 3877; x_wconf 88' lang='lat' dir='ltr'><strong>oratione</strong></span> <span class='ocrx_word' id='word_1_545' title='bbox 1963 3823 2151 3876; x_wconf 87' lang='lat' dir='ltr'><strong>diecu-</strong></span> 
     </span>
    </p>
   </div>
   <div class='ocr_carea' id='block_1_69' title="bbox 586 3912 2153 3980">
    <p class='ocr_par' dir='ltr' id='par_1_69' title="bbox 586 3912 2153 3980">
     <span class='ocr_line' id='line_1_69' title="bbox 586 3912 2153 3980; baseline -0.003 -10"><span class='ocrx_word' id='word_1_546' title='bbox 586 3917 712 3970; x_wconf 86' lang='lat' dir='ltr'><strong>dum</strong></span> <span class='ocrx_word' id='word_1_547' title='bbox 748 3933 761 3968; x_wconf 87' lang='lat'><strong>:</strong></span> <span class='ocrx_word' id='word_1_548' title='bbox 801 3912 1172 3980; x_wconf 74' lang='lat' dir='ltr'><strong>Sanctiﬁcatur</strong></span> <span class='ocrx_word' id='word_1_549' title='bbox 1199 3927 1382 3964; x_wconf 81' lang='lat' dir='ltr'><strong>nomen</strong></span> <span class='ocrx_word' id='word_1_550' title='bbox 1433 3919 1602 3978; x_wconf 82' lang='lat' dir='ltr'><strong>tuum,</strong></span> <span class='ocrx_word' id='word_1_551' title='bbox 1654 3915 1786 3966; x_wconf 85' lang='lat' dir='ltr'><strong>sicut</strong></span> <span class='ocrx_word' id='word_1_552' title='bbox 1835 3915 1891 3965; x_wconf 86' lang='lat' dir='ltr'><strong>in</strong></span> <span class='ocrx_word' id='word_1_553' title='bbox 1947 3913 2072 3966; x_wconf 75' lang='lat' dir='ltr'><strong>caelo</strong></span> <span class='ocrx_word' id='word_1_554' title='bbox 2105 3925 2153 3966; x_wconf 82' lang='lat' dir='ltr'><strong>et</strong></span> 
     </span>
    </p>
   </div>
   <div class='ocr_carea' id='block_1_70' title="bbox 587 4006 2154 4074">
    <p class='ocr_par' dir='ltr' id='par_1_70' title="bbox 587 4006 2154 4074">
     <span class='ocr_line' id='line_1_70' title="bbox 587 4006 2154 4074; baseline -0.002 -13"><span class='ocrx_word' id='word_1_555' title='bbox 587 4009 642 4061; x_wconf 81' lang='lat' dir='ltr'><strong>in</strong></span> <span class='ocrx_word' id='word_1_556' title='bbox 690 4017 848 4060; x_wconf 77' lang='lat' dir='ltr'><strong>terra.</strong></span> <span class='ocrx_word' id='word_1_557' title='bbox 889 4006 1142 4058; x_wconf 77' lang='lat' dir='ltr'><strong>Adveniet</strong></span> <span class='ocrx_word' id='word_1_558' title='bbox 1187 4021 1405 4074; x_wconf 80' lang='lat' dir='ltr'><strong>regnum</strong></span> <span class='ocrx_word' id='word_1_559' title='bbox 1454 4015 1622 4067; x_wconf 87' lang='lat' dir='ltr'><strong>tuum,</strong></span> <span class='ocrx_word' id='word_1_560' title='bbox 1662 4008 1792 4060; x_wconf 80' lang='lat' dir='ltr'><strong>sicut</strong></span> <span class='ocrx_word' id='word_1_561' title='bbox 1841 4009 1892 4060; x_wconf 85' lang='lat' dir='ltr'><strong>in</strong></span> <span class='ocrx_word' id='word_1_562' title='bbox 1935 4007 2060 4059; x_wconf 75' lang='lat' dir='ltr'><strong>cwlo</strong></span> <span class='ocrx_word' id='word_1_563' title='bbox 2107 4015 2154 4058; x_wconf 86' lang='lat' dir='ltr'><strong>et</strong></span> 
     </span>
    </p>
   </div>
   <div class='ocr_carea' id='block_1_71' title="bbox 583 4096 2154 4160">
    <p class='ocr_par' dir='ltr' id='par_1_71' title="bbox 583 4096 2154 4160">
     <span class='ocr_line' id='line_1_71' title="bbox 583 4096 2154 4160; baseline -0.001 -8"><span class='ocrx_word' id='word_1_564' title='bbox 583 4099 642 4152; x_wconf 79' lang='lat' dir='ltr'><strong>in</strong></span> <span class='ocrx_word' id='word_1_565' title='bbox 687 4110 846 4154; x_wconf 82' lang='lat' dir='ltr'><strong>terra.</strong></span> <span class='ocrx_word' id='word_1_566' title='bbox 925 4097 1046 4150; x_wconf 83' lang='lat' dir='ltr'><strong>Fiat</strong></span> <span class='ocrx_word' id='word_1_567' title='bbox 1095 4096 1332 4150; x_wconf 82' lang='lat' dir='ltr'><strong>voluntas</strong></span> <span class='ocrx_word' id='word_1_568' title='bbox 1385 4106 1476 4150; x_wconf 87' lang='lat' dir='ltr'><strong>tua</strong></span> <span class='ocrx_word' id='word_1_569' title='bbox 1528 4099 1662 4150; x_wconf 84' lang='lat' dir='ltr'><strong>sicut</strong></span> <span class='ocrx_word' id='word_1_570' title='bbox 1723 4099 1776 4150; x_wconf 86' lang='lat' dir='ltr'><strong>in</strong></span> <span class='ocrx_word' id='word_1_571' title='bbox 1829 4097 1952 4160; x_wconf 65' lang='lat' dir='ltr'><strong>uelo</strong></span> <span class='ocrx_word' id='word_1_572' title='bbox 2003 4108 2050 4150; x_wconf 85' lang='lat' dir='ltr'><strong>et</strong></span> <span class='ocrx_word' id='word_1_573' title='bbox 2101 4099 2154 4150; x_wconf 82' lang='lat' dir='ltr'><strong>in</strong></span> 
     </span>
    </p>
   </div>
   <div class='ocr_carea' id='block_1_72' title="bbox 587 4187 2155 4244">
    <p class='ocr_par' dir='ltr' id='par_1_72' title="bbox 587 4187 2155 4244">
     <span class='ocr_line' id='line_1_72' title="bbox 587 4187 2155 4244; baseline -0.003 0"><span class='ocrx_word' id='word_1_574' title='bbox 587 4199 747 4244; x_wconf 84' lang='lat' dir='ltr'><strong>terra.</strong></span> <span class='ocrx_word' id='word_1_575' title='bbox 790 4189 922 4242; x_wconf 75' lang='lat' dir='ltr'><strong>Nam</strong></span> <span class='ocrx_word' id='word_1_576' title='bbox 956 4197 1010 4242; x_wconf 88' lang='lat' dir='ltr'><strong>et</strong></span> <span class='ocrx_word' id='word_1_577' title='bbox 1041 4203 1233 4241; x_wconf 88' lang='lat' dir='ltr'><strong>nomen</strong></span> <span class='ocrx_word' id='word_1_578' title='bbox 1267 4187 1358 4239; x_wconf 88' lang='lat' dir='ltr'><strong>Dei</strong></span> <span class='ocrx_word' id='word_1_579' title='bbox 1411 4188 1810 4241; x_wconf 76' lang='lat' dir='ltr'><strong>sanctificatum</strong></span> <span class='ocrx_word' id='word_1_580' title='bbox 1851 4198 1934 4242; x_wconf 91' lang='lat' dir='ltr'><strong>est</strong></span> <span class='ocrx_word' id='word_1_581' title='bbox 1969 4189 2036 4242; x_wconf 90' lang='lat' dir='ltr'><strong>ab</strong></span> <span class='ocrx_word' id='word_1_582' title='bbox 2091 4189 2155 4240; x_wconf 86' lang='lat' dir='ltr'><strong>iis</strong></span> 
     </span>
    </p>
   </div>
   <div class='ocr_carea' id='block_1_73' title="bbox 583 4279 2156 4352">
    <p class='ocr_par' dir='ltr' id='par_1_73' title="bbox 583 4279 2156 4352">
     <span class='ocr_line' id='line_1_73' title="bbox 583 4279 2156 4352; baseline -0.003 -17"><span class='ocrx_word' id='word_1_583' title='bbox 583 4283 674 4352; x_wconf 88' lang='lat' dir='ltr'><strong>qui</strong></span> <span class='ocrx_word' id='word_1_584' title='bbox 710 4291 840 4336; x_wconf 90' lang='lat' dir='ltr'><strong>sunt</strong></span> <span class='ocrx_word' id='word_1_585' title='bbox 887 4282 941 4333; x_wconf 94' lang='lat' dir='ltr'><strong>in</strong></span> <span class='ocrx_word' id='word_1_586' title='bbox 974 4281 1132 4345; x_wconf 76' lang='lat' dir='ltr'><strong>ccelo,</strong></span> <span class='ocrx_word' id='word_1_587' title='bbox 1183 4287 1238 4334; x_wconf 91' lang='lat' dir='ltr'><strong>et</strong></span> <span class='ocrx_word' id='word_1_588' title='bbox 1269 4279 1492 4332; x_wconf 86' lang='lat' dir='ltr'><strong>advenit</strong></span> <span class='ocrx_word' id='word_1_589' title='bbox 1536 4280 1616 4331; x_wconf 88' lang='lat' dir='ltr'><strong>eis</strong></span> <span class='ocrx_word' id='word_1_590' title='bbox 1667 4294 1890 4348; x_wconf 84' lang='lat' dir='ltr'><strong>regnum</strong></span> <span class='ocrx_word' id='word_1_591' title='bbox 1945 4280 2059 4343; x_wconf 89' lang='lat' dir='ltr'><strong>Dei,</strong></span> <span class='ocrx_word' id='word_1_592' title='bbox 2103 4287 2156 4332; x_wconf 93' lang='lat' dir='ltr'><strong>ct</strong></span> 
     </span>
    </p>
   </div>
   <div class='ocr_carea' id='block_1_74' title="bbox 584 4368 2154 4444">
    <p class='ocr_par' dir='ltr' id='par_1_74' title="bbox 584 4368 2154 4444">
     <span class='ocr_line' id='line_1_74' title="bbox 584 4368 2154 4444; baseline -0.006 -16"><span class='ocrx_word' id='word_1_593' title='bbox 584 4373 740 4444; x_wconf 70' lang='grc'><strong>24],</strong></span> <span class='ocrx_word' id='word_1_594' title='bbox 773 4374 825 4427; x_wconf 91' lang='lat' dir='ltr'><strong>in</strong></span> <span class='ocrx_word' id='word_1_595' title='bbox 857 4373 961 4427; x_wconf 91' lang='lat' dir='ltr'><strong>illis</strong></span> <span class='ocrx_word' id='word_1_596' title='bbox 997 4371 1136 4426; x_wconf 80' lang='lat' dir='ltr'><strong>facta</strong></span> <span class='ocrx_word' id='word_1_597' title='bbox 1164 4379 1248 4424; x_wconf 86' lang='lat' dir='ltr'><strong>est</strong></span> <span class='ocrx_word' id='word_1_598' title='bbox 1277 4371 1368 4424; x_wconf 91' lang='lat' dir='ltr'><strong>Dei</strong></span> <span class='ocrx_word' id='word_1_599' title='bbox 1401 4370 1674 4424; x_wconf 84' lang='lat' dir='ltr'><strong>voluntas.</strong></span> <span class='ocrx_word' id='word_1_600' title='bbox 1713 4368 1788 4421; x_wconf 86' lang='lat' dir='ltr'><strong>Ea</strong></span> <span class='ocrx_word' id='word_1_601' title='bbox 1820 4371 2013 4423; x_wconf 90' lang='lat' dir='ltr'><strong>desunt</strong></span> <span class='ocrx_word' id='word_1_602' title='bbox 2041 4385 2154 4422; x_wconf 86' lang='lat' dir='ltr'><strong>Oltt-</strong></span> 
     </span>
    </p>
   </div>
   <div class='ocr_carea' id='block_1_75' title="bbox 581 4462 2154 4531">
    <p class='ocr_par' dir='ltr' id='par_1_75' title="bbox 581 4462 2154 4531">
     <span class='ocr_line' id='line_1_75' title="bbox 581 4462 2154 4531; baseline -0.004 -9"><span class='ocrx_word' id='word_1_603' title='bbox 581 4467 670 4522; x_wconf 87' lang='lat' dir='ltr'><strong>nia</strong></span> <span class='ocrx_word' id='word_1_604' title='bbox 703 4466 858 4520; x_wconf 88' lang='lat' dir='ltr'><strong>nobis</strong></span> <span class='ocrx_word' id='word_1_605' title='bbox 885 4466 972 4531; x_wconf 85' lang='lat' dir='ltr'><strong>qui</strong></span> <span class='ocrx_word' id='word_1_606' title='bbox 1021 4463 1074 4516; x_wconf 90' lang='lat' dir='ltr'><strong>in</strong></span> <span class='ocrx_word' id='word_1_607' title='bbox 1125 4471 1269 4516; x_wconf 86' lang='lat' dir='ltr'><strong>terra</strong></span> <span class='ocrx_word' id='word_1_608' title='bbox 1313 4477 1532 4526; x_wconf 79' lang='lat' dir='ltr'><strong>sumus,</strong></span> <span class='ocrx_word' id='word_1_609' title='bbox 1577 4462 1766 4516; x_wconf 84' lang='lat' dir='ltr'><strong>adesse</strong></span> <span class='ocrx_word' id='word_1_610' title='bbox 1817 4473 1994 4515; x_wconf 89' lang='lat' dir='ltr'><strong>tamen</strong></span> <span class='ocrx_word' id='word_1_611' title='bbox 2029 4475 2154 4530; x_wconf 84' lang='lat' dir='ltr'><strong>pos-</strong></span> 
     </span>
    </p>
   </div>
   <div class='ocr_carea' id='block_1_76' title="bbox 582 4555 2155 4627">
    <p class='ocr_par' dir='ltr' id='par_1_76' title="bbox 582 4555 2155 4627">
     <span class='ocr_line' id='line_1_76' title="bbox 582 4555 2155 4627; baseline -0.005 -11"><span class='ocrx_word' id='word_1_612' title='bbox 582 4569 729 4627; x_wconf 85' lang='lat' dir='ltr'><strong>sunt,</strong></span> <span class='ocrx_word' id='word_1_613' title='bbox 759 4559 803 4614; x_wconf 89' lang='lat' dir='ltr'><strong>si</strong></span> <span class='ocrx_word' id='word_1_614' title='bbox 837 4573 939 4612; x_wconf 90' lang='lat' dir='ltr'><strong>nos</strong></span> <span class='ocrx_word' id='word_1_615' title='bbox 969 4556 1322 4611; x_wconf 81' lang='lat' dir='ltr'><strong>exhibeamus</strong></span> <span class='ocrx_word' id='word_1_616' title='bbox 1349 4555 1540 4626; x_wconf 88' lang='lat' dir='ltr'><strong>dignos</strong></span> <span class='ocrx_word' id='word_1_617' title='bbox 1573 4555 1662 4624; x_wconf 90' lang='lat' dir='ltr'><strong>qui</strong></span> <span class='ocrx_word' id='word_1_618' title='bbox 1695 4557 1759 4609; x_wconf 90' lang='lat' dir='ltr'><strong>de</strong></span> <span class='ocrx_word' id='word_1_619' title='bbox 1791 4556 1875 4610; x_wconf 81' lang='lat' dir='ltr'><strong>his</strong></span> <span class='ocrx_word' id='word_1_620' title='bbox 1902 4555 2155 4608; x_wconf 87' lang='lat' dir='ltr'><strong>omnibus</strong></span> 
     </span>
    </p>
   </div>
   <div class='ocr_carea' id='block_1_77' title="bbox 579 4647 2150 4716">
    <p class='ocr_par' dir='ltr' id='par_1_77' title="bbox 579 4647 2150 4716">
     <span class='ocr_line' id='line_1_77' title="bbox 579 4647 2150 4716; baseline -0.005 -10"><span class='ocrx_word' id='word_1_621' title='bbox 579 4667 609 4706; x_wconf 91' lang='lat' dir='ltr'><strong>a</strong></span> <span class='ocrx_word' id='word_1_622' title='bbox 643 4651 753 4706; x_wconf 91' lang='lat' dir='ltr'><strong>Deo</strong></span> <span class='ocrx_word' id='word_1_623' title='bbox 787 4650 1166 4705; x_wconf 79' lang='lat' dir='ltr'><strong>exaudiamur.</strong></span> <span class='ocrx_word' id='word_1_624' title='bbox 1215 4648 1432 4713; x_wconf 78' lang='lat' dir='ltr'><strong>Quaeret</strong></span> <span class='ocrx_word' id='word_1_625' title='bbox 1488 4647 1686 4716; x_wconf 81' lang='lat' dir='ltr'><strong>aliquis</strong></span> <span class='ocrx_word' id='word_1_626' title='bbox 1727 4657 1952 4715; x_wconf 87' lang='lat' dir='ltr'><strong>propter</strong></span> <span class='ocrx_word' id='word_1_627' title='bbox 1997 4647 2150 4706; x_wconf 89' lang='lat' dir='ltr'><strong>illud,</strong></span> 
     </span>
    </p>
   </div>
   <div class='ocr_carea' id='block_1_78' title="bbox 579 4738 2153 4810">
    <p class='ocr_par' dir='ltr' id='par_1_78' title="bbox 579 4738 2153 4810">
     <span class='ocr_line' id='line_1_78' title="bbox 579 4738 2153 4810; baseline -0.001 -16"><span class='ocrx_word' id='word_1_628' title='bbox 579 4743 672 4810; x_wconf 82' lang='lat' dir='ltr'><strong>ﬁat</strong></span> <span class='ocrx_word' id='word_1_629' title='bbox 701 4744 948 4795; x_wconf 74' lang='lat' dir='ltr'><strong>voluntas</strong></span> <span class='ocrx_word' id='word_1_630' title='bbox 978 4749 1070 4792; x_wconf 86' lang='lat' dir='ltr'><strong>tua</strong></span> <span class='ocrx_word' id='word_1_631' title='bbox 1095 4740 1228 4792; x_wconf 85' lang='lat' dir='ltr'><strong>sicut</strong></span> <span class='ocrx_word' id='word_1_632' title='bbox 1257 4740 1310 4792; x_wconf 86' lang='lat' dir='ltr'><strong>in</strong></span> <span class='ocrx_word' id='word_1_633' title='bbox 1337 4738 1462 4790; x_wconf 83' lang='lat' dir='ltr'><strong>coelo</strong></span> <span class='ocrx_word' id='word_1_634' title='bbox 1489 4749 1536 4792; x_wconf 88' lang='lat' dir='ltr'><strong>et</strong></span> <span class='ocrx_word' id='word_1_635' title='bbox 1579 4741 1632 4792; x_wconf 84' lang='lat' dir='ltr'><strong>iu</strong></span> <span class='ocrx_word' id='word_1_636' title='bbox 1678 4749 1840 4803; x_wconf 84' lang='lat' dir='ltr'><strong>terra,</strong></span> <span class='ocrx_word' id='word_1_637' title='bbox 1883 4741 2153 4806; x_wconf 89' lang='lat' dir='ltr'><strong>quomodo</strong></span> 
     </span>
    </p>
   </div>
   <div class='ocr_carea' id='block_1_79' title="bbox 579 4830 2154 4899">
    <p class='ocr_par' dir='ltr' id='par_1_79' title="bbox 579 4830 2154 4899">
     <span class='ocr_line' id='line_1_79' title="bbox 579 4830 2154 4899; baseline -0.001 -15"><span class='ocrx_word' id='word_1_638' title='bbox 579 4831 830 4886; x_wconf 81' lang='lat' dir='ltr'><strong>voluntas</strong></span> <span class='ocrx_word' id='word_1_639' title='bbox 860 4832 953 4886; x_wconf 86' lang='lat' dir='ltr'><strong>Dei</strong></span> <span class='ocrx_word' id='word_1_640' title='bbox 986 4831 1078 4885; x_wconf 76' lang='lat' dir='ltr'><strong>fiat</strong></span> <span class='ocrx_word' id='word_1_641' title='bbox 1111 4832 1165 4883; x_wconf 89' lang='lat' dir='ltr'><strong>iu</strong></span> <span class='ocrx_word' id='word_1_642' title='bbox 1197 4830 1353 4891; x_wconf 73' lang='lat' dir='ltr'><strong>cmlo,</strong></span> <span class='ocrx_word' id='word_1_643' title='bbox 1381 4831 1470 4886; x_wconf 92' lang='lat' dir='ltr'><strong>uhi</strong></span> <span class='ocrx_word' id='word_1_644' title='bbox 1502 4842 1628 4884; x_wconf 89' lang='lat' dir='ltr'><strong>sunt</strong></span> <span class='ocrx_word' id='word_1_645' title='bbox 1655 4831 1955 4895; x_wconf 83' lang='lat' dir='ltr'><strong>spiritualia</strong></span> <span class='ocrx_word' id='word_1_646' title='bbox 1981 4831 2154 4899; x_wconf 83' lang='lat' dir='ltr'><strong>nequi-</strong></span> 
     </span>
    </p>
   </div>
   <div class='ocr_carea' id='block_1_80' title="bbox 581 4921 2150 4992">
    <p class='ocr_par' dir='ltr' id='par_1_80' title="bbox 581 4921 2150 4992">
     <span class='ocr_line' id='line_1_80' title="bbox 581 4921 2150 4992; baseline -0.001 -16"><span class='ocrx_word' id='word_1_647' title='bbox 581 4925 668 4976; x_wconf 70' lang='lat' dir='ltr'><strong>tia:</strong></span> <span class='ocrx_word' id='word_1_648' title='bbox 691 4937 783 4991; x_wconf 87' lang='lat' dir='ltr'><strong>per</strong></span> <span class='ocrx_word' id='word_1_649' title='bbox 805 4939 924 4992; x_wconf 81' lang='lat' dir='ltr'><strong>qua:</strong></span> <span class='ocrx_word' id='word_1_650' title='bbox 951 4923 1294 4975; x_wconf 82' lang='lat' dir='ltr'><strong>inebriubitur</strong></span> <span class='ocrx_word' id='word_1_651' title='bbox 1319 4924 1522 4992; x_wconf 77' lang='lat' dir='ltr'><strong>gladius</strong></span> <span class='ocrx_word' id='word_1_652' title='bbox 1548 4924 1642 4976; x_wconf 85' lang='lat' dir='ltr'><strong>Dei</strong></span> <span class='ocrx_word' id='word_1_653' title='bbox 1666 4924 1828 4976; x_wconf 87' lang='lat' dir='ltr'><strong>etiam</strong></span> <span class='ocrx_word' id='word_1_654' title='bbox 1855 4924 1908 4975; x_wconf 84' lang='lat' dir='ltr'><strong>in</strong></span> <span class='ocrx_word' id='word_1_655' title='bbox 1935 4922 2062 4974; x_wconf 68' lang='lat' dir='ltr'><strong>calo</strong></span> <span class='ocrx_word' id='word_1_656' title='bbox 2085 4921 2150 4974; x_wconf 80' lang='grc'><strong>³⁵.</strong></span> 
     </span>
    </p>
   </div>
   <div class='ocr_carea' id='block_1_81' title="bbox 583 5009 2148 5069">
    <p class='ocr_par' dir='ltr' id='par_1_81' title="bbox 583 5009 2148 5069">
     <span class='ocr_line' id='line_1_81' title="bbox 583 5009 2148 5069; baseline -0.001 -2"><span class='ocrx_word' id='word_1_657' title='bbox 583 5009 640 5067; x_wconf 87' lang='lat' dir='ltr'><strong>Si</strong></span> <span class='ocrx_word' id='word_1_658' title='bbox 673 5013 1004 5066; x_wconf 80' lang='lat' dir='ltr'><strong>voluntatem</strong></span> <span class='ocrx_word' id='word_1_659' title='bbox 1050 5011 1145 5067; x_wconf 91' lang='lat' dir='ltr'><strong>Dei</strong></span> <span class='ocrx_word' id='word_1_660' title='bbox 1175 5014 1253 5068; x_wconf 84' lang='lat' dir='ltr'><strong>sic</strong></span> <span class='ocrx_word' id='word_1_661' title='bbox 1288 5029 1507 5069; x_wconf 87' lang='lat' dir='ltr'><strong>oramus</strong></span> <span class='ocrx_word' id='word_1_662' title='bbox 1539 5017 1592 5068; x_wconf 90' lang='lat' dir='ltr'><strong>in</strong></span> <span class='ocrx_word' id='word_1_663' title='bbox 1640 5024 1784 5069; x_wconf 88' lang='lat' dir='ltr'><strong>terra</strong></span> <span class='ocrx_word' id='word_1_664' title='bbox 1831 5013 1947 5068; x_wconf 75' lang='lat' dir='ltr'><strong>fieri</strong></span> <span class='ocrx_word' id='word_1_665' title='bbox 1991 5023 2048 5068; x_wconf 91' lang='lat' dir='ltr'><strong>ut</strong></span> <span class='ocrx_word' id='word_1_666' title='bbox 2095 5015 2148 5067; x_wconf 92' lang='lat' dir='ltr'><strong>in</strong></span> 
     </span>
    </p>
   </div>
   <div class='ocr_carea' id='block_1_82' title="bbox 2255 3544 3842 3620">
    <p class='ocr_par' dir='ltr' id='par_1_82' title="bbox 2255 3544 3842 3620">
     <span class='ocr_line' id='line_1_82' title="bbox 2255 3544 3842 3620; baseline -0.004 -19"><span class='ocrx_word' id='word_1_667' title='bbox 2255 3550 2561 3620; x_wconf 77' lang='grc' dir='ltr'>νομήσομεν</span> <span class='ocrx_word' id='word_1_668' title='bbox 2583 3564 2595 3576; x_wconf 87' lang='grc'><strong>·</strong></span> <span class='ocrx_word' id='word_1_669' title='bbox 2627 3545 2733 3599; x_wconf 84' lang='grc' dir='ltr'><strong>τῶν</strong></span> <span class='ocrx_word' id='word_1_670' title='bbox 2764 3545 2881 3616; x_wconf 86' lang='grc' dir='ltr'>μεθ’</span> <span class='ocrx_word' id='word_1_671' title='bbox 2921 3547 3069 3615; x_wconf 82' lang='grc' dir='ltr'>ἡμᾶς</span> <span class='ocrx_word' id='word_1_672' title='bbox 3104 3545 3195 3597; x_wconf 72' lang='grc' dir='ltr'>ἐπὶ</span> <span class='ocrx_word' id='word_1_673' title='bbox 3241 3545 3364 3615; x_wconf 81' lang='grc' dir='ltr'>γῆς,</span> <span class='ocrx_word' id='word_1_674' title='bbox 3395 3545 3490 3596; x_wconf 79' lang='grc' dir='ltr'>καὶ</span> <span class='ocrx_word' id='word_1_675' title='bbox 3523 3544 3654 3612; x_wconf 75' lang='grc' dir='ltr'>ἡμῖν</span> <span class='ocrx_word' id='word_1_676' title='bbox 3683 3558 3842 3610; x_wconf 85' lang='grc' dir='ltr'>γενο-</span> 
     </span>
    </p>
   </div>
   <div class='ocr_carea' id='block_1_83' title="bbox 2259 3627 3842 3708">
    <p class='ocr_par' dir='ltr' id='par_1_83' title="bbox 2259 3627 3842 3708">
     <span class='ocr_line' id='line_1_83' title="bbox 2259 3627 3842 3708; baseline -0.005 -20"><span class='ocrx_word' id='word_1_677' title='bbox 2259 3638 2439 3708; x_wconf 84' lang='grc' dir='ltr'>μένοις</span> <span class='ocrx_word' id='word_1_678' title='bbox 2487 3640 2546 3689; x_wconf 81' lang='grc' dir='ltr'><strong>ἐν</strong></span> <span class='ocrx_word' id='word_1_679' title='bbox 2582 3634 2796 3706; x_wconf 83' lang='grc' dir='ltr'>οὐρανῷ</span> <span class='ocrx_word' id='word_1_680' title='bbox 2841 3633 3168 3703; x_wconf 81' lang='grc' dir='ltr'>ὁμοιωθῆναι</span> <span class='ocrx_word' id='word_1_681' title='bbox 3215 3632 3546 3702; x_wconf 82' lang='grc' dir='ltr'>εὐχομένων.</span> <span class='ocrx_word' id='word_1_682' title='bbox 3603 3627 3842 3682; x_wconf 74' lang='grc' dir='ltr'>Δύναται</span> 
     </span>
    </p>
   </div>
   <div class='ocr_carea' id='block_1_84' title="bbox 2260 3719 3842 3799">
    <p class='ocr_par' dir='ltr' id='par_1_84' title="bbox 2260 3719 3842 3799">
     <span class='ocr_line' id='line_1_84' title="bbox 2260 3719 3842 3799; baseline -0.009 -16"><span class='ocrx_word' id='word_1_683' title='bbox 2260 3730 2440 3799; x_wconf 87' lang='grc' dir='ltr'>μέντοι</span> <span class='ocrx_word' id='word_1_684' title='bbox 2468 3747 2530 3797; x_wconf 88' lang='grc' dir='ltr'><strong>γε</strong></span> <span class='ocrx_word' id='word_1_685' title='bbox 2573 3728 2714 3782; x_wconf 81' lang='grc' dir='ltr'>κατὰ</span> <span class='ocrx_word' id='word_1_686' title='bbox 2745 3729 2904 3798; x_wconf 88' lang='grc' dir='ltr'>μόνον</span> <span class='ocrx_word' id='word_1_687' title='bbox 2945 3726 3038 3779; x_wconf 79' lang='grc' dir='ltr'><strong>τὸν</strong></span> <span class='ocrx_word' id='word_1_688' title='bbox 3071 3725 3350 3779; x_wconf 86' lang='grc' dir='ltr'>Ματθαῖον</span> <span class='ocrx_word' id='word_1_689' title='bbox 3399 3723 3509 3775; x_wconf 79' lang='grc' dir='ltr'>ἀπὸ</span> <span class='ocrx_word' id='word_1_690' title='bbox 3541 3721 3722 3774; x_wconf 83' lang='grc' dir='ltr'>κοινοῦ</span> <span class='ocrx_word' id='word_1_691' title='bbox 3761 3719 3842 3780; x_wconf 73' lang='grc' dir='ltr'><strong>τὸ,</strong></span> 
     </span>
    </p>
   </div>
   <div class='ocr_carea' id='block_1_85' title="bbox 2268 3809 3842 3890">
    <p class='ocr_par' dir='ltr' id='par_1_85' title="bbox 2268 3809 3842 3890">
     <span class='ocr_line' id='line_1_85' title="bbox 2268 3809 3842 3890; baseline -0.009 -14"><span class='ocrx_word' id='word_1_692' title='bbox 2268 3823 2364 3887; x_wconf 84' lang='grc' dir='ltr'>Ὠς</span> <span class='ocrx_word' id='word_1_693' title='bbox 2395 3823 2464 3875; x_wconf 73' lang='grc' dir='ltr'><em>ἐν</em></span> <span class='ocrx_word' id='word_1_694' title='bbox 2507 3820 2758 3890; x_wconf 71' lang='grc' dir='ltr'>οὐρανῷ,</span> <span class='ocrx_word' id='word_1_695' title='bbox 2787 3819 2886 3872; x_wconf 82' lang='grc' dir='ltr'>καὶ</span> <span class='ocrx_word' id='word_1_696' title='bbox 2919 3819 3016 3870; x_wconf 77' lang='grc' dir='ltr'><strong>ἐπὶ</strong></span> <span class='ocrx_word' id='word_1_697' title='bbox 3063 3816 3195 3887; x_wconf 72' lang='grc' dir='ltr'>γῆς,</span> <span class='ocrx_word' id='word_1_698' title='bbox 3245 3813 3652 3886; x_wconf 71' lang='grc' dir='ltr'>λαμϐάνεσθαιο</span> <span class='ocrx_word' id='word_1_699' title='bbox 3705 3815 3774 3864; x_wconf 79' lang='grc' dir='ltr'>ἵν’</span> 
     </span>
    </p>
   </div>
   <div class='ocr_carea' id='block_1_86' title="bbox 2253 3906 3838 3984">
    <p class='ocr_par' dir='ltr' id='par_1_86' title="bbox 2253 3906 3838 3984">
     <span class='ocr_line' id='line_1_86' title="bbox 2253 3906 3838 3984; baseline -0.008 -15"><span class='ocrx_word' id='word_1_700' title='bbox 2253 3913 2492 3970; x_wconf 82' lang='grc' dir='ltr'>τοιοῦτον</span> <span class='ocrx_word' id='word_1_701' title='bbox 2519 3913 2578 3965; x_wconf 85' lang='grc' dir='ltr'>τὸ</span> <span class='ocrx_word' id='word_1_702' title='bbox 2615 3912 3092 3984; x_wconf 79' lang='grc' dir='ltr'>προστασσόμενον</span> <span class='ocrx_word' id='word_1_703' title='bbox 3119 3911 3248 3980; x_wconf 79' lang='grc' dir='ltr'>ἡμῖν</span> <span class='ocrx_word' id='word_1_704' title='bbox 3277 3910 3334 3960; x_wconf 79' lang='grc' dir='ltr'><strong>ἐν</strong></span> <span class='ocrx_word' id='word_1_705' title='bbox 3363 3911 3429 3978; x_wconf 84' lang='grc' dir='ltr'>τῇ</span> <span class='ocrx_word' id='word_1_706' title='bbox 3462 3909 3593 3977; x_wconf 77' lang='grc' dir='ltr'>εὐχῇ</span> <span class='ocrx_word' id='word_1_707' title='bbox 3621 3906 3806 3973; x_wconf 89' lang='grc' dir='ltr'>λέγειν</span> <span class='ocrx_word' id='word_1_708' title='bbox 3825 3921 3838 3932; x_wconf 76' lang='grc'><strong><em>⁸</em></strong></span> 
     </span>
    </p>
   </div>
   <div class='ocr_carea' id='block_1_87' title="bbox 2267 3997 3844 4078">
    <p class='ocr_par' dir='ltr' id='par_1_87' title="bbox 2267 3997 3844 4078">
     <span class='ocr_line' id='line_1_87' title="bbox 2267 3997 3844 4078; baseline -0.01 -16"><span class='ocrx_word' id='word_1_709' title='bbox 2267 4005 2628 4078; x_wconf 70' lang='grc' dir='ltr'>Ἀγιασθήτω</span> <span class='ocrx_word' id='word_1_710' title='bbox 2675 4005 2742 4057; x_wconf 82' lang='grc' dir='ltr'>τὸ</span> <span class='ocrx_word' id='word_1_711' title='bbox 2796 4002 2984 4072; x_wconf 80' lang='grc' dir='ltr'>ὄνομά</span> <span class='ocrx_word' id='word_1_712' title='bbox 3013 4019 3148 4066; x_wconf 83' lang='grc' dir='ltr'>σου,</span> <span class='ocrx_word' id='word_1_713' title='bbox 3195 4003 3276 4067; x_wconf 84' lang='grc' dir='ltr'>ὡς</span> <span class='ocrx_word' id='word_1_714' title='bbox 3327 4003 3388 4054; x_wconf 80' lang='grc' dir='ltr'>ἐν</span> <span class='ocrx_word' id='word_1_715' title='bbox 3441 3998 3696 4067; x_wconf 59' lang='lat' dir='ltr'><strong>(ai-paro&quot;),</strong></span> <span class='ocrx_word' id='word_1_716' title='bbox 3743 3997 3844 4048; x_wconf 61' lang='lat' dir='ltr'><strong>irai</strong></span> 
     </span>
    </p>
   </div>
   <div class='ocr_carea' id='block_1_88' title="bbox 2255 4090 3846 4168">
    <p class='ocr_par' dir='ltr' id='par_1_88' title="bbox 2255 4090 3846 4168">
     <span class='ocr_line' id='line_1_88' title="bbox 2255 4090 3846 4168; baseline -0.008 -17"><span class='ocrx_word' id='word_1_717' title='bbox 2255 4098 2352 4152; x_wconf 82' lang='grc' dir='ltr'><strong>ἐπὶ</strong></span> <span class='ocrx_word' id='word_1_718' title='bbox 2401 4095 2530 4168; x_wconf 76' lang='grc' dir='ltr'>γῆς.</span> <span class='ocrx_word' id='word_1_719' title='bbox 2593 4094 2845 4150; x_wconf 79' lang='grc' dir='ltr'>Ἐλθέτω</span> <span class='ocrx_word' id='word_1_720' title='bbox 2897 4096 2936 4162; x_wconf 78' lang='grc' dir='ltr'><em>ὴ</em></span> <span class='ocrx_word' id='word_1_721' title='bbox 2980 4093 3266 4158; x_wconf 69' lang='grc' dir='ltr'>,ϐασιλεία</span> <span class='ocrx_word' id='word_1_722' title='bbox 3311 4109 3451 4153; x_wconf 85' lang='grc' dir='ltr'>σου,</span> <span class='ocrx_word' id='word_1_723' title='bbox 3501 4091 3580 4155; x_wconf 87' lang='grc' dir='ltr'>ὡς</span> <span class='ocrx_word' id='word_1_724' title='bbox 3623 4090 3694 4141; x_wconf 78' lang='grc' dir='ltr'><strong>ἐν</strong></span> <span class='ocrx_word' id='word_1_725' title='bbox 3741 4090 3846 4139; x_wconf 78' lang='grc' dir='ltr'>οὐ·</span> 
     </span>
    </p>
   </div>
   <div class='ocr_carea' id='block_1_89' title="bbox 2249 4180 3846 4259">
    <p class='ocr_par' dir='ltr' id='par_1_89' title="bbox 2249 4180 3846 4259">
     <span class='ocr_line' id='line_1_89' title="bbox 2249 4180 3846 4259; baseline -0.009 -15"><span class='ocrx_word' id='word_1_726' title='bbox 2249 4190 2434 4259; x_wconf 71' lang='grc' dir='ltr'>ρανῷ,</span> <span class='ocrx_word' id='word_1_727' title='bbox 2488 4189 2586 4242; x_wconf 77' lang='grc' dir='ltr'>καὶ</span> <span class='ocrx_word' id='word_1_728' title='bbox 2634 4187 2732 4240; x_wconf 78' lang='grc' dir='ltr'><strong>ἐπὶ</strong></span> <span class='ocrx_word' id='word_1_729' title='bbox 2764 4186 2893 4256; x_wconf 73' lang='grc' dir='ltr'>γῆς.</span> <span class='ocrx_word' id='word_1_730' title='bbox 2950 4183 3270 4252; x_wconf 71' lang='grc' dir='ltr'>Γενηθήτω</span> <span class='ocrx_word' id='word_1_731' title='bbox 3307 4183 3374 4236; x_wconf 81' lang='grc' dir='ltr'>τὸ</span> <span class='ocrx_word' id='word_1_732' title='bbox 3423 4180 3651 4250; x_wconf 73' lang='grc' dir='ltr'>θέλημά</span> <span class='ocrx_word' id='word_1_733' title='bbox 3701 4195 3846 4240; x_wconf 83' lang='grc' dir='ltr'>σου,</span> 
     </span>
    </p>
   </div>
   <div class='ocr_carea' id='block_1_90' title="bbox 2257 4271 3850 4349">
    <p class='ocr_par' dir='ltr' id='par_1_90' title="bbox 2257 4271 3850 4349">
     <span class='ocr_line' id='line_1_90' title="bbox 2257 4271 3850 4349; baseline -0.008 -14"><span class='ocrx_word' id='word_1_734' title='bbox 2257 4285 2336 4349; x_wconf 83' lang='grc' dir='ltr'>ὡς</span> <span class='ocrx_word' id='word_1_735' title='bbox 2379 4283 2449 4334; x_wconf 81' lang='grc' dir='ltr'><strong>ἐν</strong></span> <span class='ocrx_word' id='word_1_736' title='bbox 2494 4279 2748 4348; x_wconf 75' lang='grc' dir='ltr'>οὐρανῷ,</span> <span class='ocrx_word' id='word_1_737' title='bbox 2803 4279 2903 4332; x_wconf 80' lang='grc' dir='ltr'>καὶ</span> <span class='ocrx_word' id='word_1_738' title='bbox 2952 4279 3050 4331; x_wconf 78' lang='grc' dir='ltr'><strong>ἐπὶ</strong></span> <span class='ocrx_word' id='word_1_739' title='bbox 3098 4275 3240 4346; x_wconf 67' lang='grc' dir='ltr'>γῆς’</span> <span class='ocrx_word' id='word_1_740' title='bbox 3291 4275 3354 4328; x_wconf 89' lang='grc' dir='ltr'><strong>τό</strong></span> <span class='ocrx_word' id='word_1_741' title='bbox 3415 4291 3474 4327; x_wconf 88' lang='grc' dir='ltr'><strong>τε</strong></span> <span class='ocrx_word' id='word_1_742' title='bbox 3515 4273 3625 4344; x_wconf 74' lang='grc' dir='ltr'>γὰρ</span> <span class='ocrx_word' id='word_1_743' title='bbox 3669 4271 3850 4340; x_wconf 55' lang='lat' dir='ltr'><strong>ﬂuctu</strong></span> 
     </span>
    </p>
   </div>
   <div class='ocr_carea' id='block_1_91' title="bbox 2256 4362 3848 4442">
    <p class='ocr_par' dir='ltr' id='par_1_91' title="bbox 2256 4362 3848 4442">
     <span class='ocr_line' id='line_1_91' title="bbox 2256 4362 3848 4442; baseline -0.008 -15"><span class='ocrx_word' id='word_1_744' title='bbox 2256 4375 2348 4428; x_wconf 86' lang='grc' dir='ltr'><strong>τοῦ</strong></span> <span class='ocrx_word' id='word_1_745' title='bbox 2379 4373 2511 4426; x_wconf 84' lang='grc' dir='ltr'>Θεοῦ</span> <span class='ocrx_word' id='word_1_746' title='bbox 2545 4371 2780 4442; x_wconf 79' lang='grc' dir='ltr'>ἡγιάσθη</span> <span class='ocrx_word' id='word_1_747' title='bbox 2832 4371 2984 4442; x_wconf 80' lang='grc' dir='ltr'>παρὰ</span> <span class='ocrx_word' id='word_1_748' title='bbox 3023 4373 3133 4431; x_wconf 86' lang='grc' dir='ltr'>τοῖς</span> <span class='ocrx_word' id='word_1_749' title='bbox 3177 4370 3236 4420; x_wconf 82' lang='grc' dir='ltr'>ὲν</span> <span class='ocrx_word' id='word_1_750' title='bbox 3285 4365 3520 4440; x_wconf 80' lang='grc' dir='ltr'>οὐρανῷ,</span> <span class='ocrx_word' id='word_1_751' title='bbox 3577 4365 3672 4418; x_wconf 67' lang='grc' dir='ltr'><strong>κα)⁵</strong></span> <span class='ocrx_word' id='word_1_752' title='bbox 3723 4362 3848 4414; x_wconf 63' lang='grc' dir='ltr'><strong>ἐνέν</strong></span> 
     </span>
    </p>
   </div>
   <div class='ocr_carea' id='block_1_92' title="bbox 2259 4456 3851 4536">
    <p class='ocr_par' dir='ltr' id='par_1_92' title="bbox 2259 4456 3851 4536">
     <span class='ocr_line' id='line_1_92' title="bbox 2259 4456 3851 4536; baseline -0.008 -18"><span class='ocrx_word' id='word_1_753' title='bbox 2259 4483 2358 4536; x_wconf 86' lang='grc' dir='ltr'><strong>στη</strong></span> <span class='ocrx_word' id='word_1_754' title='bbox 2402 4463 2586 4526; x_wconf 84' lang='grc' dir='ltr'>αὐτοῖς</span> <span class='ocrx_word' id='word_1_755' title='bbox 2631 4465 2664 4534; x_wconf 84' lang='grc' dir='ltr'><strong>ἡ</strong></span> <span class='ocrx_word' id='word_1_756' title='bbox 2711 4462 2805 4515; x_wconf 86' lang='grc' dir='ltr'><strong>τοῦ</strong></span> <span class='ocrx_word' id='word_1_757' title='bbox 2837 4460 2972 4516; x_wconf 86' lang='grc' dir='ltr'>Θεοῦ</span> <span class='ocrx_word' id='word_1_758' title='bbox 3022 4459 3286 4530; x_wconf 87' lang='grc' dir='ltr'>βασιλεία,</span> <span class='ocrx_word' id='word_1_759' title='bbox 3339 4457 3628 4528; x_wconf 82' lang='grc' dir='ltr'>γεγένηταί</span> <span class='ocrx_word' id='word_1_760' title='bbox 3671 4473 3736 4508; x_wconf 87' lang='grc' dir='ltr'><strong>τε</strong></span> <span class='ocrx_word' id='word_1_761' title='bbox 3789 4456 3851 4504; x_wconf 82' lang='grc' dir='ltr'>ἐν</span> 
     </span>
    </p>
   </div>
   <div class='ocr_carea' id='block_1_93' title="bbox 2259 4549 3854 4626">
    <p class='ocr_par' dir='ltr' id='par_1_93' title="bbox 2259 4549 3854 4626">
     <span class='ocr_line' id='line_1_93' title="bbox 2259 4549 3854 4626; baseline -0.008 -15"><span class='ocrx_word' id='word_1_762' title='bbox 2259 4559 2442 4622; x_wconf 85' lang='grc' dir='ltr'>αὐτοῖς</span> <span class='ocrx_word' id='word_1_763' title='bbox 2473 4555 2532 4609; x_wconf 82' lang='grc' dir='ltr'><strong>τὸ</strong></span> <span class='ocrx_word' id='word_1_764' title='bbox 2558 4556 2766 4626; x_wconf 84' lang='grc' dir='ltr'>θέλημα</span> <span class='ocrx_word' id='word_1_765' title='bbox 2797 4554 2890 4607; x_wconf 84' lang='grc' dir='ltr'><strong>τοῦ</strong></span> <span class='ocrx_word' id='word_1_766' title='bbox 2924 4553 3078 4607; x_wconf 86' lang='grc' dir='ltr'>Θεοῦ·</span> <span class='ocrx_word' id='word_1_767' title='bbox 3113 4555 3254 4624; x_wconf 76' lang='grc' dir='ltr'>ἅπερ</span> <span class='ocrx_word' id='word_1_768' title='bbox 3289 4553 3466 4605; x_wconf 86' lang='grc' dir='ltr'>πάντα</span> <span class='ocrx_word' id='word_1_769' title='bbox 3503 4553 3630 4622; x_wconf 80' lang='grc' dir='ltr'>ἡμῖν</span> <span class='ocrx_word' id='word_1_770' title='bbox 3659 4549 3854 4600; x_wconf 79' lang='grc' dir='ltr'>λείπει</span> 
     </span>
    </p>
   </div>
   <div class='ocr_carea' id='block_1_94' title="bbox 2257 4639 3854 4716">
    <p class='ocr_par' dir='ltr' id='par_1_94' title="bbox 2257 4639 3854 4716">
     <span class='ocr_line' id='line_1_94' title="bbox 2257 4639 3854 4716; baseline -0.008 -16"><span class='ocrx_word' id='word_1_771' title='bbox 2257 4651 2366 4711; x_wconf 88' lang='grc' dir='ltr'>τοῖς</span> <span class='ocrx_word' id='word_1_772' title='bbox 2393 4647 2484 4700; x_wconf 76' lang='grc' dir='ltr'><strong>ἐπὶ</strong></span> <span class='ocrx_word' id='word_1_773' title='bbox 2509 4645 2632 4716; x_wconf 82' lang='grc' dir='ltr'>γῆς,</span> <span class='ocrx_word' id='word_1_774' title='bbox 2659 4646 3077 4716; x_wconf 73' lang='grc' dir='ltr'>δυνάμενα-ἡμῖν</span> <span class='ocrx_word' id='word_1_775' title='bbox 3105 4643 3450 4715; x_wconf 83' lang='grc' dir='ltr'>ὐπαρχθῆναι</span> <span class='ocrx_word' id='word_1_776' title='bbox 3469 4645 3526 4694; x_wconf 84' lang='grc' dir='ltr'><strong>ὲν</strong></span> <span class='ocrx_word' id='word_1_777' title='bbox 3553 4640 3629 4712; x_wconf 83' lang='grc' dir='ltr'><strong>τῷ</strong></span> <span class='ocrx_word' id='word_1_778' title='bbox 3653 4639 3854 4706; x_wconf 77' lang='grc' dir='ltr'>ἀξίους</span> 
     </span>
    </p>
   </div>
   <div class='ocr_carea' id='block_1_95' title="bbox 2259 4735 3858 4808">
    <p class='ocr_par' dir='ltr' id='par_1_95' title="bbox 2259 4735 3858 4808">
     <span class='ocr_line' id='line_1_95' title="bbox 2259 4735 3858 4808; baseline -0.006 -14"><span class='ocrx_word' id='word_1_779' title='bbox 2259 4743 2482 4803; x_wconf 79' lang='grc' dir='ltr'>ἑαυτοὺς</span> <span class='ocrx_word' id='word_1_780' title='bbox 2513 4739 2942 4802; x_wconf 75' lang='grc' dir='ltr'>κατασκευάζειν</span> <span class='ocrx_word' id='word_1_781' title='bbox 2971 4737 3204 4808; x_wconf 74' lang='grc' dir='ltr'>ἐπηκόου</span> <span class='ocrx_word' id='word_1_782' title='bbox 3233 4737 3362 4807; x_wconf 80' lang='grc' dir='ltr'>περὶ</span> <span class='ocrx_word' id='word_1_783' title='bbox 3387 4737 3590 4790; x_wconf 83' lang='grc' dir='ltr'>τούτων</span> <span class='ocrx_word' id='word_1_784' title='bbox 3621 4735 3858 4787; x_wconf 74' lang='grc' dir='ltr'>πάντων</span> 
     </span>
    </p>
   </div>
   <div class='ocr_carea' id='block_1_96' title="bbox 2121 4787 2350 4842">
    <p class='ocr_par' dir='ltr' id='par_1_96' title="bbox 2121 4787 2350 4842">
     <span class='ocr_line' id='line_1_96' title="bbox 2121 4787 2350 4842; baseline -0.009 0"><span class='ocrx_word' id='word_1_785' title='bbox 2121 4787 2149 4842; x_wconf 62' lang='grc' dir='ltr'><strong><em>Γ</em></strong></span> <span class='ocrx_word' id='word_1_786' title='bbox 2189 4787 2350 4841; x_wconf 72' lang='grc' dir='ltr'><strong>[)”.ῖ</strong></span> 
     </span>
    </p>
   </div>
   <div class='ocr_carea' id='block_1_97' title="bbox 2260 4827 3854 4901">
    <p class='ocr_par' dir='ltr' id='par_1_97' title="bbox 2260 4827 3854 4901">
     <span class='ocr_line' id='line_1_97' title="bbox 2260 4827 3854 4901; baseline -0.005 -18"><span class='ocrx_word' id='word_1_787' title='bbox 2260 4831 2352 4884; x_wconf 86' lang='grc' dir='ltr'><strong>τοῦ</strong></span> <span class='ocrx_word' id='word_1_788' title='bbox 2374 4831 2509 4882; x_wconf 81' lang='grc' dir='ltr'>Θεοῦ</span> <span class='ocrx_word' id='word_1_789' title='bbox 2542 4833 2740 4899; x_wconf 80' lang='grc' dir='ltr'>τυχεῖν.</span> <span class='ocrx_word' id='word_1_790' title='bbox 2779 4831 3024 4901; x_wconf 86' lang='grc' dir='ltr'>Ζητήσας</span> <span class='ocrx_word' id='word_1_791' title='bbox 3053 4829 3161 4898; x_wconf 85' lang='grc'><strong>(80)</strong></span> <span class='ocrx_word' id='word_1_792' title='bbox 3195 4829 3239 4880; x_wconf 86' lang='grc' dir='ltr'><strong>δ’</strong></span> <span class='ocrx_word' id='word_1_793' title='bbox 3275 4829 3340 4881; x_wconf 82' lang='grc' dir='ltr'>ἄν</span> <span class='ocrx_word' id='word_1_794' title='bbox 3379 4846 3462 4891; x_wconf 89' lang='grc' dir='ltr'><strong>τις</strong></span> <span class='ocrx_word' id='word_1_795' title='bbox 3487 4827 3573 4880; x_wconf 76' lang='grc' dir='ltr'><strong>διὰ</strong></span> <span class='ocrx_word' id='word_1_796' title='bbox 3599 4827 3692 4888; x_wconf 77' lang='grc' dir='ltr'><strong>τὸ,</strong></span> <span class='ocrx_word' id='word_1_797' title='bbox 3733 4827 3854 4878; x_wconf 76' lang='grc' dir='ltr'><strong>Γε-</strong></span> 
     </span>
    </p>
   </div>
   <div class='ocr_carea' id='block_1_98' title="bbox 2259 4915 3858 4990">
    <p class='ocr_par' dir='ltr' id='par_1_98' title="bbox 2259 4915 3858 4990">
     <span class='ocr_line' id='line_1_98' title="bbox 2259 4915 3858 4990; baseline -0.006 -14"><span class='ocrx_word' id='word_1_798' title='bbox 2259 4921 2496 4990; x_wconf 76' lang='grc' dir='ltr'>νηθήτω</span> <span class='ocrx_word' id='word_1_799' title='bbox 2523 4919 2588 4973; x_wconf 83' lang='grc' dir='ltr'>τὸ</span> <span class='ocrx_word' id='word_1_800' title='bbox 2623 4919 2852 4990; x_wconf 66' lang='grc' dir='ltr'>θέλημά</span> <span class='ocrx_word' id='word_1_801' title='bbox 2893 4937 3038 4984; x_wconf 87' lang='grc' dir='ltr'>σου,</span> <span class='ocrx_word' id='word_1_802' title='bbox 3075 4920 3154 4985; x_wconf 89' lang='grc' dir='ltr'>ὡς</span> <span class='ocrx_word' id='word_1_803' title='bbox 3191 4920 3262 4972; x_wconf 69' lang='grc' dir='ltr'><em>ἐν</em></span> <span class='ocrx_word' id='word_1_804' title='bbox 3301 4919 3554 4986; x_wconf 67' lang='grc' dir='ltr'>οὐρανῷ,</span> <span class='ocrx_word' id='word_1_805' title='bbox 3594 4915 3696 4969; x_wconf 74' lang='grc' dir='ltr'>καὶ</span> <span class='ocrx_word' id='word_1_806' title='bbox 3747 4915 3858 4968; x_wconf 70' lang='grc' dir='ltr'><strong>ἐπὶ</strong></span> 
     </span>
    </p>
   </div>
   <div class='ocr_carea' id='block_1_99' title="bbox 2260 5006 3860 5084">
    <p class='ocr_par' dir='ltr' id='par_1_99' title="bbox 2260 5006 3860 5084">
     <span class='ocr_line' id='line_1_99' title="bbox 2260 5006 3860 5084; baseline -0.003 -20"><span class='ocrx_word' id='word_1_807' title='bbox 2260 5011 2391 5082; x_wconf 75' lang='grc' dir='ltr'>γῆς,</span> <span class='ocrx_word' id='word_1_808' title='bbox 2426 5011 2616 5078; x_wconf 84' lang='grc' dir='ltr'>λέγων·</span> <span class='ocrx_word' id='word_1_809' title='bbox 2645 5011 2768 5074; x_wconf 86' lang='grc' dir='ltr'><strong>Πῶς</strong></span> <span class='ocrx_word' id='word_1_810' title='bbox 2789 5011 3076 5083; x_wconf 88' lang='grc' dir='ltr'>γεγένηται</span> <span class='ocrx_word' id='word_1_811' title='bbox 3112 5009 3220 5084; x_wconf 88' lang='grc'><strong>(81)</strong></span> <span class='ocrx_word' id='word_1_812' title='bbox 3254 5011 3315 5063; x_wconf 76' lang='grc' dir='ltr'>τὸ</span> <span class='ocrx_word' id='word_1_813' title='bbox 3339 5009 3549 5082; x_wconf 84' lang='grc' dir='ltr'>θέλημα</span> <span class='ocrx_word' id='word_1_814' title='bbox 3579 5008 3668 5061; x_wconf 84' lang='grc' dir='ltr'><strong>τοῦ</strong></span> <span class='ocrx_word' id='word_1_815' title='bbox 3705 5006 3860 5060; x_wconf 82' lang='grc' dir='ltr'>Θεοῦ</span> 
     </span>
    </p>
   </div>
   <div class='ocr_carea' id='block_1_100' title="bbox 649 5161 2696 5268">
    <p class='ocr_par' dir='ltr' id='par_1_100' title="bbox 649 5161 2696 5268">
     <span class='ocr_line' id='line_1_100' title="bbox 649 5161 2696 5268; baseline -0.001 -20"><span class='ocrx_word' id='word_1_816' title='bbox 649 5197 694 5226; x_wconf 77' lang='grc'><strong>²¹</strong></span> <span class='ocrx_word' id='word_1_817' title='bbox 728 5161 1017 5263; x_wconf 78' lang='lat' dir='ltr'><strong>Psal.c1x,</strong></span> <span class='ocrx_word' id='word_1_818' title='bbox 1049 5195 1100 5251; x_wconf 83' lang='lat' dir='ltr'><strong>l.</strong></span> <span class='ocrx_word' id='word_1_819' title='bbox 1177 5197 1418 5255; x_wconf 79' lang='lat' dir='ltr'><strong>“lCor.</strong></span> <span class='ocrx_word' id='word_1_820' title='bbox 1447 5215 1536 5266; x_wconf 76' lang='lat' dir='ltr'><strong>xv,</strong></span> <span class='ocrx_word' id='word_1_821' title='bbox 1585 5199 1675 5254; x_wconf 63' lang='lat' dir='ltr'><strong>Q6.</strong></span> <span class='ocrx_word' id='word_1_822' title='bbox 1752 5199 1797 5231; x_wconf 59' lang='grc'><strong>’³</strong></span> <span class='ocrx_word' id='word_1_823' title='bbox 1827 5198 1983 5266; x_wconf 90' lang='lat' dir='ltr'><strong>lbid.,</strong></span> <span class='ocrx_word' id='word_1_824' title='bbox 2013 5198 2122 5268; x_wconf 41' lang='lat'><strong>.55.</strong></span> <span class='ocrx_word' id='word_1_825' title='bbox 2196 5167 2370 5252; x_wconf 44' lang='lat' dir='ltr'><strong>&quot;-lsa.</strong></span> <span class='ocrx_word' id='word_1_826' title='bbox 2410 5207 2600 5259; x_wconf 76' lang='lat' dir='ltr'><strong>xxxiv,</strong></span> <span class='ocrx_word' id='word_1_827' title='bbox 2643 5193 2696 5246; x_wconf 79' lang='grc'><strong>5.</strong></span> 
     </span>
    </p>
   </div>
   <div class='ocr_carea' id='block_1_101' title="bbox 3875 5263 3896 5332">
    <p class='ocr_par' dir='ltr' id='par_1_101' title="bbox 3875 5263 3896 5332">
     <span class='ocr_line' id='line_1_101' title="bbox 3875 5263 3896 5332; baseline 0 -4"><span class='ocrx_word' id='word_1_828' title='bbox 3875 5263 3896 5332; x_wconf 66' lang='grc' dir='ltr'><strong>ἓ</strong></span> 
     </span>
    </p>
   </div>
   <div class='ocr_carea' id='block_1_102' title="bbox 656 5336 2157 5416">
    <p class='ocr_par' dir='ltr' id='par_1_102' title="bbox 656 5336 2157 5416">
     <span class='ocr_line' id='line_1_102' title="bbox 656 5336 2157 5416; baseline 0.007 -26"><span class='ocrx_word' id='word_1_829' title='bbox 656 5337 770 5406; x_wconf 71' lang='grc'><strong>(74)</strong></span> <span class='ocrx_word' id='word_1_830' title='bbox 807 5336 987 5416; x_wconf 75' lang='lat' dir='ltr'><strong>_Codei_t</strong></span> <span class='ocrx_word' id='word_1_831' title='bbox 1025 5356 1150 5409; x_wconf 89' lang='lat' dir='ltr'><strong>ms.,</strong></span> <span class='ocrx_word' id='word_1_832' title='bbox 1201 5342 1672 5416; x_wconf 82' lang='grc' dir='ltr'>προκαλουμένης.</span> <span class='ocrx_word' id='word_1_833' title='bbox 1733 5343 1909 5398; x_wconf 87' lang='lat' dir='ltr'><strong>Editio</strong></span> <span class='ocrx_word' id='word_1_834' title='bbox 1957 5343 2157 5410; x_wconf 81' lang='lat' dir='ltr'><strong>0x0n.,</strong></span> 
     </span>
    </p>
   </div>
   <div class='ocr_carea' id='block_1_103' title="bbox 2332 5333 3676 5410">
    <p class='ocr_par' dir='ltr' id='par_1_103' title="bbox 2332 5333 3676 5410">
     <span class='ocr_line' id='line_1_103' title="bbox 2332 5333 3676 5410; baseline -0.004 -18"><span class='ocrx_word' id='word_1_835' title='bbox 2332 5339 2446 5410; x_wconf 90' lang='lat'><strong>(77)</strong></span> <span class='ocrx_word' id='word_1_836' title='bbox 2475 5337 2816 5410; x_wconf 83' lang='grc' dir='ltr'><strong>Εὺξὼμεθα.</strong></span> <span class='ocrx_word' id='word_1_837' title='bbox 2857 5335 3022 5410; x_wconf 75' lang='lat' dir='ltr'><strong>Forte</strong></span> <span class='ocrx_word' id='word_1_838' title='bbox 3045 5333 3368 5410; x_wconf 50' lang='lat' dir='ltr'><strong>legendum,</strong></span> <span class='ocrx_word' id='word_1_839' title='bbox 3390 5333 3676 5410; x_wconf 61' lang='grc' dir='ltr'>εὐξόμεθα.</span> 
     </span>
    </p>
   </div>
   <div class='ocr_carea' id='block_1_104' title="bbox 587 5408 1097 5482">
    <p class='ocr_par' dir='ltr' id='par_1_104' title="bbox 587 5408 1097 5482">
     <span class='ocr_line' id='line_1_104' title="bbox 587 5408 1097 5482; baseline 0.01 -22"><span class='ocrx_word' id='word_1_840' title='bbox 587 5408 1097 5482; x_wconf 70' lang='grc' dir='ltr'>προσκαλουμένης.</span> 
     </span>
    </p>
   </div>
   <div class='ocr_carea' id='block_1_105' title="bbox 2330 5403 3870 5479">
    <p class='ocr_par' dir='ltr' id='par_1_105' title="bbox 2330 5403 3870 5479">
     <span class='ocr_line' id='line_1_105' title="bbox 2330 5403 3870 5479; baseline -0.006 -15"><span class='ocrx_word' id='word_1_841' title='bbox 2330 5403 2444 5479; x_wconf 87' lang='grc'><strong>(78)</strong></span> <span class='ocrx_word' id='word_1_842' title='bbox 2475 5403 2659 5465; x_wconf 67' lang='grc' dir='ltr'>(ὶοιίειί</span> <span class='ocrx_word' id='word_1_843' title='bbox 2689 5423 2810 5473; x_wconf 86' lang='lat' dir='ltr'><strong>ms.,</strong></span> <span class='ocrx_word' id='word_1_844' title='bbox 2848 5403 3206 5479; x_wconf 76' lang='grc' dir='ltr'>συμϐήσεται.</span> <span class='ocrx_word' id='word_1_845' title='bbox 3269 5405 3418 5459; x_wconf 86' lang='lat' dir='ltr'><strong>Edit.</strong></span> <span class='ocrx_word' id='word_1_846' title='bbox 3445 5403 3638 5470; x_wconf 68' lang='lat' dir='ltr'><strong>Oxon.,</strong></span> <span class='ocrx_word' id='word_1_847' title='bbox 3701 5421 3870 5475; x_wconf 81' lang='grc' dir='ltr'>συμ-</span> 
     </span>
    </p>
   </div>
   <div class='ocr_carea' id='block_1_106' title="bbox 682 5477 2147 5553">
    <p class='ocr_par' dir='ltr' id='par_1_106' title="bbox 682 5477 1712 5553">
     <span class='ocr_line' id='line_1_106' title="bbox 682 5477 1712 5553; baseline 0.004 -21"><span class='ocrx_word' id='word_1_848' title='bbox 801 5477 1044 5553; x_wconf 62' lang='grc' dir='ltr'>Κύριοςζ</span> <span class='ocrx_word' id='word_1_849' title='bbox 1083 5480 1522 5553; x_wconf 78' lang='lat' dir='ltr'><strong>Bentleiuslegit,</strong></span> <span class='ocrx_word' id='word_1_850' title='bbox 1559 5485 1712 5547; x_wconf 85' lang='grc' dir='ltr'>Θεός.</span> 
     </span>
    </p>
   </div>
   <div class='ocr_carea' id='block_1_107' title="bbox 2255 5477 2511 5553">
    <p class='ocr_par' dir='ltr' id='par_1_107' title="bbox 2257 5477 2511 5553">
     <span class='ocr_line' id='line_1_107' title="bbox 2257 5477 2511 5553; baseline 0 -19"><span class='ocrx_word' id='word_1_851' title='bbox 2257 5477 2511 5553; x_wconf 48' lang='grc' dir='ltr'>δήσηταα</span> 
     </span>
    </p>
   </div>
   <div class='ocr_carea' id='block_1_108' title="bbox 655 5481 3874 5670">
    <p class='ocr_par' dir='ltr' id='par_1_108' title="bbox 655 5481 3874 5670">
     <span class='ocr_line' id='line_1_108' title="bbox 682 5481 2511 5553; baseline 0.001 -23"><span class='ocrx_word' id='word_1_852' title='bbox 682 5481 772 5550; x_wconf 82' lang='lat'><strong>75)</strong></span> <span class='ocrx_word' id='word_1_853' title='bbox 801 5481 1043 5547; x_wconf 29' lang='grc' dir='ltr'>Κύριος-,ί</span> <span class='ocrx_word' id='word_1_854' title='bbox 1083 5481 1522 5550; x_wconf 75' lang='lat' dir='ltr'><strong>Bentleiuslegit,</strong></span> <span class='ocrx_word' id='word_1_855' title='bbox 1559 5485 1712 5547; x_wconf 85' lang='grc' dir='ltr'>Θεός.</span> <span class='ocrx_word' id='word_1_856' title='bbox 2257 5482 2511 5553; x_wconf 71' lang='grc' dir='ltr'>δήσηται.</span> 
     </span>
     <span class='ocr_line' id='line_1_109' title="bbox 655 5481 3874 5670; baseline -0.001 -70"><span class='ocrx_word' id='word_1_857' title='bbox 655 5481 769 5670; x_wconf 73' lang='grc'><strong>(76)</strong></span> <span class='ocrx_word' id='word_1_858' title='bbox 797 5552 1112 5629; x_wconf 56' lang='grc' dir='ltr'>Γεςηθήτω</span> <span class='ocrx_word' id='word_1_859' title='bbox 1135 5551 1455 5632; x_wconf 72' lang='grc' dir='ltr'>τόθέλημά</span> <span class='ocrx_word' id='word_1_860' title='bbox 1484 5571 1619 5618; x_wconf 84' lang='grc' dir='ltr'>σου,</span> <span class='ocrx_word' id='word_1_861' title='bbox 1648 5557 1728 5620; x_wconf 83' lang='grc' dir='ltr'>ὡς</span> <span class='ocrx_word' id='word_1_862' title='bbox 1761 5554 1830 5606; x_wconf 75' lang='grc' dir='ltr'>ἐν</span> <span class='ocrx_word' id='word_1_863' title='bbox 1859 5553 2154 5621; x_wconf 74' lang='grc' dir='ltr'>οὐρανοῖς,</span> <span class='ocrx_word' id='word_1_864' title='bbox 2327 5553 2440 5622; x_wconf 80' lang='lat'><strong>(79)</strong></span> <span class='ocrx_word' id='word_1_865' title='bbox 2473 5549 2650 5606; x_wconf 80' lang='lat' dir='ltr'><strong>Codex</strong></span> <span class='ocrx_word' id='word_1_866' title='bbox 2687 5563 2816 5616; x_wconf 86' lang='lat' dir='ltr'><strong>ms.,</strong></span> <span class='ocrx_word' id='word_1_867' title='bbox 2847 5547 3193 5619; x_wconf 76' lang='grc' dir='ltr'>φορέσαντες.</span> <span class='ocrx_word' id='word_1_868' title='bbox 3225 5545 3406 5600; x_wconf 87' lang='lat' dir='ltr'><strong>Editio</strong></span> <span class='ocrx_word' id='word_1_869' title='bbox 3429 5543 3624 5606; x_wconf 74' lang='lat' dir='ltr'><strong>0mm,</strong></span> <span class='ocrx_word' id='word_1_870' title='bbox 3659 5546 3874 5615; x_wconf 72' lang='grc' dir='ltr'>φορή-</span> 
     </span>
     <span class='ocr_line' id='line_1_110' title="bbox 655 5619 2466 5670; baseline 0 0"><span class='ocrx_word' id='word_1_871' title='bbox 655 5635 658 5665; x_wconf 77' lang='lat' dir='ltr'>L</span> <span class='ocrx_word' id='word_1_872' title='bbox 711 5619 808 5670; x_wconf 78' lang='grc' dir='ltr'><strong>ἐπὶ</strong></span> <span class='ocrx_word' id='word_1_873' title='bbox 835 5639 963 5670; x_wconf 59' lang='lat' dir='ltr'><strong>Imp.</strong></span> <span class='ocrx_word' id='word_1_874' title='bbox 1007 5623 1128 5670; x_wconf 65' lang='lat' dir='ltr'><strong>Hme</strong></span> <span class='ocrx_word' id='word_1_875' title='bbox 1157 5623 1285 5670; x_wconf 81' lang='lat' dir='ltr'><strong>olim</strong></span> <span class='ocrx_word' id='word_1_876' title='bbox 1323 5625 1375 5670; x_wconf 88' lang='lat' dir='ltr'><strong>in</strong></span> <span class='ocrx_word' id='word_1_877' title='bbox 1423 5625 1745 5670; x_wconf 71' lang='lat' dir='ltr'><strong>nuihustlam</strong></span> <span class='ocrx_word' id='word_1_878' title='bbox 1783 5623 1942 5670; x_wconf 69' lang='lat' dir='ltr'><strong>Lucae</strong></span> <span class='ocrx_word' id='word_1_879' title='bbox 1973 5639 2158 5670; x_wconf 67' lang='lat' dir='ltr'><strong>exem-</strong></span> <span class='ocrx_word' id='word_1_880' title='bbox 2259 5637 2466 5670; x_wconf 77' lang='grc' dir='ltr'>σαντες.</span> 
     </span>
    </p>
   </div>
   <div class='ocr_carea' id='block_1_109' title="bbox 581 5619 2158 5690">
    <p class='ocr_par' dir='ltr' id='par_1_109' title="bbox 581 5619 2158 5690">
     <span class='ocr_line' id='line_1_111' title="bbox 581 5619 2158 5690; baseline 0.003 -19"><span class='ocrx_word' id='word_1_881' title='bbox 581 5619 681 5690; x_wconf 76' lang='grc' dir='ltr'>καὶ</span> <span class='ocrx_word' id='word_1_882' title='bbox 711 5619 808 5673; x_wconf 77' lang='grc' dir='ltr'><strong>ἐπὶ</strong></span> <span class='ocrx_word' id='word_1_883' title='bbox 835 5619 963 5688; x_wconf 75' lang='grc' dir='ltr'><strong>τῆς.</strong></span> <span class='ocrx_word' id='word_1_884' title='bbox 1007 5623 1128 5676; x_wconf 72' lang='lat' dir='ltr'><strong>Haec</strong></span> <span class='ocrx_word' id='word_1_885' title='bbox 1157 5623 1285 5676; x_wconf 89' lang='lat' dir='ltr'><strong>olim</strong></span> <span class='ocrx_word' id='word_1_886' title='bbox 1323 5619 1381 5676; x_wconf 82' lang='lat' dir='ltr'><strong>in</strong></span> <span class='ocrx_word' id='word_1_887' title='bbox 1423 5619 1745 5690; x_wconf 85' lang='lat' dir='ltr'><strong>quihusdam</strong></span> <span class='ocrx_word' id='word_1_888' title='bbox 1783 5619 1942 5677; x_wconf 69' lang='lat' dir='ltr'><strong>Lucaé</strong></span> <span class='ocrx_word' id='word_1_889' title='bbox 1973 5639 2158 5677; x_wconf 77' lang='lat' dir='ltr'><strong>exem-</strong></span> 
     </span>
    </p>
   </div>
   <div class='ocr_carea' id='block_1_110' title="bbox 2259 5637 3652 5758">
    <p class='ocr_par' dir='ltr' id='par_1_110' title="bbox 2259 5638 3652 5758">
     <span class='ocr_line' id='line_1_112' title="bbox 2259 5638 3652 5758; baseline -0.006 -15"><span class='ocrx_word' id='word_1_890' title='bbox 2259 5638 2769 5758; x_wconf 50' lang='grc' dir='ltr'>σαῖἕδῗῖητήσαςκ</span> <span class='ocrx_word' id='word_1_891' title='bbox 2806 5689 2948 5758; x_wconf 77' lang='lat' dir='ltr'><strong>Lege</strong></span> <span class='ocrx_word' id='word_1_892' title='bbox 2975 5701 3100 5742; x_wconf 87' lang='lat' dir='ltr'><strong>cum</strong></span> <span class='ocrx_word' id='word_1_893' title='bbox 3123 5683 3388 5758; x_wconf 64' lang='lat' dir='ltr'><strong>Bentleio,</strong></span> <span class='ocrx_word' id='word_1_894' title='bbox 3407 5684 3652 5758; x_wconf 76' lang='grc' dir='ltr'>ζητήσαι.</span> 
     </span>
    </p>
   </div>
   <div class='ocr_carea' id='block_1_111' title="bbox 2329 5753 3872 5830">
    <p class='ocr_par' dir='ltr' id='par_1_111' title="bbox 2329 5753 3872 5830">
     <span class='ocr_line' id='line_1_113' title="bbox 2329 5753 3872 5830; baseline -0.006 -14"><span class='ocrx_word' id='word_1_895' title='bbox 2329 5753 2438 5830; x_wconf 85' lang='grc'><strong>(81)</strong></span> <span class='ocrx_word' id='word_1_896' title='bbox 2475 5753 2652 5815; x_wconf 80' lang='lat' dir='ltr'><strong>Codex</strong></span> <span class='ocrx_word' id='word_1_897' title='bbox 2687 5753 2815 5828; x_wconf 77' lang='lat' dir='ltr'><strong>ms.,</strong></span> <span class='ocrx_word' id='word_1_898' title='bbox 2845 5753 3156 5829; x_wconf 79' lang='grc' dir='ltr'>γὲγένηται.</span> <span class='ocrx_word' id='word_1_899' title='bbox 3203 5755 3380 5813; x_wconf 85' lang='lat' dir='ltr'><strong>Editio</strong></span> <span class='ocrx_word' id='word_1_900' title='bbox 3413 5753 3616 5820; x_wconf 62' lang='lat' dir='ltr'><strong>0min,</strong></span> <span class='ocrx_word' id='word_1_901' title='bbox 3659 5753 3872 5826; x_wconf 74' lang='grc' dir='ltr'>γένη-</span> 
     </span>
    </p>
   </div>
   <div class='ocr_carea' id='block_1_112' title="bbox 2251 5849 2358 5884">
    <p class='ocr_par' dir='ltr' id='par_1_112' title="bbox 2251 5849 2358 5884">
     <span class='ocr_line' id='line_1_114' title="bbox 2251 5849 2358 5884; baseline -0.019 0"><span class='ocrx_word' id='word_1_902' title='bbox 2251 5849 2358 5884; x_wconf 88' lang='grc' dir='ltr'>ται.</span> 
     </span>
    </p>
   </div>
   <div class='ocr_carea' id='block_1_113' title="bbox 579 5687 2146 5760">
    <p class='ocr_par' dir='ltr' id='par_1_113' title="bbox 579 5687 2146 5760">
     <span class='ocr_line' id='line_1_115' title="bbox 579 5687 2146 5760; baseline 0.004 -21"><span class='ocrx_word' id='word_1_903' title='bbox 579 5687 1200 5756; x_wconf 61' lang='grc' dir='ltr'>ριιινὶὺιισιιεεὶαειιιιε,</span> <span class='ocrx_word' id='word_1_904' title='bbox 1251 5687 1452 5760; x_wconf 84' lang='lat' dir='ltr'><strong>passini</strong></span> <span class='ocrx_word' id='word_1_905' title='bbox 1505 5695 1555 5748; x_wconf 88' lang='lat' dir='ltr'><strong>in</strong></span> <span class='ocrx_word' id='word_1_906' title='bbox 1613 5695 1816 5747; x_wconf 86' lang='lat' dir='ltr'><strong>nostris</strong></span> <span class='ocrx_word' id='word_1_907' title='bbox 1869 5693 2146 5746; x_wconf 77' lang='lat' dir='ltr'><strong>codicibus</strong></span> 
     </span>
    </p>
   </div>
   <div class='ocr_carea' id='block_1_114' title="bbox 581 5761 2144 5834">
    <p class='ocr_par' dir='ltr' id='par_1_114' title="bbox 581 5761 2144 5834">
     <span class='ocr_line' id='line_1_116' title="bbox 581 5761 2144 5834; baseline 0.004 -24"><span class='ocrx_word' id='word_1_908' title='bbox 581 5761 950 5834; x_wconf 74' lang='lat' dir='ltr'><strong>reperiuntur,</strong></span> <span class='ocrx_word' id='word_1_909' title='bbox 980 5762 1074 5815; x_wconf 87' lang='lat' dir='ltr'><strong>sed</strong></span> <span class='ocrx_word' id='word_1_910' title='bbox 1107 5762 1286 5834; x_wconf 69' lang='lat' dir='ltr'><strong>versio</strong></span> <span class='ocrx_word' id='word_1_911' title='bbox 1314 5763 1529 5834; x_wconf 77' lang='lat' dir='ltr'><strong>vulgata</strong></span> <span class='ocrx_word' id='word_1_912' title='bbox 1562 5764 1791 5821; x_wconf 90' lang='lat' dir='ltr'><strong>omittit.</strong></span> <span class='ocrx_word' id='word_1_913' title='bbox 1827 5763 1960 5818; x_wconf 81' lang='lat' dir='ltr'><strong>Vide</strong></span> <span class='ocrx_word' id='word_1_914' title='bbox 1996 5762 2144 5818; x_wconf 79' lang='lat' dir='ltr'><strong>Millii</strong></span> 
     </span>
    </p>
   </div>
   <div class='ocr_carea' id='block_1_115' title="bbox 567 5831 1162 5914">
    <p class='ocr_par' dir='ltr' id='par_1_115' title="bbox 567 5831 1162 5914">
     <span class='ocr_line' id='line_1_117' title="bbox 567 5831 1162 5914; baseline 0.005 -32"><span class='ocrx_word' id='word_1_915' title='bbox 567 5837 733 5914; x_wconf 21' lang='lat' dir='ltr'><strong>‘notas</strong></span> <span class='ocrx_word' id='word_1_916' title='bbox 759 5833 823 5888; x_wconf 89' lang='lat' dir='ltr'><strong>ad</strong></span> <span class='ocrx_word' id='word_1_917' title='bbox 849 5831 980 5887; x_wconf 85' lang='lat' dir='ltr'><strong>Luc.</strong></span> <span class='ocrx_word' id='word_1_918' title='bbox 1007 5847 1082 5900; x_wconf 70' lang='lat' dir='ltr'><strong>xu,</strong></span> <span class='ocrx_word' id='word_1_919' title='bbox 1106 5831 1162 5885; x_wconf 77' lang='lat'><strong>2.</strong></span> 
     </span>
    </p>
   </div>
  </div>
