3954 6414
198 300 276 357 51H
851 300 858 304 ’
1397 289 1684 346 LIBELLU
1697 289 1736 342 S
1769 288 1856 342 DE
1890 282 2258 341 ORA'IIONE.

3326 269 3429 322 502

191 415 238 466 ἑν
264 406 480 480 οὐρανῷ,
510 408 645 461 ὅπου
677 406 800 459 ἐστὶ
822 405 894 458 τὰ
921 403 1283 472 πνευματικὰ
1307 402 1417 470 τῆς
1441 405 1730 470 πονηρίας

1862 401 2005 454 coelo
2039 401 2120 461 lit,
2152 395 2355 450 nihilne
2387 388 2577 463 pericli
2603 395 2685 443 est
2714 399 2780 440 ne
2815 385 3182 455 imprudentes
3211 397 3428 436 oremus

190 501 246 553 δι’
273 500 304 552 ἃ
328 498 434 568 (82)
475 496 943 566 μεθυσθήσεται
979 496 1015 562 ἡ
1037 493 1296 562 μάχαιρα
1321 492 1425 546 τοῦ
1467 493 1613 546 Θεοῦ
1653 493 1748 546 καί

185 592 242 646 ἄν
264 591 330 655 τῷ
361 587 594 656 amare?)
617 604 638 651 ;
669 590 718 640 εί
753 587 814 640 δὲ
842 585 1012 649 οὕτως
1042 583 1310 654 εὐχόμεθα
1341 584 1630 655 γενηθῆναι
1659 584 1752 636 ἐπὶ

185 684 268 752 τῆς
290 683 384 752 γῆς
408 681 467 732 τὸ
487 680 707 749 θέλημα
727 677 823 731 τοῦ
847 677 978 731 Θεοῦ
1002 675 1188 747 ὥσπερ
1210 675 1415 744 γίνεται
1434 677 1490 727 ὲν
1515 674 1751 746 οὐρανῷ,

186 779 365 848 μήποτε
393 773 702 844 λεληθότως
734 773 850 842 (83)
887 771 1164 842 εὐξιῦμεθα
1195 770 1374 840 μένειν
1408 768 1498 820 ἐπὶ
1526 768 1629 837 γῆς
1657 769 1754 822 καὶ

182 869 235 919 τὰ
251 867 473 928 ἐναντία,
505 867 644 919 ὅπου
666 869 767 921 ἀπ’
796 868 1024 940 οὐρανοῦ
1045 868 1136 920 καὶ
1163 866 1332 920 ταῦτα
1362 865 1601 938 ἔρχεται,
1632 865 1754 917 πολ-

181 960 496 1026 λῶιιοφαύλων
530 962 847 1032 γινομένων
880 964 969 1015 ἐπὶ
998 965 1098 1033 γῆς
1134 963 1222 1016 διὰ
1252 963 1318 1016 τὰ
1353 960 1600 1032 ἡττῶντα
1639 958 1752 1030 (84)

181 1049 493 1119 πνευματικὰ
522 1051 626 1120 τῆς
663 1052 936 1124 πονηρίας
976 1053 1103 1106 ὄντα
1136 1055 1191 1105 ὲν
1239 1056 1348 1116 τοῖς
1388 1051 1751 1124 ἐπουρανίοις

191 1141 235 1193 Ὁ
263 1140 351 1209 μὲν
385 1137 477 1194 οῦν
510 1158 599 1204 τις
622 1142 950 1215 ἀλληγορῶν
983 1144 1072 1196 τὸν
1101 1144 1349 1213 οὐρανὸν,
1402 1143 1497 1195 καὶ
1528 1143 1753 1211 φάσκων

179 1231 310 1283 αὐτὸν
347 1228 480 1284 εἶναι
514 1233 608 1284 τὸν
643 1235 909 1304 Χριστὸν,
939 1237 1037 1306 γῆν
1067 1236 1120 1288 δὲ
1144 1236 1237 1306 τὴν
1275 1235 1598 1306 Ἐκκλησίαν
1645 1232 1754 1304 [τίς

177 1321 263 1391 γὰρ
287 1322 450 1384 οὕτως
476 1322 633 1386 ἄξιος
669 1323 866 1395 θρόνος
906 1325 1012 1396 (85)
1055 1326 1145 1377 τοῦ
1186 1325 1398 1398 Πατρός
1444 1327 1518 1388 ὡς
1551 1328 1578 1377 ό
1614 1326 1752 1395 Χρι-

179 1418 306 1476 στό;;
342 1418 488 1467 ποῖον
520 1416 579 1468 δὲ
619 1417 920 1470 ὑποπόδιον
953 1418 1058 1471 τῶν
1085 1418 1258 1472 ποδῶν
1291 1419 1382 1471 τοῦ
1429 1418 1562 1472 Θεοῦ
1607 1417 1683 1480 ὡς
1718 1420 1750 1489 ἡ

185 1505 443 1575 ’Ἐκκλησία
465 1505 506 1577 ;]
543 1509 801 1577 εὐχερῶς
827 1509 975 1562 λύσει
1011 1510 1077 1563 τὰ
1110 1510 1432 1580 ζητούμενα,
1468 1509 1639 1578 λέγων
1664 1508 1752 1562 εὗ-

174 1598 329 1664 χεσθαι
355 1599 461 1651 δεῖν
508 1600 755 1653 ἕκαστον
803 1602 912 1656 τῶν
944 1604 1049 1657 ἀπὸ
1092 1605 1190 1674 τῆς
1239 1603 1562 1672 Ἐκκλησίας
1607 1601 1750 1655 οὕτω

174 1689 385 1758 χωρῆσαι
415 1690 475 1741 τὸ
502 1693 788 1763 πατρικὸν
819 1693 1050 1764 θέλημα,
1081 1695 1141 1746 ὃν
1175 1695 1372 1764 τρόπον
1398 1695 1633 1764 Χριστὸς
1657 1711 1748 1746 κε-

171 1778 407 1849 χώρηκεν,
441 1783 468 1834 ό
497 1782 676 1834 ἐλθὼν
706 1785 933 1855 ποιῆσαι
966 1786 1024 1838 τὸ
1053 1787 1259 1856 θέλημα
1292 1786 1454 1839 αὐτοῦ
1495 1785 1588 1838 τοῦ
1631 1786 1745 1836 Πα-
1783 1751 1820 1802 Β

170 1867 290 1937 τρδς,
319 1871 408 1921 καὶ
449 1873 559 1923 πᾶν
588 1873 733 1924 αὐτὸ
776 1874 1086 1938 τελειώσας.
1127 1876 1358 1928 Δυνατὸν
1391 1874 1498 1945 γὰρ
1543 1873 1749 1927 κωλύε-

172 1960 271 2013 σθαι
302 1961 403 2029 (86)
438 1963 616 2033 αὐτῷ,
651 1964 713 2016 ἓν
741 1965 998 2032 γενέσθαι
1032 1966 1250 2037 πνεῦμα
1286 1969 1380 2020 σὺν
1423 1966 1600 2036 αὐτῷ,
1657 1965 1744 2020 διὰ

169 2045 300 2098 τοῦτο
326 2049 609 2118 χωροῦντα
645 2051 710 2104 τὸ
750 2052 987 2122 θέλημα,
1017 2055 1080 2108 ἶν’
1111 2056 1184 2118 ὡς
1211 2055 1520 2108 τετέλεσται
1554 2055 1660 2124 (87)
1689 2059 1744 2108 ἐν

169 2137 365 2207 οὐρανῷ,
398 2139 543 2193 οὕτω
571 2141 816 2214 τελεσθῇ
855 2148 949 2198 καὶ
999 2146 1088 2197 ἐπὶ
1129 2147 1257 2215 γῆς·
1307 2149 1338 2199 ό
1373 2146 1746 2215 κολλώμενος

168 2226 255 2295 γὰρ
283 2227 353 2292 τῷ
377 2231 596 2300 Κυρίῳ,
627 2231 784 2284 κατὰ
813 2233 904 2285 τὸν
951 2233 1178 2295 Παῦλον,
1219 2233 1288 2286 ἒν
1317 2233 1550 2301 πνεῦμά
1591 2234 1740 2288 ἐστι.

167 2320 255 2370 Καὶ
281 2317 443 2390 οἶμαι,
473 2324 557 2375 ὅτι
592 2324 702 2376 οὐκ
737 2325 1217 2396 εὐκαταφρόνητος
1251 2324 1401 2378 ἔσται
1427 2325 1562 2395 αὕτη
1600 2326 1630 2395 ἡ
1658 2327 1746 2396 ἐρ-

165 2413 328 2480 μηνεία
352 2414 426 2484 τῷ
449 2415 898 2486 ἐπιμελέστερον
926 2417 1270 2469 κατανοοῦντι
1303 2417 1490 2488 αὐτήν.
1512 2417 1745 2469 Ἀντιλέ-

161 2519 249 2569 των
275 2504 324 2556 δέ
350 2523 431 2568 τις
458 2507 629 2577 αὐτῇ,
673 2507 1056 2578 παραθήσεται
1088 2508 1195 2578 (88)
1223 2508 1283 2560 τὸ
1315 2509 1407 2561 ἐπὶ
1432 2508 1572 2561 τέλει
1619 2508 1743 2562 τού-

157 2611 234 2644 του
266 2595 352 2648 τοῦ
403 2597 760 2664 [εὐαγγελίου
822 2601 959 2667 μετὰ
999 2599 1096 2669 τὴν
1143 2600 1438 2652 ἀνάστασιν
1492 2600 1595 2652 ὑπὸ
1649 2598 1742 2652 τοῦ

156 2687 330 2755 Κυρίου
354 2690 658 2760 εἰρημένον
690 2691 834 2759 πρὸς
861 2692 983 2753 τοὺς
1012 2691 1202 2745 ἕνδεκα
1234 2692 1498 2762 μαθητάς·
1537 2692 1740 2760 Ἐδόοη

149 2799 230 2847 μοι
253 2781 414 2836 πᾶσα
447 2782 748 2844 ἐξουσία,
783 2783 865 2845 ὡς
907 2781 976 2833 ἐν
1008 2781 1270 2850 οἰψανῷ,
1321 2783 1420 2835 καὶ
1450 2783 1548 2835 ἐπὶ
1589 2781 1738 2852 γῆς’

154 2873 265 2942 ἔχων
298 2875 404 2942 (89)
437 2877 553 2946 γὰρ
590 2874 860 2939 ἐξουσίαν
887 2875 991 2927 τῶν
1020 2877 1076 2927 ὲν
1100 2875 1329 2947 οὐρανῷ,
1361 2877 1493 2946 φησι
1521 2893 1710 2947 προσει

151 2965 348 3037 ληφέναι
381 2969 480 3039 τὴν
516 2969 619 3021 ἐπὶ
649 2969 785 3038 γῆς,
809 2968 920 3020 τῶν
957 2969 1052 3038 μὲν
1083 2971 1139 3021 ἐν
1165 2969 1377 3040 οὐρανῷ
1407 2969 1500 3023 καὶ
1545 2969 1741 3040 πρότε-

1862 493 1914 544 ἰη
1947 501 2091 544 terra
2129 503 2348 542 manere
2374 486 2536 540 etiam
2565 496 2625 534 ea
2657 497 2780 551 quae
2803 480 2956 534 nobis
2983 477 3254 532 contraria
3281 483 3427 540 sunt,

1857 597 1978 634 cum
2009 580 2093 633 illa
2129 594 2343 648 quoque
2374 591 2404 631 e
2455 576 2593 631 coelo
2635 575 2875 638 veniant,
2907 569 3149 639 plurimis
3183 569 3234 620 in
3285 577 3427 622 terra
3476 562 3499 607 ν’

1857 674 1910 726 in
1950 674 2078 726 vilia
2112 673 2376 740 prolapsis
2399 671 2452 723 vi
2484 667 2844 738 spiritualium
2883 662 3135 732 nequitiae
3165 675 3282 730 quin
3307 663 3433 714 sunt

1857 766 1909 818 in
1943 764 2298 817 caelestibus?
2333 761 2440 816 Sed
2471 761 2561 830 qui
2609 758 2897 826 allegorice
2931 755 3124 810 coelum
3159 752 3430 820 accipiens

1857 856 2056 908 dixerit
2085 855 2259 923 ipsum
2287 867 2407 906 esse
2428 851 2726 913 Christum,
2751 856 2949 899 terram
2980 858 3108 897 vero
3131 839 3426 895 Ecclesiam

1858 946 2005 1015 (quis
2057 946 2201 1000 enim
2242 945 2313 998 ita
2352 944 2549 1013 dignus
2582 941 2739 995 Patre
2777 943 3003 994 thronus
3033 947 3092 990 ut
3139 931 3430 990 Christus?

1859 1039 2001 1108 quod
2041 1038 2340 1092 scabellum
2397 1036 2591 1103 pedum
2642 1033 2734 1086 Dei
2761 1073 2775 1096 ,
2818 1031 2975 1100 quale
3023 1024 3339 1094 Ecclesia?)
3383 1024 3430 1077 is

1857 1131 2215 1200 quaestionem
2253 1128 2412 1184 facile
2439 1127 2631 1190 solvet,
2660 1125 2844 1178 dicens
2867 1122 3131 1177 orandum
3163 1134 3281 1174 esse
3310 1116 3433 1168 uni-

1856 1223 2055 1290 cuique
2087 1235 2276 1276 eorum
2305 1220 2398 1288 qui
2429 1234 2492 1273 ex
2525 1216 2759 1272 Ecclesia
2789 1221 2935 1276 sunt,
2961 1221 3014 1266 ut
3040 1213 3114 1265 sic
3149 1219 3430 1279 paternam

1857 1314 2036 1380 capiat
2059 1313 2390 1365 voluntatem
2420 1307 2869 1379 quemadmodum
2895 1304 3144 1359 Christus
3179 1300 3433 1371 capiebat

1858 1406 2189 1458 voluntatem
2214 1403 2390 1456 Patris
2413 1403 2518 1465 sui,
2550 1411 2605 1454 et
2632 1415 2846 1453 onmem
2873 1395 3115 1466 perfecit.
3138 1393 3431 1448 Possumus

1857 1495 2002 1548 enim
2039 1496 2087 1549 ei
2116 1495 2442 1548 adhzerendo
2471 1508 2612 1547 unus
2641 1508 2761 1546 cum
2795 1492 2912 1561 ipso
2939 1491 3161 1559 spiritus
3188 1487 3302 1541 lieri
3324 1527 3338 1550 ,
3377 1494 3433 1540 et

1858 1589 1926 1642 ita
1953 1589 2069 1656 ejus
2095 1602 2294 1657 capere
2316 1587 2648 1641 voluntatem
2677 1595 2757 1650 ut,
2784 1586 3054 1655 quomodo
3081 1580 3315 1651 perfecta
3349 1588 3432 1632 est

1859 1681 1909 1732 in
1938 1681 2102 1744 coelo,
2126 1680 2201 1733 sic
2228 1679 2540 1748 perﬁciatur
2562 1688 2616 1732 et
2638 1680 2688 1732 in
2725 1689 2866 1734 terra
2890 1696 2903 1729 :
2924 1692 3047 1729 nam
3078 1676 3167 1744 qui
3199 1675 3434 1727 adlm'ret

1853 1771 2101 1836 Domino,
2148 1771 2444 1826 secundum
2485 1771 2748 1837 Paulum,
2795 1787 2930 1824 unus
2978 1769 3193 1838 spiritus
3240 1775 3314 1819 est
3362 1766 3430 1819 “.

1851 1864 1961 1917 Nec
1991 1875 2120 1932 puto
2144 1863 2599 1917 contemnendam
2620 1863 2760 1916 hanc
2783 1861 3288 1928 interpretationem
3317 1855 3434 1910 fore

1850 1957 1896 2011 ei
1927 1957 2016 2026 qui
2051 1965 2231 2009 mente
2270 1955 2414 2008 illam
2444 1955 2738 2008 studiosius
2768 1953 3073 2007 revolverit.
3116 1950 3173 2005 Si
3205 1950 3326 2019 quis
3355 1958 3438 2000 ta-

1852 2065 1970 2101 men
2027 2049 2075 2101 ei
2121 2045 2550 2110 contradixerit,
2607 2044 2793 2098 alieret
2834 2045 2975 2112 quod
3013 2045 3065 2095 in
3109 2041 3215 2095 line
3271 2041 3432 2110 hujus

1847 2141 2124 2209 Evangelii
2149 2151 2269 2208 post
2302 2139 2757 2193 resurrectionem
2788 2152 2816 2188 a
2851 2135 3078 2190 Domino
3109 2136 3311 2189 dicitur
3340 2150 3435 2186 un-

1848 2235 2019 2289 decim
2051 2233 2335 2302 discipulis
2366 2251 2378 2286 :
2413 2233 2554 2287 Data
2589 2245 2660 2287 est
2694 2233 2820 2286 mihi
2846 2233 3014 2285 omnis
3037 2238 3269 2298 potestas
3295 2229 3434 2281 sicut

1847 2325 1902 2376 in
1923 2325 2050 2378 coelo
2079 2334 2125 2377 et
2151 2327 2203 2377 iu
2230 2334 2369 2376 terra
2398 2325 2462 2376 ³⁷.
2498 2323 2630 2378 Cum
2667 2326 2810 2378 enim
2848 2323 3076 2377 haberet
3105 2330 3428 2390 potestatem

1847 2429 2034 2469 eorum
2067 2431 2186 2484 quae
2218 2426 2341 2469 sunt
2376 2419 2427 2469 in
2466 2416 2624 2478 coelo,
2665 2416 2941 2483 accepisse
2969 2431 3028 2468 se
3054 2422 3319 2483 prmterea
3354 2411 3430 2464 ait

1847 2517 2170 2578 potestatem
2197 2523 2383 2562 eorum
2415 2523 2535 2576 qum
2570 2517 2695 2561 sunt
2727 2508 2779 2559 in
2821 2518 2962 2561 terra
3000 2524 3014 2560 :
3050 2522 3172 2560 cum
3210 2521 3272 2560 ea
3307 2522 3438 2575 quae

1845 2611 1971 2654 sunt
2001 2601 2052 2653 in
2083 2600 2384 2668 cmlis,jatn
2412 2612 2569 2654 antea
2599 2601 2709 2654 sint
2741 2615 2768 2652 a
2803 2601 2979 2655 Verbo
3011 2601 3312 2653 illuminala
3335 2616 3349 2664 ;
3373 2601 3426 2653 in

1845 2695 2312 2746 consummatione
2343 2702 2522 2746 autem
2565 2692 2745 2746 saeculi
2789 2692 2954 2746 ctiam
3005 2708 3125 2761 quae
3170 2693 3226 2746 in
3280 2702 3425 2746 terra

1844 2789 1971 2838 sntit
2012 2799 2109 2851 per
2151 2785 2332 2838 datam
2363 2783 2499 2837 Filio
2526 2791 2844 2851 potestatem
2897 2782 3178 2836 imitentur
3207 2798 3327 2850 quae
3372 2783 3423 2836 in

1844 2876 1983 2930 cmlo
2008 2875 2242 2946 perfecta
2273 2884 2432 2938 sunt,
2466 2884 2520 2929 et
2559 2890 2787 2943 quorum
2836 2885 3157 2944 potestatem
3207 2877 3422 2944 accepit

1847 2964 2119 3020 Salvator.
2149 2963 2272 3019 Vult
2300 2981 2428 3035 ergo
2462 2981 2557 3034 per
2584 2965 2888 3019 orationem
2934 2981 3031 3020 ceu
3069 2966 3419 3037 coadjutorcs

153 3075 226 3128 ρον
252 3062 349 3114 ὐπὸ
378 3061 473 3115 τοῦ
508 3063 703 3129 Λόγου
750 3061 1204 3130 πεφωτισμένωψ
1240 3063 1331 3116 ἐπὶ
1362 3063 1418 3115 δὲ
1455 3065 1520 3133 τῇ
1550 3079 1735 3114 συντε-

1847 3060 1945 3113 sibi
1983 3074 2195 3113 sumere
2230 3059 2295 3112 ad
2327 3059 2539 3113 Patrem
2571 3059 2888 3128 discipulos,
2927 3067 2981 3112 ut
3014 3075 3136 3112 cum
3193 3076 3253 3113 ea
3300 3076 3421 3126 qnzc

150 3147 244 3219 λείᾳ
269 3151 357 3203 τοῦ
389 3152 596 3215 αἰῶνος
635 3153 738 3204 καὶ
786 3152 894 3204 τῶν
927 3153 1018 3204 ἐπὶ
1058 3152 1161 3222 γῆς
1193 3153 1280 3207 διὰ
1317 3153 1416 3225 τὴν
1448 3154 1736 3225 δεδομένην

150 3235 365 3298 ἐξουσίαν
390 3241 470 3310 τῷ
513 3239 634 3310 Υἱῷ
659 3239 764 3291 τοῦ
795 3237 954 3301 Θεοῦ,
991 3240 1340 3310 μιμουμένων
1379 3240 1445 3293 τὰ
1480 3235 1552 3293 ὧν
1587 3241 1731 3305 ἐξου-

151 3329 248 3381 σίαν
267 3333 293 3382 ό
318 3332 510 3404 Σωτὴρ
541 3331 774 3394 1ἐλαοῖεν,
796 3333 856 3384 ἐν
885 3331 1097 3402 οὐρανῷ
1123 3334 1568 3404 κατορθουμένων
1601 3335 1731 3405 (90).

149 3421 298 3474 Οξονεὶ
323 3421 413 3477 οὖν
435 3425 529 3478 διὰ
557 3427 678 3477 τῶν
710 3424 893 3493 εὐχῶν
924 3427 1210 3496 συνεργοὺς
1237 3427 1373 3498 πρὸς
1399 3428 1489 3480 τὸν
1517 3431 1737 3502 Πατέρα

149 3511 366 3580 βούλεται
390 3515 585 3571 λαϐεῖν
609 3517 749 3579 τοὺς
772 3516 1250 3586 μαθητευομένους
1265 3518 1432 3588 αὐτῷ,
1457 3520 1520 3571 ἶν’
1538 3522 1737 3592 όμοίως

147 3606 238 3665 τοῖς
263 3606 316 3658 ὲν
338 3606 562 3676 οὐρανῷ
592 3607 1074 3676 ὑποτεταγμένοις
1104 3605 1328 3678 ἀληθείᾳ
1354 3608 1451 3660 καὶ
1482 3610 1638 3681 Λόγῳ
1669 3613 1735 3666 τὰ

147 3694 220 3748 ἐπὶ
248 3698 343 3768 γῆς
373 3697 786 3770 διορθωθέντοι,
816 3696 914 3766 τὴν
942 3695 1184 3761 ἐξουσίαν
1212 3698 1319 3767 (91)
1355 3701 1418 3770 ἢν
1445 3699 1633 3755 ἔλαϐεν
1659 3704 1736 3768 ὼς

147 3784 192 3837 ὲν
211 3789 410 3860 οὐρανῷ
440 3791 538 3843 καὶ
564 3790 667 3842 ἐπὶ
694 3789 824 3859 γῆς,
857 3791 935 3851 εἰς
965 3789 1115 3852 τέλος
1143 3791 1326 3863 ἀγάγῃ
1358 3791 1465 3846 τῶν
1490 3792 1734 3858 ἐξουσια-

148 3879 360 3950 ζομένων
402 3885 715 3954 μακάριον.
775 3882 835 3933 Ὀ
874 3881 930 3933 δὲ
979 3877 1144 3935 θέλων
1185 3883 1412 3953 οὐρανὸν
1462 3881 1598 3938 εἶναι
1644 3887 1733 3940 τὸν

146 3970 364 4043 Σωτῆρα,
387 3976 490 4045 τὴν
523 3975 583 4028 δὲ
612 3975 726 4044 γῆν
771 3973 1115 4044 Ἐκκλησίαν,
1143 3974 1232 4026 τὸν
1259 3978 1599 4046 πρωτότοκον
1631 3980 1734 4032 πά-

146 4077 228 4131 σης
259 4065 507 4128 κτίσεως,
559 4061 608 4133 ᾧ
638 4069 669 4118 ό
710 4065 907 4137 Πατὴρ
941 4065 1015 4128 ὡς
1067 4065 1240 4136 θρόνῳ
1283 4069 1729 4136 ὲπαναπαύεται,

145 4153 341 4219 φάσκων
371 4155 517 4211 εἶναι
547 4158 651 4210 τὸν
686 4157 941 4228 οὐρανὸν,
977 4157 1154 4228 εὐρεῖν
1189 4160 1296 4228 (9'2)
1332 4161 1421 4214 τὸν
1446 4163 1730 4234 ἄνθρωπον

143 4243 190 4295 ὃν
222 4249 497 4303 ἐνεδύσατο
532 4247 908 4302 οίκειωθέντα
942 4249 1120 4322 ἐκείνῃ
1145 4254 1207 4322 τῇ
1249 4252 1512 4323 δυνάμει,
1554 4255 1730 4319 διὰτὸ

142 4343 586 4396 τεταπεινωκέναι
615 4341 824 4396 ἑαυτὸν
852 4344 943 4394 καὶ
969 4344 1257 4413 γενόμενον
1288 4345 1524 4416 ὑπήκοον
1568 4347 1728 4420 μέχρι

1846 3151 1898 3204 in
1935 3160 2073 3205 terra
2106 3159 2248 3212 sunt,
2271 3151 2336 3202 ad
2351 3149 2758 3203 similitmlinem
2785 3149 2987 3201 directa
3016 3147 3417 3202 l‘uerinteorum

1845 3257 1965 3313 qua:
1996 3244 2045 3296 in
2067 3241 2217 3294 malis
2235 3243 2472 3309 subjecta
2491 3249 2614 3295 sunt
2632 3241 2842 3293 veritati
2863 3251 2915 3295 et
2936 3241 3129 3303 Verbo,
3155 3249 3422 3309 potestale

1845 3351 2006 3405 quam
2043 3335 2250 3405 accepit
2281 3336 2420 3388 sicut
2452 3334 2505 3386 in
2537 3334 2672 3388 cmlo
2701 3343 2753 3388 et
2789 3333 2840 3386 in
2877 3345 3043 3398 terra,
3072 3334 3160 3386 illa
3195 3335 3261 3386 ad
3296 3333 3415 3386 feli-

1844 3431 2121 3485 cissimum
2157 3431 2316 3483 linem
2362 3428 2621 3498 perducat
2646 3443 2832 3481 eorum
2866 3429 2953 3496 qui
2993 3429 3043 3481 in
3083 3427 3201 3496 ejus
3255 3438 3414 3496 pote-

1843 3531 1984 3576 state
2034 3534 2176 3576 sunt.
2213 3523 2283 3576 At
2334 3522 2420 3589 qui
2462 3519 2806 3576 Servatorem
2841 3521 3016 3590 ipsum
3063 3520 3256 3574 coelum
3299 3535 3418 3574 esse

1843 3615 1980 3680 vult,
2013 3625 2212 3668 terram
2240 3625 2419 3670 autem
2445 3613 2764 3678 Ecclesiam,
2798 3613 3214 3684 primogenitum
3240 3611 3418 3665 omnis

1842 3717 2106 3760 creatura:
2133 3707 2184 3760 in
2212 3720 2316 3774 quo
2342 3706 2508 3759 veluti
2540 3706 2678 3760 solio
2707 3702 3200 3774 requiescitPater,
3233 3701 3420 3756 dicens

1842 3797 2003 3868 242
2033 3813 2153 3852 esse
2179 3800 2400 3862 etelum,
2435 3806 2646 3852 asseret
2678 3797 2952 3850 hominem
2979 3810 3134 3862 quem
3166 3793 3417 3845 induerat

1842 3902 2092 3945 ornatum
2119 3893 2235 3963 ejus
2268 3894 2538 3956 Detenlia,
2581 3905 2646 3944 eo
2683 3889 2826 3958 quod
2869 3886 3173 3942 ltumiliarit
3219 3893 3420 3937 semet-

1832 3980 2016 4048 ipsum
2053 3992 2108 4033 et
2135 3982 2310 4036 l'actus
2338 3983 2408 4035 sit
2437 3979 2696 4036 obediens
2720 3993 2888 4046 usque
2921 3977 2985 4030 ad
3019 3986 3268 4038 mortem,
3297 3983 3420 4043 post

1841 4072 2298 4125 resurrectionem
2341 4071 2524 4126 dicere
2560 4085 2574 4123 :
2616 4069 2750 4122 Data
2783 4078 2857 4121 est
2890 4069 3016 4121 mihi
3056 4066 3226 4119 omnis
3268 4073 3419 4131 pote-

1838 4175 1946 4218 stas
1983 4166 2114 4218 sicut
2144 4165 2197 4218 in
2237 4165 2363 4218 coelo
2387 4174 2435 4218 et
2462 4165 2515 4218 in
2545 4175 2686 4218 terra
2714 4165 2793 4228 ²⁸;
2831 4177 2951 4215 cum
3001 4159 3271 4238 acceperit
3321 4157 3416 4226 qui

1841 4257 1894 4310 in
1938 4256 2221 4311 Salvatore
2262 4267 2346 4311 est
2391 4260 2548 4310 homo
2581 4266 2900 4325 potestatem
2946 4252 3247 4306 cmleslium
3294 4265 3416 4318 quae

1843 4346 2162 4417 Unigcnitus
2190 4349 2373 4414 habet,
2412 4359 2471 4404 ut
2500 4351 2546 4403 ei
2584 4351 2969 4414 communicet,
3001 4348 3114 4416 ejus
3139 4346 3415 4400 divinitati

144 4428 369 4498 θανάτου,
393 4435 588 4503 λέγειν
622 4433 774 4505 μετὰ
798 4435 897 4504 τὴν
929 4435 1218 4488 ἀνάστασιν
1247 4436 1330 4488 τό*
1374 4437 1583 4507 Ἐδόθη
1624 4457 1727 4509 μοι

1847 4442 2119 4507 ιιιηιίειυε,
2149 4443 2307 4510 eique
2333 4443 2533 4498 unitus.
2565 4443 2734 4498 Porro
2775 4445 2830 4497 in
2871 4443 3113 4499 secunda
3161 4440 3416 4508 Opinione

145 4523 288 4580 πᾶσα
308 4528 591 4592 ἐξουσία,
626 4529 711 4593 ὡς
746 4528 818 4580 ἐν
849 4528 1102 4594 οϊφανῷ,
1137 4530 1232 4582 καὶ
1258 4529 1357 4581 ἐπὶ
1385 4529 1514 4600 γῆς’
1543 4531 1732 4586 λαϐόν-

144 4630 218 4678 τος
232 4618 318 4670 τοῦ
345 4620 489 4674 κατὰ
519 4620 622 4672 τὸν
644 4618 881 4689 Σωτῆρα
906 4619 1190 4692 ἀνθρώπου
1222 4621 1322 4692 τὴν
1353 4622 1598 4687 ἐξουσίαν
1619 4626 1728 4679 τῶν

145 4705 192 4758 ἐν
217 4710 438 4782 οὐρανῷ,
469 4706 592 4764 οἷον
612 4710 732 4763 τῶν
759 4711 1174 4782 ἐνυπαρχόντων
1194 4713 1274 4783 τῷ
1299 4714 1610 4782 Μονογενεῖ,
1641 4717 1729 4770 ἵνα

201 4846 240 4877 ’⁸
275 4847 294 4901 1
329 4848 455 4903 Cor.
504 4865 599 4917 vn,
660 4848 755 4903 i7.
836 4851 878 4880 '7
916 4849 1102 4905 Matth.
1154 4867 1363 4917 xxvm,
1423 4853 1505 4908 l8.

200 5006 301 5078 (89.)
329 5010 519 5063 Codex
569 5025 710 5074 ms.,
743 5008 809 5060 δι’
839 5010 890 5062 ἆ.
921 5010 1095 5064 Editio
1124 5010 1350 5078 Oxon..,
1384 5011 1471 5066 διὰ
1492 5014 1544 5067 ἄ.

203 5009 281 5075 (89.
329 5010 519 5063 Codex
569 5025 710 5074 ms.,
743 5009 809 5060 δι’
839 5010 890 5062 ἆ.
921 5010 1095 5064 Editio
1124 5010 1350 5078 Oxon..,
1384 5011 1471 5066 διὰ
1492 5014 1544 5067 ἄ.

203 5009 304 5150 (85)
336 5081 529 5135 Codex
561 5096 703 5141 ms.,
737 5078 1060 5150 λεληθότως.
1092 5082 1234 5137 Edit.
1275 5084 1475 5150 Oxon.,
1507 5082 1728 5154 λεληθό-

138 5163 305 5286 αἶ84)
338 5222 444 5275 Διὰ
474 5222 553 5274 τὰ
588 5217 890 5286 ἡττῶντα,
921 5230 1027 5275 etc.
1055 5219 1324 5275 Bentleius
1344 5222 1470 5289 legit
1505 5243 1517 5276 :
1549 5223 1636 5276 διὰ
1667 5223 1727 5276 τὸ

139 5289 380 5360 ἡττῆσθαι
424 5293 540 5344 τῶν
590 5289 982 5358 πνευματικῶν
1020 5292 1116 5361 τῆς
1154 5291 1414 5363 πονηρίας
1454 5292 1622 5346 ὄντων
1669 5297 1727 5346 ἐν

259 5363 636 5434 ἐπουρανίοις.

201 5432 305 5498 (85)
341 5427 529 5486 Codex
562 5447 674 5483 ms.
710 5427 882 5492 οὕτως
909 5429 1055 5496 ἄξιος
1083 5431 1284 5496 θρόνος.
1313 5429 1487 5485 Editio
1517 5431 1719 5497 Oxon.,

135 5496 264 5573 οὕτω
290 5496 600 5573 (οὐράνιος)
632 5500 847 5573 θρόνος.

329 5567 726 5628 κωλύεσθαι.
775 5569 919 5641 Lego
941 5611 956 5636 ,
998 5567 1285 5626 κολλᾶσθαι
1317 5569 1498 5640 αὐτῷ,
1534 5571 1628 5623 καὶ
1666 5570 1724 5624 ἓν

195 5642 394 5697 νέσθαι.

135 5654 308 5835 ﬂigi)
331 5715 523 5767 Codex
555 5727 699 5775 ms.,
733 5709 811 5773 ὡς
837 5710 1166 5780 τετέλεσται,
1189 5712 1319 5768 edit.
1355 5709 1556 5777 Oxon.,
1580 5708 1724 5765 ὥστε

135 5794 240 5832 πτε
276 5800 447 5837 ’σταα

1593 4859 1638 4888 ’⁸
1662 4860 1796 4915 Ibid.

1838 4548 1962 4588 cum
1997 4536 2232 4588 nondum
2261 4538 2432 4589 soluta
2466 4537 2536 4590 sit
2559 4536 2809 4604 quaastio,
2856 4529 3140 4605 quomodo'
3163 4536 3416 4588 voluntas

1841 4625 1935 4678 Dei
1963 4625 2021 4677 lit
2054 4625 2106 4677 in
2137 4625 2294 4690 caelo,
2331 4641 2451 4680 cum
2486 4628 2785 4696 spiritualia
2827 4609 3081 4697 nequitiae
3124 4641 3245 4693 quae
3290 4631 3416 4679 sunt

1835 4716 1889 4770 in
1920 4717 2254 4780 caelestibus.
2284 4718 2350 4772 iis
2384 4720 2476 4788 qui
2519 4719 2657 4775 sunt'
2686 4720 2738 4772 in
2793 4731 2959 4788 terra,
2988 4719 3354 4774 colluctentur
3394 4735 3410 4772 :

1829 5012 2010 5137 0ή(88)
2041 5012 2218 5068 Codex
2249 5027 2370 5079 ms.,
2404 5013 2802 5084 παραθήσεται.
2830 5015 2974 5071 Edit.
3007 5015 3206 5083 0x0tt.,
3238 5036 3419 5089 παρα-

1903 5102 2079 5137 στιται.
2259 5127 2264 5132 κ

1865 5086 2234 5226 ήῗέθῗὶοόυχ
2259 5127 2548 5226 ⁸ιηεομέχων.
2583 5153 2727 5226 Edit.
2763 5154 2964 5226 Oxum,
3007 5157 3171 5226 ἔχειν.
3211 5158 3412 5214 Ibidem

1828 5221 2105 5303 Bentleius
2136 5223 2295 5303 legit,
2332 5221 2579 5303 ἐξουσίαν
2617 5224 2714 5303 τὴν
2756 5227 2813 5280 ἐν
2847 5221 3126 5303 οὐρανῷ...
3175 5228 3273 5300 τὴν
3321 5231 3415 5282 ἐπὶ

1826 5297 1950 5369 γῆς,
1984 5294 2062 5369 vel
2091 5294 2418 5369 utrobique,
2466 5295 2715 5360 ἐξουσίαν
2745 5298 2844 5368 τὴν
2878 5294 2986 5350 τῶν
3026 5294 3085 5352 ἐν
3128 5294 3412 5369 οὐρανῷ...

1826 5361 1923 5436 τὴν
1950 5363 2054 5436 τῷν
2088 5361 2180 5415 ἐπὶ
2212 5361 2331 5436 γῆς.
2357 5367 2362 5373 “

1824 5431 2554 5575 Θοέξὲιίέζέιζατορθουμένων.
2589 5435 2734 5504 Lego
2773 5453 2895 5492 cum
2922 5439 3186 5506 Bentleio,
3207 5455 3415 5510 κατορ-

1899 5570 2008 5648 (9ί)
2041 5573 2158 5648 Τὴν
2191 5570 2503 5648 ἐξουσίαν’.
2545 5574 2710 5645 Lego,
2746 5579 2811 5648 τῇ
2848 5575 3087 5648 ἐξουσία.

1901 5593 2008 5648 (ω)
2043 5593 2158 5640 [nr
2191 5593 2503 5636 εςουσιαν.
2545 5593 2710 5645 Lego,
2746 5593 2811 5648 τῃ
2848 5593 3027 5642 εςουσι
3076 5614 3087 5628 .

1901 5645 2011 5715 (92)
2049 5643 2286 5718 ῌύρεῖτ,
2315 5651 2420 5697 etc.
2455 5643 2598 5718 Lego
2639 5662 2764 5718 cum
2796 5648 3007 5718 eodem,
3033 5593 3272 5718 ipsi-cev
3316 5645 3410 5699 ἄν·

1826 5712 2039 5787 θρωπε.
2065 5714 2124 5767 ὃν
2143 5712 2446 5780 ἐνεδύσατο,
2468 5712 2816 5771 οἰκειωθέντα
2841 5716 3048 5770 ἐκείνου
3070 5712 3134 5787 τῇ
3156 5716 3405 5787 δυνάμει.
