3954 6414
463 204 574 262 505

1938 193 2262 249 OlilGENlS

3634 188 3731 242 504

461 323 589 376 hinc
617 319 707 373 illa
742 318 820 372 sic
854 316 1052 387 poterit
1081 314 1280 369 resolvi
1315 331 1329 367 :
1360 314 1502 369 sicut
1549 326 1652 364 non
1695 321 1917 381 propter
1960 311 2037 364 lo-

2157 308 2297 378 αὐτῷ
2323 310 2572 379 κοινωνῇ,
2603 307 3032 380 ἀνακιρνάμενος
3066 307 3176 378 (95)
3208 305 3418 359 ἐκείνου
3445 307 3514 374 τῇ
3551 303 3738 376 θεότη-

462 427 610 476 cum,
647 410 742 465 sed
777 418 998 480 pr0pler
1023 406 1275 462 allectum
1304 409 1349 461 is
1373 406 1466 475 qui
1495 405 1671 460 adhuc
1713 414 1797 458 est
1833 405 1886 457 in
1930 413 2041 457 ter-

463 517 548 569 ra,
575 501 670 558 sed
697 499 1164 556 conversationem
1196 498 1357 552 habet
1385 497 1438 551 in
1487 495 1642 552 caelis
1678 505 1733 551 et
1769 496 2041 551 ibt-sauri-

464 602 554 648 zat
581 593 635 648 in
669 591 805 646 coelo
833 604 925 645 cor
953 590 1159 645 habens
1187 589 1240 642 in
1273 587 1436 651 coelo,
1464 585 1868 658 imaginemque
1918 601 2042 655 por-

465 695 542 739 tat
571 683 864 747 Caelestis,
906 698 1013 736 non
1056 681 1292 752 amplius
1325 681 1393 736 de
1451 689 1594 736 terra
1641 689 1724 733 est
1767 693 1943 749 neque
1979 681 2045 733 de

463 777 662 830 mundo
690 773 957 838 inferiori,
991 774 1084 828 sed
1118 776 1184 827 de
1213 773 1355 827 c0310
1383 781 1438 828 et
1469 772 1694 827 meliore
1731 786 1896 840 quam
1940 770 2045 824 iste

462 879 566 932 est,
591 865 799 922 cmlesti
832 865 1052 931 mundo;
1083 865 1161 919 sic
1193 864 1283 918 illa
1315 879 1436 932 qua:
1464 863 1518 916 in
1546 864 1699 920 caelis
1723 865 1899 919 adhuc
1922 878 2047 918 ver-

463 966 655 1012 santur
680 955 983 1024 spiritualia
1013 955 1298 1023 nequitiae,
1329 971 1452 1011 cum
1487 958 1538 1010 in
1570 965 1717 1011 terra
1749 970 2046 1012 conversa-

465 1049 665 1102 tionem
692 1047 951 1114 habeant,
980 1047 1330 1132 eolluctandp
1360 1047 1686 1103 insidientur
1710 1049 2044 1111 hominibus.

465 1139 836 1198 thesaurizent
871 1139 925 1193 in
959 1146 1102 1194 terra
1145 1149 1474 1208 portentque
1508 1141 1803 1208 imaginem
1839 1139 2044 1196 terreni

463 1233 554 1302 qui
585 1243 659 1288 est
687 1233 1002 1301 principium
1036 1233 1374 1300 formationis
1405 1231 1638 1297 Domini,
1673 1231 1853 1300 factae,
1883 1241 1938 1284 ut
1976 1231 2046 1284 il-

464 1326 683 1379 ludatur
711 1325 775 1378 ab
809 1327 1009 1394 angelis
1059 1326 1142 1391 '9,
1193 1341 1298 1379 non
1342 1335 1468 1379 sunt
1519 1326 1765 1380 cmlestia
1799 1365 1814 1390 ,
1872 1340 2048 1394 neque

465 1424 687 1485 pr0pter
720 1414 972 1471 affectum
1014 1430 1238 1483 pravum
1292 1415 1344 1469 in
1396 1415 1551 1469 ctelis
1599 1415 1870 1469 habitant.
1910 1413 2044 1468 Cum

465 1522 596 1576 ergo
622 1506 822 1560 dicitur
859 1524 872 1559 :
902 1503 1028 1558 Fiat
1064 1506 1307 1559 voluntas
1333 1515 1425 1559 tua
1459 1507 1593 1560 sicut
1633 1505 1687 1560 in
1723 1505 1853 1559 caelo
1896 1513 1945 1557 et
1991 1503 2046 1556 in

468 1606 635 1661 terra,
671 1614 735 1652 ne
765 1613 887 1654 esse
914 1597 1131 1666 quidem
1164 1597 1238 1651 illi
1275 1599 1324 1651 in
1352 1598 1492 1652 coelo
1527 1597 1751 1668 putandi
1800 1605 1925 1651 sunt
1952 1595 2043 1664 qui

469 1692 634 1744 animi
659 1692 1020 1759 pt‘opcnsione
1045 1705 1168 1744 cum
1197 1689 1287 1745 illo
1309 1690 1400 1759 qui
1429 1689 1629 1745 cecidit
1658 1688 1725 1744 de
1744 1689 1885 1744 caelo
1909 1688 2052 1744 sicut

467 1784 651 1853 fulgur
690 1783 1029 1838 ceciderunt.
1066 1781 1233 1837 Forte
1280 1783 1445 1836 etiam
1473 1797 1616 1852 cum
1659 1779 1927 1835 orandum
1976 1779 2052 1832 ait

470 1874 736 1932 Servator
755 1886 965 1942 noster,
989 1885 1049 1929 ut
1071 1874 1250 1930 Patris
1277 1874 1527 1928 voluntas
1550 1872 1643 1928 liat
1665 1873 1805 1928 sicut
1829 1872 1881 1926 in
1913 1871 2051 1926 coelo

467 1969 549 2024 sic
567 1977 621 2023 et
651 1969 703 2022 in
727 1978 896 2030 terra,
925 1983 1028 2021 non
1054 1967 1278 2021 omnino
1300 1967 1365 2021 de
1388 1966 1473 2020 bis
1495 1965 1585 2034 qui
1614 1965 1666 2019 in
1693 1973 1909 2019 terreno
1932 1964 2052 2018 loco

469 2071 618 2125 sunt,
654 2060 768 2115 ﬁeri
793 2058 948 2128 jubet
983 2074 1192 2129 preces,
1227 2067 1287 2113 ut
1320 2059 1401 2113 eis
1443 2058 1652 2112 similes
1684 2055 1816 2110 ﬁant
1863 2055 1956 2125 qui
1996 2054 2050 2108 in

470 2153 677 2209 caelesti
725 2160 851 2206 sunt
892 2152 1046 2220 loco;
1089 2152 1184 2206 sed
1217 2166 1280 2206 ea
1323 2159 1508 2206 mente
1549 2149 1854 2203 orationem
1906 2146 2050 2202 illam

469 2244 734 2314 praecipit,
768 2253 826 2297 ut
857 2244 1039 2298 omnia
1067 2258 1187 2314 quae
1221 2243 1274 2295 in
1315 2252 1459 2296 terra
1493 2250 1642 2306 sunt,
1671 2241 1779 2294 hoc
1803 2246 1886 2292 est
1932 2253 2053 2306 quae

469 2335 744 2391 deteriora
776 2345 830 2390 ct
861 2336 1033 2402 magis
1073 2333 1305 2389 terrenis
1332 2333 1535 2400 atiinia,
1571 2332 1889 2388 mclioribus
1917 2333 2053 2386 assi-

470 2427 732 2481 milentur
760 2441 880 2495 qua:
911 2426 1114 2480 habent
1159 2427 1634 2480 conversationem
1675 2426 1726 2479 in
1765 2426 1918 2481 caalis
1945 2464 1961 2489 ,
1997 2433 2053 2478 et

469 2519 654 2573 omnia
689 2519 886 2573 ccelum
921 2518 1075 2573 (iant.
1111 2517 1375 2574 Pcccator
1401 2521 1547 2572 enim
1579 2519 1885 2588 ubicunque
1928 2530 2052 2572 tan-

471 2607 592 2661 dem
632 2608 726 2672 sit,
763 2617 902 2662 terra
933 2617 1036 2671 est,
1067 2608 1118 2662 in
1145 2617 1433 2676 cognatam
1466 2617 1692 2674 terram,
1737 2611 1838 2664 nisi
1869 2610 2051 2679 pinni-

470 2699 1313 2770 teat,aliquandudissolvendus;
1339 2702 1429 2771 qni
1451 2717 1578 2757 vero
1602 2702 1694 2756 Dei
1723 2703 2049 2758 voluntatem

469 2789 620 2856 facit,
657 2803 758 2844 nec
782 2790 1049 2846 salutares
1087 2792 1204 2861 ejus
1248 2793 1566 2862 spirituales
1611 2794 1758 2866 leges
1806 2796 2052 2868 negligit,

471 2879 669 2934 ccelum
694 2889 797 2935 est.
821 2879 947 2936 Sive
973 2881 1138 2952 igitur
1160 2882 1336 2936 adhuc
1365 2891 1506 2937 terra
1528 2899 1624 2952 per
1649 2898 1930 2954 peccatum
1961 2903 2052 2941 su-

470 2987 615 3040 mus,
647 2987 870 3029 oremus
892 2973 947 3028 in
979 2990 1080 3029 nos
1101 2975 1266 3030 etiam
1296 2977 1374 3032 sic
1403 2978 1468 3031 ad
1492 2978 1928 3034 emendationem
1955 2995 2053 3034 no-

470 3075 640 3121 stram
663 3067 881 3122 extendi
902 3067 1236 3124 voluntatem
1257 3070 1518 3137 divinam,
1545 3072 1688 3127 sicut
1711 3073 1776 3125 ad
1804 3073 2052 3142 illosjam

471 3157 692 3226 pertigit
724 3158 817 3227 qui
857 3168 985 3214 ante
1014 3175 1115 3215 nos
1155 3161 1353 3216 cmlum
1402 3161 1530 3218 facti
1576 3172 1740 3231 sunt,
1784 3175 1878 3219 aut
1931 3177 2058 3222 sunt

475 3246 636 3318 243
670 3249 867 3304 ctelum
904 3272 916 3307 :
948 3251 1064 3306 sive
1115 3266 1222 3305 non
1274 3261 1441 3317 terra,
1475 3256 1572 3308 sed
1622 3254 1819 3309 coelum
1865 3257 1979 3326 jam
2019 3273 2051 3313 a

476 3335 588 3391 Deo
625 3340 857 3408 reputati
895 3355 1111 3404 sumus,
1140 3355 1428 3410 precemur
1462 3341 1604 3397 sicut
1643 3343 1694 3397 in
1722 3345 1860 3400 coelo
1891 3347 1971 3402 sic
2003 3357 2058 3404 et

475 3429 533 3483 in
570 3438 741 3495 terra,
775 3431 878 3486 hoc
904 3443 988 3486 est
1020 3431 1072 3485 in
1103 3432 1464 3489 deterioribus
1493 3434 1809 3491 hominibus
1842 3437 2057 3507 impleri

474 3521 817 3576 voluntatem
841 3524 958 3588 Dei,
999 3535 1057 3578 ut
1080 3533 1224 3578 terra
1265 3525 1355 3579 illa
1393 3527 1618 3591 cmlum,
1650 3537 1708 3580 ut
1740 3528 1813 3583 ita
1857 3530 2056 3596 dicam,

475 3612 592 3679 ﬁat;
615 3614 687 3666 ita
724 3623 906 3668 utnon
928 3616 1250 3687 sitamplius
1279 3635 1512 3688 usquam
1549 3629 1713 3686 terra,
1745 3621 1840 3675 sed
1873 3622 2058 3677 omnia

477 3704 673 3761 calum
689 3706 842 3761 liant.
860 3709 916 3762 Si
934 3710 1078 3763 enim
1105 3711 1246 3766 sicut
1267 3713 1320 3766 in
1355 3711 1688 3780 cmlo,juxta
1717 3715 1858 3768 banc
1892 3715 2060 3769 inter-

477 3799 870 3869 pretationem,
897 3801 976 3857 sic
1009 3813 1064 3858 et
1101 3804 1154 3858 in
1189 3797 1334 3858 terra
1364 3807 1458 3859 tiat
1483 3805 1734 3860 voluntas
1766 3804 1880 3870 Dei,
1914 3817 2059 3860 terra

478 3908 588 3948 non
610 3893 850 3948 manebit
871 3902 1055 3962 terra;
1085 3905 1147 3951 ut
1179 3896 1222 3951 si
1257 3898 1364 3953 alio
1390 3913 1521 3954 usus
1553 3898 1803 3968 exemplo
1821 3901 2088 3968 apertius,

478 3984 747 4040 dicerem:
767 3987 886 4042 siut
905 3987 1154 4044 voluntas
1175 3989 1270 4044 Dei
1293 3989 1435 4045 facta
1464 4000 1549 4046 est
1567 3991 1618 4045 in
1645 3991 1957 4045 hominibus
1973 4006 2065 4060 pu-

480 4076 640 4142 dicis,
672 4078 752 4132 sic
789 4077 884 4132 ﬁat
914 4088 968 4133 et
989 4079 1041 4133 in
1073 4079 1388 4149 impudicis,
1410 4080 1839 4149 intemperantes
1879 4081 2060 4149 pudici

479 4176 677 4234 erunt;
700 4177 792 4223 aut
814 4169 859 4223 si
885 4170 1029 4225 sicut
1047 4170 1189 4225 facta
1211 4183 1297 4224 est
1315 4171 1568 4225 voluntas
1587 4171 1679 4226 Dei
1703 4171 1957 4241 tnjustis,
1985 4170 2065 4226 sic

481 4256 582 4312 ﬁat
616 4258 669 4312 in
704 4258 944 4328 injustis,
984 4260 1173 4330 injusti
1203 4260 1339 4328 justi
1370 4269 1554 4315 erunt.
1601 4260 1722 4316 Ideo
1759 4262 1802 4316 si
1834 4262 1978 4316 sicut
2009 4261 2063 4314 in

2142 418 2217 464 τι,
2249 401 2341 453 καὶ
2367 399 2652 471 ἐνούμενος
2679 399 2843 470 αὐτῷ.
2870 399 2965 471 Μὴ
2990 398 3216 462 λύοντος
3240 399 3296 452 δέ
3318 415 3404 450 πω
3431 396 3530 449 τοῦ
3553 396 3736 448 δευτέ-

2149 511 2241 564 ρου
2273 492 2342 546 τὰ
2363 491 2688 564 ὴπορημένα
2720 491 2846 564 περὶ¹
2873 491 2988 556 τοῦ,
3020 491 3137 555 πῶς
3155 491 3217 544 τὸ
3235 491 3451 562 θέλημα
3473 487 3572 544 τοῦ
3600 487 3737 540 Θεου

2145 589 2293 639 ἐστιν
2319 585 2377 638 ὲν
2408 581 2645 654 οὐρανῷ,
2670 581 2779 637 τῶν
2808 585 2864 636 ὲν
2886 584 2998 646 τοῖς
3043 582 3384 654 ἐπουρανίοις
3434 598 3738 653 πνευματι-

2145 675 2257 729 κῶν
2288 675 2385 746 τῆς
2417 674 2682 745 πονηρίας
2706 672 3162 727 ἀντιπαλαιόντων
3193 676 3306 738 τοῖς
3331 674 3423 726 ἐπὶ
3445 676 3573 745 γῆς,
3599 675 3740 727 ἐκεῖ·

2146 763 2237 819 θεν
2267 765 2480 818 ἐνέσται
2508 764 2653 818 λύειν
2680 764 2852 828 οὓτως
2874 764 2935 817 τὸ
2967 763 3317 835 ζητούμενονο
3352 765 3436 818 ὅτι
3461 764 3655 837 ὥσπερ
3674 765 3734 818 οὐ

2144 855 2233 912 διὰ
2260 857 2352 911 τὸν
2383 858 2569 921 τόπον,
2599 856 2734 910 ἀλλὰ
2765 856 2854 910 διὰ
2871 856 2970 928 τὴν
2998 857 3336 930 προαίρεσιν,
3371 859 3400 910 ό
3439 856 3521 910 ἔτι
3548 857 3625 908 ὣν
3647 858 3737 910 ἐπὶ

2145 949 2269 1020 γῆς,
2299 948 2604 1018 πολίτευμα
2633 948 2771 1018 ἔχων
2809 950 2866 1003 ὲν
2895 950 3164 1022 οὐρανοῖς,
3189 951 3282 1003 καὶ
3309 949 3658 1021 θησαυρίζων
3682 951 3740 1001 ἐν

2146 1041 2379 1114 οὐρανῷ,
2413 1042 2511 1112 τὴν
2535 1042 2764 1114 καρδίαν
2795 1041 2937 1113 ἔχων
2959 1045 3016 1095 ὲν
3041 1041 3276 1113 οὐρανῷ,
3302 1041 3400 1113 τὴν
3435 1041 3622 1094 εἰκόνα
3646 1040 3740 1095 τοῦ

2160 1135 2515 1207 Ἐπουρανίου
2549 1133 2751 1205 φορῶν,
2783 1135 2970 1187 οὐκέτι
3003 1134 3149 1187 ἐστὶν
3192 1136 3257 1187 ὲκ
3295 1135 3395 1204 τῆς
3442 1133 3550 1202 γῆς
3572 1175 3587 1198 ,
3621 1133 3742 1185 οὐδὲ

2146 1226 2240 1280 τοῦ
2273 1228 2422 1281 κάτω
2445 1227 2672 1297 κόσμου,
2700 1225 2815 1279 ἀλλ’
2849 1229 2915 1280 ἐκ
2939 1225 3032 1279 τοῦ
3056 1226 3285 1298 οὐρανοῦ
3311 1228 3405 1280 καὶ
3430 1225 3528 1280 τοῦ
3560 1227 3745 1297 κρείτ-

2147 1339 2298 1385 τονος
2334 1320 2523 1376 τούτου
2566 1320 2816 1391 οὐρανίου
2861 1319 3085 1390 κόσμου·
3119 1318 3292 1383 οὕτως
3320 1319 3414 1372 καὶ
3455 1317 3527 1370 τὰ
3569 1318 3649 1370 ἔτι
3684 1321 3744 1370 ὲν

2148 1418 2261 1479 τοῖς
2298 1413 2571 1487 οὐρανίοις
2597 1412 2706 1485 (SM)
2730 1411 3071 1484 διατρίϐοντα
3111 1410 3458 1482 πνευματικὰ
3499 1411 3602 1480 τῆς
3643 1428 3746 1464 πο-

2149 1508 2360 1580 νηρίας,
2385 1507 2445 1560 τὸ
2465 1506 2764 1576 πολίτευμα
2795 1504 2988 1575 ἔχοντα
3013 1505 3106 1557 ὲπὶ
3130 1505 3255 1575 γῆς,
3291 1504 3386 1558 καὶ
3415 1503 3483 1556 δι’
3535 1497 3612 1556 ὧν
3646 1503 3746 1556 ἁν-

2150 1598 2424 1653 τιπαλαίει
2449 1596 2865 1652 ἐπιϐουλεύοντα
2889 1595 3197 1668 ἀνθρώποις
3224 1595 3628 1668 θησαυρίζοντα
3653 1595 3748 1648 ἐπὶ

2154 1692 2276 1762 γῆς,
2307 1692 2492 1745 είκόνα
2533 1690 2627 1744 τοῦ
2663 1688 2848 1761 χοϊκοῦ
2879 1689 3169 1761 φοροῦντα,
3207 1690 3356 1752 ὅστις
3379 1689 3559 1742 ἐστὶν
3584 1687 3746 1756 ἀρχὴ

2155 1783 2512 1852 πλάσματος
2554 1783 2774 1851 Κυρίου
2795 1821 2810 1847 ,
2874 1780 3279 1851 πεποιημένου
3322 1780 3748 1850 ἐγκαταπαίζζε-

2154 1878 2294 1929 σθαι
2321 1874 2427 1927 ὑπὸ
2451 1872 2559 1926 τῶν
2586 1873 2852 1942 ἀγγέλων,
2881 1872 2982 1925 οὐκ
3013 1872 3159 1926 ἔστιν
3189 1873 3510 1944 ἐπουράνια,
3539 1872 3664 1925 οὐδὲ
3689 1874 3750 1926 ἐν

2153 1970 2265 2031 τοῖς
2295 1967 2544 2040 οὐρανοῖς
2569 1965 2656 2019 διὰ
2676 1964 2773 2036 τὴν
2803 1965 3082 2038 μοχθηρὰν
3111 1965 3350 2018 διάθεσιν
3375 1966 3534 2018 οἰκεῖ.
3575 1963 3748 2017 Ἑπὰν

2153 2058 2245 2117 οὖν
2267 2059 2516 2131 λέγηται,
2550 2057 2867 2126 Γενηθήτω
2901 2058 2967 2111 τὸ
2995 2056 3228 2126 θέλημά
3259 2071 3398 2120 σου,
3425 2057 3508 2122 ὡς
3541 2056 3614 2109 ἐν
3643 2058 3752 2110 οὑ-

2145 2153 2334 2224 ρανῷ,
2374 2152 2473 2206 καὶ
2509 2152 2603 2206 ἐπὶ
2634 2150 2767 2220 γῆς,
2814 2149 3056 2212 ἐκείνους
3092 2149 3215 2202 οὐδὲ
3241 2149 3299 2202 ὲν
3341 2147 3562 2220 οὐρανῷ
3608 2142 3750 2201 εἶναι

2153 2243 2450 2313 λογιστέον,
2485 2241 2563 2312 τῷ
2595 2242 2901 2313 φρονήματι
2935 2239 3072 2310 μετὰ
3116 2237 3209 2291 τοῦ
3254 2238 3514 2301 πεσόντος
3560 2237 3620 2304 ἐξ
3657 2239 3754 2290 οὐ-

2156 2336 2317 2409 ρανοῦ
2339 2336 2495 2407 δίκην
2523 2332 2810 2405 ἀστραπῆς
2833 2331 3213 2393 πεπτωκότας.
3245 2330 3356 2384 Καὶ
3381 2331 3525 2401 τάχα
3570 2331 3751 2398 λέγων

2153 2428 2264 2481 δεῖν
2294 2427 2404 2499 (95)
2436 2425 2690 2497 εὔχεσθαι
2715 2426 2742 2478 ὁ
2773 2424 2962 2496 Σωτὴρ
2986 2422 3163 2495 ἡμῶν,
3199 2423 3287 2476 ἵνα
3310 2422 3542 2493 γένηται
3571 2422 3633 2476 τὸ
3664 2423 3753 2475 Θέ-

2152 2519 2302 2590 λημα
2327 2519 2420 2573 τοῦ
2446 2518 2681 2588 Πατρὸς,
2707 2517 2783 2580 ὠς
2813 2519 2872 2570 ὲν
2903 2515 3137 2589 οὐρανῷ,
3173 2514 3344 2578 οὐτως
3368 2515 3464 2568 καὶ
3495 2515 3589 2567 ἐπὶ
3622 2515 3750 2584 γῆς,

2151 2611 2212 2664 οὐ
2237 2609 2458 2674 πάντως
2477 2609 2604 2680 περὶ
2626 2606 2733 2662 τῶν
2752 2607 2809 2660 ἐν
2838 2607 2988 2678 τόπῳ
3009 2607 3106 2677 τῆς
3132 2605 3233 2676 γῆς
3265 2604 3477 2662 κελεύει
3504 2603 3752 2673 γίνεσθαι

2152 2703 2251 2766 τὰς
2266 2703 2451 2772 εὐχὰς,
2469 2702 2615 2763 ὅπως
2629 2701 2657 2752 ό
2667 2699 2938 2772 μοιωθῶσι
2952 2701 3061 2760 τοῖς
3082 2701 3138 2750 ὲν
3152 2699 3300 2768 τόπῳ
3319 2693 3472 2751 οὖσιν
3488 2697 3748 2768 οὐρανίῳ·

2152 2788 2266 2843 ἀλλ’
2280 2788 2426 2841 ἐστιν
2445 2786 2590 2858 αὐτῷ
2606 2789 2638 2858 ἡ
2659 2787 2951 2858 πρόσταξις
2965 2786 3062 2857 τῆς
3078 2786 3258 2857 εὐχῆς,
3281 2786 3593 2858 βουλομένῳ
3610 2787 3756 2857 ὁμοι-

2153 2880 2361 2951 ωθῆναι
2375 2909 2386 2919 ~
2403 2879 2579 2934 πάντα
2594 2880 2662 2931 τὰ
2681 2878 2772 2936 ἐπὶ
2789 2877 2914 2948 γῆς,
2937 2877 3178 2932 τουτέστι
3195 2878 3263 2930 τὰ
3284 2877 3507 2949 χείρονα
3533 2879 3755 2942 καὶτοῖς

2081 3005 2124 3064 C
2155 2973 2364 3042 γηῖνοις
2375 2969 2820 3042 ᾠκειωμένατοῖς
2837 2969 3108 3041 κρείττοσι
3132 2970 3227 3024 καὶ
3239 2970 3422 3040 ἔχουσι
3437 2971 3499 3023 τὸ
3513 2971 3756 3024 πολίτευ-

2159 3082 2238 3136 μα
2261 3066 2318 3119 ὲν
2337 3065 2606 3136 οὐρανοῖς,
2643 3062 2778 3116 πᾶσι
2809 3062 3116 3133 γενομένοις
3144 3062 3379 3134 οὐρανῷ.
3433 3063 3493 3118 '0
3518 3065 3617 3136 μὲν
3645 3064 3755 3136 γὰρ

2157 3155 2507 3227 ἁμαρτάνων,
2522 3157 2654 3210 ὅπου
2673 3156 2791 3208 ποτ’
2811 3153 2876 3207 ἄν
2891 3156 3036 3209 ἐστιν
3053 3153 3162 3225 (96)
3178 3156 3211 3225 ἡ
3235 3155 3328 3226 γῆ,
3354 3156 3436 3220 είς
3448 3156 3550 3227 τὴν
3569 3173 3750 3224 συγγε·

2155 3248 2245 3320 νῆ,
2264 3249 2360 3302 ἐὰν
2381 3249 2455 3322 μὴ
2475 3252 2728 3321 μετανοῇ,
2747 3248 3001 3319 ὲσόμενός
3016 3265 3113 3317 πηο
3128 3248 3156 3299 ὁ
3175 3248 3230 3301 δὲ
3251 3249 3420 3303 ποιῶν
3450 3249 3512 3302 τὸ
3543 3248 3666 3320 ϐέλη
3677 3265 3754 3319 μα

2154 3345 2247 3398 τοῦ
2271 3342 2428 3406 Θεοῦ,
2451 3344 2544 3396 καὶ
2572 3343 2646 3414 μὴ
2669 3340 2997 3415 παρακούων
3017 3341 3126 3395 τῶν
3145 3341 3431 3411 σωτηρίων
3457 3359 3754 3412 πνευματι-

2157 3435 2269 3491 κῶν
2285 3436 2484 3506 νόμων,
2498 3435 2723 3507 οὐρανός
2743 3435 2906 3486 ἐστιν.
2921 3434 3046 3486 Εἴτε
3061 3428 3152 3486 οὖν
3168 3434 3241 3502 γῆ
3257 3433 3337 3485 ἔτι
3358 3433 3533 3504 ἐσμὲν
3550 3432 3637 3486 διὰ
3653 3431 3753 3502 τὴν

2159 3529 2455 3601 ἁμαρτίαν,
2481 3527 2752 3598 εὐχόμεθα
2777 3525 2884 3597 (97)
2902 3525 2997 3579 καὶ
3019 3527 3101 3595 ἐφ’
3135 3526 3282 3597 ἡμᾶς
3302 3524 3448 3578 οὕτω
3463 3526 3525 3579 τὸ
3543 3525 3754 3595 θέλημα

2157 3621 2417 3674 διατεῖναι
2444 3617 2831 3692 διορθωτικῶς,
2860 3617 3049 3689 ὥσπερ
3074 3617 3312 3687 ἔφθακεν
3353 3618 3450 3672 ἐπὶ
3478 3619 3607 3681 τοὺς
3644 3617 3754 3688 πρὸ

2159 3713 2316 3786 ἡμῶν
2348 3713 2671 3785 γενομένους
2699 3711 2949 3782 οὐρανὸν,
2980 3712 3013 3782 ἦ
3049 3711 3208 3774 ὄντας
3234 3711 3488 3783 οὐρανόν·
3530 3711 3639 3764 εἴτε
3676 3711 3753 3781 μὴ

2159 3806 2256 3878 γῆ,
2288 3805 2401 3860 ἀλλ’
2435 3806 2661 3877 οὐρανὸς
2685 3805 2784 3876 ἤδη
2812 3803 3169 3874 λελογίσμεθα
3208 3803 3286 3874 τῷ
3317 3802 3458 3874 Θεῷ,
3504 3803 3751 3870 ἀξιώσω-

2164 3917 2264 3970 μεν
2289 3898 2378 3952 ἵνα
2405 3899 2498 3952 καὶ
2523 3898 2615 3951 ἐπὶ
2650 3897 2752 3968 τῆς
2779 3898 2882 3968 γῆς
2901 3896 3102 3967 ὁμοίως
3129 3895 3208 3966 τῷ
3231 3896 3467 3968 οὐρανῷ,
3512 3897 3655 3965 λέγω
3692 3896 3749 3950 δὲ

2162 3993 2255 4046 ἐπὶ
2296 3991 2404 4044 τῶν
2453 3990 2734 4062 χειρόνων,
2791 3989 3052 4062 πληρωθῇ
3109 3993 3172 4042 τὸ
3229 3988 3441 4060 θέλημα
3482 3989 3578 4042 τοῦ
3613 3988 3750 4042 Θεοῦ

2163 4084 2243 4146 εἰς
2271 4081 2389 4153 τὴν,
2431 4082 2497 4134 ἵν’
2522 4080 2694 4144 οὕτως
2732 4080 2891 4144 εἴπω,
2927 4080 3344 4152 οὐρανοποίησιν
3385 4081 3578 4152 αὐτῆς,
3608 4080 3751 4134 ὥστε

2168 4174 2364 4245 μηκέτι
2394 4175 2523 4227 ποτὲ
2570 4170 2710 4228 εἶναι
2740 4175 2864 4244 γῆν,
2897 4173 3034 4227 ἀλλὰ
3069 4175 3245 4229 πάντα
3292 4175 3546 4244 γενέσθαι
3587 4176 3750 4247 οὐρα-

2165 4267 2253 4319 νόν
2272 4282 2286 4295 °
2307 4265 2404 4319 ὲὰν
2436 4265 2542 4338 γὰρ
2565 4265 2638 4328 ὼς
2655 4267 2711 4316 ὲν
2735 4265 2967 4336 οὐρανῷ,
2992 4265 3135 4320 κατὰ
3162 4267 3230 4320 τὰ
3258 4268 3674 4339 ἡρμηνευμένα,
3690 4268 3752 4321 τὺ

481 4349 623 4407 coelo
667 4349 812 4407 facta
847 4365 932 4407 est
962 4352 1212 4408 voluntas
1261 4351 1378 4420 Dei,
1429 4352 1526 4408 ﬁat
1559 4362 1617 4409 et
1646 4353 1702 4408 in
1741 4363 1908 4422 terra,
1939 4355 2053 4410 cri-

2165 4355 2377 4428 θέλημα
2404 4355 2498 4409 τοῦ
2522 4355 2656 4409 Θεοῦ
2677 4355 2818 4409 οὕτω
2847 4356 3075 4428 γένηται
3101 4356 3210 4428 (98)
3236 4357 3333 4412 καὶ
3346 4359 3441 4411 ἐπὶ
3466 4360 3591 4432 γῆς,
3623 4361 3656 4430 ἡ
3679 4358 3753 4428 γῆ

559 4495 605 4526 ²⁹
637 4494 739 4552 Job
770 4512 860 4564 xu,
893 4495 982 4551 l4.

553 4639 665 4709 (93)
692 4639 874 4714 codex
898 4655 1006 4714 ms;
1020 4649 1185 4714 recte,
1214 4641 1670 4714 ἀνακιρνάμενος.
1694 4640 1839 4714 Edit.
1860 4644 2061 4707 Oxon.,

485 4709 1141 4780 ἀνακρινάμενος.Ρειιιιο
1180 4722 1302 4780 post
1335 4709 1656 4767 re‘cte’idetn
1705 4712 1876 4766 codex
1928 4727 2057 4778 ms.,

489 4778 566 4850 μὴ
592 4777 839 4852 Αλύοντος.
873 4779 1014 4852 Edit.
1047 4777 1249 4852 om"
1285 4782 1359 4852 μὴ
1389 4781 1626 4852 λύοντες.

561 4847 672 4922 (94)
712 4849 1041 4922 οἰφᾳνίοις.
1073 4849 1215 4918 Lege
1254 4847 1377 4904 cum
1407 4851 1665 4915 Bentleio,
1682 4851 1764 4905 vel
1791 4849 2064 4922 οὐρανοῖς,

487 4919 571 4971 vel
603 4918 962 4988 ἐπουρανίοις.

558 4987 672 5059 (95)
699 4986 810 5040 Kal
844 4987 997 5055 τάχα
1025 4989 1219 5060 λέγων
1246 4989 1391 5053 δεῖν,
1431 4999 1538 5045 etc.
1589 4988 1741 5060 Hanc
1775 4989 2067 5059 Origenia-

490 5074 615 5128 natu
662 5059 1082 5128 explicationem
1110 5059 1373 5113 imitatus
1419 5061 1633 5114 videtur
1669 5059 1973 5128 Cyprianus
2007 5063 2058 5114 in

489 5126 674 5183 libello
711 5129 783 5180 lle
813 5126 1068 5183 Oratione
1103 5130 1400 5195 Dominica,
1437 5130 1522 5183 bis
1551 5126 1777 5183 verbis}
1805 5129 1982 5184 Potest
2012 5141 2060 5185 et

488 5199 566 5251 sic
597 5198 843 5266 intelligi,
872 5199 1064 5266 fratres
1087 5200 1434 5265 dilectissimi,
1471 5211 1524 5252 ut
1549 5201 1802 5268 quoniam
1840 5202 2056 5253 mandat

487 5279 536 5320 et
575 5277 751 5320 monet
784 5267 1042 5322 Dominus
1069 5273 1227 5324 etiam
1259 5271 1498 5324 inimicos
1521 5267 1760 5337 diligere,
1791 5281 1835 5322 et
1865 5285 1957 5336 pro
1989 5271 2054 5324 iis

487 5353 690 5408 quoque
713 5338 804 5402 qui
831 5355 923 5392 nos
953 5349 1352 5408 persequuntur,
1387 5356 1572 5405 orare,
1605 5355 1842 5408 petamus
1882 5348 1929 5391 et
1956 5356 2052 5408 pro

490 5407 598 5459 illis
627 5408 712 5473 qui
739 5410 909 5461 adhuc
933 5421 1071 5463 terra
1097 5407 1217 5463 sunt
1245 5423 1292 5464 et
1317 5412 1538 5464 necdum
1561 5407 1788 5465 caelestes
1819 5423 1930 5461 esse
1951 5407 2052 5462 cae-

488 5485 703 5550 perunt,
738 5486 796 5550 ut
819 5491 866 5531 et
898 5482 1036 5532 circa
1061 5482 1177 5533 illos
1199 5482 1436 5534 voluntas
1471 5481 1566 5532 Dei
1592 5482 1708 5550 fiat,
1729 5495 1885 5548 quam
1911 5479 2063 5550 Chri—

491 5557 604 5621 s_t_us
640 5546 898 5621 hominem
929 5553 1283 5621 conservando
1303 5560 1350 5604 et
1383 5546 1794 5621 redintegrando
1823 5549 2060 5621 perfecit.

497 5613 635 5669 Nam
661 5633 778 5671 cum
819 5620 1062 5691 discipuli
1093 5623 1156 5676 ab
1191 5637 1250 5674 eo
1284 5637 1385 5675 non
1408 5621 1525 5690 jam
1553 5613 1690 5676 terra
1715 5613 2061 5689 appellentur,

2169 4641 2259 4696 sed
2295 4639 2377 4695 sal
2403 4648 2579 4702 teme,
2609 4650 2657 4694 et
2678 4639 2958 4707 Apostolus
2979 4639 3206 4708 primum
3235 4638 3502 4692 hominem
3527 4648 3663 4692 vocet
3686 4641 3755 4692 de

2169 4721 2323 4764 terra:
2345 4711 2490 4772 limo,
2524 4712 2812 4764 secundum
2841 4726 2958 4762 vero
2982 4713 3046 4761 de
3069 4710 3218 4772 coelo,
3244 4710 3430 4762 merito
3465 4719 3515 4763 et
3541 4727 3630 4764 nos
3659 4709 3755 4776 qui

2169 4797 2281 4835 esse
2304 4781 2546 4834 debemus
2577 4780 2723 4834 Patri
2749 4778 2858 4832 Deo
2895 4779 3114 4844 similes,
3134 4781 3224 4845 qui
3249 4779 3412 4832 solem
3439 4796 3595 4833 suum
3619 4780 3756 4833 oriri

2172 4850 2301 4920 facit
2326 4867 2485 4917 super
2515 4852 2674 4903 bonos
2711 4861 2758 4902 et
2791 4848 2980 4912 malos,
3032 4858 3083 4902 et
3129 4849 3263 4918 pluit
3311 4865 3469 4915 super
3489 4851 3665 4919 justas
3701 4866 3754 4902 et

2173 4921 2420 4990 injustas,
2461 4921 2538 4974 sic
2582 4920 2791 4974 Christo
2825 4929 3063 4990 monente
3101 4936 3314 4972 oramus
3345 4930 3393 4972 et
3430 4922 3653 4988 petimus
3693 4933 3752 4972 ut

2173 4988 2375 5059 precem
2398 5006 2492 5057 pro
2521 4992 2755 5043 omnium
2782 4988 2951 5042 salute
2977 4989 3260 5056 faciamus;
3302 4999 3358 5041 ut
3394 4995 3655 5057 quomodo
3694 4991 3754 5042 in

2171 5060 2320 5121 cwlo,
2351 5062 2404 5112 id
2428 5069 2526 5122 est,
2557 5059 2613 5112 in
2649 5059 2794 5113 nobis
2829 5074 2921 5126 per
2942 5061 3098 5127 ﬁdem
3125 5071 3358 5112 nostram
3388 5060 3627 5113 voluntas
3649 5059 3755 5112 De:

2168 5132 2313 5198 facta
2342 5140 2416 5184 est
2447 5141 2502 5184 ut
2530 5145 2758 5184 essemus
2782 5146 2809 5182 e
2830 5130 2980 5192 caelo,
3007 5130 3080 5182 ita
3103 5140 3149 5183 et
3178 5132 3233 5183 in
3273 5139 3439 5193 terra,
3467 5130 3563 5182 hoc
3585 5141 3659 5184 est
3690 5132 3753 5182 in

2166 5201 2272 5252 illis
2304 5216 2406 5253 non
2439 5200 2769 5254 credentibus
2800 5198 2896 5267 ﬁat
2927 5199 3167 5252 voluntas
3200 5199 3318 5258 Dei.
3346 5211 3400 5252 ut
3443 5201 3532 5270 qui
3570 5201 3751 5253 adhuc

2162 5280 2284 5323 sunt
2317 5271 2489 5339 prima
2527 5271 2798 5323 nativitatc
2837 5270 3054 5330 terreni,
3081 5271 3338 5339 incipiant
3373 5287 3487 5325 esse
3519 5270 3753 5324 caelestes

2158 5355 2224 5395 ea:
2258 5356 2393 5408 aqua
2421 5351 2468 5393 et
2493 5340 2698 5408 Spiritu
2733 5340 2864 5392 nati.

2241 5408 2354 5481 (96)
2390 5411 2596 5481 Ὅπου
2623 5411 2752 5463 ποτ’
2786 5409 2863 5462 ἂν
2903 5409 3091 5463 ἐστιν.
3127 5408 3270 5480 Lege
3312 5427 3437 5466 cum
3486 5409 3756 5476 Bentlcio,

2170 5475 2455 5552 ὅπουῖξποπΐ
2480 5481 2544 5533 ἂν
2568 5475 2624 5552 ᾗ,
2657 5481 2824 5552 ἐστίν.

2268 5549 2356 5620 97)
2387 5549 2718 5620 Εὺχόλλὲθα.
2749 5549 2913 5616 Lego,
2946 5549 3251 5620 εὐχώμεθα.

2268 5619 2359 5692 98)
2396 5619 2578 5676 Codex
2622 5636 2752 5691 ms.,
2781 5619 3039 5692 γένηταιζ
3075 5619 3219 5676 Edit.
3264 5621 3464 5691 Oxou.,
3505 5621 3746 5692 γίνηται.
