3954 6414
174 314 256 371 505
1327 306 1668 362 LIBELLUS
1705 306 1794 361 DE
1834 299 2204 359 ORATIONE.
2230 302 2235 307 ”

3278 288 3383 344 506

171 437 215 489 οὐ
234 436 363 505 μενεῖ
386 434 449 504 γῆ
475 449 488 464 ⁸
518 432 594 496 ὡς
628 433 680 485 εἰ
711 433 927 503 λέγοιμι
965 432 1055 485 ἐπὶ
1075 429 1234 485 ἄλλου
1267 428 1707 500 παραδείγματος

1823 438 1936 477 mus
1982 433 2175 474 onmes
2224 415 2420 472 malum
2454 429 2469 462 :
2506 411 2642 466 Caro
2688 411 2831 464 enim
2863 423 2985 479 quas
3032 424 3135 460 mm
3174 409 3384 474 prodest

173 529 482 596 σαφέστερον·
527 525 625 578 ἐὰν
679 525 874 596 ὥσπερ
917 523 1205 594 γεγένηται
1243 522 1305 574 τὸ
1348 520 1561 590 θέλημα
1607 516 1700 571 τοῦ

169 619 273 671 Θεοῦ
319 617 401 670 ἐπὶ
437 618 560 679 τοὺς
615 616 946 688 σώφρονας,
993 614 1134 668 οὕτω
1196 613 1418 684 γένηται
1466 611 1562 664 καὶ
1615 611 1708 662 ἐπὶ

169 711 266 772 τοὺς
292 707 626 770 ἀκολάστους,
679 709 732 760 ot
783 707 1068 761 ἀκόλαστοι
1125 703 1399 774 σώφρονες
1452 702 1696 755 ἔσονται·

168 801 207 871 ἢ,
240 801 303 862 ὡς
339 798 622 869 γεγένηται
671 799 737 851 τὸ
771 798 984 869 θέλημα
1019 796 1114 850 τοῦ
1149 794 1283 848 Θεοῦ
1313 795 1404 847 ἐπὶ
1449 793 1572 855 τοὺς
1622 791 1724 843 δι·-

1812 516 2117 587 quidquam,
2154 519 2527 579 cognatusque
2557 506 2604 556 ei
2633 507 2846 573 sanguis
2891 518 3106 571 regnum
3141 499 3234 553 Dei
3260 517 3384 568 pns-

1813 607 1983 661 sidere
2013 620 2113 656 non
2147 611 2362 672 possunt
2401 600 2469 664 ³ο,
2509 605 2765 668 poterunt
2797 607 2976 649 tamen
3009 593 3306 662 possidere,
3339 591 3383 644 si

1807 712 1838 752 a
1872 712 2034 751 carne
2053 704 2108 748 et
2137 703 2305 758 terra,
2338 692 2582 761 pulvere,
2620 700 2674 741 et
2704 686 2986 757 sanguine,
3023 684 3075 738 in
3107 683 3384 739 caelestem

1811 785 2016 840 fuerint
2045 791 2250 836 mutata
2280 779 2662 835 substantiam.

168 892 442 954 καίους,καὶ
465 891 556 942 ἐπὶ
591 893 726 954 τοὺς
771 890 1006 952 ἀδίκους,
1069 889 1117 940 οἱ
1166 885 1339 940 ἄδικοι
1392 884 1588 937 δίκαιοι
1645 881 1878 934 ἔσονται.
1932 875 2030 930 Διὰ
2081 874 2258 938 τοῦτο,
2321 872 2436 937 ἐὰν,
2498 872 2574 934 ὡς
2627 873 2686 924 ὲν
2732 867 2946 941 οὐρανῷ
2995 865 3283 939 γεγένηται
3325 866 3387 920 τὸ

167 989 331 1058 θέλημα
360 985 446 1038 τοῦ
504 984 689 1047 Θεοῦ,
722 985 947 1056 γένηται
997 984 1090 1037 καὶ
1135 983 1226 1036 ἐπὶ
1277 981 1403 1051 γῆς,
1454 977 1688 1050 ἐσόμεθα
1719 975 1917 1036 πάντες
1963 971 2227 1044 οὐρανόςσ
2288 969 2402 1037 Τῆς
2451 967 2537 1036 μὴ
2589 966 2944 1034 ὠφελούσης
3001 961 3245 1029 σαρκὸς,
3288 961 3388 1014 καὶ

168 1051 410 1142 συγιὲνοῦς
452 1075 594 1146 αὐτῇ
644 1051 938 1144 αἵματος,
987 1072 1072 1142 μὴ
1133 1071 1484 1140 δυναμένων
1546 1065 1940 1135 κληρονομεῖν
1993 1060 2322 1127 βασιλείαν
2378 1057 2524 1111 Θεοῦ
2548 1073 2562 1085 ·
2601 1054 2952 1124 κληρονομεῖν
2988 1053 3033 1105 δ’
3088 1051 3153 1106 ἂν
3197 1051 3390 1122 λεχθη-

166 1169 359 1238 σομένων
405 1167 549 1237 (99),
600 1169 702 1222 ἐὰν
754 1167 1127 1240 μεταϐάλωσιν
1176 1166 1281 1219 ἀπὸ
1337 1166 1557 1236 σαρκὸς,
1611 1164 1705 1215 καὶ
1734 1162 1861 1232 γῆς,
1903 1159 1998 1212 καὶ
2030 1157 2149 1228 χοῦ,
2183 1156 2276 1209 κοιλ⁸
2307 1154 2558 1224 αἵματος,
2587 1150 2679 1202 ἐπὶ
2710 1148 2806 1220 τὴν
2839 1149 3084 1216 οὐράνιον
3109 1147 3314 1206 οὐσίαν.

219 1258 310 1312 Τὸν
339 1259 513 1326 ᾶρτον
565 1260 750 1328 ἡμῶν
792 1262 901 1315 τὸν
945 1262 1255 1316 ἐπιούσιον
1300 1259 1372 1331 (1)
1421 1257 1525 1323 δὸς
1568 1255 1712 1326 ἡμῖν

162 1348 413 1417 σήμερον·
449 1350 480 1420 ἢ
533 1350 618 1414 ὡς
666 1353 696 1405 ὁ
736 1352 987 1415 Λουκᾶς*
1045 1353 1155 1406 Τὸν
1185 1351 1368 1420 ἄρτον
1402 1348 1570 1418 ἡμῶν
1603 1348 1712 1402 τὸν

162 1440 420 1492 ἐπιούσιον
463 1439 649 1494 δίδου
715 1441 864 1510 ἡμῖν
913 1445 1038 1497 καθ’
1070 1441 1313 1513 ἡμέραν.
1368 1440 1523 1494 Ἐπεὶ
1566 1440 1710 1503 τινὲς

164 1531 556 1600 ὑπολαμϐάνουσι
603 1534 739 1604 περὶ
768 1533 864 1587 τοῦ
899 1535 1213 1604 σωματικοῦ
1255 1537 1420 1606 ἄρτου
1455 1531 1708 1600 λέγεσθαι

1887 1253 1980 1306 27.
2013 1249 2212 1303 Panem
2237 1259 2471 1302 nostrum
2497 1243 2895 1298 substantialem
2920 1242 2987 1294 da
3017 1243 3166 1294 nobis
3193 1240 3346 1293 hodie
3369 1255 3388 1303 ,'

1817 1355 1999 1400 autut
2050 1343 2228 1399 Lucas
2275 1359 2289 1396 :
2343 1340 2542 1393 Panem
2589 1347 2825 1390 nostrum
2876 1337 3272 1388 substantialem
3319 1336 3387 1386 da

1817 1437 1962 1491 nobis
1989 1439 2043 1491 in
2071 1438 2227 1490 diem.
2263 1433 2528 1500 Quoniam
2555 1431 2868 1485 existimant
2902 1429 3068 1497 aliqui
3107 1429 3170 1482 de
3199 1443 3390 1495 corpu-

1819 1545 1912 1585 reo
1951 1543 2086 1598 pane
2112 1527 2290 1595 juberi
2324 1541 2421 1580 nos
2453 1537 2862 1591 orare,:cquum
2899 1531 3004 1584 est,
3035 1521 3162 1575 falsa
3198 1534 3387 1574 eorum

161 1620 363 1691 εθχεσθαι
406 1624 596 1692 ἡμᾶς,
649 1622 828 1689 ἄξιον,
875 1625 1052 1678 αὐτῶν
1097 1625 1192 1697 τὴν
1239 1623 1582 1694 ψευδοδοξίαν
1619 1623 1708 1676 διὰ

1823 1621 2071 1692 opinione
2111 1619 2341 1682 sublata,
2378 1631 2557 1673 veram
2594 1616 2660 1670 de
2699 1614 3039 1668 substantiali
3095 1625 3232 1678 pane
3264 1625 3390 1664 sen-

160 1686 320 1764 τοῦτων
361 1686 763 1784 περιελόντας,
813 1686 1166 1786 παραστῆσαι
1219 1686 1280 1769 τί)
1330 1715 1527 1786 ἀληθὲς
1584 1714 1712 1784 περὶ

1823 1714 2043 1769 tentiam
2081 1727 2404 1782 proponere.
2442 1710 2610 1781 Igitur
2667 1712 2735 1763 ab
2785 1707 2866 1761 eis
2903 1703 3255 1772 qumrentlum
3307 1706 3392 1754 est

159 1799 228 1852 τοῦ
260 1802 518 1854 ὲπιουσίου
560 1802 760 1875 ἄρτου.
797 1805 1034 1858 Λεκτέον
1081 1801 1174 1860 οὖν
1207 1805 1341 1877 πρὸς
1370 1805 1586 1869 αὐτοὺς,
1629 1805 1712 1858 ὅτι

161 1889 248 1952 πῶς
275 1893 300 1942 ὁ
320 1891 484 1960 λέγων
508 1893 628 1946 δεῖν
667 1895 846 1946 αἰτεῖν
872 1895 1168 1966 ἐπουράνια
1201 1897 1293 1949 καὶ
1334 1896 1564 1967 μεγάλα,
1589 1893 1711 1948 οὔτε

158 1983 430 2055 ἐπουρανίου
458 1986 624 2050 ὄντος
655 1987 760 2040 τοῦ
807 1989 889 2051 εἰς
938 1990 1036 2059 τὴν
1083 1989 1259 2060 σάρκα
1291 1989 1446 2060 ἡμῶν
1482 1988 1716 2042 ἀναδιδο-

161 2076 285 2144 μένου
333 2078 495 2148 ἄρτου
517 2121 534 2146 ,
590 2077 724 2132 οὔτε
805 2081 1039 2150 μεγάλου
1089 2083 1388 2151 αἰτήματος
1437 2079 1533 2133 τοῦ
1588 2082 1714 2152 περὶ

156 2167 302 2220 τούτου
345 2169 564 2233 ἀξιοῦν,
622 2170 876 2241 ὡσπερεὶ
921 2173 1039 2224 κατ’
1079 2172 1275 2235 αὐτοὺς
1324 2171 1714 2243 ἐπιλαθόμενος

157 2252 210 2311 ὧν
241 2260 446 2327 ἐδίδαξε,
499 2263 850 2333 προστάττει
892 2265 1018 2335 περὶ
1069 2265 1311 2332 ἐπιγείου
1369 2265 1465 2317 καὶ
1513 2263 1712 2335 μικροῦ

155 2351 342 2417 ἔντευξιν
356 2354 528 2422 ἀνατρέ
540 2371 659 2425 ρειν
669 2353 756 2424 τῷ
772 2354 964 2425 Πατρί.
991 2355 1180 2424 Ἡμεῖς
1196 2355 1270 2421 δὲ,
1291 2356 1545 2426 ἑπόμενοι
1563 2356 1712 2427 αὐτῷ

153 2441 408 2513 διδασκάλῳ
435 2445 764 2498 διδάσκοντι
791 2443 860 2496 τὰ
894 2445 1016 2515 περὶ
1044 2445 1137 2498 τοῦ
1187 2446 1373 2517 ἄρτου,
1421 2446 1509 2499 διὰ
1539 2447 1715 2499 πλειό-

151 2548 233 2584 νων
249 2533 403 2587 ταῦτα
438 2535 916 2608 παραθησόμεθα.
934 2537 1099 2606 Φησὶν
1122 2539 1180 2590 ἐν
1201 2537 1278 2608 τῷ
1300 2538 1438 2591 κατὰ
1465 2539 1714 2608 Ἰωάννην

152 2624 257 2692 πρὸς
297 2627 625 2698 ἐληλυθότας
677 2631 764 2692 εἰς
797 2630 1170 2701 Καφαρναοὺμ
1197 2630 1270 2700 (2)
1304 2629 1488 2702 ζητεῖν
1521 2632 1710 2685 αὐτόν’

161 2717 327 2785 Ἀμὴν,
358 2719 528 2788 ἀμὴν
557 2719 726 2789 λέγω
759 2719 904 2788 ὑμῖν
923 2737 936 2750 ·
992 2719 1226 2787 Ζητεῖτέ
1250 2738 1348 2790 με,
1377 2725 1488 2791 οὐχ
1518 2722 1607 2776 ὅτι
1637 2723 1718 2775 εῖ-

149 2807 251 2862 ΰετε
292 2812 528 2879 σημεῖα,
573 2812 722 2865 ἀλλ’
777 2811 869 2864 ὅτι
917 2811 1168 2881 ἐφάγετε
1211 2813 1280 2867 ἐκ
1315 2813 1432 2866 τῶν
1481 2814 1708 2882 ἄρτων,

146 2901 224 2953 καὶ
249 2901 656 2971 ἐχορτάσθητε
677 2921 691 2934 ο
733 2904 764 2956 ὁ
798 2903 909 2973 γὰρ
943 2903 1130 2972 φαγὼν
1171 2904 1235 2958 ὲκ
1262 2904 1370 2959 τῶν
1395 2899 1502 2958 ὑπὸ
1541 2905 1714 2976 Ἰησοῦ

147 2992 512 3064 εὐλογηθέντων
553 2995 768 3067 ἄρτων,
801 2998 898 3050 καὶ
940 2997 1241 3068 πληρωθεὶς
1278 2997 1476 3059 αὐτῶν,
1514 2997 1713 3068 μᾶλλον

146 3079 271 3150 ζητεῖ
297 3083 630 3137 καταλαϐεῖν
683 3085 1076 3157 άκριὸἐστερον
1120 3087 1214 3139 τὸν
1247 3087 1376 3140 Υίὸν
1411 3087 1504 3140 τοῦ
1556 3087 1714 3151 Θεοῦ,

144 3173 217 3224 καὶ
251 3176 464 3230 σπεύδει,
512 3178 663 3248 πρὸς
715 3179 902 3232 αὐτόν.
938 3180 1133 3252 Διόπερ
1169 3179 1351 3243 καλῶς
1395 3183 1717 3253 προστάττει

145 3261 284 3331 λέγων
305 3284 317 3296 υ
352 3267 740 3337 Ἐρτάζεσθαι
765 3269 844 3338 (5)
865 3268 950 3338 μὴ
997 3269 1112 3338 τὴν
1129 3270 1362 3337 βρῶσιν
1394 3269 1510 3339 τὴν
1537 3271 1721 3325 ἀπολ-

142 3358 394 3428 λυμένην,
430 3362 606 3416 ἀλλὰ
656 3360 780 3428 τὴν
823 3360 1060 3429 ,βρῶσιν
1113 3361 1226 3430 τὴν
1268 3363 1586 3432 μένουσαν
1631 3365 1719 3429 εἰς

145 3447 268 3517 ζωὴν
318 3454 586 3518 αἰώνιον,
650 3451 737 3520 ἢν
789 3457 824 3508 ὁ
873 3453 1006 3521 υἱὸς
1056 3454 1163 3508 τοῦ
1215 3454 1529 3523 ἀνθίώπου
1578 3455 1721 3524 ὑμῖν

141 3539 304 3595 δώσει.
337 3545 484 3617 Πρὸς
519 3545 702 3598 ταῦτα
733 3545 791 3598 δὲ
828 3545 1146 3616 πυθομένων
1193 3546 1302 3599 τῶν
1345 3546 1716 3610 ἀκουσάντων,

143 3633 219 3683 καὶ
254 3634 548 3702 λεγόντων,
620 3637 686 3689 Τί
737 3635 1002 3705 ποιῶμεν
1023 3675 1039 3700 ,
1093 3639 1194 3690 ἵνα
1243 3636 1607 3706 ἐργαζώμεθα
1649 3637 1720 3691 τὰ

141 3724 259 3791 ἔργα
286 3728 386 3780 τοῦ
415 3728 573 3782 Θεοῦ
597 3745 618 3793 ;
654 3728 939 3799 ἀπεκρίθη
977 3730 1006 3782 ὁ
1052 3729 1276 3799 Ἰησοῦς,
1316 3731 1408 3783 καὶ
1436 3726 1588 3782 εἶπεν
1619 3730 1686 3782 αὐ
1704 3758 1717 3767 -

141 3819 231 3878 τοῖς
249 3835 260 3846 ⁸
291 3819 471 3874 Τοῦτό
516 3821 657 3873 ἐστι
689 3818 760 3872 τὸ
791 3820 971 3888 ἔργον
989 3819 1094 3874 τοῦ
1127 3821 1294 3884 Θεοῦ,
1314 3823 1413 3875 ἵνα
1433 3821 1722 3887 πιστεύη-

140 3922 214 3958 ται
243 3909 313 3980 (4)
339 3913 424 3975 εις
450 3911 526 3963 ὃν
555 3909 940 3964 ἀπέστειλεν
985 3909 1233 3976 ἐκεῖνος.
1283 3912 1622 3966 Ἀπέστειλε
1663 3912 1720 3965 δὲ

141 3996 249 4061 Θεὸς
277 4001 381 4053 τὸν
407 4004 611 4072 Λόγον
651 4001 872 4063 αὑτοῦ,
899 4002 994 4053 καὶ
1044 4000 1252 4056 ἰάσατο
1291 4003 1532 4068 αὐτοὺς,
1562 4003 1639 4066 ὡς
1661 4004 1719 4055 ὲν

143 4091 382 4162 Ψαλμοῖς
410 4095 763 4166 γέγραπται,
794 4091 1037 4164 δηλονότι
1079 4095 1206 4157 τοὺς
1241 4094 1602 4166 νενοσηκότας
1628 4110 1641 4123 ⁸
1676 4085 1721 4161 ᾧ
1755 4124 1762 4129 -

136 4182 273 4253 Λόγῳ
297 4188 344 4237 oi
395 4186 764 4248 πιστεύοντες
808 4183 1132 4255 ἐργάζονται
1173 4185 1241 4239 τὰ
1268 4185 1403 4256 ἔργα
1431 4185 1525 4238 τοῦ
1560 4183 1718 4248 Θεοῦ,

136 4272 246 4328 ὄντα
271 4276 471 4349 βρῶσιν
509 4279 795 4350 μένουσαν
828 4279 910 4340 είς
938 4275 1081 4348 ζωὴν
1108 4276 1324 4331 αἰώνιον
1349 4295 1362 4308 ·
1403 4278 1500 4331 καὶ
1543 4281 1576 4332 ό
1602 4280 1722 4330 Πα-

1817 1820 1924 1874 quo
1956 1803 2115 1859 modo
2133 1803 2224 1873 qui
2258 1802 2388 1855 dicit
2417 1801 2645 1870 petenda
2683 1815 2804 1854 esse
2828 1795 3070 1852 caelcstia
3090 1802 3145 1847 et
3172 1805 3390 1859 magna,

1820 1906 2000 1952 tamen
2034 1910 2156 1948 cum
2186 1909 2362 1962 neque
2394 1890 2638 1946 caelestis
2685 1891 2759 1944 sit
2791 1890 2835 1943 is
2878 1887 3034 1957 panis
3065 1885 3154 1954 qui
3188 1884 3240 1936 in
3275 1899 3394 1936 car-

1820 2003 1942 2044 nem
1978 1997 2217 2042 nostram
2251 1984 2579 2046 absumitur,
2629 1998 2804 2052 neque
2841 1994 3033 2050 magna
3081 1977 3271 2048 petitio
3319 1975 3395 2027 sit

1819 2081 1885 2136 de
1903 2081 1995 2134 illo
2009 2079 2246 2150 precari,
2267 2079 2314 2132 is
2332 2078 2486 2148 quasi
2508 2091 2716 2140 eorum,
2730 2088 2850 2144 quae
2878 2068 3390 2133 docuit,sccundmu

1821 2175 1970 2245 ipsos
1985 2174 2203 2238 oblitus,
2224 2175 2289 2226 de
2320 2183 2533 2226 terreno
2563 2180 2615 2224 et
2645 2185 2808 2239 parvo
2833 2183 3021 2239 preces
3039 2166 3183 2219 Patri
3212 2162 3394 2219 oﬂerri

1812 2267 2021 2334 jubeat.
2049 2265 2158 2320 Nos
2180 2279 2308 2319 vero
2341 2263 2660 2333 magistrum
2693 2263 2867 2331 ipsum
2901 2259 3070 2314 seculi
3105 2260 3392 2312 docentem

1819 2373 1938 2426 qua:
1965 2358 2032 2412 ad
2069 2370 2261 2425 panem
2299 2355 2592 2422 pertinent,
2642 2369 2704 2408 ea
2753 2352 2998 2421 pluribus
3029 2360 3384 2417 exponemus.

1818 2447 1911 2501 Ait
1955 2447 2006 2500 in
2042 2444 2335 2514 Evangelia
2387 2443 2684 2497 secundum
2737 2441 3003 2497 Joannem
3043 2440 3110 2492 ad
3163 2453 3259 2491 eos
3302 2435 3392 2503 qui

1819 2534 2198 2604 Capharuaum
2226 2542 2490 2586 venerant
2523 2542 2579 2584 ut
2613 2533 2785 2601 ipsum
2825 2537 3129 2600 quaarercnt
3158 2545 3171 2580 :
3204 2528 3394 2590 Amen,

1821 2643 1976 2680 amen
1999 2627 2114 2680 dico
2138 2625 2303 2688 vobis,
2329 2626 2566 2689 qitteritis
2591 2642 2691 2686 me,
2719 2641 2819 2677 non
2842 2624 2964 2693 quia
2994 2620 3195 2675 vidistis
3221 2621 3396 2688 signa,

1821 2719 1914 2772 sed
1942 2720 2066 2788 quia
2095 2718 2454 2770 manducastis
2480 2734 2544 2771 ex
2571 2717 2793 2786 panibus
2827 2722 2875 2767 et
2911 2712 3137 2767 saturati
3167 2713 3292 2763 estis
3325 2711 3396 2763 ⁸¹.

1822 2810 1924 2878 Qui
1958 2811 2104 2865 enim
2135 2827 2200 2865 ex
2238 2813 2320 2865 bis
2365 2806 2714 2864 manducavit
2745 2804 2972 2874 panibus
3003 2805 3199 2872 quibus
3239 2801 3399 2855 Jesns

1823 2903 2126 2968 benedixit,
2152 2904 2326 2972 iisque
2357 2901 2612 2970 impletus
2633 2908 2739 2959 est.
2776 2897 2947 2965 magis
2973 2894 3171 2964 quaerit
3197 2893 3396 2946 Filium

1825 2996 1918 3049 Dei
1954 2994 2246 3064 perfectius
2275 2993 2758 3062 comprehendere.
2791 2998 2845 3044 et
2890 2988 2954 3042 ad
2983 2987 3158 3055 ipsum
3198 3001 3398 3054 pr0pe-

1824 3096 1927 3140 rat.
1983 3086 2166 3151 Quare
2198 3095 2344 3139 recte
2391 3083 2688 3154 praecepit:
2727 3079 3033 3148 Operamini
3079 3093 3182 3130 non
3225 3077 3398 3130 cibum

1817 3180 1907 3248 qui
1929 3178 2087 3245 perit,
2114 3177 2206 3230 sed
2237 3175 2406 3230 cibum
2432 3175 2521 3245 qui
2547 3183 2813 3241 permanet
2847 3173 2900 3225 in
2928 3171 3088 3224 vitum
3118 3180 3397 3232 (uernam,

1818 3287 1971 3342 quem
2017 3269 2190 3323 Filius
2233 3271 2460 3323 hominis
2491 3268 2636 3321 dabit
2686 3267 2830 3319 vobis
2873 3264 2939 3317 ⁸².
2988 3265 3068 3318 Ad
3113 3264 3228 3316 haec
3273 3276 3397 3316 cum

1821 3365 2226 3433 interrogarent
2258 3362 2349 3431 qui
2374 3361 2686 3423 audierant,
2722 3367 2776 3411 et
2809 3357 3052 3410 dicereut
3081 3373 3094 3408 :
3127 3353 3286 3431 Quid.
3310 3353 3396 3422 fa-

1821 3456 2016 3508 ciemus
2071 3464 2127 3507 ut
2167 3469 2440 3522 operemur
2473 3446 2632 3519 opera
2667 3450 2805 3504 Dei?
2837 3449 3103 3516 respondit
3137 3445 3315 3507 Jesus,
3350 3455 3398 3498 et

1821 3546 1953 3598 dixit
1985 3546 2058 3598 eis
2087 3561 2106 3599 :
2139 3543 2252 3597 lloc
2277 3553 2352 3597 est
2389 3560 2515 3609 opus
2552 3541 2648 3596 Dei
2679 3552 2734 3596 ut
2763 3539 2989 3593 credatis
3021 3540 3075 3591 in
3109 3554 3226 3591 eum
3247 3552 3399 3606 quem

1821 3640 1962 3692 misit
1993 3638 2079 3691 ille
2108 3637 2172 3691 ⁸³.
2207 3637 2355 3690 Misit
2388 3647 2568 3690 autem
2603 3634 2744 3688 Deus
2785 3633 3005 3687 Verbum
3035 3629 3200 3701 2M
3222 3645 3398 3691 suum,

1819 3737 1870 3783 et
1905 3728 2110 3782 sanavit
2145 3743 2230 3781 eos
2275 3725 2344 3792 ³⁵,
2381 3735 2442 3780 ιιι
2483 3726 2534 3779 in
2587 3723 2815 3779 Psalmis
2860 3723 3121 3792 scriptum
3166 3729 3270 3782 est,
3303 3734 3399 3772 eos

1822 3817 2038 3873 scilicet
2078 3817 2170 3886 qui
2209 3815 2414 3871 infirmi
2447 3815 2692 3869 fuerant.
2745 3814 2839 3868 lllo
2890 3813 3067 3868 Verbo
3097 3823 3396 3880 operantur

1823 3909 2108 3964 credentes
2137 3924 2301 3978 opera
2337 3908 2430 3963 Dei
2467 3924 2588 3976 qua:
2620 3918 2745 3962 sunt
2773 3907 2928 3961 cibus
2979 3905 3072 3973 qui
3117 3913 3402 3973 permanet

1823 4001 2079 4056 invitam
2131 4013 2413 4056 aiteruam.
2463 4000 2576 4054 Et:
2611 3998 2778 4054 Pater
2825 4017 3008 4065 meus,
3064 3998 3259 4068 inquit,
3310 3999 3404 4051 dat

1823 4092 1963 4147 vobis
1997 4111 2188 4162 panem
2212 4095 2275 4148 de
2319 4092 2448 4146 caelo
2483 4107 2679 4148 verum.
2715 4089 2878 4146 Panis
2911 4091 3046 4146 enim
3079 4090 3172 4143 Dei
3207 4100 3281 4143 est
3311 4088 3402 4158 qui

1821 4183 1887 4238 de
1918 4186 2044 4240 creto
2070 4186 2335 4240 descendit
2380 4197 2429 4240 et
2461 4187 2552 4239 dat
2578 4185 2741 4239 vitam
2769 4187 2964 4237 mundo
2996 4184 3064 4236 ³⁵.
3100 4181 3270 4236 Verus
3305 4196 3402 4234 au-

1825 4287 1932 4332 tem
1964 4279 2121 4348 panis
2150 4287 2235 4334 est
2268 4279 2360 4348 qui
2401 4293 2587 4333 verum
2615 4277 2785 4332 nutrit
2823 4276 3113 4342 hominem,
3144 4290 3267 4330 eum
3299 4276 3392 4343 qui

137 4363 229 4431 τὴρ
246 4366 310 4419 δε
343 4387 479 4433 μου,
509 4369 674 4440 φησὶ,
708 4366 968 4420 δίδωσιν
989 4366 1130 4436 ὑμῖν
1157 4369 1264 4420 τὸν
1305 4366 1487 4436 ἄρτον
1513 4368 1582 4421 ἐκ
1613 4365 1716 4420 τοῦ

1826 4371 1892 4424 ad
1917 4369 2205 4440 imaginem
2230 4371 2321 4425 Dci
2340 4371 2512 4426 {actus
2544 4381 2624 4426 est
2648 4389 2661 4423 :
2683 4385 2789 4438 quo
2807 4369 2898 4437 qui
2924 4369 3110 4428 alitur.
3139 4369 3300 4421 etiam
3333 4367 3400 4421 ad

135 4457 368 4522 οὐρανοῦ
400 4461 509 4514 τὸν
555 4458 903 4528 ἀληθινόν·
946 4461 978 4513 ὁ
1023 4458 1132 4528 γὰρ
1177 4457 1356 4526 ἄρτος
1400 4457 1508 4512 τοῦ
1567 4459 1718 4514 Θεοῦ

135 4549 283 4605 ἐστιν
329 4557 362 4608 ό
392 4556 785 4609 καταϐαίνων
837 4551 908 4605 ἐκ
950 4551 1057 4605 τοῦ
1099 4551 1380 4620 οὐρανοῦ,
1425 4552 1524 4606 καὶ
1559 4551 1714 4621 ζωὴν

132 4638 317 4711 διδοὺς
345 4645 428 4711 τῷ
455 4649 691 4716 κόσμῳ.
734 4646 936 4714 Ἀρτος
969 4641 1028 4695 δὲ
1067 4642 1320 4714 ἀληθινός
1362 4645 1512 4696 ἐστιν
1554 4647 1584 4698 ὁ
1626 4643 1718 4698 τὸν

134 4735 363 4806 ἀληθινὸν
401 4741 625 4809 τρέφων
669 4737 964 4809 ἄνθρωπον
992 4735 1084 4789 τὸν
1124 4738 1244 4789 κατ’
1287 4737 1472 4790 εἰκόνα
1517 4737 1591 4807 (5)
1623 4737 1715 4790 τοῦ

135 4827 249 4884 Θεοῦ
273 4835 670 4904 πεποιημένον,
702 4823 792 4894 ᾧὸ
814 4829 1042 4900 τραφεὶς
1073 4829 1166 4881 καὶ
1192 4827 1313 4882 καθ’
1340 4829 1600 4899 ὁμοίωσιν
1623 4828 1716 4882 τοῦ

137 4919 398 4985 κτίσαντος
422 4923 655 4990 γίνεται.
678 4917 748 4973 Τί
760 4918 818 4971 δὲ
836 4918 1010 4986 Λόγου
1027 4920 1092 4988 τῇ
1108 4917 1252 4988 ψυχῇ
1274 4918 1682 4989 τροφιμώτερον
1703 4935 1720 4983 ;

137 5010 194 5064 Ἦ
222 5013 271 5065 τί
291 5015 393 5085 τῆς
420 5015 618 5084 σοφίας
645 5011 745 5066 τοῦ
781 5009 919 5063 Θεοῦ
943 5008 1020 5080 τῷ
1049 5010 1126 5080 νῷ
1158 5009 1252 5063 τοῦ
1281 5009 1583 5082 χωροῦντος
1623 5011 1721 5064 αὑ-

1339 5164 1381 5197 ³¹
1421 5166 1556 5224 lbid.
1598 5169 1690 5226 26.

194 5167 280 5222 ³⁸1
315 5171 448 5224 Cor.
475 5186 569 5233 xv,
608 5170 721 5235 50;
784 5165 938 5222 Ioau.
976 5183 1062 5235 vr,
1099 5169 1190 5224 64.

130 5235 172 5267 ³⁸
195 5235 350 5294 Julii.
382 5256 470 5308 vt,
499 5242 594 5296 52.

188 5419 298 5489 (99)
339 5417 860 5491 Λεχθησομένων.
908 5417 1182 5473 Bentleius
1200 5418 1348 5491 legit,
1380 5415 1722 5491 δεχθησομὲ-

122 5505 262 5628 ma.)
315 5561 688 5616 Ἐπιούσιον.
740 5558 1022 5612 Vertimus
1067 5559 1509 5622 substantialem,
1559 5557 1717 5625 juxta

121 5627 379 5700 Origeuis
434 5645 674 5686 mentem
733 5628 1027 5700 qui‘pauio
1066 5629 1201 5700 ἱμΙξΓξι
1235 5629 1402 5700 ἄρτον
1438 5630 1720 5684 ἐπιούσιον

123 5697 460 5772 ικῐὶξιίιετὸν
483 5703 564 5766 εἰς
594 5700 701 5772 τὴν
732 5697 926 5772 ουσίαν
959 5697 1412 5772 συμβαλλόμενον.

189 5716 325 5762 utut,
362 5716 460 5753 τον
483 5716 564 5766 εις
594 5716 701 5772 την
732 5716 926 5752 ουσιαν
959 5716 1020 5750 συ
1070 5716 1412 5769 οαΑΑομενον.

189 5770 264 5840 (2)
305 5770 494 5828 Codex
530 5788 662 5838 ms.,
689 5769 833 5841 πρὸς
863 5716 1182 5840 ἐληλυθότας
1211 5772 1292 5834 εἰς
1320 5769 1715 5843 Καφαρναούμ.

1825 4461 2240 4516 similitudinem
2327 4460 2603 4516 Creatoris
2677 4458 2931 4513 eﬂicitur.
3006 4457 3144 4522 Quid
3217 4467 3400 4509 autem

1825 4554 2036 4611 alendae
2070 4555 2266 4608 animae
2294 4555 2474 4625 aptius
2499 4563 2582 4609 est
2609 4569 2773 4622 quam
2816 4550 3097 4607 Verbum?
3142 4549 3279 4615 Quid
3313 4562 3399 4602 sa-

1825 4647 2030 4717 pientia
2067 4645 2160 4701 Dei
2190 4647 2482 4715 pretiosius
2513 4645 2679 4700 menti
2712 4645 2829 4713 ejus
2856 4645 2946 4712 qui
2979 4642 3150 4713 ipsam
3181 4642 3400 4710 capiat?

1824 4739 1962 4805 Quid
1991 4739 2298 4794 rationabili
2345 4750 2550 4792 natura:
2575 4737 2808 4792 veritate
2845 4733 3294 4790 convenientius?
3320 4735 3401 4788 Ad

1829 4830 1942 4885 haec
1970 4831 2016 4885 si
2048 4832 2170 4900 quis
2212 4831 2456 4902 objiciat,
2498 4830 2544 4884 si
2576 4831 2689 4886 liam
2725 4831 2798 4884 ita
2835 4845 2897 4885 se
2939 4827 3230 4892 haberent,
3262 4825 3402 4879 futu~

1829 4935 1951 4974 rum
2007 4937 2112 4976 non
2161 4921 2360 4990 fuisse,
2417 4933 2478 4977 ut
2533 4922 2785 4976 Christus
2834 4921 3122 4991 petendum
3182 4919 3405 4973 doceret

1829 5013 2242 5069 substantialem
2277 5029 2472 5084 panem
2516 5015 2672 5083 quasi
2707 5015 2915 5084 aliquid
2943 5027 2973 5066 a
3002 5028 3062 5066 sc
3088 5009 3401 5073 diversum;

1849 5172 1893 5202 ⁸³
1945 5173 2101 5238 lbid.,
2149 5173 2242 5230 27.
2354 5175 2400 5206 ⁸⁸
2437 5175 2598 5240 lbid.,
2631 5175 2727 5240 Q8,
2750 5173 2844 5230 29.
2919 5174 2966 5208 ⁸⁸
2994 5174 3140 5229 Psal.
3168 5188 3290 5238 CVI,
3314 5173 3405 5226 20.

1831 5419 2013 5505 Editio
2072 5418 2440 5486 Oxoniensis,
2501 5415 2973 5490 προσεληλυθότας
3033 5417 3116 5481 εἰς
3177 5415 3412 5489 Καπαρ-

1829 5508 2424 5700 ναζέ)μ⁹Έργάζεσθαι.
2463 5559 2624 5625 Lege,
2660 5557 2979 5629 ἐργάζεσθε.

1925 5631 1979 5700 4)
2019 5631 2395 5700 ῌιστεύηται.
2433 5629 2592 5698 Lege,
2627 5630 2946 5700 πιστεύητε.

1925 5631 1979 5702 4)
2019 5631 2395 5702 ῌιστεύηται.
2433 5629 2592 5702 Lege,
2627 5630 2946 5702 πιστεύητε.

1862 5691 1980 5826 Et?)
2020 5698 2204 5756 Codex
2247 5691 2373 5767 uis.,
2443 5691 2806 5753 κατ”είκόνα⁸
2851 5691 2996 5754 Edit.
3029 5695 3231 5764 Oxou.,
3271 5691 3417 5751 κατὰ

1829 5788 1853 5824 ε
1883 5790 1915 5826 κ
1946 5787 2034 5824 να.
