  <div class='ocr_page' id='page_1' title='image "/cluster/home/n/w/nwhite01/storage/ocr_20150623/11/hvd.32044024345175/261.png"; bbox 0 0 3954 6414; ppageno 0'>
   <div class='ocr_carea' id='block_1_1' title="bbox 486 288 585 344">
    <p class='ocr_par' dir='ltr' id='par_1_1' title="bbox 486 288 585 344">
     <span class='ocr_line' id='line_1_1' title="bbox 486 288 585 344; baseline -0.02 0"><span class='ocrx_word' id='word_1_1' title='bbox 486 288 585 344; x_wconf 70' lang='lat' dir='ltr'><strong>ﬁli</strong></span> 
     </span>
    </p>
   </div>
   <div class='ocr_carea' id='block_1_2' title="bbox 1944 283 2270 342">
    <p class='ocr_par' dir='ltr' id='par_1_2' title="bbox 1944 283 2270 342">
     <span class='ocr_line' id='line_1_2' title="bbox 1944 283 2270 342; baseline -0.003 -1"><span class='ocrx_word' id='word_1_2' title='bbox 1944 283 2270 342; x_wconf 68' lang='lat' dir='ltr'><strong>ORIGENIS</strong></span> 
     </span>
    </p>
   </div>
   <div class='ocr_carea' id='block_1_3' title="bbox 3657 289 3757 344">
    <p class='ocr_par' dir='ltr' id='par_1_3' title="bbox 3657 289 3757 344">
     <span class='ocr_line' id='line_1_3' title="bbox 3657 289 3757 344; baseline 0 0"><span class='ocrx_word' id='word_1_3' title='bbox 3657 289 3757 344; x_wconf 69' lang='grc'><strong>512</strong></span> 
     </span>
    </p>
   </div>
   <div class='ocr_carea' id='block_1_4' title="bbox 487 408 2052 480">
    <p class='ocr_par' dir='ltr' id='par_1_4' title="bbox 487 408 2044 476">
     <span class='ocr_line' id='line_1_4' title="bbox 487 408 2044 476; baseline -0.001 -14"><span class='ocrx_word' id='word_1_4' title='bbox 487 411 732 476; x_wconf 87' lang='lat' dir='ltr'><strong>accedat,</strong></span> <span class='ocrx_word' id='word_1_5' title='bbox 775 410 1179 466; x_wconf 79' lang='lat' dir='ltr'><strong>incrementum</strong></span> <span class='ocrx_word' id='word_1_6' title='bbox 1234 410 1334 474; x_wconf 83' lang='lat' dir='ltr'><strong>fit;</strong></span> <span class='ocrx_word' id='word_1_7' title='bbox 1390 409 1474 463; x_wconf 89' lang='lat' dir='ltr'><strong>sin</strong></span> <span class='ocrx_word' id='word_1_8' title='bbox 1525 408 1730 471; x_wconf 85' lang='lat' dir='ltr'><strong>minus,</strong></span> <span class='ocrx_word' id='word_1_9' title='bbox 1759 408 2044 464; x_wconf 89' lang='lat' dir='ltr'><strong>diminutio</strong></span> 
     </span>
    </p>
   </div>
   <div class='ocr_carea' id='block_1_5' title="bbox 2164 408 3771 480">
    <p class='ocr_par' dir='ltr' id='par_1_5' title="bbox 2173 408 3771 480">
     <span class='ocr_line' id='line_1_5' title="bbox 2173 408 3771 480; baseline 0 -20"><span class='ocrx_word' id='word_1_10' title='bbox 2173 408 2596 478; x_wconf 85' lang='grc' dir='ltr'>καταγινόμενον</span> <span class='ocrx_word' id='word_1_11' title='bbox 2629 408 2757 464; x_wconf 83' lang='grc' dir='ltr'>λαὸν</span> <span class='ocrx_word' id='word_1_12' title='bbox 2777 449 2790 471; x_wconf 93' lang='grc'><strong>,</strong></span> <span class='ocrx_word' id='word_1_13' title='bbox 2822 410 2917 463; x_wconf 78' lang='grc' dir='ltr'>καὶ</span> <span class='ocrx_word' id='word_1_14' title='bbox 2950 408 3311 462; x_wconf 79' lang='grc' dir='ltr'><strong>κοινωνοῦντα</strong></span> <span class='ocrx_word' id='word_1_15' title='bbox 3342 408 3503 479; x_wconf 78' lang='grc' dir='ltr'>αὐτῇ,</span> <span class='ocrx_word' id='word_1_16' title='bbox 3557 412 3771 480; x_wconf 69' lang='grc' dir='ltr'>σημαίσ·</span> 
     </span>
    </p>
   </div>
   <div class='ocr_carea' id='block_1_6' title="bbox 487 499 2062 571">
    <p class='ocr_par' dir='ltr' id='par_1_6' title="bbox 487 499 2062 571">
     <span class='ocr_line' id='line_1_6' title="bbox 487 499 2062 571; baseline -0.004 -13"><span class='ocrx_word' id='word_1_17' title='bbox 487 503 652 559; x_wconf 84' lang='lat' dir='ltr'><strong>Forte</strong></span> <span class='ocrx_word' id='word_1_18' title='bbox 675 504 840 560; x_wconf 90' lang='lat' dir='ltr'><strong>etiam</strong></span> <span class='ocrx_word' id='word_1_19' title='bbox 876 504 1055 571; x_wconf 86' lang='lat' dir='ltr'><strong>aliqua</strong></span> <span class='ocrx_word' id='word_1_20' title='bbox 1087 503 1391 556; x_wconf 91' lang='lat' dir='ltr'><strong>immissum</strong></span> <span class='ocrx_word' id='word_1_21' title='bbox 1428 499 1562 554; x_wconf 83' lang='lat' dir='ltr'><strong>nihil</strong></span> <span class='ocrx_word' id='word_1_22' title='bbox 1587 501 1883 569; x_wconf 88' lang='lat' dir='ltr'><strong>accipiunt,</strong></span> <span class='ocrx_word' id='word_1_23' title='bbox 1923 512 1978 555; x_wconf 90' lang='lat' dir='ltr'><strong>et</strong></span> <span class='ocrx_word' id='word_1_24' title='bbox 2009 500 2062 552; x_wconf 89' lang='lat' dir='ltr'><strong>in</strong></span> 
     </span>
    </p>
   </div>
   <div class='ocr_carea' id='block_1_7' title="bbox 487 592 2061 657">
    <p class='ocr_par' dir='ltr' id='par_1_7' title="bbox 487 592 2061 657">
     <span class='ocr_line' id='line_1_7' title="bbox 487 592 2061 657; baseline -0.003 -10"><span class='ocrx_word' id='word_1_25' title='bbox 487 608 660 653; x_wconf 85' lang='lat' dir='ltr'><strong>luero.</strong></span> <span class='ocrx_word' id='word_1_26' title='bbox 699 603 758 648; x_wconf 92' lang='lat' dir='ltr'><strong>ut</strong></span> <span class='ocrx_word' id='word_1_27' title='bbox 792 594 863 647; x_wconf 88' lang='lat' dir='ltr'><strong>ita</strong></span> <span class='ocrx_word' id='word_1_28' title='bbox 897 595 1074 646; x_wconf 85' lang='lat' dir='ltr'><strong>dicam</strong></span> <span class='ocrx_word' id='word_1_29' title='bbox 1106 631 1121 655; x_wconf 98' lang='lat'><strong>,</strong></span> <span class='ocrx_word' id='word_1_30' title='bbox 1172 601 1298 646; x_wconf 91' lang='lat' dir='ltr'><strong>sunt</strong></span> <span class='ocrx_word' id='word_1_31' title='bbox 1327 592 1700 647; x_wconf 86' lang='lat' dir='ltr'><strong>decremento.</strong></span> <span class='ocrx_word' id='word_1_32' title='bbox 1745 592 1846 645; x_wconf 86' lang='lat' dir='ltr'><strong>Alii</strong></span> <span class='ocrx_word' id='word_1_33' title='bbox 1875 634 1890 657; x_wconf 93' lang='lat'><strong>,</strong></span> <span class='ocrx_word' id='word_1_34' title='bbox 1941 607 2061 644; x_wconf 92' lang='lat' dir='ltr'><strong>cum</strong></span> 
     </span>
    </p>
   </div>
   <div class='ocr_carea' id='block_1_8' title="bbox 486 682 2062 750">
    <p class='ocr_par' dir='ltr' id='par_1_8' title="bbox 486 682 2062 750">
     <span class='ocr_line' id='line_1_8' title="bbox 486 682 2062 750; baseline -0.003 -13"><span class='ocrx_word' id='word_1_35' title='bbox 486 700 669 738; x_wconf 89' lang='lat' dir='ltr'><strong>rerum</strong></span> <span class='ocrx_word' id='word_1_36' title='bbox 723 685 1175 750; x_wconf 74' lang='lat' dir='ltr'><strong>incorporearum</strong></span> <span class='ocrx_word' id='word_1_37' title='bbox 1224 682 1588 736; x_wconf 89' lang='lat' dir='ltr'><strong>substantiam</strong></span> <span class='ocrx_word' id='word_1_38' title='bbox 1636 692 2062 750; x_wconf 88' lang='lat' dir='ltr'><strong>consequentem</strong></span> 
     </span>
    </p>
   </div>
   <div class='ocr_carea' id='block_1_9' title="bbox 490 773 2063 843">
    <p class='ocr_par' dir='ltr' id='par_1_9' title="bbox 490 773 2063 843">
     <span class='ocr_line' id='line_1_9' title="bbox 490 773 2063 843; baseline -0.001 -15"><span class='ocrx_word' id='word_1_39' title='bbox 490 785 699 828; x_wconf 90' lang='lat' dir='ltr'><strong>tantum</strong></span> <span class='ocrx_word' id='word_1_40' title='bbox 727 790 849 828; x_wconf 86' lang='lat' dir='ltr'><strong>esse</strong></span> <span class='ocrx_word' id='word_1_41' title='bbox 875 783 1086 842; x_wconf 86' lang='lat' dir='ltr'><strong>putent,</strong></span> <span class='ocrx_word' id='word_1_42' title='bbox 1119 773 1448 843; x_wconf 71' lang='lat' dir='ltr'><strong>praecipuam</strong></span> <span class='ocrx_word' id='word_1_43' title='bbox 1485 786 1614 826; x_wconf 86' lang='lat' dir='ltr'><strong>vero</strong></span> <span class='ocrx_word' id='word_1_44' title='bbox 1650 788 1834 826; x_wconf 89' lang='lat' dir='ltr'><strong>rerum</strong></span> <span class='ocrx_word' id='word_1_45' title='bbox 1864 788 2063 840; x_wconf 86' lang='lat' dir='ltr'><strong>corpo-</strong></span> 
     </span>
    </p>
   </div>
   <div class='ocr_carea' id='block_1_10' title="bbox 485 863 2060 932">
    <p class='ocr_par' dir='ltr' id='par_1_10' title="bbox 485 863 2060 932">
     <span class='ocr_line' id='line_1_10' title="bbox 485 863 2060 932; baseline -0.003 -12"><span class='ocrx_word' id='word_1_46' title='bbox 485 871 737 931; x_wconf 82' lang='lat' dir='ltr'><strong>rearu‘m;</strong></span> <span class='ocrx_word' id='word_1_47' title='bbox 774 865 854 919; x_wconf 84' lang='lat' dir='ltr'><strong>sic</strong></span> <span class='ocrx_word' id='word_1_48' title='bbox 882 865 1026 918; x_wconf 91' lang='lat' dir='ltr'><strong>illam</strong></span> <span class='ocrx_word' id='word_1_49' title='bbox 1057 864 1327 920; x_wconf 89' lang='lat' dir='ltr'><strong>deﬁniunt</strong></span> <span class='ocrx_word' id='word_1_50' title='bbox 1357 880 1371 917; x_wconf 88' lang='lat'><strong>:</strong></span> <span class='ocrx_word' id='word_1_51' title='bbox 1407 863 1729 917; x_wconf 90' lang='lat' dir='ltr'><strong>Substantia</strong></span> <span class='ocrx_word' id='word_1_52' title='bbox 1764 872 1850 918; x_wconf 91' lang='lat' dir='ltr'><strong>est</strong></span> <span class='ocrx_word' id='word_1_53' title='bbox 1889 864 2060 932; x_wconf 91' lang='lat' dir='ltr'><strong>prima</strong></span> 
     </span>
    </p>
   </div>
   <div class='ocr_carea' id='block_1_11' title="bbox 486 955 2062 1022">
    <p class='ocr_par' dir='ltr' id='par_1_11' title="bbox 486 955 2062 1022">
     <span class='ocr_line' id='line_1_11' title="bbox 486 955 2062 1022; baseline -0.002 -14"><span class='ocrx_word' id='word_1_54' title='bbox 486 970 672 1009; x_wconf 85' lang='lat' dir='ltr'><strong>rerum</strong></span> <span class='ocrx_word' id='word_1_55' title='bbox 694 957 922 1009; x_wconf 81' lang='lat' dir='ltr'><strong>materia</strong></span> <span class='ocrx_word' id='word_1_56' title='bbox 945 963 999 1008; x_wconf 82' lang='lat' dir='ltr'><strong>et</strong></span> <span class='ocrx_word' id='word_1_57' title='bbox 1016 969 1081 1007; x_wconf 82' lang='lat' dir='ltr'><strong>ex</strong></span> <span class='ocrx_word' id='word_1_58' title='bbox 1100 969 1204 1022; x_wconf 86' lang='lat' dir='ltr'><strong>qua</strong></span> <span class='ocrx_word' id='word_1_59' title='bbox 1229 970 1317 1007; x_wconf 89' lang='lat' dir='ltr'><strong>res</strong></span> <span class='ocrx_word' id='word_1_60' title='bbox 1333 962 1496 1018; x_wconf 91' lang='lat' dir='ltr'><strong>sunt;</strong></span> <span class='ocrx_word' id='word_1_61' title='bbox 1522 967 1813 1022; x_wconf 87' lang='lat' dir='ltr'><strong>corporum</strong></span> <span class='ocrx_word' id='word_1_62' title='bbox 1836 955 2062 1005; x_wconf 82' lang='lat' dir='ltr'><strong>materia</strong></span> 
     </span>
    </p>
   </div>
   <div class='ocr_carea' id='block_1_12' title="bbox 484 1045 2060 1117">
    <p class='ocr_par' dir='ltr' id='par_1_12' title="bbox 484 1045 2060 1117">
     <span class='ocr_line' id='line_1_12' title="bbox 484 1045 2060 1117; baseline -0.003 -17"><span class='ocrx_word' id='word_1_63' title='bbox 484 1055 540 1101; x_wconf 90' lang='lat' dir='ltr'><strong>et</strong></span> <span class='ocrx_word' id='word_1_64' title='bbox 560 1063 627 1100; x_wconf 78' lang='lat' dir='ltr'><strong>ex</strong></span> <span class='ocrx_word' id='word_1_65' title='bbox 649 1063 754 1116; x_wconf 90' lang='lat' dir='ltr'><strong>qua</strong></span> <span class='ocrx_word' id='word_1_66' title='bbox 783 1063 1012 1117; x_wconf 91' lang='lat' dir='ltr'><strong>corpora</strong></span> <span class='ocrx_word' id='word_1_67' title='bbox 1039 1055 1196 1108; x_wconf 88' lang='lat' dir='ltr'><strong>sunt;</strong></span> <span class='ocrx_word' id='word_1_68' title='bbox 1221 1061 1411 1101; x_wconf 89' lang='lat' dir='ltr'><strong>eorum</strong></span> <span class='ocrx_word' id='word_1_69' title='bbox 1440 1045 1718 1115; x_wconf 83' lang='lat' dir='ltr'><strong>(materia)</strong></span> <span class='ocrx_word' id='word_1_70' title='bbox 1743 1062 1862 1114; x_wconf 72' lang='lat' dir='ltr'><strong>quze</strong></span> <span class='ocrx_word' id='word_1_71' title='bbox 1891 1045 2060 1099; x_wconf 90' lang='lat' dir='ltr'><strong>nomi-</strong></span> 
     </span>
    </p>
   </div>
   <div class='ocr_carea' id='block_1_13' title="bbox 483 1138 2053 1208">
    <p class='ocr_par' dir='ltr' id='par_1_13' title="bbox 483 1138 2053 1208">
     <span class='ocr_line' id='line_1_13' title="bbox 483 1138 2053 1208; baseline -0.002 -17"><span class='ocrx_word' id='word_1_72' title='bbox 483 1147 688 1191; x_wconf 88' lang='lat' dir='ltr'><strong>nantur</strong></span> <span class='ocrx_word' id='word_1_73' title='bbox 708 1149 764 1192; x_wconf 90' lang='lat' dir='ltr'><strong>et</strong></span> <span class='ocrx_word' id='word_1_74' title='bbox 785 1153 853 1207; x_wconf 77' lang='lat' dir='ltr'><strong>ex</strong></span> <span class='ocrx_word' id='word_1_75' title='bbox 881 1155 986 1208; x_wconf 88' lang='lat' dir='ltr'><strong>qua</strong></span> <span class='ocrx_word' id='word_1_76' title='bbox 1011 1148 1134 1194; x_wconf 89' lang='lat' dir='ltr'><strong>sunt</strong></span> <span class='ocrx_word' id='word_1_77' title='bbox 1159 1154 1275 1207; x_wconf 66' lang='lat' dir='ltr'><strong>quae</strong></span> <span class='ocrx_word' id='word_1_78' title='bbox 1298 1139 1668 1203; x_wconf 81' lang='lat' dir='ltr'><strong>nominantur;</strong></span> <span class='ocrx_word' id='word_1_79' title='bbox 1703 1148 1796 1190; x_wconf 89' lang='lat' dir='ltr'><strong>aut</strong></span> <span class='ocrx_word' id='word_1_80' title='bbox 1817 1138 2053 1204; x_wconf 87' lang='lat' dir='ltr'><strong>primum</strong></span> 
     </span>
    </p>
   </div>
   <div class='ocr_carea' id='block_1_14' title="bbox 480 1227 2060 1300">
    <p class='ocr_par' dir='ltr' id='par_1_14' title="bbox 480 1227 2060 1300">
     <span class='ocr_line' id='line_1_14' title="bbox 480 1227 2060 1300; baseline -0.001 -17"><span class='ocrx_word' id='word_1_81' title='bbox 480 1229 804 1295; x_wconf 83' lang='lat' dir='ltr'><strong>subsistens,</strong></span> <span class='ocrx_word' id='word_1_82' title='bbox 834 1231 1098 1300; x_wconf 86' lang='lat' dir='ltr'><strong>qualitate</strong></span> <span class='ocrx_word' id='word_1_83' title='bbox 1121 1245 1352 1296; x_wconf 89' lang='lat' dir='ltr'><strong>carens;</strong></span> <span class='ocrx_word' id='word_1_84' title='bbox 1401 1239 1495 1284; x_wconf 90' lang='lat' dir='ltr'><strong>aut</strong></span> <span class='ocrx_word' id='word_1_85' title='bbox 1542 1231 1686 1299; x_wconf 90' lang='lat' dir='ltr'><strong>quod</strong></span> <span class='ocrx_word' id='word_1_86' title='bbox 1729 1227 2060 1298; x_wconf 78' lang='lat' dir='ltr'><strong>praeexsistit</strong></span> 
     </span>
    </p>
   </div>
   <div class='ocr_carea' id='block_1_15' title="bbox 482 1321 2060 1390">
    <p class='ocr_par' dir='ltr' id='par_1_15' title="bbox 482 1321 2060 1390">
     <span class='ocr_line' id='line_1_15' title="bbox 482 1321 2060 1390; baseline -0.001 -15"><span class='ocrx_word' id='word_1_87' title='bbox 482 1321 688 1386; x_wconf 85' lang='lat' dir='ltr'><strong>rebus;</strong></span> <span class='ocrx_word' id='word_1_88' title='bbox 726 1323 812 1376; x_wconf 89' lang='lat' dir='ltr'><strong>vel</strong></span> <span class='ocrx_word' id='word_1_89' title='bbox 847 1323 992 1390; x_wconf 88' lang='lat' dir='ltr'><strong>quod</strong></span> <span class='ocrx_word' id='word_1_90' title='bbox 1025 1339 1216 1378; x_wconf 91' lang='lat' dir='ltr'><strong>omnes</strong></span> <span class='ocrx_word' id='word_1_91' title='bbox 1240 1323 1436 1390; x_wconf 78' lang='lat' dir='ltr'><strong>recipit</strong></span> <span class='ocrx_word' id='word_1_92' title='bbox 1467 1322 1796 1376; x_wconf 85' lang='lat' dir='ltr'><strong>mutationes</strong></span> <span class='ocrx_word' id='word_1_93' title='bbox 1838 1328 1894 1374; x_wconf 91' lang='lat' dir='ltr'><strong>et</strong></span> <span class='ocrx_word' id='word_1_94' title='bbox 1922 1321 2060 1374; x_wconf 86' lang='lat' dir='ltr'><strong>alte-</strong></span> 
     </span>
    </p>
   </div>
   <div class='ocr_carea' id='block_1_16' title="bbox 481 1411 2060 1484">
    <p class='ocr_par' dir='ltr' id='par_1_16' title="bbox 481 1411 2060 1484">
     <span class='ocr_line' id='line_1_16' title="bbox 481 1411 2060 1484; baseline -0.002 -17"><span class='ocrx_word' id='word_1_95' title='bbox 481 1413 743 1478; x_wconf 89' lang='lat' dir='ltr'><strong>ratioues,</strong></span> <span class='ocrx_word' id='word_1_96' title='bbox 786 1429 911 1469; x_wconf 91' lang='lat' dir='ltr'><strong>cum</strong></span> <span class='ocrx_word' id='word_1_97' title='bbox 947 1416 1018 1468; x_wconf 90' lang='lat' dir='ltr'><strong>sit</strong></span> <span class='ocrx_word' id='word_1_98' title='bbox 1042 1417 1216 1484; x_wconf 89' lang='lat' dir='ltr'><strong>ipsum</strong></span> <span class='ocrx_word' id='word_1_99' title='bbox 1252 1413 1579 1468; x_wconf 85' lang='lat' dir='ltr'><strong>iuvariabile</strong></span> <span class='ocrx_word' id='word_1_100' title='bbox 1603 1411 1758 1482; x_wconf 85' lang='lat' dir='ltr'><strong>juxta</strong></span> <span class='ocrx_word' id='word_1_101' title='bbox 1787 1413 2060 1482; x_wconf 81' lang='lat' dir='ltr'><strong>propriam</strong></span> 
     </span>
    </p>
   </div>
   <div class='ocr_carea' id='block_1_17' title="bbox 484 1493 2058 1572">
    <p class='ocr_par' dir='ltr' id='par_1_17' title="bbox 484 1493 2058 1572">
     <span class='ocr_line' id='line_1_17' title="bbox 484 1493 2058 1572; baseline 0 -16"><span class='ocrx_word' id='word_1_102' title='bbox 484 1504 793 1570; x_wconf 87' lang='lat' dir='ltr'><strong>rationem;</strong></span> <span class='ocrx_word' id='word_1_103' title='bbox 848 1515 946 1558; x_wconf 88' lang='lat' dir='ltr'><strong>aut</strong></span> <span class='ocrx_word' id='word_1_104' title='bbox 972 1506 1113 1572; x_wconf 88' lang='lat' dir='ltr'><strong>quod</strong></span> <span class='ocrx_word' id='word_1_105' title='bbox 1151 1505 1295 1561; x_wconf 88' lang='lat' dir='ltr'><strong>omni</strong></span> <span class='ocrx_word' id='word_1_106' title='bbox 1332 1493 1640 1559; x_wconf 86' lang='lat' dir='ltr'><strong>alterationi</strong></span> <span class='ocrx_word' id='word_1_107' title='bbox 1686 1514 1742 1558; x_wconf 90' lang='lat' dir='ltr'><strong>et</strong></span> <span class='ocrx_word' id='word_1_108' title='bbox 1775 1503 2058 1557; x_wconf 85' lang='lat' dir='ltr'><strong>mutationi</strong></span> 
     </span>
    </p>
   </div>
   <div class='ocr_carea' id='block_1_18' title="bbox 487 1591 2068 1663">
    <p class='ocr_par' dir='ltr' id='par_1_18' title="bbox 487 1591 2068 1663">
     <span class='ocr_line' id='line_1_18' title="bbox 487 1591 2068 1663; baseline -0.001 -16"><span class='ocrx_word' id='word_1_109' title='bbox 487 1591 760 1661; x_wconf 86' lang='lat' dir='ltr'><strong>subjacet.</strong></span> <span class='ocrx_word' id='word_1_110' title='bbox 796 1594 1109 1649; x_wconf 79' lang='lat' dir='ltr'><strong>Secundum</strong></span> <span class='ocrx_word' id='word_1_111' title='bbox 1145 1595 1243 1648; x_wconf 87' lang='lat' dir='ltr'><strong>hos</strong></span> <span class='ocrx_word' id='word_1_112' title='bbox 1277 1597 1580 1648; x_wconf 81' lang='lat' dir='ltr'><strong>substantia</strong></span> <span class='ocrx_word' id='word_1_113' title='bbox 1609 1605 1692 1650; x_wconf 89' lang='lat' dir='ltr'><strong>est</strong></span> <span class='ocrx_word' id='word_1_114' title='bbox 1725 1596 1843 1648; x_wconf 88' lang='lat' dir='ltr'><strong>sine</strong></span> <span class='ocrx_word' id='word_1_115' title='bbox 1884 1595 2068 1663; x_wconf 87' lang='lat' dir='ltr'><strong>quali-.</strong></span> 
     </span>
    </p>
   </div>
   <div class='ocr_carea' id='block_1_19' title="bbox 481 1686 2058 1756">
    <p class='ocr_par' dir='ltr' id='par_1_19' title="bbox 481 1686 2058 1756">
     <span class='ocr_line' id='line_1_19' title="bbox 481 1686 2058 1756; baseline 0 -18"><span class='ocrx_word' id='word_1_116' title='bbox 481 1693 616 1749; x_wconf 87' lang='lat' dir='ltr'><strong>tate,</strong></span> <span class='ocrx_word' id='word_1_117' title='bbox 650 1686 770 1740; x_wconf 91' lang='lat' dir='ltr'><strong>sine</strong></span> <span class='ocrx_word' id='word_1_118' title='bbox 819 1687 989 1755; x_wconf 83' lang='lat' dir='ltr'><strong>ﬁgura</strong></span> <span class='ocrx_word' id='word_1_119' title='bbox 1034 1687 1188 1755; x_wconf 84' lang='lat' dir='ltr'><strong>juxta</strong></span> <span class='ocrx_word' id='word_1_120' title='bbox 1220 1689 1499 1756; x_wconf 85' lang='lat' dir='ltr'><strong>propriam</strong></span> <span class='ocrx_word' id='word_1_121' title='bbox 1547 1701 1701 1740; x_wconf 91' lang='lat' dir='ltr'><strong>suam</strong></span> <span class='ocrx_word' id='word_1_122' title='bbox 1755 1686 2058 1748; x_wconf 89' lang='lat' dir='ltr'><strong>rationem;</strong></span> 
     </span>
    </p>
   </div>
   <div class='ocr_carea' id='block_1_20' title="bbox 2173 500 3758 574">
    <p class='ocr_par' dir='ltr' id='par_1_20' title="bbox 2173 500 3758 574">
     <span class='ocr_line' id='line_1_20' title="bbox 2173 500 3758 574; baseline 0 -20"><span class='ocrx_word' id='word_1_123' title='bbox 2173 519 2358 554; x_wconf 86' lang='grc' dir='ltr'>νουσα.</span> <span class='ocrx_word' id='word_1_124' title='bbox 2403 502 2464 553; x_wconf 88' lang='grc' dir='ltr'><strong>Ἦ</strong></span> <span class='ocrx_word' id='word_1_125' title='bbox 2503 501 2687 571; x_wconf 88' lang='grc' dir='ltr'>μέντοι</span> <span class='ocrx_word' id='word_1_126' title='bbox 2718 502 2922 574; x_wconf 78' lang='grc' dir='ltr'><strong>κυρίως</strong></span> <span class='ocrx_word' id='word_1_127' title='bbox 2948 502 3106 553; x_wconf 78' lang='grc' dir='ltr'>οὐσία</span> <span class='ocrx_word' id='word_1_128' title='bbox 3130 504 3238 564; x_wconf 88' lang='grc' dir='ltr'>τοῖς</span> <span class='ocrx_word' id='word_1_129' title='bbox 3285 500 3383 572; x_wconf 81' lang='grc' dir='ltr'>μὲν</span> <span class='ocrx_word' id='word_1_130' title='bbox 3411 501 3758 572; x_wconf 73' lang='grc' dir='ltr'>προηγουμέ-</span> 
     </span>
    </p>
   </div>
   <div class='ocr_carea' id='block_1_21' title="bbox 2172 589 3756 664">
    <p class='ocr_par' dir='ltr' id='par_1_21' title="bbox 2172 589 3756 664">
     <span class='ocr_line' id='line_1_21' title="bbox 2172 589 3756 664; baseline 0 -17"><span class='ocrx_word' id='word_1_131' title='bbox 2172 611 2269 662; x_wconf 84' lang='grc' dir='ltr'><strong>νην</strong></span> <span class='ocrx_word' id='word_1_132' title='bbox 2291 591 2402 662; x_wconf 82' lang='grc'>(19)</span> <span class='ocrx_word' id='word_1_133' title='bbox 2422 593 2518 664; x_wconf 80' lang='grc' dir='ltr'>τὴν</span> <span class='ocrx_word' id='word_1_134' title='bbox 2541 593 2647 645; x_wconf 81' lang='grc' dir='ltr'><strong>τῶν</strong></span> <span class='ocrx_word' id='word_1_135' title='bbox 2664 593 2974 663; x_wconf 80' lang='grc' dir='ltr'><strong>ἀσωμάτων</strong></span> <span class='ocrx_word' id='word_1_136' title='bbox 2996 592 3289 646; x_wconf 77' lang='grc' dir='ltr'><strong>ὑπόστασιν</strong></span> <span class='ocrx_word' id='word_1_137' title='bbox 3309 589 3448 646; x_wconf 83' lang='grc' dir='ltr'>εἶναι</span> <span class='ocrx_word' id='word_1_138' title='bbox 3466 594 3756 662; x_wconf 81' lang='grc' dir='ltr'><strong>φάσκουσι,</strong></span> 
     </span>
    </p>
   </div>
   <div class='ocr_carea' id='block_1_22' title="bbox 2169 678 3755 753">
    <p class='ocr_par' dir='ltr' id='par_1_22' title="bbox 2169 678 3755 753">
     <span class='ocr_line' id='line_1_22' title="bbox 2169 678 3755 753; baseline 0.001 -16"><span class='ocrx_word' id='word_1_139' title='bbox 2169 682 2479 753; x_wconf 88' lang='grc' dir='ltr'>νενόμισται</span> <span class='ocrx_word' id='word_1_140' title='bbox 2505 683 2644 736; x_wconf 87' lang='grc' dir='ltr'><strong>κατὰ</strong></span> <span class='ocrx_word' id='word_1_141' title='bbox 2670 682 2736 734; x_wconf 78' lang='grc' dir='ltr'><strong>τὰ</strong></span> <span class='ocrx_word' id='word_1_142' title='bbox 2762 682 3029 752; x_wconf 83' lang='grc' dir='ltr'>ἀσώματα</span> <span class='ocrx_word' id='word_1_143' title='bbox 3049 681 3108 734; x_wconf 82' lang='grc' dir='ltr'><strong>τὸ</strong></span> <span class='ocrx_word' id='word_1_144' title='bbox 3123 678 3260 734; x_wconf 79' lang='grc' dir='ltr'>εἶναι</span> <span class='ocrx_word' id='word_1_145' title='bbox 3284 681 3518 752; x_wconf 78' lang='grc' dir='ltr'>βεϐαίως</span> <span class='ocrx_word' id='word_1_146' title='bbox 3544 683 3755 753; x_wconf 77' lang='grc' dir='ltr'>ἔχοντα,</span> 
     </span>
    </p>
   </div>
   <div class='ocr_carea' id='block_1_23' title="bbox 2173 771 3758 848">
    <p class='ocr_par' dir='ltr' id='par_1_23' title="bbox 2173 771 3758 848">
     <span class='ocr_line' id='line_1_23' title="bbox 2173 771 3758 848; baseline 0.002 -22"><span class='ocrx_word' id='word_1_147' title='bbox 2173 773 2267 826; x_wconf 71' lang='grc' dir='ltr'><strong>καὶ</strong></span> <span class='ocrx_word' id='word_1_148' title='bbox 2303 771 2426 826; x_wconf 71' lang='grc' dir='ltr'>οὔτε</span> <span class='ocrx_word' id='word_1_149' title='bbox 2467 773 2784 844; x_wconf 77' lang='grc' dir='ltr'>προσθήκην</span> <span class='ocrx_word' id='word_1_150' title='bbox 2815 773 3098 845; x_wconf 89' lang='grc' dir='ltr'>χωροῦντα</span> <span class='ocrx_word' id='word_1_151' title='bbox 3159 773 3282 827; x_wconf 73' lang='grc' dir='ltr'>οὔτε</span> <span class='ocrx_word' id='word_1_152' title='bbox 3315 776 3606 848; x_wconf 76' lang='grc' dir='ltr'>ἀφαίρεσιν</span> <span class='ocrx_word' id='word_1_153' title='bbox 3649 775 3758 829; x_wconf 81' lang='grc' dir='ltr'>πά.-</span> 
     </span>
    </p>
   </div>
   <div class='ocr_carea' id='block_1_24' title="bbox 2171 863 3750 938">
    <p class='ocr_par' dir='ltr' id='par_1_24' title="bbox 2171 863 3750 938">
     <span class='ocr_line' id='line_1_24' title="bbox 2171 863 3750 938; baseline 0.003 -21"><span class='ocrx_word' id='word_1_154' title='bbox 2171 881 2367 934; x_wconf 86' lang='grc' dir='ltr'>σχοντα</span> <span class='ocrx_word' id='word_1_155' title='bbox 2394 882 2407 894; x_wconf 75' lang='grc' dir='ltr'><strong>ο</strong></span> <span class='ocrx_word' id='word_1_156' title='bbox 2447 863 2604 916; x_wconf 81' lang='grc' dir='ltr'>τοῦτο</span> <span class='ocrx_word' id='word_1_157' title='bbox 2634 864 2742 934; x_wconf 78' lang='grc' dir='ltr'>γὰρ</span> <span class='ocrx_word' id='word_1_158' title='bbox 2772 864 2901 916; x_wconf 83' lang='grc' dir='ltr'>ἴδιον</span> <span class='ocrx_word' id='word_1_159' title='bbox 2936 863 3225 933; x_wconf 87' lang='grc' dir='ltr'>σωμάτων,</span> <span class='ocrx_word' id='word_1_160' title='bbox 3243 865 3368 936; x_wconf 74' lang='grc' dir='ltr'>περὶ</span> <span class='ocrx_word' id='word_1_161' title='bbox 3400 865 3438 919; x_wconf 71' lang='grc' dir='ltr'>ἃ</span> <span class='ocrx_word' id='word_1_162' title='bbox 3463 866 3677 934; x_wconf 85' lang='grc' dir='ltr'>γίνεται</span> <span class='ocrx_word' id='word_1_163' title='bbox 3717 869 3750 938; x_wconf 79' lang='grc' dir='ltr'>ή</span> 
     </span>
    </p>
   </div>
   <div class='ocr_carea' id='block_1_25' title="bbox 2169 950 3751 1027">
    <p class='ocr_par' dir='ltr' id='par_1_25' title="bbox 2169 950 3751 1027">
     <span class='ocr_line' id='line_1_25' title="bbox 2169 950 3751 1027; baseline 0.003 -23"><span class='ocrx_word' id='word_1_164' title='bbox 2169 950 2306 1024; x_wconf 77' lang='grc' dir='ltr'>αῦξη</span> <span class='ocrx_word' id='word_1_165' title='bbox 2341 952 2448 1022; x_wconf 69' lang='grc'>(20)</span> <span class='ocrx_word' id='word_1_166' title='bbox 2487 954 2581 1006; x_wconf 79' lang='grc' dir='ltr'><strong>καὶ</strong></span> <span class='ocrx_word' id='word_1_167' title='bbox 2608 955 2641 1024; x_wconf 85' lang='grc' dir='ltr'>ἡ</span> <span class='ocrx_word' id='word_1_168' title='bbox 2669 952 2869 1022; x_wconf 79' lang='grc' dir='ltr'>φθίσις,</span> <span class='ocrx_word' id='word_1_169' title='bbox 2911 954 3062 1022; x_wconf 72' lang='grc' dir='ltr'>παρὰ</span> <span class='ocrx_word' id='word_1_170' title='bbox 3091 953 3152 1006; x_wconf 83' lang='grc' dir='ltr'>τὸ</span> <span class='ocrx_word' id='word_1_171' title='bbox 3181 950 3316 1009; x_wconf 79' lang='grc' dir='ltr'>εἶναι</span> <span class='ocrx_word' id='word_1_172' title='bbox 3343 955 3484 1008; x_wconf 83' lang='grc' dir='ltr'>αὐτὰ</span> <span class='ocrx_word' id='word_1_173' title='bbox 3530 955 3751 1027; x_wconf 77' lang='grc' dir='ltr'>ῥευστὰ,</span> 
     </span>
    </p>
   </div>
   <div class='ocr_carea' id='block_1_26' title="bbox 2169 1041 3753 1117">
    <p class='ocr_par' dir='ltr' id='par_1_26' title="bbox 2169 1041 3753 1117">
     <span class='ocr_line' id='line_1_26' title="bbox 2169 1041 3753 1117; baseline 0.004 -24"><span class='ocrx_word' id='word_1_174' title='bbox 2169 1041 2398 1111; x_wconf 87' lang='grc' dir='ltr'>δεόμενα</span> <span class='ocrx_word' id='word_1_175' title='bbox 2429 1041 2522 1094; x_wconf 90' lang='grc' dir='ltr'><strong>τοῦ</strong></span> <span class='ocrx_word' id='word_1_176' title='bbox 2555 1042 3010 1114; x_wconf 79' lang='grc' dir='ltr'>ὑποστηρίζοντος</span> <span class='ocrx_word' id='word_1_177' title='bbox 3045 1044 3375 1107; x_wconf 76' lang='grc' dir='ltr'>ἐπεισιόντος</span> <span class='ocrx_word' id='word_1_178' title='bbox 3409 1047 3505 1099; x_wconf 74' lang='grc' dir='ltr'><strong>καὶ</strong></span> <span class='ocrx_word' id='word_1_179' title='bbox 3525 1046 3753 1117; x_wconf 83' lang='grc' dir='ltr'>τρέφον-</span> 
     </span>
    </p>
   </div>
   <div class='ocr_carea' id='block_1_27' title="bbox 2167 1132 3755 1207">
    <p class='ocr_par' dir='ltr' id='par_1_27' title="bbox 2167 1132 3755 1207">
     <span class='ocr_line' id='line_1_27' title="bbox 2167 1132 3755 1207; baseline 0.004 -24"><span class='ocrx_word' id='word_1_180' title='bbox 2167 1149 2259 1194; x_wconf 88' lang='grc' dir='ltr'><strong>τος</strong></span> <span class='ocrx_word' id='word_1_181' title='bbox 2285 1148 2297 1160; x_wconf 87' lang='grc'><strong>·</strong></span> <span class='ocrx_word' id='word_1_182' title='bbox 2330 1132 2490 1202; x_wconf 82' lang='grc' dir='ltr'>ὅπερ,</span> <span class='ocrx_word' id='word_1_183' title='bbox 2522 1133 2616 1185; x_wconf 79' lang='grc' dir='ltr'><strong>ἐὰν</strong></span> <span class='ocrx_word' id='word_1_184' title='bbox 2643 1132 2823 1187; x_wconf 89' lang='grc' dir='ltr'>πλεῖον</span> <span class='ocrx_word' id='word_1_185' title='bbox 2869 1134 2926 1187; x_wconf 86' lang='grc' dir='ltr'><strong>ἐν</strong></span> <span class='ocrx_word' id='word_1_186' title='bbox 2975 1133 3150 1204; x_wconf 85' lang='grc' dir='ltr'>καιρῷ</span> <span class='ocrx_word' id='word_1_187' title='bbox 3179 1134 3394 1206; x_wconf 83' lang='grc' dir='ltr'>ἐπεισίῃ</span> <span class='ocrx_word' id='word_1_188' title='bbox 3441 1133 3535 1188; x_wconf 86' lang='grc' dir='ltr'><strong>τοῦ</strong></span> <span class='ocrx_word' id='word_1_189' title='bbox 3581 1137 3755 1207; x_wconf 78' lang='grc' dir='ltr'>ἀπορο</span> 
     </span>
    </p>
   </div>
   <div class='ocr_carea' id='block_1_28' title="bbox 2171 1221 3753 1296">
    <p class='ocr_par' dir='ltr' id='par_1_28' title="bbox 2171 1221 3753 1296">
     <span class='ocr_line' id='line_1_28' title="bbox 2171 1221 3753 1296; baseline 0.003 -21"><span class='ocrx_word' id='word_1_190' title='bbox 2171 1221 2403 1293; x_wconf 76' lang='grc' dir='ltr'>ῥέοντος,</span> <span class='ocrx_word' id='word_1_191' title='bbox 2440 1221 2667 1294; x_wconf 74' lang='grc' dir='ltr'>αὔξησις</span> <span class='ocrx_word' id='word_1_192' title='bbox 2706 1223 2942 1290; x_wconf 71' lang='grc' dir='ltr'>γίνεταιο</span> <span class='ocrx_word' id='word_1_193' title='bbox 2975 1224 3073 1278; x_wconf 81' lang='grc' dir='ltr'>ἐὰν</span> <span class='ocrx_word' id='word_1_194' title='bbox 3121 1225 3177 1278; x_wconf 85' lang='grc' dir='ltr'><strong>δέ</strong></span> <span class='ocrx_word' id='word_1_195' title='bbox 3208 1224 3429 1279; x_wconf 80' lang='grc' dir='ltr'>ἔλαττον</span> <span class='ocrx_word' id='word_1_196' title='bbox 3456 1266 3471 1290; x_wconf 94' lang='grc'><strong>,</strong></span> <span class='ocrx_word' id='word_1_197' title='bbox 3509 1226 3753 1296; x_wconf 89' lang='grc' dir='ltr'>μείωσις.</span> 
     </span>
    </p>
   </div>
   <div class='ocr_carea' id='block_1_29' title="bbox 2170 1314 3758 1387">
    <p class='ocr_par' dir='ltr' id='par_1_29' title="bbox 2170 1314 3758 1387">
     <span class='ocr_line' id='line_1_29' title="bbox 2170 1314 3758 1387; baseline 0.004 -20"><span class='ocrx_word' id='word_1_198' title='bbox 2170 1315 2321 1384; x_wconf 82' lang='grc' dir='ltr'>Τάχα</span> <span class='ocrx_word' id='word_1_199' title='bbox 2349 1314 2405 1366; x_wconf 85' lang='grc' dir='ltr'><strong>δέ</strong></span> <span class='ocrx_word' id='word_1_200' title='bbox 2440 1314 2560 1368; x_wconf 79' lang='grc' dir='ltr'>τινὰ</span> <span class='ocrx_word' id='word_1_201' title='bbox 2586 1314 2696 1368; x_wconf 79' lang='grc' dir='ltr'>οὐδ’</span> <span class='ocrx_word' id='word_1_202' title='bbox 2717 1314 2853 1379; x_wconf 79' lang='grc' dir='ltr'>ὅλως</span> <span class='ocrx_word' id='word_1_203' title='bbox 2895 1315 2959 1368; x_wconf 82' lang='grc' dir='ltr'><strong>τὸ</strong></span> <span class='ocrx_word' id='word_1_204' title='bbox 2987 1317 3227 1369; x_wconf 86' lang='grc' dir='ltr'>ἐπεισιὸν</span> <span class='ocrx_word' id='word_1_205' title='bbox 3277 1317 3651 1387; x_wconf 75' lang='grc' dir='ltr'>λαμϐάνοντα,</span> <span class='ocrx_word' id='word_1_206' title='bbox 3701 1321 3758 1375; x_wconf 83' lang='grc' dir='ltr'><strong>ἐν</strong></span> 
     </span>
    </p>
   </div>
   <div class='ocr_carea' id='block_1_30' title="bbox 2167 1401 3757 1477">
    <p class='ocr_par' dir='ltr' id='par_1_30' title="bbox 2167 1401 3757 1477">
     <span class='ocr_line' id='line_1_30' title="bbox 2167 1401 3757 1477; baseline 0.004 -23"><span class='ocrx_word' id='word_1_207' title='bbox 2167 1401 2425 1477; x_wconf 86' lang='grc' dir='ltr'><strong>ἀκράτῳ,</strong></span> <span class='ocrx_word' id='word_1_208' title='bbox 2451 1405 2518 1461; x_wconf 82' lang='grc' dir='ltr'>ἵν’</span> <span class='ocrx_word' id='word_1_209' title='bbox 2551 1405 2724 1468; x_wconf 80' lang='grc' dir='ltr'>οὕτως</span> <span class='ocrx_word' id='word_1_210' title='bbox 2749 1406 2920 1470; x_wconf 78' lang='grc' dir='ltr'>είπω,</span> <span class='ocrx_word' id='word_1_211' title='bbox 2978 1404 3198 1477; x_wconf 81' lang='grc' dir='ltr'>μειώσει</span> <span class='ocrx_word' id='word_1_212' title='bbox 3253 1407 3486 1474; x_wconf 87' lang='grc' dir='ltr'>γίνεται.</span> <span class='ocrx_word' id='word_1_213' title='bbox 3526 1408 3659 1471; x_wconf 85' lang='grc' dir='ltr'>Τοῖς</span> <span class='ocrx_word' id='word_1_214' title='bbox 3701 1409 3757 1462; x_wconf 82' lang='grc' dir='ltr'>δὲ</span> 
     </span>
    </p>
   </div>
   <div class='ocr_carea' id='block_1_31' title="bbox 2169 1493 3756 1571">
    <p class='ocr_par' dir='ltr' id='par_1_31' title="bbox 2169 1493 3756 1571">
     <span class='ocr_line' id='line_1_31' title="bbox 2169 1493 3756 1571; baseline 0.003 -22"><span class='ocrx_word' id='word_1_215' title='bbox 2169 1496 2678 1568; x_wconf 77' lang='grc' dir='ltr'>ἐπακολουθητικὴν</span> <span class='ocrx_word' id='word_1_216' title='bbox 2709 1497 2875 1568; x_wconf 80' lang='grc' dir='ltr'>αὐτὴν</span> <span class='ocrx_word' id='word_1_217' title='bbox 2907 1493 3044 1553; x_wconf 76' lang='grc' dir='ltr'>εἶναι</span> <span class='ocrx_word' id='word_1_218' title='bbox 3068 1497 3370 1569; x_wconf 75' lang='grc' dir='ltr'>νομίζουσι,</span> <span class='ocrx_word' id='word_1_219' title='bbox 3403 1499 3756 1571; x_wconf 80' lang='grc' dir='ltr'>προηγουμέ-</span> 
     </span>
    </p>
   </div>
   <div class='ocr_carea' id='block_1_32' title="bbox 2169 1585 3752 1661">
    <p class='ocr_par' dir='ltr' id='par_1_32' title="bbox 2169 1585 3752 1661">
     <span class='ocr_line' id='line_1_32' title="bbox 2169 1585 3752 1661; baseline 0.003 -20"><span class='ocrx_word' id='word_1_220' title='bbox 2169 1607 2267 1660; x_wconf 92' lang='grc' dir='ltr'><strong>νην</strong></span> <span class='ocrx_word' id='word_1_221' title='bbox 2300 1589 2357 1641; x_wconf 85' lang='grc' dir='ltr'><strong>δὲ</strong></span> <span class='ocrx_word' id='word_1_222' title='bbox 2385 1589 2481 1659; x_wconf 85' lang='grc' dir='ltr'>τὴν</span> <span class='ocrx_word' id='word_1_223' title='bbox 2512 1589 2618 1642; x_wconf 82' lang='grc' dir='ltr'><strong>τῶν</strong></span> <span class='ocrx_word' id='word_1_224' title='bbox 2669 1588 2936 1658; x_wconf 84' lang='grc' dir='ltr'>σωμάτων</span> <span class='ocrx_word' id='word_1_225' title='bbox 2963 1629 2977 1653; x_wconf 94' lang='grc'><strong>,</strong></span> <span class='ocrx_word' id='word_1_226' title='bbox 3029 1591 3144 1661; x_wconf 80' lang='grc' dir='ltr'>ὅροι</span> <span class='ocrx_word' id='word_1_227' title='bbox 3180 1591 3352 1660; x_wconf 76' lang='grc' dir='ltr'>αὐτῆς</span> <span class='ocrx_word' id='word_1_228' title='bbox 3386 1585 3533 1644; x_wconf 77' lang='grc' dir='ltr'>οὗτοί</span> <span class='ocrx_word' id='word_1_229' title='bbox 3579 1594 3716 1646; x_wconf 80' lang='grc' dir='ltr'>εἰσιν</span> <span class='ocrx_word' id='word_1_230' title='bbox 3737 1607 3752 1622; x_wconf 82' lang='grc'><strong><em>⁸</em></strong></span> 
     </span>
    </p>
   </div>
   <div class='ocr_carea' id='block_1_33' title="bbox 2171 1677 3759 1753">
    <p class='ocr_par' dir='ltr' id='par_1_33' title="bbox 2171 1677 3759 1753">
     <span class='ocr_line' id='line_1_33' title="bbox 2171 1677 3759 1753; baseline 0.002 -22"><span class='ocrx_word' id='word_1_231' title='bbox 2171 1679 2344 1732; x_wconf 81' lang='grc' dir='ltr'>Οὐσία</span> <span class='ocrx_word' id='word_1_232' title='bbox 2371 1679 2516 1732; x_wconf 71' lang='grc' dir='ltr'>ἐστὶν</span> <span class='ocrx_word' id='word_1_233' title='bbox 2544 1681 2578 1750; x_wconf 83' lang='grc' dir='ltr'>ἡ</span> <span class='ocrx_word' id='word_1_234' title='bbox 2605 1678 2795 1752; x_wconf 82' lang='grc' dir='ltr'>πρώτη</span> <span class='ocrx_word' id='word_1_235' title='bbox 2833 1679 2941 1732; x_wconf 85' lang='grc' dir='ltr'><strong>τῶν</strong></span> <span class='ocrx_word' id='word_1_236' title='bbox 2989 1679 3156 1733; x_wconf 73' lang='grc' dir='ltr'>ὄντων</span> <span class='ocrx_word' id='word_1_237' title='bbox 3198 1679 3294 1752; x_wconf 79' lang='grc' dir='ltr'><strong>ὕλη</strong></span> <span class='ocrx_word' id='word_1_238' title='bbox 3323 1721 3337 1744; x_wconf 92' lang='grc'><strong>,</strong></span> <span class='ocrx_word' id='word_1_239' title='bbox 3373 1683 3468 1735; x_wconf 73' lang='grc' dir='ltr'>καὶ</span> <span class='ocrx_word' id='word_1_240' title='bbox 3506 1681 3566 1747; x_wconf 81' lang='grc' dir='ltr'><strong>ἐξ</strong></span> <span class='ocrx_word' id='word_1_241' title='bbox 3594 1677 3663 1753; x_wconf 77' lang='grc' dir='ltr'>ἧς</span> <span class='ocrx_word' id='word_1_242' title='bbox 3689 1681 3759 1734; x_wconf 83' lang='grc' dir='ltr'><strong>τά</strong></span> 
     </span>
    </p>
   </div>
   <div class='ocr_carea' id='block_1_34' title="bbox 479 1768 2052 1849">
    <p class='ocr_par' dir='ltr' id='par_1_34' title="bbox 479 1777 2052 1849">
     <span class='ocr_line' id='line_1_34' title="bbox 479 1777 2052 1849; baseline -0.001 -19"><span class='ocrx_word' id='word_1_243' title='bbox 479 1777 576 1830; x_wconf 83' lang='lat' dir='ltr'><strong>sed</strong></span> <span class='ocrx_word' id='word_1_244' title='bbox 610 1791 782 1845; x_wconf 90' lang='lat' dir='ltr'><strong>neque</strong></span> <span class='ocrx_word' id='word_1_245' title='bbox 805 1779 1217 1832; x_wconf 75' lang='lat' dir='ltr'><strong>determinatam</strong></span> <span class='ocrx_word' id='word_1_246' title='bbox 1246 1779 1404 1832; x_wconf 85' lang='lat' dir='ltr'><strong>habet</strong></span> <span class='ocrx_word' id='word_1_247' title='bbox 1428 1778 1888 1849; x_wconf 85' lang='lat' dir='ltr'><strong>magnitudinem,</strong></span> <span class='ocrx_word' id='word_1_248' title='bbox 1909 1777 2052 1831; x_wconf 91' lang='lat' dir='ltr'><strong>omni</strong></span> 
     </span>
    </p>
   </div>
   <div class='ocr_carea' id='block_1_35' title="bbox 2164 1768 3754 1849">
    <p class='ocr_par' dir='ltr' id='par_1_35' title="bbox 2164 1768 3754 1845">
     <span class='ocr_line' id='line_1_35' title="bbox 2164 1768 3754 1845; baseline 0.004 -23"><span class='ocrx_word' id='word_1_249' title='bbox 2164 1769 2292 1822; x_wconf 72' lang='grc' dir='ltr'>ὅντα</span> <span class='ocrx_word' id='word_1_250' title='bbox 2317 1788 2329 1800; x_wconf 90' lang='grc'><strong>·</strong></span> <span class='ocrx_word' id='word_1_251' title='bbox 2359 1773 2391 1841; x_wconf 84' lang='grc' dir='ltr'>ἡ</span> <span class='ocrx_word' id='word_1_252' title='bbox 2419 1770 2527 1823; x_wconf 78' lang='grc' dir='ltr'><strong>τῶν</strong></span> <span class='ocrx_word' id='word_1_253' title='bbox 2552 1771 2822 1841; x_wconf 79' lang='grc' dir='ltr'>σωμάτων</span> <span class='ocrx_word' id='word_1_254' title='bbox 2849 1771 2970 1842; x_wconf 76' lang='grc' dir='ltr'>ὕλη,</span> <span class='ocrx_word' id='word_1_255' title='bbox 3004 1772 3100 1824; x_wconf 75' lang='grc' dir='ltr'>καὶ</span> <span class='ocrx_word' id='word_1_256' title='bbox 3130 1770 3187 1838; x_wconf 81' lang='grc' dir='ltr'><strong>ἐξ</strong></span> <span class='ocrx_word' id='word_1_257' title='bbox 3231 1768 3300 1844; x_wconf 74' lang='grc' dir='ltr'>ἧς</span> <span class='ocrx_word' id='word_1_258' title='bbox 3323 1773 3393 1826; x_wconf 76' lang='grc' dir='ltr'><strong>τά</strong></span> <span class='ocrx_word' id='word_1_259' title='bbox 3417 1773 3652 1844; x_wconf 87' lang='grc' dir='ltr'>σώματα</span> <span class='ocrx_word' id='word_1_260' title='bbox 3676 1791 3690 1804; x_wconf 89' lang='grc'><strong>·</strong></span> <span class='ocrx_word' id='word_1_261' title='bbox 3720 1777 3754 1845; x_wconf 82' lang='grc' dir='ltr'><strong>ἡ</strong></span> 
     </span>
    </p>
   </div>
   <div class='ocr_carea' id='block_1_36' title="bbox 483 1868 2073 1939">
    <p class='ocr_par' dir='ltr' id='par_1_36' title="bbox 483 1868 2073 1939">
     <span class='ocr_line' id='line_1_36' title="bbox 483 1868 2073 1939; baseline 0.001 -22"><span class='ocrx_word' id='word_1_262' title='bbox 483 1876 666 1919; x_wconf 87' lang='lat' dir='ltr'><strong>autem</strong></span> <span class='ocrx_word' id='word_1_263' title='bbox 704 1868 957 1936; x_wconf 88' lang='lat' dir='ltr'><strong>qualitati</strong></span> <span class='ocrx_word' id='word_1_264' title='bbox 1015 1869 1177 1922; x_wconf 90' lang='lat' dir='ltr'><strong>veluti</strong></span> <span class='ocrx_word' id='word_1_265' title='bbox 1214 1869 1360 1923; x_wconf 90' lang='lat' dir='ltr'><strong>locus</strong></span> <span class='ocrx_word' id='word_1_266' title='bbox 1404 1877 1737 1939; x_wconf 70' lang='lat' dir='ltr'><strong>prmparatus</strong></span> <span class='ocrx_word' id='word_1_267' title='bbox 1787 1869 2073 1937; x_wconf 84' lang='lat' dir='ltr'><strong>subjacet..</strong></span> 
     </span>
    </p>
   </div>
   <div class='ocr_carea' id='block_1_37' title="bbox 488 1954 2062 2025">
    <p class='ocr_par' dir='ltr' id='par_1_37' title="bbox 488 1954 2062 2025">
     <span class='ocr_line' id='line_1_37' title="bbox 488 1954 2062 2025; baseline 0.001 -18"><span class='ocrx_word' id='word_1_268' title='bbox 488 1954 698 2008; x_wconf 82' lang='lat' dir='ltr'><strong>Vocant</strong></span> <span class='ocrx_word' id='word_1_269' title='bbox 734 1964 913 2010; x_wconf 85' lang='lat' dir='ltr'><strong>autem</strong></span> <span class='ocrx_word' id='word_1_270' title='bbox 945 1957 1237 2025; x_wconf 85' lang='lat' dir='ltr'><strong>qualitates</strong></span> <span class='ocrx_word' id='word_1_271' title='bbox 1264 1956 1563 2011; x_wconf 85' lang='lat' dir='ltr'><strong>extensiori</strong></span> <span class='ocrx_word' id='word_1_272' title='bbox 1600 1970 1764 2010; x_wconf 90' lang='lat' dir='ltr'><strong>sensu</strong></span> <span class='ocrx_word' id='word_1_273' title='bbox 1798 1965 1954 2008; x_wconf 91' lang='lat' dir='ltr'><strong>actus</strong></span> <span class='ocrx_word' id='word_1_274' title='bbox 2006 1965 2062 2008; x_wconf 85' lang='lat' dir='ltr'><strong>et</strong></span> 
     </span>
    </p>
   </div>
   <div class='ocr_carea' id='block_1_38' title="bbox 479 2045 2064 2116">
    <p class='ocr_par' dir='ltr' id='par_1_38' title="bbox 479 2045 2064 2116">
     <span class='ocr_line' id='line_1_38' title="bbox 479 2045 2064 2116; baseline 0.002 -19"><span class='ocrx_word' id='word_1_275' title='bbox 479 2045 726 2100; x_wconf 81' lang='lat' dir='ltr'><strong>actiones</strong></span> <span class='ocrx_word' id='word_1_276' title='bbox 757 2046 809 2098; x_wconf 93' lang='lat' dir='ltr'><strong>in</strong></span> <span class='ocrx_word' id='word_1_277' title='bbox 847 2047 1162 2100; x_wconf 89' lang='lat' dir='ltr'><strong>universum</strong></span> <span class='ocrx_word' id='word_1_278' title='bbox 1195 2047 1395 2116; x_wconf 87' lang='lat' dir='ltr'><strong>quibus</strong></span> <span class='ocrx_word' id='word_1_279' title='bbox 1445 2055 1498 2101; x_wconf 90' lang='lat' dir='ltr'><strong>et</strong></span> <span class='ocrx_word' id='word_1_280' title='bbox 1534 2055 1713 2099; x_wconf 89' lang='lat' dir='ltr'><strong>motus</strong></span> <span class='ocrx_word' id='word_1_281' title='bbox 1760 2055 1814 2098; x_wconf 90' lang='lat' dir='ltr'><strong>et</strong></span> <span class='ocrx_word' id='word_1_282' title='bbox 1848 2045 2064 2100; x_wconf 86' lang='lat' dir='ltr'><strong>habitus</strong></span> 
     </span>
    </p>
   </div>
   <div class='ocr_carea' id='block_1_39' title="bbox 482 2136 2060 2207">
    <p class='ocr_par' dir='ltr' id='par_1_39' title="bbox 482 2136 2060 2207">
     <span class='ocr_line' id='line_1_39' title="bbox 482 2136 2060 2207; baseline 0 -17"><span class='ocrx_word' id='word_1_283' title='bbox 482 2136 752 2192; x_wconf 88' lang='lat' dir='ltr'><strong>contineri</strong></span> <span class='ocrx_word' id='word_1_284' title='bbox 783 2138 1037 2207; x_wconf 76' lang='lat' dir='ltr'><strong>comigit.</strong></span> <span class='ocrx_word' id='word_1_285' title='bbox 1070 2138 1282 2207; x_wconf 82' lang='lat' dir='ltr'><strong>Negant</strong></span> <span class='ocrx_word' id='word_1_286' title='bbox 1329 2137 1473 2192; x_wconf 90' lang='lat' dir='ltr'><strong>enim</strong></span> <span class='ocrx_word' id='word_1_287' title='bbox 1510 2137 1835 2207; x_wconf 87' lang='lat' dir='ltr'><strong>cujusquam</strong></span> <span class='ocrx_word' id='word_1_288' title='bbox 1869 2137 2060 2192; x_wconf 90' lang='lat' dir='ltr'><strong>horum</strong></span> 
     </span>
    </p>
   </div>
   <div class='ocr_carea' id='block_1_40' title="bbox 475 2229 2061 2298">
    <p class='ocr_par' dir='ltr' id='par_1_40' title="bbox 475 2229 2061 2298">
     <span class='ocr_line' id='line_1_40' title="bbox 475 2229 2061 2298; baseline 0.001 -17"><span class='ocrx_word' id='word_1_289' title='bbox 475 2229 631 2296; x_wconf 76' lang='lat' dir='ltr'><strong>juxta</strong></span> <span class='ocrx_word' id='word_1_290' title='bbox 661 2229 936 2297; x_wconf 84' lang='lat' dir='ltr'><strong>propriam</strong></span> <span class='ocrx_word' id='word_1_291' title='bbox 963 2245 1113 2283; x_wconf 85' lang='lat' dir='ltr'><strong>suam</strong></span> <span class='ocrx_word' id='word_1_292' title='bbox 1141 2229 1407 2282; x_wconf 86' lang='lat' dir='ltr'><strong>rationem</strong></span> <span class='ocrx_word' id='word_1_293' title='bbox 1436 2229 1760 2298; x_wconf 88' lang='lat' dir='ltr'><strong>participem</strong></span> <span class='ocrx_word' id='word_1_294' title='bbox 1785 2243 1906 2283; x_wconf 90' lang='lat' dir='ltr'><strong>esse</strong></span> <span class='ocrx_word' id='word_1_295' title='bbox 1935 2230 2061 2282; x_wconf 80' lang='lat' dir='ltr'><strong>sub-</strong></span> 
     </span>
    </p>
   </div>
   <div class='ocr_carea' id='block_1_41' title="bbox 479 2321 2062 2390">
    <p class='ocr_par' dir='ltr' id='par_1_41' title="bbox 479 2321 2062 2390">
     <span class='ocr_line' id='line_1_41' title="bbox 479 2321 2062 2390; baseline 0.001 -15"><span class='ocrx_word' id='word_1_296' title='bbox 479 2322 776 2387; x_wconf 86' lang='lat' dir='ltr'><strong>stantiam&#39;;</strong></span> <span class='ocrx_word' id='word_1_297' title='bbox 806 2335 1018 2390; x_wconf 86' lang='lat' dir='ltr'><strong>semper</strong></span> <span class='ocrx_word' id='word_1_298' title='bbox 1045 2332 1223 2377; x_wconf 88' lang='lat' dir='ltr'><strong>tamen</strong></span> <span class='ocrx_word' id='word_1_299' title='bbox 1251 2323 1454 2376; x_wconf 87' lang='lat' dir='ltr'><strong>hancce</strong></span> <span class='ocrx_word' id='word_1_300' title='bbox 1487 2322 1558 2374; x_wconf 91' lang='lat' dir='ltr'><strong>ita</strong></span> <span class='ocrx_word' id='word_1_301' title='bbox 1584 2321 1836 2376; x_wconf 82' lang='lat' dir='ltr'><strong>aﬁ&#39;ectam</strong></span> <span class='ocrx_word' id='word_1_302' title='bbox 1861 2337 1982 2377; x_wconf 87' lang='lat' dir='ltr'><strong>esse</strong></span> <span class='ocrx_word' id='word_1_303' title='bbox 2004 2332 2062 2377; x_wconf 90' lang='lat' dir='ltr'><strong>ut</strong></span> 
     </span>
    </p>
   </div>
   <div class='ocr_carea' id='block_1_42' title="bbox 485 2411 2057 2481">
    <p class='ocr_par' dir='ltr' id='par_1_42' title="bbox 485 2411 2057 2481">
     <span class='ocr_line' id='line_1_42' title="bbox 485 2411 2057 2481; baseline 0 -16"><span class='ocrx_word' id='word_1_304' title='bbox 485 2411 556 2466; x_wconf 86' lang='lat' dir='ltr'><strong>ab</strong></span> <span class='ocrx_word' id='word_1_305' title='bbox 583 2412 778 2466; x_wconf 88' lang='lat' dir='ltr'><strong>borum</strong></span> <span class='ocrx_word' id='word_1_306' title='bbox 810 2411 993 2480; x_wconf 91' lang='lat' dir='ltr'><strong>aliquo</strong></span> <span class='ocrx_word' id='word_1_307' title='bbox 1039 2413 1283 2481; x_wconf 65' lang='lat' dir='ltr'><strong>separari</strong></span> <span class='ocrx_word' id='word_1_308' title='bbox 1313 2427 1418 2466; x_wconf 89' lang='lat' dir='ltr'><strong>non</strong></span> <span class='ocrx_word' id='word_1_309' title='bbox 1449 2412 1617 2480; x_wconf 90' lang='lat' dir='ltr'><strong>possit</strong></span> <span class='ocrx_word' id='word_1_310' title='bbox 1648 2428 1662 2477; x_wconf 93' lang='lat'><strong>;</strong></span> <span class='ocrx_word' id='word_1_311' title='bbox 1690 2427 1756 2467; x_wconf 90' lang='lat' dir='ltr'><strong>ac</strong></span> <span class='ocrx_word' id='word_1_312' title='bbox 1781 2411 2057 2466; x_wconf 83' lang='lat' dir='ltr'><strong>nihilomi-</strong></span> 
     </span>
    </p>
   </div>
   <div class='ocr_carea' id='block_1_43' title="bbox 482 2501 2052 2572">
    <p class='ocr_par' dir='ltr' id='par_1_43' title="bbox 482 2501 2052 2572">
     <span class='ocr_line' id='line_1_43' title="bbox 482 2501 2052 2572; baseline 0.001 -15"><span class='ocrx_word' id='word_1_313' title='bbox 482 2512 589 2558; x_wconf 85' lang='lat' dir='ltr'><strong>nus</strong></span> <span class='ocrx_word' id='word_1_314' title='bbox 619 2512 802 2570; x_wconf 87' lang='lat' dir='ltr'><strong>aptam</strong></span> <span class='ocrx_word' id='word_1_315' title='bbox 842 2517 963 2558; x_wconf 87' lang='lat' dir='ltr'><strong>esse</strong></span> <span class='ocrx_word' id='word_1_316' title='bbox 1006 2519 1126 2572; x_wconf 61' lang='lat' dir='ltr'><strong>quae</strong></span> <span class='ocrx_word' id='word_1_317' title='bbox 1151 2518 1342 2557; x_wconf 82' lang='lat' dir='ltr'><strong>omnes</strong></span> <span class='ocrx_word' id='word_1_318' title='bbox 1368 2501 1652 2558; x_wconf 79' lang='lat' dir='ltr'><strong>eﬂicientis</strong></span> <span class='ocrx_word' id='word_1_319' title='bbox 1679 2519 1854 2557; x_wconf 63' lang='lat' dir='ltr'><strong>causa:</strong></span> <span class='ocrx_word' id='word_1_320' title='bbox 1899 2515 2052 2558; x_wconf 85' lang='lat' dir='ltr'><strong>actus</strong></span> 
     </span>
    </p>
   </div>
   <div class='ocr_carea' id='block_1_44' title="bbox 475 2593 2060 2665">
    <p class='ocr_par' dir='ltr' id='par_1_44' title="bbox 475 2593 2060 2665">
     <span class='ocr_line' id='line_1_44' title="bbox 475 2593 2060 2665; baseline -0.001 -16"><span class='ocrx_word' id='word_1_321' title='bbox 475 2594 722 2664; x_wconf 87' lang='lat' dir='ltr'><strong>recipiat.</strong></span> <span class='ocrx_word' id='word_1_322' title='bbox 752 2593 918 2648; x_wconf 84' lang='lat' dir='ltr'><strong>Adest</strong></span> <span class='ocrx_word' id='word_1_323' title='bbox 957 2594 1101 2648; x_wconf 91' lang='lat' dir='ltr'><strong>enim</strong></span> <span class='ocrx_word' id='word_1_324' title='bbox 1136 2596 1184 2647; x_wconf 90' lang='lat' dir='ltr'><strong>ei</strong></span> <span class='ocrx_word' id='word_1_325' title='bbox 1249 2595 1331 2650; x_wconf 86' lang='lat' dir='ltr'><strong>vis</strong></span> <span class='ocrx_word' id='word_1_326' title='bbox 1361 2597 1603 2665; x_wconf 78' lang='lat' dir='ltr'><strong>quaedam</strong></span> <span class='ocrx_word' id='word_1_327' title='bbox 1636 2595 1890 2649; x_wconf 88' lang='lat' dir='ltr'><strong>universa</strong></span> <span class='ocrx_word' id='word_1_328' title='bbox 1935 2609 2060 2664; x_wconf 90' lang='lat' dir='ltr'><strong>per-</strong></span> 
     </span>
    </p>
   </div>
   <div class='ocr_carea' id='block_1_45' title="bbox 485 2687 2061 2757">
    <p class='ocr_par' dir='ltr' id='par_1_45' title="bbox 485 2687 2061 2757">
     <span class='ocr_line' id='line_1_45' title="bbox 485 2687 2061 2757; baseline 0 -16"><span class='ocrx_word' id='word_1_329' title='bbox 485 2689 715 2753; x_wconf 82' lang='lat' dir='ltr'><strong>vadens,</strong></span> <span class='ocrx_word' id='word_1_330' title='bbox 774 2702 894 2755; x_wconf 75' lang='lat' dir='ltr'><strong>quze</strong></span> <span class='ocrx_word' id='word_1_331' title='bbox 924 2696 977 2740; x_wconf 88' lang='lat' dir='ltr'><strong>et</strong></span> <span class='ocrx_word' id='word_1_332' title='bbox 999 2687 1278 2755; x_wconf 89' lang='lat' dir='ltr'><strong>qualitatis</strong></span> <span class='ocrx_word' id='word_1_333' title='bbox 1308 2688 1486 2743; x_wconf 90' lang='lat' dir='ltr'><strong>omnis</strong></span> <span class='ocrx_word' id='word_1_334' title='bbox 1515 2697 1570 2743; x_wconf 86' lang='lat' dir='ltr'><strong>et</strong></span> <span class='ocrx_word' id='word_1_335' title='bbox 1599 2688 1890 2757; x_wconf 84' lang='lat' dir='ltr'><strong>cujuslibet</strong></span> <span class='ocrx_word' id='word_1_336' title='bbox 1912 2688 2061 2742; x_wconf 91' lang='lat' dir='ltr'><strong>circa</strong></span> 
     </span>
    </p>
   </div>
   <div class='ocr_carea' id='block_1_46' title="bbox 476 2779 2062 2849">
    <p class='ocr_par' dir='ltr' id='par_1_46' title="bbox 476 2779 2062 2849">
     <span class='ocr_line' id='line_1_46' title="bbox 476 2779 2062 2849; baseline 0.001 -15"><span class='ocrx_word' id='word_1_337' title='bbox 476 2795 595 2835; x_wconf 90' lang='lat' dir='ltr'><strong>eam</strong></span> <span class='ocrx_word' id='word_1_338' title='bbox 624 2779 1052 2848; x_wconf 87' lang='lat' dir='ltr'><strong>dispensationis</strong></span> <span class='ocrx_word' id='word_1_339' title='bbox 1077 2793 1239 2832; x_wconf 88' lang='lat' dir='ltr'><strong>causa</strong></span> <span class='ocrx_word' id='word_1_340' title='bbox 1265 2779 1358 2833; x_wconf 86' lang='lat' dir='ltr'><strong>sit.</strong></span> <span class='ocrx_word' id='word_1_341' title='bbox 1392 2779 1524 2834; x_wconf 84' lang='lat' dir='ltr'><strong>Esse</strong></span> <span class='ocrx_word' id='word_1_342' title='bbox 1550 2791 1730 2834; x_wconf 90' lang='lat' dir='ltr'><strong>autem</strong></span> <span class='ocrx_word' id='word_1_343' title='bbox 1757 2795 1854 2849; x_wconf 91' lang='lat' dir='ltr'><strong>per</strong></span> <span class='ocrx_word' id='word_1_344' title='bbox 1877 2779 2062 2835; x_wconf 86' lang='lat' dir='ltr'><strong>omnia</strong></span> 
     </span>
    </p>
   </div>
   <div class='ocr_carea' id='block_1_47' title="bbox 473 2870 2065 2940">
    <p class='ocr_par' dir='ltr' id='par_1_47' title="bbox 473 2870 2065 2940">
     <span class='ocr_line' id='line_1_47' title="bbox 473 2870 2065 2940; baseline -0.003 -16"><span class='ocrx_word' id='word_1_345' title='bbox 473 2871 792 2924; x_wconf 87' lang='lat' dir='ltr'><strong>mutabilem</strong></span> <span class='ocrx_word' id='word_1_346' title='bbox 811 2879 980 2939; x_wconf 89' lang='lat' dir='ltr'><strong>etper</strong></span> <span class='ocrx_word' id='word_1_347' title='bbox 995 2871 1176 2924; x_wconf 90' lang='lat' dir='ltr'><strong>omnia</strong></span> <span class='ocrx_word' id='word_1_348' title='bbox 1199 2871 1472 2924; x_wconf 90' lang='lat' dir='ltr'><strong>dividuam</strong></span> <span class='ocrx_word' id='word_1_349' title='bbox 1489 2870 1780 2935; x_wconf 81' lang='lat' dir='ltr'><strong>aﬂirmant,</strong></span> <span class='ocrx_word' id='word_1_350' title='bbox 1802 2881 1858 2925; x_wconf 91' lang='lat' dir='ltr'><strong>et</strong></span> <span class='ocrx_word' id='word_1_351' title='bbox 1874 2885 2065 2940; x_wconf 88' lang='lat' dir='ltr'><strong>quam-</strong></span> 
     </span>
    </p>
   </div>
   <div class='ocr_carea' id='block_1_48' title="bbox 467 2958 2068 3030">
    <p class='ocr_par' dir='ltr' id='par_1_48' title="bbox 467 2958 2068 3030">
     <span class='ocr_line' id='line_1_48' title="bbox 467 2958 2068 3030; baseline -0.001 -18"><span class='ocrx_word' id='word_1_352' title='bbox 467 2959 597 3016; x_wconf 88' lang='lat' dir='ltr'><strong>libet</strong></span> <span class='ocrx_word' id='word_1_353' title='bbox 614 2958 776 3030; x_wconf 68' lang='grc'><strong>247</strong></span> <span class='ocrx_word' id='word_1_354' title='bbox 805 2960 1161 3014; x_wconf 84' lang='lat' dir='ltr'><strong>substantiam</strong></span> <span class='ocrx_word' id='word_1_355' title='bbox 1196 2973 1315 3013; x_wconf 92' lang='lat' dir='ltr'><strong>cum</strong></span> <span class='ocrx_word' id='word_1_356' title='bbox 1342 2959 1582 3028; x_wconf 90' lang='lat' dir='ltr'><strong>qualibet</strong></span> <span class='ocrx_word' id='word_1_357' title='bbox 1605 2975 1723 3014; x_wconf 89' lang='lat' dir='ltr'><strong>esse</strong></span> <span class='ocrx_word' id='word_1_358' title='bbox 1749 2974 1926 3029; x_wconf 88' lang='lat' dir='ltr'><strong>posse,</strong></span> <span class='ocrx_word' id='word_1_359' title='bbox 1957 2959 2068 3012; x_wconf 86' lang='lat' dir='ltr'><strong>sci-</strong></span> 
     </span>
    </p>
   </div>
   <div class='ocr_carea' id='block_1_49' title="bbox 466 3049 2063 3118">
    <p class='ocr_par' dir='ltr' id='par_1_49' title="bbox 466 3049 2063 3118">
     <span class='ocr_line' id='line_1_49' title="bbox 466 3049 2063 3118; baseline -0.003 -12"><span class='ocrx_word' id='word_1_360' title='bbox 466 3052 593 3110; x_wconf 85' lang='lat' dir='ltr'><strong>licet</strong></span> <span class='ocrx_word' id='word_1_361' title='bbox 633 3054 859 3107; x_wconf 91' lang='lat' dir='ltr'><strong>unitam.</strong></span> <span class='ocrx_word' id='word_1_362' title='bbox 904 3051 1170 3118; x_wconf 86' lang='lat' dir='ltr'><strong>Quoniam</strong></span> <span class='ocrx_word' id='word_1_363' title='bbox 1227 3061 1407 3105; x_wconf 90' lang='lat' dir='ltr'><strong>autem</strong></span> <span class='ocrx_word' id='word_1_364' title='bbox 1441 3053 1506 3106; x_wconf 88' lang='lat' dir='ltr'><strong>de</strong></span> <span class='ocrx_word' id='word_1_365' title='bbox 1543 3050 1847 3106; x_wconf 81' lang='lat' dir='ltr'><strong>Substantia</strong></span> <span class='ocrx_word' id='word_1_366' title='bbox 1882 3049 2063 3118; x_wconf 87' lang='lat' dir='ltr'><strong>inqui-</strong></span> 
     </span>
    </p>
   </div>
   <div class='ocr_carea' id='block_1_50' title="bbox 469 3142 1973 3214">
    <p class='ocr_par' dir='ltr' id='par_1_50' title="bbox 469 3142 1973 3214">
     <span class='ocr_line' id='line_1_50' title="bbox 469 3142 1973 3214; baseline -0.003 -14"><span class='ocrx_word' id='word_1_367' title='bbox 469 3155 657 3200; x_wconf 89' lang='lat' dir='ltr'><strong>rentes</strong></span> <span class='ocrx_word' id='word_1_368' title='bbox 682 3188 697 3211; x_wconf 88' lang='lat'><strong>,</strong></span> <span class='ocrx_word' id='word_1_369' title='bbox 734 3154 950 3214; x_wconf 79' lang='lat' dir='ltr'><strong>prepter</strong></span> <span class='ocrx_word' id='word_1_370' title='bbox 1000 3160 1192 3214; x_wconf 88' lang='lat' dir='ltr'><strong>panem</strong></span> <span class='ocrx_word' id='word_1_371' title='bbox 1235 3143 1508 3197; x_wconf 76' lang='grc' dir='ltr'>ἐπιούσιον</span> <span class='ocrx_word' id='word_1_372' title='bbox 1538 3142 1973 3208; x_wconf 84' lang='lat' dir='ltr'><strong>substantialem,</strong></span> 
     </span>
    </p>
   </div>
   <div class='ocr_carea' id='block_1_51' title="bbox 464 3233 2057 3305">
    <p class='ocr_par' dir='ltr' id='par_1_51' title="bbox 464 3233 2057 3305">
     <span class='ocr_line' id='line_1_51' title="bbox 464 3233 2057 3305; baseline 0.003 -19"><span class='ocrx_word' id='word_1_373' title='bbox 464 3234 720 3305; x_wconf 84' lang='lat' dir='ltr'><strong>populum</strong></span> <span class='ocrx_word' id='word_1_374' title='bbox 735 3235 1042 3304; x_wconf 77' lang='grc' dir='ltr'>περιούσιον</span> <span class='ocrx_word' id='word_1_375' title='bbox 1063 3235 1410 3305; x_wconf 83' lang='lat' dir='ltr'><strong>peculiarem,</strong></span> <span class='ocrx_word' id='word_1_376' title='bbox 1431 3235 1494 3287; x_wconf 90' lang='lat' dir='ltr'><strong>ad</strong></span> <span class='ocrx_word' id='word_1_377' title='bbox 1509 3233 1921 3303; x_wconf 70' lang='lat' dir='ltr'><strong>distiuguendas</strong></span> <span class='ocrx_word' id='word_1_378' title='bbox 1935 3235 2057 3290; x_wconf 80' lang='lat' dir='ltr'><strong>sub-</strong></span> 
     </span>
    </p>
   </div>
   <div class='ocr_carea' id='block_1_52' title="bbox 468 3308 2059 3397">
    <p class='ocr_par' dir='ltr' id='par_1_52' title="bbox 468 3308 2059 3397">
     <span class='ocr_line' id='line_1_52' title="bbox 468 3308 2059 3397; baseline 0 -16"><span class='ocrx_word' id='word_1_379' title='bbox 468 3327 681 3381; x_wconf 69' lang='lat' dir='ltr'><strong>Stantia:</strong></span> <span class='ocrx_word' id='word_1_380' title='bbox 733 3328 916 3381; x_wconf 90' lang='lat' dir='ltr'><strong>varias</strong></span> <span class='ocrx_word' id='word_1_381' title='bbox 957 3328 1382 3396; x_wconf 83' lang='lat' dir='ltr'><strong>signiﬁcationes</strong></span> <span class='ocrx_word' id='word_1_382' title='bbox 1431 3308 1545 3379; x_wconf 72' lang='lat' dir='ltr'><strong>lucc</strong></span> <span class='ocrx_word' id='word_1_383' title='bbox 1583 3324 1856 3390; x_wconf 82' lang='lat' dir='ltr'><strong>diximus,</strong></span> <span class='ocrx_word' id='word_1_384' title='bbox 1904 3328 2059 3397; x_wconf 77' lang='lat' dir='ltr'><strong>panis</strong></span> 
     </span>
    </p>
   </div>
   <div class='ocr_carea' id='block_1_53' title="bbox 467 3416 2055 3488">
    <p class='ocr_par' dir='ltr' id='par_1_53' title="bbox 467 3416 2055 3488">
     <span class='ocr_line' id='line_1_53' title="bbox 467 3416 2055 3488; baseline 0.002 -18"><span class='ocrx_word' id='word_1_385' title='bbox 467 3433 597 3471; x_wconf 89' lang='lat' dir='ltr'><strong>vero</strong></span> <span class='ocrx_word' id='word_1_386' title='bbox 627 3416 681 3470; x_wconf 94' lang='lat' dir='ltr'><strong>in</strong></span> <span class='ocrx_word' id='word_1_387' title='bbox 717 3419 1089 3486; x_wconf 85' lang='lat' dir='ltr'><strong>superioribus</strong></span> <span class='ocrx_word' id='word_1_388' title='bbox 1143 3417 1528 3473; x_wconf 89' lang='lat' dir='ltr'><strong>intellectualis</strong></span> <span class='ocrx_word' id='word_1_389' title='bbox 1580 3428 1700 3474; x_wconf 90' lang='lat' dir='ltr'><strong>erat</strong></span> <span class='ocrx_word' id='word_1_390' title='bbox 1757 3432 1920 3488; x_wconf 87' lang='lat' dir='ltr'><strong>quem</strong></span> <span class='ocrx_word' id='word_1_391' title='bbox 1955 3433 2055 3473; x_wconf 88' lang='lat' dir='ltr'><strong>nos</strong></span> 
     </span>
    </p>
   </div>
   <div class='ocr_carea' id='block_1_54' title="bbox 465 3509 2058 3580">
    <p class='ocr_par' dir='ltr' id='par_1_54' title="bbox 465 3509 2058 3580">
     <span class='ocr_line' id='line_1_54' title="bbox 465 3509 2058 3580; baseline 0 -17"><span class='ocrx_word' id='word_1_392' title='bbox 465 3519 652 3578; x_wconf 81' lang='lat' dir='ltr'><strong>petere</strong></span> <span class='ocrx_word' id='word_1_393' title='bbox 683 3517 960 3578; x_wconf 88' lang='lat' dir='ltr'><strong>oporteret</strong></span> <span class='ocrx_word' id='word_1_394' title='bbox 997 3527 1011 3562; x_wconf 90' lang='lat'><strong>:</strong></span> <span class='ocrx_word' id='word_1_395' title='bbox 1046 3509 1360 3563; x_wconf 89' lang='lat' dir='ltr'><strong>necessario</strong></span> <span class='ocrx_word' id='word_1_396' title='bbox 1417 3510 1722 3564; x_wconf 88' lang='lat' dir='ltr'><strong>substantia</strong></span> <span class='ocrx_word' id='word_1_397' title='bbox 1786 3511 1908 3580; x_wconf 89' lang='lat' dir='ltr'><strong>pani</strong></span> <span class='ocrx_word' id='word_1_398' title='bbox 1964 3525 2058 3563; x_wconf 83' lang='lat' dir='ltr'><strong>cu-</strong></span> 
     </span>
    </p>
   </div>
   <div class='ocr_carea' id='block_1_55' title="bbox 466 3600 2052 3670">
    <p class='ocr_par' dir='ltr' id='par_1_55' title="bbox 466 3600 2052 3670">
     <span class='ocr_line' id='line_1_55' title="bbox 466 3600 2052 3670; baseline 0.001 -18"><span class='ocrx_word' id='word_1_399' title='bbox 466 3609 629 3670; x_wconf 81' lang='lat' dir='ltr'><strong>gnata</strong></span> <span class='ocrx_word' id='word_1_400' title='bbox 664 3600 1008 3670; x_wconf 88' lang='lat' dir='ltr'><strong>intelligenda</strong></span> <span class='ocrx_word' id='word_1_401' title='bbox 1035 3610 1136 3666; x_wconf 90' lang='lat' dir='ltr'><strong>est,</strong></span> <span class='ocrx_word' id='word_1_402' title='bbox 1168 3609 1226 3652; x_wconf 91' lang='lat' dir='ltr'><strong>ut</strong></span> <span class='ocrx_word' id='word_1_403' title='bbox 1261 3600 1399 3653; x_wconf 89' lang='lat' dir='ltr'><strong>sicut</strong></span> <span class='ocrx_word' id='word_1_404' title='bbox 1436 3615 1738 3669; x_wconf 85' lang='lat' dir='ltr'><strong>corporeus</strong></span> <span class='ocrx_word' id='word_1_405' title='bbox 1791 3602 1948 3669; x_wconf 89' lang='lat' dir='ltr'><strong>panis</strong></span> <span class='ocrx_word' id='word_1_406' title='bbox 1987 3603 2052 3654; x_wconf 68' lang='lat' dir='ltr'><strong>‘in</strong></span> 
     </span>
    </p>
   </div>
   <div class='ocr_carea' id='block_1_56' title="bbox 464 3690 2053 3762">
    <p class='ocr_par' dir='ltr' id='par_1_56' title="bbox 464 3690 2053 3762">
     <span class='ocr_line' id='line_1_56' title="bbox 464 3690 2053 3762; baseline 0.002 -18"><span class='ocrx_word' id='word_1_407' title='bbox 464 3691 584 3762; x_wconf 89' lang='lat' dir='ltr'><strong>cjus</strong></span> <span class='ocrx_word' id='word_1_408' title='bbox 620 3690 711 3759; x_wconf 89' lang='lat' dir='ltr'><strong>qui</strong></span> <span class='ocrx_word' id='word_1_409' title='bbox 746 3691 985 3744; x_wconf 90' lang='lat' dir='ltr'><strong>nutritur</strong></span> <span class='ocrx_word' id='word_1_410' title='bbox 1031 3705 1229 3759; x_wconf 88' lang='lat' dir='ltr'><strong>corpus</strong></span> <span class='ocrx_word' id='word_1_411' title='bbox 1282 3690 1559 3744; x_wconf 61' lang='lat' dir='ltr'><strong>immissus</strong></span> <span class='ocrx_word' id='word_1_412' title='bbox 1614 3691 1760 3745; x_wconf 88' lang='lat' dir='ltr'><strong>cedit</strong></span> <span class='ocrx_word' id='word_1_413' title='bbox 1790 3692 1841 3744; x_wconf 91' lang='lat' dir='ltr'><strong>in</strong></span> <span class='ocrx_word' id='word_1_414' title='bbox 1883 3693 2053 3762; x_wconf 89' lang='lat' dir='ltr'><strong>ipsius</strong></span> 
     </span>
    </p>
   </div>
   <div class='ocr_carea' id='block_1_57' title="bbox 465 3781 2053 3850">
    <p class='ocr_par' dir='ltr' id='par_1_57' title="bbox 465 3781 2053 3850">
     <span class='ocr_line' id='line_1_57' title="bbox 465 3781 2053 3850; baseline 0.003 -16"><span class='ocrx_word' id='word_1_415' title='bbox 465 3782 827 3836; x_wconf 88' lang='lat' dir='ltr'><strong>substantiam</strong></span> <span class='ocrx_word' id='word_1_416' title='bbox 867 3800 880 3835; x_wconf 89' lang='lat'><strong>:</strong></span> <span class='ocrx_word' id='word_1_417' title='bbox 913 3781 990 3834; x_wconf 90' lang='lat' dir='ltr'><strong>sic</strong></span> <span class='ocrx_word' id='word_1_418' title='bbox 1019 3782 1175 3849; x_wconf 88' lang='lat' dir='ltr'><strong>panis</strong></span> <span class='ocrx_word' id='word_1_419' title='bbox 1205 3781 1358 3834; x_wconf 88' lang='lat' dir='ltr'><strong>vivus</strong></span> <span class='ocrx_word' id='word_1_420' title='bbox 1390 3782 1480 3850; x_wconf 92' lang='lat' dir='ltr'><strong>qui</strong></span> <span class='ocrx_word' id='word_1_421' title='bbox 1511 3783 1578 3836; x_wconf 87' lang='lat' dir='ltr'><strong>de</strong></span> <span class='ocrx_word' id='word_1_422' title='bbox 1607 3782 1744 3837; x_wconf 68' lang='lat' dir='ltr'><strong>coelo</strong></span> <span class='ocrx_word' id='word_1_423' title='bbox 1777 3785 2053 3839; x_wconf 85' lang='lat' dir='ltr'><strong>descendit</strong></span> 
     </span>
    </p>
   </div>
   <div class='ocr_carea' id='block_1_58' title="bbox 464 3872 2048 3930">
    <p class='ocr_par' dir='ltr' id='par_1_58' title="bbox 464 3872 2048 3930">
     <span class='ocr_line' id='line_1_58' title="bbox 464 3872 2048 3930; baseline 0.002 -3"><span class='ocrx_word' id='word_1_424' title='bbox 464 3872 519 3928; x_wconf 89' lang='lat' dir='ltr'><strong>in</strong></span> <span class='ocrx_word' id='word_1_425' title='bbox 552 3885 785 3927; x_wconf 88' lang='lat' dir='ltr'><strong>mentem</strong></span> <span class='ocrx_word' id='word_1_426' title='bbox 814 3881 868 3927; x_wconf 93' lang='lat' dir='ltr'><strong>et</strong></span> <span class='ocrx_word' id='word_1_427' title='bbox 895 3874 1130 3926; x_wconf 90' lang='lat' dir='ltr'><strong>animam</strong></span> <span class='ocrx_word' id='word_1_428' title='bbox 1161 3873 1438 3928; x_wconf 85' lang='lat' dir='ltr'><strong>iunnis&#39;sus</strong></span> <span class='ocrx_word' id='word_1_429' title='bbox 1474 3889 1629 3929; x_wconf 90' lang='lat' dir='ltr'><strong>suam</strong></span> <span class='ocrx_word' id='word_1_430' title='bbox 1664 3875 1713 3930; x_wconf 91' lang='lat' dir='ltr'><strong>ei</strong></span> <span class='ocrx_word' id='word_1_431' title='bbox 1741 3877 2048 3930; x_wconf 88' lang='lat' dir='ltr'><strong>communi-</strong></span> 
     </span>
    </p>
   </div>
   <div class='ocr_carea' id='block_1_59' title="bbox 465 3965 2049 4040">
    <p class='ocr_par' dir='ltr' id='par_1_59' title="bbox 465 3965 2049 4040">
     <span class='ocr_line' id='line_1_59' title="bbox 465 3965 2049 4040; baseline -0.001 -19"><span class='ocrx_word' id='word_1_432' title='bbox 465 3974 557 4021; x_wconf 88' lang='lat' dir='ltr'><strong>cet</strong></span> <span class='ocrx_word' id='word_1_433' title='bbox 591 3965 848 4019; x_wconf 83' lang='lat' dir='ltr'><strong>virtutem</strong></span> <span class='ocrx_word' id='word_1_434' title='bbox 883 3966 972 4035; x_wconf 85' lang='lat' dir='ltr'><strong>qui</strong></span> <span class='ocrx_word' id='word_1_435' title='bbox 1004 3981 1061 4020; x_wconf 88' lang='lat' dir='ltr'><strong>se</strong></span> <span class='ocrx_word' id='word_1_436' title='bbox 1089 3970 1440 4024; x_wconf 89' lang='lat' dir='ltr'><strong>nutriendum</strong></span> <span class='ocrx_word' id='word_1_437' title='bbox 1471 3970 1572 4040; x_wconf 87' lang='lat' dir='ltr'><strong>ipsi</strong></span> <span class='ocrx_word' id='word_1_438' title='bbox 1609 3969 1922 4038; x_wconf 77' lang='lat' dir='ltr'><strong>przebuerit.</strong></span> <span class='ocrx_word' id='word_1_439' title='bbox 1954 3971 2049 4021; x_wconf 87' lang='lat' dir='ltr'><strong>At-</strong></span> 
     </span>
    </p>
   </div>
   <div class='ocr_carea' id='block_1_60' title="bbox 463 4055 2046 4129">
    <p class='ocr_par' dir='ltr' id='par_1_60' title="bbox 463 4055 2046 4129">
     <span class='ocr_line' id='line_1_60' title="bbox 463 4055 2046 4129; baseline 0.005 -22"><span class='ocrx_word' id='word_1_440' title='bbox 463 4069 570 4122; x_wconf 88' lang='lat' dir='ltr'><strong>que</strong></span> <span class='ocrx_word' id='word_1_441' title='bbox 600 4057 672 4108; x_wconf 87' lang='lat' dir='ltr'><strong>ita</strong></span> <span class='ocrx_word' id='word_1_442' title='bbox 704 4057 808 4109; x_wconf 92' lang='lat' dir='ltr'><strong>erit</strong></span> <span class='ocrx_word' id='word_1_443' title='bbox 835 4055 924 4109; x_wconf 92' lang='lat' dir='ltr'><strong>ille</strong></span> <span class='ocrx_word' id='word_1_444' title='bbox 953 4072 1112 4126; x_wconf 87' lang='lat' dir='ltr'><strong>quem</strong></span> <span class='ocrx_word' id='word_1_445' title='bbox 1148 4058 1414 4126; x_wconf 87' lang='lat' dir='ltr'><strong>petimus,</strong></span> <span class='ocrx_word' id='word_1_446' title='bbox 1459 4061 1614 4129; x_wconf 86' lang='lat' dir='ltr'><strong>panis</strong></span> <span class='ocrx_word' id='word_1_447' title='bbox 1645 4060 2046 4114; x_wconf 80' lang='lat' dir='ltr'><strong>substantialis.</strong></span> 
     </span>
    </p>
   </div>
   <div class='ocr_carea' id='block_1_61' title="bbox 466 4149 2042 4220">
    <p class='ocr_par' dir='ltr' id='par_1_61' title="bbox 466 4149 2042 4220">
     <span class='ocr_line' id='line_1_61' title="bbox 466 4149 2042 4220; baseline 0.003 -19"><span class='ocrx_word' id='word_1_448' title='bbox 466 4149 672 4202; x_wconf 74' lang='lat' dir='ltr'><strong>liursus</strong></span> <span class='ocrx_word' id='word_1_449' title='bbox 708 4165 722 4202; x_wconf 90' lang='lat'><strong>:</strong></span> <span class='ocrx_word' id='word_1_450' title='bbox 754 4150 1384 4218; x_wconf 79' lang='lat' dir='ltr'><strong>quemadntodumjuxta</strong></span> <span class='ocrx_word' id='word_1_451' title='bbox 1425 4151 1669 4206; x_wconf 88' lang='lat' dir='ltr'><strong>alimenti</strong></span> <span class='ocrx_word' id='word_1_452' title='bbox 1704 4151 2042 4220; x_wconf 87' lang='lat' dir='ltr'><strong>qualitatem,</strong></span> 
     </span>
    </p>
   </div>
   <div class='ocr_carea' id='block_1_62' title="bbox 459 4238 2046 4311">
    <p class='ocr_par' dir='ltr' id='par_1_62' title="bbox 459 4238 2046 4311">
     <span class='ocr_line' id='line_1_62' title="bbox 459 4238 2046 4311; baseline 0.004 -21"><span class='ocrx_word' id='word_1_453' title='bbox 459 4238 605 4310; x_wconf 84' lang='lat' dir='ltr'><strong>quod</strong></span> <span class='ocrx_word' id='word_1_454' title='bbox 637 4249 729 4293; x_wconf 89' lang='lat' dir='ltr'><strong>aut</strong></span> <span class='ocrx_word' id='word_1_455' title='bbox 759 4239 1010 4293; x_wconf 67' lang='lat' dir='ltr'><strong>solidum&quot;</strong></span> <span class='ocrx_word' id='word_1_456' title='bbox 1035 4242 1106 4294; x_wconf 87' lang='lat' dir='ltr'><strong>sit</strong></span> <span class='ocrx_word' id='word_1_457' title='bbox 1153 4241 1485 4311; x_wconf 84' lang='lat' dir='ltr'><strong>athletisque</strong></span> <span class='ocrx_word' id='word_1_458' title='bbox 1524 4242 1856 4296; x_wconf 85' lang='lat' dir='ltr'><strong>conveniens</strong></span> <span class='ocrx_word' id='word_1_459' title='bbox 1885 4282 1900 4305; x_wconf 90' lang='lat'><strong>,</strong></span> <span class='ocrx_word' id='word_1_460' title='bbox 1953 4253 2046 4297; x_wconf 84' lang='lat' dir='ltr'><strong>aut</strong></span> 
     </span>
    </p>
   </div>
   <div class='ocr_carea' id='block_1_63' title="bbox 461 4331 2039 4401">
    <p class='ocr_par' dir='ltr' id='par_1_63' title="bbox 461 4331 2039 4401">
     <span class='ocr_line' id='line_1_63' title="bbox 461 4331 2039 4401; baseline 0.005 -18"><span class='ocrx_word' id='word_1_461' title='bbox 461 4331 691 4384; x_wconf 88' lang='lat' dir='ltr'><strong>lacteum</strong></span> <span class='ocrx_word' id='word_1_462' title='bbox 723 4331 1032 4387; x_wconf 82' lang='lat' dir='ltr'><strong>oleribusve</strong></span> <span class='ocrx_word' id='word_1_463' title='bbox 1094 4333 1293 4397; x_wconf 85' lang='lat' dir='ltr'><strong>simile,</strong></span> <span class='ocrx_word' id='word_1_464' title='bbox 1324 4335 1555 4387; x_wconf 75' lang='lat' dir='ltr'><strong>diversa:</strong></span> <span class='ocrx_word' id='word_1_465' title='bbox 1591 4343 1720 4387; x_wconf 91' lang='lat' dir='ltr'><strong>sunt</strong></span> <span class='ocrx_word' id='word_1_466' title='bbox 1744 4333 1860 4401; x_wconf 89' lang='lat' dir='ltr'><strong>ejus</strong></span> <span class='ocrx_word' id='word_1_467' title='bbox 1895 4337 2039 4390; x_wconf 80' lang='lat' dir='ltr'><strong>vires</strong></span> 
     </span>
    </p>
   </div>
   <div class='ocr_carea' id='block_1_64' title="bbox 2006 3113 2130 3196">
    <p class='ocr_par' dir='ltr' id='par_1_64' title="bbox 2006 3113 2130 3196">
     <span class='ocr_line' id='line_1_64' title="bbox 2006 3113 2130 3196; baseline 0 0"><span class='ocrx_word' id='word_1_468' title='bbox 2006 3113 2130 3196; x_wconf 74' lang='lat' dir='ltr'><strong>etc</strong></span> 
     </span>
    </p>
   </div>
   <div class='ocr_carea' id='block_1_65' title="bbox 2160 1853 3754 1938">
    <p class='ocr_par' dir='ltr' id='par_1_65' title="bbox 2160 1853 3754 1938">
     <span class='ocr_line' id='line_1_65' title="bbox 2160 1853 3754 1938; baseline 0.001 -21"><span class='ocrx_word' id='word_1_469' title='bbox 2160 1865 2270 1918; x_wconf 84' lang='grc' dir='ltr'>τῶν</span> <span class='ocrx_word' id='word_1_470' title='bbox 2321 1865 2773 1937; x_wconf 77' lang='grc' dir='ltr'>ὀνομαζομένων,</span> <span class='ocrx_word' id='word_1_471' title='bbox 2809 1868 2903 1921; x_wconf 69' lang='grc' dir='ltr'>καὶ</span> <span class='ocrx_word' id='word_1_472' title='bbox 2943 1865 2999 1931; x_wconf 79' lang='grc' dir='ltr'><strong>ἐξ</strong></span> <span class='ocrx_word' id='word_1_473' title='bbox 3044 1860 3108 1937; x_wconf 72' lang='grc' dir='ltr'><strong>ἧς</strong></span> <span class='ocrx_word' id='word_1_474' title='bbox 3149 1867 3218 1920; x_wconf 82' lang='grc' dir='ltr'><strong>τά</strong></span> <span class='ocrx_word' id='word_1_475' title='bbox 3268 1853 3678 1936; x_wconf 76' lang='grc' dir='ltr'>ὀνομαζόμενα·</span> <span class='ocrx_word' id='word_1_476' title='bbox 3721 1866 3754 1938; x_wconf 83' lang='grc' dir='ltr'>ἦ</span> 
     </span>
    </p>
   </div>
   <div class='ocr_carea' id='block_1_66' title="bbox 2161 1956 3757 2029">
    <p class='ocr_par' dir='ltr' id='par_1_66' title="bbox 2161 1956 3757 2029">
     <span class='ocr_line' id='line_1_66' title="bbox 2161 1956 3757 2029; baseline 0.001 -21"><span class='ocrx_word' id='word_1_477' title='bbox 2161 1956 2224 2009; x_wconf 84' lang='grc' dir='ltr'><strong>τὸ</strong></span> <span class='ocrx_word' id='word_1_478' title='bbox 2257 1957 2474 2028; x_wconf 80' lang='grc' dir='ltr'>πρῶτον</span> <span class='ocrx_word' id='word_1_479' title='bbox 2506 1959 2824 2019; x_wconf 78' lang='grc' dir='ltr'>ὑπόστατον,</span> <span class='ocrx_word' id='word_1_480' title='bbox 2851 1960 3040 2014; x_wconf 84' lang='grc' dir='ltr'>ἄποιον</span> <span class='ocrx_word' id='word_1_481' title='bbox 3063 1976 3077 1989; x_wconf 87' lang='grc'><strong>·</strong></span> <span class='ocrx_word' id='word_1_482' title='bbox 3129 1958 3162 2029; x_wconf 81' lang='grc' dir='ltr'>ἢ</span> <span class='ocrx_word' id='word_1_483' title='bbox 3192 1959 3251 2010; x_wconf 84' lang='grc' dir='ltr'><strong>τὸ</strong></span> <span class='ocrx_word' id='word_1_484' title='bbox 3274 1957 3757 2029; x_wconf 81' lang='grc' dir='ltr'>προῦφιστάμενον</span> 
     </span>
    </p>
   </div>
   <div class='ocr_carea' id='block_1_67' title="bbox 2160 2044 3754 2120">
    <p class='ocr_par' dir='ltr' id='par_1_67' title="bbox 2160 2044 3754 2120">
     <span class='ocr_line' id='line_1_67' title="bbox 2160 2044 3754 2120; baseline -0.001 -20"><span class='ocrx_word' id='word_1_485' title='bbox 2160 2051 2273 2111; x_wconf 80' lang='grc' dir='ltr'>τοῖς</span> <span class='ocrx_word' id='word_1_486' title='bbox 2302 2044 2484 2103; x_wconf 78' lang='grc' dir='ltr'>οὖσιν·</span> <span class='ocrx_word' id='word_1_487' title='bbox 2523 2049 2555 2120; x_wconf 83' lang='grc' dir='ltr'>ἢ</span> <span class='ocrx_word' id='word_1_488' title='bbox 2595 2049 2659 2102; x_wconf 71' lang='grc' dir='ltr'>τὸ</span> <span class='ocrx_word' id='word_1_489' title='bbox 2680 2049 2857 2112; x_wconf 82' lang='grc' dir='ltr'>πάσας</span> <span class='ocrx_word' id='word_1_490' title='bbox 2890 2049 3180 2120; x_wconf 82' lang='grc' dir='ltr'>δεχόμενον</span> <span class='ocrx_word' id='word_1_491' title='bbox 3210 2048 3310 2112; x_wconf 76' lang='grc' dir='ltr'>τὰς</span> <span class='ocrx_word' id='word_1_492' title='bbox 3349 2047 3665 2118; x_wconf 80' lang='grc' dir='ltr'>μεταϐολάς</span> <span class='ocrx_word' id='word_1_493' title='bbox 3694 2063 3754 2098; x_wconf 91' lang='grc' dir='ltr'><strong>τε</strong></span> 
     </span>
    </p>
   </div>
   <div class='ocr_carea' id='block_1_68' title="bbox 2161 2136 3756 2204">
    <p class='ocr_par' dir='ltr' id='par_1_68' title="bbox 2161 2136 3756 2204">
     <span class='ocr_line' id='line_1_68' title="bbox 2161 2136 3756 2204; baseline -0.002 -12"><span class='ocrx_word' id='word_1_494' title='bbox 2161 2140 2257 2193; x_wconf 70' lang='grc' dir='ltr'><strong>καὶ</strong></span> <span class='ocrx_word' id='word_1_495' title='bbox 2286 2139 2620 2204; x_wconf 84' lang='grc' dir='ltr'>ἀλλοιώσεις,</span> <span class='ocrx_word' id='word_1_496' title='bbox 2655 2140 2784 2192; x_wconf 77' lang='grc' dir='ltr'>αὐτὸ</span> <span class='ocrx_word' id='word_1_497' title='bbox 2810 2139 2866 2191; x_wconf 83' lang='grc' dir='ltr'>δὲ</span> <span class='ocrx_word' id='word_1_498' title='bbox 2898 2139 3257 2192; x_wconf 81' lang='grc' dir='ltr'>ἀναλλοίωτον</span> <span class='ocrx_word' id='word_1_499' title='bbox 3304 2137 3448 2192; x_wconf 83' lang='grc' dir='ltr'>κατά</span> <span class='ocrx_word' id='word_1_500' title='bbox 3497 2137 3594 2190; x_wconf 81' lang='grc' dir='ltr'><strong>τὸν</strong></span> <span class='ocrx_word' id='word_1_501' title='bbox 3625 2136 3756 2189; x_wconf 77' lang='grc' dir='ltr'>ἴδιον</span> 
     </span>
    </p>
   </div>
   <div class='ocr_carea' id='block_1_69' title="bbox 2163 2228 3757 2304">
    <p class='ocr_par' dir='ltr' id='par_1_69' title="bbox 2163 2228 3757 2304">
     <span class='ocr_line' id='line_1_69' title="bbox 2163 2228 3757 2304; baseline -0.001 -20"><span class='ocrx_word' id='word_1_502' title='bbox 2163 2231 2322 2300; x_wconf 85' lang='grc' dir='ltr'>λόγον</span> <span class='ocrx_word' id='word_1_503' title='bbox 2345 2250 2357 2263; x_wconf 89' lang='grc'><strong>·</strong></span> <span class='ocrx_word' id='word_1_504' title='bbox 2388 2233 2420 2304; x_wconf 81' lang='grc' dir='ltr'>ἢ</span> <span class='ocrx_word' id='word_1_505' title='bbox 2445 2234 2503 2287; x_wconf 86' lang='grc' dir='ltr'><strong>τὸ</strong></span> <span class='ocrx_word' id='word_1_506' title='bbox 2531 2234 2798 2304; x_wconf 79' lang='grc' dir='ltr'>ὑπομένον</span> <span class='ocrx_word' id='word_1_507' title='bbox 2851 2235 3031 2288; x_wconf 79' lang='grc' dir='ltr'>πᾶσαν</span> <span class='ocrx_word' id='word_1_508' title='bbox 3071 2231 3354 2286; x_wconf 86' lang='grc' dir='ltr'>ἀλλοίωσιν</span> <span class='ocrx_word' id='word_1_509' title='bbox 3394 2231 3490 2284; x_wconf 78' lang='grc' dir='ltr'><strong>καὶ</strong></span> <span class='ocrx_word' id='word_1_510' title='bbox 3522 2228 3757 2300; x_wconf 79' lang='grc' dir='ltr'>μεταϐο-</span> 
     </span>
    </p>
   </div>
   <div class='ocr_carea' id='block_1_70' title="bbox 2163 2320 3757 2397">
    <p class='ocr_par' dir='ltr' id='par_1_70' title="bbox 2163 2320 3757 2397">
     <span class='ocr_line' id='line_1_70' title="bbox 2163 2320 3757 2397; baseline -0.002 -20"><span class='ocrx_word' id='word_1_511' title='bbox 2163 2323 2280 2397; x_wconf 83' lang='grc' dir='ltr'>λήν.</span> <span class='ocrx_word' id='word_1_512' title='bbox 2311 2326 2466 2378; x_wconf 79' lang='grc' dir='ltr'>Κατὰ</span> <span class='ocrx_word' id='word_1_513' title='bbox 2499 2325 2724 2388; x_wconf 79' lang='grc' dir='ltr'>τούτους</span> <span class='ocrx_word' id='word_1_514' title='bbox 2769 2325 2824 2377; x_wconf 84' lang='grc' dir='ltr'><strong>δὲ</strong></span> <span class='ocrx_word' id='word_1_515' title='bbox 2872 2327 2905 2396; x_wconf 80' lang='grc' dir='ltr'>ἡ</span> <span class='ocrx_word' id='word_1_516' title='bbox 2955 2324 3112 2378; x_wconf 79' lang='grc' dir='ltr'>οὐσία</span> <span class='ocrx_word' id='word_1_517' title='bbox 3143 2320 3287 2377; x_wconf 84' lang='grc' dir='ltr'>ἐστὶν</span> <span class='ocrx_word' id='word_1_518' title='bbox 3320 2321 3518 2386; x_wconf 84' lang='grc' dir='ltr'>ἄποιός</span> <span class='ocrx_word' id='word_1_519' title='bbox 3570 2340 3629 2375; x_wconf 87' lang='grc' dir='ltr'><strong>τε</strong></span> <span class='ocrx_word' id='word_1_520' title='bbox 3663 2323 3757 2374; x_wconf 82' lang='grc' dir='ltr'>καὶ</span> 
     </span>
    </p>
   </div>
   <div class='ocr_carea' id='block_1_71' title="bbox 2163 2413 3760 2488">
    <p class='ocr_par' dir='ltr' id='par_1_71' title="bbox 2163 2413 3760 2488">
     <span class='ocr_line' id='line_1_71' title="bbox 2163 2413 3760 2488; baseline 0.001 -20"><span class='ocrx_word' id='word_1_521' title='bbox 2163 2417 2563 2488; x_wconf 80' lang='grc' dir='ltr'>ἀσχημάτιστος</span> <span class='ocrx_word' id='word_1_522' title='bbox 2587 2416 2726 2469; x_wconf 76' lang='grc' dir='ltr'>κατὰ</span> <span class='ocrx_word' id='word_1_523' title='bbox 2753 2416 2841 2469; x_wconf 82' lang='grc' dir='ltr'><strong>τὸν</strong></span> <span class='ocrx_word' id='word_1_524' title='bbox 2871 2416 2999 2470; x_wconf 75' lang='grc' dir='ltr'>ἴδιον</span> <span class='ocrx_word' id='word_1_525' title='bbox 3031 2416 3210 2485; x_wconf 89' lang='grc' dir='ltr'>λόγον,</span> <span class='ocrx_word' id='word_1_526' title='bbox 3228 2414 3340 2468; x_wconf 84' lang='grc' dir='ltr'>ἀλλ’</span> <span class='ocrx_word' id='word_1_527' title='bbox 3368 2414 3499 2466; x_wconf 77' lang='grc' dir='ltr'>οὐδὲ</span> <span class='ocrx_word' id='word_1_528' title='bbox 3528 2413 3760 2484; x_wconf 78' lang='grc' dir='ltr'>μέγεθος</span> 
     </span>
    </p>
   </div>
   <div class='ocr_carea' id='block_1_72' title="bbox 2163 2505 3757 2581">
    <p class='ocr_par' dir='ltr' id='par_1_72' title="bbox 2163 2505 3757 2581">
     <span class='ocr_line' id='line_1_72' title="bbox 2163 2505 3757 2581; baseline -0.002 -20"><span class='ocrx_word' id='word_1_529' title='bbox 2163 2505 2599 2575; x_wconf 82' lang='grc' dir='ltr'>ἀποτεταγμένον</span> <span class='ocrx_word' id='word_1_530' title='bbox 2632 2506 2858 2576; x_wconf 77' lang='grc' dir='ltr'>ἔχουσα,</span> <span class='ocrx_word' id='word_1_531' title='bbox 2906 2508 3056 2581; x_wconf 82' lang='grc' dir='ltr'>πάσῃ</span> <span class='ocrx_word' id='word_1_532' title='bbox 3086 2506 3143 2558; x_wconf 81' lang='grc' dir='ltr'><strong>δὲ</strong></span> <span class='ocrx_word' id='word_1_533' title='bbox 3195 2506 3436 2574; x_wconf 72' lang='grc' dir='ltr'>ἔγκειται</span> <span class='ocrx_word' id='word_1_534' title='bbox 3483 2506 3757 2575; x_wconf 85' lang='grc' dir='ltr'>ποιότητι,</span> 
     </span>
    </p>
   </div>
   <div class='ocr_carea' id='block_1_73' title="bbox 2164 2595 3760 2669">
    <p class='ocr_par' dir='ltr' id='par_1_73' title="bbox 2164 2595 3760 2669">
     <span class='ocr_line' id='line_1_73' title="bbox 2164 2595 3760 2669; baseline 0.001 -21"><span class='ocrx_word' id='word_1_535' title='bbox 2164 2596 2415 2668; x_wconf 78' lang='grc' dir='ltr'>καθάπερ</span> <span class='ocrx_word' id='word_1_536' title='bbox 2451 2596 2666 2666; x_wconf 78' lang='grc' dir='ltr'>ἕτοιμόν</span> <span class='ocrx_word' id='word_1_537' title='bbox 2694 2615 2746 2649; x_wconf 90' lang='grc' dir='ltr'><strong>τι</strong></span> <span class='ocrx_word' id='word_1_538' title='bbox 2788 2597 3005 2669; x_wconf 85' lang='grc' dir='ltr'>χωρίον.</span> <span class='ocrx_word' id='word_1_539' title='bbox 3054 2597 3352 2667; x_wconf 89' lang='grc' dir='ltr'>Ποιότητας</span> <span class='ocrx_word' id='word_1_540' title='bbox 3378 2595 3436 2648; x_wconf 85' lang='grc' dir='ltr'><strong>δὲ</strong></span> <span class='ocrx_word' id='word_1_541' title='bbox 3477 2595 3760 2649; x_wconf 85' lang='grc' dir='ltr'>διατακτι-</span> 
     </span>
    </p>
   </div>
   <div class='ocr_carea' id='block_1_74' title="bbox 2164 2687 3761 2760">
    <p class='ocr_par' dir='ltr' id='par_1_74' title="bbox 2164 2687 3761 2760">
     <span class='ocr_line' id='line_1_74' title="bbox 2164 2687 3761 2760; baseline 0.001 -20"><span class='ocrx_word' id='word_1_542' title='bbox 2164 2687 2275 2751; x_wconf 85' lang='grc' dir='ltr'><strong>κῶς</strong></span> <span class='ocrx_word' id='word_1_543' title='bbox 2296 2688 2405 2760; x_wconf 76' lang='grc'>(21)</span> <span class='ocrx_word' id='word_1_544' title='bbox 2426 2687 2642 2758; x_wconf 81' lang='grc' dir='ltr'>λέγουσι</span> <span class='ocrx_word' id='word_1_545' title='bbox 2663 2687 2763 2752; x_wconf 86' lang='grc' dir='ltr'>τὰς</span> <span class='ocrx_word' id='word_1_546' title='bbox 2785 2689 3071 2760; x_wconf 81' lang='grc' dir='ltr'>ἐνεργείας</span> <span class='ocrx_word' id='word_1_547' title='bbox 3093 2689 3188 2741; x_wconf 72' lang='grc' dir='ltr'>κα).</span> <span class='ocrx_word' id='word_1_548' title='bbox 3215 2688 3313 2752; x_wconf 79' lang='grc' dir='ltr'>τὰς</span> <span class='ocrx_word' id='word_1_549' title='bbox 3351 2689 3604 2758; x_wconf 83' lang='grc' dir='ltr'>ποιήσεις</span> <span class='ocrx_word' id='word_1_550' title='bbox 3645 2705 3761 2741; x_wconf 89' lang='grc' dir='ltr'>κοι-</span> 
     </span>
    </p>
   </div>
   <div class='ocr_carea' id='block_1_75' title="bbox 2165 2775 3760 2851">
    <p class='ocr_par' dir='ltr' id='par_1_75' title="bbox 2165 2775 3760 2851">
     <span class='ocr_line' id='line_1_75' title="bbox 2165 2775 3760 2851; baseline -0.001 -19"><span class='ocrx_word' id='word_1_551' title='bbox 2165 2777 2291 2842; x_wconf 83' lang='grc' dir='ltr'>νῶς,</span> <span class='ocrx_word' id='word_1_552' title='bbox 2319 2781 2375 2833; x_wconf 81' lang='grc' dir='ltr'><strong>ἐν</strong></span> <span class='ocrx_word' id='word_1_553' title='bbox 2407 2775 2495 2842; x_wconf 74' lang='grc' dir='ltr'>αῖς</span> <span class='ocrx_word' id='word_1_554' title='bbox 2537 2775 2677 2833; x_wconf 77' lang='grc' dir='ltr'>εἶναι</span> <span class='ocrx_word' id='word_1_555' title='bbox 2706 2779 2804 2844; x_wconf 83' lang='grc' dir='ltr'>τὰς</span> <span class='ocrx_word' id='word_1_556' title='bbox 2837 2781 3084 2851; x_wconf 78' lang='grc' dir='ltr'>κινήσεις</span> <span class='ocrx_word' id='word_1_557' title='bbox 3113 2778 3207 2831; x_wconf 72' lang='grc' dir='ltr'><strong>καὶ</strong></span> <span class='ocrx_word' id='word_1_558' title='bbox 3235 2777 3448 2848; x_wconf 83' lang='grc' dir='ltr'>σχέσεις</span> <span class='ocrx_word' id='word_1_559' title='bbox 3478 2777 3760 2849; x_wconf 73' lang='grc' dir='ltr'>συμϐέϐη-</span> 
     </span>
    </p>
   </div>
   <div class='ocr_carea' id='block_1_76' title="bbox 2165 2869 3758 2942">
    <p class='ocr_par' dir='ltr' id='par_1_76' title="bbox 2165 2869 3758 2942">
     <span class='ocr_line' id='line_1_76' title="bbox 2165 2869 3758 2942; baseline 0 -20"><span class='ocrx_word' id='word_1_560' title='bbox 2165 2887 2260 2922; x_wconf 87' lang='grc' dir='ltr'><strong>κεν</strong></span> <span class='ocrx_word' id='word_1_561' title='bbox 2279 2886 2291 2900; x_wconf 79' lang='grc'><em>’</em></span> <span class='ocrx_word' id='word_1_562' title='bbox 2311 2869 2432 2922; x_wconf 81' lang='grc' dir='ltr'>ούδέ</span> <span class='ocrx_word' id='word_1_563' title='bbox 2449 2888 2589 2934; x_wconf 88' lang='grc' dir='ltr'>τινος</span> <span class='ocrx_word' id='word_1_564' title='bbox 2611 2870 2718 2942; x_wconf 79' lang='grc' dir='ltr'>γὰρ</span> <span class='ocrx_word' id='word_1_565' title='bbox 2749 2871 2953 2926; x_wconf 91' lang='grc' dir='ltr'>τούτων</span> <span class='ocrx_word' id='word_1_566' title='bbox 2985 2872 3125 2925; x_wconf 75' lang='grc' dir='ltr'>κατὰ</span> <span class='ocrx_word' id='word_1_567' title='bbox 3151 2871 3242 2924; x_wconf 80' lang='grc' dir='ltr'><strong>τὸν</strong></span> <span class='ocrx_word' id='word_1_568' title='bbox 3275 2871 3405 2926; x_wconf 72' lang='grc' dir='ltr'>ἴδιον</span> <span class='ocrx_word' id='word_1_569' title='bbox 3431 2870 3594 2938; x_wconf 88' lang='grc' dir='ltr'>λόγον</span> <span class='ocrx_word' id='word_1_570' title='bbox 3630 2887 3758 2940; x_wconf 87' lang='grc' dir='ltr'>μετ-</span> 
     </span>
    </p>
   </div>
   <div class='ocr_carea' id='block_1_77' title="bbox 2167 2959 3758 3034">
    <p class='ocr_par' dir='ltr' id='par_1_77' title="bbox 2167 2959 3758 3034">
     <span class='ocr_line' id='line_1_77' title="bbox 2167 2959 3758 3034; baseline 0.001 -20"><span class='ocrx_word' id='word_1_571' title='bbox 2167 2959 2312 3030; x_wconf 67' lang='grc' dir='ltr'>έχειν</span> <span class='ocrx_word' id='word_1_572' title='bbox 2359 2961 2489 3030; x_wconf 79' lang='grc' dir='ltr'>φασὶ</span> <span class='ocrx_word' id='word_1_573' title='bbox 2511 2962 2608 3034; x_wconf 85' lang='grc' dir='ltr'>τὴν</span> <span class='ocrx_word' id='word_1_574' title='bbox 2645 2962 2833 3016; x_wconf 75' lang='grc' dir='ltr'>οὐσίαν</span> <span class='ocrx_word' id='word_1_575' title='bbox 2853 3004 2867 3028; x_wconf 94' lang='grc'><strong>,</strong></span> <span class='ocrx_word' id='word_1_576' title='bbox 2896 2964 2983 3015; x_wconf 77' lang='grc' dir='ltr'>ἀεὶ</span> <span class='ocrx_word' id='word_1_577' title='bbox 3005 2963 3061 3015; x_wconf 83' lang='grc' dir='ltr'>δέ</span> <span class='ocrx_word' id='word_1_578' title='bbox 3083 2979 3225 3025; x_wconf 91' lang='grc' dir='ltr'>τινος</span> <span class='ocrx_word' id='word_1_579' title='bbox 3245 2961 3426 3015; x_wconf 83' lang='grc' dir='ltr'>αὐτῶν</span> <span class='ocrx_word' id='word_1_580' title='bbox 3451 2961 3758 3033; x_wconf 82' lang='grc' dir='ltr'>ἀχώριστον</span> 
     </span>
    </p>
   </div>
   <div class='ocr_carea' id='block_1_78' title="bbox 2168 3047 3756 3126">
    <p class='ocr_par' dir='ltr' id='par_1_78' title="bbox 2168 3047 3756 3126">
     <span class='ocr_line' id='line_1_78' title="bbox 2168 3047 3756 3126; baseline 0.002 -22"><span class='ocrx_word' id='word_1_581' title='bbox 2168 3047 2306 3106; x_wconf 75' lang='grc' dir='ltr'>εἶναι</span> <span class='ocrx_word' id='word_1_582' title='bbox 2339 3052 2500 3106; x_wconf 78' lang='grc' dir='ltr'>πάθει</span> <span class='ocrx_word' id='word_1_583' title='bbox 2524 3053 2706 3125; x_wconf 90' lang='grc' dir='ltr'>τήνδε,</span> <span class='ocrx_word' id='word_1_584' title='bbox 2744 3053 2896 3106; x_wconf 81' lang='grc' dir='ltr'>οὐδὲν</span> <span class='ocrx_word' id='word_1_585' title='bbox 2922 3051 3086 3126; x_wconf 86' lang='grc' dir='ltr'>ἦττον</span> <span class='ocrx_word' id='word_1_586' title='bbox 3114 3055 3208 3107; x_wconf 74' lang='grc' dir='ltr'>καὶ</span> <span class='ocrx_word' id='word_1_587' title='bbox 3233 3053 3526 3124; x_wconf 76' lang='grc' dir='ltr'>ὲπιδεκτὴν</span> <span class='ocrx_word' id='word_1_588' title='bbox 3565 3053 3756 3107; x_wconf 84' lang='grc' dir='ltr'>πασῶν</span> 
     </span>
    </p>
   </div>
   <div class='ocr_carea' id='block_1_79' title="bbox 2162 3133 3757 3216">
    <p class='ocr_par' dir='ltr' id='par_1_79' title="bbox 2162 3133 3757 3216">
     <span class='ocr_line' id='line_1_79' title="bbox 2162 3133 3757 3216; baseline -0.001 -18"><span class='ocrx_word' id='word_1_589' title='bbox 2162 3144 2272 3200; x_wconf 87' lang='grc' dir='ltr'><strong>τῶν</strong></span> <span class='ocrx_word' id='word_1_590' title='bbox 2298 3143 2394 3197; x_wconf 84' lang='grc' dir='ltr'><strong>τοῦ</strong></span> <span class='ocrx_word' id='word_1_591' title='bbox 2427 3144 2708 3208; x_wconf 87' lang='grc' dir='ltr'>ποιοῦντος</span> <span class='ocrx_word' id='word_1_592' title='bbox 2743 3133 3032 3216; x_wconf 77' lang='grc' dir='ltr'>ἐνεργειῶν</span> <span class='ocrx_word' id='word_1_593' title='bbox 3077 3145 3152 3208; x_wconf 87' lang='grc' dir='ltr'>ὡς</span> <span class='ocrx_word' id='word_1_594' title='bbox 3183 3144 3248 3198; x_wconf 83' lang='grc' dir='ltr'><strong>ἄν</strong></span> <span class='ocrx_word' id='word_1_595' title='bbox 3277 3147 3458 3199; x_wconf 85' lang='grc' dir='ltr'>ἐκεῖνο</span> <span class='ocrx_word' id='word_1_596' title='bbox 3491 3147 3619 3216; x_wconf 84' lang='grc' dir='ltr'>ποιῇ</span> <span class='ocrx_word' id='word_1_597' title='bbox 3660 3148 3757 3198; x_wconf 82' lang='grc' dir='ltr'>καὶ</span> 
     </span>
    </p>
   </div>
   <div class='ocr_carea' id='block_1_80' title="bbox 2165 3234 3755 3309">
    <p class='ocr_par' dir='ltr' id='par_1_80' title="bbox 2165 3234 3755 3309">
     <span class='ocr_line' id='line_1_80' title="bbox 2165 3234 3755 3309; baseline 0 -21"><span class='ocrx_word' id='word_1_598' title='bbox 2165 3234 2503 3309; x_wconf 76' lang='grc' dir='ltr'>μεταϐάλλῃ·</span> <span class='ocrx_word' id='word_1_599' title='bbox 2537 3237 2566 3289; x_wconf 84' lang='grc' dir='ltr'>ὁ</span> <span class='ocrx_word' id='word_1_600' title='bbox 2597 3235 2706 3307; x_wconf 83' lang='grc' dir='ltr'><strong>γὰρ</strong></span> <span class='ocrx_word' id='word_1_601' title='bbox 2741 3234 2914 3289; x_wconf 87' lang='grc' dir='ltr'>συνὼν</span> <span class='ocrx_word' id='word_1_602' title='bbox 2965 3236 3102 3306; x_wconf 75' lang='grc' dir='ltr'>αὐτῇ</span> <span class='ocrx_word' id='word_1_603' title='bbox 3150 3235 3335 3299; x_wconf 87' lang='grc' dir='ltr'>τόνος,</span> <span class='ocrx_word' id='word_1_604' title='bbox 3363 3235 3460 3287; x_wconf 75' lang='grc' dir='ltr'><strong>καὶ</strong></span> <span class='ocrx_word' id='word_1_605' title='bbox 3489 3235 3560 3288; x_wconf 83' lang='grc' dir='ltr'>δι’</span> <span class='ocrx_word' id='word_1_606' title='bbox 3613 3235 3755 3289; x_wconf 78' lang='grc' dir='ltr'>ὅλων</span> 
     </span>
    </p>
   </div>
   <div class='ocr_carea' id='block_1_81' title="bbox 2159 3327 3757 3400">
    <p class='ocr_par' dir='ltr' id='par_1_81' title="bbox 2159 3327 3757 3400">
     <span class='ocr_line' id='line_1_81' title="bbox 2159 3327 3757 3400; baseline -0.001 -18"><span class='ocrx_word' id='word_1_607' title='bbox 2159 3327 2494 3399; x_wconf 83' lang='grc' dir='ltr'>κεχωρηκὼς</span> <span class='ocrx_word' id='word_1_608' title='bbox 2517 3367 2531 3392; x_wconf 92' lang='grc'><strong>,</strong></span> <span class='ocrx_word' id='word_1_609' title='bbox 2565 3329 2748 3399; x_wconf 84' lang='grc' dir='ltr'>πάσης</span> <span class='ocrx_word' id='word_1_610' title='bbox 2779 3345 2839 3381; x_wconf 91' lang='grc' dir='ltr'><strong>τε</strong></span> <span class='ocrx_word' id='word_1_611' title='bbox 2867 3328 3154 3398; x_wconf 86' lang='grc' dir='ltr'>ποιότητος</span> <span class='ocrx_word' id='word_1_612' title='bbox 3199 3328 3294 3382; x_wconf 75' lang='grc' dir='ltr'><strong>καὶ</strong></span> <span class='ocrx_word' id='word_1_613' title='bbox 3323 3329 3434 3382; x_wconf 83' lang='grc' dir='ltr'>τῶν</span> <span class='ocrx_word' id='word_1_614' title='bbox 3477 3329 3608 3400; x_wconf 72' lang='grc' dir='ltr'>περὶ</span> <span class='ocrx_word' id='word_1_615' title='bbox 3654 3330 3757 3381; x_wconf 80' lang='grc' dir='ltr'><strong>αὐ-</strong></span> 
     </span>
    </p>
   </div>
   <div class='ocr_carea' id='block_1_82' title="bbox 2157 3419 3750 3491">
    <p class='ocr_par' dir='ltr' id='par_1_82' title="bbox 2157 3419 3750 3491">
     <span class='ocr_line' id='line_1_82' title="bbox 2157 3419 3750 3491; baseline -0.003 -17"><span class='ocrx_word' id='word_1_616' title='bbox 2157 3420 2256 3491; x_wconf 84' lang='grc' dir='ltr'>τὴν</span> <span class='ocrx_word' id='word_1_617' title='bbox 2285 3419 2458 3483; x_wconf 78' lang='grc' dir='ltr'>αἴτιος</span> <span class='ocrx_word' id='word_1_618' title='bbox 2484 3419 2550 3474; x_wconf 85' lang='grc' dir='ltr'><strong>ἂν</strong></span> <span class='ocrx_word' id='word_1_619' title='bbox 2583 3419 2903 3490; x_wconf 76' lang='grc' dir='ltr'>οἰκονομιῶν</span> <span class='ocrx_word' id='word_1_620' title='bbox 2936 3419 3068 3490; x_wconf 68' lang='grc'>(22).</span> <span class='ocrx_word' id='word_1_621' title='bbox 3106 3419 3184 3472; x_wconf 89' lang='grc' dir='ltr'><strong>Δι’</strong></span> <span class='ocrx_word' id='word_1_622' title='bbox 3213 3419 3351 3474; x_wconf 80' lang='grc' dir='ltr'>ὅλων</span> <span class='ocrx_word' id='word_1_623' title='bbox 3374 3437 3435 3472; x_wconf 89' lang='grc' dir='ltr'><strong>τε</strong></span> <span class='ocrx_word' id='word_1_624' title='bbox 3464 3419 3750 3490; x_wconf 80' lang='grc' dir='ltr'>μεταϐλη-</span> 
     </span>
    </p>
   </div>
   <div class='ocr_carea' id='block_1_83' title="bbox 2155 3508 3756 3585">
    <p class='ocr_par' dir='ltr' id='par_1_83' title="bbox 2155 3508 3756 3585">
     <span class='ocr_line' id='line_1_83' title="bbox 2155 3508 3756 3585; baseline 0 -21"><span class='ocrx_word' id='word_1_625' title='bbox 2155 3513 2288 3584; x_wconf 74' lang='grc' dir='ltr'>τὴν,</span> <span class='ocrx_word' id='word_1_626' title='bbox 2337 3514 2434 3568; x_wconf 74' lang='grc' dir='ltr'><strong>καὶ</strong></span> <span class='ocrx_word' id='word_1_627' title='bbox 2480 3513 2546 3566; x_wconf 86' lang='grc' dir='ltr'>δι’</span> <span class='ocrx_word' id='word_1_628' title='bbox 2596 3513 2732 3568; x_wconf 83' lang='grc' dir='ltr'>ὅλων</span> <span class='ocrx_word' id='word_1_629' title='bbox 2793 3513 3066 3585; x_wconf 81' lang='grc' dir='ltr'>διαιρετὴν</span> <span class='ocrx_word' id='word_1_630' title='bbox 3118 3512 3370 3581; x_wconf 81' lang='grc' dir='ltr'>λέγουσιν</span> <span class='ocrx_word' id='word_1_631' title='bbox 3419 3508 3598 3577; x_wconf 79' lang='grc' dir='ltr'>εἶναι,</span> <span class='ocrx_word' id='word_1_632' title='bbox 3655 3513 3756 3565; x_wconf 73' lang='grc' dir='ltr'>καὶ</span> 
     </span>
    </p>
   </div>
   <div class='ocr_carea' id='block_1_84' title="bbox 2155 3604 3754 3678">
    <p class='ocr_par' dir='ltr' id='par_1_84' title="bbox 2155 3604 3754 3678">
     <span class='ocr_line' id='line_1_84' title="bbox 2155 3604 3754 3678; baseline -0.001 -18"><span class='ocrx_word' id='word_1_633' title='bbox 2155 3608 2335 3660; x_wconf 80' lang='grc' dir='ltr'>πᾶσαν</span> <span class='ocrx_word' id='word_1_634' title='bbox 2376 3607 2562 3660; x_wconf 81' lang='grc' dir='ltr'>οὐσίαν</span> <span class='ocrx_word' id='word_1_635' title='bbox 2613 3606 2762 3678; x_wconf 80' lang='grc' dir='ltr'>πάσῃ</span> <span class='ocrx_word' id='word_1_636' title='bbox 2806 3606 3118 3676; x_wconf 80' lang='grc' dir='ltr'>συγχεῖσθαι</span> <span class='ocrx_word' id='word_1_637' title='bbox 3163 3604 3466 3673; x_wconf 80' lang='grc' dir='ltr'>δύνασθαι,</span> <span class='ocrx_word' id='word_1_638' title='bbox 3533 3607 3754 3677; x_wconf 77' lang='grc' dir='ltr'>ἡνωμέ-</span> 
     </span>
    </p>
   </div>
   <div class='ocr_carea' id='block_1_85' title="bbox 2153 3696 3748 3771">
    <p class='ocr_par' dir='ltr' id='par_1_85' title="bbox 2153 3696 3748 3771">
     <span class='ocr_line' id='line_1_85' title="bbox 2153 3696 3748 3771; baseline 0.001 -19"><span class='ocrx_word' id='word_1_639' title='bbox 2153 3716 2250 3770; x_wconf 86' lang='grc' dir='ltr'><strong>νην</strong></span> <span class='ocrx_word' id='word_1_640' title='bbox 2275 3696 2386 3770; x_wconf 74' lang='lat'>(&#39;25)</span> <span class='ocrx_word' id='word_1_641' title='bbox 2417 3699 2619 3770; x_wconf 86' lang='grc' dir='ltr'>μέντοι.</span> <span class='ocrx_word' id='word_1_642' title='bbox 2665 3699 2815 3752; x_wconf 79' lang='grc' dir='ltr'>Ἐπεὶ</span> <span class='ocrx_word' id='word_1_643' title='bbox 2841 3699 2897 3752; x_wconf 87' lang='grc' dir='ltr'>δὲ</span> <span class='ocrx_word' id='word_1_644' title='bbox 2921 3699 3048 3770; x_wconf 75' lang='grc' dir='ltr'>περὶ</span> <span class='ocrx_word' id='word_1_645' title='bbox 3081 3699 3178 3771; x_wconf 90' lang='grc' dir='ltr'><strong>τῆς</strong></span> <span class='ocrx_word' id='word_1_646' title='bbox 3208 3699 3400 3762; x_wconf 79' lang='grc' dir='ltr'>οὐσίας</span> <span class='ocrx_word' id='word_1_647' title='bbox 3435 3699 3748 3769; x_wconf 81' lang='grc' dir='ltr'>ζητοῦντες,</span> 
     </span>
    </p>
   </div>
   <div class='ocr_carea' id='block_1_86' title="bbox 2151 3790 3746 3862">
    <p class='ocr_par' dir='ltr' id='par_1_86' title="bbox 2151 3790 3746 3862">
     <span class='ocr_line' id='line_1_86' title="bbox 2151 3790 3746 3862; baseline 0.001 -18"><span class='ocrx_word' id='word_1_648' title='bbox 2151 3790 2238 3844; x_wconf 76' lang='grc' dir='ltr'>διὰ</span> <span class='ocrx_word' id='word_1_649' title='bbox 2272 3790 2362 3844; x_wconf 82' lang='grc' dir='ltr'>τὸν</span> <span class='ocrx_word' id='word_1_650' title='bbox 2395 3791 2668 3846; x_wconf 76' lang='grc' dir='ltr'>ἐπιούσιον</span> <span class='ocrx_word' id='word_1_651' title='bbox 2710 3791 2891 3862; x_wconf 83' lang='grc' dir='ltr'>ἄρτον,</span> <span class='ocrx_word' id='word_1_652' title='bbox 2940 3791 3035 3844; x_wconf 78' lang='grc' dir='ltr'><strong>καὶ</strong></span> <span class='ocrx_word' id='word_1_653' title='bbox 3089 3791 3179 3844; x_wconf 82' lang='grc' dir='ltr'><strong>τὸν</strong></span> <span class='ocrx_word' id='word_1_654' title='bbox 3235 3790 3548 3861; x_wconf 78' lang='grc' dir='ltr'>περιούσιον</span> <span class='ocrx_word' id='word_1_655' title='bbox 3595 3792 3746 3856; x_wconf 84' lang='grc' dir='ltr'>λαὸν,</span> 
     </span>
    </p>
   </div>
   <div class='ocr_carea' id='block_1_87' title="bbox 2150 3881 3750 3954">
    <p class='ocr_par' dir='ltr' id='par_1_87' title="bbox 2150 3881 3750 3954">
     <span class='ocr_line' id='line_1_87' title="bbox 2150 3881 3750 3954; baseline 0.001 -18"><span class='ocrx_word' id='word_1_656' title='bbox 2150 3885 2230 3946; x_wconf 85' lang='grc' dir='ltr'><strong>είς</strong></span> <span class='ocrx_word' id='word_1_657' title='bbox 2259 3883 2319 3936; x_wconf 75' lang='grc' dir='ltr'>τὸ</span> <span class='ocrx_word' id='word_1_658' title='bbox 2343 3884 2410 3936; x_wconf 77' lang='grc' dir='ltr'>τὰ</span> <span class='ocrx_word' id='word_1_659' title='bbox 2443 3884 2773 3954; x_wconf 83' lang='grc' dir='ltr'>σημαίνοντα</span> <span class='ocrx_word' id='word_1_660' title='bbox 2817 3881 3160 3953; x_wconf 78' lang='grc' dir='ltr'>διακριθῆναι</span> <span class='ocrx_word' id='word_1_661' title='bbox 3208 3881 3307 3951; x_wconf 86' lang='grc' dir='ltr'><strong>τῆς</strong></span> <span class='ocrx_word' id='word_1_662' title='bbox 3355 3883 3546 3946; x_wconf 81' lang='grc' dir='ltr'>οὐσίας</span> <span class='ocrx_word' id='word_1_663' title='bbox 3595 3885 3750 3938; x_wconf 79' lang='grc' dir='ltr'>ταῦτ’</span> 
     </span>
    </p>
   </div>
   <div class='ocr_carea' id='block_1_88' title="bbox 2149 3971 3746 4047">
    <p class='ocr_par' dir='ltr' id='par_1_88' title="bbox 2149 3971 3746 4047">
     <span class='ocr_line' id='line_1_88' title="bbox 2149 3971 3746 4047; baseline 0.001 -21"><span class='ocrx_word' id='word_1_664' title='bbox 2149 3975 2448 4046; x_wconf 81' lang='grc' dir='ltr'>εἰρήκαμεν</span> <span class='ocrx_word' id='word_1_665' title='bbox 2473 3991 2486 4005; x_wconf 77' lang='grc'><strong>”</strong></span> <span class='ocrx_word' id='word_1_666' title='bbox 2521 3976 2684 4047; x_wconf 83' lang='grc' dir='ltr'>ἄρτος</span> <span class='ocrx_word' id='word_1_667' title='bbox 2713 3975 2767 4029; x_wconf 81' lang='grc' dir='ltr'><strong>δὲ</strong></span> <span class='ocrx_word' id='word_1_668' title='bbox 2797 3977 2855 4028; x_wconf 88' lang='grc' dir='ltr'><strong>ἐν</strong></span> <span class='ocrx_word' id='word_1_669' title='bbox 2897 3977 3009 4038; x_wconf 90' lang='grc' dir='ltr'>τοῖς</span> <span class='ocrx_word' id='word_1_670' title='bbox 3039 3974 3144 4046; x_wconf 84' lang='grc' dir='ltr'><strong>πρὸ</strong></span> <span class='ocrx_word' id='word_1_671' title='bbox 3175 3973 3380 4026; x_wconf 86' lang='grc' dir='ltr'>τούτων</span> <span class='ocrx_word' id='word_1_672' title='bbox 3429 3973 3618 4044; x_wconf 74' lang='grc' dir='ltr'>νοητὸς</span> <span class='ocrx_word' id='word_1_673' title='bbox 3653 3971 3746 4046; x_wconf 83' lang='grc' dir='ltr'><strong>ῆν,</strong></span> 
     </span>
    </p>
   </div>
   <div class='ocr_carea' id='block_1_89' title="bbox 2147 4064 3750 4138">
    <p class='ocr_par' dir='ltr' id='par_1_89' title="bbox 2147 4064 3750 4138">
     <span class='ocr_line' id='line_1_89' title="bbox 2147 4064 3750 4138; baseline 0.002 -20"><span class='ocrx_word' id='word_1_674' title='bbox 2147 4064 2206 4118; x_wconf 83' lang='grc' dir='ltr'>ὃν</span> <span class='ocrx_word' id='word_1_675' title='bbox 2235 4068 2403 4119; x_wconf 80' lang='grc' dir='ltr'>αἰτεῖν</span> <span class='ocrx_word' id='word_1_676' title='bbox 2432 4068 2579 4136; x_wconf 74' lang='grc' dir='ltr'>ἡμᾶς</span> <span class='ocrx_word' id='word_1_677' title='bbox 2635 4067 2808 4138; x_wconf 86' lang='grc' dir='ltr'>ἐχρῆν</span> <span class='ocrx_word' id='word_1_678' title='bbox 2833 4108 2848 4132; x_wconf 92' lang='grc'><strong>,</strong></span> <span class='ocrx_word' id='word_1_679' title='bbox 2890 4068 3181 4135; x_wconf 86' lang='grc' dir='ltr'>ἀναγκαῖον</span> <span class='ocrx_word' id='word_1_680' title='bbox 3226 4067 3467 4136; x_wconf 89' lang='grc' dir='ltr'>συγγενῆ</span> <span class='ocrx_word' id='word_1_681' title='bbox 3493 4066 3572 4137; x_wconf 87' lang='grc' dir='ltr'><strong>τῷ</strong></span> <span class='ocrx_word' id='word_1_682' title='bbox 3596 4068 3750 4138; x_wconf 81' lang='grc' dir='ltr'>ἄρτῳ</span> 
     </span>
    </p>
   </div>
   <div class='ocr_carea' id='block_1_90' title="bbox 2146 4154 3747 4231">
    <p class='ocr_par' dir='ltr' id='par_1_90' title="bbox 2146 4154 3747 4231">
     <span class='ocr_line' id='line_1_90' title="bbox 2146 4154 3747 4231; baseline 0.001 -22"><span class='ocrx_word' id='word_1_683' title='bbox 2146 4157 2245 4228; x_wconf 80' lang='grc' dir='ltr'>τὴν</span> <span class='ocrx_word' id='word_1_684' title='bbox 2274 4158 2459 4210; x_wconf 81' lang='grc' dir='ltr'>οὐσίαν</span> <span class='ocrx_word' id='word_1_685' title='bbox 2495 4154 2633 4211; x_wconf 78' lang='grc' dir='ltr'>εἶναι</span> <span class='ocrx_word' id='word_1_686' title='bbox 2659 4161 2823 4222; x_wconf 84' lang='grc' dir='ltr'>νοεῖν,</span> <span class='ocrx_word' id='word_1_687' title='bbox 2860 4159 2927 4212; x_wconf 74' lang='grc' dir='ltr'>ἵν’</span> <span class='ocrx_word' id='word_1_688' title='bbox 2953 4158 3142 4230; x_wconf 82' lang='grc' dir='ltr'>ὥσπερ</span> <span class='ocrx_word' id='word_1_689' title='bbox 3166 4160 3194 4212; x_wconf 87' lang='grc' dir='ltr'>ὁ</span> <span class='ocrx_word' id='word_1_690' title='bbox 3223 4158 3539 4228; x_wconf 88' lang='grc' dir='ltr'>σωματικὸς</span> <span class='ocrx_word' id='word_1_691' title='bbox 3582 4158 3747 4231; x_wconf 80' lang='grc' dir='ltr'>ἄρτος</span> 
     </span>
    </p>
   </div>
   <div class='ocr_carea' id='block_1_91' title="bbox 2143 4247 3746 4325">
    <p class='ocr_par' dir='ltr' id='par_1_91' title="bbox 2143 4247 3746 4325">
     <span class='ocr_line' id='line_1_91' title="bbox 2143 4247 3746 4325; baseline 0.004 -23"><span class='ocrx_word' id='word_1_692' title='bbox 2143 4247 2522 4320; x_wconf 80' lang='grc' dir='ltr'>ἀναδιδόμενος</span> <span class='ocrx_word' id='word_1_693' title='bbox 2551 4253 2631 4313; x_wconf 81' lang='grc' dir='ltr'>εἰς</span> <span class='ocrx_word' id='word_1_694' title='bbox 2663 4250 2722 4303; x_wconf 77' lang='grc' dir='ltr'>τὸ</span> <span class='ocrx_word' id='word_1_695' title='bbox 2754 4251 2846 4304; x_wconf 88' lang='grc' dir='ltr'><strong>τοῦ</strong></span> <span class='ocrx_word' id='word_1_696' title='bbox 2879 4252 3214 4324; x_wconf 78' lang='grc' dir='ltr'>τρεφομένου</span> <span class='ocrx_word' id='word_1_697' title='bbox 3242 4253 3424 4324; x_wconf 84' lang='grc' dir='ltr'>σῶμα,</span> <span class='ocrx_word' id='word_1_698' title='bbox 3446 4256 3618 4325; x_wconf 84' lang='grc' dir='ltr'>χωρεῖ</span> <span class='ocrx_word' id='word_1_699' title='bbox 3640 4256 3746 4308; x_wconf 80' lang='grc' dir='ltr'>αύ-</span> 
     </span>
    </p>
   </div>
   <div class='ocr_carea' id='block_1_92' title="bbox 2142 4339 3744 4417">
    <p class='ocr_par' dir='ltr' id='par_1_92' title="bbox 2142 4339 3744 4417">
     <span class='ocr_line' id='line_1_92' title="bbox 2142 4339 3744 4417; baseline 0.004 -25"><span class='ocrx_word' id='word_1_700' title='bbox 2142 4339 2238 4392; x_wconf 90' lang='grc' dir='ltr'><strong>τοῦ</strong></span> <span class='ocrx_word' id='word_1_701' title='bbox 2268 4343 2348 4404; x_wconf 82' lang='grc' dir='ltr'>εἰς</span> <span class='ocrx_word' id='word_1_702' title='bbox 2379 4341 2475 4412; x_wconf 84' lang='grc' dir='ltr'>τὴν</span> <span class='ocrx_word' id='word_1_703' title='bbox 2506 4341 2715 4408; x_wconf 81' lang='grc' dir='ltr'>οὐσίαν,</span> <span class='ocrx_word' id='word_1_704' title='bbox 2747 4342 2919 4406; x_wconf 73' lang='grc' dir='ltr'>οὕτως</span> <span class='ocrx_word' id='word_1_705' title='bbox 2947 4345 2975 4396; x_wconf 87' lang='grc' dir='ltr'>ὁ</span> <span class='ocrx_word' id='word_1_706' title='bbox 3008 4344 3136 4408; x_wconf 79' lang='grc' dir='ltr'>ζῶν,</span> <span class='ocrx_word' id='word_1_707' title='bbox 3170 4345 3263 4398; x_wconf 75' lang='grc' dir='ltr'><strong>καὶ</strong></span> <span class='ocrx_word' id='word_1_708' title='bbox 3289 4345 3349 4409; x_wconf 82' lang='grc' dir='ltr'>ἐξ</span> <span class='ocrx_word' id='word_1_709' title='bbox 3381 4344 3613 4417; x_wconf 70' lang='grc' dir='ltr'>οὐρανοῦ</span> <span class='ocrx_word' id='word_1_710' title='bbox 3640 4363 3744 4398; x_wconf 82' lang='grc' dir='ltr'>κα-</span> 
     </span>
    </p>
   </div>
   <div class='ocr_carea' id='block_1_93' title="bbox 457 4421 2052 4508">
    <p class='ocr_par' dir='ltr' id='par_1_93' title="bbox 457 4421 2038 4492">
     <span class='ocr_line' id='line_1_93' title="bbox 457 4421 2038 4492; baseline 0.005 -21"><span class='ocrx_word' id='word_1_711' title='bbox 457 4421 549 4491; x_wconf 87' lang='lat' dir='ltr'><strong>qui</strong></span> <span class='ocrx_word' id='word_1_712' title='bbox 607 4422 877 4489; x_wconf 87' lang='lat' dir='ltr'><strong>nutritur;</strong></span> <span class='ocrx_word' id='word_1_713' title='bbox 943 4423 1014 4476; x_wconf 88' lang='lat' dir='ltr'><strong>ita</strong></span> <span class='ocrx_word' id='word_1_714' title='bbox 1073 4423 1235 4477; x_wconf 89' lang='lat' dir='ltr'><strong>etiam</strong></span> <span class='ocrx_word' id='word_1_715' title='bbox 1305 4437 1642 4491; x_wconf 83' lang='lat' dir='ltr'><strong>c0nsequetts</strong></span> <span class='ocrx_word' id='word_1_716' title='bbox 1715 4435 1834 4492; x_wconf 88' lang='lat' dir='ltr'><strong>est,</strong></span> <span class='ocrx_word' id='word_1_717' title='bbox 1916 4442 2038 4480; x_wconf 88' lang='lat' dir='ltr'><strong>cum</strong></span> 
     </span>
    </p>
   </div>
   <div class='ocr_carea' id='block_1_94' title="bbox 2164 4421 3743 4508">
    <p class='ocr_par' dir='ltr' id='par_1_94' title="bbox 2164 4432 3743 4508">
     <span class='ocr_line' id='line_1_94' title="bbox 2164 4432 3743 4508; baseline 0.004 -24"><span class='ocrx_word' id='word_1_718' title='bbox 2164 4432 2469 4505; x_wconf 72' lang='grc' dir='ltr'>εαὸεϐηκὼς</span> <span class='ocrx_word' id='word_1_719' title='bbox 2502 4434 2664 4506; x_wconf 82' lang='grc' dir='ltr'>ἄρτος</span> <span class='ocrx_word' id='word_1_720' title='bbox 2695 4435 3072 4507; x_wconf 89' lang='grc' dir='ltr'>άναδιδόμενος</span> <span class='ocrx_word' id='word_1_721' title='bbox 3102 4437 3183 4500; x_wconf 88' lang='grc' dir='ltr'>εἰς</span> <span class='ocrx_word' id='word_1_722' title='bbox 3216 4435 3310 4489; x_wconf 82' lang='grc' dir='ltr'><strong>τὸν</strong></span> <span class='ocrx_word' id='word_1_723' title='bbox 3341 4437 3468 4490; x_wconf 86' lang='grc' dir='ltr'>νοῦν</span> <span class='ocrx_word' id='word_1_724' title='bbox 3511 4438 3603 4490; x_wconf 77' lang='grc' dir='ltr'>καὶ</span> <span class='ocrx_word' id='word_1_725' title='bbox 3642 4437 3743 4508; x_wconf 84' lang='grc' dir='ltr'>τὴν</span> 
     </span>
    </p>
   </div>
   <div class='ocr_carea' id='block_1_95' title="bbox 460 4513 2046 4586">
    <p class='ocr_par' dir='ltr' id='par_1_95' title="bbox 460 4513 2046 4586">
     <span class='ocr_line' id='line_1_95' title="bbox 460 4513 2046 4586; baseline 0.007 -22"><span class='ocrx_word' id='word_1_726' title='bbox 460 4513 681 4568; x_wconf 84' lang='lat' dir='ltr'><strong>verbum</strong></span> <span class='ocrx_word' id='word_1_727' title='bbox 715 4514 810 4568; x_wconf 82' lang='lat' dir='ltr'><strong>Dei</strong></span> <span class='ocrx_word' id='word_1_728' title='bbox 849 4515 996 4570; x_wconf 86' lang='lat' dir='ltr'><strong>velut</strong></span> <span class='ocrx_word' id='word_1_729' title='bbox 1024 4517 1108 4570; x_wconf 85' lang='lat' dir='ltr'><strong>lac</strong></span> <span class='ocrx_word' id='word_1_730' title='bbox 1134 4516 1317 4583; x_wconf 89' lang='lat' dir='ltr'><strong>pueris</strong></span> <span class='ocrx_word' id='word_1_731' title='bbox 1341 4518 1670 4586; x_wconf 66' lang='lat' dir='ltr'><strong>praebeatur,</strong></span> <span class='ocrx_word' id='word_1_732' title='bbox 1724 4519 1809 4572; x_wconf 88' lang='lat' dir='ltr'><strong>vel</strong></span> <span class='ocrx_word' id='word_1_733' title='bbox 1842 4529 1899 4573; x_wconf 92' lang='lat' dir='ltr'><strong>ut</strong></span> <span class='ocrx_word' id='word_1_734' title='bbox 1925 4521 2046 4577; x_wconf 89' lang='lat' dir='ltr'><strong>olus</strong></span> 
     </span>
    </p>
   </div>
   <div class='ocr_carea' id='block_1_96' title="bbox 458 4605 2044 4678">
    <p class='ocr_par' dir='ltr' id='par_1_96' title="bbox 458 4605 2044 4678">
     <span class='ocr_line' id='line_1_96' title="bbox 458 4605 2044 4678; baseline 0.006 -23"><span class='ocrx_word' id='word_1_735' title='bbox 458 4605 690 4661; x_wconf 90' lang='lat' dir='ltr'><strong>inlirmis</strong></span> <span class='ocrx_word' id='word_1_736' title='bbox 746 4616 980 4677; x_wconf 85' lang='lat' dir='ltr'><strong>aptum,</strong></span> <span class='ocrx_word' id='word_1_737' title='bbox 1043 4608 1123 4661; x_wconf 89' lang='lat' dir='ltr'><strong>vel</strong></span> <span class='ocrx_word' id='word_1_738' title='bbox 1193 4618 1252 4662; x_wconf 88' lang='lat' dir='ltr'><strong>ut</strong></span> <span class='ocrx_word' id='word_1_739' title='bbox 1297 4623 1426 4663; x_wconf 89' lang='lat' dir='ltr'><strong>caro</strong></span> <span class='ocrx_word' id='word_1_740' title='bbox 1481 4609 1820 4664; x_wconf 86' lang='lat' dir='ltr'><strong>certantibus</strong></span> <span class='ocrx_word' id='word_1_741' title='bbox 1874 4613 2044 4678; x_wconf 73' lang='lat' dir='ltr'><strong>trilis,</strong></span> 
     </span>
    </p>
   </div>
   <div class='ocr_carea' id='block_1_97' title="bbox 457 4701 2046 4771">
    <p class='ocr_par' dir='ltr' id='par_1_97' title="bbox 457 4701 2046 4771">
     <span class='ocr_line' id='line_1_97' title="bbox 457 4701 2046 4771; baseline 0.006 -26"><span class='ocrx_word' id='word_1_742' title='bbox 457 4711 900 4768; x_wconf 82' lang='lat' dir='ltr'><strong>unumquemque</strong></span> <span class='ocrx_word' id='word_1_743' title='bbox 951 4713 1138 4753; x_wconf 88' lang='lat' dir='ltr'><strong>eormn</strong></span> <span class='ocrx_word' id='word_1_744' title='bbox 1181 4701 1273 4765; x_wconf 89' lang='lat' dir='ltr'><strong>qui</strong></span> <span class='ocrx_word' id='word_1_745' title='bbox 1328 4703 1646 4756; x_wconf 87' lang='lat' dir='ltr'><strong>nutriuntur</strong></span> <span class='ocrx_word' id='word_1_746' title='bbox 1701 4702 2046 4771; x_wconf 81' lang='lat' dir='ltr'><strong>proportione</strong></span> 
     </span>
    </p>
   </div>
   <div class='ocr_carea' id='block_1_98' title="bbox 460 4787 2045 4858">
    <p class='ocr_par' dir='ltr' id='par_1_98' title="bbox 460 4787 2045 4858">
     <span class='ocr_line' id='line_1_98' title="bbox 460 4787 2045 4858; baseline 0.005 -20"><span class='ocrx_word' id='word_1_747' title='bbox 460 4787 692 4855; x_wconf 90' lang='lat' dir='ltr'><strong>quadam</strong></span> <span class='ocrx_word' id='word_1_748' title='bbox 725 4804 822 4856; x_wconf 90' lang='lat' dir='ltr'><strong>pro</strong></span> <span class='ocrx_word' id='word_1_749' title='bbox 853 4800 911 4843; x_wconf 92' lang='lat' dir='ltr'><strong>ut</strong></span> <span class='ocrx_word' id='word_1_750' title='bbox 936 4807 994 4845; x_wconf 89' lang='lat' dir='ltr'><strong>se</strong></span> <span class='ocrx_word' id='word_1_751' title='bbox 1029 4792 1194 4847; x_wconf 90' lang='lat' dir='ltr'><strong>verbo</strong></span> <span class='ocrx_word' id='word_1_752' title='bbox 1226 4793 1494 4858; x_wconf 83' lang='lat' dir='ltr'><strong>exhibuit,</strong></span> <span class='ocrx_word' id='word_1_753' title='bbox 1528 4795 1627 4848; x_wconf 88' lang='lat' dir='ltr'><strong>hoc</strong></span> <span class='ocrx_word' id='word_1_754' title='bbox 1651 4793 1731 4846; x_wconf 89' lang='lat' dir='ltr'><strong>vel</strong></span> <span class='ocrx_word' id='word_1_755' title='bbox 1769 4792 1897 4846; x_wconf 92' lang='lat' dir='ltr'><strong>illud</strong></span> <span class='ocrx_word' id='word_1_756' title='bbox 1929 4795 2045 4846; x_wconf 79' lang='lat' dir='ltr'><strong>elli-</strong></span> 
     </span>
    </p>
   </div>
   <div class='ocr_carea' id='block_1_99' title="bbox 459 4881 2036 4952">
    <p class='ocr_par' dir='ltr' id='par_1_99' title="bbox 459 4881 2036 4952">
     <span class='ocr_line' id='line_1_99' title="bbox 459 4881 2036 4952; baseline 0.005 -21"><span class='ocrx_word' id='word_1_757' title='bbox 459 4895 608 4944; x_wconf 88' lang='lat' dir='ltr'><strong>cere,</strong></span> <span class='ocrx_word' id='word_1_758' title='bbox 643 4881 912 4950; x_wconf 88' lang='lat' dir='ltr'><strong>talemque</strong></span> <span class='ocrx_word' id='word_1_759' title='bbox 940 4885 1018 4939; x_wconf 90' lang='lat' dir='ltr'><strong>vel</strong></span> <span class='ocrx_word' id='word_1_760' title='bbox 1056 4886 1216 4940; x_wconf 89' lang='lat' dir='ltr'><strong>talem</strong></span> <span class='ocrx_word' id='word_1_761' title='bbox 1255 4887 1394 4940; x_wconf 86' lang='lat' dir='ltr'><strong>ﬁeri.</strong></span> <span class='ocrx_word' id='word_1_762' title='bbox 1429 4887 1600 4941; x_wconf 88' lang='lat' dir='ltr'><strong>Porro</strong></span> <span class='ocrx_word' id='word_1_763' title='bbox 1652 4885 1909 4940; x_wconf 86' lang='lat' dir='ltr'><strong>alimenta</strong></span> <span class='ocrx_word' id='word_1_764' title='bbox 1939 4903 2036 4952; x_wconf 85' lang='lat' dir='ltr'><strong>pu-</strong></span> 
     </span>
    </p>
   </div>
   <div class='ocr_carea' id='block_1_100' title="bbox 458 4977 2036 5049">
    <p class='ocr_par' dir='ltr' id='par_1_100' title="bbox 458 4977 2036 5049">
     <span class='ocr_line' id='line_1_100' title="bbox 458 4977 2036 5049; baseline 0.005 -25"><span class='ocrx_word' id='word_1_765' title='bbox 458 4978 645 5024; x_wconf 91' lang='lat' dir='ltr'><strong>tantur</strong></span> <span class='ocrx_word' id='word_1_766' title='bbox 695 4989 815 5027; x_wconf 84' lang='lat' dir='ltr'><strong>esse</strong></span> <span class='ocrx_word' id='word_1_767' title='bbox 870 4977 1118 5043; x_wconf 70' lang='lat' dir='ltr'><strong>quaedam</strong></span> <span class='ocrx_word' id='word_1_768' title='bbox 1187 4979 1488 5043; x_wconf 79' lang='lat' dir='ltr'><strong>mortifera,</strong></span> <span class='ocrx_word' id='word_1_769' title='bbox 1522 4980 1766 5049; x_wconf 66' lang='lat' dir='ltr'><strong>quaedam</strong></span> <span class='ocrx_word' id='word_1_770' title='bbox 1817 4984 2036 5033; x_wconf 87' lang='lat' dir='ltr'><strong>morbos</strong></span> 
     </span>
    </p>
   </div>
   <div class='ocr_carea' id='block_1_101' title="bbox 454 5067 2038 5141">
    <p class='ocr_par' dir='ltr' id='par_1_101' title="bbox 454 5067 2038 5141">
     <span class='ocr_line' id='line_1_101' title="bbox 454 5067 2038 5141; baseline 0.003 -23"><span class='ocrx_word' id='word_1_771' title='bbox 454 5073 746 5132; x_wconf 74' lang='lat' dir='ltr'><strong>generant,</strong></span> <span class='ocrx_word' id='word_1_772' title='bbox 799 5067 1043 5135; x_wconf 66' lang='lat' dir='ltr'><strong>quaedam</strong></span> <span class='ocrx_word' id='word_1_773' title='bbox 1093 5085 1159 5123; x_wconf 87' lang='lat' dir='ltr'><strong>ne</strong></span> <span class='ocrx_word' id='word_1_774' title='bbox 1197 5070 1333 5124; x_wconf 84' lang='lat' dir='ltr'><strong>sumi</strong></span> <span class='ocrx_word' id='word_1_775' title='bbox 1383 5071 1598 5141; x_wconf 87' lang='lat' dir='ltr'><strong>quidem</strong></span> <span class='ocrx_word' id='word_1_776' title='bbox 1631 5077 1889 5140; x_wconf 79' lang='lat' dir='ltr'><strong>possunt:</strong></span> <span class='ocrx_word' id='word_1_777' title='bbox 1919 5085 2038 5138; x_wconf 72' lang='lat' dir='ltr'><strong>qua:</strong></span> 
     </span>
    </p>
   </div>
   <div class='ocr_carea' id='block_1_102' title="bbox 455 5319 2039 5390">
    <p class='ocr_par' dir='ltr' id='par_1_102' title="bbox 455 5319 2039 5390">
     <span class='ocr_line' id='line_1_102' title="bbox 455 5319 2039 5390; baseline 0 -16"><span class='ocrx_word' id='word_1_778' title='bbox 455 5321 603 5374; x_wconf 70' lang='lat' dir='ltr'><strong>aiens</strong></span> <span class='ocrx_word' id='word_1_779' title='bbox 632 5361 649 5387; x_wconf 91' lang='lat'><strong>,</strong></span> <span class='ocrx_word' id='word_1_780' title='bbox 704 5320 983 5386; x_wconf 74' lang='lat' dir='ltr'><strong>assiduus,</strong></span> <span class='ocrx_word' id='word_1_781' title='bbox 1037 5323 1380 5390; x_wconf 76' lang='lat' dir='ltr'><strong>quotidianus</strong></span> <span class='ocrx_word' id='word_1_782' title='bbox 1407 5363 1422 5388; x_wconf 89' lang='lat'><strong>,</strong></span> <span class='ocrx_word' id='word_1_783' title='bbox 1467 5333 1525 5377; x_wconf 93' lang='lat' dir='ltr'><strong>ut</strong></span> <span class='ocrx_word' id='word_1_784' title='bbox 1569 5326 1703 5378; x_wconf 88' lang='lat' dir='ltr'><strong>bene</strong></span> <span class='ocrx_word' id='word_1_785' title='bbox 1739 5330 1796 5375; x_wconf 87' lang='lat' dir='ltr'><strong>et</strong></span> <span class='ocrx_word' id='word_1_786' title='bbox 1847 5319 2039 5374; x_wconf 85' lang='lat' dir='ltr'><strong>Latine</strong></span> 
     </span>
    </p>
   </div>
   <div class='ocr_carea' id='block_1_103' title="bbox 457 5391 1232 5460">
    <p class='ocr_par' dir='ltr' id='par_1_103' title="bbox 457 5391 1232 5460">
     <span class='ocr_line' id='line_1_103' title="bbox 457 5391 1232 5460; baseline 0.004 -18"><span class='ocrx_word' id='word_1_787' title='bbox 457 5392 625 5446; x_wconf 90' lang='lat' dir='ltr'><strong>vertit</strong></span> <span class='ocrx_word' id='word_1_788' title='bbox 654 5391 906 5460; x_wconf 85' lang='lat' dir='ltr'><strong>vulgatus</strong></span> <span class='ocrx_word' id='word_1_789' title='bbox 939 5391 1232 5460; x_wconf 84' lang='lat' dir='ltr'><strong>interpres.</strong></span> 
     </span>
    </p>
   </div>
   <div class='ocr_carea' id='block_1_104' title="bbox 526 5460 2036 5533">
    <p class='ocr_par' dir='ltr' id='par_1_104' title="bbox 526 5460 2036 5533">
     <span class='ocr_line' id='line_1_104' title="bbox 526 5460 2036 5533; baseline 0.002 -22"><span class='ocrx_word' id='word_1_790' title='bbox 526 5460 641 5530; x_wconf 86' lang='lat' dir='ltr'><strong>(l9)</strong></span> <span class='ocrx_word' id='word_1_791' title='bbox 685 5462 865 5533; x_wconf 79' lang='lat' dir='ltr'><strong>Codex</strong></span> <span class='ocrx_word' id='word_1_792' title='bbox 917 5477 1020 5533; x_wconf 74' lang='lat' dir='ltr'><strong>ms.</strong></span> <span class='ocrx_word' id='word_1_793' title='bbox 1048 5502 1069 5533; x_wconf 21' lang='grc' dir='ltr'>,Α</span> <span class='ocrx_word' id='word_1_794' title='bbox 1113 5462 1567 5533; x_wconf 81' lang='grc' dir='ltr'>προηγουμένην,</span> <span class='ocrx_word' id='word_1_795' title='bbox 1622 5461 1753 5516; x_wconf 89' lang='lat' dir='ltr'><strong>edit.</strong></span> <span class='ocrx_word' id='word_1_796' title='bbox 1812 5460 1988 5533; x_wconf 78' lang='lat' dir='ltr'><strong>Oxon.</strong></span> <span class='ocrx_word' id='word_1_797' title='bbox 2021 5499 2036 5522; x_wconf 91' lang='lat'><strong>,</strong></span> 
     </span>
    </p>
   </div>
   <div class='ocr_carea' id='block_1_105' title="bbox 459 5529 2036 5621">
    <p class='ocr_par' dir='ltr' id='par_1_105' title="bbox 459 5529 2036 5621">
     <span class='ocr_line' id='line_1_105' title="bbox 459 5529 2036 5621; baseline 0.001 -40"><span class='ocrx_word' id='word_1_798' title='bbox 459 5529 1110 5621; x_wconf 47' lang='lat' dir='ltr'><strong>ﬂpOﬂYﬁUpéyth..Pa&#39;ltl0</strong></span> <span class='ocrx_word' id='word_1_799' title='bbox 1156 5529 1284 5621; x_wconf 40' lang='lat' dir='ltr'><strong>&quot;post</strong></span> <span class='ocrx_word' id='word_1_800' title='bbox 1333 5529 1724 5621; x_wconf 56' lang='grc' dir='ltr'>μὶυφόισκουσι</span> <span class='ocrx_word' id='word_1_801' title='bbox 1749 5569 1767 5594; x_wconf 89' lang='grc'><strong>,</strong></span> <span class='ocrx_word' id='word_1_802' title='bbox 1823 5529 2036 5600; x_wconf 87' lang='grc' dir='ltr'>νενόμι-</span> 
     </span>
    </p>
   </div>
   <div class='ocr_carea' id='block_1_106' title="bbox 461 5601 2033 5746">
    <p class='ocr_par' dir='ltr' id='par_1_106' title="bbox 461 5601 2033 5746">
     <span class='ocr_line' id='line_1_106' title="bbox 461 5601 1769 5672; baseline -0.001 -18"><span class='ocrx_word' id='word_1_803' title='bbox 461 5616 603 5661; x_wconf 85' lang='grc' dir='ltr'>σται,</span> <span class='ocrx_word' id='word_1_804' title='bbox 639 5601 1066 5672; x_wconf 76' lang='lat' dir='ltr'><strong>Bentleiuslegit,</strong></span> <span class='ocrx_word' id='word_1_805' title='bbox 1102 5605 1400 5672; x_wconf 85' lang='grc' dir='ltr'>φάσκουσιν</span> <span class='ocrx_word' id='word_1_806' title='bbox 1433 5603 1769 5672; x_wconf 80' lang='grc' dir='ltr'>ὠνόμασται.</span> 
     </span>
     <span class='ocr_line' id='line_1_107' title="bbox 503 5669 2033 5746; baseline 0.003 -24"><span class='ocrx_word' id='word_1_807' title='bbox 503 5669 643 5746; x_wconf 73' lang='grc' dir='ltr'><strong>Δ(20)</strong></span> <span class='ocrx_word' id='word_1_808' title='bbox 670 5671 1023 5746; x_wconf 37' lang='lat' dir='ltr'><strong>deegthms”</strong></span> <span class='ocrx_word' id='word_1_809' title='bbox 1082 5675 1290 5744; x_wconf 83' lang='grc' dir='ltr'>γίνεται</span> <span class='ocrx_word' id='word_1_810' title='bbox 1336 5676 1368 5746; x_wconf 78' lang='grc' dir='ltr'>ἡ</span> <span class='ocrx_word' id='word_1_811' title='bbox 1421 5672 1576 5744; x_wconf 73' lang='grc' dir='ltr'>αὔξη.</span> <span class='ocrx_word' id='word_1_812' title='bbox 1627 5673 1772 5728; x_wconf 77' lang='lat' dir='ltr'><strong>Edit.</strong></span> <span class='ocrx_word' id='word_1_813' title='bbox 1812 5669 1986 5728; x_wconf 77' lang='lat' dir='ltr'><strong>Oxon.</strong></span> <span class='ocrx_word' id='word_1_814' title='bbox 2017 5710 2033 5737; x_wconf 86' lang='lat'><strong>,</strong></span> 
     </span>
    </p>
   </div>
   <div class='ocr_carea' id='block_1_107' title="bbox 463 5739 1237 5814">
    <p class='ocr_par' dir='ltr' id='par_1_107' title="bbox 463 5739 1237 5814">
     <span class='ocr_line' id='line_1_108' title="bbox 463 5739 1237 5814; baseline 0.008 -22"><span class='ocrx_word' id='word_1_815' title='bbox 463 5739 674 5813; x_wconf 70' lang='grc' dir='ltr'>γίνηται</span> <span class='ocrx_word' id='word_1_816' title='bbox 707 5743 738 5812; x_wconf 79' lang='grc' dir='ltr'>ἡ</span> <span class='ocrx_word' id='word_1_817' title='bbox 776 5739 1019 5814; x_wconf 73' lang='grc' dir='ltr'>αὔξησις.</span> <span class='ocrx_word' id='word_1_818' title='bbox 1095 5739 1105 5744; x_wconf 64' lang='grc'>⁷</span> <span class='ocrx_word' id='word_1_819' title='bbox 1235 5761 1237 5763; x_wconf 75' lang='lat'>‘</span> 
     </span>
    </p>
   </div>
   <div class='ocr_carea' id='block_1_108' title="bbox 2152 4516 3743 4599">
    <p class='ocr_par' dir='ltr' id='par_1_108' title="bbox 2152 4516 3743 4599">
     <span class='ocr_line' id='line_1_109' title="bbox 2152 4516 3743 4599; baseline 0.004 -23"><span class='ocrx_word' id='word_1_820' title='bbox 2152 4522 2347 4596; x_wconf 77' lang='grc' dir='ltr'>ψυχὴν,</span> <span class='ocrx_word' id='word_1_821' title='bbox 2395 4524 2607 4596; x_wconf 86' lang='grc' dir='ltr'>μεταδῴ</span> <span class='ocrx_word' id='word_1_822' title='bbox 2643 4516 2756 4596; x_wconf 64' lang='grc' dir='ltr'>’τῆς</span> <span class='ocrx_word' id='word_1_823' title='bbox 2803 4527 2938 4590; x_wconf 87' lang='grc' dir='ltr'>ἰδίας</span> <span class='ocrx_word' id='word_1_824' title='bbox 2981 4527 3264 4598; x_wconf 88' lang='grc' dir='ltr'>δυνάμεως</span> <span class='ocrx_word' id='word_1_825' title='bbox 3296 4529 3743 4599; x_wconf 78' lang='grc' dir='ltr'>ἐμπαρεσχηκὸτι</span> 
     </span>
    </p>
   </div>
   <div class='ocr_carea' id='block_1_109' title="bbox 2154 4614 3742 4693">
    <p class='ocr_par' dir='ltr' id='par_1_109' title="bbox 2154 4614 3742 4693">
     <span class='ocr_line' id='line_1_110' title="bbox 2154 4614 3742 4693; baseline 0.005 -26"><span class='ocrx_word' id='word_1_826' title='bbox 2154 4614 2342 4668; x_wconf 73' lang='grc' dir='ltr'>ἑαυτὸν</span> <span class='ocrx_word' id='word_1_827' title='bbox 2372 4619 2436 4688; x_wconf 80' lang='grc' dir='ltr'>τῇ</span> <span class='ocrx_word' id='word_1_828' title='bbox 2466 4618 2560 4670; x_wconf 79' lang='grc' dir='ltr'><strong>ἀπ’</strong></span> <span class='ocrx_word' id='word_1_829' title='bbox 2593 4617 2757 4671; x_wconf 84' lang='grc' dir='ltr'>αὑτοῦ</span> <span class='ocrx_word' id='word_1_830' title='bbox 2785 4621 2980 4689; x_wconf 84' lang='grc' dir='ltr'>τροφῇ.</span> <span class='ocrx_word' id='word_1_831' title='bbox 3010 4619 3118 4672; x_wconf 75' lang='grc' dir='ltr'>Καὶ</span> <span class='ocrx_word' id='word_1_832' title='bbox 3150 4618 3322 4682; x_wconf 79' lang='grc' dir='ltr'>οὕτως</span> <span class='ocrx_word' id='word_1_833' title='bbox 3356 4619 3508 4674; x_wconf 81' lang='grc' dir='ltr'>ἐσται</span> <span class='ocrx_word' id='word_1_834' title='bbox 3537 4621 3644 4693; x_wconf 62' lang='grc'>(9.4)</span> <span class='ocrx_word' id='word_1_835' title='bbox 3682 4622 3742 4676; x_wconf 77' lang='grc' dir='ltr'>ὃν</span> 
     </span>
    </p>
   </div>
   <div class='ocr_carea' id='block_1_110' title="bbox 2154 4708 3782 4783">
    <p class='ocr_par' dir='ltr' id='par_1_110' title="bbox 2154 4708 3782 4783">
     <span class='ocr_line' id='line_1_111' title="bbox 2154 4708 3782 4783; baseline 0.003 -23"><span class='ocrx_word' id='word_1_836' title='bbox 2154 4708 2410 4780; x_wconf 81' lang='grc' dir='ltr'>αἰτοῦμεν</span> <span class='ocrx_word' id='word_1_837' title='bbox 2441 4709 2603 4780; x_wconf 86' lang='grc' dir='ltr'>ἄρτον</span> <span class='ocrx_word' id='word_1_838' title='bbox 2633 4709 2924 4762; x_wconf 81' lang='grc' dir='ltr'>ἐπιούσιον.</span> <span class='ocrx_word' id='word_1_839' title='bbox 2961 4711 3070 4764; x_wconf 78' lang='grc' dir='ltr'>Καὶ</span> <span class='ocrx_word' id='word_1_840' title='bbox 3095 4709 3253 4763; x_wconf 82' lang='grc' dir='ltr'>πάλιν</span> <span class='ocrx_word' id='word_1_841' title='bbox 3285 4711 3344 4764; x_wconf 86' lang='grc' dir='ltr'>ὃν</span> <span class='ocrx_word' id='word_1_842' title='bbox 3369 4712 3570 4783; x_wconf 85' lang='grc' dir='ltr'>τρόπον</span> <span class='ocrx_word' id='word_1_843' title='bbox 3598 4713 3740 4765; x_wconf 76' lang='grc' dir='ltr'>κατὰ</span> <span class='ocrx_word' id='word_1_844' title='bbox 3777 4767 3782 4778; x_wconf 40' lang='grc' dir='ltr'><strong>τ</strong></span> 
     </span>
    </p>
   </div>
   <div class='ocr_carea' id='block_1_111' title="bbox 2152 4797 3790 4875">
    <p class='ocr_par' dir='ltr' id='par_1_111' title="bbox 2152 4797 3790 4875">
     <span class='ocr_line' id='line_1_112' title="bbox 2152 4797 3790 4875; baseline 0.004 -22"><span class='ocrx_word' id='word_1_845' title='bbox 2152 4797 2250 4871; x_wconf 79' lang='grc' dir='ltr'>τὴν</span> <span class='ocrx_word' id='word_1_846' title='bbox 2271 4801 2526 4872; x_wconf 90' lang='grc' dir='ltr'>ποιότητα</span> <span class='ocrx_word' id='word_1_847' title='bbox 2549 4800 2648 4871; x_wconf 88' lang='grc' dir='ltr'><strong>τῆς</strong></span> <span class='ocrx_word' id='word_1_848' title='bbox 2671 4801 2892 4872; x_wconf 80' lang='grc' dir='ltr'>τροφῆς,</span> <span class='ocrx_word' id='word_1_849' title='bbox 2922 4803 3145 4872; x_wconf 77' lang='grc' dir='ltr'>στερεᾶς</span> <span class='ocrx_word' id='word_1_850' title='bbox 3174 4801 3340 4874; x_wconf 77' lang='grc' dir='ltr'>οὔσης</span> <span class='ocrx_word' id='word_1_851' title='bbox 3363 4806 3459 4858; x_wconf 79' lang='grc' dir='ltr'><strong>καὶ</strong></span> <span class='ocrx_word' id='word_1_852' title='bbox 3479 4804 3737 4875; x_wconf 69' lang='grc' dir='ltr'>ἀθληταῖς</span> <span class='ocrx_word' id='word_1_853' title='bbox 3757 4803 3790 4860; x_wconf 68' lang='grc' dir='ltr'><strong>-ἓ</strong></span> 
     </span>
    </p>
   </div>
   <div class='ocr_carea' id='block_1_112' title="bbox 2144 4891 3735 4968">
    <p class='ocr_par' dir='ltr' id='par_1_112' title="bbox 2144 4891 3735 4968">
     <span class='ocr_line' id='line_1_113' title="bbox 2144 4891 3735 4968; baseline 0.003 -23"><span class='ocrx_word' id='word_1_854' title='bbox 2144 4891 2509 4966; x_wconf 80' lang='grc' dir='ltr'>ἁρμοζούσης,</span> <span class='ocrx_word' id='word_1_855' title='bbox 2531 4895 2563 4965; x_wconf 82' lang='grc' dir='ltr'><strong>ἦ</strong></span> <span class='ocrx_word' id='word_1_856' title='bbox 2586 4893 2966 4962; x_wconf 87' lang='grc' dir='ltr'>γαλακτώδους</span> <span class='ocrx_word' id='word_1_857' title='bbox 2989 4895 3131 4959; x_wconf 83' lang='grc' dir='ltr'>τινὸς</span> <span class='ocrx_word' id='word_1_858' title='bbox 3163 4897 3255 4950; x_wconf 74' lang='grc' dir='ltr'>καὶ</span> <span class='ocrx_word' id='word_1_859' title='bbox 3279 4896 3636 4968; x_wconf 83' lang='grc' dir='ltr'>λαχανώδους,</span> <span class='ocrx_word' id='word_1_860' title='bbox 3676 4899 3735 4950; x_wconf 83' lang='grc' dir='ltr'><strong>ἐν</strong></span> 
     </span>
    </p>
   </div>
   <div class='ocr_carea' id='block_1_113' title="bbox 2145 4981 3736 5058">
    <p class='ocr_par' dir='ltr' id='par_1_113' title="bbox 2145 4981 3736 5058">
     <span class='ocr_line' id='line_1_114' title="bbox 2145 4981 3736 5058; baseline 0.004 -24"><span class='ocrx_word' id='word_1_861' title='bbox 2145 4981 2384 5055; x_wconf 78' lang='grc' dir='ltr'>διαφόρῳ</span> <span class='ocrx_word' id='word_1_862' title='bbox 2421 4985 2645 5055; x_wconf 89' lang='grc' dir='ltr'>δυνάμει</span> <span class='ocrx_word' id='word_1_863' title='bbox 2674 4989 2702 5038; x_wconf 83' lang='grc' dir='ltr'>ὁ</span> <span class='ocrx_word' id='word_1_864' title='bbox 2730 4987 3058 5058; x_wconf 81' lang='grc' dir='ltr'>τρεφόμενος</span> <span class='ocrx_word' id='word_1_865' title='bbox 3093 4987 3299 5056; x_wconf 83' lang='grc' dir='ltr'>γίνεται</span> <span class='ocrx_word' id='word_1_866' title='bbox 3327 5005 3339 5018; x_wconf 87' lang='grc'><em>’</em></span> <span class='ocrx_word' id='word_1_867' title='bbox 3387 4988 3560 5052; x_wconf 75' lang='grc' dir='ltr'>οὕτως</span> <span class='ocrx_word' id='word_1_868' title='bbox 3605 4989 3736 5042; x_wconf 72' lang='grc' dir='ltr'>ἀκό-</span> 
     </span>
    </p>
   </div>
   <div class='ocr_carea' id='block_1_114' title="bbox 2145 5072 3735 5148">
    <p class='ocr_par' dir='ltr' id='par_1_114' title="bbox 2145 5072 3735 5148">
     <span class='ocr_line' id='line_1_115' title="bbox 2145 5072 3735 5148; baseline 0.007 -24"><span class='ocrx_word' id='word_1_869' title='bbox 2145 5072 2333 5128; x_wconf 77' lang='grc' dir='ltr'>λουθόν</span> <span class='ocrx_word' id='word_1_870' title='bbox 2358 5077 2471 5128; x_wconf 81' lang='grc' dir='ltr'>ἐστι</span> <span class='ocrx_word' id='word_1_871' title='bbox 2515 5076 2606 5130; x_wconf 83' lang='grc' dir='ltr'><strong>τοῦ</strong></span> <span class='ocrx_word' id='word_1_872' title='bbox 2647 5077 2804 5145; x_wconf 83' lang='grc' dir='ltr'>λόγου</span> <span class='ocrx_word' id='word_1_873' title='bbox 2852 5077 2946 5130; x_wconf 78' lang='grc' dir='ltr'><strong>τοῦ</strong></span> <span class='ocrx_word' id='word_1_874' title='bbox 2997 5079 3152 5143; x_wconf 85' lang='grc' dir='ltr'>Θεοῦ,</span> <span class='ocrx_word' id='word_1_875' title='bbox 3211 5080 3328 5148; x_wconf 70' lang='grc' dir='ltr'>ἦτοι</span> <span class='ocrx_word' id='word_1_876' title='bbox 3355 5080 3432 5142; x_wconf 83' lang='grc' dir='ltr'>ὡς</span> <span class='ocrx_word' id='word_1_877' title='bbox 3464 5080 3735 5148; x_wconf 77' lang='grc' dir='ltr'>γάλακτος</span> 
     </span>
    </p>
   </div>
   <div class='ocr_carea' id='block_1_115' title="bbox 2222 5311 3725 5402">
    <p class='ocr_par' dir='ltr' id='par_1_115' title="bbox 2222 5311 3725 5402">
     <span class='ocr_line' id='line_1_116' title="bbox 2222 5311 3725 5402; baseline 0.004 -30"><span class='ocrx_word' id='word_1_878' title='bbox 2222 5320 2344 5402; x_wconf 44' lang='lat' dir='ltr'><strong>(Et).</strong></span> <span class='ocrx_word' id='word_1_879' title='bbox 2385 5319 2799 5386; x_wconf 82' lang='grc' dir='ltr'>Διατακτικῶς.</span> <span class='ocrx_word' id='word_1_880' title='bbox 2835 5319 3069 5389; x_wconf 80' lang='lat' dir='ltr'><strong>Legebat</strong></span> <span class='ocrx_word' id='word_1_881' title='bbox 3101 5319 3351 5373; x_wconf 89' lang='lat' dir='ltr'><strong>dominus</strong></span> <span class='ocrx_word' id='word_1_882' title='bbox 3376 5311 3593 5390; x_wconf 76' lang='lat' dir='ltr'><strong>Fleury,</strong></span> <span class='ocrx_word' id='word_1_883' title='bbox 3613 5321 3725 5378; x_wconf 84' lang='grc' dir='ltr'>δια-</span> 
     </span>
    </p>
   </div>
   <div class='ocr_carea' id='block_1_116' title="bbox 2145 5407 2404 5453">
    <p class='ocr_par' dir='ltr' id='par_1_116' title="bbox 2145 5407 2404 5453">
     <span class='ocr_line' id='line_1_117' title="bbox 2145 5407 2404 5453; baseline -0.008 -10"><span class='ocrx_word' id='word_1_884' title='bbox 2145 5407 2404 5453; x_wconf 80' lang='grc' dir='ltr'>τατικως.</span> 
     </span>
    </p>
   </div>
   <div class='ocr_carea' id='block_1_117' title="bbox 2217 5457 3725 5530">
    <p class='ocr_par' dir='ltr' id='par_1_117' title="bbox 2217 5457 3725 5530">
     <span class='ocr_line' id='line_1_118' title="bbox 2217 5457 3725 5530; baseline 0.001 -18"><span class='ocrx_word' id='word_1_885' title='bbox 2217 5460 2329 5527; x_wconf 73' lang='lat'><strong>(‘22)</strong></span> <span class='ocrx_word' id='word_1_886' title='bbox 2376 5459 2575 5530; x_wconf 59' lang='grc' dir='ltr'>Αἴσιος</span> <span class='ocrx_word' id='word_1_887' title='bbox 2601 5459 2679 5512; x_wconf 80' lang='grc' dir='ltr'><strong>ἂν</strong></span> <span class='ocrx_word' id='word_1_888' title='bbox 2709 5457 3077 5530; x_wconf 75' lang='grc' dir='ltr'>οἰκονομιῶν.</span> <span class='ocrx_word' id='word_1_889' title='bbox 3120 5458 3264 5528; x_wconf 81' lang='lat' dir='ltr'><strong>Lego</strong></span> <span class='ocrx_word' id='word_1_890' title='bbox 3298 5475 3422 5514; x_wconf 90' lang='lat' dir='ltr'><strong>cum</strong></span> <span class='ocrx_word' id='word_1_891' title='bbox 3473 5461 3725 5529; x_wconf 86' lang='lat' dir='ltr'><strong>Bentleio,</strong></span> 
     </span>
    </p>
   </div>
   <div class='ocr_carea' id='block_1_118' title="bbox 2153 5527 2848 5602">
    <p class='ocr_par' dir='ltr' id='par_1_118' title="bbox 2153 5527 2848 5602">
     <span class='ocr_line' id='line_1_119' title="bbox 2153 5527 2848 5602; baseline -0.003 -18"><span class='ocrx_word' id='word_1_892' title='bbox 2153 5531 2326 5602; x_wconf 77' lang='grc' dir='ltr'>αἴτιος</span> <span class='ocrx_word' id='word_1_893' title='bbox 2508 5530 2848 5601; x_wconf 76' lang='grc' dir='ltr'>οἰκονομιῶν.</span> 
     </span>
    </p>
   </div>
   <div class='ocr_carea' id='block_1_119' title="bbox 2213 5597 3712 5672">
    <p class='ocr_par' dir='ltr' id='par_1_119' title="bbox 2213 5597 3712 5672">
     <span class='ocr_line' id='line_1_120' title="bbox 2213 5597 3712 5672; baseline -0.001 -19"><span class='ocrx_word' id='word_1_894' title='bbox 2213 5601 2324 5672; x_wconf 79' lang='lat'><strong>(‘25)</strong></span> <span class='ocrx_word' id='word_1_895' title='bbox 2357 5597 2669 5672; x_wconf 22' lang='lat' dir='ltr'><strong>Cod&#39;rxnms.</strong></span> <span class='ocrx_word' id='word_1_896' title='bbox 2687 5597 2992 5672; x_wconf 72' lang='grc' dir='ltr'>ἡνωμένην.</span> <span class='ocrx_word' id='word_1_897' title='bbox 3021 5597 3204 5672; x_wconf 59' lang='lat' dir='ltr'><strong>Editio</strong></span> <span class='ocrx_word' id='word_1_898' title='bbox 3227 5597 3429 5672; x_wconf 74' lang='lat' dir='ltr'><strong>0xon.,</strong></span> <span class='ocrx_word' id='word_1_899' title='bbox 3448 5597 3712 5672; x_wconf 73' lang='grc' dir='ltr'>ἡνωμένη.</span> 
     </span>
    </p>
   </div>
   <div class='ocr_carea' id='block_1_120' title="bbox 2213 5668 3712 5743">
    <p class='ocr_par' dir='ltr' id='par_1_120' title="bbox 2213 5668 3712 5743">
     <span class='ocr_line' id='line_1_121' title="bbox 2213 5668 3712 5743; baseline -0.001 -19"><span class='ocrx_word' id='word_1_900' title='bbox 2213 5668 2325 5743; x_wconf 70' lang='grc'>(24)</span> <span class='ocrx_word' id='word_1_901' title='bbox 2344 5670 2471 5743; x_wconf 1' lang='grc' dir='ltr'>,Καὶ</span> <span class='ocrx_word' id='word_1_902' title='bbox 2502 5668 2940 5743; x_wconf 33' lang='grc' dir='ltr'>οὕτωςλέσηιι,</span> <span class='ocrx_word' id='word_1_903' title='bbox 2958 5685 3062 5726; x_wconf 84' lang='lat' dir='ltr'><strong>etc.</strong></span> <span class='ocrx_word' id='word_1_904' title='bbox 3091 5669 3256 5743; x_wconf 77' lang='lat' dir='ltr'><strong>Forte</strong></span> <span class='ocrx_word' id='word_1_905' title='bbox 3291 5668 3596 5738; x_wconf 58' lang='lat' dir='ltr'><strong>legendum,</strong></span> <span class='ocrx_word' id='word_1_906' title='bbox 3623 5668 3712 5724; x_wconf 70' lang='lat' dir='ltr'><strong>mi</strong></span> 
     </span>
    </p>
   </div>
   <div class='ocr_carea' id='block_1_121' title="bbox 2140 5736 3400 5813">
    <p class='ocr_par' dir='ltr' id='par_1_121' title="bbox 2140 5736 3400 5813">
     <span class='ocr_line' id='line_1_122' title="bbox 2140 5736 3400 5813; baseline -0.004 -16"><span class='ocrx_word' id='word_1_907' title='bbox 2140 5736 2476 5807; x_wconf 54' lang='grc' dir='ltr'>οἶνέοξὲσται</span> <span class='ocrx_word' id='word_1_908' title='bbox 2514 5741 2571 5794; x_wconf 81' lang='grc' dir='ltr'>ὃν</span> <span class='ocrx_word' id='word_1_909' title='bbox 2605 5736 2882 5811; x_wconf 77' lang='grc' dir='ltr'>αἰτοῦμεν,</span> <span class='ocrx_word' id='word_1_910' title='bbox 2915 5742 3073 5813; x_wconf 87' lang='grc' dir='ltr'>ἄρτος</span> <span class='ocrx_word' id='word_1_911' title='bbox 3110 5736 3400 5804; x_wconf 81' lang='grc' dir='ltr'>ἐπιούσιος.</span> 
     </span>
    </p>
   </div>
  </div>
