3868 6530
138 396 223 452 513
1355 392 1692 450 LIBELLUS
1733 394 1818 449 DE
1853 393 2224 455 ORATIONE.

3261 405 3368 466 ειι

133 511 335 574 παιδίοις
363 510 708 584 ἁρμοζόντως
734 510 1033 582 διδομένου,
1083 509 1117 582 ἢ
1150 510 1225 576 ὡς
1257 511 1490 584 λαχάνου
1530 513 1685 567 ἀσθε-

1793 517 1968 570 omnia
2000 531 2097 583 per
2147 516 2451 588 analogiam
2479 518 2852 578 transferenda
2881 532 3006 579 sunt
3031 525 3096 578 ad
3125 525 3368 597 discipli-

132 604 283 657 νοῦσιν
313 603 627 671 ἐπιτηδείως
647 643 662 666 ,
692 603 724 674 ἢ
754 603 829 664 ὼς
867 603 1070 674 σαρκὸς
1099 603 1517 675 ἀγωνιζομένοις
1550 604 1686 675 (25),

270 693 488 746 ἕκαστον
515 693 624 746 τῶν
657 694 1003 766 τρεφομένων
1048 695 1188 748 κατὰ
1233 695 1330 766 τὴν
1372 696 1683 763 ἀναλογίαν,

133 779 168 853 ᾧ
194 786 522 856 ὲμπαρέσγεν
555 784 746 838 ἑαυτὸν
765 785 928 856 λόγῳ,
955 786 1073 839 τόδε
1100 805 1171 849 τι,
1199 787 1232 858 ἢ
1257 787 1372 839 τόδε
1405 787 1684 848 δύνασθαι,

130 877 205 931 καὶ
232 876 419 930 τοιόνδε
441 877 475 947 ἢ
507 875 708 929 τοιόνδε
758 875 1024 943 γίνεσθαι.
1079 877 1236 930 Ἐστι
1306 877 1488 948 μέντοι
1513 876 1574 942 γέ
1605 895 1687 942 τις

129 968 420 1039 νομιζομένη
455 967 652 1038 τροφὴ,
685 963 817 1021 οὖσα
849 967 1189 1040 δηλητήριος,
1217 969 1311 1021 καὶ
1339 968 1500 1040 ἑτέρα
1533 986 1684 1023 νοσο-

129 1059 270 1122 ποιὺς,
301 1060 391 1111 καὶ
421 1059 556 1128 ἄλλη
617 1058 751 1129 μηδὲ
810 1059 1134 1130 ἀναδοθῆναι
1175 1059 1444 1130 δυναμένη
1473 1072 1486 1087 '
1541 1059 1685 1131 ἅπερ

128 1150 277 1203 πάντα
310 1149 428 1202 κατ’
476 1150 768 1220 ἀναλογίαν
825 1151 1173 1221 μετενεκτέον
1203 1151 1320 1204 ἐστὶ
1349 1152 1442 1203 καὶ
1471 1151 1563 1204 ἐπὶ
1588 1153 1688 1216 τὰς

125 1241 352 1312 διαφορὰς
401 1242 510 1294 τῶν
559 1241 931 1313 νομιζομένων
984 1241 1265 1314 τροφίμων
1321 1241 1682 1314 μαθημάτων.

137 1331 410 1395 Ἐπιούσιος
446 1332 627 1386 τοίνυν
652 1333 835 1405 ἄρτος,
861 1335 890 1386 ὁ
919 1335 986 1404 τῇ
1021 1333 1179 1402 φύσει
1211 1336 1276 1404 τῇ
1306 1334 1496 1406 λογικῇ
1551 1352 1687 1387 κατ-

127 1423 450 1494 αλληλότατος
515 1424 649 1494 (26),
702 1425 796 1478 καὶ
849 1426 914 1496 τῇ
977 1424 1136 1497 οὐσίᾳ
1190 1426 1328 1496 αὐτῇ
1395 1425 1682 1496 συγγενὴς,

128 1515 288 1582 ὑγείαν
318 1515 433 1586 ἅμα
465 1517 558 1569 κα).
583 1515 792 1580 εὐεξίαν
818 1517 911 1569 καὶ
934 1518 1086 1586 ίσχύν
1114 1515 1411 1586 περιποιῶν
1431 1520 1496 1588 τῇ
1519 1517 1684 1588 ψυχῇ,

126 1609 204 1660 καὶ
229 1607 322 1678 τῆς
367 1608 503 1670 ἰδίας
538 1608 837 1672 ἀθανασίας
871 1608 1159 1678 (ἀθάνατος
1184 1608 1293 1680 γὰρ
1316 1609 1345 1660 ὁ
1372 1608 1542 1677 Λόγος
1592 1607 1687 1662 τοῦ

125 1699 258 1769 θεοῦ)
291 1699 601 1769 μεταδιδοὺς
633 1699 710 1770 τῷ
747 1699 977 1752 ἐσθίοντι
1005 1697 1194 1753 αὐτοῦ.
1225 1692 1392 1762 Οὗτος
1415 1698 1478 1770 δὴ
1505 1701 1533 1751 ὁ
1567 1701 1660 1752 ἐπι

123 1792 276 1853 ούσιος
303 1790 464 1860 ἄρτος
499 1789 643 1860 ἄλλῳ
700 1790 924 1860 ὀνόματι
980 1790 1128 1843 δοκεῖ
1175 1807 1264 1860 μοι
1311 1791 1369 1844 ὲν
1399 1792 1463 1861 τῇ
1492 1791 1681 1862 Γραφῇ

126 1884 256 1949 ξύλον
281 1881 424 1953 ζωῆς
465 1879 926 1952 ὠνομάσθαι,’ἐφ’
975 1883 1112 1954 ὅπερ
1158 1886 1191 1936 ὁ
1244 1884 1515 1950 ἐκτείνας
1572 1883 1684 1953 τὴν

124 1975 284 2044 χεῖρα.
304 1976 397 2027 καὶ
417 1974 622 2028 λαϐὼν
641 1975 742 2029 ἀπ’
763 1974 970 2035 αὐτοῦ,
994 1973 1230 2040 {ﬁderat
1253 1978 1341 2041 είς
1359 1975 1679 2033 τὸναίῶνα.

124 2070 215 2120 Καὶ
241 2067 396 2138 τρίτῳ
435 2065 659 2136 ὀνόματι
710 2066 868 2117 τοῦτο
911 2065 971 2118 τὸ
1003 2063 1179 2130 ξύλον,
1226 2065 1386 2132 σοφία
1417 2065 1511 2118 τοῦ
1547 2064 1682 2119 Θεοῦ

123 2156 414 2226 ὀνομάζεται
450 2153 600 2226 παρὰ
629 2153 708 2225 τῷ
736 2153 1040 2225 Σολομῶντι
1073 2154 1163 2209 διὰ
1210 2154 1436 2208 τούτων’
1487 2155 1686 2209 Ξὺλον

124 2247 249 2313 ζωῆς
274 2249 400 2301 ἐστι
430 2246 584 2301 πᾶσι
611 2246 734 2312 τοῖς
754 2245 1172 2316 ἀντεχομένοις
1202 2245 1408 2314 αὐτῆς,
1436 2248 1533 2301 καὶ
1562 2247 1684 2314 τοῖς

123 2338 565 2408 ἐπερειδομέιόις
614 2339 693 2404 ὡς
751 2338 850 2390 ἐπὶ
922 2339 1158 2406 Κύριον,
1201 2339 1487 2408 ἀσφαλής
1549 2338 1681 2409 (27).

131 2430 263 2483 Ἐπεὶ
284 2431 339 2483 δὲ
369 2432 463 2484 καὶ
487 2432 536 2482 οἱ
572 2428 789 2497 ἄγγελοι
823 2430 985 2500 σοφία
1024 2429 1318 2500 τρέφονται
1367 2429 1523 2492 Θεοῦ,
1577 2429 1685 2483 ἀπὺ

123 2520 203 2590 τῆς
234 2522 367 2574 κατὰ
397 2523 500 2593 τὴν
551 2521 808 2592 ἀλήθειαν
848 2524 986 2592 μετὰ
1033 2522 1223 2590 σοφίας
1265 2522 1493 2595 Θεωρίας
1530 2522 1686 2575 δυνα-

123 2614 351 2688 μούμενοι
384 2614 522 2684 πρὸς
547 2613 607 2665 τὸ
631 2612 699 2665 τὰ
735 2613 842 2666 ἴδια
879 2613 1015 2685 ἔργα
1050 2613 1336 2672 ἐπιτελεῖν,
1376 2611 1592 2681 λέγεται
1627 2613 1684 2665 ὲν

127 2706 364 2776 Ψαλμοῖς
396 2706 495 2760 καὶ
538 2707 664 2769 τοὺς
695 2705 953 2773 ἀγγέλους
997 2703 1310 2776 τρέφεσθαι,
1363 2703 1685 2756 κοινωνούν-

119 2819 208 2855 των
231 2801 332 2852 τῶν
365 2799 671 2871 ἀνθρώπων
699 2798 790 2851 τοῦ
815 2797 972 2862 Θεοῦ,
1005 2799 1199 2860 οἵτινες
1241 2795 1478 2866 Ἑϐραῖοι
1514 2814 1683 2867 προσ-

119 2891 467 2964 αγορεύονται,
495 2893 608 2953 τοῖς
636 2889 906 2958 ἀγγέλοις,
948 2889 1042 2940 καὶ
1073 2886 1233 2940 οἱονεὶ
1271 2889 1364 2940 καὶ
1397 2886 1686 2940 συνεστίων

120 2987 281 3049 αὐτοῖς
323 2984 644 3053 γινομένων.
700 2980 951 3034 Τοιοῦτον
978 2981 1036 3033 δέ
1063 2982 1178 3033 ἐστι
1227 2980 1314 3032 τό·
1349 2981 1563 3047 ’Λρτοιν
1585 2981 1689 3048 ἀγ-

118 3075 285 3142 γέλων
323 3076 550 3143 ἔξαγεν
601 3071 930 3139 ἄνθρωπος.
991 3068 1083 3139 Μὴ
1141 3067 1246 3138 γὰρ
1302 3066 1394 3118 ἐπὶ
1438 3064 1687 3119 τοσοῦτον

1792 622 1981 660 narum
2012 623 2133 676 qua:
2164 609 2311 664 alere
2351 625 2504 678 posse
2537 623 2819 681 putantur,
2849 617 3188 670 varietatem.
3225 617 3368 673 Sub-

1790 700 2060 754 stantialis
2095 715 2227 768 ergo
2268 701 2422 767 panis
2450 711 2554 766 est,
2587 704 2676 773 qui
2714 706 2966 760 rationali
3000 718 3211 763 naturae
3237 726 3370 763 con-

1791 789 2255 849 venientissimus,
2304 791 2576 862 ipsiusque
2611 796 2933 850 substantim
2985 797 3189 860 aﬂinis,
3220 799 3370 852 sani-

1789 887 1953 933 tatem
2007 880 2165 934 simul
2222 891 2278 935 et
2331 884 2526 936 bonam
2578 886 2946 942 habitudinem
3009 899 3064 942 et
3114 890 3258 944 vires
3313 889 3367 946 in

1789 970 1967 1022 anima
1992 970 2176 1035 ellicit,
2201 973 2773 1044 immortalitatemque
2792 993 2945 1032 suam
2974 983 3079 1049 (cst
3095 981 3237 1034 enim
3261 981 3366 1035 im-

1791 1062 2018 1116 mortale
2082 1063 2314 1118 Verbum
2351 1066 2467 1135 Dei)
2518 1070 2820 1123 comedenti
2867 1085 2928 1124 se
2975 1074 3368 1129 communicat.

1790 1149 1888 1205 llic
1926 1153 2304 1208 substantialis
2333 1158 2489 1226 panis
2513 1157 2619 1211 alio
2650 1160 2778 1213 mihi
2814 1163 3032 1216 nomine
3063 1163 3280 1219 videtur
3309 1165 3368 1220 in

1791 1241 2098 1313 Scripturis
2131 1257 2358 1302 vocatus
2406 1264 2527 1304 esse
2584 1249 2787 1319 lignum
2827 1252 2974 1319 vitaz,
3002 1255 3054 1308 in
3082 1258 3222 1322 quod
3274 1257 3367 1327 qui

1787 1337 1986 1390 miserit
2009 1354 2222 1392 manum
2245 1357 2396 1394 suam
2419 1351 2470 1395 et
2491 1345 2765 1410 sumpserit
2785 1344 2849 1398 de
2878 1362 2958 1410 eo,
2984 1347 3110 1401 vivet
3133 1348 3186 1402 in
3210 1359 3368 1404 mter-

1789 1426 1994 1479 num”.
2023 1426 2209 1482 Tertio
2236 1431 2425 1484 aetiatn
2464 1432 2679 1488 nomine
2729 1434 2930 1505 lignum
2966 1437 3064 1491 hoc
3095 1439 3366 1508 sapientia

1792 1515 1883 1570 Dei
1949 1517 2146 1572 dicitur
2197 1521 2336 1588 apud
2389 1521 2733 1579 Salomonem
2811 1527 2896 1581 his
2952 1527 3137 1583 verbis
3202 1548 3216 1584 :
3276 1529 3370 1583 Li-

1788 1623 1947 1674 guum
2001 1609 2123 1663 vine
2150 1621 2225 1663 est
2272 1613 2512 1666 omnibus
2563 1616 2652 1680 qui
2696 1617 3113 1685 complectuntur
3141 1635 3279 1683 eam,
3319 1629 3367 1674 et

1789 1701 1881 1766 qui
1909 1699 2216 1756 incumbunt
2258 1705 2311 1756 in
2363 1721 2476 1756 eum
2536 1715 2784 1774 tauquam
2835 1709 2890 1762 in
2932 1708 3234 1775 Dominum,
3280 1728 3366 1764 se-

1792 1805 1918 1841 cura
1936 1789 2003 1847 ⁸¹.
2034 1789 2152 1844 Jam
2178 1807 2306 1846 vero
2331 1808 2452 1846 cum
2489 1797 2666 1864 angeli
2691 1813 2905 1867 quoque
2937 1799 3116 1854 divina
3151 1800 3368 1856 alantur

1785 1881 2051 1949 sapientia
2085 1891 2138 1937 et
2171 1898 2200 1936 a
2241 1885 2703 1953 contemplatione
2739 1889 3020 1958 sapientiae
3051 1901 3106 1946 et
3139 1894 3368 1950 veritati

1785 1972 2073 2038 conjuncta
2101 1977 2245 2031 vires
2280 1976 2499 2044 capiant
2531 1979 2596 2031 ad
2634 1994 2798 2049 opera
2835 1996 2932 2035 sua
2976 1984 3191 2052 prepria
3239 2000 3366 2053 per-

1785 2064 2040 2130 ﬁcienda,
2073 2067 2404 2122 dicunturin
2429 2069 2654 2137 psalmis
2704 2073 2869 2125 etiam
2915 2073 3091 2143 angeli
3143 2076 3364 2143 nutriri,

1786 2155 2138 2227 hominesque
2193 2159 2284 2214 Dei
2339 2160 2428 2230 qui
2471 2160 2682 2216 llebrcei
2738 2175 3024 2228 vocantur,
3070 2168 3370 2221 communi-

1784 2261 1916 2302 care
1939 2249 2150 2317 angelis
2181 2259 2233 2304 et
2261 2253 2412 2320 quasi
2473 2253 2816 2309 convictores
2854 2256 2995 2308 lieri.
3050 2254 3183 2311 Tale
3236 2257 3367 2312 illud

1785 2351 1869 2396 est
1894 2357 1909 2395 :
1939 2338 2139 2395 Panem
2181 2346 2491 2415 angelorum
2526 2349 2862 2402 manducavit
2914 2352 3067 2404 homo
3085 2352 3154 2404 δ’.
3186 2350 3372 2422 Neque

1785 2434 1929 2486 enim
1959 2436 2095 2489 adeo
2147 2439 2344 2492 mentis
2380 2440 2564 2509 inopes
2609 2456 2732 2496 esse
2767 2442 3025 2497 debemus
3055 2453 3113 2497 ut
3141 2445 3372 2499 arbitre-

1788 2538 1910 2576 mur
1939 2539 2202 2593 corporeo
2230 2531 2468 2596 quodam
2505 2548 2664 2599 pane,
2697 2535 2784 2601 qui
2815 2535 3032 2589 cwlitus
3063 2536 3129 2589 ad
3160 2551 3254 2591 eos
3277 2533 3373 2606 qui

1785 2612 2020 2684 Egypto
2047 2618 2250 2686 egressi
2284 2631 2438 2673 erant
2471 2621 2636 2692 248
2661 2624 2925 2678 cecidisse
2957 2635 3232 2686 narratur.
3273 2639 3372 2677 an-

1786 2707 1937 2776 gelus
1970 2709 2045 2761 uli
2082 2725 2404 2780 semperque
2427 2728 2490 2766 eo
2523 2715 2743 2781 nutriri,
2795 2715 3148 2785 eiusdemque
3203 2715 3372 2772 simul

1786 2801 2084 2870 participes
2112 2802 2277 2858 fuisse
2301 2803 2554 2859 HCIJI'JTOS
2580 2823 2704 2862 cum
2729 2810 2934 2878 augt-lis
2963 2811 3373 2864 administrato‘

1791 2890 1884 2945 riis
1919 2891 2012 2946 Dei
2045 2894 2350 2962 spiritibus.
2388 2895 2523 2951 Cum
2585 2908 2766 2952 autem
2834 2915 3145 2968 quagramus
3175 2901 3268 2968 qui
3301 2898 3372 2955 sit

1787 2984 2161 3039 substantialis
2195 2988 2374 3055 panis,
2415 2997 2470 3041 et
2514 2988 2718 3056 lignum
2771 2991 2925 3053 vitae,
2982 2997 3037 3044 et
3093 2988 3374 3057 sapientiae

1793 3076 1908 3143 Dei,
1939 3087 1995 3132 et
2019 3093 2305 3133 commune
2343 3090 2656 3135 sanctorum
2698 3081 2976 3137 hominum
3023 3083 3371 3153 angelorum-

119 3165 404 3236 πτωχεύσαι
454 3167 483 3216 ὀ
537 3163 662 3226 νοῦς
720 3160 896 3232 ἡμῶν,
948 3161 1023 3223 ὡς
1074 3159 1324 3229 οἰηθῆναι
1374 3153 1685 3227 σωματικοῦ

1793 3185 1895 3238 que
1930 3170 2272 3235 alimentum,
2314 3187 2418 3226 non
2453 3174 2559 3226 erit
2607 3173 2844 3228 alienum
2874 3191 2902 3227 a
2939 3176 3219 3245 proposito
3242 3215 3258 3238 ,
3299 3174 3371 3228 ad

120 3272 242 3318 τινος
286 3255 454 3326 ἄρτου
507 3252 604 3306 τοῦ
655 3251 1035 3322 ίστορουμένου
1093 3247 1383 3320 οὐρανόθεν
1433 3248 1526 3300 ἐπὶ
1562 3249 1687 3310 τοὺς

119 3346 479 3417 ἐξεληλυθότας
503 3345 599 3416 τὴν
626 3345 896 3414 Αἴγυπτον
928 3341 1362 3420 καταϐεϐηκέναι
1383 3381 1396 3402 ,
1427 3342 1551 3404 τοὺς
1584 3342 1686 3408 ἀγ-

119 3440 283 3505 γέλους
319 3439 408 3492 ἀεὶ
445 3437 960 3509 μεταλαμϐάνοντας
985 3432 1297 3505 τρέφεσθαι,
1350 3433 1538 3486 τούτου
1593 3433 1691 3485 αὐ-

118 3531 195 3583 τοῦ
253 3529 724 3599 κεκοινωνηκότων
765 3527 873 3580 τῶν
931 3524 1199 3596 Ἐϐραίων
1257 3527 1367 3586 τοῖς
1414 3523 1686 3592 ἀγγέλοις,

117 3626 212 3686 τοῖς
248 3623 640 3694 λειτουργικοῐς
668 3621 761 3674 τοῦ
790 3619 922 3672 Θεοῦ
959 3618 1283 3688 πνεύμασιν.
1323 3617 1437 3670 Οὐκ
1462 3618 1690 3688 ἄκαιρον

119 3715 168 3768 δὲ
196 3714 445 3784 ζητοῦσιν
477 3716 608 3785 ἡμῖν
650 3713 740 3765 τὸν
779 3712 1052 3766 ἐπιούσιον
1086 3712 1282 3780 ἄρτον,
1315 3712 1408 3764 καὶ
1443 3711 1503 3763 τὸ
1537 3710 1690 3776 ξύλον

118 3808 200 3878 τῆς
224 3809 388 3878 ζωῆς,
419 3807 514 3859 καὶ
540 3806 639 3878 τὴν
701 3805 889 3873 σοςςίαν
921 3803 1014 3857 τοῦ
1049 3803 1216 3866 Θεοῦ,
1259 3803 1357 3874 τήν
1399 3819 1459 3854 τε
1503 3802 1689 3872 κοινὴν

117 3898 264 3968 ἁγίων
295 3898 602 3969 ἀνθρώπων
654 3897 747 3949 καὶ
809 3897 1053 3964 ἀγγέλων
1100 3895 1339 3966 τροφὴν,
1400 3894 1689 3964 ἐπιστῆσαι

120 3990 352 4060 καὶπερὶ
391 3989 500 4041 τῶν
535 3990 592 4040 ὲν
643 3988 895 4039 Γενέσει
943 3984 1361 4056 γεγραμμένων·
1404 3983 1568 4056 τριῶν
1600 3985 1693 4035 ἀν-

119 4078 238 4149 δρῶν
278 4079 661 4149 καταχθέντων
690 4077 842 4147 παρὰ
868 4075 945 4146 τῷ
992 4075 1272 4147 Ἀϐραὰμ,
1324 4074 1414 4127 κα)⁵
1460 4074 1695 4145 μεταλα-

119 4171 294 4224 ὢντων
321 4170 727 4242 πεφυραμένων
760 4169 924 4240 τριῶν
961 4167 1174 4239 μέτρων
1213 4165 1560 4238 σεμιδάλεως,
1614 4168 1692 4242 εἰς

118 4264 408 4336 ἑγκρυφιῶν
451 4265 702 4335 ποίησιν’
743 4263 951 4332 μήποτε
993 4259 1214 4330 γυμνῶς
1258 4259 1534 4329 τροπικῶς
1583 4240 1692 4327 (28)

117 4356 268 4410 ταῦτα
322 4357 578 4428 εἴρηται,
636 4353 946 4424 δυναμένων
993 4353 1100 4405 τῶν
1159 4351 1327 4420 ἁγίων
1380 4351 1695 4422 μεταδοῦναί

120 4462 231 4498 ποτε
256 4447 463 4516 τροφῆς
487 4444 685 4514 νοητῆς
711 4445 806 4496 καὶ
837 4442 1060 4511 λογικῆς
1087 4441 1146 4493 οὐ
1177 4441 1334 4511 μόνον
1363 4439 1691 4511 ἀνθρώποις,

1789 3274 1854 3314 ea
1875 3262 2154 3315 attendere
2185 3278 2305 3332 quae
2332 3273 2459 3317 sunt
2493 3265 2544 3318 iu
2568 3263 2764 3319 Genesi
2799 3267 3000 3333 scripta
3019 3267 3067 3298 ⁸³
3092 3283 3106 3319 :
3135 3277 3244 3321 tres
3297 3266 3372 3319 vi-

1796 3371 1884 3410 ros
1911 3357 1978 3409 ad
2003 3356 2281 3410 Abraham
2312 3357 2522 3411 delatos
2551 3372 2675 3412 esse
2704 3369 2760 3412 et
2788 3359 3096 3413 comedisse
3127 3374 3192 3413 ex
3221 3374 3376 3414 com-

1790 3448 1966 3502 mistis
1994 3448 2166 3500 tribus
2196 3449 2330 3503 satis
2373 3449 2569 3503 similae
2621 3449 2797 3505 factos
2853 3451 3250 3506 subcinericios
3277 3466 3378 3519 pa-

1793 3554 1907 3602 nes,
1940 3555 2006 3592 ne
2037 3537 2176 3592 forte
2234 3539 2348 3593 hzec
2404 3555 2510 3594 non
2574 3540 2736 3606 unde,
2791 3541 2883 3594 sed
2950 3542 3180 3610 ﬁgurate
3231 3539 3376 3594 dicta

1791 3631 1918 3692 siut,
1948 3632 2086 3698 quod
2121 3630 2294 3684 sancti
2330 3633 2544 3699 possint
2586 3633 2890 3700 spiritalem
2943 3631 3378 3699 rationalemque

1791 3721 1970 3775 cibum
2005 3722 2406 3776 communicare
2429 3736 2532 3775 non
2564 3722 2874 3776 hominibus
2901 3722 3055 3783 solis,
3080 3722 3174 3775 sed
3209 3729 3265 3774 et
3294 3722 3379 3774 di-

1792 3811 1932 3864 vinis
1963 3811 2284 3876 virtutibus,
2315 3822 2408 3864 aut
2437 3814 2503 3865 ad
2537 3812 2773 3881 ipsorum
2819 3812 3130 3875 utilitatem,
3182 3821 3276 3864 ant
3312 3820 3372 3863 ut

1792 3906 2084 3957 Ostendant
2138 3918 2259 3972 qtttP
2309 3903 2411 3958 sibi
2467 3918 2788 3972 comparare
2846 3911 3138 3972 potuerunt
3169 3903 3235 3955 ad
3267 3917 3368 3954 nu-

1797 3996 2064 4049 triendum
2102 3995 2402 4064 aptissima.
2442 3994 2722 4049 Laetamur
2775 3994 2990 4048 scilicet
3045 4003 3100 4048 et
3149 3993 3371 4046 aluntur

1795 4087 1967 4155 augt-ii
2001 4088 2263 4152 ejusmodi
2296 4089 2628 4151 ostensione,
2687 4088 3106 4155 paratiorcsque
3143 4085 3280 4139 lium
3321 4095 3379 4140 ut

1755 4178 2108 4257 _omuimodo
2158 4179 2414 4249 deinceps
2459 4179 2795 4233 collaboreut
2842 4189 2898 4233 et
2929 4177 3245 4247 conspirent
3273 4192 3381 4245 quo

1796 4270 1946 4338 plura
1978 4278 2033 4324 et
2063 4270 2268 4340 majora
2307 4271 2733 4340 comprehendat
2765 4270 2811 4324 is
2839 4270 2929 4339 qui
2969 4270 3241 4337 prioribus
3273 4262 3379 4322 sibi

1797 4363 2125 4428 comparatis
2175 4362 2458 4416 ultricibus
2521 4362 2824 4430 disciplinis
2867 4354 3127 4424 laetiﬁcat,
3162 4371 3253 4426 et,
3317 4367 3379 4414 ut

1799 4453 1872 4507 ita
1900 4454 2102 4516 dicam,
2137 4454 2308 4508 nutrit
2335 4454 2477 4508 illos.
2511 4453 2695 4522 Neque
2722 4469 2849 4507 vero
2882 4454 3076 4506 mirum
3106 4465 3191 4508 est
3216 4466 3382 4520 ange-

119 4537 232 4590 ὰλλὰ
271 4539 364 4591 καὶ
415 4537 716 4608 θειοτέραις
761 4535 1082 4605 δυνάμεσιν,
1119 4535 1237 4604 ἦτοι
1286 4536 1365 4597 εἰς
1417 4533 1684 4602 ὠφέλειαν

1793 4542 1872 4598 los
1894 4545 1960 4598 ab
1993 4543 2210 4597 homine
2244 4545 2442 4598 nutriri
2465 4584 2480 4609 ,
2507 4559 2631 4598 cun)
2662 4545 2821 4598 etiam
2856 4542 3106 4598 Christus
3139 4542 3378 4597 fateatur

119 4630 306 4693 αὐτῶν,
354 4633 389 4703 ἢ
431 4631 510 4694 είς
554 4629 811 4694 ἐπίδειξιν
858 4622 932 4680 ῶν
966 4622 1245 4698 δεδύνηται
1274 4627 1382 4698 (29)
1408 4627 1696 4698 περιποιῆ-

119 4737 195 4774 cat
219 4724 427 4786 ἑαυτοῖς
465 4719 925 4793 τροφιμωτάτων·
965 4718 1404 4790 εὐφραινομένων
1443 4718 1536 4770 καὶ
1568 4735 1694 4790 τρε-

119 4815 342 4883 φομένων
372 4817 436 4867 ὲν
461 4815 528 4883 τῇ
560 4810 786 4882 τοιαύτῃ
817 4809 1070 4874 ἐπιδείξει
1115 4809 1224 4863 τῶν
1276 4809 1553 4877 ἀγγέλων,
1600 4809 1695 4863 καὶ

119 4904 461 4978 ἑτοιμοτέρων
488 4905 788 4976 γινομένων
820 4903 953 4975 πρὸς
985 4904 1045 4956 τὸ
1077 4905 1238 4958 παντὶ
1267 4904 1454 4975 τρόπῳ
1506 4921 1697 4978 συνερ-

120 4995 286 5064 γῆσαι,
313 5001 412 5053 καὶ
442 4999 580 5070 πρὸς
608 4997 668 5049 τὸ
702 4996 830 5067 ἑξῆς
862 4994 1202 5066 συμπνεῦσαι
1223 4998 1289 5066 τῇ
1317 4995 1573 5049 πλειόνων
1601 4997 1696 5048 καὶ

122 5092 359 5161 μειζόνων
384 5091 688 5162 καταλήψει
711 5089 804 5143 τοῦ
834 5088 926 5141 ἐπὶ
942 5088 1226 5159 προτέροις
1253 5088 1702 5159 παρεσκευασμέ-

181 5231 221 5262 ⁸⁴
247 5230 384 5287 Gen.
426 5248 513 5296 ιιι,
544 5230 636 5287 22.
712 5232 757 5262 ⁸⁸
795 5230 956 5285 Prov.
985 5245 1077 5294 ll,
1116 5228 1205 5281 18.

181 5368 285 5440 (25)
332 5369 802 5440 Ἀτωνιζομένοις
829 5411 845 5430 ,
911 5377 1018 5440 etc.
1073 5365 1223 5440 Legg
1267 5379 1390 5440 cum
1430 5362 1688 5440 Bentleio,

119 5435 521 5513 ἀγωνιζομένοις
550 5435 894 5513 προσξόρως,
912 5438 1159 5513 ἕκαστον.
1189 5435 1354 5513 Paulo
1377 5444 1498 5513 post
1518 5438 1686 5489 codex

123 5499 234 5584 nis.)
333 5499 916 5584 Epzapéc'xev."l§diti_o
953 5508 1150 5584 Quom,
1185 5505 1212 5558 ὃ
1243 5499 1612 5584 ὲμῖταρέσλχεν.

180 5576 288 5651 (26)
314 5576 509 5637 (ludes
546 5576 672 5647 nis"
730 5576 1215 5648 καταλληλότατος,
1273 5577 1439 5629 editio
1487 5577 1684 5639 Usum,

81 5670 90 5686 ι
122 5653 469 5723 καταλληλότε
479 5669 588 5722 ρος.

183 5722 285 5793 (‘27)
318 5715 505 5776 Codei
550 5715 684 5783 tns.,
742 5718 1171 5793 ὲπερειδομένοις
1216 5717 1430 5793 ὡς’-εῖτ).
1460 5715 1685 5793 Κύριον,

123 5786 370 5863 iaculi;
403 5794 569 5844 editio
595 5794 795 5863 0mm,
828 5786 1258 5863 ξπερείδομένοις
1283 5788 1389 5863 (se
1414 5786 1584 5863 αὐτῶ)
1613 5787 1690 5863 ως

125 5853 457 5935 ὲέίΚᾶριον,
511 5862 776 5932 ἀσφαλής.
827 5853 1053 5930 Vulgata
1079 5853 1245 5913 Biblia
1292 5853 1486 5911 Cra-ca
1537 5853 1690 5911 Vati-

1281 5225 1328 5257 ⁸³
1356 5223 1504 5280 Psal.
1539 5241 1750 5294 Lxxvn,
1777 5229 1871 5284 25.

1799 4651 1858 4690 se
1885 4644 2031 4690 stare
2061 4634 2126 4688 ad
2154 4635 2352 4688 ostium
2386 4644 2441 4688 et
2468 4636 2687 4705 pulsare
2711 4646 2769 4688 ut
2805 4635 2972 4688 intret
3002 4635 3069 4688 ad
3105 4634 3256 4687 illum
3281 4637 3380 4702 qui

1797 4726 1899 4780 sibi
1951 4725 2312 4796 aperuerit“,
2343 4735 2396 4780 et
2425 4736 2606 4782 cmuet
2653 4740 2778 4780 cum
2810 4725 2900 4779 illo
2937 4739 3002 4779 ex
3033 4725 3117 4778 his
3145 4740 3261 4792 qua:
3287 4724 3378 4779 ille

1805 4817 1995 4878 habet,
2028 4817 2258 4871 daturus
2285 4809 2400 4887 ipSe
2437 4827 2621 4886 postea
2647 4814 2714 4871 de
2744 4815 2978 4886 propriis
3024 4815 3253 4870 bonisei
3288 4815 3384 4884 qui

1807 4910 1957 4980 prior
1983 4907 2182 4964 Filium
2222 4909 2318 4965 Dei
2354 4925 2455 4979 pro
2497 4909 2842 4963 facultatibus
2873 4908 3120 4962 convivio
3153 4922 3381 4978 excepe-

1804 5001 1894 5054 rit.
1948 4999 2113 5070 lgitur
2165 5002 2258 5072 qui
2319 5000 2692 5056 substantialis
2755 5000 2907 5071 panis
2962 4999 3382 5068 participatione

1807 5092 2092 5147 confirmat
2120 5109 2213 5148 cor
2239 5109 2416 5157 suum,
2451 5092 2592 5146 [ilius
2648 5092 2742 5146 Dei
2783 5088 3014 5146 etiicitur
3044 5107 3059 5144 :
3088 5099 3144 5142 at
3179 5087 3273 5159 qui
3317 5088 3384 5144 de

1948 5227 1995 5260 ⁸³
2023 5228 2162 5286 Gen.
2191 5244 2343 5284 xvm.
2421 5229 2467 5260 ⁵³
2498 5229 2672 5297 Apoc.
2707 5243 2792 5292 ιιι,
2825 5227 2916 5284 20.

1796 5380 1931 5420 cana
1972 5380 2069 5436 pro
2101 5365 2188 5418 ἐπ’
2219 5365 2388 5436 αὐτῷ,
2417 5365 2644 5436 habent
2677 5365 2764 5417 ἐπ’
2803 5363 2995 5434 αὐτὴν.
3034 5360 3312 5436 Bentleius
3331 5361 3383 5415 in

1797 5437 1880 5490 his
1903 5433 2082 5490 verbis
2106 5437 2182 5500 ὼς
2229 5433 2552 5500 ἐπὶΚύριον
2602 5445 2758 5487 vetus
2809 5433 3058 5486 mentlnm
3116 5433 3387 5486 detexisse

1792 5508 1893 5560 sibi
1925 5507 2158 5568 videtur,
2191 5517 2246 5559 et
2279 5503 2500 5569 legitda;
2530 5504 2623 5556 ἐπὶ
2646 5504 2798 5557 κίονα
2828 5503 3098 5574 ἀσφαλής,
3133 5511 3388 5571 tanquam

1794 5577 1849 5630 in
1889 5576 2213 5634 columnam.
2251 5591 2457 5629 secura.

1866 5645 1977 5718 (‘28)
2009 5644 2261 5718 Γυμνῶς
2301 5643 2612 5712 τροπικῶς.
2653 5643 2822 5714 Lego,
2863 5643 2924 5696 οὐ
2956 5639 3203 5714 γυμνῶς,
3249 5638 3386 5693 ἀλλὰ

1792 5717 2091 5788 τροπικῶς.

1869 5786 1981 5858 (Q9)
2011 5784 2350 5855 Δεδύνηται.
2381 5784 2524 5856 Lego
2547 5784 2879 5854 δεδύνηνται.
