3954 6414
504 374 610 430 515

1978 357 2303 417 ORIGENIS

3682 358 3772 413 ιιι.

506 493 743 546 dracone
790 486 1044 549 comedit,
1088 499 1193 539 uun
1248 483 1384 537 alius
1433 490 1516 538 est
1560 496 1721 552 quam
1775 481 2073 551 spi’rttualis

2178 496 2271 535 νου
2308 478 2594 548 τροφίμοις
2628 473 2948 545 παθήμασιν
2984 465 3096 543 (50)
3116 510 3130 535 ,
3158 470 3528 542 εὑφράναντος
3554 472 3681 533 καὶ.
3713 468 3772 527 ἵν’

506 583 781 651 ΛΕώίορθ,
808 596 902 651 per
931 577 1179 634 draconis
1236 576 1456 643 laqueos
1510 582 1747 628 mutatus
1789 584 1846 627 et
1880 574 1995 644 ipse
2021 573 2073 626 in

506 686 853 746 serpentem:
890 682 947 726 ut
998 687 1026 723 a
1059 669 1238 723 Verbo
1261 667 1363 721 sibi
1426 666 1811 735 exprobrante,
1850 665 1948 719 etsi
1983 666 2080 718 ba-

506 768 698 837 ptizari
723 780 781 819 se
810 763 947 817 velle
969 762 1136 826 dicat,
1171 759 1427 813 auditnru
1483 758 1593 811 sit:
1624 754 1921 821 Serpentes,
1956 771 2079 823 pro-

503 860 675 930 genies
714 858 1035 922 viperarum,
1081 853 1199 922 quis
1238 850 1612 905 demonstravit
1650 848 1793 901 vobis
1843 846 2080 915 [ugerea

505 958 718 1001 ventura
740 947 822 997 ira
836 946 880 976 ⁸⁸
901 944 925 997 ?
950 943 1121 997 Porro
1150 943 1217 995 de
1244 940 1494 995 draconis
1518 954 1748 1009 corpore
1765 939 1831 991 ah
1864 937 2081 993 [Ethio-

502 1039 659 1107 pibus
691 1037 1016 1090 manducata
1047 1035 1161 1086 lucc
1190 1032 1264 1084 ait
1297 1030 1463 1084 David
1502 1049 1515 1085 :
1558 1029 1865 1082 Contrivisti
1904 1028 2076 1095 capita

499 1131 788 1183 draconum
824 1129 878 1182 in
906 1143 1066 1196 aqua.
1099 1124 1177 1177 Τιι
1218 1125 1511 1178 contrivisti
1560 1124 1733 1190 capita
1777 1123 2022 1175 draconis
2057 1136 2075 1174 :

499 1217 691 1271 dedisti
736 1232 853 1271 eum
896 1232 1066 1269 escam
1132 1213 1333 1280 papu'is
1375 1211 1786 1278 zEthiOpibus“.
1837 1210 1986 1276 Quod
2032 1209 2075 1263 si

502 1324 611 1363 nou
654 1318 942 1377 repugnat,
978 1322 1097 1358 cum
1131 1302 1297 1357 Filius
1334 1303 1421 1357 Dei
1446 1304 1877 1357 substantialiter
1901 1303 2078 1355 subsi-

501 1411 632 1467 stat,
658 1401 916 1455 subsistat
946 1407 1001 1452 et
1025 1395 1393 1459 adversarius,
1416 1396 1627 1448 illorum
1648 1405 1936 1462 utrumque
1957 1408 2077 1447 esse

499 1495 821 1548 alimentum
841 1492 983 1544 illius
1001 1499 1094 1542 aut
1108 1489 1276 1553 illius,
1300 1488 1428 1557 quid
1447 1488 1733 1540 admittere
1750 1500 2001 1539 veremur
2023 1485 2075 1537 in

500 1585 753 1639 nninibus
771 1584 1129 1653 potestatibus
1151 1582 1265 1635 sive
1289 1580 1537 1633 meliores
1553 1579 1654 1633 illae
1671 1580 1779 1631 sint
1794 1577 1907 1631 sive
1930 1577 2078 1630 dete-

501 1677 692 1737 riores,
717 1684 771 1728 et
794 1676 846 1728 in
871 1674 1178 1728 hominibus
1221 1674 1404 1735 etiam,
1450 1685 1608 1740 posse
1639 1681 2076 1737 utnnnquemque

502 1777 747 1821 nostrum
768 1767 852 1821 his
870 1766 1122 1820 omnibus
1144 1762 1584 1819 nutriri‘iPetrus
1612 1775 1735 1814 cum
1761 1758 2070 1813 centurioni

2180 575 2354 637 οὕτως
2405 573 2563 632 εῐπω,
2613 566 3025 638 ἁναθρέψαντος
3080 563 3296 628 αὐτούς.
3338 566 3413 617 Οὐ
3468 565 3773 635 θαυμαστὸν

2180 670 2259 731 δέ,
2290 668 2337 721 εί
2382 663 2647 733 ἀγγέλους
2708 660 2895 731 τρέφει
2942 658 3251 729 ἄνθρωπος,
3299 658 3500 725 ὃπουγε
3534 658 3647 727 (51)
3693 659 3774 712 καὶ

2180 760 2411 834 Χριστὸς
2459 755 2711 827 ὁμολογεῖ
2768 750 2939 814 ἑστὼς
2984 749 3137 821 παρὰ
3191 750 3287 820 τὴν
3333 749 3502 821 θύραν
3544 748 3772 820 κρούειν,

2183 853 2247 908 ἶν’
2295 848 2550 905 εἰσελθὼν
2613 844 2764 916 παρὰ
2820 843 2911 897 τὸν
2961 841 3244 906 ἀνοίξαντα
3304 841 3453 912 αὐτῷ
3519 842 3773 914 δειπνήσῃ

2184 945 2299 1017 μετ’
2334 938 2497 997 αὐτοῦ
2530 940 2596 991 ἐκ
2625 936 2733 989 τῶν
2774 936 3010 997 ἐκείνου,
3060 935 3195 1005 μετὰ
3235 933 3406 987 ταῦτα
3465 935 3562 987 καὶ
3624 934 3775 999 αὐτὸς

2184 1032 2507 1107 μεταδώσων
2541 1031 2649 1083 τῶν
2684 1028 2825 1081 ἰδίων
2851 1026 2929 1097 τῷ
2969 1027 3233 1098 πρότερον
3280 1027 3594 1079 ἑστιάσαντι
3644 1026 3774 1080 κατὰ

2177 1129 2277 1199 τὴν
2339 1126 2472 1179 ἰδίαν
2522 1122 2748 1191 δύναμιν
2784 1119 2874 1171 τὸν
2906 1119 3033 1172 Υἱδν
3072 1118 3163 1171 τοῦ
3196 1117 3353 1172 θεοῦ.
3379 1117 3486 1171 Τοῦ
3538 1118 3641 1188 μὲν
3690 1114 3774 1171 οὖν

2179 1218 2457 1274 ἐπιουσίου
2500 1219 2528 1269 6
2571 1212 3005 1286 μεταλαμϐάνων
3044 1211 3204 1283 ἄρτου
3258 1210 3651 1282 στηριζόμενος
3685 1212 3777 1282 τὴν

2179 1311 2439 1384 καρδίαν,
2489 1307 2607 1369 υἱὸς
2648 1303 2783 1358 Θεοῦ
2831 1305 3044 1374 γίνεται
3094 1302 3239 1372 (Στιῑὶ)⁸
3273 1302 3366 1355 τοῦ
3393 1302 3449 1354 δὲ
3489 1301 3779 1373 δράκοντος

2177 1403 2205 1454 6
2244 1400 2487 1471 μετέχων
2547 1398 2649 1450 οὐκ
2682 1396 2837 1459 ἄλλος
2869 1393 2990 1447 ἐστὶ
3022 1391 3113 1446 τοῦ
3148 1391 3338 1462 νοητοῦ
3371 1392 3653 1455 Αἰθίοπος,
3680 1392 3763 1445 διὰ

2176 1494 2275 1557 τὰς
2304 1491 2398 1547 τοῦ
2424 1491 2722 1562 δράκοντος
2754 1488 2928 1561 ἄρκυς
2965 1485 3310 1557 μεταϐάλλων
3339 1485 3431 1537 καὶ
3458 1484 3625 1547 αὐτὸς

2178 1588 2257 1648 εἰς
2287 1586 2430 1654 ὅφιν,
2484 1583 2625 1636 ὥστε
2674 1581 2780 1634 ὑπὸ
2827 1579 2922 1632 τοῦ
2957 1580 3131 1648 Λόγου
3156 1577 3549 1648 ὀνειδιζόμενον
3598 1575 3774 1641 αὑτὸν,

2178 1678 2279 1731 κᾶν
2312 1677 2444 1749 λέγῃ
2466 1672 2820 1746 βαπτίζεσθαι
2853 1671 3051 1735 θέλειν,
3088 1660 3323 1723 ἀκούειν·
3356 1671 3588 1738 Ὄφεις,
3611 1669 3778 1738 γενή-

2172 1784 2332 1835 ματα
2385 1763 2660 1834 ἐχιδνῶν,
2705 1761 2796 1827 τίς
2845 1760 3166 1824 ὑπέδειξεν
3208 1759 3348 1829 ὑμῖν
3390 1758 3611 1828 φυγεῖν
3663 1758 3778 1814 ἀπὸ

501 1856 668 1928 249
721 1855 977 1911 Cornelio
1034 1858 1209 1925 iisque
1259 1857 1352 1925 qui
1399 1853 1558 1908 simul
1605 1861 1763 1906 erant
1811 1851 2073 1904 (lzesarea:

2178 1833 2283 1924 τῆς
2309 1833 2500 1925 pello
2543 1868 2666 1921 σης
2704 1850 2923 1921 ὀργῆς;
2954 1851 3114 1919 Λέγει
3153 1852 3209 1904 δὲ
3244 1852 3373 1923 περὶ
3415 1852 3513 1905 τοῦ
3548 1852 3775 1923 δρακον-

482 1948 845 2018 congregati,
879 1949 1384 2002 communicaturus
1424 1954 1592 2007 esset,
1639 1952 1939 2013 gentesque
1978 1958 2069 2010 po-

500 2054 614 2096 SIea
667 2043 957 2095 verborum
1022 2042 1113 2095 Dei
1158 2041 1450 2110 participes
1497 2039 1758 2101 facturus,
1799 2054 1889 2090 vas
1945 2036 2072 2089 illud

499 2133 649 2187 videt
681 2142 909 2202 quatuor
935 2134 1099 2186 initiis
1122 2134 1437 2186 submissum
1464 2132 1527 2184 de
1556 2130 1681 2183 cado
1710 2131 1763 2182 in
1795 2144 1894 2198 quo
1924 2136 2073 2181 erant

499 2224 674 2277 autnia
720 2223 1082 2291 quadrupedia
1131 2232 1179 2276 et
1225 2224 1483 2291 serpentia
1518 2231 1565 2274 et
1590 2222 1764 2273 (testim
1807 2228 1959 2271 terra:
1994 2218 2069 2280 ";

497 2314 715 2383 quando
746 2323 803 2367 et
854 2314 1081 2383 jubetur
1107 2327 1336 2383 surgere
1367 2322 1422 2366 et
1447 2314 1696 2366 occidere
1746 2320 1801 2365 et
1846 2311 2074 2364 mandu-

499 2419 660 2470 care;
692 2421 925 2475 cumqne
973 2405 1167 2459 abnuis
1188 2415 1256 2459 et
1301 2414 1356 2459 et
1402 2404 1634 2459 dixisset
1665 2420 1680 2457 :
1713 2402 1788 2455 Tu
1819 2405 1919 2456 scis
1946 2403 2072 2473 quia

499 2509 773 2549 commune
820 2506 912 2548 aut
959 2494 1287 2549 immundum
1323 2511 1590 2565 nunquam
1632 2494 1864 2547 introivit
1922 2494 1977 2546 in
2015 2508 2072 2546 os

501 2606 672 2644 meum
708 2590 778 2657 ⁸⁸,
810 2599 1137 2660 praeceptum
1191 2601 1272 2644 est
1307 2591 1355 2644 ei
1414 2589 1685 2644 neminem
1729 2603 2071 2643 communem

500 2691 599 2734 aut
646 2681 987 2737 immundum
1020 2682 1203 2737 dicere
1251 2681 1529 2736 hominem
1562 2682 1641 2747 ⁸⁹;
1674 2695 1739 2735 eo
1765 2680 1909 2749 quod
1953 2694 2073 2749 qute

498 2774 842 2843 puriticasset
879 2775 1043 2839 Deus,
1073 2775 1383 2829 communia
1413 2777 1594 2828 dicere
1618 2772 1813 2827 Petrus
1844 2787 1948 2827 non
1976 2774 2075 2827 de-

499 2865 671 2920 beret.
700 2866 787 2920 Ait
820 2867 967 2920 enim
1017 2875 1200 2920 textus
1232 2884 1246 2920 :
1282 2866 1435 2931 Quod
1487 2850 1625 2919 Deus
1655 2864 1976 2934 puri/ienuit,
2016 2875 2072 2915 tu

498 2972 770 3011 commune
797 2973 859 3011 ne
884 2958 1087 3010 dixeris
1113 2957 1179 3009 ⁸⁸.
1214 2956 1330 3011 Cibi
1356 2957 1518 3026 igitur
1542 2955 1727 3008 mundi
1752 2962 1808 3008 et
1838 2955 2074 3007 immun-

499 3048 552 3101 di
591 3049 685 3117 qui
711 3047 864 3115 juxta
892 3047 1066 3116 legem
1107 3046 1311 3117 Moysis
1358 3047 1714 3115 plurimorum
1764 3045 2073 3100 nominibus

499 3140 817 3193 animalium
869 3140 1297 3209 distinguuntur,
1330 3149 1388 3191 et
1431 3137 1497 3191 ad
1531 3138 1708 3194 varios
1758 3137 2073 3193 referuntur

503 3230 857 3285 rationalium
886 3232 1202 3284 animalium
1255 3245 1456 3293 mores,
1492 3231 1686 3284 docent
1740 3230 1878 3284 alios
1913 3230 2074 3285 utiles

498 3334 622 3375 esse
660 3322 815 3375 nobis
870 3323 1046 3383 cibos,
1102 3322 1240 3375 alios
1284 3331 1496 3385 contra,
1527 3320 1703 3376 donec
1741 3337 1933 3376 omnes
1980 3330 2074 3375 aut

500 3412 691 3466 saltem
728 3412 940 3479 aliquos
967 3427 1032 3464 ex
1064 3414 1210 3466 omni
1253 3429 1453 3481 genere
1487 3413 1861 3482 puriﬁcaverit
1904 3414 2071 3480 Deus,

500 3502 773 3570 utilesque
793 3502 1008 3558 fecerit.
1037 3503 1167 3569 Quae
1194 3520 1316 3557 cum
1346 3505 1418 3558 ita
1451 3520 1509 3561 se
1530 3506 1785 3570 habeant,
1818 3515 2073 3575 tantaque

503 3591 843 3647 sitciborum
882 3595 1142 3659 varietas,
1198 3610 1336 3649 unus
1368 3605 1451 3649 est
1497 3606 1692 3665 praeter
1722 3608 2074 3652 enumeratos

498 3698 691 3739 omnes
723 3686 1098 3739 substantialis
1129 3686 1302 3754 panis,
1339 3687 1402 3740 de
1439 3702 1548 3756 quo
1574 3689 1840 3741 orandum
1876 3697 1982 3753 est,
2014 3696 2075 3742 ut
2124 3688 2132 3699 '

498 3788 569 3829 eo
618 3774 765 3844 digni
816 3775 1135 3843 elﬁciamur,
1168 3776 1453 3848 Verbaque
1486 3778 1576 3833 illo
1623 3779 1809 3832 nutriti
1843 3779 1987 3848 quod
2020 3781 2071 3831 in

500 3867 771 3936 principio
799 3868 944 3936 apud
977 3868 1141 3922 Deum
1176 3879 1298 3921 erat
1327 3870 1488 3935 Deus,
1519 3870 1571 3923 in
1600 3871 1766 3925 Deum
1802 3872 2072 3924 transfor-

500 3973 732 4013 memur.
768 3960 921 4014 Dicet
949 3960 1140 4028 aliquis
1156 3961 1429 4016 ἐπιούσιον
1460 3962 1527 4016 ab
1557 3962 1788 4026 ἐπιέναι,
1808 3964 2070 4028 accedere,

503 4049 795 4105 formatum
840 4068 980 4116 esse,
1017 4054 1086 4106 ita
1142 4063 1204 4107 ut
1238 4064 1421 4123 petere
1445 4053 1736 4121 jubeamur
1796 4058 2070 4124 proprium

501 4143 671 4198 futuri
704 4145 889 4199 saeculi
935 4159 1150 4215 panem,
1187 4156 1243 4200 ut
1298 4162 1395 4217 per
1430 4147 1878 4214 anticipationem
1917 4148 2073 4201 nobis

501 4236 653 4290 illum
693 4238 830 4291 Dens
858 4236 964 4305 iam
992 4238 1285 4307 largiatur.
1319 4240 1590 4309 deturque
1621 4240 1783 4293 hodie
1802 4240 1945 4308 quod
1983 4254 2075 4293 ve-

499 4320 597 4376 luti
625 4338 746 4377 cras
774 4324 1006 4378 dandum
1037 4335 1189 4387 erat;
1221 4328 1380 4380 hodie
1407 4328 1551 4380 enim
1581 4343 1679 4395 pro
1710 4329 1909 4381 saeculo
1939 4343 2067 4396 prae-

500 4416 642 4469 senti
669 4416 867 4485 accipi,
904 4432 1025 4470 cras
1052 4418 1381 4487 profuturo.
1413 4419 1520 4473 Sed
1565 4435 1690 4475 cum
1734 4421 1883 4488 prior
1917 4436 2075 4475 acce-

2174 1946 2319 1998 τείου
2353 1945 2600 2016 σώματος
2627 1943 2735 1996 ἀπὸ
2766 1942 2872 1995 τῶν
2904 1942 3176 1995 Αἰθιόπων
3208 1943 3542 2013 ἐστιωμένου
3567 1946 3595 1997 6
3621 1943 3779 1997 Δαυὶδ

2174 2037 2343 2089 ταῦτα
2364 2053 2377 2067 ·
2412 2033 2784 2103 Συνέτριψας
2821 2034 2929 2099 τὰς
2983 2034 3250 2103 κεφαλὰς
3281 2036 3399 2090 τῶν
3435 2034 3778 2101 δρακόντων

2173 2125 2271 2177 ἐπὶ
2299 2125 2402 2179 τοῦ
2434 2124 2670 2188 ὓδατος.
2698 2122 2781 2176 Σὺ
2816 2119 3186 2192 συνέτριψας
3218 2125 3323 2190 τὰς
3355 2125 3633 2192 κεφαλὰς
3672 2124 3775 2178 τοῦ

2173 2214 2497 2282 δρήκοντος
2523 2212 2657 2283 (54),
2686 2210 2915 2278 ἔδωκας
2949 2215 3138 2267 αὐτὸν
3168 2214 3381 2283 ,ϐρῶμα
3424 2213 3603 2280 λαοῖς
3655 2214 3778 2281 τοῖς

2178 2308 2477 2376 Αὶθίοψιν.
2508 2309 2571 2360 Εἰ
2595 2308 2650 2360 δὲ
2683 2309 2755 2379 μὴ
2781 2309 3137 2378 ἀπεμφαίνει,
3170 2307 3445 2371 οὐσιωδῶς
3467 2308 3778 2377 ὑφεστῶτος

2173 2401 2266 2454 τοῦ
2298 2400 2427 2453 Υἱοῦ
2460 2400 2553 2454 τοῦ
2588 2399 2754 2463 Θεοῦ,
2779 2400 3089 2469 ὑφεστῶτος
3116 2401 3173 2453 δὲ
3205 2402 3300 2453 καὶ
3325 2399 3425 2453 τοῦ
3461 2401 3777 2473 ἀντικειμέο-

2173 2513 2285 2557 νου,
2315 2496 2569 2567 ἑκάτερον
2598 2494 2777 2549 αὐτῶν
2814 2494 3023 2565 τροφὴν
3056 2493 3298 2561 γίνεσθαι
3341 2495 3497 2548 τοῦδε
3524 2496 3557 2567 ἢ
3600 2494 3772 2549 τοῦδε⁸

2173 2590 2225 2641 τί
2252 2586 2515 2657 ὀκνοῦμεν
2565 2586 2992 2657 παραδέξασθαι,
3028 2585 3119 2638 ἐπί
3151 2604 3210 2639 τε
3240 2587 3432 2640 πασῶν
3460 2588 3572 2640 τῶν
3617 2587 3776 2640 δυνά-

2177 2697 2324 2751 μεων
2356 2678 2677 2750 κρειττόνων
2709 2681 2803 2731 καὶ¹
2840 2678 3103 2748 χειρόνων
3123 2719 3137 2741 ,
3174 2678 3267 2731 καὶ⁵
3299 2677 3530 2731 ἐπὶτῶν
3563 2679 3775 2751 ἀνθρὼ-

2174 2787 2291 2825 πων
2338 2772 2399 2824 τὸ
2442 2771 2698 2825 δύνασθαι
2755 2770 3048 2843 τρέφεσθαι
3080 2770 3186 2824 ἀπὸ
3220 2770 3443 2824 πάντων
3484 2772 3596 2841 ('53)
3655 2770 3776 2825 τού-

2173 2882 2282 2918 των
2309 2865 2402 2918 ’ένα
2432 2864 2661 2917 ’ἑκαστον
2696 2863 2886 2934 ἡμὼνς
2925 2865 3220 2917 Κοινωνεῖν
3268 2863 3401 2932 γοῦν
3446 2863 3525 2934 τῷ
3550 2865 3774 2918 ἑκατον-

2173 2956 2360 3027 τάρχῳ
2398 2953 2705 3026 Κορνηλίῳ,
2767 2954 2862 3007 καὶ
2912 2956 3028 3017 τοῖς
3065 2954 3179 3025 ἅμα
3225 2954 3574 3025 συναχθεῖσιν
3607 2958 3665 3008 ἐν
3700 2958 3767 3028 τῇ

2176 3048 2489 3119 Καισαρείᾳ
2512 3048 2541 3099 6
2572 3047 2777 3118 Πέτρος
2819 3046 3048 3117 μέλλων,
3081 3046 3218 3118 μετὰ
3239 3047 3296 3101 δὲ
3328 3047 3503 3101 ταῦτα
3541 3050 3638 3102 xal.
3664 3052 3773 3114 τοῖς

2103 3169 2145 3227 c
2179 3139 2357 3193 ἔθνεσι
2391 3137 2720 3209 μεταδώσειν
2755 3137 2863 3190 τῶν
2890 3137 3062 3205 λόγων
3100 3136 3194 3191 τοῦ
3214 3137 3351 3191 Θεοῦ
3373 3180 3388 3203 ,
3420 3141 3524 3209 ὁρᾷ
3561 3138 3629 3191 τὸ
3657 3140 3776 3193 τέτο

2183 3248 2395 3299 ταρσιν
2451 3228 2664 3299 ἀρχαῖς
2720 3228 3075 3296 καθιέμενον
3133 3231 3465 3296 οὐρανόθεν
3523 3230 3770 3296 σκεῦος,

2179 3324 2249 3376 ἐν
2285 3316 2333 3389 ᾧ
2354 3322 2551 3376 πάντα
2582 3322 2651 3375 τὰ
2677 3320 3024 3388 τετράποδα,
3060 3322 3156 3375 καὶ
3185 3322 3422 3389 ἑρπετὰ.
3464 3323 3562 3376 καὶ
3597 3324 3775 3391 θηρία

2187 3413 2295 3483 τῆς
2326 3414 2469 3485 γῆς·
2510 3415 2600 3466 ὅτε
2631 3413 2726 3466 καὶ
2760 3412 3043 3466 κελεύεται
3071 3412 3310 3477 ἀναστὰς
3343 3412 3505 3469 θῦσαι
3537 3416 3631 3467 καὶ
3668 3432 3774 3481 φα-

2180 3510 2319 3577 γεῖν,
2356 3496 2837 3578 προστασσόμενος
2879 3504 3016 3575 μετὰ
3046 3504 3106 3556 τὸ
3141 3505 3576 3577 παραιτούμενον
3608 3506 3771 3559 αὐτὸν

2180 3598 2477 3671 εἰρηκέναι,
2514 3596 2597 3649 Σὺ
2631 3592 2820 3661 οἶδας,
2862 3593 2951 3647 ὅτι
2996 3593 3285 3648 οὐδέποτε
3315 3596 3525 3649 κοινὸν
3558 3597 3596 3663 ἣ
3625 3595 3775 3649 ἀκά-

2181 3694 2399 3757 θαρτον
2422 3687 2714 3756 εἰσῆλθεν
2739 3690 2823 3752 εἰς
2861 3684 2927 3739 τὸ
2954 3687 3145 3755 στόμα
3185 3704 3325 3755 μου,
3363 3688 3564 3758 μηδένα
3592 3689 3771 3742 κοινὸν

2182 3781 2214 3850 ἢ
2263 3779 2568 3849 ἀκάθαρτον
2618 3777 2796 3846 λέγειν
2839 3777 3157 3849 ἄνθρωπον
3208 3776 3285 3847 τῷ
3323 3778 3392 3830 τὰ
3425 3778 3772 3850 καθαρθέντα

2182 3872 2286 3924 ὑπὸ
2319 3870 2451 3923 Θεοῦ
2496 3871 2569 3941 μὴ
2601 3870 2709 3923 δεῖν
2742 3869 2845 3922 ὑπὸ
2878 3870 3086 3940 Πέτρου
3110 3870 3458 3924 κοινοῦσθαι·
3493 3874 3623 3944 φησι
3654 3873 3770 3946 γὰρ

2180 3967 2213 4036 ἡ
2264 3963 2435 4028 λέξιςο
2491 3967 2558 4017 "A
2618 3967 2650 4017 ό
2694 3962 2838 4029 Θεὸς
2880 3963 3243 4031 ἐκαθάρισε,
3278 3963 3359 4017 σὺ
3392 3963 3479 4034 μὴ
3534 3965 3766 4017 κοίνου.

2182 4056 2388 4109 Οὐκοῦν
2422 4056 2481 4109 τὸ
2529 4055 2765 4127 καθαρὸν
2808 4054 3024 4126 βρῶμα,
3059 4056 3153 4108 καὶ
3193 4056 3253 4109 τὸ
3287 4056 3595 4129 ἀκάθαρτον
3622 4055 3770 4127 μετὰ

2179 4148 2270 4201 τὸν
2321 4147 2600 4209 Μωῦσέως
2656 4146 2818 4217 νόμον
2878 4146 2935 4198 ἐν
2989 4146 3305 4217 ὀνομασίαις
3354 4147 3770 4219 διακρινόμενον

2183 4239 2444 4291 πλειόνων
2492 4236 2665 4303 ζώων,
2710 4238 2808 4309 τὴν
2836 4237 3115 4309 ἁναςεορὰν
3157 4238 3278 4309 έχον
3310 4239 3405 4292 ἐπὶ
3434 4240 3502 4293 τὰ
3530 4239 3770 4310 δαφορα

2182 4336 2286 4409 ἢθη
2321 4335 2428 4388 τῶν
2475 4334 2741 4404 λογικῶν,
2785 4333 3044 4393 διδάσκει,
3088 4334 3275 4387 τούσδε
3331 4336 3429 4405 μὲν
3465 4335 3771 4406 τροιξίμους

2154 4428 2315 4496 ’ἡμῖν
2345 4426 2657 4494 τυγχάνειν,
2691 4424 2879 4477 τούσδε
2915 4424 2971 4477 δὲ
3008 4424 3265 4487 ἐναντίοις
3296 4424 3462 4495 ἔχειν,
3504 4427 3621 4488 ἕως,
3655 4444 3771 4478 κα-

502 4510 614 4577 ptio
645 4524 731 4562 me
763 4510 978 4576 quidem
998 4509 1181 4579 judice
1207 4513 1402 4567 melior
1430 4512 1522 4578 sit,
1548 4514 1914 4581 expendamus
1942 4514 2070 4568 illud

2178 4517 2407 4588 θαρίσας
2432 4516 2661 4580 πάντας,
2684 4514 3197 4587 ποιήσῃτροφίμους
3214 4518 3242 4569 6
3267 4515 3420 4580 Θεὸς,
3443 4516 3475 4587 ἢ
3497 4517 3615 4579 τοὺς
3637 4515 3766 4585 (56)

497 4603 652 4657 hodie
688 4606 832 4672 quod
861 4607 1002 4675 apud
1029 4606 1335 4661 Mattlueum
1377 4608 1462 4662 his
1492 4609 1767 4677 adjicitur,
1804 4608 2067 4679 autquod

495 4693 638 4763 apud
670 4695 869 4749 Lucam
903 4697 1166 4767 scriptum
1194 4698 1299 4765 est,
1335 4700 1388 4753 in
1434 4700 1594 4753 diem.
1642 4700 1756 4753 Mos
1786 4708 1870 4753 cst
1919 4699 2071 4753 Scri-

495 4797 668 4858 ptura:
691 4788 873 4843 multis
901 4789 955 4843 iu
1000 4790 1133 4846 locis
1161 4806 1544 4847 aevum'omne
1576 4786 1729 4846 hodie
1761 4807 1975 4851 vocare.
2009 4803 2068 4846 ut

495 4877 550 4931 iu
586 4879 675 4932 illo
712 4897 727 4933 :
755 4878 864 4934 Iste
890 4890 963 4934 est
994 4893 1139 4951 pater
1171 4883 1524 4937 Moabitarum
1559 4900 1722 4952 usque
1762 4885 1815 4937 in
1842 4887 2058 4938 hodier.

2177 4614 2285 4666 ἀπὸ
2318 4613 2518 4676 παντὸς
2548 4612 2760 4681 γένους.
2793 4611 3012 4666 Τούτων
3047 4611 3110 4682 δὴ
3136 4611 3308 4676 οὕτως
3359 4613 3606 4683 ἐχόντων,
3658 4612 3772 4663 καὶ

2175 4704 2445 4776 τοσαύτης
2488 4704 2749 4775 διαφορᾶς
2779 4702 3083 4774 βρωμάτων
3113 4703 3299 4774 οὔσης,
3325 4699 3405 4768 εἷς
3445 4703 3586 4776 παρὰ
3615 4703 3777 4756 πάν-

2173 4816 2273 4861 τας
2309 4798 2435 4860 τοὺς
2482 4796 2807 4868 εἰρημένους
2840 4797 2988 4849 ἐστὶν
3019 4798 3047 4849 ὁ
3082 4796 3354 4858 ἐπιούσιος
3396 4795 3573 4867 ἄρτος,
3622 4796 3775 4868 περὶ

2178 4886 2238 4944 οῦ
2273 4887 2525 4959 εὔχεσθαι
2568 4888 2669 4950 δεῖ,
2701 4887 2787 4941 ἵνα
2830 4886 3038 4941 ἐκείνου
3072 4885 3412 4957 ἀξιωθῶμεν,
3450 4888 3538 4940 καὶ
3564 4886 3779 4957 τρεφό-

566 4994 612 5026 ⁶³
642 4995 829 5051 Matth.
860 5013 960 5062 ιιι,
988 5000 1041 5054 7.
1116 5000 1162 5031 “
1195 4986 1338 5058 i’sal.
1368 5020 1539 5059 Lxxm
1565 5042 1580 5066 ,
1631 5004 1717 5057 15.
1794 5004 1837 5034 ⁸⁷
1881 5004 2004 5060 Aet.
2045 5022 2073 5059 x

2186 5007 2231 5060 ι.
2310 5007 2356 5037 ⁸⁸
2382 5006 2508 5059 Art.
2543 5020 2596 5057 χι
2619 5044 2634 5068 ,
2688 5006 2743 5059 8.
2822 5005 2865 5035 ⁸³
2890 5006 3015 5059 Act.
3049 5020 3077 5057 x
3104 5046 3119 5069 ,
3151 5005 3239 5058 28.
3320 5002 3365 5033 το
3397 5006 3549 5070 lbid.,
3593 5004 3695 5058 15.

568 5086 678 5161 (30)
715 5095 1285 5169 Παρεσκευαοψένου
1340 5100 1665 5169 τροφίμοις-ν
1701 5100 2097 5169 παθήμασιν.›

491 5155 672 5241 Lego,"
689 5155 1220 5241 παρεσκευασμένοις
1249 5155 1533 5240 τροῷίμοιξ
1570 5155 1907 5241 μαθήμασιν.

716 5229 896 5313 ξοδεχ
922 5229 1055 5313 ms_._,:
1103 5229 1234 5313 ᾃποο
1263 5229 1789 5308 γε.Ἐίιίιιύὐκοίἰ.,
1818 5243 1951 5295 ὅπου
1983 5259 2067 5299 τε.

520 5369 530 5380 _
566 5301 681 5383 (52)
713 5303 970 5383 Pis-ermt
998 5307 1089 5383 Sic
1116 5301 1469 5383 habiet'codex
1495 5301 1919 5383 manuscriptus,
1950 5315 2071 5367 edi-

495 5376 763 5449 tio‘autem
801 5376 1143 5449 onniensis,
1163 5378 1397 5449 γίνηται.

709 5442 885 5517 ρειιίοχ
924 5461 1049 5517 u_is.,
1083 5440 1466 5517 a6é6;,'Edttio
1492 5447 1693 5517 Oxon.,
1723 5451 1905 5506 αὐτόν.

560 5501 671 5633 (542
698 5511 783 5565 Σὺ
816 5501 1185 5583 συνέτριψας
1213 5501 1317 5581 τὰς
1353 5501 1783 5586 “gadio-veos-
1807 5501 2064 5589 δρακονο

562 5599 614 5633 ι’.
671 5581 767 5633 Ιιεο
789 5585 1005 5633 cuidem
1037 5586 1088 5633 ill
1111 5584 1360 5633 Oriminis
1382 5592 1942 5633 (tudine"multem-inlt-
1964 5596 2060 5633 ale-

491 5594 614 5659 τος.
648 5581 767 5635 Haec
789 5581 1009 5659 quidem
1037 5581 1088 5637 in
1111 5584 1360 5653 Origcuis
1382 5581 1942 5659 cddicedrauuscripto
1964 5596 2060 5644 de-

493 5653 831 5729 siderantur,
867 5655 960 5707 sed
996 5670 1059 5707 ex
1100 5659 1347 5729 versione
1393 5656 1501 5710 τῶν
1532 5662 1585 5712 0'
1613 5653 1904 5729 supplenda
1934 5676 2056 5715 esse

494 5718 767 5785 duximus,
797 5732 983 5798 utpote
1031 5726 1355 5798 necessaria.
1382 5797 1386 5798 ν
1418 5729 1663 5795 liidicula
1680 5718 1693 5729 ’
1716 5718 1883 5798 porro
1915 5742 2059 5798 sunt

492 5798 613 5852 qua:
673 5794 1155 5847 comminiscuntur
1188 5794 1391 5850 rabbini
1418 5800 1476 5852 de
1503 5792 2055 5868 epulato’Behemotb,

2179 5116 2279 5156 nec
2328 5102 2496 5153 multo
2539 5102 2747 5168 potiora
2773 5114 2894 5168 qum
2948 5115 2976 5151 a
3021 5099 3293 5152 nonnullis
3369 5100 3780 5167 interpretibus

2177 5172 2580 5225 Christianisin
2608 5171 2779 5223 locum
2818 5169 2968 5222 illum
2996 5171 3182 5239 psalmi
3223 5186 3393 5224 Lxxttt
3433 5168 3776 5223 aﬂetuumr.

2175 5241 2393 5296 Interim
2414 5242 2479 5294 de
2504 5256 2662 5293 sensu
2696 5242 2924 5309 mystico
2948 5256 3105 5308 quem
3130 5240 3642 5309 Origenescxsequit
3661 5254 3773 5302 ur,

2177 5312 2241 5366 lis
2269 5326 2390 5364 esse
2415 5328 2516 5363 nou
2554 5310 2769 5379 poterit.
2812 5310 3041 5363 Disertis
3065 5310 3240 5363 verbis
3274 5311 3448 5363 Draco
3490 5310 3540 5361 in
3570 5311 3772 5374 Aptw.

2174 5398 2274 5439 xu.
2320 5382 2375 5446 9,
2427 5378 2674 5434 diabolus
2709 5389 2763 5432 et
2790 5378 3021 5432 Satanas
3076 5394 3196 5433 esse
3243 5380 3462 5442 tilcillll',
3497 5389 3550 5432 et
3586 5390 3780 5433 cetus

2174 5453 2420 5520 grands
2461 5452 2576 5519 ipso
2604 5450 2829 5503 Domino
2865 5458 3051 5503 uestro
3083 5450 3402 5520 interprete,
3438 5460 3558 5502 sunt
3594 5461 3783 5520 pote-

2170 5517 2331 5575 states
2372 5517 2723 5584 tenebrarum,
2771 5535 2799 5572 a
2850 5520 3063 5587 quibus.
3099 5517 3247 5572 lunai
3270 5521 3334 5573 ad
3363 5522 3551 5580 instar,
3595 5518 3777 5571 ultra

2172 5594 2406 5644 triduum
2438 5594 2667 5645 detineri
2700 5607 2801 5645 non
2833 5592 3027 5657 potuit.
3063 5589 3221 5644 Ent'r.
3254 5589 3425 5644 Oxou.

2238 5662 2349 5732 (‘55)
2377 5662 2555 5716 Codex
2606 5677 2688 5715 ms
2716 5700 2732 5727 ,
2799 5656 2907 5713 ἀπὸ
2947 5660 3185 5714 πάντων.
3231 5661 3371 5715 Edit.
3411 5658 3600 5722 Οιοιι..
3651 5656 3781 5712 ἐπὶ

2165 5733 2402 5788 πάντων.

2238 5804 2349 5873 (56)
2394 5804 2467 5855 Ἢ
2509 5802 2667 5868 τούς.
2704 5800 2869 5856 Forte
2899 5802 3219 5872 legendum,
3250 5801 3287 5872 ἡ
3311 5817 3474 5863 τινας.
