  <div class='ocr_page' id='page_1' title='image "/cluster/home/n/w/nwhite01/storage/ocr_20150623/11/hvd.32044024345175/265.png"; bbox 0 0 3954 6414; ppageno 0'>
   <div class='ocr_carea' id='block_1_1' title="bbox 520 383 628 438">
    <p class='ocr_par' dir='ltr' id='par_1_1' title="bbox 520 383 628 438">
     <span class='ocr_line' id='line_1_1' title="bbox 520 383 628 438; baseline 0 0"><span class='ocrx_word' id='word_1_1' title='bbox 520 383 628 438; x_wconf 70' lang='grc'><strong>519</strong></span> 
     </span>
    </p>
   </div>
   <div class='ocr_carea' id='block_1_2' title="bbox 1992 385 2318 445">
    <p class='ocr_par' dir='ltr' id='par_1_2' title="bbox 1992 385 2318 445">
     <span class='ocr_line' id='line_1_2' title="bbox 1992 385 2318 445; baseline 0.006 -2"><span class='ocrx_word' id='word_1_2' title='bbox 1992 385 2318 445; x_wconf 81' lang='lat' dir='ltr'><strong>ORIGENIS</strong></span> 
     </span>
    </p>
   </div>
   <div class='ocr_carea' id='block_1_3' title="bbox 3673 436 3774 492">
    <p class='ocr_par' dir='ltr' id='par_1_3' title="bbox 3673 436 3774 492">
     <span class='ocr_line' id='line_1_3' title="bbox 3673 436 3774 492; baseline -0.01 -1"><span class='ocrx_word' id='word_1_3' title='bbox 3673 436 3774 492; x_wconf 72' lang='lat'><strong>520</strong></span> 
     </span>
    </p>
   </div>
   <div class='ocr_carea' id='block_1_4' title="bbox 516 490 2051 596">
    <p class='ocr_par' dir='ltr' id='par_1_4' title="bbox 516 490 2049 573">
     <span class='ocr_line' id='line_1_4' title="bbox 516 490 2049 573; baseline 0.001 -17"><span class='ocrx_word' id='word_1_4' title='bbox 516 503 607 556; x_wconf 87' lang='lat' dir='ltr'><strong>sit.</strong></span> <span class='ocrx_word' id='word_1_5' title='bbox 639 501 794 572; x_wconf 72' lang='lat' dir='ltr'><strong>Smpe</strong></span> <span class='ocrx_word' id='word_1_6' title='bbox 830 501 960 556; x_wconf 86' lang='lat' dir='ltr'><strong>mihi</strong></span> <span class='ocrx_word' id='word_1_7' title='bbox 1007 501 1196 557; x_wconf 89' lang='lat' dir='ltr'><strong>oborta</strong></span> <span class='ocrx_word' id='word_1_8' title='bbox 1230 490 1500 557; x_wconf 80' lang='lat' dir='ltr'><strong>dubitatio</strong></span> <span class='ocrx_word' id='word_1_9' title='bbox 1551 512 1634 558; x_wconf 91' lang='lat' dir='ltr'><strong>est</strong></span> <span class='ocrx_word' id='word_1_10' title='bbox 1677 503 1812 558; x_wconf 77' lang='lat' dir='ltr'><strong>dites</strong></span> <span class='ocrx_word' id='word_1_11' title='bbox 1846 505 2049 573; x_wconf 81' lang='lat' dir='ltr'><strong>Apostn</strong></span> 
     </span>
    </p>
   </div>
   <div class='ocr_carea' id='block_1_5' title="bbox 2159 490 3776 596">
    <p class='ocr_par' dir='ltr' id='par_1_5' title="bbox 2159 511 3776 596">
     <span class='ocr_line' id='line_1_5' title="bbox 2159 511 3776 596; baseline 0.014 -35"><span class='ocrx_word' id='word_1_12' title='bbox 2159 553 2164 569; x_wconf 80' lang='grc'><strong>,</strong></span> <span class='ocrx_word' id='word_1_13' title='bbox 2195 527 2285 562; x_wconf 89' lang='grc' dir='ltr'><strong>τον</strong></span> <span class='ocrx_word' id='word_1_14' title='bbox 2315 511 2434 581; x_wconf 83' lang='grc' dir='ltr'><strong>Θεῷ</strong></span> <span class='ocrx_word' id='word_1_15' title='bbox 2462 512 2637 581; x_wconf 81' lang='grc' dir='ltr'>φίλος,</span> <span class='ocrx_word' id='word_1_16' title='bbox 2662 517 2734 579; x_wconf 80' lang='grc' dir='ltr'>ὡς</span> <span class='ocrx_word' id='word_1_17' title='bbox 2767 515 3027 573; x_wconf 84' lang='grc' dir='ltr'>πλειόνων</span> <span class='ocrx_word' id='word_1_18' title='bbox 3064 519 3248 591; x_wconf 78' lang='grc' dir='ltr'>μηνῶν</span> <span class='ocrx_word' id='word_1_19' title='bbox 3277 522 3366 578; x_wconf 76' lang='grc' dir='ltr'><strong>τὸν</strong></span> <span class='ocrx_word' id='word_1_20' title='bbox 3392 524 3611 596; x_wconf 90' lang='grc' dir='ltr'>πρῶτον</span> <span class='ocrx_word' id='word_1_21' title='bbox 3656 528 3776 584; x_wconf 83' lang='grc' dir='ltr'>ίδείν</span> 
     </span>
    </p>
   </div>
   <div class='ocr_carea' id='block_1_6' title="bbox 517 592 2091 665">
    <p class='ocr_par' dir='ltr' id='par_1_6' title="bbox 517 592 2091 665">
     <span class='ocr_line' id='line_1_6' title="bbox 517 592 2091 665; baseline 0.002 -18"><span class='ocrx_word' id='word_1_22' title='bbox 517 601 697 647; x_wconf 76' lang='lat' dir='ltr'><strong>textus</strong></span> <span class='ocrx_word' id='word_1_23' title='bbox 728 592 1057 658; x_wconf 77' lang='lat' dir='ltr'><strong>conferenti,</strong></span> <span class='ocrx_word' id='word_1_24' title='bbox 1111 595 1384 662; x_wconf 84' lang='lat' dir='ltr'><strong>quomodo</strong></span> <span class='ocrx_word' id='word_1_25' title='bbox 1425 595 1826 649; x_wconf 75' lang='lat' dir='ltr'><strong>consummatio</strong></span> <span class='ocrx_word' id='word_1_26' title='bbox 1861 597 2091 665; x_wconf 39' lang='lat' dir='ltr'><strong>sarculo-</strong></span> 
     </span>
    </p>
   </div>
   <div class='ocr_carea' id='block_1_7' title="bbox 515 685 2091 756">
    <p class='ocr_par' dir='ltr' id='par_1_7' title="bbox 515 685 2091 756">
     <span class='ocr_line' id='line_1_7' title="bbox 515 685 2091 756; baseline 0.004 -18"><span class='ocrx_word' id='word_1_27' title='bbox 515 700 633 739; x_wconf 89' lang='lat' dir='ltr'><strong>rum</strong></span> <span class='ocrx_word' id='word_1_28' title='bbox 667 686 738 740; x_wconf 90' lang='lat' dir='ltr'><strong>sit</strong></span> <span class='ocrx_word' id='word_1_29' title='bbox 769 687 820 739; x_wconf 91' lang='lat' dir='ltr'><strong>in</strong></span> <span class='ocrx_word' id='word_1_30' title='bbox 861 702 965 754; x_wconf 89' lang='lat' dir='ltr'><strong>qua</strong></span> <span class='ocrx_word' id='word_1_31' title='bbox 998 685 1167 740; x_wconf 82' lang='lat' dir='ltr'><strong>semel</strong></span> <span class='ocrx_word' id='word_1_32' title='bbox 1199 687 1265 740; x_wconf 85' lang='lat' dir='ltr'><strong>ad</strong></span> <span class='ocrx_word' id='word_1_33' title='bbox 1297 685 1714 741; x_wconf 88' lang='lat' dir='ltr'><strong>destitutionem</strong></span> <span class='ocrx_word' id='word_1_34' title='bbox 1747 689 1952 756; x_wconf 77' lang='lat' dir='ltr'><strong>peccati</strong></span> <span class='ocrx_word' id='word_1_35' title='bbox 1999 689 2091 744; x_wconf 82' lang='lat' dir='ltr'><strong>Je—</strong></span> 
     </span>
    </p>
   </div>
   <div class='ocr_carea' id='block_1_8' title="bbox 513 772 2089 844">
    <p class='ocr_par' dir='ltr' id='par_1_8' title="bbox 513 772 2089 844">
     <span class='ocr_line' id='line_1_8' title="bbox 513 772 2089 844; baseline 0.003 -16"><span class='ocrx_word' id='word_1_36' title='bbox 513 789 608 829; x_wconf 88' lang='lat' dir='ltr'><strong>sns</strong></span> <span class='ocrx_word' id='word_1_37' title='bbox 641 775 906 844; x_wconf 88' lang='lat' dir='ltr'><strong>apparuit.</strong></span> <span class='ocrx_word' id='word_1_38' title='bbox 942 774 986 828; x_wconf 85' lang='lat' dir='ltr'><strong>si</strong></span> <span class='ocrx_word' id='word_1_39' title='bbox 1032 772 1210 826; x_wconf 78' lang='lat' dir='ltr'><strong>futura</strong></span> <span class='ocrx_word' id='word_1_40' title='bbox 1247 783 1381 829; x_wconf 77' lang='lat' dir='ltr'><strong>sunt.</strong></span> <span class='ocrx_word' id='word_1_41' title='bbox 1428 774 1626 828; x_wconf 67' lang='lat' dir='ltr'><strong>saecula</strong></span> <span class='ocrx_word' id='word_1_42' title='bbox 1671 788 1789 844; x_wconf 90' lang='lat' dir='ltr'><strong>post</strong></span> <span class='ocrx_word' id='word_1_43' title='bbox 1821 777 1927 831; x_wconf 88' lang='lat' dir='ltr'><strong>hoc</strong></span> <span class='ocrx_word' id='word_1_44' title='bbox 1955 794 2089 833; x_wconf 87' lang='lat' dir='ltr'><strong>ven-</strong></span> 
     </span>
    </p>
   </div>
   <div class='ocr_carea' id='block_1_9' title="bbox 513 863 2090 938">
    <p class='ocr_par' dir='ltr' id='par_1_9' title="bbox 513 863 2090 938">
     <span class='ocr_line' id='line_1_9' title="bbox 513 863 2090 938; baseline 0.001 -18"><span class='ocrx_word' id='word_1_45' title='bbox 513 876 658 920; x_wconf 89' lang='lat' dir='ltr'><strong>tura.</strong></span> <span class='ocrx_word' id='word_1_46' title='bbox 700 864 823 920; x_wconf 69' lang='lat' dir='ltr'><strong>llzec</strong></span> <span class='ocrx_word' id='word_1_47' title='bbox 863 878 994 919; x_wconf 84' lang='lat' dir='ltr'><strong>vero</strong></span> <span class='ocrx_word' id='word_1_48' title='bbox 1019 880 1145 919; x_wconf 88' lang='lat' dir='ltr'><strong>sunt</strong></span> <span class='ocrx_word' id='word_1_49' title='bbox 1184 865 1354 934; x_wconf 84' lang='lat' dir='ltr'><strong>ipsius</strong></span> <span class='ocrx_word' id='word_1_50' title='bbox 1389 863 1582 930; x_wconf 84' lang='lat' dir='ltr'><strong>verba,</strong></span> <span class='ocrx_word' id='word_1_51' title='bbox 1610 866 1661 919; x_wconf 93' lang='lat' dir='ltr'><strong>in</strong></span> <span class='ocrx_word' id='word_1_52' title='bbox 1699 866 1936 936; x_wconf 86' lang='lat' dir='ltr'><strong>Epistola</strong></span> <span class='ocrx_word' id='word_1_53' title='bbox 1964 870 2090 938; x_wconf 86' lang='lat' dir='ltr'><strong>qni-</strong></span> 
     </span>
    </p>
   </div>
   <div class='ocr_carea' id='block_1_10' title="bbox 509 955 2087 1014">
    <p class='ocr_par' dir='ltr' id='par_1_10' title="bbox 509 955 2087 1014">
     <span class='ocr_line' id='line_1_10' title="bbox 509 955 2087 1014; baseline 0.001 -2"><span class='ocrx_word' id='word_1_54' title='bbox 509 959 631 1012; x_wconf 90' lang='lat' dir='ltr'><strong>dem</strong></span> <span class='ocrx_word' id='word_1_55' title='bbox 665 955 728 1010; x_wconf 88' lang='lat' dir='ltr'><strong>ad</strong></span> <span class='ocrx_word' id='word_1_56' title='bbox 757 955 1012 1009; x_wconf 64' lang='lat' dir='ltr'><strong>Hebraeos</strong></span> <span class='ocrx_word' id='word_1_57' title='bbox 1041 974 1055 1010; x_wconf 91' lang='lat'>:</span> <span class='ocrx_word' id='word_1_58' title='bbox 1094 955 1251 1009; x_wconf 87' lang='lat' dir='ltr'><strong>Nunc</strong></span> <span class='ocrx_word' id='word_1_59' title='bbox 1279 967 1455 1010; x_wconf 87' lang='lat' dir='ltr'><strong>autem</strong></span> <span class='ocrx_word' id='word_1_60' title='bbox 1485 957 1644 1011; x_wconf 83' lang='lat' dir='ltr'><strong>semel</strong></span> <span class='ocrx_word' id='word_1_61' title='bbox 1667 959 1720 1010; x_wconf 85' lang='lat' dir='ltr'><strong>in</strong></span> <span class='ocrx_word' id='word_1_62' title='bbox 1757 974 2087 1014; x_wconf 77' lang='lat' dir='ltr'><strong>consumatu-</strong></span> 
     </span>
    </p>
   </div>
   <div class='ocr_carea' id='block_1_11' title="bbox 507 1047 2084 1120">
    <p class='ocr_par' dir='ltr' id='par_1_11' title="bbox 507 1047 2084 1120">
     <span class='ocr_line' id='line_1_11' title="bbox 507 1047 2084 1120; baseline 0.004 -20"><span class='ocrx_word' id='word_1_63' title='bbox 507 1049 648 1101; x_wconf 86' lang='lat' dir='ltr'><strong>tione</strong></span> <span class='ocrx_word' id='word_1_64' title='bbox 663 1047 975 1102; x_wconf 75' lang='lat' dir='ltr'><strong>swculorum</strong></span> <span class='ocrx_word' id='word_1_65' title='bbox 998 1048 1066 1100; x_wconf 91' lang='lat' dir='ltr'><strong>ad</strong></span> <span class='ocrx_word' id='word_1_66' title='bbox 1088 1047 1478 1103; x_wconf 75' lang='lat' dir='ltr'><strong>destitutionem</strong></span> <span class='ocrx_word' id='word_1_67' title='bbox 1503 1052 1729 1118; x_wconf 80' lang='lat' dir='ltr'><strong>peccati,</strong></span> <span class='ocrx_word' id='word_1_68' title='bbox 1754 1055 2084 1120; x_wconf 78' lang='lat' dir='ltr'><strong>perhostiam</strong></span> 
     </span>
    </p>
   </div>
   <div class='ocr_carea' id='block_1_12' title="bbox 505 1138 2081 1213">
    <p class='ocr_par' dir='ltr' id='par_1_12' title="bbox 505 1138 2081 1213">
     <span class='ocr_line' id='line_1_12' title="bbox 505 1138 2081 1213; baseline 0.006 -21"><span class='ocrx_word' id='word_1_69' title='bbox 505 1155 656 1192; x_wconf 85' lang='lat' dir='ltr'><strong>suam</strong></span> <span class='ocrx_word' id='word_1_70' title='bbox 691 1140 935 1208; x_wconf 85' lang='lat' dir='ltr'><strong>apparuit</strong></span> <span class='ocrx_word' id='word_1_71' title='bbox 969 1139 1012 1170; x_wconf 78' lang='grc'>⁸⁷</span> <span class='ocrx_word' id='word_1_72' title='bbox 1035 1156 1050 1202; x_wconf 87' lang='grc'>;</span> <span class='ocrx_word' id='word_1_73' title='bbox 1074 1139 1125 1192; x_wconf 91' lang='lat' dir='ltr'><strong>in</strong></span> <span class='ocrx_word' id='word_1_74' title='bbox 1161 1138 1395 1208; x_wconf 83' lang='lat' dir='ltr'><strong>Epistola</strong></span> <span class='ocrx_word' id='word_1_75' title='bbox 1437 1151 1617 1195; x_wconf 88' lang='lat' dir='ltr'><strong>autem</strong></span> <span class='ocrx_word' id='word_1_76' title='bbox 1662 1145 1728 1197; x_wconf 86' lang='lat' dir='ltr'><strong>ad</strong></span> <span class='ocrx_word' id='word_1_77' title='bbox 1773 1145 2034 1213; x_wconf 85' lang='lat' dir='ltr'><strong>Ephesios</strong></span> <span class='ocrx_word' id='word_1_78' title='bbox 2067 1165 2081 1202; x_wconf 92' lang='lat'><strong>:</strong></span> 
     </span>
    </p>
   </div>
   <div class='ocr_carea' id='block_1_13' title="bbox 506 1228 2082 1301">
    <p class='ocr_par' dir='ltr' id='par_1_13' title="bbox 506 1228 2082 1301">
     <span class='ocr_line' id='line_1_13' title="bbox 506 1228 2082 1301; baseline 0.006 -17"><span class='ocrx_word' id='word_1_79' title='bbox 506 1228 574 1284; x_wconf 88' lang='lat' dir='ltr'><strong>Ut</strong></span> <span class='ocrx_word' id='word_1_80' title='bbox 606 1231 893 1285; x_wconf 79' lang='lat' dir='ltr'><strong>ostenderet</strong></span> <span class='ocrx_word' id='word_1_81' title='bbox 918 1233 972 1285; x_wconf 88' lang='lat' dir='ltr'><strong>in</strong></span> <span class='ocrx_word' id='word_1_82' title='bbox 1010 1232 1218 1284; x_wconf 72' lang='lat' dir='ltr'><strong>statutis</strong></span> <span class='ocrx_word' id='word_1_83' title='bbox 1241 1234 1718 1301; x_wconf 82' lang='lat' dir='ltr'><strong>supervenientibus</strong></span> <span class='ocrx_word' id='word_1_84' title='bbox 1751 1237 2082 1294; x_wconf 78' lang='lat' dir='ltr'><strong>abundantes</strong></span> 
     </span>
    </p>
   </div>
   <div class='ocr_carea' id='block_1_14' title="bbox 501 1322 2083 1392">
    <p class='ocr_par' dir='ltr' id='par_1_14' title="bbox 501 1322 2083 1392">
     <span class='ocr_line' id='line_1_14' title="bbox 501 1322 2083 1392; baseline 0.007 -17"><span class='ocrx_word' id='word_1_85' title='bbox 501 1323 714 1376; x_wconf 80' lang='lat' dir='ltr'><strong>divitias</strong></span> <span class='ocrx_word' id='word_1_86' title='bbox 727 1322 913 1390; x_wconf 78' lang='lat' dir='ltr'><strong>gratia:</strong></span> <span class='ocrx_word' id='word_1_87' title='bbox 939 1338 1047 1376; x_wconf 71' lang='lat' dir='ltr'><strong>sua:</strong></span> <span class='ocrx_word' id='word_1_88' title='bbox 1075 1324 1128 1375; x_wconf 87' lang='lat' dir='ltr'><strong>iu</strong></span> <span class='ocrx_word' id='word_1_89' title='bbox 1161 1323 1391 1377; x_wconf 85' lang='lat' dir='ltr'><strong>bonitate</strong></span> <span class='ocrx_word' id='word_1_90' title='bbox 1417 1341 1572 1392; x_wconf 85' lang='lat' dir='ltr'><strong>super</strong></span> <span class='ocrx_word' id='word_1_91' title='bbox 1609 1343 1705 1381; x_wconf 84' lang='lat' dir='ltr'><strong>nos</strong></span> <span class='ocrx_word' id='word_1_92' title='bbox 1726 1327 1798 1381; x_wconf 78' lang='grc'><strong>⁸⁸.</strong></span> <span class='ocrx_word' id='word_1_93' title='bbox 1819 1330 1893 1384; x_wconf 89' lang='lat' dir='ltr'><strong>De</strong></span> <span class='ocrx_word' id='word_1_94' title='bbox 1918 1334 2083 1386; x_wconf 86' lang='lat' dir='ltr'><strong>tantis</strong></span> 
     </span>
    </p>
   </div>
   <div class='ocr_carea' id='block_1_15' title="bbox 502 1412 2081 1484">
    <p class='ocr_par' dir='ltr' id='par_1_15' title="bbox 502 1412 2081 1484">
     <span class='ocr_line' id='line_1_15' title="bbox 502 1412 2081 1484; baseline 0.008 -19"><span class='ocrx_word' id='word_1_95' title='bbox 502 1412 660 1483; x_wconf 74' lang='lat'><strong>251</strong></span> <span class='ocrx_word' id='word_1_96' title='bbox 694 1414 876 1481; x_wconf 78' lang='lat' dir='ltr'><strong>itaque</strong></span> <span class='ocrx_word' id='word_1_97' title='bbox 895 1412 1055 1468; x_wconf 82' lang='lat' dir='ltr'><strong>rebus</strong></span> <span class='ocrx_word' id='word_1_98' title='bbox 1071 1413 1151 1469; x_wconf 91' lang='lat' dir='ltr'><strong>sic</strong></span> <span class='ocrx_word' id='word_1_99' title='bbox 1175 1413 1407 1484; x_wconf 80' lang='lat' dir='ltr'><strong>coniicio</strong></span> <span class='ocrx_word' id='word_1_100' title='bbox 1425 1432 1438 1468; x_wconf 92' lang='lat'>:</span> <span class='ocrx_word' id='word_1_101' title='bbox 1459 1425 1518 1469; x_wconf 93' lang='grc' dir='ltr'><strong>ιιι</strong></span> <span class='ocrx_word' id='word_1_102' title='bbox 1539 1420 1665 1470; x_wconf 89' lang='lat' dir='ltr'><strong>anni</strong></span> <span class='ocrx_word' id='word_1_103' title='bbox 1686 1423 2081 1476; x_wconf 79' lang='lat' dir='ltr'><strong>consummatio</strong></span> 
     </span>
    </p>
   </div>
   <div class='ocr_carea' id='block_1_16' title="bbox 503 1505 2080 1574">
    <p class='ocr_par' dir='ltr' id='par_1_16' title="bbox 503 1505 2080 1574">
     <span class='ocr_line' id='line_1_16' title="bbox 503 1505 2080 1574; baseline 0.007 -18"><span class='ocrx_word' id='word_1_104' title='bbox 503 1505 703 1558; x_wconf 85' lang='lat' dir='ltr'><strong>mensis</strong></span> <span class='ocrx_word' id='word_1_105' title='bbox 733 1505 953 1557; x_wconf 83' lang='lat' dir='ltr'><strong>ultimus</strong></span> <span class='ocrx_word' id='word_1_106' title='bbox 977 1514 1057 1559; x_wconf 87' lang='lat' dir='ltr'><strong>est</strong></span> <span class='ocrx_word' id='word_1_107' title='bbox 1081 1513 1204 1573; x_wconf 87' lang='lat' dir='ltr'><strong>post</strong></span> <span class='ocrx_word' id='word_1_108' title='bbox 1228 1520 1384 1574; x_wconf 83' lang='lat' dir='ltr'><strong>quem</strong></span> <span class='ocrx_word' id='word_1_109' title='bbox 1413 1507 1579 1563; x_wconf 88' lang='lat' dir='ltr'><strong>instat</strong></span> <span class='ocrx_word' id='word_1_110' title='bbox 1602 1510 1818 1565; x_wconf 89' lang='lat' dir='ltr'><strong>initium</strong></span> <span class='ocrx_word' id='word_1_111' title='bbox 1853 1513 2080 1568; x_wconf 87' lang='lat' dir='ltr'><strong>alterius</strong></span> 
     </span>
    </p>
   </div>
   <div class='ocr_carea' id='block_1_17' title="bbox 501 1594 2077 1666">
    <p class='ocr_par' dir='ltr' id='par_1_17' title="bbox 501 1594 2077 1666">
     <span class='ocr_line' id='line_1_17' title="bbox 501 1594 2077 1666; baseline 0.003 -17"><span class='ocrx_word' id='word_1_112' title='bbox 501 1595 727 1660; x_wconf 87' lang='lat' dir='ltr'><strong>mensis;</strong></span> <span class='ocrx_word' id='word_1_113' title='bbox 746 1595 825 1649; x_wconf 87' lang='lat' dir='ltr'><strong>sic</strong></span> <span class='ocrx_word' id='word_1_114' title='bbox 841 1594 1074 1650; x_wconf 80' lang='lat' dir='ltr'><strong>fortasse</strong></span> <span class='ocrx_word' id='word_1_115' title='bbox 1090 1611 1212 1650; x_wconf 92' lang='lat' dir='ltr'><strong>cum</strong></span> <span class='ocrx_word' id='word_1_116' title='bbox 1231 1597 1458 1666; x_wconf 88' lang='lat' dir='ltr'><strong>plurima</strong></span> <span class='ocrx_word' id='word_1_117' title='bbox 1477 1605 1672 1654; x_wconf 67' lang='lat' dir='ltr'><strong>suacula</strong></span> <span class='ocrx_word' id='word_1_118' title='bbox 1693 1600 1855 1656; x_wconf 85' lang='lat' dir='ltr'><strong>veluti</strong></span> <span class='ocrx_word' id='word_1_119' title='bbox 1878 1618 2077 1656; x_wconf 80' lang='lat' dir='ltr'><strong>annum</strong></span> 
     </span>
    </p>
   </div>
   <div class='ocr_carea' id='block_1_18' title="bbox 500 1687 2078 1762">
    <p class='ocr_par' dir='ltr' id='par_1_18' title="bbox 500 1687 2078 1762">
     <span class='ocr_line' id='line_1_18' title="bbox 500 1687 2078 1762; baseline 0.006 -22"><span class='ocrx_word' id='word_1_120' title='bbox 500 1687 820 1740; x_wconf 76' lang='lat' dir='ltr'><strong>saeculorum</strong></span> <span class='ocrx_word' id='word_1_121' title='bbox 862 1687 1221 1755; x_wconf 83' lang='lat' dir='ltr'><strong>impleverim,</strong></span> <span class='ocrx_word' id='word_1_122' title='bbox 1271 1692 1666 1746; x_wconf 88' lang='lat' dir='ltr'><strong>consummatio</strong></span> <span class='ocrx_word' id='word_1_123' title='bbox 1714 1701 1798 1748; x_wconf 90' lang='lat' dir='ltr'><strong>est</strong></span> <span class='ocrx_word' id='word_1_124' title='bbox 1835 1708 2078 1762; x_wconf 68' lang='lat' dir='ltr'><strong>prtesens</strong></span> 
     </span>
    </p>
   </div>
   <div class='ocr_carea' id='block_1_19' title="bbox 498 1777 2072 1850">
    <p class='ocr_par' dir='ltr' id='par_1_19' title="bbox 498 1777 2072 1850">
     <span class='ocr_line' id='line_1_19' title="bbox 498 1777 2072 1850; baseline 0.005 -20"><span class='ocrx_word' id='word_1_125' title='bbox 498 1777 776 1842; x_wconf 67' lang='lat' dir='ltr'><strong>saeculum,</strong></span> <span class='ocrx_word' id='word_1_126' title='bbox 796 1790 915 1846; x_wconf 87' lang='lat' dir='ltr'><strong>post</strong></span> <span class='ocrx_word' id='word_1_127' title='bbox 938 1779 1079 1847; x_wconf 86' lang='lat' dir='ltr'><strong>quod</strong></span> <span class='ocrx_word' id='word_1_128' title='bbox 1100 1778 1276 1834; x_wconf 89' lang='lat' dir='ltr'><strong>l&#39;nlnra</strong></span> <span class='ocrx_word' id='word_1_129' title='bbox 1296 1783 1536 1849; x_wconf 74' lang='lat' dir='ltr'><strong>qumdam</strong></span> <span class='ocrx_word' id='word_1_130' title='bbox 1557 1783 1834 1838; x_wconf 90' lang='lat' dir='ltr'><strong>instabunt</strong></span> <span class='ocrx_word' id='word_1_131' title='bbox 1859 1785 2072 1850; x_wconf 70' lang='lat' dir='ltr'><strong>smeula,</strong></span> 
     </span>
    </p>
   </div>
   <div class='ocr_carea' id='block_1_20' title="bbox 497 1871 2074 1939">
    <p class='ocr_par' dir='ltr' id='par_1_20' title="bbox 497 1871 2074 1939">
     <span class='ocr_line' id='line_1_20' title="bbox 497 1871 2074 1939; baseline 0.008 -19"><span class='ocrx_word' id='word_1_132' title='bbox 497 1883 726 1939; x_wconf 88' lang='lat' dir='ltr'><strong>quorum</strong></span> <span class='ocrx_word' id='word_1_133' title='bbox 751 1871 1072 1938; x_wconf 82' lang='lat' dir='ltr'><strong>principium</strong></span> <span class='ocrx_word' id='word_1_134' title='bbox 1088 1872 1411 1928; x_wconf 74' lang='lat' dir='ltr'><strong>sitfuturum</strong></span> <span class='ocrx_word' id='word_1_135' title='bbox 1432 1876 1716 1937; x_wconf 61' lang='lat' dir='ltr'><strong>sarculum;</strong></span> <span class='ocrx_word' id='word_1_136' title='bbox 1736 1886 1789 1930; x_wconf 91' lang='lat' dir='ltr'><strong>et</strong></span> <span class='ocrx_word' id='word_1_137' title='bbox 1809 1877 1862 1931; x_wconf 89' lang='lat' dir='ltr'><strong>in</strong></span> <span class='ocrx_word' id='word_1_138' title='bbox 1880 1879 2074 1933; x_wconf 82' lang='lat' dir='ltr'><strong>futuris</strong></span> 
     </span>
    </p>
   </div>
   <div class='ocr_carea' id='block_1_21' title="bbox 497 1961 2071 2039">
    <p class='ocr_par' dir='ltr' id='par_1_21' title="bbox 497 1961 2071 2039">
     <span class='ocr_line' id='line_1_21' title="bbox 497 1961 2071 2039; baseline 0.008 -23"><span class='ocrx_word' id='word_1_139' title='bbox 497 1963 604 2017; x_wconf 87' lang='lat' dir='ltr'><strong>illis</strong></span> <span class='ocrx_word' id='word_1_140' title='bbox 620 1964 866 2018; x_wconf 80' lang='lat' dir='ltr'><strong>ostendet</strong></span> <span class='ocrx_word' id='word_1_141' title='bbox 891 1965 1026 2018; x_wconf 89' lang='lat' dir='ltr'><strong>Deus</strong></span> <span class='ocrx_word' id='word_1_142' title='bbox 1048 1961 1262 2020; x_wconf 87' lang='lat' dir='ltr'><strong>divitias</strong></span> <span class='ocrx_word' id='word_1_143' title='bbox 1281 1969 1465 2036; x_wconf 64' lang='lat' dir='ltr'><strong>gratiae</strong></span> <span class='ocrx_word' id='word_1_144' title='bbox 1491 1985 1601 2023; x_wconf 70' lang='lat' dir='ltr'><strong>suae</strong></span> <span class='ocrx_word' id='word_1_145' title='bbox 1619 1969 1673 2024; x_wconf 92' lang='lat' dir='ltr'><strong>in</strong></span> <span class='ocrx_word' id='word_1_146' title='bbox 1695 1971 1969 2039; x_wconf 81' lang='lat' dir='ltr'><strong>bonitate;</strong></span> <span class='ocrx_word' id='word_1_147' title='bbox 1997 1974 2071 2028; x_wconf 89' lang='lat' dir='ltr'><strong>ita</strong></span> 
     </span>
    </p>
   </div>
   <div class='ocr_carea' id='block_1_22' title="bbox 496 2055 2072 2127">
    <p class='ocr_par' dir='ltr' id='par_1_22' title="bbox 496 2055 2072 2127">
     <span class='ocr_line' id='line_1_22' title="bbox 496 2055 2072 2127; baseline 0.008 -21"><span class='ocrx_word' id='word_1_148' title='bbox 496 2063 818 2108; x_wconf 89' lang='lat' dir='ltr'><strong>ntsummus</strong></span> <span class='ocrx_word' id='word_1_149' title='bbox 843 2055 934 2108; x_wconf 90' lang='lat' dir='ltr'><strong>ille</strong></span> <span class='ocrx_word' id='word_1_150' title='bbox 966 2067 1223 2123; x_wconf 84' lang='lat' dir='ltr'><strong>peccator</strong></span> <span class='ocrx_word' id='word_1_151' title='bbox 1240 2069 1294 2111; x_wconf 88' lang='lat' dir='ltr'><strong>et</strong></span> <span class='ocrx_word' id='word_1_152' title='bbox 1315 2059 1366 2111; x_wconf 89' lang='lat' dir='ltr'><strong>in</strong></span> <span class='ocrx_word' id='word_1_153' title='bbox 1391 2060 1653 2127; x_wconf 84' lang='lat' dir='ltr'><strong>Spiritum</strong></span> <span class='ocrx_word' id='word_1_154' title='bbox 1677 2072 1926 2116; x_wconf 89' lang='lat' dir='ltr'><strong>sanctum</strong></span> <span class='ocrx_word' id='word_1_155' title='bbox 1955 2064 2072 2118; x_wconf 87' lang='lat' dir='ltr'><strong>bla-</strong></span> 
     </span>
    </p>
   </div>
   <div class='ocr_carea' id='block_1_23' title="bbox 495 2144 2072 2222">
    <p class='ocr_par' dir='ltr' id='par_1_23' title="bbox 495 2144 2072 2222">
     <span class='ocr_line' id='line_1_23' title="bbox 495 2144 2072 2222; baseline 0.008 -24"><span class='ocrx_word' id='word_1_156' title='bbox 495 2144 750 2212; x_wconf 77' lang='lat' dir='ltr'><strong>Sphemus</strong></span> <span class='ocrx_word' id='word_1_157' title='bbox 766 2161 861 2213; x_wconf 90' lang='lat' dir='ltr'><strong>per</strong></span> <span class='ocrx_word' id='word_1_158' title='bbox 876 2155 1043 2200; x_wconf 89' lang='lat' dir='ltr'><strong>totum</strong></span> <span class='ocrx_word' id='word_1_159' title='bbox 1065 2149 1165 2202; x_wconf 83' lang='lat' dir='ltr'><strong>hoc</strong></span> <span class='ocrx_word' id='word_1_160' title='bbox 1184 2164 1419 2216; x_wconf 64' lang='lat' dir='ltr'><strong>praesens</strong></span> <span class='ocrx_word' id='word_1_161' title='bbox 1438 2151 1690 2204; x_wconf 69' lang='lat' dir='ltr'><strong>saeculum</strong></span> <span class='ocrx_word' id='word_1_162' title='bbox 1709 2168 1735 2203; x_wconf 90' lang='lat' dir='ltr'><strong>a</strong></span> <span class='ocrx_word' id='word_1_163' title='bbox 1751 2166 1972 2222; x_wconf 86' lang='lat' dir='ltr'><strong>peccato</strong></span> <span class='ocrx_word' id='word_1_164' title='bbox 1984 2157 2072 2209; x_wconf 75' lang='lat' dir='ltr'><strong>tle-</strong></span> 
     </span>
    </p>
   </div>
   <div class='ocr_carea' id='block_1_24' title="bbox 496 2237 2071 2306">
    <p class='ocr_par' dir='ltr' id='par_1_24' title="bbox 496 2237 2071 2306">
     <span class='ocr_line' id='line_1_24' title="bbox 496 2237 2071 2306; baseline 0.007 -16"><span class='ocrx_word' id='word_1_165' title='bbox 496 2237 820 2302; x_wconf 89' lang='lat' dir='ltr'><strong>tineatur,et</strong></span> <span class='ocrx_word' id='word_1_166' title='bbox 835 2248 955 2306; x_wconf 78' lang='lat' dir='ltr'><strong>post</strong></span> <span class='ocrx_word' id='word_1_167' title='bbox 975 2239 1087 2292; x_wconf 69' lang='lat' dir='ltr'><strong>haec</strong></span> <span class='ocrx_word' id='word_1_168' title='bbox 1106 2239 1157 2292; x_wconf 86' lang='lat' dir='ltr'><strong>in</strong></span> <span class='ocrx_word' id='word_1_169' title='bbox 1175 2240 1354 2293; x_wconf 86' lang='lat' dir='ltr'><strong>lntnro</strong></span> <span class='ocrx_word' id='word_1_170' title='bbox 1371 2243 1439 2294; x_wconf 90' lang='lat' dir='ltr'><strong>ah</strong></span> <span class='ocrx_word' id='word_1_171' title='bbox 1459 2242 1613 2295; x_wconf 90' lang='lat' dir='ltr'><strong>initio</strong></span> <span class='ocrx_word' id='word_1_172' title='bbox 1628 2246 1692 2296; x_wconf 82' lang='lat' dir='ltr'><strong>ad</strong></span> <span class='ocrx_word' id='word_1_173' title='bbox 1714 2245 1871 2299; x_wconf 89' lang='lat' dir='ltr'><strong>tinem</strong></span> <span class='ocrx_word' id='word_1_174' title='bbox 1891 2249 1960 2301; x_wconf 89' lang='lat' dir='ltr'><strong>sit</strong></span> <span class='ocrx_word' id='word_1_175' title='bbox 1979 2262 2071 2301; x_wconf 82' lang='lat' dir='ltr'><strong>ne-</strong></span> 
     </span>
    </p>
   </div>
   <div class='ocr_carea' id='block_1_25' title="bbox 493 2326 2070 2398">
    <p class='ocr_par' dir='ltr' id='par_1_25' title="bbox 493 2326 2070 2398">
     <span class='ocr_line' id='line_1_25' title="bbox 493 2326 2070 2398; baseline 0.007 -19"><span class='ocrx_word' id='word_1_176' title='bbox 493 2326 606 2379; x_wconf 76' lang='grc' dir='ltr'>ει·ἰο</span> <span class='ocrx_word' id='word_1_177' title='bbox 622 2327 891 2394; x_wconf 88' lang='lat' dir='ltr'><strong>quomodo</strong></span> <span class='ocrx_word' id='word_1_178' title='bbox 907 2328 1372 2383; x_wconf 72' lang='lat' dir='ltr'><strong>tractamhilemc</strong></span> <span class='ocrx_word' id='word_1_179' title='bbox 1387 2333 1476 2397; x_wconf 90' lang='lat' dir='ltr'><strong>qui</strong></span> <span class='ocrx_word' id='word_1_180' title='bbox 1494 2334 1768 2398; x_wconf 85' lang='lat' dir='ltr'><strong>viderit,et</strong></span> <span class='ocrx_word' id='word_1_181' title='bbox 1786 2337 2070 2390; x_wconf 85' lang='lat' dir='ltr'><strong>hebdoma-</strong></span> 
     </span>
    </p>
   </div>
   <div class='ocr_carea' id='block_1_26' title="bbox 492 2417 2068 2491">
    <p class='ocr_par' dir='ltr' id='par_1_26' title="bbox 492 2417 2068 2491">
     <span class='ocr_line' id='line_1_26' title="bbox 492 2417 2068 2491; baseline 0.007 -24"><span class='ocrx_word' id='word_1_182' title='bbox 492 2420 613 2468; x_wconf 84' lang='lat' dir='ltr'><strong>dam</strong></span> <span class='ocrx_word' id='word_1_183' title='bbox 642 2417 962 2470; x_wconf 42' lang='lat' dir='ltr'><strong>satcnlorum</strong></span> <span class='ocrx_word' id='word_1_184' title='bbox 993 2426 1174 2471; x_wconf 89' lang='lat' dir='ltr'><strong>mente</strong></span> <span class='ocrx_word' id='word_1_185' title='bbox 1200 2421 1532 2487; x_wconf 85' lang='lat' dir='ltr'><strong>conceperit,</strong></span> <span class='ocrx_word' id='word_1_186' title='bbox 1551 2431 1607 2473; x_wconf 88' lang='lat' dir='ltr'><strong>ut</strong></span> <span class='ocrx_word' id='word_1_187' title='bbox 1630 2431 1878 2476; x_wconf 87' lang='lat' dir='ltr'><strong>sanctum</strong></span> <span class='ocrx_word' id='word_1_188' title='bbox 1905 2425 2068 2491; x_wconf 82' lang='lat' dir='ltr'><strong>quod-</strong></span> 
     </span>
    </p>
   </div>
   <div class='ocr_carea' id='block_1_27' title="bbox 489 2504 2064 2574">
    <p class='ocr_par' dir='ltr' id='par_1_27' title="bbox 489 2504 2064 2574">
     <span class='ocr_line' id='line_1_27' title="bbox 489 2504 2064 2574; baseline 0.008 -18"><span class='ocrx_word' id='word_1_189' title='bbox 489 2505 612 2558; x_wconf 87' lang='lat' dir='ltr'><strong>dam</strong></span> <span class='ocrx_word' id='word_1_190' title='bbox 659 2504 956 2560; x_wconf 87' lang='lat' dir='ltr'><strong>Sabhalum</strong></span> <span class='ocrx_word' id='word_1_191' title='bbox 989 2507 1418 2574; x_wconf 87' lang='lat' dir='ltr'><strong>contempletur;</strong></span> <span class='ocrx_word' id='word_1_192' title='bbox 1449 2519 1502 2564; x_wconf 90' lang='lat' dir='ltr'><strong>et</strong></span> <span class='ocrx_word' id='word_1_193' title='bbox 1549 2512 1866 2566; x_wconf 66' lang='lat' dir='ltr'><strong>smeulorum</strong></span> <span class='ocrx_word' id='word_1_194' title='bbox 1917 2529 2064 2568; x_wconf 88' lang='lat' dir='ltr'><strong>men-</strong></span> 
     </span>
    </p>
   </div>
   <div class='ocr_carea' id='block_1_28' title="bbox 486 2598 2060 2668">
    <p class='ocr_par' dir='ltr' id='par_1_28' title="bbox 486 2598 2060 2668">
     <span class='ocr_line' id='line_1_28' title="bbox 486 2598 2060 2668; baseline 0.006 -18"><span class='ocrx_word' id='word_1_195' title='bbox 486 2609 625 2659; x_wconf 71' lang='lat' dir='ltr'><strong>sem,</strong></span> <span class='ocrx_word' id='word_1_196' title='bbox 658 2605 714 2650; x_wconf 90' lang='lat' dir='ltr'><strong>ut</strong></span> <span class='ocrx_word' id='word_1_197' title='bbox 740 2606 984 2651; x_wconf 87' lang='lat' dir='ltr'><strong>sanctum</strong></span> <span class='ocrx_word' id='word_1_198' title='bbox 1023 2598 1113 2651; x_wconf 89' lang='lat' dir='ltr'><strong>Dei</strong></span> <span class='ocrx_word' id='word_1_199' title='bbox 1143 2599 1471 2653; x_wconf 86' lang='lat' dir='ltr'><strong>novilunium</strong></span> <span class='ocrx_word' id='word_1_200' title='bbox 1498 2601 1711 2668; x_wconf 86' lang='lat' dir='ltr'><strong>videat;</strong></span> <span class='ocrx_word' id='word_1_201' title='bbox 1741 2612 1794 2657; x_wconf 89' lang='lat' dir='ltr'><strong>et</strong></span> <span class='ocrx_word' id='word_1_202' title='bbox 1833 2605 2060 2659; x_wconf 67' lang='lat' dir='ltr'><strong>saaculo-</strong></span> 
     </span>
    </p>
   </div>
   <div class='ocr_carea' id='block_1_29' title="bbox 486 2690 2060 2764">
    <p class='ocr_par' dir='ltr' id='par_1_29' title="bbox 486 2690 2060 2764">
     <span class='ocr_line' id='line_1_29' title="bbox 486 2690 2060 2764; baseline 0.008 -25"><span class='ocrx_word' id='word_1_203' title='bbox 486 2699 609 2739; x_wconf 85' lang='lat' dir='ltr'><strong>rum</strong></span> <span class='ocrx_word' id='word_1_204' title='bbox 637 2701 864 2751; x_wconf 89' lang='lat' dir='ltr'><strong>annum,</strong></span> <span class='ocrx_word' id='word_1_205' title='bbox 889 2697 950 2740; x_wconf 91' lang='lat' dir='ltr'><strong>ut</strong></span> <span class='ocrx_word' id='word_1_206' title='bbox 980 2690 1147 2742; x_wconf 87' lang='lat' dir='ltr'><strong>etiam</strong></span> <span class='ocrx_word' id='word_1_207' title='bbox 1181 2690 1308 2743; x_wconf 89' lang='lat' dir='ltr'><strong>anni</strong></span> <span class='ocrx_word' id='word_1_208' title='bbox 1340 2691 1473 2744; x_wconf 81' lang='lat' dir='ltr'><strong>festa</strong></span> <span class='ocrx_word' id='word_1_209' title='bbox 1516 2693 1832 2760; x_wconf 79' lang='lat' dir='ltr'><strong>perSpiciat,</strong></span> <span class='ocrx_word' id='word_1_210' title='bbox 1858 2696 2060 2764; x_wconf 88' lang='lat' dir='ltr'><strong>quibus</strong></span> 
     </span>
    </p>
   </div>
   <div class='ocr_carea' id='block_1_30' title="bbox 481 2779 2060 2851">
    <p class='ocr_par' dir='ltr' id='par_1_30' title="bbox 481 2779 2060 2851">
     <span class='ocr_line' id='line_1_30' title="bbox 481 2779 2060 2851; baseline 0.005 -19"><span class='ocrx_word' id='word_1_211' title='bbox 481 2786 697 2847; x_wconf 89' lang='lat' dir='ltr'><strong>oportet</strong></span> <span class='ocrx_word' id='word_1_212' title='bbox 721 2794 870 2832; x_wconf 82' lang='lat' dir='ltr'><strong>omne</strong></span> <span class='ocrx_word' id='word_1_213' title='bbox 899 2779 1247 2832; x_wconf 79' lang='lat' dir='ltr'><strong>masculinum</strong></span> <span class='ocrx_word' id='word_1_214' title='bbox 1279 2796 1540 2849; x_wconf 85' lang='lat' dir='ltr'><strong>apparere</strong></span> <span class='ocrx_word' id='word_1_215' title='bbox 1570 2784 1622 2834; x_wconf 89' lang='lat' dir='ltr'><strong>in</strong></span> <span class='ocrx_word' id='word_1_216' title='bbox 1649 2796 1924 2851; x_wconf 79' lang='lat' dir='ltr'><strong>conspectu</strong></span> <span class='ocrx_word' id='word_1_217' title='bbox 1951 2785 2060 2840; x_wconf 84' lang='lat' dir='ltr'><strong>Do-</strong></span> 
     </span>
    </p>
   </div>
   <div class='ocr_carea' id='block_1_31' title="bbox 480 2870 2054 2946">
    <p class='ocr_par' dir='ltr' id='par_1_31' title="bbox 480 2870 2054 2946">
     <span class='ocr_line' id='line_1_31' title="bbox 480 2870 2054 2946; baseline 0.006 -21"><span class='ocrx_word' id='word_1_218' title='bbox 480 2870 613 2925; x_wconf 84' lang='lat' dir='ltr'><strong>mini</strong></span> <span class='ocrx_word' id='word_1_219' title='bbox 633 2870 725 2923; x_wconf 85' lang='lat' dir='ltr'><strong>Dei</strong></span> <span class='ocrx_word' id='word_1_220' title='bbox 745 2871 827 2935; x_wconf 77' lang='lat'><strong>&quot;;</strong></span> <span class='ocrx_word' id='word_1_221' title='bbox 859 2881 912 2926; x_wconf 88' lang='lat' dir='ltr'><strong>et</strong></span> <span class='ocrx_word' id='word_1_222' title='bbox 954 2872 1153 2926; x_wconf 85' lang='lat' dir='ltr'><strong>talibus</strong></span> <span class='ocrx_word' id='word_1_223' title='bbox 1182 2873 1392 2927; x_wconf 63' lang='lat' dir='ltr'><strong>saeculis</strong></span> <span class='ocrx_word' id='word_1_224' title='bbox 1411 2876 1839 2942; x_wconf 89' lang='lat' dir='ltr'><strong>proportionales</strong></span> <span class='ocrx_word' id='word_1_225' title='bbox 1861 2893 2054 2946; x_wconf 90' lang='lat' dir='ltr'><strong>annos,</strong></span> 
     </span>
    </p>
   </div>
   <div class='ocr_carea' id='block_1_32' title="bbox 481 2963 2056 3041">
    <p class='ocr_par' dir='ltr' id='par_1_32' title="bbox 481 2963 2056 3041">
     <span class='ocr_line' id='line_1_32' title="bbox 481 2963 2056 3041; baseline 0.006 -27"><span class='ocrx_word' id='word_1_226' title='bbox 481 2971 540 3015; x_wconf 91' lang='grc' dir='ltr'><strong>ιιι</strong></span> <span class='ocrx_word' id='word_1_227' title='bbox 573 2963 864 3037; x_wconf 78' lang='lat' dir='ltr'><strong>septimum</strong></span> <span class='ocrx_word' id='word_1_228' title='bbox 917 2972 1166 3017; x_wconf 89' lang='lat' dir='ltr'><strong>sanctum</strong></span> <span class='ocrx_word' id='word_1_229' title='bbox 1219 2979 1421 3017; x_wconf 70' lang='lat' dir='ltr'><strong>armum</strong></span> <span class='ocrx_word' id='word_1_230' title='bbox 1476 2966 1768 3037; x_wconf 72' lang='lat' dir='ltr'><strong>percipiat;</strong></span> <span class='ocrx_word' id='word_1_231' title='bbox 1823 2969 2056 3041; x_wconf 86' lang='lat' dir='ltr'><strong>denique</strong></span> 
     </span>
    </p>
   </div>
   <div class='ocr_carea' id='block_1_33' title="bbox 479 3052 2054 3127">
    <p class='ocr_par' dir='ltr' id='par_1_33' title="bbox 479 3052 2054 3127">
     <span class='ocr_line' id='line_1_33' title="bbox 479 3052 2054 3127; baseline 0.005 -22"><span class='ocrx_word' id='word_1_232' title='bbox 479 3065 602 3105; x_wconf 87' lang='lat' dir='ltr'><strong>eum</strong></span> <span class='ocrx_word' id='word_1_233' title='bbox 643 3052 982 3120; x_wconf 83' lang='lat' dir='ltr'><strong>septenarios</strong></span> <span class='ocrx_word' id='word_1_234' title='bbox 1021 3061 1229 3118; x_wconf 89' lang='lat' dir='ltr'><strong>septem</strong></span> <span class='ocrx_word' id='word_1_235' title='bbox 1275 3067 1449 3106; x_wconf 90' lang='lat' dir='ltr'><strong>annos</strong></span> <span class='ocrx_word' id='word_1_236' title='bbox 1489 3054 1810 3109; x_wconf 43' lang='lat' dir='ltr'><strong>saeculorum</strong></span> <span class='ocrx_word' id='word_1_237' title='bbox 1862 3059 2054 3127; x_wconf 78' lang='lat' dir='ltr'><strong>exqui-</strong></span> 
     </span>
    </p>
   </div>
   <div class='ocr_carea' id='block_1_34' title="bbox 2113 1847 2149 1900">
    <p class='ocr_par' dir='ltr' id='par_1_34' title="bbox 2113 1847 2149 1900">
     <span class='ocr_line' id='line_1_34' title="bbox 2113 1847 2149 1900; baseline 0 0"><span class='ocrx_word' id='word_1_238' title='bbox 2113 1847 2149 1900; x_wconf 85' lang='grc' dir='ltr'><strong><em>Β</em></strong></span> 
     </span>
    </p>
   </div>
   <div class='ocr_carea' id='block_1_35' title="bbox 2194 602 3774 688">
    <p class='ocr_par' dir='ltr' id='par_1_35' title="bbox 2194 602 3774 688">
     <span class='ocr_line' id='line_1_35' title="bbox 2194 602 3774 688; baseline 0.013 -35"><span class='ocrx_word' id='word_1_239' title='bbox 2194 602 2288 654; x_wconf 82' lang='grc' dir='ltr'>καὶ</span> <span class='ocrx_word' id='word_1_240' title='bbox 2316 602 2414 674; x_wconf 81' lang='grc' dir='ltr'><strong>τὴν</strong></span> <span class='ocrx_word' id='word_1_241' title='bbox 2447 604 2680 678; x_wconf 75' lang='grc' dir='ltr'><strong>δεκάτην</strong></span> <span class='ocrx_word' id='word_1_242' title='bbox 2728 609 2892 662; x_wconf 83' lang='grc' dir='ltr'>αὑτοῦ</span> <span class='ocrx_word' id='word_1_243' title='bbox 2933 611 3163 682; x_wconf 82' lang='grc' dir='ltr'><strong>ἡμέραν,</strong></span> <span class='ocrx_word' id='word_1_244' title='bbox 3200 614 3293 668; x_wconf 79' lang='grc' dir='ltr'>καὶ</span> <span class='ocrx_word' id='word_1_245' title='bbox 3333 615 3400 668; x_wconf 80' lang='grc' dir='ltr'>τὰ</span> <span class='ocrx_word' id='word_1_246' title='bbox 3433 615 3600 688; x_wconf 78' lang='grc' dir='ltr'>ἐξῆς;</span> <span class='ocrx_word' id='word_1_247' title='bbox 3631 621 3696 671; x_wconf 93' lang='grc' dir='ltr'><strong>Τί</strong></span> <span class='ocrx_word' id='word_1_248' title='bbox 3723 622 3774 674; x_wconf 75' lang='grc' dir='ltr'><strong>δέ</strong></span> 
     </span>
    </p>
   </div>
   <div class='ocr_carea' id='block_1_36' title="bbox 2196 695 3774 782">
    <p class='ocr_par' dir='ltr' id='par_1_36' title="bbox 2196 695 3774 782">
     <span class='ocr_line' id='line_1_36' title="bbox 2196 695 3774 782; baseline 0.01 -35"><span class='ocrx_word' id='word_1_249' title='bbox 2196 709 2262 763; x_wconf 83' lang='grc' dir='ltr'><strong>με</strong></span> <span class='ocrx_word' id='word_1_250' title='bbox 2289 695 2372 749; x_wconf 85' lang='grc' dir='ltr'><strong>δεῖ</strong></span> <span class='ocrx_word' id='word_1_251' title='bbox 2411 696 2590 766; x_wconf 88' lang='grc' dir='ltr'>λέγειν</span> <span class='ocrx_word' id='word_1_252' title='bbox 2634 701 2762 771; x_wconf 78' lang='grc' dir='ltr'>περὶ</span> <span class='ocrx_word' id='word_1_253' title='bbox 2802 702 2900 772; x_wconf 87' lang='grc' dir='ltr'><strong>τῆς</strong></span> <span class='ocrx_word' id='word_1_254' title='bbox 2934 703 3128 774; x_wconf 79' lang='grc' dir='ltr'><strong>ἑορτῆς</strong></span> <span class='ocrx_word' id='word_1_255' title='bbox 3161 707 3269 759; x_wconf 77' lang='grc' dir='ltr'><strong>τῶν</strong></span> <span class='ocrx_word' id='word_1_256' title='bbox 3304 709 3440 765; x_wconf 77' lang='grc' dir='ltr'>ἑπτὰ</span> <span class='ocrx_word' id='word_1_257' title='bbox 3467 710 3774 782; x_wconf 76' lang='grc' dir='ltr'>ἑϐδομάδων</span> 
     </span>
    </p>
   </div>
   <div class='ocr_carea' id='block_1_37' title="bbox 2191 783 3757 874">
    <p class='ocr_par' dir='ltr' id='par_1_37' title="bbox 2191 783 3757 874">
     <span class='ocr_line' id='line_1_37' title="bbox 2191 783 3757 874; baseline 0.013 -40"><span class='ocrx_word' id='word_1_258' title='bbox 2191 783 2436 854; x_wconf 79' lang='grc' dir='ltr'>ἡμερῶν,</span> <span class='ocrx_word' id='word_1_259' title='bbox 2473 788 2567 840; x_wconf 78' lang='grc' dir='ltr'><strong>καὶ</strong></span> <span class='ocrx_word' id='word_1_260' title='bbox 2619 788 2746 860; x_wconf 75' lang='grc' dir='ltr'>περὶ</span> <span class='ocrx_word' id='word_1_261' title='bbox 2792 790 2882 842; x_wconf 89' lang='grc' dir='ltr'><strong>τοῦ</strong></span> <span class='ocrx_word' id='word_1_262' title='bbox 2929 792 3155 863; x_wconf 77' lang='grc' dir='ltr'>ἑϐδόμου</span> <span class='ocrx_word' id='word_1_263' title='bbox 3205 796 3391 867; x_wconf 81' lang='grc' dir='ltr'>μηνὸς,</span> <span class='ocrx_word' id='word_1_264' title='bbox 3423 793 3484 852; x_wconf 78' lang='grc' dir='ltr'>οὗ</span> <span class='ocrx_word' id='word_1_265' title='bbox 3519 801 3757 874; x_wconf 82' lang='grc' dir='ltr'>ήνεομη-</span> 
     </span>
    </p>
   </div>
   <div class='ocr_carea' id='block_1_38' title="bbox 2188 874 3771 966">
    <p class='ocr_par' dir='ltr' id='par_1_38' title="bbox 2188 874 3771 966">
     <span class='ocr_line' id='line_1_38' title="bbox 2188 874 3771 966; baseline 0.014 -39"><span class='ocrx_word' id='word_1_266' title='bbox 2188 875 2276 928; x_wconf 87' lang='grc' dir='ltr'><strong>νία</strong></span> <span class='ocrx_word' id='word_1_267' title='bbox 2313 876 2424 947; x_wconf 76' lang='grc'><strong>(45)</strong></span> <span class='ocrx_word' id='word_1_268' title='bbox 2453 874 2632 950; x_wconf 79' lang='grc' dir='ltr'>ἡμέρα</span> <span class='ocrx_word' id='word_1_269' title='bbox 2659 880 2974 950; x_wconf 83' lang='grc' dir='ltr'>σαλπίγγων</span> <span class='ocrx_word' id='word_1_270' title='bbox 3015 885 3152 948; x_wconf 76' lang='grc' dir='ltr'>ἐστὶ,</span> <span class='ocrx_word' id='word_1_271' title='bbox 3187 889 3252 957; x_wconf 84' lang='grc' dir='ltr'>τῇ</span> <span class='ocrx_word' id='word_1_272' title='bbox 3279 887 3333 940; x_wconf 85' lang='grc' dir='ltr'>δὲ</span> <span class='ocrx_word' id='word_1_273' title='bbox 3365 889 3566 961; x_wconf 82' lang='grc' dir='ltr'>δεκάτῃ</span> <span class='ocrx_word' id='word_1_274' title='bbox 3595 893 3771 966; x_wconf 73' lang='grc' dir='ltr'>ἡμέρα</span> 
     </span>
    </p>
   </div>
   <div class='ocr_carea' id='block_1_39' title="bbox 2191 965 3771 1051">
    <p class='ocr_par' dir='ltr' id='par_1_39' title="bbox 2191 965 3771 1051">
     <span class='ocr_line' id='line_1_39' title="bbox 2191 965 3771 1051; baseline 0.013 -34"><span class='ocrx_word' id='word_1_275' title='bbox 2191 965 2441 1037; x_wconf 67' lang='grc' dir='ltr'>ἱλασμοῦ,</span> <span class='ocrx_word' id='word_1_276' title='bbox 2491 967 2568 1038; x_wconf 81' lang='grc' dir='ltr'><strong>τῷ</strong></span> <span class='ocrx_word' id='word_1_277' title='bbox 2609 970 2756 1041; x_wconf 83' lang='grc' dir='ltr'><strong>μόνῳ</strong></span> <span class='ocrx_word' id='word_1_278' title='bbox 2803 973 3227 1045; x_wconf 77' lang='grc' dir='ltr'><strong>νομοθετήσαντι</strong></span> <span class='ocrx_word' id='word_1_279' title='bbox 3271 979 3411 1032; x_wconf 78' lang='grc' dir='ltr'>αὐτὰ</span> <span class='ocrx_word' id='word_1_280' title='bbox 3445 980 3566 1051; x_wconf 84' lang='grc' dir='ltr'>Θεῷ</span> <span class='ocrx_word' id='word_1_281' title='bbox 3608 965 3771 1051; x_wconf 80' lang='grc' dir='ltr'>ὲγνωο</span> 
     </span>
    </p>
   </div>
   <div class='ocr_carea' id='block_1_40' title="bbox 2189 1057 3772 1146">
    <p class='ocr_par' dir='ltr' id='par_1_40' title="bbox 2189 1057 3772 1146">
     <span class='ocr_line' id='line_1_40' title="bbox 2189 1057 3772 1146; baseline 0.013 -37"><span class='ocrx_word' id='word_1_282' title='bbox 2189 1057 2438 1128; x_wconf 77' lang='grc' dir='ltr'>σμένωνς</span> <span class='ocrx_word' id='word_1_283' title='bbox 2480 1061 2576 1124; x_wconf 88' lang='grc' dir='ltr'><strong>Τίς</strong></span> <span class='ocrx_word' id='word_1_284' title='bbox 2607 1062 2664 1114; x_wconf 82' lang='grc' dir='ltr'>δὲ</span> <span class='ocrx_word' id='word_1_285' title='bbox 2695 1063 2786 1116; x_wconf 87' lang='grc' dir='ltr'>ἐπί</span> <span class='ocrx_word' id='word_1_286' title='bbox 2805 1064 3056 1120; x_wconf 87' lang='grc' dir='ltr'>τοσοῦτον</span> <span class='ocrx_word' id='word_1_287' title='bbox 3085 1068 3175 1122; x_wconf 87' lang='grc' dir='ltr'><strong>τὸν</strong></span> <span class='ocrx_word' id='word_1_288' title='bbox 3191 1070 3426 1140; x_wconf 88' lang='grc' dir='ltr'>Χριστοῦ</span> <span class='ocrx_word' id='word_1_289' title='bbox 3458 1073 3570 1145; x_wconf 70' lang='grc'><strong>(46)</strong></span> <span class='ocrx_word' id='word_1_290' title='bbox 3603 1076 3772 1146; x_wconf 81' lang='grc' dir='ltr'>κεχώ-</span> 
     </span>
    </p>
   </div>
   <div class='ocr_carea' id='block_1_41' title="bbox 2189 1151 3768 1234">
    <p class='ocr_par' dir='ltr' id='par_1_41' title="bbox 2189 1151 3768 1234">
     <span class='ocr_line' id='line_1_41' title="bbox 2189 1151 3768 1234; baseline 0.013 -33"><span class='ocrx_word' id='word_1_291' title='bbox 2189 1165 2324 1220; x_wconf 80' lang='grc' dir='ltr'>ρηκε</span> <span class='ocrx_word' id='word_1_292' title='bbox 2362 1151 2508 1213; x_wconf 91' lang='grc' dir='ltr'>νοῦν,</span> <span class='ocrx_word' id='word_1_293' title='bbox 2539 1152 2615 1215; x_wconf 85' lang='grc' dir='ltr'>ὡς</span> <span class='ocrx_word' id='word_1_294' title='bbox 2642 1155 2766 1218; x_wconf 80' lang='grc' dir='ltr'>τοὺς</span> <span class='ocrx_word' id='word_1_295' title='bbox 2799 1155 3057 1234; x_wconf 80' lang='grc' dir='ltr'>ἐϐδόμους</span> <span class='ocrx_word' id='word_1_296' title='bbox 3094 1159 3371 1225; x_wconf 76' lang='grc' dir='ltr'>ἐνιαυτοὺς</span> <span class='ocrx_word' id='word_1_297' title='bbox 3415 1164 3513 1234; x_wconf 87' lang='grc' dir='ltr'><strong>τῆς</strong></span> <span class='ocrx_word' id='word_1_298' title='bbox 3550 1167 3768 1220; x_wconf 84' lang='grc' dir='ltr'>ἐλευθε-</span> 
     </span>
    </p>
   </div>
   <div class='ocr_carea' id='block_1_42' title="bbox 2188 1233 3769 1321">
    <p class='ocr_par' dir='ltr' id='par_1_42' title="bbox 2188 1233 3769 1321">
     <span class='ocr_line' id='line_1_42' title="bbox 2188 1233 3769 1321; baseline 0.015 -33"><span class='ocrx_word' id='word_1_299' title='bbox 2188 1238 2313 1307; x_wconf 86' lang='grc' dir='ltr'>ρίας</span> <span class='ocrx_word' id='word_1_300' title='bbox 2356 1237 2464 1293; x_wconf 88' lang='grc' dir='ltr'><strong>τῶν</strong></span> <span class='ocrx_word' id='word_1_301' title='bbox 2503 1241 2767 1313; x_wconf 79' lang='grc' dir='ltr'>Ἐϐραίων</span> <span class='ocrx_word' id='word_1_302' title='bbox 2804 1233 3054 1308; x_wconf 51' lang='grc' dir='ltr'>οἰκετῶν,</span> <span class='ocrx_word' id='word_1_303' title='bbox 3106 1249 3200 1301; x_wconf 74' lang='grc' dir='ltr'>καὶ</span> <span class='ocrx_word' id='word_1_304' title='bbox 3236 1251 3332 1321; x_wconf 86' lang='grc' dir='ltr'><strong>τῆς</strong></span> <span class='ocrx_word' id='word_1_305' title='bbox 3368 1233 3624 1320; x_wconf 75' lang='grc' dir='ltr'><strong>ἀφέσεως</strong></span> <span class='ocrx_word' id='word_1_306' title='bbox 3663 1259 3769 1314; x_wconf 88' lang='grc' dir='ltr'><strong>τῶν</strong></span> 
     </span>
    </p>
   </div>
   <div class='ocr_carea' id='block_1_43' title="bbox 2184 1329 3769 1416">
    <p class='ocr_par' dir='ltr' id='par_1_43' title="bbox 2184 1329 3769 1416">
     <span class='ocr_line' id='line_1_43' title="bbox 2184 1329 3769 1416; baseline 0.008 -36"><span class='ocrx_word' id='word_1_307' title='bbox 2184 1329 2384 1400; x_wconf 88' lang='grc' dir='ltr'>χρεῶν,</span> <span class='ocrx_word' id='word_1_308' title='bbox 2418 1331 2656 1394; x_wconf 77' lang='grc' dir='ltr'>ἀνέσεώς</span> <span class='ocrx_word' id='word_1_309' title='bbox 2685 1350 2743 1385; x_wconf 90' lang='grc' dir='ltr'><strong>τε</strong></span> <span class='ocrx_word' id='word_1_310' title='bbox 2763 1334 2871 1386; x_wconf 84' lang='grc' dir='ltr'>ἀπὸ</span> <span class='ocrx_word' id='word_1_311' title='bbox 2892 1337 3166 1408; x_wconf 80' lang='grc' dir='ltr'>γεωργίας</span> <span class='ocrx_word' id='word_1_312' title='bbox 3206 1341 3304 1410; x_wconf 86' lang='grc' dir='ltr'><strong>τῆς</strong></span> <span class='ocrx_word' id='word_1_313' title='bbox 3334 1343 3501 1412; x_wconf 80' lang='grc' dir='ltr'>ἁγίας</span> <span class='ocrx_word' id='word_1_314' title='bbox 3527 1347 3633 1416; x_wconf 81' lang='grc' dir='ltr'><strong>γῆς</strong></span> <span class='ocrx_word' id='word_1_315' title='bbox 3682 1350 3769 1403; x_wconf 76' lang='grc' dir='ltr'>ὲκ.</span> 
     </span>
    </p>
   </div>
   <div class='ocr_carea' id='block_1_44' title="bbox 2183 1420 3766 1503">
    <p class='ocr_par' dir='ltr' id='par_1_44' title="bbox 2183 1420 3766 1503">
     <span class='ocr_line' id='line_1_44' title="bbox 2183 1420 3766 1503; baseline 0.014 -31"><span class='ocrx_word' id='word_1_316' title='bbox 2183 1420 2398 1489; x_wconf 78' lang='grc' dir='ltr'>λαϐεῖν;</span> <span class='ocrx_word' id='word_1_317' title='bbox 2436 1424 2593 1476; x_wconf 87' lang='grc' dir='ltr'>Ἐστι</span> <span class='ocrx_word' id='word_1_318' title='bbox 2617 1424 2676 1477; x_wconf 91' lang='grc' dir='ltr'><strong>δέ</strong></span> <span class='ocrx_word' id='word_1_319' title='bbox 2698 1442 2780 1488; x_wconf 85' lang='grc' dir='ltr'><strong>τις</strong></span> <span class='ocrx_word' id='word_1_320' title='bbox 2814 1428 2907 1478; x_wconf 75' lang='grc' dir='ltr'><strong>καὶ</strong></span> <span class='ocrx_word' id='word_1_321' title='bbox 2938 1427 3191 1502; x_wconf 83' lang='grc' dir='ltr'><strong>ἀνωτέρω</strong></span> <span class='ocrx_word' id='word_1_322' title='bbox 3216 1433 3314 1503; x_wconf 83' lang='grc' dir='ltr'><strong>τῆς</strong></span> <span class='ocrx_word' id='word_1_323' title='bbox 3333 1434 3421 1488; x_wconf 79' lang='grc' dir='ltr'>διὰ</span> <span class='ocrx_word' id='word_1_324' title='bbox 3455 1437 3599 1491; x_wconf 81' lang='grc' dir='ltr'>ἑπτὰ</span> <span class='ocrx_word' id='word_1_325' title='bbox 3631 1440 3766 1495; x_wconf 85' lang='grc' dir='ltr'>ἐτῶν</span> 
     </span>
    </p>
   </div>
   <div class='ocr_carea' id='block_1_45' title="bbox 2182 1511 3763 1588">
    <p class='ocr_par' dir='ltr' id='par_1_45' title="bbox 2182 1511 3763 1588">
     <span class='ocr_line' id='line_1_45' title="bbox 2182 1511 3763 1588; baseline 0.013 -26"><span class='ocrx_word' id='word_1_326' title='bbox 2182 1511 2376 1582; x_wconf 79' lang='grc' dir='ltr'>ἑορτῆς</span> <span class='ocrx_word' id='word_1_327' title='bbox 2421 1514 2450 1565; x_wconf 86' lang='grc' dir='ltr'>ὁ</span> <span class='ocrx_word' id='word_1_328' title='bbox 2490 1512 2826 1584; x_wconf 82' lang='grc' dir='ltr'>καλούμενος</span> <span class='ocrx_word' id='word_1_329' title='bbox 2880 1517 3225 1588; x_wconf 72' lang='grc' dir='ltr'>Ἰωϐηλαῖοςο</span> <span class='ocrx_word' id='word_1_330' title='bbox 3283 1523 3468 1579; x_wconf 83' lang='grc' dir='ltr'>ὅντινα</span> <span class='ocrx_word' id='word_1_331' title='bbox 3518 1527 3624 1581; x_wconf 78' lang='grc' dir='ltr'>κᾶν</span> <span class='ocrx_word' id='word_1_332' title='bbox 3674 1531 3763 1584; x_wconf 75' lang='grc' dir='ltr'><strong>ἐπὶ</strong></span> 
     </span>
    </p>
   </div>
   <div class='ocr_carea' id='block_1_46' title="bbox 2181 1602 3762 1691">
    <p class='ocr_par' dir='ltr' id='par_1_46' title="bbox 2181 1602 3762 1691">
     <span class='ocr_line' id='line_1_46' title="bbox 2181 1602 3762 1691; baseline 0.012 -37"><span class='ocrx_word' id='word_1_333' title='bbox 2181 1602 2348 1656; x_wconf 85' lang='grc' dir='ltr'>ποσὸν</span> <span class='ocrx_word' id='word_1_334' title='bbox 2379 1604 2747 1676; x_wconf 78' lang='grc' dir='ltr'>φαντασθῆναι</span> <span class='ocrx_word' id='word_1_335' title='bbox 2781 1603 2920 1659; x_wconf 84' lang='grc' dir='ltr'>εἷναί</span> <span class='ocrx_word' id='word_1_336' title='bbox 2952 1626 3004 1660; x_wconf 90' lang='grc' dir='ltr'><strong>τι</strong></span> <span class='ocrx_word' id='word_1_337' title='bbox 3033 1609 3266 1680; x_wconf 84' lang='grc' dir='ltr'>τρανῶς,</span> <span class='ocrx_word' id='word_1_338' title='bbox 3296 1613 3327 1684; x_wconf 78' lang='grc' dir='ltr'>ἢ</span> <span class='ocrx_word' id='word_1_339' title='bbox 3363 1616 3489 1678; x_wconf 75' lang='grc' dir='ltr'>τοὺς</span> <span class='ocrx_word' id='word_1_340' title='bbox 3529 1618 3588 1672; x_wconf 80' lang='grc' dir='ltr'><strong>ἐν</strong></span> <span class='ocrx_word' id='word_1_341' title='bbox 3615 1619 3762 1691; x_wconf 79' lang='grc' dir='ltr'>αὐτῷ</span> 
     </span>
    </p>
   </div>
   <div class='ocr_carea' id='block_1_47' title="bbox 2179 1692 3761 1775">
    <p class='ocr_par' dir='ltr' id='par_1_47' title="bbox 2179 1692 3761 1775">
     <span class='ocr_line' id='line_1_47' title="bbox 2179 1692 3761 1775; baseline 0.012 -28"><span class='ocrx_word' id='word_1_342' title='bbox 2179 1692 2378 1764; x_wconf 78' lang='grc' dir='ltr'>νόμους</span> <span class='ocrx_word' id='word_1_343' title='bbox 2397 1694 2501 1766; x_wconf 87' lang='grc' dir='ltr'>πλη</span> <span class='ocrx_word' id='word_1_344' title='bbox 2510 1695 2924 1768; x_wconf 82' lang='grc' dir='ltr'>ρωθησομένους</span> <span class='ocrx_word' id='word_1_345' title='bbox 2946 1700 3230 1771; x_wconf 77' lang='grc' dir='ltr'>ἀληθινοὺς</span> <span class='ocrx_word' id='word_1_346' title='bbox 3249 1704 3382 1775; x_wconf 66' lang='grc'>(47),</span> <span class='ocrx_word' id='word_1_347' title='bbox 3407 1708 3626 1773; x_wconf 77' lang='grc' dir='ltr'>οὐδενός</span> <span class='ocrx_word' id='word_1_348' title='bbox 3649 1713 3761 1766; x_wconf 83' lang='grc' dir='ltr'>ἐστι</span> 
     </span>
    </p>
   </div>
   <div class='ocr_carea' id='block_1_48' title="bbox 2178 1785 3759 1867">
    <p class='ocr_par' dir='ltr' id='par_1_48' title="bbox 2178 1785 3759 1867">
     <span class='ocr_line' id='line_1_48' title="bbox 2178 1785 3759 1867; baseline 0.012 -29"><span class='ocrx_word' id='word_1_349' title='bbox 2178 1785 2271 1838; x_wconf 85' lang='grc' dir='ltr'><strong>τοῦ</strong></span> <span class='ocrx_word' id='word_1_350' title='bbox 2319 1786 2416 1857; x_wconf 80' lang='grc' dir='ltr'>τὴν</span> <span class='ocrx_word' id='word_1_351' title='bbox 2464 1789 2734 1860; x_wconf 76' lang='grc' dir='ltr'>πατρικὴν</span> <span class='ocrx_word' id='word_1_352' title='bbox 2774 1789 2967 1862; x_wconf 78' lang='grc' dir='ltr'>βουλὴν</span> <span class='ocrx_word' id='word_1_353' title='bbox 3015 1793 3142 1864; x_wconf 81' lang='grc' dir='ltr'>περὶ</span> <span class='ocrx_word' id='word_1_354' title='bbox 3189 1796 3288 1866; x_wconf 87' lang='grc' dir='ltr'><strong>τῆς</strong></span> <span class='ocrx_word' id='word_1_355' title='bbox 3321 1797 3378 1850; x_wconf 86' lang='grc' dir='ltr'><strong>ἐν</strong></span> <span class='ocrx_word' id='word_1_356' title='bbox 3431 1799 3607 1854; x_wconf 73' lang='grc' dir='ltr'>ἅπασι</span> <span class='ocrx_word' id='word_1_357' title='bbox 3652 1806 3759 1867; x_wconf 79' lang='grc' dir='ltr'>τοῖς</span> 
     </span>
    </p>
   </div>
   <div class='ocr_carea' id='block_1_49' title="bbox 2177 1874 3760 1962">
    <p class='ocr_par' dir='ltr' id='par_1_49' title="bbox 2177 1874 3760 1962">
     <span class='ocr_line' id='line_1_49' title="bbox 2177 1874 3760 1962; baseline 0.012 -35"><span class='ocrx_word' id='word_1_358' title='bbox 2177 1874 2334 1928; x_wconf 83' lang='grc' dir='ltr'>αίῶσι</span> <span class='ocrx_word' id='word_1_359' title='bbox 2365 1877 2660 1942; x_wconf 81' lang='grc' dir='ltr'>διατάξεως</span> <span class='ocrx_word' id='word_1_360' title='bbox 2706 1880 2846 1932; x_wconf 81' lang='grc' dir='ltr'>κατὰ</span> <span class='ocrx_word' id='word_1_361' title='bbox 2895 1880 2961 1934; x_wconf 86' lang='grc' dir='ltr'>τὰ</span> <span class='ocrx_word' id='word_1_362' title='bbox 3002 1883 3398 1958; x_wconf 76' lang='grc' dir='ltr'>ἀνεξερεύνητα</span> <span class='ocrx_word' id='word_1_363' title='bbox 3441 1890 3608 1944; x_wconf 79' lang='grc' dir='ltr'>αὐτοῦ</span> <span class='ocrx_word' id='word_1_364' title='bbox 3640 1893 3760 1962; x_wconf 84' lang='grc' dir='ltr'>κρί-</span> 
     </span>
    </p>
   </div>
   <div class='ocr_carea' id='block_1_50' title="bbox 2179 1969 3760 2058">
    <p class='ocr_par' dir='ltr' id='par_1_50' title="bbox 2179 1969 3760 2058">
     <span class='ocr_line' id='line_1_50' title="bbox 2179 1969 3760 2058; baseline 0.012 -39"><span class='ocrx_word' id='word_1_365' title='bbox 2179 1985 2342 2038; x_wconf 82' lang='grc' dir='ltr'>ματα,</span> <span class='ocrx_word' id='word_1_366' title='bbox 2381 1971 2475 2022; x_wconf 75' lang='lat' dir='ltr'><strong>xui.</strong></span> <span class='ocrx_word' id='word_1_367' title='bbox 2515 1969 2612 2034; x_wconf 80' lang='grc' dir='ltr'>τὰς</span> <span class='ocrx_word' id='word_1_368' title='bbox 2639 1971 3078 2043; x_wconf 81' lang='grc' dir='ltr'>ἀνεξιχνιάστους</span> <span class='ocrx_word' id='word_1_369' title='bbox 3109 1976 3272 2029; x_wconf 76' lang='grc' dir='ltr'>αὐτοῦ</span> <span class='ocrx_word' id='word_1_370' title='bbox 3309 1980 3460 2044; x_wconf 83' lang='grc' dir='ltr'>ὁδοὺς</span> <span class='ocrx_word' id='word_1_371' title='bbox 3485 1983 3760 2058; x_wconf 80' lang='grc' dir='ltr'>τεθεωρη-</span> 
     </span>
    </p>
   </div>
   <div class='ocr_carea' id='block_1_51' title="bbox 2173 2059 3756 2147">
    <p class='ocr_par' dir='ltr' id='par_1_51' title="bbox 2173 2059 3756 2147">
     <span class='ocr_line' id='line_1_51' title="bbox 2173 2059 3756 2147; baseline 0.011 -34"><span class='ocrx_word' id='word_1_372' title='bbox 2173 2059 2350 2124; x_wconf 86' lang='grc' dir='ltr'>κότος.</span> <span class='ocrx_word' id='word_1_373' title='bbox 2396 2062 2665 2126; x_wconf 81' lang='grc' dir='ltr'><strong>Πολλάκις</strong></span> <span class='ocrx_word' id='word_1_374' title='bbox 2709 2065 2766 2117; x_wconf 82' lang='grc' dir='ltr'><strong>δέ</strong></span> <span class='ocrx_word' id='word_1_375' title='bbox 2807 2082 2898 2136; x_wconf 77' lang='lat' dir='ltr'><strong>por.</strong></span> <span class='ocrx_word' id='word_1_376' title='bbox 2946 2065 3177 2135; x_wconf 77' lang='grc' dir='ltr'>ἐπῆλθεν</span> <span class='ocrx_word' id='word_1_377' title='bbox 3208 2068 3317 2139; x_wconf 64' lang='grc'><strong>(48)</strong></span> <span class='ocrx_word' id='word_1_378' title='bbox 3350 2073 3580 2144; x_wconf 88' lang='grc' dir='ltr'>ἀπορεῖν</span> <span class='ocrx_word' id='word_1_379' title='bbox 3627 2095 3756 2147; x_wconf 84' lang='grc' dir='ltr'>συγ-</span> 
     </span>
    </p>
   </div>
   <div class='ocr_carea' id='block_1_52' title="bbox 2171 2151 3755 2227">
    <p class='ocr_par' dir='ltr' id='par_1_52' title="bbox 2171 2151 3755 2227">
     <span class='ocr_line' id='line_1_52' title="bbox 2171 2151 3755 2227; baseline 0.013 -23"><span class='ocrx_word' id='word_1_380' title='bbox 2171 2151 2419 2222; x_wconf 82' lang='grc' dir='ltr'>κρούοντι</span> <span class='ocrx_word' id='word_1_381' title='bbox 2465 2153 2558 2206; x_wconf 80' lang='grc' dir='ltr'>δύο</span> <span class='ocrx_word' id='word_1_382' title='bbox 2606 2154 2778 2219; x_wconf 81' lang='grc' dir='ltr'><strong>λέξεις</strong></span> <span class='ocrx_word' id='word_1_383' title='bbox 2837 2156 3240 2224; x_wconf 76' lang='grc' dir='ltr'>ἀποστολικὰς,</span> <span class='ocrx_word' id='word_1_384' title='bbox 3291 2163 3407 2227; x_wconf 86' lang='grc' dir='ltr'><strong>πῶς</strong></span> <span class='ocrx_word' id='word_1_385' title='bbox 3475 2169 3755 2224; x_wconf 81' lang='grc' dir='ltr'>συντέλεια</span> 
     </span>
    </p>
   </div>
   <div class='ocr_carea' id='block_1_53' title="bbox 2170 2243 3752 2335">
    <p class='ocr_par' dir='ltr' id='par_1_53' title="bbox 2170 2243 3752 2335">
     <span class='ocr_line' id='line_1_53' title="bbox 2170 2243 3752 2335; baseline 0.012 -38"><span class='ocrx_word' id='word_1_386' title='bbox 2170 2243 2384 2300; x_wconf 76' lang='grc' dir='ltr'>αἰώνων</span> <span class='ocrx_word' id='word_1_387' title='bbox 2415 2247 2585 2310; x_wconf 70' lang='grc' dir='ltr'>ἐστὶν,</span> <span class='ocrx_word' id='word_1_388' title='bbox 2626 2249 2712 2317; x_wconf 77' lang='grc' dir='ltr'><strong>ἐφ’</strong></span> <span class='ocrx_word' id='word_1_389' title='bbox 2751 2243 2959 2323; x_wconf 62' lang='lat' dir='ltr'><strong>ﬁam:</strong></span> <span class='ocrx_word' id='word_1_390' title='bbox 3008 2255 3088 2317; x_wconf 83' lang='grc' dir='ltr'>εἰς</span> <span class='ocrx_word' id='word_1_391' title='bbox 3128 2255 3386 2326; x_wconf 80' lang='grc' dir='ltr'>ἀθέτησιν</span> <span class='ocrx_word' id='word_1_392' title='bbox 3431 2261 3540 2313; x_wconf 88' lang='grc' dir='ltr'><strong>τῶν</strong></span> <span class='ocrx_word' id='word_1_393' title='bbox 3575 2262 3752 2335; x_wconf 80' lang='grc' dir='ltr'>ἁμαρ·</span> 
     </span>
    </p>
   </div>
   <div class='ocr_carea' id='block_1_54' title="bbox 2165 2337 3750 2417">
    <p class='ocr_par' dir='ltr' id='par_1_54' title="bbox 2165 2337 3750 2417">
     <span class='ocr_line' id='line_1_54' title="bbox 2165 2337 3750 2417; baseline 0.01 -28"><span class='ocrx_word' id='word_1_394' title='bbox 2165 2337 2297 2391; x_wconf 89' lang='grc' dir='ltr'>τιῶν</span> <span class='ocrx_word' id='word_1_395' title='bbox 2367 2339 2578 2408; x_wconf 78' lang='grc' dir='ltr'>Ἰησοῦς</span> <span class='ocrx_word' id='word_1_396' title='bbox 2645 2341 3060 2413; x_wconf 76' lang='grc' dir='ltr'>πεφανέρωται,</span> <span class='ocrx_word' id='word_1_397' title='bbox 3130 2347 3178 2397; x_wconf 85' lang='grc' dir='ltr'><strong>εί</strong></span> <span class='ocrx_word' id='word_1_398' title='bbox 3259 2347 3546 2417; x_wconf 84' lang='grc' dir='ltr'>μέλλουσιν</span> <span class='ocrx_word' id='word_1_399' title='bbox 3613 2347 3750 2405; x_wconf 80' lang='grc' dir='ltr'>εἶναι</span> 
     </span>
    </p>
   </div>
   <div class='ocr_carea' id='block_1_55' title="bbox 2167 2427 3748 2508">
    <p class='ocr_par' dir='ltr' id='par_1_55' title="bbox 2167 2427 3748 2508">
     <span class='ocr_line' id='line_1_55' title="bbox 2167 2427 3748 2508; baseline 0.011 -30"><span class='ocrx_word' id='word_1_400' title='bbox 2167 2427 2360 2491; x_wconf 69' lang='grc' dir='ltr'>αἰῶνες</span> <span class='ocrx_word' id='word_1_401' title='bbox 2419 2428 2558 2499; x_wconf 82' lang='grc' dir='ltr'>μετὰ</span> <span class='ocrx_word' id='word_1_402' title='bbox 2612 2429 2800 2484; x_wconf 91' lang='grc' dir='ltr'>τοῦτον</span> <span class='ocrx_word' id='word_1_403' title='bbox 2871 2431 3245 2506; x_wconf 83' lang='grc' dir='ltr'>ἐπερχόμενοι.</span> <span class='ocrx_word' id='word_1_404' title='bbox 3300 2438 3525 2508; x_wconf 86' lang='grc' dir='ltr'>Ἔχουσι</span> <span class='ocrx_word' id='word_1_405' title='bbox 3582 2441 3637 2494; x_wconf 80' lang='grc' dir='ltr'>δὲ</span> <span class='ocrx_word' id='word_1_406' title='bbox 3696 2445 3748 2496; x_wconf 80' lang='grc' dir='ltr'><strong>αἱ</strong></span> 
     </span>
    </p>
   </div>
   <div class='ocr_carea' id='block_1_56' title="bbox 2164 2509 3742 2605">
    <p class='ocr_par' dir='ltr' id='par_1_56' title="bbox 2164 2509 3742 2605">
     <span class='ocr_line' id='line_1_56' title="bbox 2164 2509 3742 2605; baseline 0.01 -33"><span class='ocrx_word' id='word_1_407' title='bbox 2164 2518 2337 2585; x_wconf 79' lang='grc' dir='ltr'>λέξεις</span> <span class='ocrx_word' id='word_1_408' title='bbox 2400 2509 2566 2575; x_wconf 85' lang='grc' dir='ltr'>αὑτοῦ</span> <span class='ocrx_word' id='word_1_409' title='bbox 2620 2521 2814 2588; x_wconf 77' lang='grc' dir='ltr'>οὕτως,</span> <span class='ocrx_word' id='word_1_410' title='bbox 2865 2525 2922 2577; x_wconf 85' lang='grc' dir='ltr'><strong>ἐν</strong></span> <span class='ocrx_word' id='word_1_411' title='bbox 2971 2526 3067 2596; x_wconf 85' lang='grc' dir='ltr'>μὲν</span> <span class='ocrx_word' id='word_1_412' title='bbox 3109 2531 3177 2598; x_wconf 78' lang='grc' dir='ltr'>τῇ</span> <span class='ocrx_word' id='word_1_413' title='bbox 3230 2529 3366 2600; x_wconf 77' lang='grc' dir='ltr'>πρὸς</span> <span class='ocrx_word' id='word_1_414' title='bbox 3422 2532 3742 2605; x_wconf 75' lang='grc' dir='ltr'>Ἑϐραίουςο</span> 
     </span>
    </p>
   </div>
   <div class='ocr_carea' id='block_1_57' title="bbox 2161 2609 3745 2695">
    <p class='ocr_par' dir='ltr' id='par_1_57' title="bbox 2161 2609 3745 2695">
     <span class='ocr_line' id='line_1_57' title="bbox 2161 2609 3745 2695; baseline 0.009 -29"><span class='ocrx_word' id='word_1_415' title='bbox 2161 2612 2313 2666; x_wconf 80' lang='grc' dir='ltr'><strong>Νυνὶ</strong></span> <span class='ocrx_word' id='word_1_416' title='bbox 2364 2609 2434 2666; x_wconf 82' lang='grc' dir='ltr'>δὲ</span> <span class='ocrx_word' id='word_1_417' title='bbox 2484 2613 2646 2678; x_wconf 82' lang='grc' dir='ltr'>ἅπαξ</span> <span class='ocrx_word' id='word_1_418' title='bbox 2705 2615 2805 2668; x_wconf 78' lang='grc' dir='ltr'>ἐπὶ</span> <span class='ocrx_word' id='word_1_419' title='bbox 2855 2620 3176 2686; x_wconf 75' lang='grc' dir='ltr'>συντελείᾳ</span> <span class='ocrx_word' id='word_1_420' title='bbox 3212 2621 3330 2674; x_wconf 81' lang='grc' dir='ltr'>τῶν</span> <span class='ocrx_word' id='word_1_421' title='bbox 3377 2623 3612 2679; x_wconf 73' lang='grc' dir='ltr'>αἰώνων</span> <span class='ocrx_word' id='word_1_422' title='bbox 3661 2631 3745 2695; x_wconf 76' lang='grc' dir='ltr'>εἰς</span> 
     </span>
    </p>
   </div>
   <div class='ocr_carea' id='block_1_58' title="bbox 2159 2701 3744 2782">
    <p class='ocr_par' dir='ltr' id='par_1_58' title="bbox 2159 2701 3744 2782">
     <span class='ocr_line' id='line_1_58' title="bbox 2159 2701 3744 2782; baseline 0.009 -24"><span class='ocrx_word' id='word_1_423' title='bbox 2159 2702 2444 2768; x_wconf 78' lang='grc' dir='ltr'>ἀθέτησιν</span> <span class='ocrx_word' id='word_1_424' title='bbox 2482 2705 2600 2758; x_wconf 79' lang='grc' dir='ltr'>τῶν</span> <span class='ocrx_word' id='word_1_425' title='bbox 2642 2706 2942 2775; x_wconf 76' lang='grc' dir='ltr'>ἁμαρτιῶν</span> <span class='ocrx_word' id='word_1_426' title='bbox 2989 2707 3085 2763; x_wconf 80' lang='grc' dir='ltr'>διὰ</span> <span class='ocrx_word' id='word_1_427' title='bbox 3140 2710 3248 2778; x_wconf 84' lang='grc' dir='ltr'><strong>τῆς</strong></span> <span class='ocrx_word' id='word_1_428' title='bbox 3295 2715 3516 2782; x_wconf 79' lang='grc' dir='ltr'>θυσίας</span> <span class='ocrx_word' id='word_1_429' title='bbox 3559 2701 3744 2773; x_wconf 66' lang='grc' dir='ltr'>αὐτοῦ</span> 
     </span>
    </p>
   </div>
   <div class='ocr_carea' id='block_1_59' title="bbox 2159 2796 3742 2871">
    <p class='ocr_par' dir='ltr' id='par_1_59' title="bbox 2159 2796 3742 2871">
     <span class='ocr_line' id='line_1_59' title="bbox 2159 2796 3742 2871; baseline 0.007 -22"><span class='ocrx_word' id='word_1_430' title='bbox 2159 2796 2591 2865; x_wconf 59' lang='grc' dir='ltr'>πεφανέρωται·</span> <span class='ocrx_word' id='word_1_431' title='bbox 2633 2799 2690 2851; x_wconf 93' lang='grc' dir='ltr'><strong>ἐν</strong></span> <span class='ocrx_word' id='word_1_432' title='bbox 2743 2798 2799 2851; x_wconf 82' lang='grc' dir='ltr'>δὲ</span> <span class='ocrx_word' id='word_1_433' title='bbox 2844 2801 2908 2870; x_wconf 83' lang='grc' dir='ltr'>τῇ</span> <span class='ocrx_word' id='word_1_434' title='bbox 2945 2799 3082 2870; x_wconf 81' lang='grc' dir='ltr'>πρὸς</span> <span class='ocrx_word' id='word_1_435' title='bbox 3127 2803 3429 2871; x_wconf 80' lang='grc' dir='ltr'>Ἐφεσίους·</span> <span class='ocrx_word' id='word_1_436' title='bbox 3469 2808 3606 2862; x_wconf 77' lang='grc' dir='ltr'>Ἵιά</span> <span class='ocrx_word' id='word_1_437' title='bbox 3657 2810 3742 2863; x_wconf 84' lang='grc' dir='ltr'><strong>ὲν-</strong></span> 
     </span>
    </p>
   </div>
   <div class='ocr_carea' id='block_1_60' title="bbox 2157 2884 3739 2966">
    <p class='ocr_par' dir='ltr' id='par_1_60' title="bbox 2157 2884 3739 2966">
     <span class='ocr_line' id='line_1_60' title="bbox 2157 2884 3739 2966; baseline 0.009 -27"><span class='ocrx_word' id='word_1_438' title='bbox 2157 2884 2425 2956; x_wconf 82' lang='grc' dir='ltr'>δείξηται</span> <span class='ocrx_word' id='word_1_439' title='bbox 2497 2888 2568 2940; x_wconf 77' lang='grc' dir='ltr'><em>ἐν</em></span> <span class='ocrx_word' id='word_1_440' title='bbox 2613 2887 2739 2954; x_wconf 83' lang='grc' dir='ltr'>τοῖς</span> <span class='ocrx_word' id='word_1_441' title='bbox 2790 2888 2961 2943; x_wconf 85' lang='grc' dir='ltr'>αἱῶσι</span> <span class='ocrx_word' id='word_1_442' title='bbox 3013 2891 3137 2958; x_wconf 82' lang='grc' dir='ltr'>τοῖς</span> <span class='ocrx_word' id='word_1_443' title='bbox 3190 2894 3622 2966; x_wconf 70' lang='grc' dir='ltr'>ἐπερχομένοις</span> <span class='ocrx_word' id='word_1_444' title='bbox 3676 2901 3739 2954; x_wconf 87' lang='grc' dir='ltr'>τὸ</span> 
     </span>
    </p>
   </div>
   <div class='ocr_carea' id='block_1_61' title="bbox 2156 2978 3738 3056">
    <p class='ocr_par' dir='ltr' id='par_1_61' title="bbox 2156 2978 3738 3056">
     <span class='ocr_line' id='line_1_61' title="bbox 2156 2978 3738 3056; baseline 0.008 -23"><span class='ocrx_word' id='word_1_445' title='bbox 2156 2978 2537 3048; x_wconf 61' lang='grc' dir='ltr'><strong>ὑπερϐάλλον</strong></span> <span class='ocrx_word' id='word_1_446' title='bbox 2594 2979 2827 3048; x_wconf 78' lang='grc' dir='ltr'>πλῆθος</span> <span class='ocrx_word' id='word_1_447' title='bbox 2884 2981 3027 3052; x_wconf 71' lang='grc'><strong>(49)</strong></span> <span class='ocrx_word' id='word_1_448' title='bbox 3085 2983 3192 3051; x_wconf 82' lang='grc' dir='ltr'><strong>τῆς</strong></span> <span class='ocrx_word' id='word_1_449' title='bbox 3249 2987 3491 3056; x_wconf 83' lang='grc' dir='ltr'>χάριτος</span> <span class='ocrx_word' id='word_1_450' title='bbox 3555 2993 3738 3046; x_wconf 82' lang='grc' dir='ltr'>αὐτοῦ</span> 
     </span>
    </p>
   </div>
   <div class='ocr_carea' id='block_1_62' title="bbox 2153 3069 3736 3148">
    <p class='ocr_par' dir='ltr' id='par_1_62' title="bbox 2153 3069 3736 3148">
     <span class='ocr_line' id='line_1_62' title="bbox 2153 3069 3736 3148; baseline 0.008 -26"><span class='ocrx_word' id='word_1_451' title='bbox 2153 3069 2222 3122; x_wconf 77' lang='grc' dir='ltr'>ἐν</span> <span class='ocrx_word' id='word_1_452' title='bbox 2246 3071 2602 3139; x_wconf 81' lang='grc' dir='ltr'>χρηστότητι</span> <span class='ocrx_word' id='word_1_453' title='bbox 2640 3070 2733 3140; x_wconf 65' lang='grc' dir='ltr'><strong>ἐφ’</strong></span> <span class='ocrx_word' id='word_1_454' title='bbox 2763 3070 2938 3140; x_wconf 70' lang='grc' dir='ltr'>ἡμᾶς.</span> <span class='ocrx_word' id='word_1_455' title='bbox 2968 3073 3079 3127; x_wconf 68' lang='grc' dir='ltr'><strong>Καὶ</strong></span> <span class='ocrx_word' id='word_1_456' title='bbox 3111 3077 3236 3145; x_wconf 75' lang='grc' dir='ltr'>περὶ</span> <span class='ocrx_word' id='word_1_457' title='bbox 3257 3076 3597 3148; x_wconf 80' lang='grc' dir='ltr'>τηλικούτων</span> <span class='ocrx_word' id='word_1_458' title='bbox 3622 3099 3736 3134; x_wconf 79' lang='grc' dir='ltr'>στο-</span> 
     </span>
    </p>
   </div>
   <div class='ocr_carea' id='block_1_63' title="bbox 478 3142 2051 3240">
    <p class='ocr_par' dir='ltr' id='par_1_63' title="bbox 478 3142 2051 3213">
     <span class='ocr_line' id='line_1_63' title="bbox 478 3142 2051 3213; baseline 0.004 -17"><span class='ocrx_word' id='word_1_459' title='bbox 478 3142 635 3196; x_wconf 85' lang='lat' dir='ltr'><strong>sierit</strong></span> <span class='ocrx_word' id='word_1_460' title='bbox 667 3157 775 3209; x_wconf 88' lang='lat' dir='ltr'><strong>quo</strong></span> <span class='ocrx_word' id='word_1_461' title='bbox 795 3143 981 3213; x_wconf 78' lang='lat' dir='ltr'><strong>magis</strong></span> <span class='ocrx_word' id='word_1_462' title='bbox 1021 3156 1144 3197; x_wconf 90' lang='lat' dir='ltr'><strong>eum</strong></span> <span class='ocrx_word' id='word_1_463' title='bbox 1183 3143 1457 3198; x_wconf 88' lang='lat' dir='ltr'><strong>collaudet</strong></span> <span class='ocrx_word' id='word_1_464' title='bbox 1489 3143 1579 3212; x_wconf 90' lang='lat' dir='ltr'><strong>qui</strong></span> <span class='ocrx_word' id='word_1_465' title='bbox 1623 3153 1729 3198; x_wconf 90' lang='lat' dir='ltr'><strong>tam</strong></span> <span class='ocrx_word' id='word_1_466' title='bbox 1775 3147 2051 3203; x_wconf 88' lang='lat' dir='ltr'><strong>mirabiles</strong></span> 
     </span>
    </p>
   </div>
   <div class='ocr_carea' id='block_1_64' title="bbox 2159 3142 3732 3240">
    <p class='ocr_par' dir='ltr' id='par_1_64' title="bbox 2159 3161 3732 3236">
     <span class='ocr_line' id='line_1_64' title="bbox 2159 3161 3732 3236; baseline 0.009 -24"><span class='ocrx_word' id='word_1_467' title='bbox 2159 3161 2472 3232; x_wconf 77' lang='grc' dir='ltr'>χαζόμενος,</span> <span class='ocrx_word' id='word_1_468' title='bbox 2498 3162 2706 3232; x_wconf 70' lang='grc' dir='ltr'>νομίζω</span> <span class='ocrx_word' id='word_1_469' title='bbox 2726 3164 2808 3216; x_wconf 82' lang='grc' dir='ltr'><strong>ὅτι</strong></span> <span class='ocrx_word' id='word_1_470' title='bbox 2838 3162 3027 3236; x_wconf 81' lang='grc' dir='ltr'>ὥσπερ</span> <span class='ocrx_word' id='word_1_471' title='bbox 3053 3167 3331 3223; x_wconf 84' lang='grc' dir='ltr'>συντέλεια</span> <span class='ocrx_word' id='word_1_472' title='bbox 3356 3169 3451 3223; x_wconf 86' lang='grc' dir='ltr'><strong>τοῦ</strong></span> <span class='ocrx_word' id='word_1_473' title='bbox 3488 3172 3732 3226; x_wconf 79' lang='grc' dir='ltr'>ἐνιαυτοῦ</span> 
     </span>
    </p>
   </div>
   <div class='ocr_carea' id='block_1_65' title="bbox 476 3233 2053 3305">
    <p class='ocr_par' dir='ltr' id='par_1_65' title="bbox 476 3233 2053 3305">
     <span class='ocr_line' id='line_1_65' title="bbox 476 3233 2053 3305; baseline 0.005 -20"><span class='ocrx_word' id='word_1_474' title='bbox 476 3234 661 3302; x_wconf 89' lang='lat' dir='ltr'><strong>posult</strong></span> <span class='ocrx_word' id='word_1_475' title='bbox 695 3233 839 3302; x_wconf 82' lang='lat' dir='ltr'><strong>leges</strong></span> <span class='ocrx_word' id='word_1_476' title='bbox 881 3251 896 3287; x_wconf 91' lang='lat'><strong>:</strong></span> <span class='ocrx_word' id='word_1_477' title='bbox 939 3235 1211 3301; x_wconf 86' lang='lat' dir='ltr'><strong>quomodo</strong></span> <span class='ocrx_word' id='word_1_478' title='bbox 1241 3246 1418 3305; x_wconf 87' lang='lat' dir='ltr'><strong>potest</strong></span> <span class='ocrx_word' id='word_1_479' title='bbox 1452 3235 1682 3305; x_wconf 87' lang='lat' dir='ltr'><strong>turpiter</strong></span> <span class='ocrx_word' id='word_1_480' title='bbox 1706 3238 1852 3292; x_wconf 90' lang='lat' dir='ltr'><strong>circa</strong></span> <span class='ocrx_word' id='word_1_481' title='bbox 1893 3240 2053 3293; x_wconf 88' lang='lat' dir='ltr'><strong>mini-</strong></span> 
     </span>
    </p>
   </div>
   <div class='ocr_carea' id='block_1_66' title="bbox 481 3326 2050 3398">
    <p class='ocr_par' dir='ltr' id='par_1_66' title="bbox 481 3326 2050 3398">
     <span class='ocr_line' id='line_1_66' title="bbox 481 3326 2050 3398; baseline 0.006 -22"><span class='ocrx_word' id='word_1_482' title='bbox 481 3340 626 3377; x_wconf 90' lang='lat' dir='ltr'><strong>mam</strong></span> <span class='ocrx_word' id='word_1_483' title='bbox 671 3326 820 3379; x_wconf 65' lang='lat' dir='ltr'><strong>hora:</strong></span> <span class='ocrx_word' id='word_1_484' title='bbox 855 3327 1175 3396; x_wconf 86' lang='lat' dir='ltr'><strong>particulam</strong></span> <span class='ocrx_word' id='word_1_485' title='bbox 1211 3329 1372 3382; x_wconf 88' lang='lat' dir='ltr'><strong>unius</strong></span> <span class='ocrx_word' id='word_1_486' title='bbox 1407 3329 1514 3383; x_wconf 90' lang='lat' dir='ltr'><strong>diei</strong></span> <span class='ocrx_word' id='word_1_487' title='bbox 1564 3330 1828 3398; x_wconf 79' lang='lat' dir='ltr'><strong>ejusmodi</strong></span> <span class='ocrx_word' id='word_1_488' title='bbox 1870 3334 2050 3388; x_wconf 70' lang='lat' dir='ltr'><strong>sa&#39;culi</strong></span> 
     </span>
    </p>
   </div>
   <div class='ocr_carea' id='block_1_67' title="bbox 473 3416 2053 3485">
    <p class='ocr_par' dir='ltr' id='par_1_67' title="bbox 473 3416 2053 3485">
     <span class='ocr_line' id='line_1_67' title="bbox 473 3416 2053 3485; baseline 0.006 -19"><span class='ocrx_word' id='word_1_489' title='bbox 473 3416 754 3481; x_wconf 89' lang='lat' dir='ltr'><strong>occupari,</strong></span> <span class='ocrx_word' id='word_1_490' title='bbox 786 3425 842 3470; x_wconf 88' lang='lat' dir='ltr'><strong>et</strong></span> <span class='ocrx_word' id='word_1_491' title='bbox 872 3432 978 3470; x_wconf 92' lang='lat' dir='ltr'><strong>non</strong></span> <span class='ocrx_word' id='word_1_492' title='bbox 1021 3418 1234 3485; x_wconf 87' lang='lat' dir='ltr'><strong>quidvis</strong></span> <span class='ocrx_word' id='word_1_493' title='bbox 1262 3417 1429 3472; x_wconf 81' lang='lat' dir='ltr'><strong>faciet</strong></span> <span class='ocrx_word' id='word_1_494' title='bbox 1475 3427 1553 3483; x_wconf 90' lang='grc' dir='ltr'>ιιι,</span> <span class='ocrx_word' id='word_1_495' title='bbox 1601 3434 1724 3472; x_wconf 91' lang='lat' dir='ltr'><strong>cum</strong></span> <span class='ocrx_word' id='word_1_496' title='bbox 1775 3421 1863 3474; x_wconf 91' lang='lat' dir='ltr'><strong>hic</strong></span> <span class='ocrx_word' id='word_1_497' title='bbox 1903 3434 2053 3476; x_wconf 88' lang='lat' dir='ltr'><strong>recte</strong></span> 
     </span>
    </p>
   </div>
   <div class='ocr_carea' id='block_1_68' title="bbox 474 3506 2050 3578">
    <p class='ocr_par' dir='ltr' id='par_1_68' title="bbox 474 3506 2050 3578">
     <span class='ocr_line' id='line_1_68' title="bbox 474 3506 2050 3578; baseline 0.005 -21"><span class='ocrx_word' id='word_1_498' title='bbox 474 3516 807 3574; x_wconf 71' lang='lat' dir='ltr'><strong>praeparatus</strong></span> <span class='ocrx_word' id='word_1_499' title='bbox 845 3517 900 3561; x_wconf 89' lang='lat' dir='ltr'><strong>et</strong></span> <span class='ocrx_word' id='word_1_500' title='bbox 928 3508 1120 3576; x_wconf 82' lang='lat' dir='ltr'><strong>dignus</strong></span> <span class='ocrx_word' id='word_1_501' title='bbox 1193 3506 1366 3563; x_wconf 79' lang='lat' dir='ltr'><strong>factus</strong></span> <span class='ocrx_word' id='word_1_502' title='bbox 1430 3509 1554 3571; x_wconf 88' lang='lat' dir='ltr'><strong>erit,</strong></span> <span class='ocrx_word' id='word_1_503' title='bbox 1595 3510 1685 3578; x_wconf 92' lang='lat' dir='ltr'><strong>qui</strong></span> <span class='ocrx_word' id='word_1_504' title='bbox 1718 3511 2050 3566; x_wconf 88' lang='lat' dir='ltr'><strong>substantia-</strong></span> 
     </span>
    </p>
   </div>
   <div class='ocr_carea' id='block_1_69' title="bbox 474 3594 2050 3670">
    <p class='ocr_par' dir='ltr' id='par_1_69' title="bbox 474 3594 2050 3670">
     <span class='ocr_line' id='line_1_69' title="bbox 474 3594 2050 3670; baseline 0.006 -22"><span class='ocrx_word' id='word_1_505' title='bbox 474 3594 578 3648; x_wconf 86' lang='lat' dir='ltr'><strong>lem</strong></span> <span class='ocrx_word' id='word_1_506' title='bbox 614 3611 802 3664; x_wconf 90' lang='lat' dir='ltr'><strong>panem</strong></span> <span class='ocrx_word' id='word_1_507' title='bbox 841 3597 1101 3651; x_wconf 85' lang='lat' dir='ltr'><strong>hodierna</strong></span> <span class='ocrx_word' id='word_1_508' title='bbox 1145 3600 1231 3653; x_wconf 89' lang='lat' dir='ltr'><strong>die</strong></span> <span class='ocrx_word' id='word_1_509' title='bbox 1279 3611 1673 3668; x_wconf 86' lang='lat' dir='ltr'><strong>consequatur,</strong></span> <span class='ocrx_word' id='word_1_510' title='bbox 1716 3603 1954 3670; x_wconf 86' lang='lat' dir='ltr'><strong>accipiat</strong></span> <span class='ocrx_word' id='word_1_511' title='bbox 1995 3615 2050 3657; x_wconf 91' lang='lat' dir='ltr'><strong>et</strong></span> 
     </span>
    </p>
   </div>
   <div class='ocr_carea' id='block_1_70' title="bbox 471 3684 2046 3763">
    <p class='ocr_par' dir='ltr' id='par_1_70' title="bbox 471 3684 2046 3763">
     <span class='ocr_line' id='line_1_70' title="bbox 471 3684 2046 3763; baseline 0.006 -25"><span class='ocrx_word' id='word_1_512' title='bbox 471 3687 528 3738; x_wconf 86' lang='lat' dir='ltr'><strong>in</strong></span> <span class='ocrx_word' id='word_1_513' title='bbox 554 3687 732 3741; x_wconf 81' lang='lat' dir='ltr'><strong>diem?</strong></span> <span class='ocrx_word' id='word_1_514' title='bbox 755 3684 878 3740; x_wconf 84' lang='lat' dir='ltr'><strong>Jatn</strong></span> <span class='ocrx_word' id='word_1_515' title='bbox 919 3693 1067 3742; x_wconf 92' lang='lat' dir='ltr'><strong>enim</strong></span> <span class='ocrx_word' id='word_1_516' title='bbox 1098 3704 1168 3744; x_wconf 77' lang='lat' dir='ltr'><strong>ex</strong></span> <span class='ocrx_word' id='word_1_517' title='bbox 1199 3691 1473 3759; x_wconf 71' lang='lat' dir='ltr'><strong>pranlictis</strong></span> <span class='ocrx_word' id='word_1_518' title='bbox 1523 3703 1771 3759; x_wconf 88' lang='lat' dir='ltr'><strong>apertum</strong></span> <span class='ocrx_word' id='word_1_519' title='bbox 1809 3705 1892 3748; x_wconf 92' lang='lat' dir='ltr'><strong>est</strong></span> <span class='ocrx_word' id='word_1_520' title='bbox 1919 3696 2046 3763; x_wconf 81' lang='lat' dir='ltr'><strong>quid</strong></span> 
     </span>
    </p>
   </div>
   <div class='ocr_carea' id='block_1_71' title="bbox 470 3777 2048 3853">
    <p class='ocr_par' dir='ltr' id='par_1_71' title="bbox 470 3777 2048 3853">
     <span class='ocr_line' id='line_1_71' title="bbox 470 3777 2048 3853; baseline 0.005 -23"><span class='ocrx_word' id='word_1_521' title='bbox 470 3777 546 3831; x_wconf 81' lang='lat' dir='ltr'><strong>sit</strong></span> <span class='ocrx_word' id='word_1_522' title='bbox 575 3779 628 3830; x_wconf 87' lang='lat' dir='ltr'><strong>in</strong></span> <span class='ocrx_word' id='word_1_523' title='bbox 647 3779 804 3832; x_wconf 88' lang='lat' dir='ltr'><strong>diem.</strong></span> <span class='ocrx_word' id='word_1_524' title='bbox 826 3778 926 3844; x_wconf 83' lang='lat' dir='ltr'><strong>Qui</strong></span> <span class='ocrx_word' id='word_1_525' title='bbox 960 3782 1102 3834; x_wconf 89' lang='lat' dir='ltr'><strong>enim</strong></span> <span class='ocrx_word' id='word_1_526' title='bbox 1121 3782 1379 3835; x_wconf 81' lang='lat' dir='ltr'><strong>hodierna</strong></span> <span class='ocrx_word' id='word_1_527' title='bbox 1411 3783 1496 3836; x_wconf 84' lang='lat' dir='ltr'><strong>die</strong></span> <span class='ocrx_word' id='word_1_528' title='bbox 1517 3783 1681 3837; x_wconf 76' lang='lat' dir='ltr'><strong>Deum</strong></span> <span class='ocrx_word' id='word_1_529' title='bbox 1711 3786 1800 3853; x_wconf 88' lang='lat' dir='ltr'><strong>qui</strong></span> <span class='ocrx_word' id='word_1_530' title='bbox 1829 3801 1891 3838; x_wconf 72' lang='lat' dir='ltr'><strong>ex</strong></span> <span class='ocrx_word' id='word_1_531' title='bbox 1928 3785 2048 3839; x_wconf 81' lang='lat' dir='ltr'><strong>inii-</strong></span> 
     </span>
    </p>
   </div>
   <div class='ocr_carea' id='block_1_72' title="bbox 471 3869 2046 3944">
    <p class='ocr_par' dir='ltr' id='par_1_72' title="bbox 471 3869 2046 3944">
     <span class='ocr_line' id='line_1_72' title="bbox 471 3869 2046 3944; baseline 0.005 -21"><span class='ocrx_word' id='word_1_532' title='bbox 471 3869 602 3923; x_wconf 84' lang='lat' dir='ltr'><strong>ttitis</strong></span> <span class='ocrx_word' id='word_1_533' title='bbox 630 3870 680 3923; x_wconf 90' lang='lat' dir='ltr'><strong>in</strong></span> <span class='ocrx_word' id='word_1_534' title='bbox 711 3871 978 3924; x_wconf 86' lang='lat' dir='ltr'><strong>inﬁnitum</strong></span> <span class='ocrx_word' id='word_1_535' title='bbox 1035 3873 1270 3937; x_wconf 80' lang='lat' dir='ltr'><strong>exsistit,</strong></span> <span class='ocrx_word' id='word_1_536' title='bbox 1308 3891 1414 3927; x_wconf 92' lang='lat' dir='ltr'><strong>non</strong></span> <span class='ocrx_word' id='word_1_537' title='bbox 1447 3878 1652 3929; x_wconf 86' lang='lat' dir='ltr'><strong>tantum</strong></span> <span class='ocrx_word' id='word_1_538' title='bbox 1699 3887 1954 3944; x_wconf 86' lang='lat' dir='ltr'><strong>precatur</strong></span> <span class='ocrx_word' id='word_1_539' title='bbox 1987 3887 2046 3931; x_wconf 88' lang='lat' dir='ltr'><strong>ut</strong></span> 
     </span>
    </p>
   </div>
   <div class='ocr_carea' id='block_1_73' title="bbox 474 3961 2042 4034">
    <p class='ocr_par' dir='ltr' id='par_1_73' title="bbox 474 3961 2042 4034">
     <span class='ocr_line' id='line_1_73' title="bbox 474 3961 2042 4034; baseline 0.004 -22"><span class='ocrx_word' id='word_1_540' title='bbox 474 3961 653 4024; x_wconf 82' lang='lat' dir='ltr'><strong>hodie,</strong></span> <span class='ocrx_word' id='word_1_541' title='bbox 698 3963 790 4015; x_wconf 87' lang='lat' dir='ltr'><strong>sed</strong></span> <span class='ocrx_word' id='word_1_542' title='bbox 821 3971 874 4014; x_wconf 89' lang='lat' dir='ltr'><strong>et</strong></span> <span class='ocrx_word' id='word_1_543' title='bbox 919 3963 973 4015; x_wconf 84' lang='lat' dir='ltr'><strong>in</strong></span> <span class='ocrx_word' id='word_1_544' title='bbox 1020 3963 1159 4016; x_wconf 85' lang='lat' dir='ltr'><strong>diem</strong></span> <span class='ocrx_word' id='word_1_545' title='bbox 1188 3965 1440 4033; x_wconf 75' lang='lat' dir='ltr'><strong>accipiat,</strong></span> <span class='ocrx_word' id='word_1_546' title='bbox 1471 3966 1516 4020; x_wconf 91' lang='lat' dir='ltr'><strong>is</strong></span> <span class='ocrx_word' id='word_1_547' title='bbox 1548 3967 1617 4018; x_wconf 88' lang='lat' dir='ltr'><strong>ab</strong></span> <span class='ocrx_word' id='word_1_548' title='bbox 1643 3980 1706 4020; x_wconf 89' lang='lat' dir='ltr'><strong>eo</strong></span> <span class='ocrx_word' id='word_1_549' title='bbox 1733 3965 1825 4034; x_wconf 84' lang='lat' dir='ltr'><strong>qui</strong></span> <span class='ocrx_word' id='word_1_550' title='bbox 1860 3976 2042 4034; x_wconf 86' lang='lat' dir='ltr'><strong>potens</strong></span> 
     </span>
    </p>
   </div>
   <div class='ocr_carea' id='block_1_74' title="bbox 466 4055 2037 4126">
    <p class='ocr_par' dir='ltr' id='par_1_74' title="bbox 466 4055 2037 4126">
     <span class='ocr_line' id='line_1_74' title="bbox 466 4055 2037 4126; baseline 0.003 -20"><span class='ocrx_word' id='word_1_551' title='bbox 466 4065 545 4108; x_wconf 80' lang='lat' dir='ltr'><strong>est</strong></span> <span class='ocrx_word' id='word_1_552' title='bbox 577 4055 706 4108; x_wconf 86' lang='lat' dir='ltr'><strong>dare</strong></span> <span class='ocrx_word' id='word_1_553' title='bbox 730 4055 1223 4122; x_wconf 81' lang='lat' dir='ltr'><strong>superabundanter</strong></span> <span class='ocrx_word' id='word_1_554' title='bbox 1260 4073 1417 4126; x_wconf 88' lang='lat' dir='ltr'><strong>quam</strong></span> <span class='ocrx_word' id='word_1_555' title='bbox 1446 4058 1674 4123; x_wconf 87' lang='lat' dir='ltr'><strong>petimus</strong></span> <span class='ocrx_word' id='word_1_556' title='bbox 1701 4068 1790 4110; x_wconf 91' lang='lat' dir='ltr'><strong>aut</strong></span> <span class='ocrx_word' id='word_1_557' title='bbox 1837 4057 2037 4111; x_wconf 81' lang='lat' dir='ltr'><strong>intelli-</strong></span> 
     </span>
    </p>
   </div>
   <div class='ocr_carea' id='block_1_75' title="bbox 465 4149 2041 4220">
    <p class='ocr_par' dir='ltr' id='par_1_75' title="bbox 465 4149 2041 4220">
     <span class='ocr_line' id='line_1_75' title="bbox 465 4149 2041 4220; baseline 0 -18"><span class='ocrx_word' id='word_1_558' title='bbox 465 4151 640 4220; x_wconf 87' lang='lat' dir='ltr'><strong>gimus</strong></span> <span class='ocrx_word' id='word_1_559' title='bbox 670 4149 737 4213; x_wconf 79' lang='grc' dir='ltr'><strong>⁷ο,</strong></span> <span class='ocrx_word' id='word_1_560' title='bbox 788 4149 1037 4216; x_wconf 88' lang='lat' dir='ltr'><strong>accipere</strong></span> <span class='ocrx_word' id='word_1_561' title='bbox 1069 4150 1288 4217; x_wconf 86' lang='lat' dir='ltr'><strong>poterit,</strong></span> <span class='ocrx_word' id='word_1_562' title='bbox 1341 4159 1398 4203; x_wconf 91' lang='grc' dir='ltr'>ιιι</span> <span class='ocrx_word' id='word_1_563' title='bbox 1446 4151 1524 4204; x_wconf 92' lang='lat' dir='ltr'><strong>sic</strong></span> <span class='ocrx_word' id='word_1_564' title='bbox 1572 4150 1926 4220; x_wconf 87' lang='lat' dir='ltr'><strong>hyperbolice</strong></span> <span class='ocrx_word' id='word_1_565' title='bbox 1958 4152 2041 4203; x_wconf 75' lang='lat' dir='ltr'><strong>tli-</strong></span> 
     </span>
    </p>
   </div>
   <div class='ocr_carea' id='block_1_76' title="bbox 465 4240 2038 4310">
    <p class='ocr_par' dir='ltr' id='par_1_76' title="bbox 465 4240 2038 4310">
     <span class='ocr_line' id='line_1_76' title="bbox 465 4240 2038 4310; baseline 0.001 -17"><span class='ocrx_word' id='word_1_566' title='bbox 465 4257 610 4304; x_wconf 78' lang='lat' dir='ltr'><strong>cam,</strong></span> <span class='ocrx_word' id='word_1_567' title='bbox 648 4241 811 4294; x_wconf 89' lang='lat' dir='ltr'><strong>etiam</strong></span> <span class='ocrx_word' id='word_1_568' title='bbox 852 4244 1130 4310; x_wconf 89' lang='lat' dir='ltr'><strong>superiora</strong></span> <span class='ocrx_word' id='word_1_569' title='bbox 1165 4240 1232 4294; x_wconf 87' lang='lat' dir='ltr'><strong>iis</strong></span> <span class='ocrx_word' id='word_1_570' title='bbox 1267 4255 1390 4310; x_wconf 67' lang='lat' dir='ltr'><strong>qlia:</strong></span> <span class='ocrx_word' id='word_1_571' title='bbox 1432 4243 1615 4296; x_wconf 83' lang='lat' dir='ltr'><strong>oculus</strong></span> <span class='ocrx_word' id='word_1_572' title='bbox 1655 4259 1756 4295; x_wconf 82' lang='lat' dir='ltr'><strong>non</strong></span> <span class='ocrx_word' id='word_1_573' title='bbox 1799 4243 1949 4306; x_wconf 74' lang='lat' dir='ltr'><strong>vidit,</strong></span> <span class='ocrx_word' id='word_1_574' title='bbox 1984 4254 2038 4297; x_wconf 91' lang='lat' dir='ltr'><strong>et</strong></span> 
     </span>
    </p>
   </div>
   <div class='ocr_carea' id='block_1_77' title="bbox 461 4332 2034 4404">
    <p class='ocr_par' dir='ltr' id='par_1_77' title="bbox 461 4332 2034 4404">
     <span class='ocr_line' id='line_1_77' title="bbox 461 4332 2034 4404; baseline 0.001 -16"><span class='ocrx_word' id='word_1_575' title='bbox 461 4334 743 4402; x_wconf 86' lang='lat' dir='ltr'><strong>superiora</strong></span> <span class='ocrx_word' id='word_1_576' title='bbox 800 4332 863 4387; x_wconf 88' lang='lat' dir='ltr'><strong>iis</strong></span> <span class='ocrx_word' id='word_1_577' title='bbox 895 4349 1014 4402; x_wconf 71' lang='lat' dir='ltr'><strong>qua:</strong></span> <span class='ocrx_word' id='word_1_578' title='bbox 1044 4334 1188 4387; x_wconf 84' lang='lat' dir='ltr'><strong>auris</strong></span> <span class='ocrx_word' id='word_1_579' title='bbox 1222 4351 1327 4388; x_wconf 86' lang='lat' dir='ltr'><strong>non</strong></span> <span class='ocrx_word' id='word_1_580' title='bbox 1368 4335 1610 4399; x_wconf 87' lang='lat' dir='ltr'><strong>audivit,</strong></span> <span class='ocrx_word' id='word_1_581' title='bbox 1661 4345 1713 4390; x_wconf 89' lang='lat' dir='ltr'><strong>et</strong></span> <span class='ocrx_word' id='word_1_582' title='bbox 1753 4336 2034 4404; x_wconf 87' lang='lat' dir='ltr'><strong>superiora</strong></span> 
     </span>
    </p>
   </div>
   <div class='ocr_carea' id='block_1_78' title="bbox 462 4423 2032 4494">
    <p class='ocr_par' dir='ltr' id='par_1_78' title="bbox 462 4423 2032 4494">
     <span class='ocr_line' id='line_1_78' title="bbox 462 4423 2032 4494; baseline 0.001 -16"><span class='ocrx_word' id='word_1_583' title='bbox 462 4425 530 4478; x_wconf 90' lang='lat' dir='ltr'><strong>iis</strong></span> <span class='ocrx_word' id='word_1_584' title='bbox 554 4441 672 4494; x_wconf 65' lang='lat' dir='ltr'><strong>quae</strong></span> <span class='ocrx_word' id='word_1_585' title='bbox 697 4426 751 4476; x_wconf 88' lang='lat' dir='ltr'><strong>in</strong></span> <span class='ocrx_word' id='word_1_586' title='bbox 779 4439 870 4475; x_wconf 85' lang='lat' dir='ltr'><strong>cor</strong></span> <span class='ocrx_word' id='word_1_587' title='bbox 885 4423 1110 4476; x_wconf 84' lang='lat' dir='ltr'><strong>hominis</strong></span> <span class='ocrx_word' id='word_1_588' title='bbox 1137 4439 1239 4476; x_wconf 84' lang='lat' dir='ltr'><strong>non</strong></span> <span class='ocrx_word' id='word_1_589' title='bbox 1270 4427 1626 4477; x_wconf 78' lang='lat' dir='ltr'><strong>ascenderunt</strong></span> <span class='ocrx_word' id='word_1_590' title='bbox 1646 4425 1710 4477; x_wconf 73' lang='grc' dir='ltr'>τί.</span> <span class='ocrx_word' id='word_1_591' title='bbox 1745 4424 1871 4481; x_wconf 69' lang='grc' dir='ltr'>Ηέιιο</span> <span class='ocrx_word' id='word_1_592' title='bbox 1896 4425 2032 4480; x_wconf 87' lang='lat' dir='ltr'><strong>mihi</strong></span> 
     </span>
    </p>
   </div>
   <div class='ocr_carea' id='block_1_79' title="bbox 2153 3251 3728 3331">
    <p class='ocr_par' dir='ltr' id='par_1_79' title="bbox 2153 3251 3728 3331">
     <span class='ocr_line' id='line_1_79' title="bbox 2153 3251 3728 3331; baseline 0.008 -29"><span class='ocrx_word' id='word_1_593' title='bbox 2153 3251 2182 3302; x_wconf 83' lang='grc'>6</span> <span class='ocrx_word' id='word_1_594' title='bbox 2213 3251 2519 3314; x_wconf 83' lang='grc' dir='ltr'>τελευταῖός</span> <span class='ocrx_word' id='word_1_595' title='bbox 2549 3254 2664 3304; x_wconf 87' lang='grc' dir='ltr'>ἐστι</span> <span class='ocrx_word' id='word_1_596' title='bbox 2697 3253 2801 3324; x_wconf 78' lang='grc' dir='ltr'>μὴν</span> <span class='ocrx_word' id='word_1_597' title='bbox 2837 3253 2947 3324; x_wconf 79' lang='grc'>(50)</span> <span class='ocrx_word' id='word_1_598' title='bbox 2979 3255 3105 3325; x_wconf 80' lang='grc' dir='ltr'>μεθ’</span> <span class='ocrx_word' id='word_1_599' title='bbox 3129 3255 3189 3309; x_wconf 84' lang='grc' dir='ltr'>ὃν</span> <span class='ocrx_word' id='word_1_600' title='bbox 3213 3258 3357 3330; x_wconf 82' lang='grc' dir='ltr'><strong>ἀρχὴ</strong></span> <span class='ocrx_word' id='word_1_601' title='bbox 3401 3261 3574 3331; x_wconf 82' lang='grc' dir='ltr'>μηνὸς</span> <span class='ocrx_word' id='word_1_602' title='bbox 3613 3261 3728 3314; x_wconf 86' lang='grc' dir='ltr'>ἐτέ-</span> 
     </span>
    </p>
   </div>
   <div class='ocr_carea' id='block_1_80' title="bbox 2157 3342 3732 3416">
    <p class='ocr_par' dir='ltr' id='par_1_80' title="bbox 2157 3342 3732 3416">
     <span class='ocr_line' id='line_1_80' title="bbox 2157 3342 3732 3416; baseline 0.007 -20"><span class='ocrx_word' id='word_1_603' title='bbox 2157 3361 2250 3416; x_wconf 88' lang='grc' dir='ltr'><strong>ρου</strong></span> <span class='ocrx_word' id='word_1_604' title='bbox 2288 3343 2562 3396; x_wconf 76' lang='grc' dir='ltr'>ἐνίσταται</span> <span class='ocrx_word' id='word_1_605' title='bbox 2587 3360 2600 3373; x_wconf 75' lang='grc' dir='ltr'>ο</span> <span class='ocrx_word' id='word_1_606' title='bbox 2630 3342 2772 3396; x_wconf 77' lang='grc' dir='ltr'>οὕτω</span> <span class='ocrx_word' id='word_1_607' title='bbox 2797 3345 3003 3415; x_wconf 81' lang='grc' dir='ltr'>μήποτε</span> <span class='ocrx_word' id='word_1_608' title='bbox 3030 3345 3289 3401; x_wconf 80' lang='grc' dir='ltr'>πλειόνων</span> <span class='ocrx_word' id='word_1_609' title='bbox 3327 3349 3542 3404; x_wconf 76' lang='grc' dir='ltr'>αἰώνων</span> <span class='ocrx_word' id='word_1_610' title='bbox 3574 3354 3732 3408; x_wconf 75' lang='grc' dir='ltr'>οἱονεὶ</span> 
     </span>
    </p>
   </div>
   <div class='ocr_carea' id='block_1_81' title="bbox 2152 3431 3730 3506">
    <p class='ocr_par' dir='ltr' id='par_1_81' title="bbox 2152 3431 3730 3506">
     <span class='ocr_line' id='line_1_81' title="bbox 2152 3431 3730 3506; baseline 0.01 -22"><span class='ocrx_word' id='word_1_611' title='bbox 2152 3432 2395 3484; x_wconf 75' lang='grc' dir='ltr'>ἐνιαυτὸν</span> <span class='ocrx_word' id='word_1_612' title='bbox 2442 3431 2654 3485; x_wconf 77' lang='grc' dir='ltr'>αἰώνων</span> <span class='ocrx_word' id='word_1_613' title='bbox 2709 3434 3189 3506; x_wconf 77' lang='grc' dir='ltr'>συμπληρούντων,</span> <span class='ocrx_word' id='word_1_614' title='bbox 3246 3441 3530 3496; x_wconf 79' lang='grc' dir='ltr'>συντέλεια</span> <span class='ocrx_word' id='word_1_615' title='bbox 3588 3447 3730 3500; x_wconf 83' lang='grc' dir='ltr'>ἐστιν</span> 
     </span>
    </p>
   </div>
   <div class='ocr_carea' id='block_1_82' title="bbox 2149 3519 3730 3608">
    <p class='ocr_par' dir='ltr' id='par_1_82' title="bbox 2149 3519 3730 3608">
     <span class='ocr_line' id='line_1_82' title="bbox 2149 3519 3730 3608; baseline 0.011 -36"><span class='ocrx_word' id='word_1_616' title='bbox 2149 3522 2178 3573; x_wconf 83' lang='grc' dir='ltr'>ὁ</span> <span class='ocrx_word' id='word_1_617' title='bbox 2211 3519 2443 3585; x_wconf 86' lang='grc' dir='ltr'>ἐνεστὼς</span> <span class='ocrx_word' id='word_1_618' title='bbox 2466 3521 2619 3586; x_wconf 83' lang='grc' dir='ltr'>αἰὼν,</span> <span class='ocrx_word' id='word_1_619' title='bbox 2647 3523 2761 3593; x_wconf 82' lang='grc' dir='ltr'>μεθ’</span> <span class='ocrx_word' id='word_1_620' title='bbox 2776 3523 2833 3576; x_wconf 81' lang='grc' dir='ltr'>ὂν</span> <span class='ocrx_word' id='word_1_621' title='bbox 2858 3525 3140 3594; x_wconf 83' lang='grc' dir='ltr'>μέλλοντές</span> <span class='ocrx_word' id='word_1_622' title='bbox 3156 3546 3298 3593; x_wconf 87' lang='grc' dir='ltr'>τινες</span> <span class='ocrx_word' id='word_1_623' title='bbox 3320 3532 3519 3597; x_wconf 86' lang='grc' dir='ltr'>αἰῶνες</span> <span class='ocrx_word' id='word_1_624' title='bbox 3539 3536 3730 3608; x_wconf 84' lang='grc' dir='ltr'>ἐνστή-</span> 
     </span>
    </p>
   </div>
   <div class='ocr_carea' id='block_1_83' title="bbox 2151 3606 3729 3694">
    <p class='ocr_par' dir='ltr' id='par_1_83' title="bbox 2151 3606 3729 3694">
     <span class='ocr_line' id='line_1_83' title="bbox 2151 3606 3729 3694; baseline 0.012 -31"><span class='ocrx_word' id='word_1_625' title='bbox 2151 3628 2355 3675; x_wconf 89' lang='grc' dir='ltr'>σονται,</span> <span class='ocrx_word' id='word_1_626' title='bbox 2389 3606 2464 3665; x_wconf 85' lang='grc' dir='ltr'>ὧν</span> <span class='ocrx_word' id='word_1_627' title='bbox 2487 3614 2627 3684; x_wconf 82' lang='grc' dir='ltr'>ἀρχή</span> <span class='ocrx_word' id='word_1_628' title='bbox 2663 3617 2810 3668; x_wconf 86' lang='grc' dir='ltr'>ἐστιν</span> <span class='ocrx_word' id='word_1_629' title='bbox 2831 3619 2858 3669; x_wconf 90' lang='grc' dir='ltr'>ὁ</span> <span class='ocrx_word' id='word_1_630' title='bbox 2891 3617 3114 3687; x_wconf 88' lang='grc' dir='ltr'>μέλλων,</span> <span class='ocrx_word' id='word_1_631' title='bbox 3149 3623 3242 3674; x_wconf 78' lang='grc' dir='ltr'>καὶ</span> <span class='ocrx_word' id='word_1_632' title='bbox 3271 3623 3328 3674; x_wconf 86' lang='grc' dir='ltr'><strong>ἐν</strong></span> <span class='ocrx_word' id='word_1_633' title='bbox 3364 3626 3600 3689; x_wconf 85' lang='grc' dir='ltr'>ἐκείνοις</span> <span class='ocrx_word' id='word_1_634' title='bbox 3620 3606 3729 3694; x_wconf 61' lang='lat' dir='ltr'><strong>eoi;</strong></span> 
     </span>
    </p>
   </div>
   <div class='ocr_carea' id='block_1_84' title="bbox 2151 3701 3727 3790">
    <p class='ocr_par' dir='ltr' id='par_1_84' title="bbox 2151 3701 3727 3790">
     <span class='ocr_line' id='line_1_84' title="bbox 2151 3701 3727 3790; baseline 0.013 -38"><span class='ocrx_word' id='word_1_635' title='bbox 2151 3701 2438 3771; x_wconf 82' lang='grc' dir='ltr'>μέλλουσιν</span> <span class='ocrx_word' id='word_1_636' title='bbox 2463 3703 2756 3770; x_wconf 77' lang='grc' dir='ltr'>ἐνδείξεται</span> <span class='ocrx_word' id='word_1_637' title='bbox 2787 3709 2814 3760; x_wconf 87' lang='grc' dir='ltr'>ὁ</span> <span class='ocrx_word' id='word_1_638' title='bbox 2833 3707 2964 3772; x_wconf 77' lang='grc' dir='ltr'>Θεὸς</span> <span class='ocrx_word' id='word_1_639' title='bbox 2997 3709 3089 3763; x_wconf 79' lang='grc' dir='ltr'><strong>τὸν</strong></span> <span class='ocrx_word' id='word_1_640' title='bbox 3119 3711 3348 3767; x_wconf 87' lang='grc' dir='ltr'>πλοῦτον</span> <span class='ocrx_word' id='word_1_641' title='bbox 3380 3717 3482 3787; x_wconf 83' lang='grc' dir='ltr'><strong>τῆς</strong></span> <span class='ocrx_word' id='word_1_642' title='bbox 3510 3721 3727 3790; x_wconf 77' lang='grc' dir='ltr'>χάριτος</span> 
     </span>
    </p>
   </div>
   <div class='ocr_carea' id='block_1_85' title="bbox 2147 3793 3723 3876">
    <p class='ocr_par' dir='ltr' id='par_1_85' title="bbox 2147 3793 3723 3876">
     <span class='ocr_line' id='line_1_85' title="bbox 2147 3793 3723 3876; baseline 0.013 -31"><span class='ocrx_word' id='word_1_643' title='bbox 2147 3793 2309 3847; x_wconf 80' lang='grc' dir='ltr'>αὐτοῦ</span> <span class='ocrx_word' id='word_1_644' title='bbox 2336 3797 2392 3847; x_wconf 80' lang='grc' dir='ltr'><strong>ἐν</strong></span> <span class='ocrx_word' id='word_1_645' title='bbox 2421 3798 2750 3868; x_wconf 81' lang='grc' dir='ltr'>χρηστότητι</span> <span class='ocrx_word' id='word_1_646' title='bbox 2770 3817 2782 3829; x_wconf 95' lang='grc'><strong>·</strong></span> <span class='ocrx_word' id='word_1_647' title='bbox 2823 3800 2920 3853; x_wconf 83' lang='grc' dir='ltr'><strong>τοῦ</strong></span> <span class='ocrx_word' id='word_1_648' title='bbox 2959 3802 3416 3874; x_wconf 84' lang='grc' dir='ltr'>ἁμαρτωλοτάτου</span> <span class='ocrx_word' id='word_1_649' title='bbox 3443 3812 3540 3863; x_wconf 73' lang='grc' dir='ltr'>καὶ</span> <span class='ocrx_word' id='word_1_650' title='bbox 3568 3815 3645 3876; x_wconf 80' lang='grc' dir='ltr'>εἰς</span> <span class='ocrx_word' id='word_1_651' title='bbox 3663 3813 3723 3866; x_wconf 80' lang='grc' dir='ltr'><strong>τὸ</strong></span> 
     </span>
    </p>
   </div>
   <div class='ocr_carea' id='block_1_86' title="bbox 2146 3885 3744 3975">
    <p class='ocr_par' dir='ltr' id='par_1_86' title="bbox 2146 3885 3744 3975">
     <span class='ocr_line' id='line_1_86' title="bbox 2146 3885 3744 3975; baseline 0.011 -38"><span class='ocrx_word' id='word_1_652' title='bbox 2146 3885 2298 3954; x_wconf 75' lang='grc' dir='ltr'>ἅγιον</span> <span class='ocrx_word' id='word_1_653' title='bbox 2343 3887 2568 3958; x_wconf 84' lang='grc' dir='ltr'>Πνεῦμα</span> <span class='ocrx_word' id='word_1_654' title='bbox 2625 3889 3097 3963; x_wconf 76' lang='grc' dir='ltr'>δυσφημήσαντος,</span> <span class='ocrx_word' id='word_1_655' title='bbox 3155 3901 3535 3968; x_wconf 82' lang='grc' dir='ltr'>κρατουμένου</span> <span class='ocrx_word' id='word_1_656' title='bbox 3577 3905 3744 3975; x_wconf 69' lang='grc' dir='ltr'>παρὰ.</span> 
     </span>
    </p>
   </div>
   <div class='ocr_carea' id='block_1_87' title="bbox 2143 3975 3718 4066">
    <p class='ocr_par' dir='ltr' id='par_1_87' title="bbox 2143 3975 3718 4066">
     <span class='ocr_line' id='line_1_87' title="bbox 2143 3975 3718 4066; baseline 0.013 -38"><span class='ocrx_word' id='word_1_657' title='bbox 2143 3975 2241 4044; x_wconf 80' lang='grc' dir='ltr'><strong>τῆς</strong></span> <span class='ocrx_word' id='word_1_658' title='bbox 2277 3978 2552 4049; x_wconf 85' lang='grc' dir='ltr'>ἁμαρτίας</span> <span class='ocrx_word' id='word_1_659' title='bbox 2590 3982 2647 4032; x_wconf 90' lang='grc' dir='ltr'><strong>ἐν</strong></span> <span class='ocrx_word' id='word_1_660' title='bbox 2673 3980 2778 4050; x_wconf 83' lang='grc' dir='ltr'><strong>ὅλῳ</strong></span> <span class='ocrx_word' id='word_1_661' title='bbox 2812 3981 2889 4052; x_wconf 84' lang='grc' dir='ltr'><strong>τῷ</strong></span> <span class='ocrx_word' id='word_1_662' title='bbox 2919 3983 3169 4038; x_wconf 83' lang='grc' dir='ltr'>ἐνεστῶτι</span> <span class='ocrx_word' id='word_1_663' title='bbox 3204 3987 3390 4052; x_wconf 76' lang='grc' dir='ltr'>αἰῶνι,</span> <span class='ocrx_word' id='word_1_664' title='bbox 3425 3994 3521 4046; x_wconf 79' lang='grc' dir='ltr'>καὶ</span> <span class='ocrx_word' id='word_1_665' title='bbox 3550 3996 3718 4066; x_wconf 79' lang='grc' dir='ltr'>ἀρχῆ-</span> 
     </span>
    </p>
   </div>
   <div class='ocr_carea' id='block_1_88' title="bbox 2142 4065 3718 4141">
    <p class='ocr_par' dir='ltr' id='par_1_88' title="bbox 2142 4065 3718 4141">
     <span class='ocr_line' id='line_1_88' title="bbox 2142 4065 3718 4141; baseline 0.011 -23"><span class='ocrx_word' id='word_1_666' title='bbox 2142 4065 2232 4120; x_wconf 86' lang='grc' dir='ltr'><strong>θεν</strong></span> <span class='ocrx_word' id='word_1_667' title='bbox 2269 4067 2430 4138; x_wconf 87' lang='grc' dir='ltr'>μέχρι</span> <span class='ocrx_word' id='word_1_668' title='bbox 2467 4069 2651 4134; x_wconf 88' lang='grc' dir='ltr'>τέλους</span> <span class='ocrx_word' id='word_1_669' title='bbox 2702 4070 2780 4140; x_wconf 84' lang='grc' dir='ltr'>τῷ</span> <span class='ocrx_word' id='word_1_670' title='bbox 2817 4070 3061 4139; x_wconf 83' lang='grc' dir='ltr'>μέλλοντι</span> <span class='ocrx_word' id='word_1_671' title='bbox 3104 4074 3240 4141; x_wconf 77' lang='grc' dir='ltr'>μετὰ</span> <span class='ocrx_word' id='word_1_672' title='bbox 3282 4076 3458 4131; x_wconf 86' lang='grc' dir='ltr'>ταῦτα</span> <span class='ocrx_word' id='word_1_673' title='bbox 3495 4065 3598 4134; x_wconf 14' lang='grc' dir='ltr'>οὐκί</span> <span class='ocrx_word' id='word_1_674' title='bbox 3625 4065 3718 4135; x_wconf 81' lang='grc' dir='ltr'>οἷδ’</span> 
     </span>
    </p>
   </div>
   <div class='ocr_carea' id='block_1_89' title="bbox 2138 4155 3716 4233">
    <p class='ocr_par' dir='ltr' id='par_1_89' title="bbox 2138 4155 3716 4233">
     <span class='ocr_line' id='line_1_89' title="bbox 2138 4155 3716 4233; baseline 0.013 -27"><span class='ocrx_word' id='word_1_675' title='bbox 2138 4155 2286 4218; x_wconf 81' lang='grc' dir='ltr'>ὅπως</span> <span class='ocrx_word' id='word_1_676' title='bbox 2317 4157 2808 4229; x_wconf 77' lang='grc' dir='ltr'>οἰκονομησομένου</span> <span class='ocrx_word' id='word_1_677' title='bbox 2841 4160 2974 4227; x_wconf 77' lang='grc'><strong>(5-1).</strong></span> <span class='ocrx_word' id='word_1_678' title='bbox 2996 4161 3178 4216; x_wconf 91' lang='grc' dir='ltr'>Ταῦτα</span> <span class='ocrx_word' id='word_1_679' title='bbox 3207 4165 3384 4220; x_wconf 89' lang='grc' dir='ltr'>τοίνυν</span> <span class='ocrx_word' id='word_1_680' title='bbox 3412 4176 3442 4221; x_wconf 81' lang='grc' dir='ltr'>ὁ</span> <span class='ocrx_word' id='word_1_681' title='bbox 3466 4169 3608 4233; x_wconf 86' lang='grc' dir='ltr'>ἰδὼν,</span> <span class='ocrx_word' id='word_1_682' title='bbox 3628 4173 3716 4226; x_wconf 73' lang='grc' dir='ltr'><strong>καὶ</strong></span> 
     </span>
    </p>
   </div>
   <div class='ocr_carea' id='block_1_90' title="bbox 2138 4245 3714 4331">
    <p class='ocr_par' dir='ltr' id='par_1_90' title="bbox 2138 4245 3714 4331">
     <span class='ocr_line' id='line_1_90' title="bbox 2138 4245 3714 4331; baseline 0.013 -35"><span class='ocrx_word' id='word_1_683' title='bbox 2138 4248 2203 4316; x_wconf 80' lang='grc' dir='ltr'><strong>τῇ</strong></span> <span class='ocrx_word' id='word_1_684' title='bbox 2239 4245 2447 4318; x_wconf 80' lang='grc' dir='ltr'>διανοίᾳ</span> <span class='ocrx_word' id='word_1_685' title='bbox 2480 4248 2688 4301; x_wconf 79' lang='grc' dir='ltr'>αἰώνων</span> <span class='ocrx_word' id='word_1_686' title='bbox 2722 4250 3008 4321; x_wconf 74' lang='grc' dir='ltr'>ἑϐδομάδα,</span> <span class='ocrx_word' id='word_1_687' title='bbox 3053 4254 3139 4306; x_wconf 80' lang='grc' dir='ltr'><strong>ἵνα</strong></span> <span class='ocrx_word' id='word_1_688' title='bbox 3180 4256 3552 4331; x_wconf 76' lang='grc' dir='ltr'>σαϐϐατισμόν</span> <span class='ocrx_word' id='word_1_689' title='bbox 3597 4280 3714 4316; x_wconf 82' lang='grc' dir='ltr'>τινα</span> 
     </span>
    </p>
   </div>
   <div class='ocr_carea' id='block_1_91' title="bbox 2137 4333 3708 4424">
    <p class='ocr_par' dir='ltr' id='par_1_91' title="bbox 2137 4333 3708 4424">
     <span class='ocr_line' id='line_1_91' title="bbox 2137 4333 3708 4424; baseline 0.011 -37"><span class='ocrx_word' id='word_1_690' title='bbox 2137 4333 2292 4402; x_wconf 77' lang='grc' dir='ltr'>ἅγιον</span> <span class='ocrx_word' id='word_1_691' title='bbox 2321 4335 2593 4410; x_wconf 76' lang='grc' dir='ltr'>θεωρήσῃ,</span> <span class='ocrx_word' id='word_1_692' title='bbox 2629 4341 2905 4411; x_wconf 81' lang='grc' dir='ltr'>ἐννοήσας,</span> <span class='ocrx_word' id='word_1_693' title='bbox 2935 4343 3028 4395; x_wconf 77' lang='grc' dir='ltr'><strong>καὶ</strong></span> <span class='ocrx_word' id='word_1_694' title='bbox 3053 4345 3266 4399; x_wconf 91' lang='grc' dir='ltr'>αἰώνων</span> <span class='ocrx_word' id='word_1_695' title='bbox 3293 4348 3464 4418; x_wconf 83' lang='grc' dir='ltr'>μῆνα,</span> <span class='ocrx_word' id='word_1_696' title='bbox 3499 4352 3586 4404; x_wconf 80' lang='grc' dir='ltr'><strong>ἵνα</strong></span> <span class='ocrx_word' id='word_1_697' title='bbox 3615 4352 3708 4424; x_wconf 83' lang='grc' dir='ltr'><strong>τὴν</strong></span> 
     </span>
    </p>
   </div>
   <div class='ocr_carea' id='block_1_92' title="bbox 2134 4426 3704 4510">
    <p class='ocr_par' dir='ltr' id='par_1_92' title="bbox 2134 4426 3704 4510">
     <span class='ocr_line' id='line_1_92' title="bbox 2134 4426 3704 4510; baseline 0.01 -31"><span class='ocrx_word' id='word_1_698' title='bbox 2134 4426 2297 4496; x_wconf 85' lang='grc' dir='ltr'>ἁγίαν</span> <span class='ocrx_word' id='word_1_699' title='bbox 2325 4428 2420 4482; x_wconf 89' lang='grc' dir='ltr'><strong>τοῦ</strong></span> <span class='ocrx_word' id='word_1_700' title='bbox 2453 4430 2587 4484; x_wconf 82' lang='grc' dir='ltr'>Θεοῦ</span> <span class='ocrx_word' id='word_1_701' title='bbox 2615 4431 2700 4504; x_wconf 83' lang='grc' dir='ltr'><strong>ἴδῃ</strong></span> <span class='ocrx_word' id='word_1_702' title='bbox 2729 4434 3043 4504; x_wconf 57' lang='grc' dir='ltr'>νουμηνίαν</span> <span class='ocrx_word' id='word_1_703' title='bbox 3071 4438 3164 4490; x_wconf 79' lang='grc' dir='ltr'>καὶ</span> <span class='ocrx_word' id='word_1_704' title='bbox 3199 4438 3410 4493; x_wconf 84' lang='grc' dir='ltr'>αἰώνων</span> <span class='ocrx_word' id='word_1_705' title='bbox 3444 4444 3704 4510; x_wconf 83' lang='grc' dir='ltr'>ἐνιαυτὸν,</span> 
     </span>
    </p>
   </div>
   <div class='ocr_carea' id='block_1_93' title="bbox 460 4516 2051 4602">
    <p class='ocr_par' dir='ltr' id='par_1_93' title="bbox 460 4516 2028 4588">
     <span class='ocr_line' id='line_1_93' title="bbox 460 4516 2028 4588; baseline 0.003 -18"><span class='ocrx_word' id='word_1_706' title='bbox 460 4517 775 4572; x_wconf 85' lang='lat' dir='ltr'><strong>necessario</strong></span> <span class='ocrx_word' id='word_1_707' title='bbox 819 4516 1139 4569; x_wconf 80' lang='lat' dir='ltr'><strong>excutieinla</strong></span> <span class='ocrx_word' id='word_1_708' title='bbox 1178 4517 1287 4569; x_wconf 80' lang='lat' dir='ltr'><strong>visa</strong></span> <span class='ocrx_word' id='word_1_709' title='bbox 1337 4529 1480 4582; x_wconf 85' lang='lat' dir='ltr'><strong>sunt,</strong></span> <span class='ocrx_word' id='word_1_710' title='bbox 1534 4525 1592 4572; x_wconf 90' lang='lat' dir='ltr'><strong>ut</strong></span> <span class='ocrx_word' id='word_1_711' title='bbox 1623 4519 2028 4588; x_wconf 70' lang='lat' dir='ltr'><strong>intelligeretur</strong></span> 
     </span>
    </p>
   </div>
   <div class='ocr_carea' id='block_1_94' title="bbox 2159 4516 3710 4602">
    <p class='ocr_par' dir='ltr' id='par_1_94' title="bbox 2159 4520 3710 4602">
     <span class='ocr_line' id='line_1_94' title="bbox 2159 4520 3710 4602; baseline 0.012 -30"><span class='ocrx_word' id='word_1_712' title='bbox 2159 4538 2219 4573; x_wconf 82' lang='grc' dir='ltr'><strong>να</strong></span> <span class='ocrx_word' id='word_1_713' title='bbox 2259 4520 2447 4593; x_wconf 78' lang='grc' dir='ltr'>συνίδῃ</span> <span class='ocrx_word' id='word_1_714' title='bbox 2477 4522 2575 4586; x_wconf 78' lang='grc' dir='ltr'>τὰς</span> <span class='ocrx_word' id='word_1_715' title='bbox 2611 4524 2704 4576; x_wconf 86' lang='grc' dir='ltr'><strong>τοῦ</strong></span> <span class='ocrx_word' id='word_1_716' title='bbox 2739 4527 2986 4581; x_wconf 84' lang='grc' dir='ltr'>ἐνιαυτοῦ</span> <span class='ocrx_word' id='word_1_717' title='bbox 3034 4546 3091 4582; x_wconf 91' lang='grc' dir='ltr'><strong>τε</strong></span> <span class='ocrx_word' id='word_1_718' title='bbox 3122 4530 3333 4602; x_wconf 77' lang='grc' dir='ltr'>ἑορτὰς,</span> <span class='ocrx_word' id='word_1_719' title='bbox 3358 4533 3448 4586; x_wconf 85' lang='grc' dir='ltr'><strong>ὅτε</strong></span> <span class='ocrx_word' id='word_1_720' title='bbox 3483 4535 3565 4589; x_wconf 83' lang='grc' dir='ltr'><strong>δεῖ</strong></span> <span class='ocrx_word' id='word_1_721' title='bbox 3589 4534 3710 4591; x_wconf 78' lang='grc' dir='ltr'><strong>πᾶν</strong></span> 
     </span>
    </p>
   </div>
   <div class='ocr_carea' id='block_1_95' title="bbox 525 4700 1501 4775">
    <p class='ocr_par' dir='ltr' id='par_1_95' title="bbox 525 4700 1501 4775">
     <span class='ocr_line' id='line_1_95' title="bbox 525 4700 1501 4775; baseline 0.001 -17"><span class='ocrx_word' id='word_1_722' title='bbox 525 4704 570 4736; x_wconf 80' lang='grc'><strong>⁸⁷</strong></span> <span class='ocrx_word' id='word_1_723' title='bbox 606 4703 772 4758; x_wconf 79' lang='lat' dir='ltr'><strong>Hebr.</strong></span> <span class='ocrx_word' id='word_1_724' title='bbox 805 4719 896 4770; x_wconf 76' lang='lat' dir='ltr'><strong>lx,</strong></span> <span class='ocrx_word' id='word_1_725' title='bbox 934 4700 1024 4758; x_wconf 70' lang='grc'><strong>26.</strong></span> <span class='ocrx_word' id='word_1_726' title='bbox 1101 4703 1147 4735; x_wconf 73' lang='grc'><strong>⁸⁸</strong></span> <span class='ocrx_word' id='word_1_727' title='bbox 1177 4703 1313 4775; x_wconf 87' lang='lat' dir='ltr'><strong>Eph.</strong></span> <span class='ocrx_word' id='word_1_728' title='bbox 1344 4719 1407 4769; x_wconf 89' lang='grc' dir='ltr'><strong>ιι,</strong></span> <span class='ocrx_word' id='word_1_729' title='bbox 1440 4705 1501 4759; x_wconf 90' lang='grc'><strong>7.</strong></span> 
     </span>
    </p>
   </div>
   <div class='ocr_carea' id='block_1_96' title="bbox 455 4848 2024 4932">
    <p class='ocr_par' dir='ltr' id='par_1_96' title="bbox 455 4848 2024 4932">
     <span class='ocr_line' id='line_1_96' title="bbox 455 4848 2024 4932; baseline 0 -28"><span class='ocrx_word' id='word_1_730' title='bbox 455 4851 740 4932; x_wconf 68' lang='lat' dir='ltr'><strong>decursum</strong></span> <span class='ocrx_word' id='word_1_731' title='bbox 775 4848 1632 4932; x_wconf 55' lang='lat' dir='ltr'><strong>tiaritcr_extenilit,_siit1‘ragante</strong></span> <span class='ocrx_word' id='word_1_732' title='bbox 1657 4851 1847 4932; x_wconf 77' lang='lat' dir='ltr'><strong>eodem</strong></span> <span class='ocrx_word' id='word_1_733' title='bbox 1881 4850 2024 4932; x_wconf 77' lang='grc' dir='ltr'>ᾼρο-</span> 
     </span>
    </p>
   </div>
   <div class='ocr_carea' id='block_1_97' title="bbox 454 4920 2020 4988">
    <p class='ocr_par' dir='ltr' id='par_1_97' title="bbox 454 4920 2020 4988">
     <span class='ocr_line' id='line_1_97' title="bbox 454 4920 2020 4988; baseline -0.001 -15"><span class='ocrx_word' id='word_1_734' title='bbox 454 4921 620 4979; x_wconf 88' lang='lat' dir='ltr'><strong>stolo.</strong></span> <span class='ocrx_word' id='word_1_735' title='bbox 653 4923 741 4986; x_wconf 87' lang='lat' dir='ltr'><strong>qui</strong></span> <span class='ocrx_word' id='word_1_736' title='bbox 773 4935 838 4973; x_wconf 81' lang='lat' dir='ltr'><strong>ex</strong></span> <span class='ocrx_word' id='word_1_737' title='bbox 873 4920 1109 4974; x_wconf 85' lang='lat' dir='ltr'><strong>Sahbalo</strong></span> <span class='ocrx_word' id='word_1_738' title='bbox 1132 4923 1249 4988; x_wconf 75' lang='lat' dir='ltr'><strong>lege</strong></span> <span class='ocrx_word' id='word_1_739' title='bbox 1289 4920 1522 4974; x_wconf 85' lang='lat' dir='ltr'><strong>Mosaiea</strong></span> <span class='ocrx_word' id='word_1_740' title='bbox 1554 4923 1801 4975; x_wconf 85' lang='lat' dir='ltr'><strong>instituto</strong></span> <span class='ocrx_word' id='word_1_741' title='bbox 1829 4920 2020 4974; x_wconf 75' lang='lat' dir='ltr'><strong>subim-</strong></span> 
     </span>
    </p>
   </div>
   <div class='ocr_carea' id='block_1_98' title="bbox 456 4988 2016 5058">
    <p class='ocr_par' dir='ltr' id='par_1_98' title="bbox 456 4988 2016 5058">
     <span class='ocr_line' id='line_1_98' title="bbox 456 4988 2016 5058; baseline 0 -16"><span class='ocrx_word' id='word_1_742' title='bbox 456 4992 559 5042; x_wconf 84' lang='lat' dir='ltr'><strong>lert</strong></span> <span class='ocrx_word' id='word_1_743' title='bbox 590 4988 816 5058; x_wconf 88' lang='lat' dir='ltr'><strong>relinqui</strong></span> <span class='ocrx_word' id='word_1_744' title='bbox 846 4990 1223 5042; x_wconf 85' lang='lat' dir='ltr'><strong>sabbatismum</strong></span> <span class='ocrx_word' id='word_1_745' title='bbox 1275 4989 1470 5057; x_wconf 66' lang='lat' dir='ltr'><strong>populo</strong></span> <span class='ocrx_word' id='word_1_746' title='bbox 1517 4991 1630 5052; x_wconf 90' lang='lat' dir='ltr'><strong>Dei,</strong></span> <span class='ocrx_word' id='word_1_747' title='bbox 1655 4991 1830 5045; x_wconf 83' lang='lat' dir='ltr'><strong>Hebr.</strong></span> <span class='ocrx_word' id='word_1_748' title='bbox 1861 5005 1930 5047; x_wconf 85' lang='lat' dir='ltr'><strong>tv.</strong></span> <span class='ocrx_word' id='word_1_749' title='bbox 1962 4990 2016 5044; x_wconf 90' lang='lat'><strong>9.</strong></span> 
     </span>
    </p>
   </div>
   <div class='ocr_carea' id='block_1_99' title="bbox 453 5058 2014 5130">
    <p class='ocr_par' dir='ltr' id='par_1_99' title="bbox 453 5058 2014 5130">
     <span class='ocr_line' id='line_1_99' title="bbox 453 5058 2014 5130; baseline 0 -19"><span class='ocrx_word' id='word_1_750' title='bbox 453 5058 786 5130; x_wconf 84' lang='lat' dir='ltr'><strong>Crediderim</strong></span> <span class='ocrx_word' id='word_1_751' title='bbox 823 5073 985 5130; x_wconf 74' lang='lat' dir='ltr'><strong>porro</strong></span> <span class='ocrx_word' id='word_1_752' title='bbox 1014 5059 1304 5130; x_wconf 78' lang='lat' dir='ltr'><strong>Origenem</strong></span> <span class='ocrx_word' id='word_1_753' title='bbox 1333 5060 1418 5128; x_wconf 89' lang='lat' dir='ltr'><strong>pio</strong></span> <span class='ocrx_word' id='word_1_754' title='bbox 1445 5061 1692 5125; x_wconf 88' lang='lat' dir='ltr'><strong>consilio,</strong></span> <span class='ocrx_word' id='word_1_755' title='bbox 1730 5073 1785 5114; x_wconf 90' lang='lat' dir='ltr'><strong>ut</strong></span> <span class='ocrx_word' id='word_1_756' title='bbox 1819 5060 2014 5130; x_wconf 74' lang='lat' dir='ltr'><strong>Valen-</strong></span> 
     </span>
    </p>
   </div>
   <div class='ocr_carea' id='block_1_100' title="bbox 455 5127 2010 5198">
    <p class='ocr_par' dir='ltr' id='par_1_100' title="bbox 455 5127 2010 5198">
     <span class='ocr_line' id='line_1_100' title="bbox 455 5127 2010 5198; baseline -0.001 -17"><span class='ocrx_word' id='word_1_757' title='bbox 455 5129 779 5181; x_wconf 81' lang='lat' dir='ltr'><strong>tinianorunt</strong></span> <span class='ocrx_word' id='word_1_758' title='bbox 833 5127 1055 5198; x_wconf 79' lang='lat' dir='ltr'><strong>profana</strong></span> <span class='ocrx_word' id='word_1_759' title='bbox 1110 5127 1356 5196; x_wconf 71' lang='lat' dir='ltr'><strong>dogmata</strong></span> <span class='ocrx_word' id='word_1_760' title='bbox 1399 5140 1687 5194; x_wconf 79' lang='lat' dir='ltr'><strong>everteret,</strong></span> <span class='ocrx_word' id='word_1_761' title='bbox 1724 5145 1843 5198; x_wconf 76' lang='lat' dir='ltr'><strong>quae</strong></span> <span class='ocrx_word' id='word_1_762' title='bbox 1876 5127 2010 5183; x_wconf 67' lang='grc' dir='ltr'>Ᾰζιι-</span> 
     </span>
    </p>
   </div>
   <div class='ocr_carea' id='block_1_101' title="bbox 455 5197 2011 5268">
    <p class='ocr_par' dir='ltr' id='par_1_101' title="bbox 455 5197 2011 5268">
     <span class='ocr_line' id='line_1_101' title="bbox 455 5197 2011 5268; baseline -0.001 -17"><span class='ocrx_word' id='word_1_763' title='bbox 455 5213 554 5252; x_wconf 89' lang='lat' dir='ltr'><strong>nas</strong></span> <span class='ocrx_word' id='word_1_764' title='bbox 596 5198 861 5268; x_wconf 84' lang='lat' dir='ltr'><strong>creationi</strong></span> <span class='ocrx_word' id='word_1_765' title='bbox 901 5197 1047 5250; x_wconf 87' lang='lat' dir='ltr'><strong>orbis</strong></span> <span class='ocrx_word' id='word_1_766' title='bbox 1086 5200 1404 5268; x_wconf 56' lang='lat' dir='ltr'><strong>praepositos</strong></span> <span class='ocrx_word' id='word_1_767' title='bbox 1433 5202 1802 5263; x_wconf 85' lang='lat' dir='ltr'><strong>venditabant,</strong></span> <span class='ocrx_word' id='word_1_768' title='bbox 1835 5210 1891 5252; x_wconf 91' lang='lat' dir='ltr'><strong>et</strong></span> <span class='ocrx_word' id='word_1_769' title='bbox 1927 5210 2011 5252; x_wconf 84' lang='lat' dir='ltr'><strong>to-</strong></span> 
     </span>
    </p>
   </div>
   <div class='ocr_carea' id='block_1_102' title="bbox 455 5267 2008 5338">
    <p class='ocr_par' dir='ltr' id='par_1_102' title="bbox 455 5267 2008 5338">
     <span class='ocr_line' id='line_1_102' title="bbox 455 5267 2008 5338; baseline 0.001 -18"><span class='ocrx_word' id='word_1_770' title='bbox 455 5279 563 5320; x_wconf 86' lang='lat' dir='ltr'><strong>tam</strong></span> <span class='ocrx_word' id='word_1_771' title='bbox 597 5267 870 5338; x_wconf 63' lang='lat' dir='ltr'><strong>ethnicatn</strong></span> <span class='ocrx_word' id='word_1_772' title='bbox 903 5267 1242 5338; x_wconf 79' lang='lat' dir='ltr'><strong>theogoniam</strong></span> <span class='ocrx_word' id='word_1_773' title='bbox 1279 5284 1378 5322; x_wconf 88' lang='lat' dir='ltr'><strong>una</strong></span> <span class='ocrx_word' id='word_1_774' title='bbox 1425 5271 1771 5333; x_wconf 84' lang='lat' dir='ltr'><strong>invexerant,</strong></span> <span class='ocrx_word' id='word_1_775' title='bbox 1809 5270 2008 5324; x_wconf 84' lang='lat' dir='ltr'><strong>decan-</strong></span> 
     </span>
    </p>
   </div>
   <div class='ocr_carea' id='block_1_103' title="bbox 455 5336 2006 5408">
    <p class='ocr_par' dir='ltr' id='par_1_103' title="bbox 455 5336 2006 5408">
     <span class='ocr_line' id='line_1_103' title="bbox 455 5336 2006 5408; baseline 0 -18"><span class='ocrx_word' id='word_1_776' title='bbox 455 5346 594 5408; x_wconf 81' lang='lat' dir='ltr'><strong>tatos</strong></span> <span class='ocrx_word' id='word_1_777' title='bbox 630 5338 764 5393; x_wconf 87' lang='lat' dir='ltr'><strong>istos</strong></span> <span class='ocrx_word' id='word_1_778' title='bbox 791 5336 994 5393; x_wconf 66' lang='lat' dir='ltr'><strong>[Eonas</strong></span> <span class='ocrx_word' id='word_1_779' title='bbox 1033 5336 1098 5390; x_wconf 80' lang='lat' dir='ltr'><strong>ad</strong></span> <span class='ocrx_word' id='word_1_780' title='bbox 1152 5339 1328 5392; x_wconf 80' lang='lat' dir='ltr'><strong>futura</strong></span> <span class='ocrx_word' id='word_1_781' title='bbox 1367 5348 1665 5406; x_wconf 86' lang='lat' dir='ltr'><strong>temporum</strong></span> <span class='ocrx_word' id='word_1_782' title='bbox 1710 5340 1883 5408; x_wconf 91' lang='lat' dir='ltr'><strong>spatia</strong></span> <span class='ocrx_word' id='word_1_783' title='bbox 1909 5339 2006 5391; x_wconf 77' lang='lat' dir='ltr'><strong>tle-</strong></span> 
     </span>
    </p>
   </div>
   <div class='ocr_carea' id='block_1_104' title="bbox 452 5406 2008 5478">
    <p class='ocr_par' dir='ltr' id='par_1_104' title="bbox 452 5406 2008 5478">
     <span class='ocr_line' id='line_1_104' title="bbox 452 5406 2008 5478; baseline -0.001 -18"><span class='ocrx_word' id='word_1_784' title='bbox 452 5406 706 5473; x_wconf 74' lang='lat' dir='ltr'><strong>ﬂexisse;</strong></span> <span class='ocrx_word' id='word_1_785' title='bbox 740 5409 791 5462; x_wconf 93' lang='lat' dir='ltr'><strong>in</strong></span> <span class='ocrx_word' id='word_1_786' title='bbox 826 5409 925 5461; x_wconf 93' lang='lat' dir='ltr'><strong>hoc</strong></span> <span class='ocrx_word' id='word_1_787' title='bbox 955 5408 1294 5478; x_wconf 87' lang='lat' dir='ltr'><strong>culpandum,</strong></span> <span class='ocrx_word' id='word_1_788' title='bbox 1316 5410 1455 5476; x_wconf 88' lang='lat' dir='ltr'><strong>quod</strong></span> <span class='ocrx_word' id='word_1_789' title='bbox 1490 5406 1769 5478; x_wconf 78' lang='lat' dir='ltr'><strong>Evangelii</strong></span> <span class='ocrx_word' id='word_1_790' title='bbox 1800 5409 2008 5477; x_wconf 85' lang='lat' dir='ltr'><strong>simpli-</strong></span> 
     </span>
    </p>
   </div>
   <div class='ocr_carea' id='block_1_105' title="bbox 450 5477 2002 5548">
    <p class='ocr_par' dir='ltr' id='par_1_105' title="bbox 450 5477 2002 5548">
     <span class='ocr_line' id='line_1_105' title="bbox 450 5477 2002 5548; baseline 0 -17"><span class='ocrx_word' id='word_1_791' title='bbox 450 5480 664 5531; x_wconf 85' lang='lat' dir='ltr'><strong>citatem</strong></span> <span class='ocrx_word' id='word_1_792' title='bbox 694 5480 1064 5548; x_wconf 13' lang='lat' dir='ltr'><strong>incrusta‘verit</strong></span> <span class='ocrx_word' id='word_1_793' title='bbox 1091 5477 1305 5548; x_wconf 78' lang='lat' dir='ltr'><strong>gentilis</strong></span> <span class='ocrx_word' id='word_1_794' title='bbox 1335 5479 1683 5548; x_wconf 79' lang='lat' dir='ltr'><strong>philosophiae</strong></span> <span class='ocrx_word' id='word_1_795' title='bbox 1714 5478 2002 5533; x_wconf 89' lang='lat' dir='ltr'><strong>insomniis</strong></span> 
     </span>
    </p>
   </div>
   <div class='ocr_carea' id='block_1_106' title="bbox 450 5545 2002 5611">
    <p class='ocr_par' dir='ltr' id='par_1_106' title="bbox 450 5545 2002 5611">
     <span class='ocr_line' id='line_1_106' title="bbox 450 5545 2002 5611; baseline 0.001 -10"><span class='ocrx_word' id='word_1_796' title='bbox 450 5549 516 5601; x_wconf 86' lang='lat' dir='ltr'><strong>tle</strong></span> <span class='ocrx_word' id='word_1_797' title='bbox 543 5547 752 5600; x_wconf 86' lang='lat' dir='ltr'><strong>mundis</strong></span> <span class='ocrx_word' id='word_1_798' title='bbox 785 5545 1014 5600; x_wconf 80' lang='lat' dir='ltr'><strong>infinitis</strong></span> <span class='ocrx_word' id='word_1_799' title='bbox 1059 5545 1161 5602; x_wconf 74' lang='lat' dir='ltr'><strong>sibi</strong></span> <span class='ocrx_word' id='word_1_800' title='bbox 1206 5545 1432 5601; x_wconf 79' lang='lat' dir='ltr'><strong>inVieem</strong></span> <span class='ocrx_word' id='word_1_801' title='bbox 1470 5545 1910 5611; x_wconf 75' lang='lat' dir='ltr'><strong>succedentibus.</strong></span> <span class='ocrx_word' id='word_1_802' title='bbox 1947 5556 2002 5602; x_wconf 85' lang='lat' dir='ltr'><strong>et</strong></span> 
     </span>
    </p>
   </div>
   <div class='ocr_carea' id='block_1_107' title="bbox 447 5615 1998 5688">
    <p class='ocr_par' dir='ltr' id='par_1_107' title="bbox 447 5615 1998 5688">
     <span class='ocr_line' id='line_1_107' title="bbox 447 5615 1998 5688; baseline 0.002 -20"><span class='ocrx_word' id='word_1_803' title='bbox 447 5615 1110 5688; x_wconf 66' lang='lat' dir='ltr'><strong>Academiteplacitisde</strong></span> <span class='ocrx_word' id='word_1_804' title='bbox 1140 5617 1396 5670; x_wconf 67' lang='lat' dir='ltr'><strong>caelorum</strong></span> <span class='ocrx_word' id='word_1_805' title='bbox 1456 5618 1530 5688; x_wconf 12' lang='lat' dir='ltr'><strong>ad,</strong></span> <span class='ocrx_word' id='word_1_806' title='bbox 1552 5687 1557 5688; x_wconf 14' lang='grc' dir='ltr'><strong>γ</strong></span> <span class='ocrx_word' id='word_1_807' title='bbox 1582 5620 1771 5672; x_wconf 88' lang='lat' dir='ltr'><strong>eadem</strong></span> <span class='ocrx_word' id='word_1_808' title='bbox 1803 5624 1998 5688; x_wconf 83' lang='lat' dir='ltr'><strong>puncta</strong></span> 
     </span>
    </p>
   </div>
   <div class='ocr_carea' id='block_1_108' title="bbox 449 5685 1998 5756">
    <p class='ocr_par' dir='ltr' id='par_1_108' title="bbox 449 5685 1998 5756">
     <span class='ocr_line' id='line_1_108' title="bbox 449 5685 1998 5756; baseline 0.003 -19"><span class='ocrx_word' id='word_1_809' title='bbox 449 5685 897 5746; x_wconf 81' lang='lat' dir='ltr'><strong>revolutionibus,</strong></span> <span class='ocrx_word' id='word_1_810' title='bbox 929 5696 982 5740; x_wconf 91' lang='lat' dir='ltr'><strong>et</strong></span> <span class='ocrx_word' id='word_1_811' title='bbox 1015 5686 1068 5741; x_wconf 92' lang='lat' dir='ltr'><strong>in</strong></span> <span class='ocrx_word' id='word_1_812' title='bbox 1114 5701 1475 5756; x_wconf 18' lang='lat' dir='ltr'><strong>magnoianno</strong></span> <span class='ocrx_word' id='word_1_813' title='bbox 1505 5685 1998 5744; x_wconf 56' lang='lat' dir='ltr'><strong>Platonico&#39;rerum</strong></span> 
     </span>
    </p>
   </div>
   <div class='ocr_carea' id='block_1_109' title="bbox 444 5755 1465 5813">
    <p class='ocr_par' dir='ltr' id='par_1_109' title="bbox 444 5755 1465 5813">
     <span class='ocr_line' id='line_1_109' title="bbox 444 5755 1465 5813; baseline -0.003 0"><span class='ocrx_word' id='word_1_814' title='bbox 444 5757 683 5813; x_wconf 90' lang='lat' dir='ltr'><strong>omnium</strong></span> <span class='ocrx_word' id='word_1_815' title='bbox 713 5757 1070 5810; x_wconf 88' lang='lat' dir='ltr'><strong>restitutione.</strong></span> <span class='ocrx_word' id='word_1_816' title='bbox 1104 5755 1257 5810; x_wconf 63' lang='lat' dir='ltr'><strong>Emi.</strong></span> <span class='ocrx_word' id='word_1_817' title='bbox 1297 5755 1465 5810; x_wconf 69' lang='lat' dir='ltr'><strong>Oxon.</strong></span> 
     </span>
    </p>
   </div>
   <div class='ocr_carea' id='block_1_110' title="bbox 517 5821 1924 5900">
    <p class='ocr_par' dir='ltr' id='par_1_110' title="bbox 517 5821 1924 5900">
     <span class='ocr_line' id='line_1_110' title="bbox 517 5821 1924 5900; baseline 0 -19"><span class='ocrx_word' id='word_1_818' title='bbox 517 5826 630 5900; x_wconf 69' lang='grc'><strong>(45)</strong></span> <span class='ocrx_word' id='word_1_819' title='bbox 667 5828 732 5882; x_wconf 87' lang='grc' dir='ltr'><em>Ἢ</em></span> <span class='ocrx_word' id='word_1_820' title='bbox 759 5827 1064 5896; x_wconf 79' lang='grc' dir='ltr'>νεομηνία.</span> <span class='ocrx_word' id='word_1_821' title='bbox 1088 5821 1522 5896; x_wconf 71' lang='lat' dir='ltr'><strong>Bentleiuslcgit,</strong></span> <span class='ocrx_word' id='word_1_822' title='bbox 1545 5827 1610 5896; x_wconf 79' lang='grc' dir='ltr'>τῇ</span> <span class='ocrx_word' id='word_1_823' title='bbox 1646 5827 1924 5898; x_wconf 67' lang='grc' dir='ltr'>νεομηνία.</span> 
     </span>
    </p>
   </div>
   <div class='ocr_carea' id='block_1_111' title="bbox 1579 4704 2680 4777">
    <p class='ocr_par' dir='ltr' id='par_1_111' title="bbox 1579 4704 2680 4777">
     <span class='ocr_line' id='line_1_111' title="bbox 1579 4704 2680 4777; baseline 0.005 -19"><span class='ocrx_word' id='word_1_824' title='bbox 1579 4704 1623 4738; x_wconf 86' lang='grc'><strong><em>⁶⁹</em></strong></span> <span class='ocrx_word' id='word_1_825' title='bbox 1648 4704 1872 4761; x_wconf 87' lang='lat' dir='ltr'><strong>Denter.</strong></span> <span class='ocrx_word' id='word_1_826' title='bbox 1907 4721 2022 4770; x_wconf 82' lang='lat' dir='ltr'><strong>xvi,</strong></span> <span class='ocrx_word' id='word_1_827' title='bbox 2061 4707 2149 4760; x_wconf 75' lang='grc'><strong>16.</strong></span> <span class='ocrx_word' id='word_1_828' title='bbox 2225 4707 2271 4739; x_wconf 78' lang='grc' dir='ltr'><strong><em>ὀ</em></strong></span> <span class='ocrx_word' id='word_1_829' title='bbox 2299 4707 2440 4777; x_wconf 74' lang='lat' dir='ltr'><strong>Eph.</strong></span> <span class='ocrx_word' id='word_1_830' title='bbox 2472 4724 2562 4772; x_wconf 89' lang='lat' dir='ltr'><strong>ut,</strong></span> <span class='ocrx_word' id='word_1_831' title='bbox 2587 4710 2680 4764; x_wconf 75' lang='lat'><strong>20.</strong></span> 
     </span>
    </p>
   </div>
   <div class='ocr_carea' id='block_1_112' title="bbox 2757 4711 3209 4780">
    <p class='ocr_par' dir='ltr' id='par_1_112' title="bbox 2757 4711 3209 4780">
     <span class='ocr_line' id='line_1_112' title="bbox 2757 4711 3209 4780; baseline 0.013 -15"><span class='ocrx_word' id='word_1_832' title='bbox 2757 4712 2801 4743; x_wconf 75' lang='grc' dir='ltr'>τι</span> <span class='ocrx_word' id='word_1_833' title='bbox 2830 4712 2846 4766; x_wconf 94' lang='grc'><strong>1</strong></span> <span class='ocrx_word' id='word_1_834' title='bbox 2875 4711 3004 4768; x_wconf 90' lang='lat' dir='ltr'><strong>Cor.</strong></span> <span class='ocrx_word' id='word_1_835' title='bbox 3033 4729 3107 4780; x_wconf 92' lang='grc' dir='ltr'><strong>ιι,</strong></span> <span class='ocrx_word' id='word_1_836' title='bbox 3152 4716 3209 4771; x_wconf 88' lang='grc'><strong>9.</strong></span> 
     </span>
    </p>
   </div>
   <div class='ocr_carea' id='block_1_113' title="bbox 2207 4850 3344 4920">
    <p class='ocr_par' dir='ltr' id='par_1_113' title="bbox 2207 4850 3344 4920">
     <span class='ocr_line' id='line_1_113' title="bbox 2207 4850 3344 4920; baseline 0.004 -18"><span class='ocrx_word' id='word_1_837' title='bbox 2207 4850 2317 4916; x_wconf 64' lang='grc'>(46)</span> <span class='ocrx_word' id='word_1_838' title='bbox 2356 4850 2631 4917; x_wconf 82' lang='grc' dir='ltr'>Χριστοῦ.</span> <span class='ocrx_word' id='word_1_839' title='bbox 2663 4850 2824 4907; x_wconf 85' lang='lat' dir='ltr'><strong>Forte</strong></span> <span class='ocrx_word' id='word_1_840' title='bbox 2851 4851 3156 4920; x_wconf 68' lang='lat' dir='ltr'><strong>legendum,</strong></span> <span class='ocrx_word' id='word_1_841' title='bbox 3185 4852 3344 4907; x_wconf 82' lang='grc' dir='ltr'>Θεοῦ.</span> 
     </span>
    </p>
   </div>
   <div class='ocr_carea' id='block_1_114' title="bbox 2203 4920 3693 4998">
    <p class='ocr_par' dir='ltr' id='par_1_114' title="bbox 2203 4920 3693 4998">
     <span class='ocr_line' id='line_1_114' title="bbox 2203 4920 3693 4998; baseline 0.005 -25"><span class='ocrx_word' id='word_1_842' title='bbox 2203 4920 2314 4998; x_wconf 66' lang='grc' dir='ltr'><strong>μη</strong></span> <span class='ocrx_word' id='word_1_843' title='bbox 2361 4921 2725 4998; x_wconf 65' lang='grc' dir='ltr'>ᾈληθιιςούς.</span> <span class='ocrx_word' id='word_1_844' title='bbox 2757 4935 2882 4998; x_wconf 78' lang='lat' dir='ltr'><strong>e_lc._</strong></span> <span class='ocrx_word' id='word_1_845' title='bbox 2911 4921 3062 4998; x_wconf 59' lang='lat' dir='ltr'><strong>Legit</strong></span> <span class='ocrx_word' id='word_1_846' title='bbox 3103 4923 3394 4998; x_wconf 76' lang='lat' dir='ltr'><strong>Bentleius,</strong></span> <span class='ocrx_word' id='word_1_847' title='bbox 3412 4926 3693 4998; x_wconf 82' lang='grc' dir='ltr'>ἀληθινῶς,</span> 
     </span>
    </p>
   </div>
   <div class='ocr_carea' id='block_1_115' title="bbox 2125 4990 3694 5067">
    <p class='ocr_par' dir='ltr' id='par_1_115' title="bbox 2125 4990 3694 5067">
     <span class='ocr_line' id='line_1_115' title="bbox 2125 4990 3694 5067; baseline 0.004 -23"><span class='ocrx_word' id='word_1_848' title='bbox 2125 4990 2338 5067; x_wconf 66' lang='grc' dir='ltr'>οῦδενᾴς</span> <span class='ocrx_word' id='word_1_849' title='bbox 2365 4991 2494 5067; x_wconf 63' lang='grc' dir='ltr'><strong>Δἐστι</strong></span> <span class='ocrx_word' id='word_1_850' title='bbox 2533 4990 2672 5067; x_wconf 73' lang='grc' dir='ltr'>πλὴν</span> <span class='ocrx_word' id='word_1_851' title='bbox 2702 4991 2933 5067; x_wconf 51' lang='grc' dir='ltr'>τοῦξὴν</span> <span class='ocrx_word' id='word_1_852' title='bbox 2958 4992 3256 5067; x_wconf 35' lang='grc' dir='ltr'>Πατρικηὴν,</span> <span class='ocrx_word' id='word_1_853' title='bbox 3289 4997 3369 5048; x_wconf 82' lang='lat' dir='ltr'><strong>vel</strong></span> <span class='ocrx_word' id='word_1_854' title='bbox 3410 4990 3694 5067; x_wconf 63' lang='grc' dir='ltr'>ἀλῆθινῶς,</span> 
     </span>
    </p>
   </div>
   <div class='ocr_carea' id='block_1_116' title="bbox 2124 5060 3694 5135">
    <p class='ocr_par' dir='ltr' id='par_1_116' title="bbox 2124 5060 3694 5135">
     <span class='ocr_line' id='line_1_116' title="bbox 2124 5060 3694 5135; baseline 0.008 -23"><span class='ocrx_word' id='word_1_855' title='bbox 2124 5060 2336 5135; x_wconf 42' lang='lat' dir='ltr'><strong>vitam;</strong></span> <span class='ocrx_word' id='word_1_856' title='bbox 2361 5061 2508 5135; x_wconf 79' lang='grc' dir='ltr'>ἐστιν</span> <span class='ocrx_word' id='word_1_857' title='bbox 2559 5060 2637 5135; x_wconf 51' lang='grc' dir='ltr'><strong>οῦ</strong></span> <span class='ocrx_word' id='word_1_858' title='bbox 2664 5061 2763 5135; x_wconf 74' lang='grc' dir='ltr'><strong>τῂν</strong></span> <span class='ocrx_word' id='word_1_859' title='bbox 2796 5060 3112 5135; x_wconf 27' lang='grc' dir='ltr'>ματρικ-ήν.</span> <span class='ocrx_word' id='word_1_860' title='bbox 3156 5060 3418 5120; x_wconf 74' lang='grc' dir='ltr'>Πυιιιιιιιιε</span> <span class='ocrx_word' id='word_1_861' title='bbox 3442 5060 3694 5124; x_wconf 63' lang='lat' dir='ltr'><strong>Claudius</strong></span> 
     </span>
    </p>
   </div>
   <div class='ocr_carea' id='block_1_117' title="bbox 2132 5129 3094 5252">
    <p class='ocr_par' dir='ltr' id='par_1_117' title="bbox 2132 5129 3094 5252">
     <span class='ocr_line' id='line_1_117' title="bbox 2132 5129 3094 5252; baseline 0.005 -70"><span class='ocrx_word' id='word_1_862' title='bbox 2132 5129 2409 5196; x_wconf 74' lang='lat' dir='ltr'><strong>Flenrv.ei</strong></span> <span class='ocrx_word' id='word_1_863' title='bbox 2443 5129 2516 5201; x_wconf 85' lang='grc' dir='ltr'>μὴ</span> <span class='ocrx_word' id='word_1_864' title='bbox 2539 5130 2631 5182; x_wconf 90' lang='grc' dir='ltr'><strong>τοῦ</strong></span> <span class='ocrx_word' id='word_1_865' title='bbox 2660 5129 2760 5252; x_wconf 48' lang='grc' dir='ltr'>τίὲν</span> <span class='ocrx_word' id='word_1_866' title='bbox 2791 5129 3094 5213; x_wconf 45' lang='grc' dir='ltr'>Πατρικήςν.</span> 
     </span>
     <span class='ocr_line' id='line_1_118' title="bbox 2186 5197 3094 5252; baseline 0.001 -1"><span class='ocrx_word' id='word_1_867' title='bbox 2186 5198 2299 5252; x_wconf 71' lang='grc'><strong>(48)</strong></span> <span class='ocrx_word' id='word_1_868' title='bbox 2325 5197 2508 5252; x_wconf 79' lang='lat' dir='ltr'><strong>Codex</strong></span> <span class='ocrx_word' id='word_1_869' title='bbox 2554 5217 2682 5252; x_wconf 87' lang='lat' dir='ltr'><strong>ms..</strong></span> <span class='ocrx_word' id='word_1_870' title='bbox 2741 5199 2767 5251; x_wconf 87' lang='grc' dir='ltr'><strong>έ</strong></span> <span class='ocrx_word' id='word_1_871' title='bbox 2815 5217 2904 5252; x_wconf 72' lang='grc' dir='ltr'><strong>μοι</strong></span> <span class='ocrx_word' id='word_1_872' title='bbox 2951 5203 3094 5252; x_wconf 49' lang='grc' dir='ltr'>ἐπηλη</span> 
     </span>
    </p>
   </div>
   <div class='ocr_carea' id='block_1_118' title="bbox 2113 5197 3692 5322">
    <p class='ocr_par' dir='ltr' id='par_1_118' title="bbox 2113 5197 3692 5322">
     <span class='ocr_line' id='line_1_119' title="bbox 2186 5197 3692 5273; baseline 0.006 -22"><span class='ocrx_word' id='word_1_873' title='bbox 2186 5198 2299 5266; x_wconf 71' lang='grc'><strong>(48)</strong></span> <span class='ocrx_word' id='word_1_874' title='bbox 2325 5197 2516 5252; x_wconf 65' lang='grc' dir='ltr'>ϐυιιειί</span> <span class='ocrx_word' id='word_1_875' title='bbox 2554 5217 2682 5264; x_wconf 88' lang='lat' dir='ltr'><strong>ms.,</strong></span> <span class='ocrx_word' id='word_1_876' title='bbox 2710 5197 2767 5252; x_wconf 87' lang='grc' dir='ltr'><strong>δέ</strong></span> <span class='ocrx_word' id='word_1_877' title='bbox 2814 5197 2924 5271; x_wconf 82' lang='grc' dir='ltr'>μοι’</span> <span class='ocrx_word' id='word_1_878' title='bbox 2951 5197 3204 5273; x_wconf 85' lang='grc' dir='ltr'>ἐπῆλθεν.</span> <span class='ocrx_word' id='word_1_879' title='bbox 3261 5201 3440 5257; x_wconf 85' lang='lat' dir='ltr'><strong>Editio</strong></span> <span class='ocrx_word' id='word_1_880' title='bbox 3489 5203 3692 5272; x_wconf 74' lang='lat' dir='ltr'><strong>Oxum,</strong></span> 
     </span>
     <span class='ocr_line' id='line_1_120' title="bbox 2113 5269 2580 5322; baseline 0 0"><span class='ocrx_word' id='word_1_881' title='bbox 2113 5269 2176 5322; x_wconf 82' lang='grc' dir='ltr'>δή</span> <span class='ocrx_word' id='word_1_882' title='bbox 2211 5286 2298 5322; x_wconf 74' lang='grc' dir='ltr'><strong>μοι</strong></span> <span class='ocrx_word' id='word_1_883' title='bbox 2320 5269 2580 5322; x_wconf 69' lang='grc' dir='ltr'>ἀπῆλθεν.</span> 
     </span>
    </p>
   </div>
   <div class='ocr_carea' id='block_1_119' title="bbox 2249 5286 2580 5322">
    <p class='ocr_par' dir='ltr' id='par_1_119' title="bbox 2249 5286 2580 5322">
     <span class='ocr_line' id='line_1_121' title="bbox 2249 5286 2580 5322; baseline 0.006 -2"><span class='ocrx_word' id='word_1_884' title='bbox 2249 5286 2298 5320; x_wconf 91' lang='grc' dir='ltr'><strong>οι</strong></span> <span class='ocrx_word' id='word_1_885' title='bbox 2320 5286 2580 5322; x_wconf 55' lang='grc' dir='ltr'>απκηλυεν.</span> 
     </span>
    </p>
   </div>
   <div class='ocr_carea' id='block_1_120' title="bbox 2146 5271 3689 5409">
    <p class='ocr_par' dir='ltr' id='par_1_120' title="bbox 2146 5271 3689 5409">
     <span class='ocr_line' id='line_1_122' title="bbox 2146 5271 3682 5340; baseline 0.005 -21"><span class='ocrx_word' id='word_1_886' title='bbox 2146 5271 2176 5340; x_wconf 87' lang='grc' dir='ltr'><strong>ή</strong></span> <span class='ocrx_word' id='word_1_887' title='bbox 2211 5286 2298 5338; x_wconf 86' lang='grc' dir='ltr'>μοι</span> <span class='ocrx_word' id='word_1_888' title='bbox 2320 5271 2580 5340; x_wconf 77' lang='grc' dir='ltr'>ἀπῆλθεν.</span> <span class='ocrx_word' id='word_1_889' title='bbox 3045 5271 3054 5273; x_wconf 14' lang='grc' dir='ltr'>ἡ</span> <span class='ocrx_word' id='word_1_890' title='bbox 3676 5271 3682 5272; x_wconf 43' lang='grc'><strong><em>⁷</em></strong></span> 
     </span>
     <span class='ocr_line' id='line_1_123' title="bbox 2154 5337 3689 5409; baseline 0.005 -19"><span class='ocrx_word' id='word_1_891' title='bbox 2154 5338 2298 5409; x_wconf 5' lang='grc'><strong>,(49)</strong></span> <span class='ocrx_word' id='word_1_892' title='bbox 2326 5338 2586 5406; x_wconf 79' lang='grc' dir='ltr'>Πλῆθος.</span> <span class='ocrx_word' id='word_1_893' title='bbox 2634 5337 3076 5408; x_wconf 79' lang='lat' dir='ltr'><strong>Bentleinslegit,</strong></span> <span class='ocrx_word' id='word_1_894' title='bbox 3106 5339 3362 5404; x_wconf 82' lang='grc' dir='ltr'>πλοῦτος,</span> <span class='ocrx_word' id='word_1_895' title='bbox 3415 5351 3471 5396; x_wconf 89' lang='lat' dir='ltr'><strong>et</strong></span> <span class='ocrx_word' id='word_1_896' title='bbox 3508 5345 3578 5396; x_wconf 88' lang='lat' dir='ltr'><strong>ita</strong></span> <span class='ocrx_word' id='word_1_897' title='bbox 3615 5343 3689 5398; x_wconf 87' lang='lat' dir='ltr'><strong>le-</strong></span> 
     </span>
    </p>
   </div>
   <div class='ocr_carea' id='block_1_121' title="bbox 2111 5408 3688 5531">
    <p class='ocr_par' dir='ltr' id='par_1_121' title="bbox 2111 5408 3688 5531">
     <span class='ocr_line' id='line_1_124' title="bbox 2111 5408 3688 5531; baseline 0.007 -72"><span class='ocrx_word' id='word_1_898' title='bbox 2111 5408 2262 5531; x_wconf 54' lang='lat' dir='ltr'><strong>ﬁ‘itltlir</strong></span> <span class='ocrx_word' id='word_1_899' title='bbox 2290 5408 2343 5461; x_wconf 91' lang='lat' dir='ltr'><strong>in</strong></span> <span class='ocrx_word' id='word_1_900' title='bbox 2377 5411 2540 5464; x_wconf 85' lang='lat' dir='ltr'><strong>codd.</strong></span> <span class='ocrx_word' id='word_1_901' title='bbox 2574 5424 2706 5464; x_wconf 83' lang='lat' dir='ltr'><strong>mss.</strong></span> <span class='ocrx_word' id='word_1_902' title='bbox 2752 5410 2934 5474; x_wconf 82' lang='lat' dir='ltr'><strong>Alex.,</strong></span> <span class='ocrx_word' id='word_1_903' title='bbox 2985 5409 3155 5473; x_wconf 82' lang='lat' dir='ltr'><strong>Clar.,</strong></span> <span class='ocrx_word' id='word_1_904' title='bbox 3213 5411 3438 5465; x_wconf 76' lang='lat' dir='ltr'><strong>Colbert</strong></span> <span class='ocrx_word' id='word_1_905' title='bbox 3466 5413 3519 5475; x_wconf 80' lang='lat'><strong>7,</strong></span> <span class='ocrx_word' id='word_1_906' title='bbox 3553 5423 3688 5470; x_wconf 74' lang='lat' dir='ltr'><strong>teste</strong></span> 
     </span>
     <span class='ocr_line' id='line_1_125' title="bbox 2169 5494 2301 5531; baseline 0.015 -2"><span class='ocrx_word' id='word_1_907' title='bbox 2169 5495 2178 5529; x_wconf 91' lang='grc' dir='ltr'>ι</span> <span class='ocrx_word' id='word_1_908' title='bbox 2230 5494 2301 5531; x_wconf 87' lang='grc' dir='ltr'><strong>ιο.</strong></span> 
     </span>
    </p>
   </div>
   <div class='ocr_carea' id='block_1_122' title="bbox 2169 5478 2301 5532">
    <p class='ocr_par' dir='ltr' id='par_1_122' title="bbox 2169 5478 2301 5532">
     <span class='ocr_line' id='line_1_126' title="bbox 2169 5478 2301 5532; baseline 0.008 -3"><span class='ocrx_word' id='word_1_909' title='bbox 2169 5478 2301 5532; x_wconf 92' lang='lat' dir='ltr'><strong>illio.</strong></span> 
     </span>
    </p>
   </div>
   <div class='ocr_carea' id='block_1_123' title="bbox 2180 5545 3576 5622">
    <p class='ocr_par' dir='ltr' id='par_1_123' title="bbox 2180 5545 3576 5622">
     <span class='ocr_line' id='line_1_127' title="bbox 2180 5545 3576 5622; baseline 0.006 -24"><span class='ocrx_word' id='word_1_910' title='bbox 2180 5545 2292 5622; x_wconf 58' lang='grc' dir='ltr'>(ξιι)</span> <span class='ocrx_word' id='word_1_911' title='bbox 2332 5546 2513 5622; x_wconf 71' lang='lat' dir='ltr'><strong>Qodex</strong></span> <span class='ocrx_word' id='word_1_912' title='bbox 2542 5563 2666 5612; x_wconf 88' lang='lat' dir='ltr'><strong>ms.,</strong></span> <span class='ocrx_word' id='word_1_913' title='bbox 2712 5553 2836 5622; x_wconf 71' lang='grc' dir='ltr'>μήθ,</span> <span class='ocrx_word' id='word_1_914' title='bbox 2871 5549 3038 5622; x_wconf 72' lang='lat' dir='ltr'><strong>editio</strong></span> <span class='ocrx_word' id='word_1_915' title='bbox 3061 5548 3262 5622; x_wconf 77' lang='grc' dir='ltr'>Οιιοιι..</span> <span class='ocrx_word' id='word_1_916' title='bbox 3289 5552 3388 5622; x_wconf 85' lang='grc' dir='ltr'>μή,</span> <span class='ocrx_word' id='word_1_917' title='bbox 3420 5553 3576 5608; x_wconf 89' lang='lat' dir='ltr'><strong>male.</strong></span> 
     </span>
    </p>
   </div>
   <div class='ocr_carea' id='block_1_124' title="bbox 2181 5617 3684 5694">
    <p class='ocr_par' dir='ltr' id='par_1_124' title="bbox 2181 5617 3684 5694">
     <span class='ocr_line' id='line_1_128' title="bbox 2181 5617 3684 5694; baseline 0.004 -23"><span class='ocrx_word' id='word_1_918' title='bbox 2181 5617 2298 5687; x_wconf 79' lang='lat' dir='ltr'><strong>(5i)</strong></span> <span class='ocrx_word' id='word_1_919' title='bbox 2339 5617 2918 5694; x_wconf 59' lang='grc' dir='ltr'>Οιλιονομῃσομένοιι.</span> <span class='ocrx_word' id='word_1_920' title='bbox 2961 5619 3140 5694; x_wconf 61' lang='lat' dir='ltr'><strong>Lege,</strong></span> <span class='ocrx_word' id='word_1_921' title='bbox 3185 5617 3684 5694; x_wconf 74' lang='grc' dir='ltr'>οἰκονόμηθησομέ-</span> 
     </span>
    </p>
   </div>
   <div class='ocr_carea' id='block_1_125' title="bbox 2107 5687 3682 5764">
    <p class='ocr_par' dir='ltr' id='par_1_125' title="bbox 2107 5687 3682 5764">
     <span class='ocr_line' id='line_1_129' title="bbox 2107 5687 3682 5764; baseline 0.007 -27"><span class='ocrx_word' id='word_1_922' title='bbox 2107 5703 2222 5764; x_wconf 75' lang='grc' dir='ltr'>νου,</span> <span class='ocrx_word' id='word_1_923' title='bbox 2254 5695 2309 5739; x_wconf 89' lang='lat' dir='ltr'><strong>et</strong></span> <span class='ocrx_word' id='word_1_924' title='bbox 2341 5687 2522 5764; x_wconf 75' lang='lat' dir='ltr'><strong>obiter</strong></span> <span class='ocrx_word' id='word_1_925' title='bbox 2551 5691 2784 5764; x_wconf 74' lang='lat' dir='ltr'><strong>observa</strong></span> <span class='ocrx_word' id='word_1_926' title='bbox 2809 5687 3099 5764; x_wconf 73' lang='lat' dir='ltr'><strong>Urigenein</strong></span> <span class='ocrx_word' id='word_1_927' title='bbox 3128 5689 3231 5743; x_wconf 87' lang='lat' dir='ltr'><strong>hoc</strong></span> <span class='ocrx_word' id='word_1_928' title='bbox 3266 5687 3385 5764; x_wconf 71' lang='lat' dir='ltr'><strong>loco</strong></span> <span class='ocrx_word' id='word_1_929' title='bbox 3409 5687 3682 5764; x_wconf 69' lang='lat' dir='ltr'><strong>quidpiam</strong></span> 
     </span>
    </p>
   </div>
   <div class='ocr_carea' id='block_1_126' title="bbox 2105 5755 3684 5829">
    <p class='ocr_par' dir='ltr' id='par_1_126' title="bbox 2105 5755 3684 5829">
     <span class='ocr_line' id='line_1_130' title="bbox 2105 5755 3684 5829; baseline 0.004 -22"><span class='ocrx_word' id='word_1_930' title='bbox 2105 5755 2335 5829; x_wconf 78' lang='lat' dir='ltr'><strong>innuero</strong></span> <span class='ocrx_word' id='word_1_931' title='bbox 2375 5757 2521 5829; x_wconf 80' lang='lat' dir='ltr'><strong>quod</strong></span> <span class='ocrx_word' id='word_1_932' title='bbox 2557 5758 2791 5824; x_wconf 90' lang='lat' dir='ltr'><strong>pertinet</strong></span> <span class='ocrx_word' id='word_1_933' title='bbox 2814 5758 2879 5812; x_wconf 87' lang='lat' dir='ltr'><strong>ad</strong></span> <span class='ocrx_word' id='word_1_934' title='bbox 2906 5755 3177 5824; x_wconf 72' lang='lat' dir='ltr'><strong>obiectum</strong></span> <span class='ocrx_word' id='word_1_935' title='bbox 3204 5769 3258 5813; x_wconf 88' lang='lat' dir='ltr'><strong>et</strong></span> <span class='ocrx_word' id='word_1_936' title='bbox 3294 5755 3513 5826; x_wconf 78' lang='lat' dir='ltr'><strong>int-ean</strong></span> <span class='ocrx_word' id='word_1_937' title='bbox 3540 5755 3684 5829; x_wconf 69' lang='lat' dir='ltr'><strong>injn~</strong></span> 
     </span>
    </p>
   </div>
   <div class='ocr_carea' id='block_1_127' title="bbox 2105 5824 3682 5904">
    <p class='ocr_par' dir='ltr' id='par_1_127' title="bbox 2105 5824 3682 5904">
     <span class='ocr_line' id='line_1_131' title="bbox 2105 5824 3682 5904; baseline 0.006 -26"><span class='ocrx_word' id='word_1_938' title='bbox 2105 5824 2185 5879; x_wconf 87' lang='lat' dir='ltr'><strong>ria</strong></span> <span class='ocrx_word' id='word_1_939' title='bbox 2206 5824 2592 5894; x_wconf 82' lang='lat' dir='ltr'><strong>exprobratum</strong></span> <span class='ocrx_word' id='word_1_940' title='bbox 2618 5829 2666 5882; x_wconf 85' lang='lat' dir='ltr'><strong>ei</strong></span> <span class='ocrx_word' id='word_1_941' title='bbox 2684 5829 3179 5900; x_wconf 79' lang='lat' dir='ltr'><strong>dogma,diabolum</strong></span> <span class='ocrx_word' id='word_1_942' title='bbox 3199 5824 3371 5900; x_wconf 84' lang='lat' dir='ltr'><strong>ipsum</strong></span> <span class='ocrx_word' id='word_1_943' title='bbox 3391 5824 3682 5904; x_wconf 73' lang='lat' dir='ltr'><strong>aliquando</strong></span> 
     </span>
    </p>
   </div>
  </div>
