3954 6414
592 370 699 425 527

2040 373 2365 434 ORIGENTS
3734 383 3814 440 59.8

587 467 754 530 vobis,
797 469 846 520 si
885 482 986 521 non
1030 469 1331 524 remiseritis
1384 470 1740 540 unusquisque
1783 469 1943 541 fratri
1973 488 2068 526 suo
2102 473 2152 527 ιιι

2273 477 2740 548 συγχωρήσαντος,
2798 478 2977 530 ὅντινα
3011 479 3541 552 προσυγχωρηθέντα
3575 478 3706 535 κατά
3737 481 3814 554 τὴν

589 559 836 613 cordibus
885 559 1145 614 vestris".
1192 559 1402 614 Etenim
1451 560 1720 630 pmnitere
1759 578 1816 619 se
1862 563 2168 620 dicentibus

588 648 656 705 iis
685 651 775 720 qui
809 650 861 704 in
891 665 988 706 nos
1021 659 1404 720 peccaverunt,
1443 652 1882 718 condonandum,
1927 657 2026 709 etsi
2060 671 2164 710 sa:-

588 745 709 814 pius
733 745 784 799 id
820 745 982 800 faciat
1011 745 1222 800 debitor
1247 764 1260 800 :
1295 743 1353 801 Si
1382 747 1548 813 enim,
1575 748 1772 818 inquit,
1792 749 1980 817 septies
2005 751 2056 804 in
2078 750 2165 806 die

585 837 870 905 peccaverit
893 839 946 891 in
973 850 1022 893 te
1047 837 1216 894 l'rater
1251 847 1370 896 tuus
1395 850 1441 893 et
1463 841 1650 908 septies
1688 841 1740 894 in
1775 841 1859 894 die
1884 859 2164 896 conversus

585 930 743 1000 [item
774 929 843 985 ad
873 939 944 996 te,
968 931 1145 986 dicens
1169 947 1187 986 :
1211 930 1430 988 Paenitet
1457 949 1557 997 me,
1579 933 1810 988 dimittes
1835 935 1912 988 illi
1925 934 1990 988 ⁸³.
2019 935 2164 1002 Quos

584 1031 762 1078 autem
799 1039 905 1079 non
938 1025 1186 1092 poenitet,
1225 1042 1278 1079 tn
1325 1040 1420 1082 eos
1469 1026 1588 1080 duri
1643 1041 1740 1081 nos
1789 1043 1898 1080 non
1947 1043 2157 1093 sumus,

583 1117 676 1172 sed
711 1117 818 1173 sibi
851 1118 982 1187 ipsis
1014 1118 1090 1172 illi
1126 1118 1249 1172 mali
1279 1125 1438 1182 sunt;
1469 1118 1560 1188 qui
1584 1118 1720 1170 enim
1755 1118 1967 1186 expellit
1998 1120 2165 1172 disci-

581 1211 805 1278 plinam,
837 1211 948 1264 odit
991 1227 1044 1265 se
1094 1210 1341 1279 ipsum“.
1377 1209 1517 1277 Quin
1569 1219 1624 1264 et
1665 1224 1786 1267 cum
1839 1210 1891 1264 id
1936 1211 2158 1277 accidit,

582 1303 744 1375 255
771 1303 942 1359 danda
969 1313 1050 1360 est
1079 1319 1242 1374 opera
1280 1313 1337 1358 ut
1371 1305 1518 1358 Omlll
1553 1308 1710 1358 modo
1746 1308 1958 1360 curatio
1989 1321 2017 1359 a
2042 1305 2151 1359 lhi-

580 1393 776 1449 beatur
808 1394 855 1448 ei
884 1394 976 1464 qui
1018 1393 1092 1450 ita
1147 1395 1212 1449 ad
1261 1395 1443 1450 omnia
1504 1409 1794 1464 pervorsus
1842 1406 1947 1462 cst,
1990 1407 2047 1449 ut
2095 1411 2161 1452 nc

583 1487 1024 1556 sentiat‘quidem
1076 1489 1290 1558 propria
1337 1488 1496 1550 tnala,
1534 1489 1824 1555 ebriusllne
1867 1489 1939 1544 sit
2003 1490 2159 1561 longe

584 1579 946 1651 perniciosius
971 1596 1132 1650 quam
1163 1597 1189 1635 a
1215 1581 1360 1643 vino,
1398 1581 1606 1638 scilicet
1651 1582 1873 1637 malitia:
1917 1583 2158 1638 tenebris

584 1672 915 1727 obcmcatus.
974 1672 1145 1727 Porro
1196 1675 1336 1742 quod
1371 1674 1544 1729 Lucas
1579 1675 1653 1728 ait
1685 1691 1698 1729 :
1733 1672 1951 1729 Dimitte
2008 1676 2156 1728 nobis

580 1774 791 1833 peccata
823 1773 1004 1818 nostra
1035 1764 1178 1836 (cum
1204 1777 1425 1832 peccata
1458 1767 1582 1822 inde
1601 1765 1851 1821 oriantur
1873 1767 2016 1836 quod
2047 1784 2153 1820 non

2271 571 2530 643 κειμένην
2549 573 2607 624 ὲν
2627 571 2705 642 τῷ
2729 572 3047 644 Εὑαγγελίῳ
3076 575 3409 646 παραϐολὴν,
3437 575 3710 647 ὲνειλήσας
3725 575 3816 648 (79)

2267 665 2568 735 ἐκπράσσει
2603 667 2630 718 ό
2656 665 2918 738 δεσπότης
2939 666 3009 720 τὰ
3046 668 3646 740 προσυγκεχωρημένα,
3672 669 3814 738 λέγων

2266 753 2438 827 αὐτῷ’
2462 757 2694 824 Πονηρὲ
2720 757 2922 824 δοῦλε,
2942 759 3043 813 καὶ
3058 761 3296 828 ὀκνηρέ,
3319 763 3431 815 οὐκ
3455 761 3576 815 ἔδει
3597 760 3819 827 ἐλεῆσαί

2265 862 2339 900 σε
2364 848 2472 901 τὲν
2498 848 2849 903 σύνδουλόν
2873 851 3098 917 σου.ὠς
3123 849 3280 920 κάγώ
3318 869 3393 905 σε
3429 851 3694 920 ridenda;
3726 851 3819 913 Βά-

2262 942 2399 992 λετε
2421 939 2611 993 αὑτὸν
2633 943 2721 1007 εἰς
2748 940 2860 1009 τὴν
2877 942 3190 1012 φυλακὴν,
3213 943 3323 1010 ἕως
3365 943 3570 1010 ἀποδῷ
3617 938 3729 1000 πᾶν
3763 945 3817 1000 τό

2263 1031 2676 1102 ὀφειλόμενον.
2713 1033 2994 1105 Ἐπιφέρει
3032 1033 3088 1086 δὲ
3119 1032 3372 1098 τούτοιςό
3399 1034 3624 1106 Κύριοςο
3653 1034 3819 1100 Οὕτως

2263 1125 2363 1179 καὶ
2383 1125 2524 1194 ὑμῖν
2539 1128 2571 1178 ὀ
2591 1125 2793 1194 Πατὴρ
2822 1131 2854 1180 ὀ
2873 1125 3153 1194 οὐράνιος
3174 1127 3433 1193 ποιήσει,
3447 1123 3820 1195 ἐάνμὴάρῆτε

2260 1219 2509 1284 ἕκαστος
2533 1219 2612 1284 τῷ
2631 1218 2869 1288 ἀδελφῷ
2892 1219 3079 1273 αὑτοῦ
3105 1219 3222 1273 ἀπὸ
3243 1218 3365 1273 τῶν
3380 1218 3643 1288 καρδιῶν
3661 1217 3818 1287 ὑμῶν.

2261 1312 2494 1380 Λέγουσι
2515 1312 2760 1383 μέντοιγε
2795 1313 3071 1382 μετανοεῖν
3103 1315 3212 1376 τοῖς
3239 1314 3316 1377 είς
3350 1314 3496 1382 ἡμᾶς
3533 1311 3823 1383 ἡμαρτηκό-

2263 1419 2344 1456 σιν
2360 1403 2607 1473 ἀφετέον,
2623 1402 2723 1457 κᾶν
2742 1403 3001 1466 πολλάκις
3014 1401 3170 1455 τοῦτο
3185 1404 3212 1455 ό
3227 1402 3512 1472 ὀφειλέτης
3526 1402 3680 1472 ἡμῶν
3696 1403 3820 1474 ποιῇ·

2272 1493 2408 1546 Ἐὰν
2428 1495 2540 1568 γὰρ
2572 1492 2820 1560 ἑπτάκι-ς
2845 1491 2957 1559 τῆς
2987 1492 3210 1561 ἡμέρας
3250 1491 3505 1561 ἁμάρτῃ,
3547 1493 3723 1562 φησιν,
3752 1494 3825 1559 είς

2258 1585 2333 1639 σὲ
2350 1587 2378 1638 ὁ
2396 1586 2618 1657 ἀδελφός
2648 1603 2764 1649 σου,
2782 1585 2876 1638 καὶ
2900 1583 3144 1650 ἑπτάκις
3163 1585 3373 1653 ἐπισρέ
3382 1588 3488 1653 ψῃ,
3501 1584 3709 1655 λέγων’
3727 1587 3826 1638 Με-

2256 1677 2470 1742 τανοῶ,
2485 1677 2740 1744 ἀρήσεις
2755 1674 2934 1741 αὐτῷ.
2950 1677 3061 1746 Ούχ
3075 1677 3236 1746 ἡμεῖς
3255 1674 3309 1728 δὲ
3328 1674 3557 1746 χαλεποὶ
3575 1675 3704 1745 πρὸς
3719 1676 3826 1738 τοὺς

2265 1764 2337 1835 μὴ
2365 1763 2774 1835 μετανοοῦντας,
2800 1765 2912 1818 ἀλλ’
2931 1766 3141 1828 ἑαυτοῖς
3163 1767 3210 1819 οἱ
3232 1764 3461 1818 τοιοῦτοί
3479 1766 3586 1817 είσι
3603 1765 3823 1836 πονηροί·

584 1854 860 1910 reddimus
893 1871 1014 1925 quae
1042 1857 1346 1926 debemus),
1377 1859 1517 1914 idem
1562 1873 1626 1912 ac
1664 1856 1950 1912 Mattha-ns
1999 1860 2148 1920 dicit,

2270 1859 2330 1911 Ὀ
2344 1857 2449 1928 γὰρ
2461 1859 2878 1927 ἀπωθούμενος
2889 1857 3164 1911 παιδείαν
3167 1858 3582 1927 μισεῖἐαυτόν.
3601 1857 3738 1925 Πλὴν
3748 1860 3828 1911 καὶ

584 1949 677 2020 qui
702 1964 808 2003 non
843 1949 1068 2004 videtur
1103 1949 1276 2005 locum
1305 1953 1354 2006 ei
1409 1952 1558 2015 dare,
1587 1951 1676 2021 qni
1717 1951 1850 2007 solis
1896 1951 2158 2022 pteniten-

584 2040 727 2096 tibus
753 2041 1092 2097 debitoribus
1125 2043 1405 2097 remittere
1444 2042 1593 2107 velit,
1635 2058 1757 2096 cum
1791 2043 1984 2096 dicata
2025 2041 2155 2096 Ser-

582 2144 771 2189 vatore
801 2134 1181 2205 praescriptum
1211 2149 1334 2189 esse
1365 2144 1424 2188 nt
1473 2134 1704 2188 orationi
1753 2133 2013 2188 addamus
2047 2151 2060 2187 :
2096 2130 2156 2188 Si

581 2228 791 2297 quidem
821 2237 868 2280 et
898 2226 999 2296 ipsi
1028 2226 1342 2279 dimittimus
1367 2229 1509 2280 omni
1531 2227 1734 2280 debenti
1766 2226 1934 2280 nobis.
1978 2225 2156 2280 Habe-

586 2335 704 2374 mus
732 2319 898 2390 igitur
925 2333 1114 2375 omnes
1147 2327 1464 2388 potestatem
1494 2319 1801 2373 remitteudi
1847 2330 2065 2386 peccata
2101 2317 2153 2372 in

583 2427 684 2468 nos
735 2413 994 2478 admissa,
1037 2421 1098 2467 ut
1147 2409 1490 2466 manifestum
1535 2420 1619 2466 est
1665 2427 1728 2464 ex
1781 2410 1903 2465 his:
1935 2410 2083 2466 Sicut
2107 2422 2154 2464 et

584 2520 678 2558 nos
711 2503 1023 2558 dimittimus
1054 2502 1372 2556 debitoribus
1421 2503 1640 2566 nostris,
1674 2510 1730 2557 et
1771 2517 1836 2556 ex
1890 2503 2010 2557 istis
2047 2521 2060 2556 :
2093 2502 2154 2558 Si

579 2595 788 2665 quidem
816 2605 861 2648 et
893 2595 993 2663 ipsi
1021 2594 1335 2649 dimittimus
1361 2595 1504 2648 omni
1530 2594 1736 2647 debent:
1764 2594 1934 2648 nobis.
1961 2593 2067 2648 Sed
2105 2594 2151 2648 is

584 2687 637 2740 in
662 2701 823 2754 quem
845 2685 1004 2742 Jesns
1036 2686 1349 2750 insumavit,
1409 2686 1860 2754 quemadmodum
1922 2686 1974 2740 in
2022 2700 2154 2754 apo-

581 2779 778 2840 stolos.
826 2779 1028 2848 quique
1058 2794 1088 2832 a
1132 2777 1404 2833 fructibus
1455 2777 1712 2844 cognosci
1778 2787 1958 2846 potest
1996 2791 2154 2831 acce-

579 2870 724 2939 pisse
752 2869 1018 2942 Spiritum
1068 2878 1318 2923 sanctum
1361 2877 1415 2922 et
1453 2865 1633 2922 factus
1677 2882 1800 2922 esse
1826 2867 2150 2936 spiritualis,

580 2977 647 3018 eo
671 2964 816 3033 quod
843 2962 1048 3033 Spiritu
1084 2962 1201 3029 Dei,
1232 2977 1384 3016 more
1417 2961 1539 3015 Filii
1581 2962 1694 3028 Dei,
1740 2972 1937 3028 agatur
1978 2962 2043 3016 ad
2088 2977 2148 3015 ea

578 3055 763 3110 omnia
795 3069 917 3124 qua:
956 3055 1163 3109 ratione
1186 3054 1421 3124 gerenda
1467 3063 1626 3117 sunt;
1678 3053 1722 3108 is
1766 3054 1989 3107 dimittit
2033 3070 2153 3122 qua:

579 3145 881 3202 dimitteret
915 3146 1055 3200 Deus
1087 3155 1143 3199 et
1171 3145 1491 3199 insanabilia
1528 3153 1750 3212 peccata
1793 3143 2012 3208 retinet,
2046 3144 2150 3198 mi-

580 3240 819 3294 nistrans
855 3237 934 3308 (ut
961 3237 1237 3307 propheta:
1265 3237 1374 3290 Deo
1433 3235 1816 3289 ministrabant
1871 3235 2150 3305 loquentes

581 3346 686 3385 non
719 3345 839 3394 sua,
871 3330 964 3384 sed
990 3345 1109 3398 qum
1141 3328 1337 3381 divina:
1383 3337 1537 3381 erant
1580 3326 1922 3398 voluntatis),
1966 3329 2047 3382 sic
2099 3340 2154 3384 et

581 3424 697 3494 ipse
726 3421 826 3476 soli
867 3419 1177 3475 dimittendi
1230 3429 1556 3488 potestatem
1602 3419 1822 3472 habenti
1883 3419 2008 3474 (leo.
2063 3421 2153 3476 Sic

580 3526 762 3570 autem
824 3512 1026 3568 habent
1075 3512 1129 3568 in
1191 3511 1479 3582 Evangelia
1539 3513 1838 3566 secundum
1888 3510 2152 3567 Joannem

579 3621 699 3676 qua:
728 3605 796 3661 de
828 3603 1150 3659 remissione
1179 3602 1246 3656 ab
1275 3601 1537 3671 apostolis
1567 3603 1918 3657 concedenda
1946 3605 2151 3673 scripta

578 3707 708 3754 sunt.
740 3714 754 3751 :
782 3696 1014 3765 Accipite
1041 3693 1299 3762 Spiritum
1345 3701 1586 3745 sanctum
1613 3709 1632 3758 ;
1663 3709 1887 3763 quorum
1939 3697 2154 3748 remise-

577 3789 696 3842 ritis
725 3795 959 3856 peccata,
985 3785 1326 3840 remittuntur
1357 3783 1471 3849 eis;
1521 3794 1570 3836 et
1602 3801 1825 3853 quorum
1879 3787 2154 3840 retinueri-

576 3880 664 3944 tis,
692 3889 893 3934 retenta
922 3887 1045 3933 sunt
1074 3875 1148 3940 5",
1173 3875 1305 3943 ρυω
1350 3877 1394 3931 si
1449 3877 1655 3945 absque
1706 3877 1960 3932 esarnine
2009 3880 2154 3933 acci-

577 3972 818 4042 piantur,
849 3969 1140 4024 accusandi
1172 3967 1499 4022 videbuntur
1548 3967 1799 4038 apostoli,
1859 3970 2001 4036 quod
2045 3985 2149 4023 non

577 4063 827 4118 omnibus
896 4062 1198 4126 remittant,
1259 4070 1316 4114 ut
1368 4059 1623 4114 omnibus
1672 4061 2006 4127 remittatur,
2057 4063 2151 4116 sed

576 4155 934 4223 quorumdam
968 4153 1243 4210 retineant
1279 4162 1498 4220 peccata
1527 4151 1600 4205 ita
1626 4160 1683 4204 ut
1721 4165 1821 4221 per
1855 4168 1951 4206 eos
1979 4154 2149 4208 etiam

575 4248 718 4315 apud
751 4247 917 4300 Deum
961 4247 1322 4300 retineantur.
1386 4243 1526 4299 Utile
1579 4253 1763 4297 autem
1814 4245 1921 4298 erit
1965 4260 2152 4299 eremo

573 4339 720 4409 plum
757 4337 930 4408 elege
959 4338 1265 4397 desumere,
1295 4345 1351 4388 ut
1391 4333 1730 4404 intelligatur
1773 4349 1834 4389 ea
1882 4350 2002 4404 qua:
2055 4351 2150 4404 per

574 4431 819 4486 homines
844 4445 874 4484 a
908 4429 1016 4484 Deo
1049 4431 1106 4483 lit
1136 4428 1446 4484 hominibus
1469 4438 1819 4497 peccatorum
1877 4428 2148 4482 remissio.

2259 1951 2351 2004 ἐπὶ
2383 1949 2488 2002 τῶν
2515 1948 2809 2002 ποιούντων
2840 1947 3086 2020 (80),τὴν
3104 1947 3400 2020 θεραπείαν
3439 1949 3608 2004 παντὶ
3659 1949 3828 2022 τρόπῳ

2259 2041 2518 2113 ζητητέον
2553 2041 2870 2109 ἐγγενέσθαι
2902 2039 2978 2111 τῷ
3015 2039 3084 2094 τά
3125 2041 3301 2094 πάντα
3333 2040 3720 2111 διαστραφέντι
3761 2041 3829 2108 ὡς

2260 2133 2394 2204 μηδὲ
2423 2131 2803 2186 συναισθέσθαι
2827 2133 2936 2186 τῶν
2969 2133 3112 2186 ίδίων
3151 2133 3360 2200 κακῶν,
3407 2133 3630 2205 μεθύειν
3661 2134 3714 2187 δὲ
3743 2136 3828 2207 μέ-

2258 2225 2355 2295 θην
2385 2224 2774 2297 όλεθριωτέραν
2816 2224 2916 2292 τῆς
2945 2223 3053 2276 ἀπὸ
3077 2224 3218 2277 οῖνου
3259 2224 3358 2296 τὴν
3391 2226 3499 2278 ἀπὸ
3537 2225 3633 2278 τοῦ
3663 2243 3829 2279 σκοτι-

2263 2319 2399 2390 σμοῦ
2437 2320 2536 2390 τῆς
2563 2318 2778 2380 κακίας.
2824 2318 2881 2369 ’0
2908 2316 2963 2370 δὲ
2997 2318 3212 2381 Λουκᾶς
3258 2316 3449 2372 εἰπών’
3489 2320 3668 2388 Ἄρες
3700 2318 3830 2389 ἡμῖν

2260 2409 2367 2477 τὰς
2411 2411 2699 2480 ἁμαρτίας
2741 2407 2908 2479 ἡμῶν
2962 2408 3117 2478 (ἐπεὶ
3171 2408 3241 2462 τὰ
3279 2411 3656 2482 ἁμαρτήματα
3697 2410 3830 2480 ὀφει-

2256 2501 2454 2555 λόντων
2487 2501 2661 2574 ἡμῶν,
2696 2501 2787 2554 γαῖ
2825 2501 2898 2572 μὴ
2934 2500 3294 2555 ἀποδιδόντων
3315 2542 3329 2566 ,
3364 2501 3734 2572 συνίσταται),
3775 2500 3830 2554 τδ

2255 2593 2387 2646 αὐτὸ
2416 2592 2660 2664 λέγειτῷ
2691 2593 2950 2664 Ματθαίῳ
2989 2593 3136 2657 ὅστις
3165 2594 3266 2646 οὐκ
3305 2592 3450 2647 ἔοικε
3484 2593 3666 2666 χῶρον
3705 2593 3830 2648 διδό-

2255 2682 2440 2754 ναιιτῷ
2473 2683 2777 2756 βουλομένῳ
2807 2683 3156 2756 μετανοοῦσιν
3189 2684 3406 2754 ἀφιέναι
3425 2687 3538 2748 τοῖς
3563 2683 3830 2754 ὀφείλουσι

2259 2778 2436 2848 μόνον,
2480 2776 2651 2844 λέγων
2689 2776 2794 2829 ὑπὸ
2832 2775 2925 2830 τοῦ
2979 2775 3230 2847 Σωτῆρος
3280 2776 3739 2848 νενομοθετῆσθαι
3773 2776 3832 2831 τδ

2258 2867 2334 2939 μὴ
2363 2867 2470 2920 δεῖν
2503 2867 2608 2938 (8i)
2639 2869 2697 2921 ὲν
2719 2869 2786 2939 τῇ
2816 2868 2949 2938 εύχῇ
2984 2866 3351 2938 προστιθέναι·
3385 2867 3494 2921 Καὶ
3532 2867 3645 2937 γὰρ
3670 2867 3831 2924 αὐτοὶ

2255 2960 2505 3030 ἀφίεμεν
2534 2960 2712 3013 παντὶ
2754 2960 3057 3028 ὀφείλοντι
3108 2957 3271 3028 ἡμῖν.
3328 2958 3542 3022 Πάντες
3592 2959 3832 3030 μέντοιγε

2255 3051 2497 3118 ἐξουσίαν
2526 3051 2633 3123 (8‘2)
2664 3051 2881 3121 ἀφιέναι
2914 3051 2983 3104 τὰ
3009 3052 3088 3114 είς
3119 3051 3265 3121 ἡμᾶς
3291 3050 3678 3121 ἡμαρτημέναο
3703 3051 3835 3120 ὅπερ

2254 3145 2409 3217 δῆλόν
2439 3149 2584 3199 ἐστιν
2618 3145 2679 3199 ἔκ
2705 3163 2764 3198 τε
2794 3143 2909 3209 τοῦ,
2957 3145 3052 3210 Ὠς
3089 3145 3186 3198 καὶ
3233 3143 3403 3213 ἡμεῖς
3436 3144 3692 3212 ἀφίεμεν
3716 3140 3835 3208 τοῖς

2257 3236 2590 3306 ὀφειλέταις
2647 3236 2846 3306 ἡμῶν,
2894 3235 2989 3289 κοιλ⁵
3047 3239 3112 3289 ὲκ
3167 3236 3294 3301 τοῦ,
3357 3235 3467 3290 Καὶ
3510 3235 3619 3305 γὰρ
3670 3231 3839 3287 αὐτοὶ

2253 3331 2504 3400 ἀφίεμεν
2529 3329 2705 3383 παντὶ
2734 3327 3031 3398 ὀφείλοντι
3064 3327 3225 3396 ἡμῖν.
3282 3329 3340 3380 '0
3379 3328 3436 3380 δὲ
3478 3325 3837 3398 ἐμπνευσθεξ

2256 3421 2360 3473 ὑπὸ
2383 3420 2474 3474 τοῦ
2516 3418 2709 3492 Ἰησοῦ,
2750 3419 2825 3479 ὡς
2855 3419 2903 3470 οἱ
2930 3417 3238 3484 ἀπόστολοι,
3274 3418 3366 3470 καὶ
3395 3418 3504 3472 ἀπὸ
3549 3417 3659 3471 τῶν
3700 3433 3838 3488 καρ-

2254 3511 2371 3566 πῶν
2403 3509 2764 3581 γινώσκεσθαι
2797 3509 3107 3581 δυνάμενος,
3138 3510 3212 3572 ὡς
3241 3511 3500 3580 χωρήσας
3524 3509 3586 3562 τὸ
3617 3509 3842 3580 Πνεῦμα

2253 3603 2314 3656 τὸ
2355 3604 2529 3672 ἆγιον,
2577 3601 2670 3655 καὶ
2721 3601 3010 3672 γενόμενος
3063 3601 3430 3672 πνευματικὸς
3481 3601 3560 3673 τῷ
3598 3602 3704 3655 ὑπὸ
3743 3599 3842 3656 τοῦ

2253 3696 2569 3768 Πνεύματος
2604 3694 2831 3764 ἄγεσθαι
2876 3695 3078 3765 τρόπον
3119 3692 3248 3745 Υἱοῦ
3299 3692 3436 3746 Θεοῦ
3481 3695 3568 3762 ἐφ’
3607 3693 3840 3748 ἕκαστον

2252 3788 2360 3844 τῶν
2414 3789 2555 3844 κατὰ
2608 3787 2763 3857 λόγον
2818 3787 3127 3858 πρακτέων,
3180 3785 3405 3856 ἀφίησιν
3445 3786 3483 3840 ἃ
3527 3786 3619 3840 ἐὰν
3668 3787 3781 3856 ἀφῇ
3812 3786 3841 3837 ό

2253 3881 2405 3945 Θεὸς,
2465 3881 2559 3933 καὶ
2609 3881 2802 3951 κρατεῖ
2847 3878 2914 3932 τά
2979 3879 3173 3932 ἀνίατα
3237 3879 3346 3932 τῶν
3395 3879 3838 3950 ἁμαρτημάτων·

2254 3971 2562 4043 ὑπηρετῶν,
2615 3969 2804 4039 ὥσπερ
2842 3970 2890 4021 οἱ
2936 3969 3209 4040 προφῆται
3234 3971 3290 4022 ὲν
3319 3969 3398 4039 τῷ
3443 3969 3620 4036 λέγειν
3665 3968 3727 4020 οὐ
3770 3965 3847 4018 τὰ

2255 4062 2384 4126 ῐδια,
2416 4062 2551 4116 ἀλλά
2583 4061 2650 4116 τὰ
2687 4062 2781 4114 τοῦ
2829 4060 2974 4114 θείου
3011 4061 3350 4132 βουλήματος
3395 4060 3474 4130 τῷ
3508 4058 3644 4128 Θεῷ,
3692 4057 3844 4111 οὕτω

2252 4155 2344 4208 καὶ
2394 4156 2554 4219 αὐτὸς
2605 4153 2684 4226 τῷ
2736 4154 2880 4224 μόνῳ
2925 4154 3171 4221 ἐξουσίαν
3221 4154 3398 4224 ἔχοντι
3448 4153 3663 4222 ἀφιέναι
3693 4151 3846 4223 Θεῷ.

2255 4248 2476 4319 Ἔχουσι
2502 4249 2559 4300 δὲ
2583 4248 2640 4299 ἐν
2661 4247 2739 4317 τῷ
2770 4246 2911 4300 κατὰ
2949 4246 3203 4317 Ἰωάννην
3247 4245 3565 4316 Εύαγγελίῳ
3615 4245 3674 4297 αἱ
3709 4244 3849 4314 περὶ

2249 4341 2348 4410 τῆς
2370 4340 2475 4392 τῶν
2508 4340 2817 4392 ἀποστόλων
2844 4339 3136 4410 γινομένης
3163 4337 3412 4407 ἀφέσεως
3439 4337 3610 4407 φωναὶ
3635 4335 3841 4396 οὕτως·

2251 4431 2470 4487 Λάϐετε
2521 4430 2762 4500 Πνεῦμα
2803 4430 2991 4500 cirros”
3037 4430 3114 4482 ἅν
3155 4447 3333 4483 τινων
3360 4430 3564 4498 ἀφίετε
3588 4427 3700 4498 (83)
3729 4427 3854 4492 τὰς

572 4522 936 4580 Prohibentnr
971 4522 1104 4593 legis
1152 4522 1465 4578 sacerdotes
1528 4534 1626 4589 pro
1668 4519 1992 4588 quibusdam
2053 4521 2146 4574 de-

2259 4523 2557 4594 ἁμαρτίας,
2609 4524 2880 4591 ἀφίενται
2935 4522 3158 4588 αὐτοῖς,
3201 4521 3279 4574 ἄν
3321 4539 3502 4574 τινων
3553 4517 3854 4588 κρατῆτε,

573 4615 716 4669 lictis
745 4613 942 4670 offerre
973 4615 1324 4681 sacriﬁcium,
1356 4624 1411 4666 ιιι
1437 4614 1620 4682 iispro
1650 4611 1848 4680 quibus
1872 4613 2144 4666 sacriﬁcia

570 4704 873 4760 oll'eruntur
905 4707 1246 4760 remittantur
1268 4705 1489 4758 delicta.
1524 4702 1644 4757 Nec
1693 4717 1927 4773 unquam
1961 4719 2147 4757 sacer-

572 4798 671 4852 dos
702 4798 792 4865 qui
836 4796 1197 4852 inroluntaria
1245 4797 1492 4865 quaedam
1550 4795 1862 4848 remittendi
1907 4805 2146 4866 potesta-

575 4897 680 4942 tem
707 4888 870 4942 habet
894 4897 986 4941 aut
1015 4903 1112 4956 pro
1141 4887 1352 4942 delictis
1375 4885 1664 4946 olferendi,
1708 4883 1822 4952 jam
1859 4887 2019 4938 etiam
2047 4899 2143 4954 pro

575 4979 838 5032 adulterio
867 4987 959 5032 aut
987 4979 1293 5033 voluntaria
1334 4981 1506 5044 caede,
1535 4989 1627 5032 aut
1654 4978 1851 5048 quovis
1889 4976 1994 5030 alio
2018 4993 2144 5046 gra-

571 5070 712 5123 viori
751 5070 958 5126 scelere
993 5071 1366 5126 holocaustum
1393 5071 1607 5136 oll'eret,
1641 5079 1740 5124 aut
1770 5084 1867 5138 pro
1896 5079 2143 5138 peccato.

573 5161 668 5216 Sic
709 5163 889 5230 itaque
910 5163 1136 5231 apostoli
1158 5172 1210 5217 et
1243 5165 1333 5233 qui
1366 5165 1575 5220 similes
1613 5161 1879 5232 apostolis
1909 5169 2037 5218 sunt
2062 5177 2145 5219 sa-

574 5254 846 5318 cerdotes,
878 5254 1039 5324 juxta
1076 5269 1330 5324 magnum
1367 5254 1705 5325 pontiﬁcem,
1748 5253 2031 5324 disciplina
2064 5253 2146 5308 tli-

641 5394 687 5426 ⁸¹
715 5393 909 5450 Matth.
937 5409 1092 5459 xvm,
1123 5394 1216 5450 ΞΒ.
1291 5396 1337 5430 ⁸³
1359 5397 1491 5452 Luc.
1517 5412 1650 5462 “tt,
1682 5397 1738 5451 4.

643 5509 753 5582 (79)
799 5509 1171 5582 ’Eretliidag.
1201 5510 1354 5580 Legit
1383 5511 1675 5573 Bentleius,
1691 5509 1948 5582 ἀνηλεῶς.

642 5579 756 5654 (89⁷)
809 5581 1089 5654 Ἐπὶ-τῶν
1135 5579 1484 5654 ποιούντων.
1523 5583 1674 5650 Legit
1725 5579 1899 5654 idem,
1928 5580 2019 5632 ἐπὶ
2067 5579 2144 5654 τῷ

568 5650 815 5723 τοιούτῳ.
851 5651 956 5706 Sed
993 5651 1128 5707 forte
1162 5653 1261 5724 legi
1295 5653 1462 5706 etiam
1491 5661 1686 5721 potest,
1721 5651 1813 5703 ἐπὶ
1836 5651 1942 5703 τῷν
1967 5651 2142 5703 τοιού-

805 5792 875 5848 Td
913 5791 1001 5863 μὴ
1046 5791 1190 5846 δεῖν.
1243 5791 1387 5864 Lego
1449 5808 1571 5850 cum
1621 5790 1832 5858 eodem,
1885 5791 1944 5843 τὸ
1993 5790 2138 5863 ἡμᾶς

2252 4615 2662 4685 κεκράτηνται.
2712 4617 2775 4669 Ei
2828 4615 2884 4668 δέ
2938 4633 3021 4676 τις
3069 4613 3449 4676 ἀϐασανίστως
3502 4611 3857 4682 ἐκλαμϐάνει

2249 4709 2443 4774 ταῦτα,
2477 4709 2771 4777 ἐγκαλέσαι
2805 4725 2887 4770 τις
2925 4707 2988 4760 ἂν
3034 4709 3146 4769 τοῖς
3182 4706 3500 4770 ἀποστόλοις
3549 4705 3622 4775 μὴ
3666 4705 3857 4757 πᾶσιν

2251 4799 2508 4868 ἀφιεῖσιν,
2538 4799 2627 4852 ἵνα
2657 4800 2821 4852 πᾶσιν
2853 4796 3048 4866 ἀφεθῇ,
3077 4795 3214 4849 ἀλλά
3238 4813 3404 4849 τινων
3428 4795 3525 4858 τὰς
3554 4792 3862 4864 ἁμαρτίας

2249 4889 2558 4961 κρατοῦσιν,
2585 4889 2660 4952 ὡς
2701 4889 2767 4941 δι’
2810 4888 3005 4952 αὐτοὺς
3040 4888 3134 4940 καὶ
3159 4886 3310 4958 παρά
3347 4885 3467 4957 Θεῷ
3512 4882 3862 4955 κρατεῖσθαι

2251 4985 2439 5047 αὐτάς.
2474 4985 2757 5054 Χρήσιμον
2789 4982 2843 5034 δὲ
2872 4980 3216 5052 παράδειγμα
3254 4981 3362 5032 ἀπὸ
3391 4979 3483 5034 τοῦ
3525 4978 3686 5047 νόμου
3761 4975 3870 5027 λα-

2254 5071 2386 5135 ϐεῖν,
2412 5071 2548 5141 πρὸς
2569 5071 2630 5122 τὸ
2659 5069 2919 5141 νοηθῆναι
2943 5070 3039 5139 τὴν
3063 5068 3130 5122 δι’
3157 5067 3462 5140 ἀνθρώπων
3497 5068 3688 5136 ἄφεσιν
3735 5064 3866 5118 ὑπὸ

2251 5160 2384 5214 Θεοῦ
2441 5160 2730 5231 γινομένην
2770 5157 3074 5230 ἀνθρώποις
3114 5157 3546 5230 ἁμαρτημάτων.
3577 5156 3639 5208 Οί
3687 5154 3873 5208 κατὰ

2251 5253 2410 5324 νόμον
2445 5254 2608 5323 ἱερεῖς
2641 5251 2938 5307 κωλύονται
2965 5251 3092 5324 περί
3112 5268 3274 5305 τινων
3308 5250 3629 5324 προσφέρειν
3649 5247 3872 5318 ἁμαρ-

1817 5395 1863 5428 ³⁸
1897 5395 2058 5451 Prov.
2087 5410 2179 5462 xv,
2203 5392 2293 5448 3‘2.
2368 5394 2413 5428 ⁸⁸
2440 5391 2598 5450 Joan.
2629 5408 2725 5461 xx,
2753 5392 2842 5448 25.

2249 5507 2378 5563 δεῖν.

2320 5579 2432 5650 (8‘2)
2467 5578 2597 5632 P051
2632 5579 2902 5645 ἐξουσίαν,
2939 5580 3075 5635 adde
3099 5595 3222 5633 cum
3245 5581 3487 5635 editione
3507 5577 3881 5643 Osoniensi,

2248 5647 2466 5720 ἔχομεν,
2501 5654 2643 5717 quod
2675 5653 3012 5705 desideratur
3066 5651 3118 5704 in
3181 5654 3372 5706 codice
3433 5653 3878 5720 Inatmscripto-

2323 5719 2435 5788 (85)
2475 5721 2658 5791 Codex
2697 5738 2821 5790 ms.,
2873 5722 3085 5791 ἀφίετε,
3124 5723 3292 5778 editio
3344 5720 3540 5788 Oxou.,
3593 5719 3886 5788 ἀφεῖτε,

2248 5789 2407 5862 Lege,
2439 5790 2633 5859 ἀφῆτε.
