3954 6414
575 394 672 447 εει
2039 386 2145 444 0R1

2251 387 2367 446 NIS
3736 387 3820 444 552

572 524 698 561 cum
735 509 840 562 vita
867 506 1050 562 omnis
1083 504 1320 562 hominis
1355 519 1520 576 super
1550 512 1752 561 terram
1799 507 2025 562 tentatio
2063 507 2145 562 sit.

2265 507 2622 580 κελευόμεθα,
2670 506 2872 571 παντὸς
2935 505 3033 561 τοῦ
3097 506 3188 561 ἐπὶ
3238 507 3340 579 γῆς
3393 505 3698 579 ἀνθρώπων
3726 507 3821 579 βίου

571 601 819 668 Quandiu
841 602 985 656 enim
1009 615 1173 670 super
1204 609 1408 654 terram
1441 615 1628 656 sumus
1654 616 1816 655 carne
1839 601 2138 656 circumdat

2265 600 2623 673 πειρατηρίου
2667 601 2840 665 ὅντος,
2901 600 3303 674 προσεύχεσθαι
3349 601 3422 671 μὴ
3461 599 3722 654 εἰσελθεῖν
3760 603 3823 665 εἰς

573 709 698 765 quae
726 695 1203 750 militatadversus
1222 693 1498 762 spiritum,
1546 694 1700 765 cujus
1749 695 2013 763 sapientia
2061 696 2145 750 ini

2263 690 2587 762 πειρασμόν.
2614 684 2690 761 τῌ
2723 689 2833 761 γάρ
2863 692 3031 762 ἐσμεν
3071 691 3162 743 ἐπὶ
3193 691 3296 762 γῆς
3338 690 3707 762 περικείμενοι
3742 691 3835 760 τὴν,

571 787 710 840 mica
730 795 808 840 est
835 784 965 850 Deo,
985 802 1101 855 qua:
1125 784 1226 854 legi
1252 784 1348 839 Dei
1366 785 1512 839 nullo
1543 787 1698 840 modo
1719 797 1886 854 potest
1905 805 2016 842 esse
2035 792 2145 844 sub«

2264 779 2696 852 στρατευομένην
2744 779 2922 850 σάρκα
2962 777 3106 834 κατὰ
3155 777 3248 831 τοῦ
3293 779 3625 848 πνεύματος,
3673 773 3740 846 ἧς
3770 778 3823 830 τὸ

562 877 706 950 jecta
747 878 834 943 ⁸⁸,
915 877 968 932 in
1022 879 1318 932 teutatione
1381 893 1588 932 sumus.
1677 878 1848 933 Porro
1909 881 2145 936 lentalio'

2259 876 2534 942 φρόνημα
2564 873 2748 941 ἔχθρα
2783 871 2955 926 ἐστὶν
2997 874 3086 939 εὶς
3134 871 3301 934 Θεὸν,
3344 870 3634 941 μηδαμῶς
3669 871 3825 924 δυνα-

569 985 694 1025 nem
731 984 854 1025 esse
889 970 1186 1025 humanam
1215 985 1429 1024 omnem
1461 972 1512 1025 in
1580 981 1722 1024 terra
1761 972 1928 1024 vitam
1974 973 2145 1026 docuil

2252 963 2450 1034 μένης
2475 964 2929 1020 ὑποτάσσεσθαι
2962 963 3044 1030 τῷ
3075 966 3237 1034 νόμῳ
3270 964 3375 1018 τοῦ
3420 963 3592 1027 Θεοῦ,
3637 965 3692 1015 ὲν
3735 980 3826 1016 πει-

569 1077 670 1117 nos
713 1061 814 1116 Job
864 1063 952 1116 liis
1011 1062 1195 1116 verbis
1259 1081 1273 1117 :
1342 1059 1598 1132 Nunquid
1653 1080 1757 1118 non
1807 1063 2027 1116 tentatio
2079 1074 2155 1116 est

568 1154 674 1208 vita
713 1153 940 1207 hominis
985 1169 1140 1220 super
1198 1161 1393 1205 terram
1422 1152 1504 1206 ὀἳ
1544 1152 1689 1206 idem
1749 1162 1897 1220 patet
1923 1167 1986 1206 ex
2021 1153 2156 1222 psal-

569 1261 662 1300 mo
715 1247 926 1302 decimo
988 1246 1220 1314 septimo
1276 1259 1291 1297 :
1350 1243 1417 1297 In
1484 1254 1533 1297 te
1581 1245 1841 1310 eripiara
1901 1246 2154 1300 tentatio-

567 1357 633 1394 ne
674 1339 742 1396 ⁹¹.
812 1339 916 1394 Sed
946 1350 1000 1394 et
1039 1339 1243 1392 Paulus
1285 1338 1352 1391 ad
1401 1337 1714 1392 Corinthios
1743 1336 2008 1402 scribens,
2043 1353 2151 1391 non

565 1443 762 1488 utnon
798 1442 1095 1497 tentemur,
1144 1432 1240 1486 sed
1290 1439 1350 1484 ut
1405 1445 1511 1484 non
1566 1446 1727 1500 supra
1776 1430 1918 1484 vires
1973 1439 2151 1484 tente-

567 1541 692 1579 mur
739 1526 817 1580 ait
896 1525 1078 1594 largiri
1140 1525 1330 1588 Deum,
1387 1539 1513 1578 cum
1558 1523 1634 1576 ait
1684 1540 1699 1576 :
1762 1521 2005 1575 Tcntatio
2063 1539 2150 1577 vos

568 1631 672 1669 non
697 1615 1038 1683 apprehendit
1084 1615 1184 1667 nisi
1237 1615 1512 1680 humana;
1546 1613 1721 1680 ﬁdelis
1771 1624 1946 1667 autem
2011 1614 2150 1671 Deus

567 1708 730 1779 257
761 1719 836 1763 est
861 1711 948 1778 qui
978 1726 1082 1763 non
1109 1710 1343 1776 patietur
1369 1727 1456 1763 vos
1485 1710 1680 1762 tentari
1708 1725 1869 1778 supra
1918 1709 1970 1760 id
2009 1709 2149 1778 quod

565 1800 806 1867 potestis,
835 1799 927 1852 sed
960 1799 1120 1868 faciet
1151 1802 1308 1852 etiam
1358 1816 1476 1853 cum
1525 1801 1812 1853 tentationc
1837 1812 2147 1868 proventum

566 1900 625 1944 ut
660 1893 871 1961 possitis
905 1891 1243 1946 sustinere”.
1276 1890 1402 1945 Sive
1443 1891 1587 1946 enim
1635 1891 1949 1945 colluctatio
1993 1891 2150 1945 nobis

567 1990 652 2034 est
677 1997 799 2036 eum
832 1997 1020 2047 carne,
1045 1997 1166 2052 qua:
1194 1983 1534 2051 concupiscit
1559 1991 1611 2036 et
1639 1982 1840 2036 militat
1889 1984 2151 2036 adversus

565 2075 844 2145 spiritum,
865 2075 978 2129 sive
1005 2090 1126 2128 cum
1159 2076 1336 2129 anima
1361 2076 1539 2130 omnis
1561 2074 1764 2139 carnis,
1788 2089 1908 2145 qum
1934 2075 2150 2129 nomine

565 2168 781 2236 corpori
829 2169 973 2235 quod
1020 2167 1292 2222 inhabitat
1325 2179 1696 2222 eonsentaneo
1732 2176 1958 2221 vocatur
1996 2167 2147 2237 priu-

565 2262 779 2331 cipatns
820 2262 910 2330 qui
955 2269 1008 2316 et
1037 2261 1238 2316 dicitur
1275 2278 1373 2315 cor
1398 2261 1595 2332 (qualis
1647 2270 1731 2315 est
1785 2276 1970 2316 eorum
2005 2261 2146 2315 lucta

563 2355 656 2424 qui
685 2355 1081 2410 tcntatiouihus
1111 2363 1434 2409 exercentur
1468 2354 1901 2424 linntanis),sive
1933 2361 1992 2408 ut
2021 2369 2149 2423 pro-

567 2447 900 2501 vectioribus
945 2458 998 2502 et
1046 2447 1462 2516 perfectioribns
1494 2448 1744 2511 athletis,
1771 2448 1860 2514 qui
1896 2461 1999 2500 non
2032 2447 2144 2514 jam

563 2555 687 2596 cum
746 2557 911 2596 carne
968 2541 1247 2596 luctentur
1279 2550 1335 2595 et
1373 2542 1659 2610 sanguine,
1689 2543 1781 2596 sed
1830 2555 2005 2610 neque
2047 2542 2147 2594 lm-

562 2632 742 2687 manis
787 2635 1172 2687 examiuentur
1220 2633 1616 2686 tentationihus
1669 2649 1807 2702 quas
1857 2633 2145 2688 ccuculca-

562 2735 713 2790 runt,
735 2723 848 2791 jam
907 2725 1162 2779 adversus
1193 2725 1453 2793 principes
1477 2734 1522 2777 et
1549 2734 1851 2793 potestates,
1891 2725 2141 2778 adversus

561 2819 747 2872 mundi
780 2830 1004 2872 rectores
1033 2819 1372 2873 tenebrarum
1393 2820 1610 2884 harum,
1641 2827 1692 2872 et
1721 2817 2022 2885 spiritualia
2049 2834 2143 2871 ne-

556 2911 801 2982 quitiaz”
832 2921 1018 2966 nostra
1053 2912 1165 2967 sint
1188 2912 1511 2978 certamina,
1550 2929 1654 2968 non
1687 2927 1876 2976 sumus
1904 2928 1930 2964 ιι
1963 2921 2142 2965 tenta-

562 3002 801 3058 tionibus
839 3005 1128 3060 immunes.
1181 3003 1468 3072 Quomodo
1515 3006 1682 3075 igitur
1730 3019 1830 3059 nos
1879 3003 2142 3058 Servatur

556 3107 722 3150 orare
745 3093 926 3162 jubet,
959 3109 1027 3149 ne
1060 3095 1327 3150 intremus
1354 3095 1406 3149 in
1443 3095 1824 3158 tentationem,
1850 3109 1969 3148 cum
2000 3092 2141 3148 Deus

558 3202 752 3242 omnes
784 3195 957 3240 tentet
985 3187 1428 3256 quodammodo?
1466 3186 1840 3241 llecordamini
1870 3187 2042 3248 enim,
2067 3188 2141 3240 ait

558 3277 744 3333 Judith
804 3295 910 3333 non
960 3280 1026 3333 ad
1083 3281 1165 3334 sui
1203 3289 1412 3334 tantum
1449 3279 1712 3348 temporis
1771 3280 2143 3350 presbyzeros,

2261 1057 2456 1128 ρασμῷ
2499 1058 2686 1128 ἐσμεν.
2735 1057 2856 1110 ’Ότι
2904 1057 2963 1109 δὲ
3018 1058 3373 1129 πειρατήριον
3419 1059 3529 1120 πᾶς
3565 1060 3594 1110 6
3623 1057 3712 1110 ἐπὶ
3740 1059 3827 1129 γῆς

2257 1148 2593 1220 ἀνθρώπινος
2649 1147 2792 1218 βίος,
2851 1148 2960 1201 ἀπὸ
3001 1147 3096 1200 τοῦ
3152 1146 3272 1200 Ἰὼϐ
3321 1147 3721 1219 μεμαθήκαμεν
3754 1149 3826 1202 διὰ

2254 1239 2478 1293 τούτων·
2515 1241 2778 1309 Πότερον
2813 1240 2949 1311 οὐχὶ
3002 1239 3386 1308 πειρατιήριόν
3421 1239 3599 1293 ἐστιν
3647 1242 3679 1292 ό
3714 1240 3831 1307 βίος

2255 1331 2374 1385 τῶν
2415 1331 2739 1398 ἀνθρώπιον
2775 1331 2872 1384 ἐπὶ
2923 1330 3075 1400 γῆς;
3126 1331 3236 1384 Καὶ
3281 1331 3388 1384 ἀπὸ
3446 1331 3540 1384 τοῦ
3590 1333 3832 1385 ἑπτακαι-

2253 1421 2478 1474 δεκάτου
2508 1421 2724 1491 ψαλμοῦ
2759 1421 2820 1474 τὸ
2863 1421 2994 1474 αὐτὸ
3037 1420 3292 1490 δηλοῦται
3343 1421 3402 1472 ἐν
3446 1420 3548 1490 τῷ’
3613 1421 3708 1474 Ἐν
3745 1421 3832 1473 σοὶ

2246 1512 2632 1581 ῥυσθήοσομαι
2673 1510 2792 1564 ἀπὸ
2846 1512 3250 1586 πειρατηρίου.
3297 1510 3456 1564 Ἀλλά
3487 1512 3584 1564 καὶ
3623 1514 3652 1564 6
3697 1512 3831 1564 Παῦ-

2253 1603 2378 1668 λος,
2418 1601 2729 1673 Κορινθίοις
2771 1601 3019 1672 γράφων,
3065 1602 3188 1671 οὐχὶ
3236 1601 3294 1654 τὸ
3344 1602 3418 1673 μὴ
3466 1599 3832 1675 πειράζεσθαι,

2255 1693 2390 1746 ἀλλὰ
2416 1693 2478 1746 τὸ
2516 1692 2589 1764 μὴ
2625 1692 2775 1765 παρά
2829 1692 3058 1763 δύναμιν
3101 1691 3478 1764 πειράζεσθαι,
3527 1694 3664 1766 φησὶ
3691 1697 3835 1766 χαρί-

2255 1785 2444 1852 ζεσθαι
2495 1787 2587 1840 τὸν
2643 1786 2799 1848 Θεὸν,
2855 1786 3061 1855 λέγων·
3131 1787 3472 1858 Πειρασμὸς
3529 1788 3690 1858 ὑμᾶς
3736 1791 3834 1844 οὐκ

2186 1864 2222 1920 Β
2252 1880 2504 1948 εἴληφεν
2553 1881 2606 1932 εἰ
2654 1877 2742 1947 μὴ
2791 1876 3197 1946 ἀνθρώπινος·
3251 1879 3468 1946 πιστὸς
3511 1879 3582 1933 δὲ
3623 1885 3656 1934 ό
3704 1877 3837 1948 Θεὸς

2253 1977 2363 2028 οὐχ
2414 1974 2582 2028 ἐάσει
2617 1973 2727 2045 (87)
2768 1972 2924 2042 ὑμᾶς
2980 1973 3371 2042 πειρασθῆναι
3413 1974 3568 2042 ὑπὲρ
3605 1974 3636 2028 ὃ
3669 1975 3838 2030 δύνα-

2252 2070 2383 2128 σθε,
2431 2066 2593 2120 ἀλλὰ
2644 2065 2885 2132 ποιήσει
2940 2065 3062 2118 σὺν
3089 2064 3170 2130 τῷ
3229 2065 3543 2136 πειρασμῷ
3592 2066 3688 2120 καὶ
3736 2068 3840 2136 τὴν

2250 2160 2520 2223 ἔκϐασιν,
2575 2159 2681 2212 τοῦ
2733 2159 3028 2212 δύνασθαι
3092 2159 3466 2228 ὑπενεγκεῖν.
3499 2159 3629 2212 Εἴτε
3663 2161 3769 2232 γὰρ
3806 2161 3841 2231 ἡ

2253 2251 2396 2322 πάλη
2445 2253 2562 2306 ἐστὶ
2603 2253 2740 2324 πρὸς
2784 2252 2880 2323 τὴν
2921 2253 3293 2324 ἐπιθυμοῦσαν
3336 2253 3370 2325 ἢ
3409 2255 3841 2326 στρατευομένην

2251 2342 2388 2395 κατὰ
2418 2342 2509 2395 τοῦ
2546 2343 2854 2414 πνεύματος
2885 2343 3085 2416 σάρκα,
3133 2345 3165 2416 ἤ
3211 2345 3346 2418 πρὸς
3377 2345 3477 2416 τὴν
3508 2345 3687 2416 ψυχὴν
3742 2346 3839 2398 πά-

2251 2455 2351 2508 σης
2413 2437 2634 2508 σαρκὸς,
2688 2438 2809 2508 ἥτις
2869 2438 3017 2491 ἐστὶν
3073 2438 3379 2509 ὁμωνύμως
3536 2440 3847 2508 ἐγκατοικεῖ

2250 2527 2496 2615 σώματι,
2548 2529 2609 2582 τὸ
2659 2531 2982 2601 ἡγεμονικὸν
3029 2529 3056 2583 ὃ
3109 2530 3354 2585 καλεῖται
3408 2532 3608 2604 καρδία
3663 2534 3842 2603 (ὁποία

2247 2623 2394 2675 ἐστὶν
2429 2623 2461 2692 ή
2496 2621 2638 2693 πάλη
2691 2624 2803 2687 τοῖς
2847 2623 2975 2688 τοὺς
3005 2623 3378 2695 ἀνθρωπίνους
3413 2626 3836 2697 πειραζομένοις

2247 2713 2633 2784 πειρασμοῦς),
2665 2711 2775 2764 εἴτε
2819 2711 2894 2776 ὡς
2947 2711 3296 2782 διαϐεϐηκόσι
3339 2713 3432 2765 καὶ
3479 2712 3842 2783 τελειοτέροις

2245 2803 2524 2876 ἀθληταῖς,
2558 2805 2742 2858 οὐκέτι
2793 2805 2930 2876 πρὸς
2976 2802 3115 2876 αἷμα
3163 2807 3258 2859 καὶ
3289 2807 3469 2878 σάρκα
3497 2805 3845 2869 παλαίουσιν,

2243 2897 2364 2950 οὐδὲ
2399 2896 2457 2948 ἐν
2482 2898 2595 2959 τοῖς
2649 2897 3010 2969 ἀνθρωπίνοις
3044 2901 3371 2971 πειρασμοῖς
3411 2896 3843 2968 ὲξεταζομένοις,

2243 2989 2338 3053 οὖς
2367 2989 2916 3059 καταπεπατήκασιν,
2940 2989 3038 3060 ἤδη
3069 2988 3218 3056 πρὸς
3240 2988 3347 3054 τὰς
3373 2987 3586 3056 ἀρχὰς,
3609 2987 3713 3040 καὶ
3742 2987 3851 3053 τὰς

2243 3081 2552 3146 ἐξουσίας,
2588 3081 2686 3134 καὶ
2723 3080 2864 3147 τοὺς
2909 3081 3399 3151 κοσμογράτορας
3428 3081 3539 3135 τοῦ
3581 3081 3852 3146 σκότους

2246 3175 2480 3238 τούτου,
2532 3173 2632 3226 καὶ
2669 3173 2740 3227 τὰ
2787 3174 3161 3243 πνευματικὰ
3216 3172 3324 3242 τῆς
3362 3175 3656 3242 πονηρίας
3699 3173 3852 3226 ἐστὶν

2254 3267 2384 3338 ἡμῖν
2422 3266 2493 3319 τά
2540 3265 2917 3336 ἀγωνίσματα,
2941 3266 3036 3319 τοῦ
3071 3265 3429 3340 πειράζεσθαι
3461 3267 3562 3320 οὐκ
3592 3267 3852 3340 ἀπηλλά-

2251 3360 2448 3431 γμεθα.
2484 3359 2609 3424 Πῶς
2643 3355 2733 3413 οὖν
2767 3360 2978 3413 κελεύει
3011 3361 3160 3431 ἡμᾶς
3203 3362 3230 3413 6
3257 3359 3449 3432 Σωτὴρ
3476 3359 3740 3431 εὔχεσθαι
3779 3359 3856 3431 μὴ

2251 3453 2511 3507 εἰσελθεῖν
2561 3456 2640 3516 εἰς
2693 3453 3014 3525 πειρασμὸν,
3056 3452 3411 3525 πειράζοντός
3461 3471 3582 3517 πως
3628 3454 3856 3516 πάντας

2249 3547 2340 3600 τοῦ
2378 3546 2550 3614 Θεοῦ;
2581 3546 2904 3614 Μνήσθητε
2934 3547 3041 3619 γάρ
3076 3547 3261 3618 (φησὶν
3291 3547 3327 3617 ἡ
3366 3545 3592 3599 Ἰουδαῖθ
3619 3545 3769 3618 (88),
3791 3546 3855 3598 οὗ

2249 3659 2386 3731 πρὸς
2431 3660 2556 3722 τοὺς
2597 3658 2714 3711 τότε
2741 3657 3144 3730 πρεσϐυτέρους
3187 3657 3366 3728 μόνον,
3397 3657 3536 3711 ἀλλά
3574 3659 3673 3710 καὶ
3712 3657 3861 3730 πρὸς

2247 3751 2456 3813 πάντας
2507 3751 2634 3813 τοὺς
2693 3749 3114 3820 ἐντυγχάνοντας
3144 3750 3315 3820 αὐτῆς
3347 3753 3414 3821 τῇ
3442 3752 3689 3822 γραφῇ),
3737 3750 3864 3804 ὅσα

2244 3843 2495 3910 ἐποίησε
2553 3841 2704 3912 ⁴ιιεινὰ
2769 3841 3044 3911 Ἀϐραὰμ,
3088 3843 3186 3896 καὶ
3238 3843 3358 3897 ὅσα
3404 3844 3701 3912 ἐπείρασε
3747 3842 3864 3895 τὸν

2258 3935 2475 4002 Ἰσαὰκ,
2509 3935 2615 3988 ,καὶ
2659 3935 2776 3988 ὅσα
2805 3933 3043 4003 ἐγένετο
3074 3933 3154 4000 τῷ
3196 3935 3408 3989 Ἰακὼϐ
3446 3936 3518 3988 ἐν
3561 3938 3865 3989 Μεσοπο-

2243 4029 2422 4098 ταμίᾳ
2455 4026 2563 4094 τῆς
2598 4030 2818 4096 Συρίας
2845 4028 3218 4098 ποιμαίνοντι
3246 4028 3452 4082 Λάϐαν
3473 4029 3548 4084 τὰ
3571 4030 3867 4096 πρόϐατα

2242 4121 2348 4173 τοῦ
2403 4119 2671 4188 ἀδελφοῦ
2711 4119 2820 4188 τῆς
2849 4121 3077 4190 μητρὸς
3117 4120 3339 4174 αὐτοῦ’
3376 4123 3449 4175 οὺ
3493 4120 3604 4191 γὰρ
3642 4120 3865 4186 καθὼς

2241 4212 2514 4279 ἐκείνους
2542 4213 2854 4280 ἐπιὲρωσεν
2895 4214 2983 4278 είς
3015 4212 3281 4281 ἐτασμὸν
3333 4213 3584 4280 καρδίας
3611 4211 3866 4272 αὐτῶν,

2241 4302 2338 4355 καὶ
2374 4299 2532 4370 ἡμᾶς
2554 4299 2667 4372 (89)
2703 4299 2930 4354 ἐκδικεῖ
2957 4304 2988 4353 ό
3011 4303 3098 4367 εἰς
3129 4301 3496 4368 νουθέτησιν
3523 4298 3867 4371 μαστιγῶν

555 4401 720 4454 supra
768 4385 989 4455 vulgum
1038 4386 1406 4458 intelligamus
1433 4387 1501 4440 de
1530 4390 1803 4451 oratione.
1842 4406 1912 4444 ne
1958 4389 2135 4444 intre-

2249 4390 2456 4455 Κύριος
2501 4388 2644 4454 τοὺς
2688 4388 3026 4458 ἑγγίζοντας
3057 4388 3238 4455 αὐτῷ.
3284 4390 3397 4444 Καὶ
3427 4390 3504 4454 ὡς
3547 4391 3874 4445 καθολικὴν

553 4491 677 4532 mus
729 4478 782 4531 in
838 4477 1215 4547 tentationem,
1253 4479 1468 4534 dicendi
1529 4490 1689 4536 erunt
1739 4481 1970 4550 apostoli
2011 4495 2133 4536 cum

2249 4479 2296 4533 se
2334 4479 2695 4548 ἀποφαίνεται
2753 4481 2881 4551 περὶ
2940 4481 3157 4534 πάντων
3207 4481 3435 4534 δικαίων
3475 4483 3503 4535 6
3550 4482 3657 4552 μὲν
3687 4482 3875 4536 Δαυῗδ

552 4579 801 4634 orarent,
857 4571 1103 4625 exauditi
1177 4587 1284 4625 non
1340 4587 1487 4638 esse,
1539 4573 1631 4642 qui
1693 4575 1982 4627 innumera
2036 4589 2134 4644 per

2249 4569 2441 4639 λέγων’
2472 4569 2699 4622 Πολλαί
2732 4573 2791 4623 αἱ
2822 4571 3062 4638 θλίψεις
3079 4569 3197 4623 τῶν
3227 4570 3498 4626 δικαίων-ο
3525 4575 3554 4627 6
3580 4573 3648 4626 δὲ
3693 4575 3880 4627 Ἀπό-

551 4677 770 4716 omnem
811 4661 981 4717 vitam
1020 4661 1163 4717 mala
1193 4664 1439 4734 perpessi
1470 4673 1600 4718 sunt
1626 4665 1682 4719 in
1710 4664 1984 4719 laboribus
2009 4666 2134 4735 plu-

2249 4661 2429 4723 στολος
2454 4662 2511 4712 ὲν
2535 4663 2656 4724 ταῖς
2677 4660 2996 4728 Πράξεσιν·
3019 4662 3146 4715 ’Ότι
3179 4661 3278 4715 διὰ
3298 4662 3546 4716 πολλῶν
3566 4667 3882 4734 θλίψεων

551 4755 729 4819 rimis,
785 4755 841 4808 in
882 4755 1183 4808 carceribus
1224 4755 1611 4819 abundantius,
1654 4757 1710 4809 in
1755 4757 1924 4825 plagis
1971 4774 2133 4826 supra

2249 4753 2336 4806 δεῖ
2365 4750 2522 4822 rip—dc
2572 4753 2868 4806 είσελθεῖν
2895 4755 2981 4819 εἰς
3013 4753 3128 4822 τὴν
3152 4755 3486 4818 ,ϐασιλείαν
3522 4757 3639 4808 τοῦ
3679 4759 3882 4812 Θεοῦ.

547 4847 790 4908 modum,
844 4847 894 4901 in
934 4848 1189 4901 mortibus
1223 4846 1544 4917 frequenter.
1587 4847 1653 4901 Et
1699 4847 1900 4902 Paulus
1943 4847 2135 4918 singil-

2249 4845 2352 4897 Καὶ
2385 4845 2480 4898 ἐὰν
2511 4842 2586 4915 μὴ
2630 4844 2878 4916 συνῶμεν
2909 4846 2968 4898 τὸ
2995 4848 3122 4909 τοὺς
3150 4845 3382 4910 πολλοὺς
3410 4847 3696 4901 λανθάνον
3737 4853 3886 4922 περὶ

549 4935 702 4991 latim
734 4955 767 4990 a
798 4937 1006 4991 Juda’is
1056 4939 1331 5008 quinquies
1383 4940 1756 5010 quadragenas
1805 4957 1914 4994 una
1955 4941 2132 4994 minus

2249 4935 2332 4988 τοῦ
2370 4937 2444 5007 μὴ
2475 4935 2736 4989 εἰσελθεῖν
2785 4939 2863 5000 εἰς
2909 4938 3216 5009 πειρασμὸν
3260 4939 3710 5011 προσεύχεσθαι,
3753 4944 3892 5014 ὥρα

549 5028 768 5097 accepit.
819 5027 920 5082 Ter
967 5031 1126 5099 virgis
1180 5046 1348 5084 ctesus
1404 5040 1504 5097 est,
1535 5031 1692 5086 semel
1735 5031 2003 5100 lapidatus
2031 5040 2132 5098 est,

2249 5029 2435 5097 λέγειν,
2466 5029 2547 5082 ὄτι
2600 5030 2649 5082 οἱ
2694 5030 2978 5083 ἀπόστολοι
3032 5030 3320 5102 εὐχόμενοι
3351 5035 3452 5085 οὐκ
3475 5033 3892 5104 ἐπηκοὺοντο,

549 5130 628 5172 ter
657 5118 996 5189 naufragium
1028 5121 1170 5190 fecit,
1201 5133 1350 5175 nocte
1385 5133 1431 5175 et
1467 5122 1554 5176 die
1583 5123 1635 5176 in
1670 5123 1938 5190 profundo
1970 5124 2134 5177 maris

2249 5120 2410 5192 μυρία.
2461 5122 2561 5174 ὅσοι
2605 5121 2663 5172 ἐν
2702 5122 2863 5174 παντὶ
2902 5122 2978 5193 τῷ
3010 5123 3187 5196 χρόνῳ
3230 5124 3436 5178 ἑαυτῶν
3466 5126 3898 5193 πεπονθότες’

547 5211 741 5280 fuit";
780 5212 944 5266 homo
969 5213 1022 5266 in
1063 5213 1303 5268 omnibus
1333 5213 1731 5268 tribulationem
1770 5231 1982 5283 passus,
2007 5231 2135 5282 apo-

2249 5213 2306 5267 E~r
2337 5214 2548 5281 κόποις
2589 5217 3051 5284 περισσοτέρως,
3078 5216 3149 5269 ἐν
3175 5217 3439 5286 πληγαῖς
3474 5223 3904 5285 περισσεία-ἐρ

549 5304 742 5370 riotus,
771 5290 1207 5372 persecutionem
1266 5321 1476 5374 passus,
1517 5305 1748 5373 dejectus
1767 5304 1835 5370 ’⁸,
1874 5305 1963 5374 qui
2002 5304 2132 5359 illud

2249 5321 2372 5370 αως,
2412 5304 2483 5357 ἐν
2524 5305 2823 5373 φυλακαῖς
2851 5308 3384 5374 ὑπερϐαλὶόντως,
3429 5308 3498 5361 ἐν
3543 5311 3909 5379 θανάτοις

545 5393 752 5451 fatetur
783 5413 800 5451 :
831 5394 1005 5467 Usque
1032 5398 1090 5451 in
1125 5396 1263 5451 lianc
1292 5397 1478 5451 horam
1511 5407 1560 5452 et
1591 5399 1878 5463 esurimus,
1923 5407 1972 5452 et
2013 5398 2134 5451 siti-

2249 5395 2564 5464 πολλάκις·
2598 5399 2626 5450 6
2650 5397 2706 5450 δὲ
2739 5397 2950 5463 Παῦλος
3013 5398 3119 5472 ἰδίᾳ
3174 5400 3293 5456 ὑπὸ
3348 5399 3693 5457 Ἰουδαίων
3735 5422 3908 5459 πεν-

560 3372 656 3425 sed
703 3370 769 3424 ad
815 3385 1008 3425 omnes
1036 3371 1126 3440 qui
1161 3371 1357 3426 librum
1395 3370 1512 3439 ejus
1541 3371 1736 3426 lecturi
1767 3381 1971 3436 essent,
1999 3389 2146 3442 qucr-

561 3479 764 3534 cunque
808 3462 933 3532 fecit
980 3479 1098 3516 cum
1151 3463 1441 3530 Abraham,
1469 3472 1515 3516 et
1567 3478 1892 3533 quaecunque
1932 3463 2148 3517 (uitauit

561 3553 744 3620 Isaac,
770 3564 818 3608 et
845 3571 1172 3626 quwcunque
1189 3566 1465 3610 evenerunt
1487 3553 1656 3610 Jacob
1682 3554 1736 3609 in
1763 3555 2146 3623 Mesopotamia

559 3644 738 3716 Syria:
776 3648 1015 3717 poscenti
1062 3664 1254 3718 pecora
1308 3647 1488 3702 Laban
1535 3648 1724 3716 fratris
1778 3649 1968 3700 matris
2002 3664 2144 3713 sua';

556 3739 809 3804 quoniam
835 3756 937 3793 non
964 3739 1098 3792 sicut
1123 3738 1241 3792 illos
1257 3738 1580 3793 examinavit
1601 3739 1654 3792 in
1683 3747 1944 3793 certamen
1969 3741 2144 3793 cordis

557 3847 764 3898 eorum,
794 3833 956 3884 etiam
1005 3847 1100 3885 nos
1135 3831 1413 3885 ulciscitur
1470 3832 1562 3901 qui
1605 3832 1674 3884 ad
1723 3833 2142 3885 emendationem

557 3922 794 3995 ﬂagellat
850 3922 1108 3977 Dominus
1149 3924 1630 3993 apprOpinquantes
1668 3923 1855 3979 sibi".
1885 3923 1941 3978 ld
1977 3925 2140 3979 etiam

558 4017 615 4071 in
645 4016 963 4069 universum
988 4017 1052 4069 de
1072 4017 1239 4083 justis
1271 4017 1526 4071 omnibus
1558 4016 1790 4071 allirmat
1824 4018 1992 4071 David
2017 4034 2137 4071 cum

559 4108 640 4174 ait
683 4125 698 4162 :
746 4107 934 4162 Multa:
983 4108 1727 4178 tribulationesjustarum’5.
1755 4110 1821 4164 Et
1849 4109 2142 4181 Apostolus

557 4203 613 4255 in
646 4201 875 4256 Actibus
906 4219 919 4254 :
957 4200 1220 4266 Quoniam
1247 4219 1340 4272 per
1370 4201 1567 4256 multas
1599 4202 1964 4258 tribulatioues
1987 4220 2142 4272 opor-

556 4301 630 4348 tet
688 4310 783 4347 nos
845 4295 1050 4348 intrare
1109 4294 1166 4348 in
1227 4310 1445 4364 regnum
1490 4294 1665 4349 Dei".
1696 4295 1849 4363 Quod
1897 4298 1944 4351 si
2005 4296 2138 4350 nihil

615 5540 664 5615 ξ’
692 5539 850 5615 Rom.
877 5556 998 5608 vm,
1026 5541 1122 5615 7,,
1158 5540 1204 5572 ⁹⁰
1227 5536 1334 5615 {ob
1355 5552 1452 5604 vn,
1482 5539 1537 5593 Ι.
1596 5541 1654 5615 ff
1680 5537 1884 5615 Ρειρίιιιἐ
1908 5554 2038 5615 ιιγιι,
2067 5538 2157 5593 30.
2192 5539 2278 5615 *ξ’
2309 5539 2572 5615 {905.},
2601 5540 2665 5615 lli
2702 5611 2736 5615 __
2763 5541 2808 5615 'f
2834 5541 2966 5611 Eph.
2999 5543 3188 5615 v.12.
3268 5543 3316 5575 ’³
3346 5542 3530 5599 Judith
3602 5560 3767 5615 νιιι,
3796 5551 3909 5606 23.

543 5611 592 5648 ”
622 5612 766 5667 Psal.
795 5627 1009 5679 sum,
1055 5609 1149 5665 20.
1226 5609 1272 5640 "
1301 5610 1423 5663 Act.
1456 5625 1564 5674 xlv,
1592 5610 1684 5663 21.
1761 5610 1805 5642 ’7
1839 5609 1886 5663 ll
1920 5611 2045 5665 Cor.
2083 5625 2137 5663 χι

2249 5610 2280 5677 ι,
2309 5609 2402 5673 εει,
2441 5611 2534 5666 25.
2608 5611 2653 5642 οε
2698 5611 2742 5666 ιι
2769 5608 2896 5666 cur;
2930 5628 3005 5680 ιν,
3031 5614 3086 5667 8.

620 5729 735 5802 (87)
778 5727 833 5782 '0
878 5728 1023 5796 Θεὸς
1073 5729 1186 5782 οὐκ
1232 5726 1421 5783 ἐάσει.
1472 5729 1746 5784 Bentleius
1764 5727 1915 5800 legit,
1946 5731 1975 5783 6
2001 5729 2133 5794 Θεὸς

2316 5729 2428 5802 (89)
2469 5729 2680 5802 Ἡμεῖς,
2733 5741 2841 5786 etc.
2880 5733 2972 5786 Sic
3029 5732 3191 5788 habet
3247 5733 3419 5787 codex
3474 5747 3592 5788 ms-
3669 5740 3918 5794 R-litio

543 5797 727 5878 5:93)}
760 5802 936 5878 ἐάσει..
1167 5870 1205 5878 __
1279 5868 1390 5878 μμ
1455 5869 1589 5878 __._
1680 5867 1714 5878 Α
1823 5797 1842 5800 ν
1919 5869 1956 5878 ,,
2027 5869 2099 5878 -.-

2249 5797 2451 5878 tamenn
2479 5797 2821 5878 0xouiensis,
2873 5804 3019 5878 ἡμᾶς
3067 5805 3171 5878 ορκ
3206 5804 3530 5878 ἐξεδίκησεν.
3575 5805 3777 5864 ἀλλὰ
3818 5812 3915 5878 ει,

619 5869 733 5935 (88)
785 5872 971 5931 Codex
1007 5887 1110 5930 ms.
1167 5868 1417 5928 Ἰουδατθ.
1453 5869 1629 5928 Editio
1674 5867 1875 5938 Oxou.,
1919 5869 2126 5925 Ἰουδξθ.

2249 5869 2520 5927 νουθεσίαν
2544 5876 2818 5946 μαστιγοῖ,
2850 5867 2926 5933 ιιῖ
2939 5875 2996 5932 in
3027 5867 3260 5946 vulgato
3279 5867 3430 5931 textu
3459 5874 3732 5939 Graeco.

515 5965 551 5987 ’τ
