3954 6414
555 409 661 467 555

1992 394 2316 452 ORlGENlS

3703 403 3787 458 i236

555 530 721 604 259
749 529 849 586 sibi
892 541 920 581 a
955 521 1346 581 tentatiouibus
1379 521 1647 592 requiem,
1675 534 1798 575 cum
1831 521 1883 575 in
1922 521 2128 574 honore

2242 521 2486 594 ταράττει
2512 517 2694 583 αὑτὸν,
2726 517 2820 572 ὲάν
2858 517 2932 591 μὴ
2962 505 3114 590 πάσῄ
3145 506 3358 594 φυλακῇ
3388 524 3530 594 τηρῇ
3554 519 3648 593 τὴν
3677 539 3788 592 καρ-

558 622 725 677 fuerit
756 618 892 690 apud
916 615 1193 680 homines;
1220 622 1273 668 et
1293 613 1384 682 qui
1413 628 1518 668 non
1546 613 1740 667 durum
1765 611 1894 666 illud
1930 629 1942 665 :
1973 611 2130 666 Rece-

555 723 745 784 perunt
795 712 1080 764 mercedem
1125 708 1190 760 ab
1223 707 1545 770 hominibus,
1590 706 1656 761 iis
1697 706 2126 775 pronuntiatum,

555 805 646 874 qui
668 802 813 872 vulgi
838 798 1245 855 existimatione
1264 798 1416 868 quasi
1437 798 1617 866 aliquo
1640 798 1779 852 bono
1801 797 2133 852 ell'crunlur?

556 910 718 964 quam
753 891 880 947 illud
927 892 1253 960 stupendum
1286 907 1300 943 :
1330 889 1604 955 Quomodo
1644 903 1728 943 vos
1773 889 1989 958 potestis
2019 905 2129 940 cre-

495 1045 510 1064 κ
553 988 702 1050 dere,
730 985 822 1054 qui
871 983 1099 1055 glpriam
1139 981 1202 1035 ab
1233 983 1450 1036 invicem
1493 981 1756 1048 accipitis,
1797 989 1844 1034 et
1881 980 2130 1050 gloriam,

553 1095 671 1148 quae
693 1095 724 1131 α
747 1077 860 1131 solo
883 1075 988 1130 Deo
1010 1084 1106 1138 est,
1135 1091 1236 1127 non
1264 1074 1503 1144 qumritis
1527 1073 1583 1125 9?
1600 1071 1804 1142 Ecquid
1833 1088 1916 1126 me
1939 1071 2133 1125 attinet

556 1183 884 1224 enumerare
926 1182 1116 1224 eorum
1164 1167 1255 1235 qui
1303 1165 1512 1221 nobiles
1562 1175 1819 1235 puniantur
1847 1165 2025 1218 varios
2077 1165 2130 1218 in

555 1261 813 1332 superbia
861 1261 1079 1325 lapsus;
1133 1274 1320 1313 eorum
1375 1259 1499 1313 item
1539 1258 1629 1328 qui
1681 1258 1938 1312 dicuntur
1985 1257 2133 1326 igno-

553 1352 717 1418 bilcs,
769 1353 1191 1407 submissionem
1243 1349 1598 1404 adulatoriam
1642 1359 1818 1403 ortam
1851 1363 1916 1402 ex
1964 1350 2133 1417 impe-

556 1446 684 1499 ritia
710 1451 1159 1512 avertentemque
1186 1457 1216 1495 a
1247 1442 1382 1506 Deo,
1409 1456 1512 1512 qua
1545 1450 1672 1495 ante
1697 1440 1819 1495 illos
1845 1440 2136 1512 procidunt

557 1538 648 1608 qui
681 1536 994 1606 superiores
1026 1551 1147 1590 esse
1177 1535 1454 1599 videntur,
1482 1537 1573 1602 qui
1610 1534 1879 1588 sinceram
1913 1532 2133 1604 quidem

558 1630 856 1685 amicitiam
888 1645 992 1684 non
1039 1628 1263 1692 habent,
1300 1635 1352 1680 et
1383 1627 1528 1695 quod
1572 1626 1624 1679 in
1664 1626 1977 1682 hominibus
2017 1627 2134 1697 pul-

557 1724 893 1779 cherrimum
951 1733 1072 1784 est,
1124 1722 1446 1776 charitatem
1497 1718 1792 1773 simulant?
1852 1719 2021 1790 Ergo,
2077 1729 2134 1775 ut

558 1831 722 1884 supra
749 1816 950 1869 dietum
985 1823 1092 1882 est,
1124 1814 1294 1868 omnis
1339 1813 1564 1866 hominis
1611 1812 1716 1865 vita
1747 1829 1903 1880 super
1940 1821 2134 1865 terram

2234 615 2372 682 δίαν,
2399 613 2449 667 τί
2494 613 2573 666 δεῖ
2613 612 2707 666 καὶ
2749 611 2965 682 λέγεινς
3003 612 3187 666 πολλοὶ
3218 613 3327 686 γὰρ
3358 616 3464 668 ὑπὸ
3488 616 3598 669 τῶν
3638 616 3791 672 πόνων

2233 706 2544 778 νικώμενοι,
2578 706 2672 758 καὶ
2719 704 2981 777 ἀνδρείως
3013 705 3201 768 νόσους
3243 707 3428 778 φέρειν
3453 709 3554 762 οὑκ
3586 709 3793 763 ἐπιστά-

2239 814 2408 870 μενοι,
2433 797 2631 869 μᾶλλον
2653 797 2747 868 τὴν
2764 796 2938 868 ψυχὴν
2957 797 3302 868 ὴλέγχθησαν
3323 799 3446 851 τότε
3462 799 3792 870 νενοσηκότες

2234 891 2269 960 ἢ
2321 889 2389 943 τά
2431 888 2686 960 σώματα·
2749 889 2930 942 πολλοὶ
2980 889 3039 942 δὲ
3078 889 3173 942 καλ⁹
3209 889 3294 942 διὰ
3347 891 3408 944 τὸ
3453 890 3671 960 φεύγειν
3708 893 3793 961 τὴν

2243 979 2481 1047 ἀδοξίαν,
2536 980 2989 1051 ὲπαισχυνόμενοι
3035 979 3145 1050 (90)
3189 980 3250 1033 τὸ
3285 981 3523 1052 Χριστοῦ
3581 982 3795 1050 εὑγενῶς

2242 1070 2412 1142 ὄνομα
2437 1073 2624 1143 φέρειν
2639 1113 2655 1139 ,
2689 1074 2768 1135 εἰς
2787 1073 3048 1143 αἰσχύνην
3069 1071 3284 1126 αἰώνιον
3300 1073 3794 1130 καταπεπτώκασιν.

2247 1161 2388 1214 Ἀλλ’
2429 1161 2599 1216 οἴεταί
2639 1180 2723 1226 τις
2784 1163 3156 1216 ἀναπαύεσθαι
3211 1165 3287 1228 ὼς
3349 1166 3424 1236 μὴ
3483 1167 3795 1239 πειραζόμε-

2236 1270 2344 1318 νος,
2379 1255 2469 1308 ὅτε
2502 1253 2812 1320 δεδόξασται
2845 1255 2996 1328 παρά
3027 1258 3138 1320 τοῖς
3184 1255 3521 1328 ἀνθρώποις·
3556 1259 3652 1312 καὶ
3694 1261 3798 1324 πῶς

2235 1348 2296 1400 οὑ
2349 1347 2586 1416 χαλεπὸν
2624 1347 2704 1410 τὸ,
2750 1347 3064 1418 Ἄπέχουσι
3119 1348 3228 1402 τὸν
3269 1349 3492 1418 μισθὸν
3539 1349 3658 1404 ἀπὸ
3695 1349 3800 1403 τῶν

2237 1441 2582 1509 ἀνθρώπων,
2629 1440 3102 1512 ἀπαγγελλόμενον
3139 1444 3246 1504 τοῖς
3276 1441 3694 1512 ἐπαιρομένοις,
3733 1440 3803 1502 ὡς

2237 1533 2325 1585 ἐπ’
2360 1531 2570 1603 ἀγαθῷ,
2614 1536 2681 1604 τῇ
2723 1531 2874 1603 παρὰ
2904 1535 3020 1595 τοῖς
3054 1531 3266 1595 πολλοῖς
3296 1531 3458 1606 δόξῃς
3493 1531 3614 1596 πῶς
3643 1531 3684 1584 δ’
3713 1531 3806 1584 οὑκ

2238 1625 2632 1696 ἐπιπληκτικδν
2663 1624 2757 1677 τό·
2794 1624 2928 1691 Πῶς
2966 1625 3232 1680 δύνασθε
3265 1625 3434 1694 ὑμεῖς
3472 1625 3803 1692 πιστεῦσαι,

2243 1718 2431 1781 δόξαν
2455 1719 2590 1785 παρ’
2612 1717 2902 1784 ἀλλήλων
2921 1718 3353 1787 λαμϐάνοντες,
3379 1717 3476 1771 καὶ
3497 1717 3614 1785 τὴν
3634 1717 3806 1782 δόξαν

2238 1814 2354 1882 τὴν
2391 1813 2553 1882 παρὰ
2585 1812 2690 1867 τοῦ
2719 1815 2911 1882 μόνου
2954 1813 3100 1867 Θεοῦ
3135 1814 3207 1867 οὐ
3241 1811 3494 1881 (unite;
3523 1813 3635 1866 Kal.
3664 1813 3711 1866 τί
3745 1831 3806 1884 με

558 1910 778 1963 ιεηιιιιίο
813 1916 888 1962 est
928 1909 1006 1975 ¹⁰;
1039 1922 1212 1978 quare
1242 1921 1463 1962 oremus
1493 1921 1521 1959 a
1561 1906 1858 1960 tentatione
1885 1905 2128 1968 liberari,

2242 1880 2315 1958 Sci
2335 1880 2654 1973 καταλέγειν
2677 1880 2746 1957 τά
2769 1903 2874 1957 τῶν
2907 1903 3274 1975 νομιζομένων
3296 1880 3535 1972 εὐγενῶν
3560 1905 3618 1956 ὲν
3650 1880 3808 1976 ὑπερ-

556 2017 668 2058 non
717 2001 815 2066 ita,
864 2015 930 2055 ne
981 2009 1259 2054 tentomur
1295 1998 1431 2071 (ﬁeri
1481 2000 1624 2053 enim
1677 1998 1730 2052 id
1777 2013 1886 2052 non
1930 2005 2127 2068 potest,

557 2093 798 2147 maxime
829 2107 952 2146 cum
987 2106 1149 2162 super
1180 2101 1378 2146 terram
1423 2089 1653 2160 sumus),
1687 2088 1781 2144 sed
1821 2107 1885 2145 ne
1936 2089 2128 2144 tentati

559 2185 1005 2239 succumbamus.
1037 2183 1140 2250 Qui
1173 2199 1305 2239 vero
1334 2185 1613 2239 tentatioui
1644 2182 1972 2245 succumbit,
2007 2197 2129 2236 eum

558 2275 770 2347 ingredi
803 2276 855 2330 in
892 2275 1251 2331 tentatiouem
1280 2275 1545 2343 arbitror,
1584 2275 1705 2346 ejus
1731 2275 1894 2330 veluti
1927 2274 2133 2328 retibus

559 2378 811 2438 captum;
847 2368 900 2422 in
934 2383 1052 2438 qua:
1080 2367 1213 2421 retia
1241 2376 1464 2436 propter
1494 2381 1615 2434 eos,
1643 2367 1733 2436 qui
1758 2367 1868 2438 jam
1906 2366 1971 2421 iis
1999 2366 2133 2420 irre-

557 2458 644 2514 titi
678 2467 859 2523 erant,
894 2461 1169 2530 ingressus
1205 2459 1486 2522 Servator,
1521 2473 1727 2528 perque
1758 2473 1819 2514 ea
1853 2458 2006 2528 quasi
2041 2473 2135 2525 per

555 2550 821 2606 cancellos
850 2551 1168 2620 prospiciens
1212 2551 1279 2616 “,
1315 2559 1376 2604 ut
1413 2550 1616 2606 dicitur
1647 2550 1699 2604 in
1745 2549 1969 2604 Cantico
2003 2563 2131 2602 can-

559 2642 817 2708 ticorum,
871 2642 1165 2710 respondet
1206 2642 1306 2706 eis,
1365 2642 1456 2710 qui
1498 2641 1609 2712 jam
1658 2638 1856 2694 irretiti
1903 2647 2029 2692 sunt
2079 2647 2134 2692 et

557 2735 918 2791 tentatiouem
961 2735 1212 2804 ingressi,
1257 2735 1442 2804 aitque
1477 2733 1556 2788 eis
1587 2747 1689 2788 ceu
1716 2745 1927 2801 sponsee
1970 2746 2082 2784 sum
2115 2750 2130 2785 :

554 2823 750 2897 Surge,
781 2826 917 2889 ueni,
960 2825 1200 2894 proxima
1240 2843 1375 2893 mea,
1423 2826 1656 2895 formosa
1702 2838 1839 2887 mea,
1891 2821 2135 2875 columba

556 2933 674 2972 mea
727 2916 791 2972 “.
839 2917 1046 2972 Addam
1091 2928 1145 2972 et
1165 2918 1301 2979 haec,
1337 2925 1392 2970 ut
1437 2915 1723 2970 ostendam
1777 2912 1980 2966 nullum
2013 2927 2136 2967 esse

559 3007 865 3062 hominibus
910 3017 1125 3078 tempus
1158 3007 1458 3063 tentatione
1482 3022 1709 3061 vactutm
1741 3021 1756 3060 :
1799 3020 1868 3061 ne
1899 3005 1988 3059 ille
2018 3004 2138 3073 qui-

560 3100 710 3167 dem,
744 3100 837 3170 qui
873 3101 1045 3170 legem
1079 3099 1291 3154 Domini
1321 3100 1613 3154 meditatur
1640 3098 1725 3152 die
1759 3113 1822 3154 ac
1853 3108 2033 3162 nocte,
2083 3105 2138 3151 et

559 3191 775 3248 ellicere
809 3203 1037 3247 conatur
1065 3193 1209 3262 quod
1248 3193 1450 3247 dictum
1491 3199 1606 3246 est:
1646 3189 1716 3246 0s
1742 3191 1876 3260 justi
1914 3189 2137 3242 mcdita—
2165 3221 2206 3278 ο

562 3284 703 3338 bitur
728 3285 1044 3354 sapientiam
1071 3285 1148 3350 ¹³;
1177 3298 1206 3336 a
1233 3284 1531 3338 tentatione
1555 3284 1812 3338 immunis
1836 3291 1940 3336 est.
1963 3280 2134 3348 Quam

562 3376 723 3431 multi
754 3377 898 3431 enim
934 3391 1216 3431 sacrorum
1243 3375 1507 3431 librorum
1544 3376 1721 3432 studio
1753 3375 1980 3438 addicti,
2020 3387 2139 3443 quae

562 3467 620 3524 in
669 3467 788 3539 lege
839 3468 1226 3539 prophetisque
1272 3470 1542 3540 promissa
1603 3478 1760 3533 sunt,
1819 3467 2142 3534 acceperint

561 3573 874 3630 perperam,
925 3573 1095 3630 seque
1144 3561 1326 3631 impiis
1367 3561 1709 3630 dogmatibus
1747 3559 2042 3628 stultisque
2085 3565 2140 3609 et

563 3648 816 3704 ridiculis
849 3649 1205 3720 implicarint,
1241 3651 1370 3721 quid
1413 3665 1636 3706 necesse
1669 3659 1752 3706 est
1777 3650 1982 3710 dicere.
2015 3661 2138 3703 cum

562 3739 836 3796 innumeri
863 3741 1065 3810 quibus
1090 3741 1369 3812 negligens
1393 3743 1553 3797 lectio
1577 3756 1685 3796 non
1709 3741 1924 3796 videtur
1945 3755 2141 3809 expro-

561 3833 712 3888 brari
745 3847 932 3903 posse,
965 3834 1016 3888 in
1049 3835 1266 3888 eosdem
1301 3843 1482 3888 tamen
1518 3847 1736 3888 errores
1777 3832 2140 3903 impegerint?

562 3923 710 3980 Idem
762 3934 818 3980 et
871 3925 930 3981 in
985 3924 1296 3994 apostolicis
1349 3924 1790 3995 cVangelicisque
1841 3924 2141 3994 Scripturis

564 4015 748 4069 multis
775 4015 998 4080 accidit,
1025 4017 1116 4085 qui
1145 4030 1242 4071 sua
1276 4014 1378 4070 sibi
1413 4015 1636 4068 vesania
1667 4015 1833 4068 alium
1870 4015 2142 4068 ﬁnxerunt

561 4105 759 4161 Filium
797 4119 891 4163 aut
926 4107 1167 4177 Patrem,
1199 4125 1362 4178 quam
1392 4106 1482 4176 qui
1525 4124 1553 4160 a
1591 4105 1800 4161 sanctis
1843 4115 1898 4161 et
1944 4104 2142 4175 praedi-

561 4207 720 4254 catur
752 4208 808 4254 et
842 4199 999 4268 juxta
1037 4200 1322 4254 veritatem
1367 4198 1713 4268 intelligitur.
1751 4195 1851 4263 Qui
1885 4211 2029 4250 enun
2076 4197 2141 4249 de

561 4291 675 4347 Deo
707 4300 764 4346 et
797 4292 1015 4349 Christo
1049 4293 1168 4362 ejus
1197 4305 1323 4346 vera
1354 4306 1462 4345 non
1495 4291 1682 4355 sentit,
1725 4289 1769 4345 is
1801 4305 1829 4342 a
1863 4303 1993 4343 vero
2033 4288 2142 4341 Deo

559 4386 787 4452 excidit,
815 4386 1041 4457 ejusque
1067 4385 1381 4456 Unigenito,
1403 4391 1455 4437 et
1485 4397 1644 4452 quem
1668 4396 1766 4435 sua
1791 4381 1894 4436 sibi
1921 4380 2138 4435 vesania

561 4479 720 4534 ﬁnxit
771 4478 990 4534 Patrem
1046 4488 1101 4533 et
1139 4477 1360 4542 Filium,
1411 4490 1519 4530 non
1564 4488 1761 4530 revera
1805 4474 2032 4540 adorat;
2089 4472 2138 4526 id

2235 1997 2439 2068 ενξφανία⁸
2490 1997 2826 2067 πταίσματα,
2869 1997 2964 2050 καὶ⁹
3007 1996 3114 2048 τῶν
3175 1996 3483 2067 λεγομένων
3524 1998 3809 2065 δυσγενῶν,

2233 2091 2322 2144 διά
2346 2090 2408 2143 τὸ
2432 2089 2821 2160 ἀνεπιστῆμον,
2855 2088 2954 2159 τὴν
2978 2087 3114 2159 πρὸς
3135 2090 3262 2152 τοὺς
3287 2088 3580 2160 ὑπερέχειν
3606 2088 3813 2160 νομιζο-

2237 2180 2429 2252 μένους
2460 2180 2773 2233 ὑπόπτωσιν
2802 2178 3143 2250 θωπευτικὴν
3172 2180 3479 2249 ἀφιστᾶσαν
3507 2178 3666 2242 Θεοῦ,
3695 2179 3814 2244 τοὺς

2233 2267 2462 2338 γνησίαν
2494 2267 2592 2339 μὲν
2618 2267 2800 2338 φιλίαν
2821 2266 2920 2322 οὑκ
2944 2267 3166 2337 ἔχοντας
3197 2268 3332 2338 (91),
3361 2268 3421 2321 τὸ
3443 2268 3502 2322 δὲ
3536 2268 3812 2322 κάλλιστον

2233 2359 2344 2412 τῶν
2377 2360 2435 2412 ὲν
2469 2357 2913 2431 ἀνθρώποις,τὴν
2929 2359 3147 2430 ἀγάπην
3185 2359 3649 2432 ὑποκρινομένους
3673 2359 3812 2431 (99);

2235 2444 2363 2513 Πᾶς
2389 2447 2570 2500 τοίνυν
2611 2450 2644 2500 ό
2678 2448 2838 2514 βίος,
2873 2447 3054 2512 καθὼς
3080 2449 3424 2521 προείρηται,
3460 2451 3570 2504 τοῦ
3601 2451 3815 2520 ἀνθρὼ-

2236 2549 2355 2591 που
2387 2536 2486 2590 ἐπὶ
2520 2535 2629 2604 τῆς
2670 2535 2781 2607 γῆς
2809 2538 2941 2592 ἐστι
2975 2539 3383 2608 πειρατήριον·
3428 2541 3619 2614 διόπερ
3651 2544 3814 2613 sext.-

2240 2628 2377 2700 μεθα
2411 2629 2673 2701 ρυσθῆναι
2706 2632 3087 2704 πειρατηρίου,
3124 2634 3225 2686 οὑκ
3253 2635 3311 2687 ὲν
3343 2632 3420 2704 τῷ
3457 2633 3533 2704 μὴ
3568 2635 3809 2706 πειράζει

2239 2722 2361 2775 σθαι
2407 2722 2598 2792 (τοῦτο
2627 2723 2737 2795 γὰρ
2768 2725 3048 2795 ἀμήχανον
3087 2725 3319 2797 μάλιστα
3361 2729 3477 2786 τοῖς
3515 2728 3610 2780 ἐπὶ
3660 2727 3812 2798 γῆς),

2237 2814 2372 2869 ἀλλά
2403 2815 2460 2867 ὲν
2493 2815 2572 2886 τῷ
2607 2815 2680 2887 μὴ
2714 2816 2978 2887 ἡττᾶσθαι
3012 2818 3462 2889 πειραζομένους.
3499 2819 3604 2872 Τὸν
3638 2819 3694 2872 δὲ
3726 2820 3817 2889 ἡτ-

2238 2906 2477 2979 τώμενον
2507 2910 2564 2960 ὲν
2593 2908 2672 2979 τῷ
2706 2908 3063 2981 πειράζεσθαι
3094 2912 3438 2985 εἰσέρχεσθαι
3469 2913 3550 2976 είς
3581 2911 3672 2965 τὸν
3697 2929 3814 2965 πει-

2238 3001 2446 3072 ρασμδν
2473 3002 2790 3072 ἐνεχόμενον
2806 3004 2919 3066 τοῖς
2941 3001 3180 3067 δικτύοις
3199 3003 3388 3068 αὑτοῦ,
3415 3003 3782 3075 ὑπολαμϐάνω
3799 3019 3812 3033 ·

2239 3097 2319 3157 εἰς
2347 3095 2490 3165 άπερ
2523 3093 2714 3148 δίκτυα
2744 3093 2832 3147 διά
2859 3095 2986 3156 τοὺς
3017 3095 3592 3168 προκατειλημμένους
3629 3097 3685 3149 ὲν
3725 3096 3818 3149 αὑ-

2238 3187 2351 3248 τοῖς
2373 3185 2628 3242 εἰσελθὼν
2651 3188 2680 3239 ὁ
2706 3185 2917 3256 Σωτὴρ,
2943 3185 3258 3239 ἐκκόπτων
3282 3185 3381 3239 διὰ
3407 3185 3531 3240 τῶν
3548 3187 3819 3249 δικτύων,

2241 3274 2385 3329 κατά
2435 3275 2496 3328 τὺ
2548 3277 2605 3329 ὲν
2647 3273 2726 3344 τῷ
2765 3274 3002 3346 ’ᾼσματι
3045 3273 3154 3327 τῶν
3195 3275 3458 3345 ᾀσμάτων
3511 3275 3820 3347 εἰρημένον,

2243 3368 2598 3439 ἀποκρίνεται
2629 3369 2742 3431 τοῖς
2773 3365 3335 3439 προκατειλημμένοις
3366 3367 3459 3420 ὑπ’
3490 3367 3689 3431 αὑτῶν,
3731 3369 3823 3420 καὶ

2240 3460 2570 3516 εἰσελθοῦσιν
2601 3462 2681 3524 είς
2707 3461 2798 3514 τὸν
2831 3461 3157 3532 πειρασμὸν,
3182 3460 3277 3514 καὶ
3309 3460 3459 3530 λέγει
3489 3455 3608 3514 οὖσι
3633 3459 3693 3514 νύ
3703 3476 3826 3534 μφῃ

2240 3554 2432 3610 αὑτοῦ·
2481 3553 2749 3618 Ἀνάστα,
2783 3553 2922 3608 ἐλθὲ
2951 3555 2989 3622 ἡ
3021 3553 3289 3620 πλησίον
3315 3571 3458 3622 μου,
3493 3552 3648 3619 καλή
3675 3570 3826 3622 μου,

2239 3645 2558 3713 περιστερά
2591 3663 2730 3715 μου.
2777 3644 3077 3715 Προσθήσω
3108 3644 3191 3708 δὲ,
3239 3644 3320 3707 εἰς
3353 3643 3416 3696 τὸ
3461 3644 3827 3716 πειρασθῆναι

2241 3737 2422 3790 πάντα
2463 3735 2652 3806 καιρὸν
2701 3733 3009 3806 πειρασμοῦ
3048 3729 3187 3787 εἶναι
3219 3735 3332 3798 τοῖς
3377 3733 3686 3806 ἀνθρώποις
3736 3735 3833 3789 καὶ

2240 3828 2439 3882 ταῦτα·
2473 3828 2593 3881 οὑδὲ
2635 3828 2663 3880 ὁ
2698 3827 2788 3880 τὸν
2821 3827 2983 3896 νόμον
3014 3825 3107 3879 τοῦ
3141 3824 3275 3878 Θεοῦ
3331 3825 3573 3896 μελετῶν
3611 3829 3830 3900 ἡμέρας

2241 3923 2335 3976 καὶ
2371 3921 2583 3984 νυκτὸς,
2639 3920 2732 3973 καὶ⁵
2778 3919 2963 3973 ἀσκῶν
3006 3917 3348 3990 κατορθῶσαι
3399 3920 3463 3973 τὸ
3501 3921 3827 3991 εἰρημένον·

2243 4015 2442 4081 Στόμα
2464 4011 2699 4065 δικαίου
2715 4010 3037 4078 μελετήσει
3065 4014 3311 4082 σοφίαν,
3347 4011 3441 4065 τοῦ
3471 4011 3833 4082 πειράζεσθαι

2241 4102 2606 4172 ἀπήλλακται.
2645 4103 2799 4155 Ὅσοι
2827 4101 2958 4172 γοῦν
2992 4103 3477 4175 παρεκδεξάμενοι,
3511 4105 3567 4157 ὲν
3590 4103 3670 4174 τῷ
3701 4105 3834 4157 ἀνα-

2241 4195 2547 4250 τεθεικέναι
2578 4196 2780 4259 αὑτοὺς
2824 4197 2891 4266 τῇ
2938 4195 3180 4262 ἐξετάσει
3216 4197 3326 4250 τῶν
3377 4197 3540 4252 θειῶν
3571 4197 3834 4267 Γραφῶν,

2243 4287 2311 4341 τὰ
2343 4289 2401 4341 ἐν
2435 4287 2582 4358 νόμῳ
2612 4287 2708 4340 καὶ
2736 4289 3044 4360 προφήταις
3073 4288 3485 4359 ἀπηγγελμένα,
3521 4287 3703 4352 ἀθέοις
3738 4289 3837 4340 καὶ

2246 4378 2466 4432 ἀσεϐέσι
2482 4381 2744 4451 δόγμασιν
2763 4382 2987 4445 ἑαυτοὺς
3011 4380 3446 4445 ἀνατεθείκασιν,
3463 4381 3693 4452 ἠλιθίοις
3718 4380 3837 4450 (95)

2248 4473 2343 4526 καὶ
2370 4471 2619 4540 γελοίοις,
2647 4472 2698 4525 τί
2721 4473 2801 4526 δεῖ
2824 4473 2918 4526 καὶ
2945 4473 3142 4542 λέγειν,
3172 4472 3280 4526 τῶν
3309 4473 3603 4528 δοκούντων
3625 4473 3716 4542 τῷ
3738 4473 3842 4543 τῆς

537 4585 774 4644 passus,
818 4571 961 4640 quod
1009 4571 1362 4625 tentatiouem
1395 4583 1501 4638 qua
1547 4582 1834 4623 sacrorum
1878 4566 2135 4621 librorum

2252 4565 2508 4633 ἀμελείας
2533 4564 2640 4618 τῶν
2663 4565 3104 4637 ἀναγνωσμάτων
3131 4565 3437 4637 ἐγκλήματι
3467 4565 3540 4637 μὴ
3561 4562 3706 4619 εἶναι
3727 4566 3847 4617 ἐνὸο

560 4667 722 4722 lectio
752 4682 859 4722 non
895 4674 1076 4730 vacat,
1107 4680 1214 4718 non
1240 4663 1560 4726 adverterit,
1589 4677 1689 4716 nec
1717 4661 1931 4716 steterit
1961 4675 2144 4713 arma-

562 4768 651 4814 tus
689 4758 836 4812 velut
865 4759 930 4811 ad
974 4757 1267 4810 imminens
1315 4765 1619 4810 certamen.
1662 4755 1939 4810 Orandutn
1977 4754 2143 4823 igitur

559 4860 665 4917 est,
693 4866 800 4904 non
825 4850 987 4921 260
1007 4864 1073 4904 ne
1097 4859 1390 4914 tentemur,
1417 4848 1532 4901 fieri
1557 4847 1700 4902 enim
1723 4846 1774 4901 id
1795 4863 1898 4902 non
1935 4857 2138 4916 potest,

561 4944 657 4998 sed
692 4959 760 4997 ne
790 4959 818 4996 a
858 4945 1163 4999 tentatione
1204 4942 1735 5007 circumveniamur;
1772 4943 1915 5012 quod
1949 4944 2015 4997 iis
2053 4959 2145 4995 ac-

560 5034 694 5091 cidit
729 5036 819 5105 qui
864 5035 952 5090 illa
997 5037 1310 5093 detinentur
1349 5049 1407 5094 et
1450 5039 1762 5092 vincuntur.
1795 5035 1934 5091 Cum
1977 5036 2140 5106 igitur

559 5137 714 5180 extra
758 5128 1064 5183 orationem
1108 5130 1372 5200 scriptum
1410 5129 1527 5185 sit:
1560 5128 1627 5182 Ut
1669 5145 1772 5181 non
1826 5126 2028 5180 intretis
2084 5126 2138 5179 in

562 5222 904 5274 tentatiouem
924 5221 988 5285 ν’,
1009 5222 1150 5290 quod
1173 5237 1238 5276 ex
1261 5222 1421 5278 dictis
1435 5223 1656 5292 planum
1673 5233 1798 5276 esse
1829 5218 2062 5289 poterit,
2085 5217 2136 5269 in

558 5313 675 5385 ipsa
697 5322 880 5368 autem
908 5314 1156 5370 oratione
1182 5313 1373 5368 dicere
1397 5315 1505 5369 Dco
1518 5312 1667 5368 Patri
1687 5312 1975 5367 debeamus
2007 5322 2021 5361 :
2056 5307 2139 5361 Ne

632 5476 654 5507 ’
683 5473 842 5532 Joan.
878 5491 931 5542 γ,
971 5475 1064 5534 44.
1144 5479 1186 5510 ¹⁰
1215 5477 1319 5534 Job
1342 5494 1458 5544 vn,
1495 5479 1544 5532 Ι.

631 5652 742 5720 (9U)
794 5649 982 5709 Codex
1039 5661 1170 5710 ms.,
1213 5646 1686 5716 ὲπαισχυνὸμενοι.
1726 5644 1906 5700 Editio
1960 5645 2136 5699 Oxon.

558 5721 1042 5789 ἀπαισχυνόμενοι.

632 5785 951 5858 (9|)"Codex
985 5803 1109 5849 ms..
1135 5785 1376 5858 ἔχοντας.
1412 5785 1587 5858 Editio
1611 5787 1784 5858 Oxon.
1819 5787 2051 5858 ἔχοντες.

633 5795 715 5853 (9|
771 5795 951 5842 Codex
985 5803 1109 5849 ms..
1135 5795 1376 5858 εχοντας.
1412 5795 1587 5839 Editio
1611 5795 1784 5841 Oxon.
1819 5795 2051 5858 ἔχοντες.

633 5795 746 5930 (92;
787 5860 968 5915 Codex
1023 5873 1150 5926 tus.,
1206 5857 1684 5927 ὑποκρινομένους.
1722 5855 1900 5913 Editto
1933 5857 2135 5924 Οκυιι..

1627 5479 1666 5510 ¹¹
1700 5477 1860 5533 Cant.
1904 5493 1978 5540 ll,
2011 5477 2064 5532 9.
2145 5477 2188 5507 "
2216 5475 2376 5538 lbid.,
2410 5477 2494 5531 l0.
2576 5477 2617 5507 ⁸³
2648 5475 2807 5533 Prov.
2850 5496 2913 5544 χ,
2945 5481 3033 5537 51.

2249 4673 2378 4725 χων,
2409 4655 2618 4727 μυρίων
2651 4656 2794 4709 ὅσων
2815 4657 2883 4710 τά
2907 4657 3132 4710 τοιαῦτα
3159 4655 3494 4722 πταιόντωνς
3527 4657 3596 4709 Τὸ
3618 4655 3670 4708 δ’
3702 4653 3847 4710 αὐτὸ

2248 4749 2342 4802 καὶ
2382 4750 2476 4802 ἐπὶ
2509 4746 2615 4802 τῶν
2645 4747 3018 4801 ἁποστολικῶν
3049 4749 3144 4802 καὶ
3175 4747 3548 4816 εὑαγγελικῶν
3577 4749 3848 4814 ἀναγνω-

2251 4842 2472 4913 σμάτων
2499 4840 2684 4896 πολλοὶ
2714 4841 3037 4903 πεπόνθασι,
3057 4840 3144 4893 διὰ
3169 4839 3268 4903 τὰς
3297 4840 3434 4904 ἰδίας
3466 4840 3668 4902 ἀνοίας,
3710 4841 3848 4892 ἀνα-

2249 4935 2575 4998 πλάττοντες
2606 4935 2692 4986 ’ἐτε
2704 4951 2792 5005 ρον
2826 4933 2977 5005 παρά
3003 4932 3092 4986 τὸν
3119 4931 3533 5002 θεολογούμενον
3561 4931 3652 4984 καὶ
3690 4931 3854 4984 κατά

2248 5033 2350 5098 τὴν
2385 5028 2639 5100 ἀλήθειαν
2670 5027 2990 5098 νενοημένον
3017 5028 3127 5088 τοῖς
3156 5026 3333 5094 ἁγίοις
3362 5026 3493 5078 Υἱὺν
3521 5025 3552 5096 ἥ
3581 5023 3849 5095 Πατέρα.

2261 5121 2318 5173 '0
2351 5119 2460 5190 γὰρ
2501 5119 2573 5190 μὴ
2618 5117 2688 5171 τὰ
2719 5117 2892 5189 ἀληθῆ
2939 5117 3149 5189 φρονῶν
3189 5117 3318 5186 περὶ
3349 5115 3484 5191 Θεοῦ
3522 5115 3552 5187 ἢ
3586 5113 3860 5184 Χριστοῦ

2248 5212 2436 5278 αὑτοῦ,
2475 5212 2569 5265 τοῦ
2595 5213 2692 5282 μὲν
2737 5211 2988 5284 ἀληθινοῦ
3030 5210 3399 5264 ἀποπέπτωκε
3437 5208 3569 5263 Θεοῦ
3601 5207 3716 5263 καὶ
3754 5206 3860 5261 τοῦ

2251 5304 2590 5375 Μονογενοῦς
2629 5303 2816 5369 αὑτοῦ,
2863 5305 2921 5358 ὃν
2959 5305 3017 5358 δὲ
3049 5305 3350 5361 ἀνέπλασεν
3391 5307 3425 5378 ἡ
3465 5306 3610 5360 ἄνοια
3660 5298 3863 5356 αὑτοῦ

3114 5479 3157 5512 ⁸⁵
3188 5479 3374 5535 Matth.
3405 5491 3550 5544 nrt,
3585 5473 3693 5531 ﬂ.

2251 5643 2683 5714 ὑπορκινόμενοι.
3023 5685 3026 5689 .

2321 5661 2354 5696 το
2392 5661 2508 5696 κινο
2555 5661 2683 5697 ενοι.
3023 5685 3026 5689 .

2321 5661 2432 5785 (ξῦ)
2475 5661 2956 5787 ’ᾼμνατεοείκασιν
2980 5717 3248 5784 ἠλιθίοις
3275 5712 3415 5787 Lege
3432 5733 3547 5774 cum
3558 5717 3631 5773 3e
3644 5718 3875 5778 ntlcin,

2251 5785 2679 5848 ἀνατεθείκασιν,
2712 5787 2742 5856 ἢ
2780 5786 3027 5856 ἠλιθίοις.
