  <div class='ocr_page' id='page_1' title='image "/cluster/home/n/w/nwhite01/storage/ocr_20150623/11/hvd.32044024345175/274.png"; bbox 0 0 3868 6586; ppageno 0'>
   <div class='ocr_carea' id='block_1_1' title="bbox 156 448 247 503">
    <p class='ocr_par' dir='ltr' id='par_1_1' title="bbox 156 448 247 503">
     <span class='ocr_line' id='line_1_1' title="bbox 156 448 247 503; baseline -0.022 0"><span class='ocrx_word' id='word_1_1' title='bbox 156 448 247 503; x_wconf 77' lang='lat'><strong>537</strong></span> 
     </span>
    </p>
   </div>
   <div class='ocr_carea' id='block_1_2' title="bbox 1345 439 2217 499">
    <p class='ocr_par' dir='ltr' id='par_1_2' title="bbox 1345 439 2217 499">
     <span class='ocr_line' id='line_1_2' title="bbox 1345 439 2217 499; baseline -0.003 0"><span class='ocrx_word' id='word_1_2' title='bbox 1345 443 1680 499; x_wconf 83' lang='lat' dir='ltr'><strong>LIBELLUS</strong></span> <span class='ocrx_word' id='word_1_3' title='bbox 1719 441 1804 497; x_wconf 85' lang='lat' dir='ltr'><strong>DE</strong></span> <span class='ocrx_word' id='word_1_4' title='bbox 1843 439 2217 497; x_wconf 78' lang='lat' dir='ltr'><strong>ORATIONE.</strong></span> 
     </span>
    </p>
   </div>
   <div class='ocr_carea' id='block_1_3' title="bbox 3286 446 3388 502">
    <p class='ocr_par' dir='ltr' id='par_1_3' title="bbox 3286 446 3388 502">
     <span class='ocr_line' id='line_1_3' title="bbox 3286 446 3388 502; baseline -0.01 0"><span class='ocrx_word' id='word_1_5' title='bbox 3286 446 3388 502; x_wconf 72' lang='lat'><strong>538</strong></span> 
     </span>
    </p>
   </div>
   <div class='ocr_carea' id='block_1_4' title="bbox 152 557 1702 643">
    <p class='ocr_par' dir='ltr' id='par_1_4' title="bbox 152 557 1702 635">
     <span class='ocr_line' id='line_1_4' title="bbox 152 557 1702 635; baseline -0.001 -20"><span class='ocrx_word' id='word_1_6' title='bbox 152 562 432 635; x_wconf 72' lang='grc' dir='ltr'>νομίζουσα</span> <span class='ocrx_word' id='word_1_7' title='bbox 460 557 595 617; x_wconf 74' lang='grc' dir='ltr'>εἶναι</span> <span class='ocrx_word' id='word_1_8' title='bbox 624 563 842 634; x_wconf 79' lang='grc' dir='ltr'><strong>Πατέρα</strong></span> <span class='ocrx_word' id='word_1_9' title='bbox 866 564 959 618; x_wconf 73' lang='grc' dir='ltr'>καὶ</span> <span class='ocrx_word' id='word_1_10' title='bbox 980 561 1127 626; x_wconf 83' lang='grc' dir='ltr'>Υἱὸν,</span> <span class='ocrx_word' id='word_1_11' title='bbox 1150 563 1249 616; x_wconf 77' lang='grc' dir='ltr'><strong>οὐκ</strong></span> <span class='ocrx_word' id='word_1_12' title='bbox 1272 562 1442 625; x_wconf 76' lang='grc' dir='ltr'>ὅντως</span> <span class='ocrx_word' id='word_1_13' title='bbox 1479 578 1702 634; x_wconf 87' lang='grc' dir='ltr'>προσκυ-</span> 
     </span>
    </p>
   </div>
   <div class='ocr_carea' id='block_1_5' title="bbox 1806 557 3389 643">
    <p class='ocr_par' dir='ltr' id='par_1_5' title="bbox 1824 559 3389 632">
     <span class='ocr_line' id='line_1_5' title="bbox 1824 559 3389 632; baseline 0.004 -19"><span class='ocrx_word' id='word_1_14' title='bbox 1824 576 1917 613; x_wconf 89' lang='lat' dir='ltr'><strong>nos</strong></span> <span class='ocrx_word' id='word_1_15' title='bbox 1970 560 2188 613; x_wconf 89' lang='lat' dir='ltr'><strong>inducas</strong></span> <span class='ocrx_word' id='word_1_16' title='bbox 2241 559 2295 612; x_wconf 86' lang='lat' dir='ltr'><strong>in</strong></span> <span class='ocrx_word' id='word_1_17' title='bbox 2357 559 2736 625; x_wconf 83' lang='lat' dir='ltr'><strong>tentationem,</strong></span> <span class='ocrx_word' id='word_1_18' title='bbox 2786 575 2966 631; x_wconf 74' lang='lat' dir='ltr'><strong>operae</strong></span> <span class='ocrx_word' id='word_1_19' title='bbox 3024 561 3258 632; x_wconf 78' lang='lat' dir='ltr'><strong>pretium</strong></span> <span class='ocrx_word' id='word_1_20' title='bbox 3308 578 3389 621; x_wconf 80' lang='lat' dir='ltr'><strong>est</strong></span> 
     </span>
    </p>
   </div>
   <div class='ocr_carea' id='block_1_6' title="bbox 154 650 1718 721">
    <p class='ocr_par' dir='ltr' id='par_1_6' title="bbox 154 650 1718 721">
     <span class='ocr_line' id='line_1_6' title="bbox 154 650 1718 721; baseline -0.003 -14"><span class='ocrx_word' id='word_1_21' title='bbox 154 657 252 707; x_wconf 83' lang='grc' dir='ltr'>νεῖ·</span> <span class='ocrx_word' id='word_1_22' title='bbox 283 652 437 705; x_wconf 81' lang='grc' dir='ltr'>τοῦτο</span> <span class='ocrx_word' id='word_1_23' title='bbox 473 652 655 705; x_wconf 83' lang='grc' dir='ltr'>παθὼν</span> <span class='ocrx_word' id='word_1_24' title='bbox 684 653 774 706; x_wconf 72' lang='grc' dir='ltr'><strong>διὰ</strong></span> <span class='ocrx_word' id='word_1_25' title='bbox 802 652 863 705; x_wconf 85' lang='grc' dir='ltr'><strong>τὸ</strong></span> <span class='ocrx_word' id='word_1_26' title='bbox 893 652 983 705; x_wconf 87' lang='grc' dir='ltr'><strong>τὸν</strong></span> <span class='ocrx_word' id='word_1_27' title='bbox 1016 653 1075 704; x_wconf 80' lang='grc' dir='ltr'>ὲν</span> <span class='ocrx_word' id='word_1_28' title='bbox 1118 652 1196 721; x_wconf 86' lang='grc' dir='ltr'><strong>τῷ</strong></span> <span class='ocrx_word' id='word_1_29' title='bbox 1229 650 1621 719; x_wconf 76' lang='grc' dir='ltr'><strong>ἀναγινώσκειν</strong></span> <span class='ocrx_word' id='word_1_30' title='bbox 1648 650 1718 703; x_wconf 78' lang='grc' dir='ltr'>τὰ</span> 
     </span>
    </p>
   </div>
   <div class='ocr_carea' id='block_1_7' title="bbox 154 744 1719 817">
    <p class='ocr_par' dir='ltr' id='par_1_7' title="bbox 154 744 1719 817">
     <span class='ocr_line' id='line_1_7' title="bbox 154 744 1719 817; baseline -0.002 -16"><span class='ocrx_word' id='word_1_31' title='bbox 154 748 269 815; x_wconf 71' lang='grc' dir='ltr'>ἅγια</span> <span class='ocrx_word' id='word_1_32' title='bbox 294 746 600 817; x_wconf 81' lang='grc' dir='ltr'>πειρασμὸν</span> <span class='ocrx_word' id='word_1_33' title='bbox 629 746 705 816; x_wconf 85' lang='grc' dir='ltr'>μὴ</span> <span class='ocrx_word' id='word_1_34' title='bbox 728 745 1059 815; x_wconf 76' lang='grc' dir='ltr'>νενοηκέναι,</span> <span class='ocrx_word' id='word_1_35' title='bbox 1099 745 1231 816; x_wconf 75' lang='grc' dir='ltr'>μηδὲ</span> <span class='ocrx_word' id='word_1_36' title='bbox 1256 744 1332 807; x_wconf 84' lang='grc' dir='ltr'>ὡς</span> <span class='ocrx_word' id='word_1_37' title='bbox 1364 744 1501 815; x_wconf 81' lang='grc' dir='ltr'>πρὸς</span> <span class='ocrx_word' id='word_1_38' title='bbox 1533 744 1719 812; x_wconf 82' lang='grc' dir='ltr'>ἀγῶνα</span> 
     </span>
    </p>
   </div>
   <div class='ocr_carea' id='block_1_8' title="bbox 154 836 1712 907">
    <p class='ocr_par' dir='ltr' id='par_1_8' title="bbox 154 836 1712 907">
     <span class='ocr_line' id='line_1_8' title="bbox 154 836 1712 907; baseline -0.003 -16"><span class='ocrx_word' id='word_1_39' title='bbox 154 839 234 891; x_wconf 77' lang='grc' dir='ltr'><strong>καὶ</strong></span> <span class='ocrx_word' id='word_1_40' title='bbox 271 837 390 889; x_wconf 81' lang='grc' dir='ltr'>τότε</span> <span class='ocrx_word' id='word_1_41' title='bbox 437 836 593 907; x_wconf 61' lang='grc' dir='ltr'>αὐτῷ</span> <span class='ocrx_word' id='word_1_42' title='bbox 634 837 962 907; x_wconf 78' lang='grc' dir='ltr'>ἐνεστηκότα</span> <span class='ocrx_word' id='word_1_43' title='bbox 1010 836 1373 907; x_wconf 77' lang='grc' dir='ltr'><strong>ὁπλισάμενος</strong></span> <span class='ocrx_word' id='word_1_44' title='bbox 1424 836 1518 888; x_wconf 76' lang='grc' dir='ltr'>καὶ</span> <span class='ocrx_word' id='word_1_45' title='bbox 1564 836 1712 898; x_wconf 85' lang='grc' dir='ltr'>στάς.</span> 
     </span>
    </p>
   </div>
   <div class='ocr_carea' id='block_1_9' title="bbox 150 926 1717 1001">
    <p class='ocr_par' dir='ltr' id='par_1_9' title="bbox 150 926 1717 1001">
     <span class='ocr_line' id='line_1_9' title="bbox 150 926 1717 1001; baseline -0.002 -19"><span class='ocrx_word' id='word_1_46' title='bbox 150 930 253 1001; x_wconf 74' lang='grc' dir='ltr'>Χρὴ</span> <span class='ocrx_word' id='word_1_47' title='bbox 276 930 453 982; x_wconf 81' lang='grc' dir='ltr'>τοίνυν</span> <span class='ocrx_word' id='word_1_48' title='bbox 473 927 730 998; x_wconf 69' lang='grc' dir='ltr'>εὔχεσθαι</span> <span class='ocrx_word' id='word_1_49' title='bbox 751 969 764 991; x_wconf 92' lang='grc'><strong>,</strong></span> <span class='ocrx_word' id='word_1_50' title='bbox 796 930 893 997; x_wconf 77' lang='grc' dir='ltr'><strong>οὐχ</strong></span> <span class='ocrx_word' id='word_1_51' title='bbox 920 930 1008 981; x_wconf 84' lang='grc' dir='ltr'>ἵνα</span> <span class='ocrx_word' id='word_1_52' title='bbox 1036 930 1109 1000; x_wconf 83' lang='grc' dir='ltr'><strong>μὴ</strong></span> <span class='ocrx_word' id='word_1_53' title='bbox 1134 927 1535 998; x_wconf 85' lang='grc' dir='ltr'>πειρασθῶμεν,</span> <span class='ocrx_word' id='word_1_54' title='bbox 1559 926 1717 980; x_wconf 83' lang='grc' dir='ltr'>τοῦτο</span> 
     </span>
    </p>
   </div>
   <div class='ocr_carea' id='block_1_10' title="bbox 150 1019 1715 1093">
    <p class='ocr_par' dir='ltr' id='par_1_10' title="bbox 150 1019 1715 1093">
     <span class='ocr_line' id='line_1_10' title="bbox 150 1019 1715 1093; baseline 0.001 -20"><span class='ocrx_word' id='word_1_55' title='bbox 150 1023 243 1091; x_wconf 75' lang='grc' dir='ltr'>γὰρ</span> <span class='ocrx_word' id='word_1_56' title='bbox 273 1019 556 1081; x_wconf 83' lang='grc' dir='ltr'>ἀδύνατον,</span> <span class='ocrx_word' id='word_1_57' title='bbox 590 1019 703 1073; x_wconf 84' lang='grc' dir='ltr'>ἀλλ’</span> <span class='ocrx_word' id='word_1_58' title='bbox 740 1021 827 1075; x_wconf 83' lang='grc' dir='ltr'><strong>ἵνα</strong></span> <span class='ocrx_word' id='word_1_59' title='bbox 864 1021 939 1091; x_wconf 86' lang='grc' dir='ltr'><strong>μὴ</strong></span> <span class='ocrx_word' id='word_1_60' title='bbox 967 1022 1071 1074; x_wconf 81' lang='grc' dir='ltr'>ὑπὸ</span> <span class='ocrx_word' id='word_1_61' title='bbox 1103 1021 1195 1074; x_wconf 80' lang='grc' dir='ltr'>τοῦ</span> <span class='ocrx_word' id='word_1_62' title='bbox 1222 1020 1715 1093; x_wconf 37' lang='grc' dir='ltr'>πειρασμοῦλπερι-</span> 
     </span>
    </p>
   </div>
   <div class='ocr_carea' id='block_1_11' title="bbox 149 1109 1715 1182">
    <p class='ocr_par' dir='ltr' id='par_1_11' title="bbox 149 1109 1715 1182">
     <span class='ocr_line' id='line_1_11' title="bbox 149 1109 1715 1182; baseline 0.001 -19"><span class='ocrx_word' id='word_1_63' title='bbox 149 1109 431 1180; x_wconf 70' lang='grc' dir='ltr'>σληθῶμεν·</span> <span class='ocrx_word' id='word_1_64' title='bbox 451 1111 594 1181; x_wconf 80' lang='grc' dir='ltr'>ὅπερ</span> <span class='ocrx_word' id='word_1_65' title='bbox 618 1111 917 1181; x_wconf 77' lang='grc' dir='ltr'>πάσχουσιν</span> <span class='ocrx_word' id='word_1_66' title='bbox 946 1113 996 1164; x_wconf 89' lang='grc' dir='ltr'>οἱ</span> <span class='ocrx_word' id='word_1_67' title='bbox 1016 1112 1320 1182; x_wconf 82' lang='grc' dir='ltr'>ἐνεχόμενοι</span> <span class='ocrx_word' id='word_1_68' title='bbox 1343 1112 1490 1182; x_wconf 65' lang='grc' dir='ltr'>αἰρτῷ</span> <span class='ocrx_word' id='word_1_69' title='bbox 1520 1114 1613 1166; x_wconf 74' lang='grc' dir='ltr'>καὶ</span> <span class='ocrx_word' id='word_1_70' title='bbox 1630 1130 1715 1165; x_wconf 88' lang='grc' dir='ltr'>νε-</span> 
     </span>
    </p>
   </div>
   <div class='ocr_carea' id='block_1_12' title="bbox 148 1195 1712 1271">
    <p class='ocr_par' dir='ltr' id='par_1_12' title="bbox 148 1195 1712 1271">
     <span class='ocr_line' id='line_1_12' title="bbox 148 1195 1712 1271; baseline 0.003 -19"><span class='ocrx_word' id='word_1_71' title='bbox 148 1197 422 1268; x_wconf 77' lang='grc' dir='ltr'>νικημένοι.</span> <span class='ocrx_word' id='word_1_72' title='bbox 442 1198 600 1251; x_wconf 70' lang='grc' dir='ltr'>Ἐπεὶ</span> <span class='ocrx_word' id='word_1_73' title='bbox 623 1195 715 1252; x_wconf 79' lang='grc' dir='ltr'><strong>οὖν</strong></span> <span class='ocrx_word' id='word_1_74' title='bbox 731 1199 834 1265; x_wconf 79' lang='grc' dir='ltr'><strong>ἔξω</strong></span> <span class='ocrx_word' id='word_1_75' title='bbox 855 1200 954 1270; x_wconf 87' lang='grc' dir='ltr'><strong>μὲν</strong></span> <span class='ocrx_word' id='word_1_76' title='bbox 972 1200 1068 1269; x_wconf 81' lang='grc' dir='ltr'>τῆς</span> <span class='ocrx_word' id='word_1_77' title='bbox 1093 1201 1256 1270; x_wconf 78' lang='grc' dir='ltr'>εὐχῆς</span> <span class='ocrx_word' id='word_1_78' title='bbox 1272 1202 1577 1271; x_wconf 85' lang='grc' dir='ltr'>γέγραπται</span> <span class='ocrx_word' id='word_1_79' title='bbox 1616 1206 1670 1256; x_wconf 84' lang='grc' dir='ltr'><em>Μ</em></span> <span class='ocrx_word' id='word_1_80' title='bbox 1676 1202 1712 1269; x_wconf 75' lang='grc' dir='ltr'><em>ἡ</em></span> 
     </span>
    </p>
   </div>
   <div class='ocr_carea' id='block_1_13' title="bbox 146 1291 1713 1364">
    <p class='ocr_par' dir='ltr' id='par_1_13' title="bbox 146 1291 1713 1364">
     <span class='ocr_line' id='line_1_13' title="bbox 146 1291 1713 1364; baseline 0.004 -21"><span class='ocrx_word' id='word_1_81' title='bbox 146 1291 420 1343; x_wconf 68' lang='grc' dir='ltr'>εἰσελθεῖν</span> <span class='ocrx_word' id='word_1_82' title='bbox 436 1291 575 1359; x_wconf 71' lang='lat'><strong>(93&#39;)</strong></span> <span class='ocrx_word' id='word_1_83' title='bbox 591 1294 678 1357; x_wconf 84' lang='grc' dir='ltr'><strong>εἰς</strong></span> <span class='ocrx_word' id='word_1_84' title='bbox 695 1292 1044 1361; x_wconf 77' lang='grc' dir='ltr'>πειρασμὸν,</span> <span class='ocrx_word' id='word_1_85' title='bbox 1063 1293 1197 1363; x_wconf 82' lang='grc' dir='ltr'>ὅπερ</span> <span class='ocrx_word' id='word_1_86' title='bbox 1210 1294 1273 1345; x_wconf 85' lang='grc' dir='ltr'>ὲκ</span> <span class='ocrx_word' id='word_1_87' title='bbox 1288 1292 1393 1345; x_wconf 82' lang='grc' dir='ltr'><strong>τῶν</strong></span> <span class='ocrx_word' id='word_1_88' title='bbox 1411 1295 1713 1364; x_wconf 78' lang='grc' dir='ltr'>εἰρημένων</span> 
     </span>
    </p>
   </div>
   <div class='ocr_carea' id='block_1_14' title="bbox 146 1378 1715 1457">
    <p class='ocr_par' dir='ltr' id='par_1_14' title="bbox 146 1378 1715 1457">
     <span class='ocr_line' id='line_1_14' title="bbox 146 1378 1715 1457; baseline 0.003 -22"><span class='ocrx_word' id='word_1_89' title='bbox 146 1381 341 1435; x_wconf 77' lang='grc' dir='ltr'>δύναταί</span> <span class='ocrx_word' id='word_1_90' title='bbox 374 1399 495 1444; x_wconf 87' lang='grc' dir='ltr'><strong>πως</strong></span> <span class='ocrx_word' id='word_1_91' title='bbox 525 1378 667 1436; x_wconf 77' lang='grc' dir='ltr'>εἶναι</span> <span class='ocrx_word' id='word_1_92' title='bbox 696 1385 883 1452; x_wconf 78' lang='grc' dir='ltr'>σαφὲς,</span> <span class='ocrx_word' id='word_1_93' title='bbox 922 1387 979 1436; x_wconf 81' lang='grc' dir='ltr'><strong>ἐν</strong></span> <span class='ocrx_word' id='word_1_94' title='bbox 1013 1384 1069 1437; x_wconf 81' lang='grc' dir='ltr'><strong>δὲ</strong></span> <span class='ocrx_word' id='word_1_95' title='bbox 1099 1388 1163 1456; x_wconf 82' lang='grc' dir='ltr'>τῇ</span> <span class='ocrx_word' id='word_1_96' title='bbox 1195 1388 1326 1457; x_wconf 79' lang='grc' dir='ltr'>εὐχῇ</span> <span class='ocrx_word' id='word_1_97' title='bbox 1356 1386 1531 1455; x_wconf 86' lang='grc' dir='ltr'>λέγειν</span> <span class='ocrx_word' id='word_1_98' title='bbox 1568 1388 1715 1457; x_wconf 80' lang='grc' dir='ltr'>ἡμᾶς</span> 
     </span>
    </p>
   </div>
   <div class='ocr_carea' id='block_1_15' title="bbox 144 1472 1714 1549">
    <p class='ocr_par' dir='ltr' id='par_1_15' title="bbox 144 1472 1714 1549">
     <span class='ocr_line' id='line_1_15' title="bbox 144 1472 1714 1549; baseline 0.004 -24"><span class='ocrx_word' id='word_1_99' title='bbox 144 1474 227 1537; x_wconf 81' lang='grc' dir='ltr'>δεῖ,</span> <span class='ocrx_word' id='word_1_100' title='bbox 258 1472 351 1539; x_wconf 75' lang='grc' dir='ltr'><strong>Μὴ</strong></span> <span class='ocrx_word' id='word_1_101' title='bbox 380 1475 740 1544; x_wconf 75' lang='grc' dir='ltr'>εἰσενέγκῃς</span> <span class='ocrx_word' id='word_1_102' title='bbox 760 1474 917 1545; x_wconf 80' lang='grc' dir='ltr'><strong>ἡμᾶς</strong></span> <span class='ocrx_word' id='word_1_103' title='bbox 938 1480 1027 1542; x_wconf 80' lang='grc' dir='ltr'><strong>εὶς</strong></span> <span class='ocrx_word' id='word_1_104' title='bbox 1053 1478 1406 1547; x_wconf 79' lang='grc' dir='ltr'>πειρασμὸν,</span> <span class='ocrx_word' id='word_1_105' title='bbox 1439 1479 1516 1549; x_wconf 85' lang='grc' dir='ltr'>τῷ</span> <span class='ocrx_word' id='word_1_106' title='bbox 1541 1478 1714 1549; x_wconf 80' lang='grc' dir='ltr'>Πατρὶ</span> 
     </span>
    </p>
   </div>
   <div class='ocr_carea' id='block_1_16' title="bbox 145 1562 1714 1641">
    <p class='ocr_par' dir='ltr' id='par_1_16' title="bbox 145 1562 1714 1641">
     <span class='ocr_line' id='line_1_16' title="bbox 145 1562 1714 1641; baseline 0.006 -25"><span class='ocrx_word' id='word_1_107' title='bbox 145 1562 244 1635; x_wconf 84' lang='grc' dir='ltr'>Θεῷ</span> <span class='ocrx_word' id='word_1_108' title='bbox 262 1582 273 1592; x_wconf 93' lang='grc'><strong>·</strong></span> <span class='ocrx_word' id='word_1_109' title='bbox 298 1564 446 1631; x_wconf 72' lang='grc' dir='ltr'>ἄξιον</span> <span class='ocrx_word' id='word_1_110' title='bbox 477 1565 609 1618; x_wconf 84' lang='grc' dir='ltr'>ἰδεῖν</span> <span class='ocrx_word' id='word_1_111' title='bbox 638 1569 753 1630; x_wconf 84' lang='grc' dir='ltr'><strong>πῶς</strong></span> <span class='ocrx_word' id='word_1_112' title='bbox 780 1569 884 1639; x_wconf 82' lang='grc' dir='ltr'>χρὴ</span> <span class='ocrx_word' id='word_1_113' title='bbox 910 1572 1049 1622; x_wconf 84' lang='grc' dir='ltr'>νοεῖν</span> <span class='ocrx_word' id='word_1_114' title='bbox 1079 1570 1169 1624; x_wconf 88' lang='grc' dir='ltr'><strong>τὸν</strong></span> <span class='ocrx_word' id='word_1_115' title='bbox 1202 1571 1335 1623; x_wconf 82' lang='grc' dir='ltr'>Θεὸν</span> <span class='ocrx_word' id='word_1_116' title='bbox 1357 1573 1593 1641; x_wconf 74' lang='grc' dir='ltr'>εἰσάγειν</span> <span class='ocrx_word' id='word_1_117' title='bbox 1624 1574 1714 1626; x_wconf 84' lang='grc' dir='ltr'><strong>τὸν</strong></span> 
     </span>
    </p>
   </div>
   <div class='ocr_carea' id='block_1_17' title="bbox 147 1654 1714 1733">
    <p class='ocr_par' dir='ltr' id='par_1_17' title="bbox 147 1654 1714 1733">
     <span class='ocr_line' id='line_1_17' title="bbox 147 1654 1714 1733; baseline 0.006 -28"><span class='ocrx_word' id='word_1_118' title='bbox 147 1654 208 1725; x_wconf 78' lang='grc' dir='ltr'>μὴ</span> <span class='ocrx_word' id='word_1_119' title='bbox 230 1654 542 1723; x_wconf 78' lang='grc' dir='ltr'>εὐξάμενον,</span> <span class='ocrx_word' id='word_1_120' title='bbox 580 1655 612 1725; x_wconf 84' lang='grc' dir='ltr'>ἦ</span> <span class='ocrx_word' id='word_1_121' title='bbox 643 1656 733 1709; x_wconf 91' lang='grc' dir='ltr'><strong>τὸν</strong></span> <span class='ocrx_word' id='word_1_122' title='bbox 760 1657 833 1727; x_wconf 78' lang='grc' dir='ltr'>μὴ</span> <span class='ocrx_word' id='word_1_123' title='bbox 854 1658 1255 1730; x_wconf 82' lang='grc' dir='ltr'>ὲπακουόμενον</span> <span class='ocrx_word' id='word_1_124' title='bbox 1284 1663 1362 1724; x_wconf 87' lang='grc' dir='ltr'><strong>εἰς</strong></span> <span class='ocrx_word' id='word_1_125' title='bbox 1393 1662 1483 1714; x_wconf 89' lang='grc' dir='ltr'><strong>τὸν</strong></span> <span class='ocrx_word' id='word_1_126' title='bbox 1523 1680 1714 1733; x_wconf 76' lang='grc' dir='ltr'>πειραο</span> 
     </span>
    </p>
   </div>
   <div class='ocr_carea' id='block_1_18' title="bbox 146 1746 1712 1823">
    <p class='ocr_par' dir='ltr' id='par_1_18' title="bbox 146 1746 1712 1823">
     <span class='ocr_line' id='line_1_18' title="bbox 146 1746 1712 1823; baseline 0.006 -26"><span class='ocrx_word' id='word_1_127' title='bbox 146 1746 276 1817; x_wconf 80' lang='grc' dir='ltr'>σμόν.</span> <span class='ocrx_word' id='word_1_128' title='bbox 316 1748 682 1817; x_wconf 58' lang='grc' dir='ltr'>’Δπεμφαίνει</span> <span class='ocrx_word' id='word_1_129' title='bbox 710 1748 841 1820; x_wconf 81' lang='grc' dir='ltr'>γὰρ,</span> <span class='ocrx_word' id='word_1_130' title='bbox 873 1748 965 1802; x_wconf 79' lang='grc' dir='ltr'>τοῦ</span> <span class='ocrx_word' id='word_1_131' title='bbox 998 1752 1298 1821; x_wconf 74' lang='grc' dir='ltr'>νικωμένου</span> <span class='ocrx_word' id='word_1_132' title='bbox 1332 1754 1712 1823; x_wconf 80' lang='grc' dir='ltr'>εἰσερχομένου</span> 
     </span>
    </p>
   </div>
   <div class='ocr_carea' id='block_1_19' title="bbox 145 1836 1713 1911">
    <p class='ocr_par' dir='ltr' id='par_1_19' title="bbox 145 1836 1713 1911">
     <span class='ocr_line' id='line_1_19' title="bbox 145 1836 1713 1911; baseline 0.008 -25"><span class='ocrx_word' id='word_1_133' title='bbox 145 1838 209 1898; x_wconf 81' lang='grc' dir='ltr'><strong>εἰς</strong></span> <span class='ocrx_word' id='word_1_134' title='bbox 226 1836 308 1888; x_wconf 86' lang='grc' dir='ltr'><strong>τὸν</strong></span> <span class='ocrx_word' id='word_1_135' title='bbox 331 1838 663 1909; x_wconf 69' lang='grc' dir='ltr'>πειρασμὸν,</span> <span class='ocrx_word' id='word_1_136' title='bbox 683 1838 775 1892; x_wconf 86' lang='grc' dir='ltr'><strong>τὸν</strong></span> <span class='ocrx_word' id='word_1_137' title='bbox 794 1840 924 1893; x_wconf 89' lang='grc' dir='ltr'>Θεὸν</span> <span class='ocrx_word' id='word_1_138' title='bbox 960 1842 1197 1911; x_wconf 75' lang='grc' dir='ltr'>νομίζειν</span> <span class='ocrx_word' id='word_1_139' title='bbox 1226 1843 1464 1911; x_wconf 84' lang='grc' dir='ltr'>εἰσάγειν</span> <span class='ocrx_word' id='word_1_140' title='bbox 1486 1845 1605 1897; x_wconf 79' lang='grc' dir='ltr'>τινὰ</span> <span class='ocrx_word' id='word_1_141' title='bbox 1635 1848 1713 1908; x_wconf 82' lang='grc' dir='ltr'><strong>είς</strong></span> 
     </span>
    </p>
   </div>
   <div class='ocr_carea' id='block_1_20' title="bbox 1820 651 3390 726">
    <p class='ocr_par' dir='ltr' id='par_1_20' title="bbox 1820 651 3390 726">
     <span class='ocr_line' id='line_1_20' title="bbox 1820 651 3390 726; baseline 0.007 -25"><span class='ocrx_word' id='word_1_142' title='bbox 1820 651 2002 705; x_wconf 83' lang='lat' dir='ltr'><strong>videre</strong></span> <span class='ocrx_word' id='word_1_143' title='bbox 2040 652 2313 719; x_wconf 86' lang='lat' dir='ltr'><strong>quomodo</strong></span> <span class='ocrx_word' id='word_1_144' title='bbox 2367 651 2752 721; x_wconf 86' lang='lat' dir='ltr'><strong>intelligendus</strong></span> <span class='ocrx_word' id='word_1_145' title='bbox 2800 654 2873 709; x_wconf 87' lang='lat' dir='ltr'><strong>sit</strong></span> <span class='ocrx_word' id='word_1_146' title='bbox 2919 654 3060 710; x_wconf 86' lang='lat' dir='ltr'><strong>Deus</strong></span> <span class='ocrx_word' id='word_1_147' title='bbox 3102 656 3251 712; x_wconf 88' lang='lat' dir='ltr'><strong>illum</strong></span> <span class='ocrx_word' id='word_1_148' title='bbox 3298 660 3390 726; x_wconf 85' lang='lat' dir='ltr'><strong>qui</strong></span> 
     </span>
    </p>
   </div>
   <div class='ocr_carea' id='block_1_21' title="bbox 1818 745 3392 811">
    <p class='ocr_par' dir='ltr' id='par_1_21' title="bbox 1818 745 3392 811">
     <span class='ocr_line' id='line_1_21' title="bbox 1818 745 3392 811; baseline 0.004 -15"><span class='ocrx_word' id='word_1_149' title='bbox 1818 758 1923 797; x_wconf 91' lang='lat' dir='ltr'><strong>non</strong></span> <span class='ocrx_word' id='word_1_150' title='bbox 1965 753 2105 807; x_wconf 90' lang='lat' dir='ltr'><strong>orat,</strong></span> <span class='ocrx_word' id='word_1_151' title='bbox 2146 752 2382 796; x_wconf 87' lang='lat' dir='ltr'><strong>autcum</strong></span> <span class='ocrx_word' id='word_1_152' title='bbox 2424 745 2515 811; x_wconf 90' lang='lat' dir='ltr'><strong>qui</strong></span> <span class='ocrx_word' id='word_1_153' title='bbox 2553 761 2657 798; x_wconf 92' lang='lat' dir='ltr'><strong>non</strong></span> <span class='ocrx_word' id='word_1_154' title='bbox 2701 746 3012 811; x_wconf 77' lang='lat' dir='ltr'><strong>exauditur,</strong></span> <span class='ocrx_word' id='word_1_155' title='bbox 3046 747 3098 801; x_wconf 90' lang='lat' dir='ltr'><strong>in</strong></span> <span class='ocrx_word' id='word_1_156' title='bbox 3143 750 3392 803; x_wconf 90' lang='lat' dir='ltr'><strong>tentatio-</strong></span> 
     </span>
    </p>
   </div>
   <div class='ocr_carea' id='block_1_22' title="bbox 1818 834 3391 909">
    <p class='ocr_par' dir='ltr' id='par_1_22' title="bbox 1818 834 3391 909">
     <span class='ocr_line' id='line_1_22' title="bbox 1818 834 3391 909; baseline 0.004 -22"><span class='ocrx_word' id='word_1_157' title='bbox 1818 851 1939 889; x_wconf 89' lang='lat' dir='ltr'><strong>nem</strong></span> <span class='ocrx_word' id='word_1_158' title='bbox 1971 834 2248 889; x_wconf 86' lang='lat' dir='ltr'><strong>inducere.</strong></span> <span class='ocrx_word' id='word_1_159' title='bbox 2286 834 2765 904; x_wconf 78' lang='lat' dir='ltr'><strong>Repugnatenim,</strong></span> <span class='ocrx_word' id='word_1_160' title='bbox 2791 852 2915 891; x_wconf 89' lang='lat' dir='ltr'><strong>cum</strong></span> <span class='ocrx_word' id='word_1_161' title='bbox 2950 839 2994 893; x_wconf 88' lang='lat' dir='ltr'><strong>is</strong></span> <span class='ocrx_word' id='word_1_162' title='bbox 3026 839 3119 909; x_wconf 92' lang='lat' dir='ltr'><strong>qui</strong></span> <span class='ocrx_word' id='word_1_163' title='bbox 3154 840 3391 894; x_wconf 87' lang='lat' dir='ltr'><strong>vincitur</strong></span> 
     </span>
    </p>
   </div>
   <div class='ocr_carea' id='block_1_23' title="bbox 1816 924 3387 994">
    <p class='ocr_par' dir='ltr' id='par_1_23' title="bbox 1816 924 3387 994">
     <span class='ocr_line' id='line_1_23' title="bbox 1816 924 3387 994; baseline 0.004 -16"><span class='ocrx_word' id='word_1_164' title='bbox 1816 924 1982 978; x_wconf 89' lang='lat' dir='ltr'><strong>intret</strong></span> <span class='ocrx_word' id='word_1_165' title='bbox 2011 924 2064 977; x_wconf 89' lang='lat' dir='ltr'><strong>in</strong></span> <span class='ocrx_word' id='word_1_166' title='bbox 2100 925 2475 989; x_wconf 87' lang='lat' dir='ltr'><strong>tentationem,</strong></span> <span class='ocrx_word' id='word_1_167' title='bbox 2518 926 2684 978; x_wconf 87' lang='lat' dir='ltr'><strong>Deum</strong></span> <span class='ocrx_word' id='word_1_168' title='bbox 2713 937 2905 994; x_wconf 85' lang='lat' dir='ltr'><strong>putare</strong></span> <span class='ocrx_word' id='word_1_169' title='bbox 2943 930 2995 982; x_wconf 88' lang='lat' dir='ltr'><strong>in</strong></span> <span class='ocrx_word' id='word_1_170' title='bbox 3038 932 3387 985; x_wconf 83' lang='lat' dir='ltr'><strong>tentationem</strong></span> 
     </span>
    </p>
   </div>
   <div class='ocr_carea' id='block_1_24' title="bbox 1817 1016 3385 1089">
    <p class='ocr_par' dir='ltr' id='par_1_24' title="bbox 1817 1016 3385 1089">
     <span class='ocr_line' id='line_1_24' title="bbox 1817 1016 3385 1089; baseline 0.006 -21"><span class='ocrx_word' id='word_1_171' title='bbox 1817 1016 2075 1071; x_wconf 82' lang='lat' dir='ltr'><strong>inducere</strong></span> <span class='ocrx_word' id='word_1_172' title='bbox 2098 1032 2447 1085; x_wconf 76' lang='lat' dir='ltr'><strong>quemquam,</strong></span> <span class='ocrx_word' id='word_1_173' title='bbox 2474 1019 2627 1085; x_wconf 88' lang='lat' dir='ltr'><strong>quasi</strong></span> <span class='ocrx_word' id='word_1_174' title='bbox 2655 1028 2710 1071; x_wconf 87' lang='lat' dir='ltr'><strong>ut</strong></span> <span class='ocrx_word' id='word_1_175' title='bbox 2735 1020 2983 1077; x_wconf 86' lang='lat' dir='ltr'><strong>vincatur</strong></span> <span class='ocrx_word' id='word_1_176' title='bbox 3008 1023 3152 1077; x_wconf 89' lang='lat' dir='ltr'><strong>illum</strong></span> <span class='ocrx_word' id='word_1_177' title='bbox 3178 1026 3385 1089; x_wconf 78' lang='lat' dir='ltr'><strong>tradat;</strong></span> 
     </span>
    </p>
   </div>
   <div class='ocr_carea' id='block_1_25' title="bbox 1815 1108 3388 1181">
    <p class='ocr_par' dir='ltr' id='par_1_25' title="bbox 1815 1108 3388 1181">
     <span class='ocr_line' id='line_1_25' title="bbox 1815 1108 3388 1181; baseline 0.005 -19"><span class='ocrx_word' id='word_1_178' title='bbox 1815 1108 2117 1177; x_wconf 88' lang='lat' dir='ltr'><strong>eademque</strong></span> <span class='ocrx_word' id='word_1_179' title='bbox 2147 1108 2501 1177; x_wconf 82' lang='lat' dir='ltr'><strong>repugnantia</strong></span> <span class='ocrx_word' id='word_1_180' title='bbox 2536 1111 2776 1163; x_wconf 79' lang='lat' dir='ltr'><strong>occurrit</strong></span> <span class='ocrx_word' id='word_1_181' title='bbox 2802 1112 2849 1164; x_wconf 93' lang='lat' dir='ltr'><strong>ei</strong></span> <span class='ocrx_word' id='word_1_182' title='bbox 2884 1113 2975 1181; x_wconf 89' lang='lat' dir='ltr'><strong>qui</strong></span> <span class='ocrx_word' id='word_1_183' title='bbox 3002 1115 3190 1181; x_wconf 80' lang='lat' dir='ltr'><strong>quovis</strong></span> <span class='ocrx_word' id='word_1_184' title='bbox 3226 1117 3388 1170; x_wconf 89' lang='lat' dir='ltr'><strong>modo</strong></span> 
     </span>
    </p>
   </div>
   <div class='ocr_carea' id='block_1_26' title="bbox 1814 1199 3391 1268">
    <p class='ocr_par' dir='ltr' id='par_1_26' title="bbox 1814 1199 3391 1268">
     <span class='ocr_line' id='line_1_26' title="bbox 1814 1199 3391 1268; baseline 0.003 -14"><span class='ocrx_word' id='word_1_185' title='bbox 1814 1200 2130 1268; x_wconf 82' lang='lat' dir='ltr'><strong>exposuerit</strong></span> <span class='ocrx_word' id='word_1_186' title='bbox 2176 1199 2304 1252; x_wconf 90' lang='lat' dir='ltr'><strong>illud</strong></span> <span class='ocrx_word' id='word_1_187' title='bbox 2331 1222 2342 1254; x_wconf 87' lang='lat'><strong>:</strong></span> <span class='ocrx_word' id='word_1_188' title='bbox 2373 1200 2556 1263; x_wconf 86' lang='lat' dir='ltr'><strong>Orate,</strong></span> <span class='ocrx_word' id='word_1_189' title='bbox 2589 1211 2642 1251; x_wconf 89' lang='lat' dir='ltr'><strong>ut</strong></span> <span class='ocrx_word' id='word_1_190' title='bbox 2676 1217 2778 1255; x_wconf 89' lang='lat' dir='ltr'><strong>non</strong></span> <span class='ocrx_word' id='word_1_191' title='bbox 2826 1204 3025 1257; x_wconf 73' lang='lat' dir='ltr'><strong>intretis</strong></span> <span class='ocrx_word' id='word_1_192' title='bbox 3060 1207 3113 1258; x_wconf 93' lang='lat' dir='ltr'><strong>in</strong></span> <span class='ocrx_word' id='word_1_193' title='bbox 3144 1210 3391 1259; x_wconf 84' lang='lat' dir='ltr'><strong>tentatio-</strong></span> 
     </span>
    </p>
   </div>
   <div class='ocr_carea' id='block_1_27' title="bbox 1816 1290 3386 1362">
    <p class='ocr_par' dir='ltr' id='par_1_27' title="bbox 1816 1290 3386 1362">
     <span class='ocr_line' id='line_1_27' title="bbox 1816 1290 3386 1362; baseline 0.001 -17"><span class='ocrx_word' id='word_1_194' title='bbox 1816 1308 1950 1345; x_wconf 89' lang='lat' dir='ltr'><strong>nem.</strong></span> <span class='ocrx_word' id='word_1_195' title='bbox 1996 1290 2052 1345; x_wconf 90' lang='lat' dir='ltr'><strong>Si</strong></span> <span class='ocrx_word' id='word_1_196' title='bbox 2088 1291 2234 1344; x_wconf 88' lang='lat' dir='ltr'><strong>enim</strong></span> <span class='ocrx_word' id='word_1_197' title='bbox 2275 1290 2327 1342; x_wconf 92' lang='lat' dir='ltr'><strong>in</strong></span> <span class='ocrx_word' id='word_1_198' title='bbox 2372 1291 2725 1344; x_wconf 84' lang='lat' dir='ltr'><strong>tentationem</strong></span> <span class='ocrx_word' id='word_1_199' title='bbox 2772 1292 3009 1347; x_wconf 78' lang='lat' dir='ltr'><strong>incidere</strong></span> <span class='ocrx_word' id='word_1_200' title='bbox 3042 1294 3237 1349; x_wconf 88' lang='lat' dir='ltr'><strong>malum</strong></span> <span class='ocrx_word' id='word_1_201' title='bbox 3282 1309 3386 1362; x_wconf 89' lang='lat' dir='ltr'><strong>est,</strong></span> 
     </span>
    </p>
   </div>
   <div class='ocr_carea' id='block_1_28' title="bbox 1815 1382 3386 1453">
    <p class='ocr_par' dir='ltr' id='par_1_28' title="bbox 1815 1382 3386 1453">
     <span class='ocr_line' id='line_1_28' title="bbox 1815 1382 3386 1453; baseline 0.004 -19"><span class='ocrx_word' id='word_1_202' title='bbox 1815 1382 1957 1451; x_wconf 92' lang='lat' dir='ltr'><strong>quod</strong></span> <span class='ocrx_word' id='word_1_203' title='bbox 2014 1382 2167 1437; x_wconf 87' lang='lat' dir='ltr'><strong>nobis</strong></span> <span class='ocrx_word' id='word_1_204' title='bbox 2224 1398 2292 1435; x_wconf 87' lang='lat' dir='ltr'><strong>ne</strong></span> <span class='ocrx_word' id='word_1_205' title='bbox 2345 1382 2623 1449; x_wconf 84' lang='lat' dir='ltr'><strong>contingat</strong></span> <span class='ocrx_word' id='word_1_206' title='bbox 2656 1398 2910 1447; x_wconf 83' lang='lat' dir='ltr'><strong>oramus,</strong></span> <span class='ocrx_word' id='word_1_207' title='bbox 2960 1390 3229 1453; x_wconf 89' lang='lat' dir='ltr'><strong>quomodo</strong></span> <span class='ocrx_word' id='word_1_208' title='bbox 3282 1405 3386 1442; x_wconf 87' lang='lat' dir='ltr'><strong>non</strong></span> 
     </span>
    </p>
   </div>
   <div class='ocr_carea' id='block_1_29' title="bbox 1816 1472 3390 1545">
    <p class='ocr_par' dir='ltr' id='par_1_29' title="bbox 1816 1472 3390 1545">
     <span class='ocr_line' id='line_1_29' title="bbox 1816 1472 3390 1545; baseline 0.003 -18"><span class='ocrx_word' id='word_1_209' title='bbox 1816 1473 2109 1527; x_wconf 70' lang='lat' dir='ltr'><strong>absurdum</strong></span> <span class='ocrx_word' id='word_1_210' title='bbox 2142 1482 2225 1526; x_wconf 87' lang='lat' dir='ltr'><strong>est</strong></span> <span class='ocrx_word' id='word_1_211' title='bbox 2269 1481 2463 1540; x_wconf 83' lang='lat' dir='ltr'><strong>putare</strong></span> <span class='ocrx_word' id='word_1_212' title='bbox 2495 1472 2689 1525; x_wconf 88' lang='lat' dir='ltr'><strong>bonum</strong></span> <span class='ocrx_word' id='word_1_213' title='bbox 2733 1475 2898 1528; x_wconf 88' lang='lat' dir='ltr'><strong>Deum</strong></span> <span class='ocrx_word' id='word_1_214' title='bbox 2935 1476 3025 1545; x_wconf 90' lang='lat' dir='ltr'><strong>qui</strong></span> <span class='ocrx_word' id='word_1_215' title='bbox 3052 1477 3217 1531; x_wconf 87' lang='lat' dir='ltr'><strong>malos</strong></span> <span class='ocrx_word' id='word_1_216' title='bbox 3246 1478 3390 1532; x_wconf 82' lang='lat' dir='ltr'><strong>ferre</strong></span> 
     </span>
    </p>
   </div>
   <div class='ocr_carea' id='block_1_30' title="bbox 1818 1563 3390 1632">
    <p class='ocr_par' dir='ltr' id='par_1_30' title="bbox 1818 1563 3390 1632">
     <span class='ocr_line' id='line_1_30' title="bbox 1818 1563 3390 1632; baseline 0.004 -16"><span class='ocrx_word' id='word_1_217' title='bbox 1818 1563 2028 1617; x_wconf 74' lang='lat' dir='ltr'><strong>fructus</strong></span> <span class='ocrx_word' id='word_1_218' title='bbox 2059 1580 2164 1616; x_wconf 90' lang='lat' dir='ltr'><strong>non</strong></span> <span class='ocrx_word' id='word_1_219' title='bbox 2192 1573 2316 1632; x_wconf 86' lang='lat' dir='ltr'><strong>pote</strong></span> <span class='ocrx_word' id='word_1_220' title='bbox 2353 1574 2394 1629; x_wconf 90' lang='lat' dir='ltr'><strong>t,</strong></span> <span class='ocrx_word' id='word_1_221' title='bbox 2428 1564 2581 1617; x_wconf 84' lang='lat' dir='ltr'><strong>malis</strong></span> <span class='ocrx_word' id='word_1_222' title='bbox 2611 1564 2845 1631; x_wconf 86' lang='lat' dir='ltr'><strong>aliquem</strong></span> <span class='ocrx_word' id='word_1_223' title='bbox 2868 1564 3137 1631; x_wconf 75' lang='lat' dir='ltr'><strong>obiicere?</strong></span> <span class='ocrx_word' id='word_1_224' title='bbox 3163 1567 3241 1620; x_wconf 82' lang='lat' dir='ltr'><strong>Ad</strong></span> <span class='ocrx_word' id='word_1_225' title='bbox 3277 1568 3390 1622; x_wconf 74' lang='lat' dir='ltr'><strong>lucc</strong></span> 
     </span>
    </p>
   </div>
   <div class='ocr_carea' id='block_1_31' title="bbox 1820 1656 3390 1728">
    <p class='ocr_par' dir='ltr' id='par_1_31' title="bbox 1820 1656 3390 1728">
     <span class='ocr_line' id='line_1_31' title="bbox 1820 1656 3390 1728; baseline 0.001 -19"><span class='ocrx_word' id='word_1_226' title='bbox 1820 1659 1980 1725; x_wconf 81' lang='lat' dir='ltr'><strong>igitur</strong></span> <span class='ocrx_word' id='word_1_227' title='bbox 2010 1656 2138 1711; x_wconf 68' lang='lat' dir='ltr'><strong>utile</strong></span> <span class='ocrx_word' id='word_1_228' title='bbox 2172 1658 2273 1711; x_wconf 89' lang='lat' dir='ltr'><strong>erit</strong></span> <span class='ocrx_word' id='word_1_229' title='bbox 2301 1675 2572 1727; x_wconf 82' lang='lat' dir='ltr'><strong>apponere</strong></span> <span class='ocrx_word' id='word_1_230' title='bbox 2602 1672 2719 1728; x_wconf 67' lang='lat' dir='ltr'><strong>quae</strong></span> <span class='ocrx_word' id='word_1_231' title='bbox 2751 1658 2803 1711; x_wconf 89' lang='lat' dir='ltr'><strong>in</strong></span> <span class='ocrx_word' id='word_1_232' title='bbox 2839 1658 3073 1725; x_wconf 74' lang='lat' dir='ltr'><strong>Epistula</strong></span> <span class='ocrx_word' id='word_1_233' title='bbox 3108 1662 3169 1712; x_wconf 88' lang='lat' dir='ltr'><strong>ad</strong></span> <span class='ocrx_word' id='word_1_234' title='bbox 3194 1660 3390 1713; x_wconf 70' lang='lat' dir='ltr'><strong>[lunia-</strong></span> 
     </span>
    </p>
   </div>
   <div class='ocr_carea' id='block_1_32' title="bbox 1818 1748 3388 1805">
    <p class='ocr_par' dir='ltr' id='par_1_32' title="bbox 1818 1748 3388 1805">
     <span class='ocr_line' id='line_1_32' title="bbox 1818 1748 3388 1805; baseline 0.003 -4"><span class='ocrx_word' id='word_1_235' title='bbox 1818 1765 1916 1802; x_wconf 87' lang='lat' dir='ltr'><strong>nos</strong></span> <span class='ocrx_word' id='word_1_236' title='bbox 1950 1765 1978 1801; x_wconf 90' lang='lat' dir='ltr'><strong>a</strong></span> <span class='ocrx_word' id='word_1_237' title='bbox 2022 1748 2187 1802; x_wconf 81' lang='lat' dir='ltr'><strong>Paulo</strong></span> <span class='ocrx_word' id='word_1_238' title='bbox 2229 1752 2371 1803; x_wconf 84' lang='lat' dir='ltr'><strong>dicta</strong></span> <span class='ocrx_word' id='word_1_239' title='bbox 2416 1760 2541 1805; x_wconf 84' lang='lat' dir='ltr'><strong>sunt</strong></span> <span class='ocrx_word' id='word_1_240' title='bbox 2569 1751 2618 1802; x_wconf 93' lang='lat' dir='ltr'><strong>in</strong></span> <span class='ocrx_word' id='word_1_241' title='bbox 2670 1752 2812 1804; x_wconf 84' lang='lat' dir='ltr'><strong>hunc</strong></span> <span class='ocrx_word' id='word_1_242' title='bbox 2855 1750 3069 1803; x_wconf 91' lang='lat' dir='ltr'><strong>modum</strong></span> <span class='ocrx_word' id='word_1_243' title='bbox 3104 1768 3117 1803; x_wconf 92' lang='lat'><strong>:</strong></span> <span class='ocrx_word' id='word_1_244' title='bbox 3152 1749 3388 1805; x_wconf 84' lang='lat' dir='ltr'><strong>Dicentes</strong></span> 
     </span>
    </p>
   </div>
   <div class='ocr_carea' id='block_1_33' title="bbox 1816 1844 3386 1913">
    <p class='ocr_par' dir='ltr' id='par_1_33' title="bbox 1816 1844 3386 1913">
     <span class='ocr_line' id='line_1_33' title="bbox 1816 1844 3386 1913; baseline 0.001 -18"><span class='ocrx_word' id='word_1_245' title='bbox 1816 1859 1869 1895; x_wconf 84' lang='lat' dir='ltr'><strong>se</strong></span> <span class='ocrx_word' id='word_1_246' title='bbox 1909 1859 2020 1897; x_wconf 57' lang='lat' dir='ltr'><strong>esse</strong></span> <span class='ocrx_word' id='word_1_247' title='bbox 2065 1846 2343 1912; x_wconf 70' lang='lat' dir='ltr'><strong>sapientes,</strong></span> <span class='ocrx_word' id='word_1_248' title='bbox 2398 1846 2546 1898; x_wconf 89' lang='lat' dir='ltr'><strong>stulti</strong></span> <span class='ocrx_word' id='word_1_249' title='bbox 2582 1844 2709 1913; x_wconf 83' lang='lat' dir='ltr'><strong>[acti</strong></span> <span class='ocrx_word' id='word_1_250' title='bbox 2769 1855 2913 1907; x_wconf 85' lang='lat' dir='ltr'><strong>sunt,</strong></span> <span class='ocrx_word' id='word_1_251' title='bbox 2962 1855 3007 1897; x_wconf 88' lang='lat' dir='ltr'><strong>et</strong></span> <span class='ocrx_word' id='word_1_252' title='bbox 3053 1853 3386 1897; x_wconf 78' lang='lat' dir='ltr'><strong>mutaverunt</strong></span> 
     </span>
    </p>
   </div>
   <div class='ocr_carea' id='block_1_34' title="bbox 145 1919 1702 2006">
    <p class='ocr_par' dir='ltr' id='par_1_34' title="bbox 145 1929 1702 2006">
     <span class='ocr_line' id='line_1_34' title="bbox 145 1929 1702 2006; baseline 0.006 -27"><span class='ocrx_word' id='word_1_253' title='bbox 145 1929 437 1998; x_wconf 65' lang='grc' dir='ltr'>πιρασμὸν,</span> <span class='ocrx_word' id='word_1_254' title='bbox 474 1931 641 1983; x_wconf 80' lang='grc' dir='ltr'>οἱονεὶ</span> <span class='ocrx_word' id='word_1_255' title='bbox 677 1931 755 2002; x_wconf 82' lang='grc' dir='ltr'>τῷ</span> <span class='ocrx_word' id='word_1_256' title='bbox 788 1931 1041 1985; x_wconf 76' lang='grc' dir='ltr'>νικᾶσθαι</span> <span class='ocrx_word' id='word_1_257' title='bbox 1071 1934 1232 1986; x_wconf 76' lang='grc' dir='ltr'>αὑτὸν</span> <span class='ocrx_word' id='word_1_258' title='bbox 1266 1936 1593 2006; x_wconf 80' lang='grc' dir='ltr'>παραδόντα.</span> <span class='ocrx_word' id='word_1_259' title='bbox 1642 1938 1702 1989; x_wconf 87' lang='lat' dir='ltr'><strong>&#39;H</strong></span> 
     </span>
    </p>
   </div>
   <div class='ocr_carea' id='block_1_35' title="bbox 1806 1919 3386 2006">
    <p class='ocr_par' dir='ltr' id='par_1_35' title="bbox 1811 1936 3386 2004">
     <span class='ocr_line' id='line_1_35' title="bbox 1811 1936 3386 2004; baseline 0.002 -18"><span class='ocrx_word' id='word_1_260' title='bbox 1811 1936 2038 2004; x_wconf 80' lang='lat' dir='ltr'><strong>gloriam</strong></span> <span class='ocrx_word' id='word_1_261' title='bbox 2088 1938 2500 2004; x_wconf 77' lang='lat' dir='ltr'><strong>incorruptibilis</strong></span> <span class='ocrx_word' id='word_1_262' title='bbox 2558 1938 2651 1990; x_wconf 85' lang='lat' dir='ltr'><strong>Dei</strong></span> <span class='ocrx_word' id='word_1_263' title='bbox 2704 1939 2756 1988; x_wconf 88' lang='lat' dir='ltr'><strong>in</strong></span> <span class='ocrx_word' id='word_1_264' title='bbox 2806 1938 3203 1990; x_wconf 77' lang='lat' dir='ltr'><strong>similitudinem</strong></span> <span class='ocrx_word' id='word_1_265' title='bbox 3252 1938 3386 1989; x_wconf 88' lang='lat' dir='ltr'><strong>ima-</strong></span> 
     </span>
    </p>
   </div>
   <div class='ocr_carea' id='block_1_36' title="bbox 145 2018 1706 2099">
    <p class='ocr_par' dir='ltr' id='par_1_36' title="bbox 145 2018 1706 2099">
     <span class='ocr_line' id='line_1_36' title="bbox 145 2018 1706 2099; baseline 0.007 -29"><span class='ocrx_word' id='word_1_266' title='bbox 145 2018 182 2070; x_wconf 83' lang='grc' dir='ltr'><strong>δ’</strong></span> <span class='ocrx_word' id='word_1_267' title='bbox 209 2018 332 2088; x_wconf 72' lang='grc' dir='ltr'>αὐτὴ</span> <span class='ocrx_word' id='word_1_268' title='bbox 359 2020 686 2090; x_wconf 77' lang='grc' dir='ltr'>ἀπέμφασις</span> <span class='ocrx_word' id='word_1_269' title='bbox 712 2024 996 2093; x_wconf 85' lang='grc' dir='ltr'>περιμένει</span> <span class='ocrx_word' id='word_1_270' title='bbox 1028 2026 1120 2078; x_wconf 74' lang='grc' dir='ltr'>καὶ</span> <span class='ocrx_word' id='word_1_271' title='bbox 1147 2027 1237 2080; x_wconf 80' lang='grc' dir='ltr'><strong>τὸν</strong></span> <span class='ocrx_word' id='word_1_272' title='bbox 1257 2027 1404 2090; x_wconf 84' lang='grc' dir='ltr'>ὅπως</span> <span class='ocrx_word' id='word_1_273' title='bbox 1426 2028 1556 2081; x_wconf 83' lang='grc' dir='ltr'>ποτὲ</span> <span class='ocrx_word' id='word_1_274' title='bbox 1583 2028 1706 2099; x_wconf 78' lang='grc' dir='ltr'><strong>ἑξη-</strong></span> 
     </span>
    </p>
   </div>
   <div class='ocr_carea' id='block_1_37' title="bbox 145 2108 1700 2189">
    <p class='ocr_par' dir='ltr' id='par_1_37' title="bbox 145 2108 1700 2189">
     <span class='ocr_line' id='line_1_37' title="bbox 145 2108 1700 2189; baseline 0.008 -29"><span class='ocrx_word' id='word_1_275' title='bbox 145 2108 378 2179; x_wconf 79' lang='grc' dir='ltr'>γούμενον</span> <span class='ocrx_word' id='word_1_276' title='bbox 398 2112 458 2163; x_wconf 86' lang='grc' dir='ltr'><strong>τό</strong></span> <span class='ocrx_word' id='word_1_277' title='bbox 479 2129 491 2141; x_wconf 97' lang='grc'><strong>·</strong></span> <span class='ocrx_word' id='word_1_278' title='bbox 519 2114 796 2182; x_wconf 80' lang='grc' dir='ltr'>Εὗχεσθε</span> <span class='ocrx_word' id='word_1_279' title='bbox 812 2115 897 2184; x_wconf 78' lang='grc' dir='ltr'>μὴ</span> <span class='ocrx_word' id='word_1_280' title='bbox 919 2117 1218 2171; x_wconf 76' lang='grc' dir='ltr'>εἰσελθεῖν</span> <span class='ocrx_word' id='word_1_281' title='bbox 1239 2120 1327 2185; x_wconf 85' lang='grc' dir='ltr'><strong>εὶς</strong></span> <span class='ocrx_word' id='word_1_282' title='bbox 1350 2121 1700 2189; x_wconf 81' lang='grc' dir='ltr'>πειρασμόν.</span> 
     </span>
    </p>
   </div>
   <div class='ocr_carea' id='block_1_38' title="bbox 148 2202 1703 2285">
    <p class='ocr_par' dir='ltr' id='par_1_38' title="bbox 148 2202 1703 2285">
     <span class='ocr_line' id='line_1_38' title="bbox 148 2202 1703 2285; baseline 0.008 -31"><span class='ocrx_word' id='word_1_283' title='bbox 148 2202 196 2254; x_wconf 80' lang='grc' dir='ltr'>εξ</span> <span class='ocrx_word' id='word_1_284' title='bbox 218 2202 311 2273; x_wconf 77' lang='grc' dir='ltr'>γὰρ</span> <span class='ocrx_word' id='word_1_285' title='bbox 332 2205 501 2257; x_wconf 83' lang='grc' dir='ltr'>κακὸν</span> <span class='ocrx_word' id='word_1_286' title='bbox 524 2206 589 2258; x_wconf 83' lang='grc' dir='ltr'><strong>τὸ</strong></span> <span class='ocrx_word' id='word_1_287' title='bbox 617 2208 878 2277; x_wconf 74' lang='grc' dir='ltr'>ἐμπεσεῖν</span> <span class='ocrx_word' id='word_1_288' title='bbox 905 2212 985 2274; x_wconf 84' lang='grc' dir='ltr'><strong>εἰς</strong></span> <span class='ocrx_word' id='word_1_289' title='bbox 1005 2213 1329 2283; x_wconf 85' lang='grc' dir='ltr'>πειρασμὸν,</span> <span class='ocrx_word' id='word_1_290' title='bbox 1357 2214 1494 2285; x_wconf 80' lang='grc' dir='ltr'>ὅπερ</span> <span class='ocrx_word' id='word_1_291' title='bbox 1515 2214 1600 2265; x_wconf 81' lang='grc' dir='ltr'>ἵνα</span> <span class='ocrx_word' id='word_1_292' title='bbox 1629 2213 1703 2284; x_wconf 84' lang='grc' dir='ltr'>μὴ</span> 
     </span>
    </p>
   </div>
   <div class='ocr_carea' id='block_1_39' title="bbox 147 2295 1705 2374">
    <p class='ocr_par' dir='ltr' id='par_1_39' title="bbox 147 2295 1705 2374">
     <span class='ocr_line' id='line_1_39' title="bbox 147 2295 1705 2374; baseline 0.008 -26"><span class='ocrx_word' id='word_1_293' title='bbox 147 2295 371 2367; x_wconf 75' lang='grc' dir='ltr'>πάθωμεν</span> <span class='ocrx_word' id='word_1_294' title='bbox 399 2300 700 2369; x_wconf 72' lang='grc' dir='ltr'>εὐχόμεθα,</span> <span class='ocrx_word' id='word_1_295' title='bbox 730 2301 847 2365; x_wconf 82' lang='grc' dir='ltr'><strong>πῶς</strong></span> <span class='ocrx_word' id='word_1_296' title='bbox 871 2304 971 2356; x_wconf 75' lang='grc' dir='ltr'><strong>οὐκ</strong></span> <span class='ocrx_word' id='word_1_297' title='bbox 998 2303 1197 2360; x_wconf 80' lang='grc' dir='ltr'>ἄτοπον</span> <span class='ocrx_word' id='word_1_298' title='bbox 1219 2308 1358 2359; x_wconf 87' lang='grc' dir='ltr'>νοεῖν</span> <span class='ocrx_word' id='word_1_299' title='bbox 1382 2306 1473 2359; x_wconf 88' lang='grc' dir='ltr'><strong>τὸν</strong></span> <span class='ocrx_word' id='word_1_300' title='bbox 1501 2307 1705 2374; x_wconf 83' lang='grc' dir='ltr'>ἀγαθὸν</span> 
     </span>
    </p>
   </div>
   <div class='ocr_carea' id='block_1_40' title="bbox 147 2386 1702 2469">
    <p class='ocr_par' dir='ltr' id='par_1_40' title="bbox 147 2386 1702 2469">
     <span class='ocr_line' id='line_1_40' title="bbox 147 2386 1702 2469; baseline 0.007 -29"><span class='ocrx_word' id='word_1_301' title='bbox 147 2386 273 2455; x_wconf 84' lang='grc' dir='ltr'>Θεὸν,</span> <span class='ocrx_word' id='word_1_302' title='bbox 297 2391 367 2460; x_wconf 75' lang='grc' dir='ltr'>μὴ</span> <span class='ocrx_word' id='word_1_303' title='bbox 392 2392 696 2461; x_wconf 73' lang='grc' dir='ltr'>δυνάμενον</span> <span class='ocrx_word' id='word_1_304' title='bbox 731 2396 975 2464; x_wconf 77' lang='grc' dir='ltr'>καρποὺς</span> <span class='ocrx_word' id='word_1_305' title='bbox 1008 2396 1195 2467; x_wconf 76' lang='grc' dir='ltr'>φέρειν</span> <span class='ocrx_word' id='word_1_306' title='bbox 1226 2399 1514 2469; x_wconf 77' lang='grc' dir='ltr'>πονηροὺς,</span> <span class='ocrx_word' id='word_1_307' title='bbox 1545 2415 1702 2469; x_wconf 85' lang='grc' dir='ltr'>περι-</span> 
     </span>
    </p>
   </div>
   <div class='ocr_carea' id='block_1_41' title="bbox 148 2480 1705 2560">
    <p class='ocr_par' dir='ltr' id='par_1_41' title="bbox 148 2480 1705 2560">
     <span class='ocr_line' id='line_1_41' title="bbox 148 2480 1705 2560; baseline 0.009 -28"><span class='ocrx_word' id='word_1_308' title='bbox 148 2480 328 2535; x_wconf 71' lang='grc' dir='ltr'>ϐάλλειν</span> <span class='ocrx_word' id='word_1_309' title='bbox 358 2484 480 2536; x_wconf 74' lang='grc' dir='ltr'>τινὰ</span> <span class='ocrx_word' id='word_1_310' title='bbox 512 2488 631 2548; x_wconf 79' lang='grc' dir='ltr'>τοῖς</span> <span class='ocrx_word' id='word_1_311' title='bbox 678 2490 902 2552; x_wconf 79' lang='grc' dir='ltr'>κακοῖς;</span> <span class='ocrx_word' id='word_1_312' title='bbox 937 2489 1223 2560; x_wconf 83' lang='grc' dir='ltr'>Χρήσιμον</span> <span class='ocrx_word' id='word_1_313' title='bbox 1268 2486 1360 2545; x_wconf 77' lang='grc' dir='ltr'><strong>οὖν</strong></span> <span class='ocrx_word' id='word_1_314' title='bbox 1408 2493 1487 2555; x_wconf 92' lang='grc' dir='ltr'><strong>εἰς</strong></span> <span class='ocrx_word' id='word_1_315' title='bbox 1529 2492 1705 2546; x_wconf 83' lang='grc' dir='ltr'>ταῦτα</span> 
     </span>
    </p>
   </div>
   <div class='ocr_carea' id='block_1_42' title="bbox 150 2574 1703 2651">
    <p class='ocr_par' dir='ltr' id='par_1_42' title="bbox 150 2574 1703 2651">
     <span class='ocr_line' id='line_1_42' title="bbox 150 2574 1703 2651; baseline 0.01 -29"><span class='ocrx_word' id='word_1_316' title='bbox 150 2574 450 2644; x_wconf 74' lang='grc' dir='ltr'>παραθέσθαι</span> <span class='ocrx_word' id='word_1_317' title='bbox 483 2577 560 2630; x_wconf 76' lang='grc' dir='ltr'>τὰ</span> <span class='ocrx_word' id='word_1_318' title='bbox 586 2579 644 2631; x_wconf 84' lang='grc' dir='ltr'>ὲν</span> <span class='ocrx_word' id='word_1_319' title='bbox 674 2581 739 2649; x_wconf 83' lang='grc' dir='ltr'>τῇ</span> <span class='ocrx_word' id='word_1_320' title='bbox 777 2578 912 2650; x_wconf 85' lang='grc' dir='ltr'>πρὸς</span> <span class='ocrx_word' id='word_1_321' title='bbox 957 2580 1259 2651; x_wconf 81' lang='grc' dir='ltr'>Ῥωμαίους</span> <span class='ocrx_word' id='word_1_322' title='bbox 1292 2583 1397 2635; x_wconf 84' lang='grc' dir='ltr'><strong>ὑπὸ</strong></span> <span class='ocrx_word' id='word_1_323' title='bbox 1435 2583 1529 2637; x_wconf 81' lang='grc' dir='ltr'><strong>τοῦ</strong></span> <span class='ocrx_word' id='word_1_324' title='bbox 1557 2583 1703 2637; x_wconf 78' lang='grc' dir='ltr'>Παύ-</span> 
     </span>
    </p>
   </div>
   <div class='ocr_carea' id='block_1_43' title="bbox 149 2666 1703 2743">
    <p class='ocr_par' dir='ltr' id='par_1_43' title="bbox 149 2666 1703 2743">
     <span class='ocr_line' id='line_1_43' title="bbox 149 2666 1703 2743; baseline 0.008 -27"><span class='ocrx_word' id='word_1_325' title='bbox 149 2666 222 2718; x_wconf 83' lang='grc' dir='ltr'><strong>λου</strong></span> <span class='ocrx_word' id='word_1_326' title='bbox 259 2668 516 2739; x_wconf 75' lang='grc' dir='ltr'>εἰρημένα</span> <span class='ocrx_word' id='word_1_327' title='bbox 556 2668 743 2722; x_wconf 78' lang='grc' dir='ltr'>τοῦτον</span> <span class='ocrx_word' id='word_1_328' title='bbox 774 2672 865 2724; x_wconf 90' lang='grc' dir='ltr'><strong>τὸν</strong></span> <span class='ocrx_word' id='word_1_329' title='bbox 906 2672 1125 2743; x_wconf 82' lang='grc' dir='ltr'>τρόπον·</span> <span class='ocrx_word' id='word_1_330' title='bbox 1171 2674 1515 2741; x_wconf 80' lang='grc' dir='ltr'>Φὰσκοντες</span> <span class='ocrx_word' id='word_1_331' title='bbox 1549 2676 1703 2729; x_wconf 76' lang='grc' dir='ltr'>εἶναι</span> 
     </span>
    </p>
   </div>
   <div class='ocr_carea' id='block_1_44' title="bbox 151 2755 1703 2832">
    <p class='ocr_par' dir='ltr' id='par_1_44' title="bbox 151 2755 1703 2832">
     <span class='ocr_line' id='line_1_44' title="bbox 151 2755 1703 2832; baseline 0.009 -26"><span class='ocrx_word' id='word_1_332' title='bbox 151 2755 299 2823; x_wconf 77' lang='grc' dir='ltr'><strong>σοφοί</strong></span> <span class='ocrx_word' id='word_1_333' title='bbox 344 2756 804 2826; x_wconf 74' lang='grc' dir='ltr'>ἐμωράνθησαν,</span> <span class='ocrx_word' id='word_1_334' title='bbox 859 2762 956 2815; x_wconf 86' lang='grc' dir='ltr'><strong>καί</strong></span> <span class='ocrx_word' id='word_1_335' title='bbox 1003 2761 1283 2830; x_wconf 73' lang='grc' dir='ltr'>ἤλλαξαν</span> <span class='ocrx_word' id='word_1_336' title='bbox 1334 2763 1450 2832; x_wconf 80' lang='grc' dir='ltr'>τὴν</span> <span class='ocrx_word' id='word_1_337' title='bbox 1514 2765 1703 2831; x_wconf 79' lang='grc' dir='ltr'>δόξαν</span> 
     </span>
    </p>
   </div>
   <div class='ocr_carea' id='block_1_45' title="bbox 155 2845 1700 2926">
    <p class='ocr_par' dir='ltr' id='par_1_45' title="bbox 155 2845 1700 2926">
     <span class='ocr_line' id='line_1_45' title="bbox 155 2845 1700 2926; baseline 0.008 -27"><span class='ocrx_word' id='word_1_338' title='bbox 155 2845 241 2898; x_wconf 82' lang='grc' dir='ltr'>τοῦ</span> <span class='ocrx_word' id='word_1_339' title='bbox 268 2848 565 2916; x_wconf 55' lang='grc' dir='ltr'>ἀφθάρτου</span> <span class='ocrx_word' id='word_1_340' title='bbox 604 2851 753 2904; x_wconf 83' lang='grc' dir='ltr'>Θεοῦ</span> <span class='ocrx_word' id='word_1_341' title='bbox 780 2852 851 2905; x_wconf 83' lang='grc' dir='ltr'>ἐν</span> <span class='ocrx_word' id='word_1_342' title='bbox 883 2852 1197 2922; x_wconf 79' lang='grc' dir='ltr'>ὁμοιώματι</span> <span class='ocrx_word' id='word_1_343' title='bbox 1236 2857 1473 2922; x_wconf 74' lang='grc' dir='ltr'>εἰκόνος</span> <span class='ocrx_word' id='word_1_344' title='bbox 1514 2862 1700 2926; x_wconf 72' lang='grc' dir='ltr'>φθαρ-</span> 
     </span>
    </p>
   </div>
   <div class='ocr_carea' id='block_1_46' title="bbox 153 2933 1697 3013">
    <p class='ocr_par' dir='ltr' id='par_1_46' title="bbox 153 2933 1697 3013">
     <span class='ocr_line' id='line_1_46' title="bbox 153 2933 1697 3013; baseline 0.009 -27"><span class='ocrx_word' id='word_1_345' title='bbox 153 2933 237 2988; x_wconf 80' lang='grc' dir='ltr'>τοῦ</span> <span class='ocrx_word' id='word_1_346' title='bbox 274 2936 602 3005; x_wconf 76' lang='grc' dir='ltr'>ἀνθρώπου,</span> <span class='ocrx_word' id='word_1_347' title='bbox 653 2940 752 2992; x_wconf 84' lang='grc' dir='ltr'><strong>καί</strong></span> <span class='ocrx_word' id='word_1_348' title='bbox 808 2942 1113 3006; x_wconf 75' lang='grc' dir='ltr'>πετεινῶν,</span> <span class='ocrx_word' id='word_1_349' title='bbox 1162 2943 1259 2996; x_wconf 77' lang='grc' dir='ltr'>καὶ</span> <span class='ocrx_word' id='word_1_350' title='bbox 1304 2946 1697 3013; x_wconf 69' lang='grc' dir='ltr'>τετραπόδων,</span> 
     </span>
    </p>
   </div>
   <div class='ocr_carea' id='block_1_47' title="bbox 152 3028 1701 3106">
    <p class='ocr_par' dir='ltr' id='par_1_47' title="bbox 152 3028 1701 3106">
     <span class='ocr_line' id='line_1_47' title="bbox 152 3028 1701 3106; baseline 0.009 -26"><span class='ocrx_word' id='word_1_351' title='bbox 152 3028 230 3080; x_wconf 77' lang='grc' dir='ltr'><strong>καί</strong></span> <span class='ocrx_word' id='word_1_352' title='bbox 247 3029 521 3096; x_wconf 71' lang='grc' dir='ltr'>ἑρπετῶν·</span> <span class='ocrx_word' id='word_1_353' title='bbox 541 3031 635 3085; x_wconf 75' lang='grc' dir='ltr'>διὸ</span> <span class='ocrx_word' id='word_1_354' title='bbox 659 3032 998 3101; x_wconf 79' lang='grc' dir='ltr'>παρέδωκεν</span> <span class='ocrx_word' id='word_1_355' title='bbox 1026 3037 1246 3103; x_wconf 75' lang='grc' dir='ltr'>αὐτοὺς</span> <span class='ocrx_word' id='word_1_356' title='bbox 1272 3040 1304 3090; x_wconf 84' lang='grc' dir='ltr'><strong>ό</strong></span> <span class='ocrx_word' id='word_1_357' title='bbox 1328 3038 1554 3104; x_wconf 81' lang='grc' dir='ltr'>Θεὸςὲν</span> <span class='ocrx_word' id='word_1_358' title='bbox 1574 3041 1701 3106; x_wconf 69' lang='grc' dir='ltr'>τατς</span> 
     </span>
    </p>
   </div>
   <div class='ocr_carea' id='block_1_48' title="bbox 154 3120 1696 3197">
    <p class='ocr_par' dir='ltr' id='par_1_48' title="bbox 154 3120 1696 3197">
     <span class='ocr_line' id='line_1_48' title="bbox 154 3120 1696 3197; baseline 0.008 -25"><span class='ocrx_word' id='word_1_359' title='bbox 154 3120 445 3191; x_wconf 73' lang='grc' dir='ltr'>ἐπιθυμίαις</span> <span class='ocrx_word' id='word_1_360' title='bbox 480 3123 605 3176; x_wconf 82' lang='grc' dir='ltr'><strong>τῶν</strong></span> <span class='ocrx_word' id='word_1_361' title='bbox 651 3124 905 3193; x_wconf 77' lang='grc' dir='ltr'>καρδιῶν</span> <span class='ocrx_word' id='word_1_362' title='bbox 950 3126 1149 3179; x_wconf 73' lang='grc' dir='ltr'>αὐτῶν</span> <span class='ocrx_word' id='word_1_363' title='bbox 1182 3130 1268 3194; x_wconf 85' lang='grc' dir='ltr'>εἱς</span> <span class='ocrx_word' id='word_1_364' title='bbox 1304 3130 1696 3197; x_wconf 78' lang='grc' dir='ltr'>ἀκαθαρσίαν,</span> 
     </span>
    </p>
   </div>
   <div class='ocr_carea' id='block_1_49' title="bbox 154 3213 1767 3319">
    <p class='ocr_par' dir='ltr' id='par_1_49' title="bbox 154 3213 1767 3319">
     <span class='ocr_line' id='line_1_49' title="bbox 154 3213 1767 3319; baseline 0.007 -54"><span class='ocrx_word' id='word_1_365' title='bbox 154 3213 237 3267; x_wconf 81' lang='grc' dir='ltr'>τοῦ</span> <span class='ocrx_word' id='word_1_366' title='bbox 266 3214 635 3284; x_wconf 74' lang='grc' dir='ltr'>ἀτιμάζεσθαι</span> <span class='ocrx_word' id='word_1_367' title='bbox 686 3216 758 3270; x_wconf 82' lang='grc' dir='ltr'>τὰ</span> <span class='ocrx_word' id='word_1_368' title='bbox 813 3217 1051 3287; x_wconf 84' lang='grc' dir='ltr'>σώματα</span> <span class='ocrx_word' id='word_1_369' title='bbox 1087 3220 1284 3273; x_wconf 80' lang='grc' dir='ltr'>αὐτῶν</span> <span class='ocrx_word' id='word_1_370' title='bbox 1330 3222 1400 3275; x_wconf 79' lang='grc' dir='ltr'>ἐν</span> <span class='ocrx_word' id='word_1_371' title='bbox 1441 3222 1692 3289; x_wconf 78' lang='grc' dir='ltr'>ἑαυτοῖς.</span> <span class='ocrx_word' id='word_1_372' title='bbox 1726 3262 1767 3319; x_wconf 78' lang='lat' dir='ltr'>C</span> 
     </span>
    </p>
   </div>
   <div class='ocr_carea' id='block_1_50' title="bbox 156 3306 1699 3382">
    <p class='ocr_par' dir='ltr' id='par_1_50' title="bbox 156 3306 1699 3382">
     <span class='ocr_line' id='line_1_50' title="bbox 156 3306 1699 3382; baseline 0.007 -24"><span class='ocrx_word' id='word_1_373' title='bbox 156 3306 241 3358; x_wconf 74' lang='grc' dir='ltr'>Καὶ</span> <span class='ocrx_word' id='word_1_374' title='bbox 279 3307 381 3378; x_wconf 78' lang='grc' dir='ltr'>μετ’</span> <span class='ocrx_word' id='word_1_375' title='bbox 422 3309 613 3378; x_wconf 83' lang='grc' dir='ltr'><strong>ὀλίγα·</strong></span> <span class='ocrx_word' id='word_1_376' title='bbox 664 3311 765 3363; x_wconf 85' lang='grc' dir='ltr'><strong>Διὰ</strong></span> <span class='ocrx_word' id='word_1_377' title='bbox 815 3311 989 3365; x_wconf 79' lang='grc' dir='ltr'>τοῦτο</span> <span class='ocrx_word' id='word_1_378' title='bbox 1037 3313 1377 3382; x_wconf 71' lang='grc' dir='ltr'>παρέδωκεν</span> <span class='ocrx_word' id='word_1_379' title='bbox 1420 3316 1640 3381; x_wconf 77' lang='grc' dir='ltr'>αὐτοὺς</span> <span class='ocrx_word' id='word_1_380' title='bbox 1671 3318 1699 3368; x_wconf 85' lang='grc' dir='ltr'>ὁ</span> 
     </span>
    </p>
   </div>
   <div class='ocr_carea' id='block_1_51' title="bbox 158 3397 1705 3472">
    <p class='ocr_par' dir='ltr' id='par_1_51' title="bbox 158 3397 1705 3472">
     <span class='ocr_line' id='line_1_51' title="bbox 158 3397 1705 3472; baseline 0.006 -23"><span class='ocrx_word' id='word_1_381' title='bbox 158 3397 273 3463; x_wconf 74' lang='grc' dir='ltr'>Θεὸς</span> <span class='ocrx_word' id='word_1_382' title='bbox 300 3401 379 3464; x_wconf 77' lang='grc' dir='ltr'><strong>εἰς</strong></span> <span class='ocrx_word' id='word_1_383' title='bbox 409 3400 569 3469; x_wconf 75' lang='grc' dir='ltr'>πάθη</span> <span class='ocrx_word' id='word_1_384' title='bbox 607 3402 868 3470; x_wconf 79' lang='grc' dir='ltr'>ἀτιμίας·</span> <span class='ocrx_word' id='word_1_385' title='bbox 904 3404 965 3456; x_wconf 81' lang='grc' dir='ltr'>αἵ</span> <span class='ocrx_word' id='word_1_386' title='bbox 999 3421 1060 3456; x_wconf 90' lang='grc' dir='ltr'><strong>τε</strong></span> <span class='ocrx_word' id='word_1_387' title='bbox 1100 3403 1210 3472; x_wconf 77' lang='grc' dir='ltr'>γὰρ</span> <span class='ocrx_word' id='word_1_388' title='bbox 1243 3404 1474 3471; x_wconf 71' lang='grc' dir='ltr'>θήλειαι</span> <span class='ocrx_word' id='word_1_389' title='bbox 1507 3406 1705 3460; x_wconf 84' lang='grc' dir='ltr'>αὐτῶν</span> 
     </span>
    </p>
   </div>
   <div class='ocr_carea' id='block_1_52' title="bbox 154 3489 1703 3567">
    <p class='ocr_par' dir='ltr' id='par_1_52' title="bbox 154 3489 1703 3567">
     <span class='ocr_line' id='line_1_52' title="bbox 154 3489 1703 3567; baseline 0.006 -26"><span class='ocrx_word' id='word_1_390' title='bbox 154 3489 496 3555; x_wconf 69' lang='grc' dir='ltr'>μετήλλαξαν</span> <span class='ocrx_word' id='word_1_391' title='bbox 545 3490 667 3559; x_wconf 74' lang='grc' dir='ltr'>τὴν</span> <span class='ocrx_word' id='word_1_392' title='bbox 706 3494 980 3562; x_wconf 68' lang='grc' dir='ltr'>φυσικὴν</span> <span class='ocrx_word' id='word_1_393' title='bbox 1017 3496 1241 3565; x_wconf 77' lang='grc' dir='ltr'>χρῆσιν</span> <span class='ocrx_word' id='word_1_394' title='bbox 1267 3500 1353 3564; x_wconf 82' lang='grc' dir='ltr'>εἰς</span> <span class='ocrx_word' id='word_1_395' title='bbox 1394 3498 1508 3567; x_wconf 75' lang='grc' dir='ltr'>τὴν</span> <span class='ocrx_word' id='word_1_396' title='bbox 1546 3498 1703 3566; x_wconf 77' lang='grc' dir='ltr'>παρὰ</span> 
     </span>
    </p>
   </div>
   <div class='ocr_carea' id='block_1_53' title="bbox 156 3579 1702 3659">
    <p class='ocr_par' dir='ltr' id='par_1_53' title="bbox 156 3579 1702 3659">
     <span class='ocr_line' id='line_1_53' title="bbox 156 3579 1702 3659; baseline 0.009 -29"><span class='ocrx_word' id='word_1_397' title='bbox 156 3579 338 3643; x_wconf 59' lang='grc' dir='ltr'>φύσιν·</span> <span class='ocrx_word' id='word_1_398' title='bbox 378 3582 596 3649; x_wconf 79' lang='grc' dir='ltr'>ὁμοίως</span> <span class='ocrx_word' id='word_1_399' title='bbox 640 3583 738 3636; x_wconf 80' lang='grc' dir='ltr'>καὶ</span> <span class='ocrx_word' id='word_1_400' title='bbox 779 3587 833 3638; x_wconf 79' lang='grc' dir='ltr'>οἱ</span> <span class='ocrx_word' id='word_1_401' title='bbox 868 3585 1123 3652; x_wconf 74' lang='grc' dir='ltr'>ἄρσενες</span> <span class='ocrx_word' id='word_1_402' title='bbox 1156 3589 1413 3656; x_wconf 67' lang='grc' dir='ltr'>ἀφέντες</span> <span class='ocrx_word' id='word_1_403' title='bbox 1450 3590 1565 3657; x_wconf 79' lang='grc' dir='ltr'>τὴν</span> <span class='ocrx_word' id='word_1_404' title='bbox 1591 3610 1702 3659; x_wconf 68' lang='grc' dir='ltr'><strong>φυ-</strong></span> 
     </span>
    </p>
   </div>
   <div class='ocr_carea' id='block_1_54' title="bbox 155 3672 1701 3746">
    <p class='ocr_par' dir='ltr' id='par_1_54' title="bbox 155 3672 1701 3746">
     <span class='ocr_line' id='line_1_54' title="bbox 155 3672 1701 3746; baseline 0.008 -22"><span class='ocrx_word' id='word_1_405' title='bbox 155 3672 305 3741; x_wconf 74' lang='grc' dir='ltr'>σικὴν</span> <span class='ocrx_word' id='word_1_406' title='bbox 340 3675 557 3743; x_wconf 72' lang='grc' dir='ltr'>χρῆσιν</span> <span class='ocrx_word' id='word_1_407' title='bbox 596 3674 708 3743; x_wconf 86' lang='grc' dir='ltr'>τῆς</span> <span class='ocrx_word' id='word_1_408' title='bbox 750 3679 994 3745; x_wconf 78' lang='grc' dir='ltr'>θηλείας</span> <span class='ocrx_word' id='word_1_409' title='bbox 1030 3680 1466 3746; x_wconf 78' lang='grc' dir='ltr'>ἐξεκαύθησαν,</span> <span class='ocrx_word' id='word_1_410' title='bbox 1509 3684 1603 3737; x_wconf 73' lang='grc' dir='ltr'><strong>καὶ</strong></span> <span class='ocrx_word' id='word_1_411' title='bbox 1634 3683 1701 3736; x_wconf 78' lang='grc' dir='ltr'><strong>τά</strong></span> 
     </span>
    </p>
   </div>
   <div class='ocr_carea' id='block_1_55' title="bbox 156 3756 1703 3837">
    <p class='ocr_par' dir='ltr' id='par_1_55' title="bbox 156 3756 1703 3837">
     <span class='ocr_line' id='line_1_55' title="bbox 156 3756 1703 3837; baseline 0.008 -24"><span class='ocrx_word' id='word_1_412' title='bbox 156 3762 271 3833; x_wconf 73' lang='grc' dir='ltr'><strong>ἑξῆς.</strong></span> <span class='ocrx_word' id='word_1_413' title='bbox 296 3767 395 3819; x_wconf 74' lang='grc' dir='ltr'>Καὶ</span> <span class='ocrx_word' id='word_1_414' title='bbox 423 3756 585 3820; x_wconf 72' lang='grc' dir='ltr'>πάλιν</span> <span class='ocrx_word' id='word_1_415' title='bbox 628 3770 740 3836; x_wconf 83' lang='grc' dir='ltr'>μετ’</span> <span class='ocrx_word' id='word_1_416' title='bbox 769 3770 923 3837; x_wconf 76' lang='grc' dir='ltr'>ὀλίγα</span> <span class='ocrx_word' id='word_1_417' title='bbox 943 3787 955 3799; x_wconf 88' lang='grc'><strong>·</strong></span> <span class='ocrx_word' id='word_1_418' title='bbox 994 3771 1099 3824; x_wconf 78' lang='grc' dir='ltr'><strong>Καὶ</strong></span> <span class='ocrx_word' id='word_1_419' title='bbox 1144 3770 1337 3837; x_wconf 74' lang='grc' dir='ltr'>καθὼς</span> <span class='ocrx_word' id='word_1_420' title='bbox 1364 3774 1475 3825; x_wconf 78' lang='grc' dir='ltr'>οὐκ</span> <span class='ocrx_word' id='word_1_421' title='bbox 1514 3773 1703 3827; x_wconf 74' lang='grc' dir='ltr'><strong>ἐδοκί-</strong></span> 
     </span>
    </p>
   </div>
   <div class='ocr_carea' id='block_1_56' title="bbox 154 3860 1701 3931">
    <p class='ocr_par' dir='ltr' id='par_1_56' title="bbox 154 3860 1701 3931">
     <span class='ocr_line' id='line_1_56' title="bbox 154 3860 1701 3931; baseline 0.006 -22"><span class='ocrx_word' id='word_1_422' title='bbox 154 3871 321 3921; x_wconf 78' lang='grc' dir='ltr'>μασαν</span> <span class='ocrx_word' id='word_1_423' title='bbox 345 3860 444 3914; x_wconf 69' lang='grc' dir='ltr'><strong>τὸν</strong></span> <span class='ocrx_word' id='word_1_424' title='bbox 490 3863 645 3915; x_wconf 73' lang='grc' dir='ltr'>Θεὸν</span> <span class='ocrx_word' id='word_1_425' title='bbox 678 3863 841 3931; x_wconf 72' lang='grc' dir='ltr'>ἔχειν</span> <span class='ocrx_word' id='word_1_426' title='bbox 873 3863 939 3915; x_wconf 82' lang='grc' dir='ltr'>ἐν</span> <span class='ocrx_word' id='word_1_427' title='bbox 970 3861 1309 3931; x_wconf 63' lang='grc' dir='ltr'>ἐπιγνώσει,</span> <span class='ocrx_word' id='word_1_428' title='bbox 1360 3862 1701 3931; x_wconf 79' lang='grc' dir='ltr'>παρέδωκεν</span> 
     </span>
    </p>
   </div>
   <div class='ocr_carea' id='block_1_57' title="bbox 156 3952 1701 4025">
    <p class='ocr_par' dir='ltr' id='par_1_57' title="bbox 156 3952 1701 4025">
     <span class='ocr_line' id='line_1_57' title="bbox 156 3952 1701 4025; baseline 0.005 -22"><span class='ocrx_word' id='word_1_429' title='bbox 156 3952 337 4018; x_wconf 74' lang='grc' dir='ltr'>αὐτοὺς</span> <span class='ocrx_word' id='word_1_430' title='bbox 360 3955 389 4005; x_wconf 90' lang='lat' dir='ltr'><strong>o&#39;</strong></span> <span class='ocrx_word' id='word_1_431' title='bbox 411 3955 557 4021; x_wconf 68' lang='grc' dir='ltr'>Θεός</span> <span class='ocrx_word' id='word_1_432' title='bbox 584 3958 671 4021; x_wconf 82' lang='grc' dir='ltr'>εἰς</span> <span class='ocrx_word' id='word_1_433' title='bbox 695 3955 980 4023; x_wconf 70' lang='grc' dir='ltr'>ἀδόκιμον</span> <span class='ocrx_word' id='word_1_434' title='bbox 1004 3954 1155 4007; x_wconf 79' lang='grc' dir='ltr'>νοῦν</span> <span class='ocrx_word' id='word_1_435' title='bbox 1178 3954 1370 4008; x_wconf 82' lang='grc' dir='ltr'>ποιεῖν</span> <span class='ocrx_word' id='word_1_436' title='bbox 1396 3955 1466 4009; x_wconf 89' lang='grc' dir='ltr'>τὰ</span> <span class='ocrx_word' id='word_1_437' title='bbox 1485 3956 1569 4025; x_wconf 75' lang='grc' dir='ltr'>μὴ</span> <span class='ocrx_word' id='word_1_438' title='bbox 1600 3975 1701 4010; x_wconf 83' lang='grc' dir='ltr'>κα-</span> 
     </span>
    </p>
   </div>
   <div class='ocr_carea' id='block_1_58' title="bbox 156 4040 1698 4117">
    <p class='ocr_par' dir='ltr' id='par_1_58' title="bbox 156 4040 1698 4117">
     <span class='ocr_line' id='line_1_58' title="bbox 156 4040 1698 4117; baseline 0.005 -24"><span class='ocrx_word' id='word_1_439' title='bbox 156 4040 391 4105; x_wconf 69' lang='grc' dir='ltr'>θήκοντα.</span> <span class='ocrx_word' id='word_1_440' title='bbox 431 4046 579 4117; x_wconf 83' lang='grc' dir='ltr'>Πλὴν</span> <span class='ocrx_word' id='word_1_441' title='bbox 618 4046 789 4100; x_wconf 76' lang='grc' dir='ltr'>ταῦτα</span> <span class='ocrx_word' id='word_1_442' title='bbox 816 4046 991 4099; x_wconf 80' lang='grc' dir='ltr'>πάντα</span> <span class='ocrx_word' id='word_1_443' title='bbox 1027 4046 1354 4117; x_wconf 85' lang='grc' dir='ltr'>προσεκτέον</span> <span class='ocrx_word' id='word_1_444' title='bbox 1376 4050 1486 4111; x_wconf 81' lang='grc' dir='ltr'>τοῖς</span> <span class='ocrx_word' id='word_1_445' title='bbox 1515 4048 1698 4100; x_wconf 85' lang='grc' dir='ltr'>διακό-</span> 
     </span>
    </p>
   </div>
   <div class='ocr_carea' id='block_1_59' title="bbox 160 4139 1699 4214">
    <p class='ocr_par' dir='ltr' id='par_1_59' title="bbox 160 4139 1699 4214">
     <span class='ocr_line' id='line_1_59' title="bbox 160 4139 1699 4214; baseline 0.006 -29"><span class='ocrx_word' id='word_1_446' title='bbox 160 4150 314 4189; x_wconf 76' lang='grc' dir='ltr'>πτουσι</span> <span class='ocrx_word' id='word_1_447' title='bbox 344 4139 433 4210; x_wconf 81' lang='grc' dir='ltr'><strong>τὴν</strong></span> <span class='ocrx_word' id='word_1_448' title='bbox 456 4141 724 4209; x_wconf 76' lang='grc' dir='ltr'>Θεότητα,</span> <span class='ocrx_word' id='word_1_449' title='bbox 760 4142 853 4192; x_wconf 74' lang='grc' dir='ltr'>καὶ</span> <span class='ocrx_word' id='word_1_450' title='bbox 875 4140 1091 4193; x_wconf 80' lang='grc' dir='ltr'>λεκτέον</span> <span class='ocrx_word' id='word_1_451' title='bbox 1127 4141 1262 4212; x_wconf 84' lang='grc' dir='ltr'>πρὸς</span> <span class='ocrx_word' id='word_1_452' title='bbox 1290 4141 1485 4205; x_wconf 69' lang='grc' dir='ltr'>αὐτοὺς</span> <span class='ocrx_word' id='word_1_453' title='bbox 1512 4142 1699 4214; x_wconf 76' lang='grc' dir='ltr'>ἓτερον</span> 
     </span>
    </p>
   </div>
   <div class='ocr_carea' id='block_1_60' title="bbox 158 4229 1697 4305">
    <p class='ocr_par' dir='ltr' id='par_1_60' title="bbox 158 4229 1697 4305">
     <span class='ocr_line' id='line_1_60' title="bbox 158 4229 1697 4305; baseline 0.005 -26"><span class='ocrx_word' id='word_1_454' title='bbox 158 4229 425 4297; x_wconf 72' lang='grc' dir='ltr'>νομίζοντας</span> <span class='ocrx_word' id='word_1_455' title='bbox 446 4229 591 4287; x_wconf 80' lang='grc' dir='ltr'>εἶναι</span> <span class='ocrx_word' id='word_1_456' title='bbox 615 4235 703 4286; x_wconf 85' lang='grc' dir='ltr'><strong>τὸν</strong></span> <span class='ocrx_word' id='word_1_457' title='bbox 726 4233 929 4302; x_wconf 77' lang='grc' dir='ltr'>ἀγαθὸν</span> <span class='ocrx_word' id='word_1_458' title='bbox 952 4234 1171 4305; x_wconf 82' lang='grc' dir='ltr'>Πατέρα</span> <span class='ocrx_word' id='word_1_459' title='bbox 1190 4234 1281 4287; x_wconf 73' lang='grc' dir='ltr'>τοῦ</span> <span class='ocrx_word' id='word_1_460' title='bbox 1306 4235 1510 4304; x_wconf 82' lang='grc' dir='ltr'>Κυρίου</span> <span class='ocrx_word' id='word_1_461' title='bbox 1540 4236 1571 4305; x_wconf 80' lang='grc' dir='ltr'>ἡ</span> <span class='ocrx_word' id='word_1_462' title='bbox 1582 4235 1697 4304; x_wconf 81' lang='grc' dir='ltr'>μῶν</span> 
     </span>
    </p>
   </div>
   <div class='ocr_carea' id='block_1_61' title="bbox 162 4321 1697 4398">
    <p class='ocr_par' dir='ltr' id='par_1_61' title="bbox 162 4321 1697 4398">
     <span class='ocr_line' id='line_1_61' title="bbox 162 4321 1697 4398; baseline 0.004 -26"><span class='ocrx_word' id='word_1_463' title='bbox 162 4321 283 4391; x_wconf 70' lang='grc' dir='ltr'>παρὰ</span> <span class='ocrx_word' id='word_1_464' title='bbox 310 4324 390 4377; x_wconf 83' lang='grc' dir='ltr'><strong>τὸν</strong></span> <span class='ocrx_word' id='word_1_465' title='bbox 424 4325 515 4379; x_wconf 76' lang='grc' dir='ltr'>τοῦ</span> <span class='ocrx_word' id='word_1_466' title='bbox 552 4327 719 4397; x_wconf 84' lang='grc' dir='ltr'>νόμου</span> <span class='ocrx_word' id='word_1_467' title='bbox 752 4325 883 4378; x_wconf 87' lang='grc' dir='ltr'>Θεόν</span> <span class='ocrx_word' id='word_1_468' title='bbox 906 4342 917 4354; x_wconf 87' lang='grc'><strong>·</strong></span> <span class='ocrx_word' id='word_1_469' title='bbox 954 4327 1001 4378; x_wconf 87' lang='grc' dir='ltr'><strong>εἰ</strong></span> <span class='ocrx_word' id='word_1_470' title='bbox 1038 4328 1064 4379; x_wconf 92' lang='grc' dir='ltr'>ὁ</span> <span class='ocrx_word' id='word_1_471' title='bbox 1096 4326 1297 4394; x_wconf 80' lang='grc' dir='ltr'>ἀγαθὸς</span> <span class='ocrx_word' id='word_1_472' title='bbox 1332 4326 1462 4391; x_wconf 84' lang='grc' dir='ltr'>Θεὸς</span> <span class='ocrx_word' id='word_1_473' title='bbox 1506 4328 1595 4379; x_wconf 84' lang='grc' dir='ltr'><strong>τὸν</strong></span> <span class='ocrx_word' id='word_1_474' title='bbox 1625 4327 1697 4398; x_wconf 77' lang='grc' dir='ltr'>μὴ</span> 
     </span>
    </p>
   </div>
   <div class='ocr_carea' id='block_1_62' title="bbox 157 4417 1698 4494">
    <p class='ocr_par' dir='ltr' id='par_1_62' title="bbox 157 4417 1698 4494">
     <span class='ocr_line' id='line_1_62' title="bbox 157 4417 1698 4494; baseline 0.007 -29"><span class='ocrx_word' id='word_1_475' title='bbox 157 4417 444 4486; x_wconf 62' lang='grc' dir='ltr'>τυγχάνοντα</span> <span class='ocrx_word' id='word_1_476' title='bbox 493 4422 599 4491; x_wconf 76' lang='grc' dir='ltr'>τῆς</span> <span class='ocrx_word' id='word_1_477' title='bbox 640 4421 802 4492; x_wconf 46' lang='lat' dir='ltr'><strong>sum;</strong></span> <span class='ocrx_word' id='word_1_478' title='bbox 846 4420 1054 4488; x_wconf 81' lang='grc' dir='ltr'>εἰσάγει</span> <span class='ocrx_word' id='word_1_479' title='bbox 1109 4422 1188 4485; x_wconf 85' lang='grc' dir='ltr'><strong>εἰς</strong></span> <span class='ocrx_word' id='word_1_480' title='bbox 1232 4423 1549 4494; x_wconf 86' lang='grc' dir='ltr'>πειρασμόν·</span> <span class='ocrx_word' id='word_1_481' title='bbox 1604 4424 1698 4478; x_wconf 74' lang='grc' dir='ltr'><strong>καὶ</strong></span> 
     </span>
    </p>
   </div>
   <div class='ocr_carea' id='block_1_63' title="bbox 159 4505 1697 4584">
    <p class='ocr_par' dir='ltr' id='par_1_63' title="bbox 159 4505 1697 4584">
     <span class='ocr_line' id='line_1_63' title="bbox 159 4505 1697 4584; baseline 0.009 -30"><span class='ocrx_word' id='word_1_482' title='bbox 159 4505 195 4555; x_wconf 84' lang='grc' dir='ltr'><strong>εἰ</strong></span> <span class='ocrx_word' id='word_1_483' title='bbox 224 4508 247 4558; x_wconf 80' lang='grc' dir='ltr'>ὁ</span> <span class='ocrx_word' id='word_1_484' title='bbox 279 4508 449 4582; x_wconf 74' lang='grc' dir='ltr'>Πατὴρ</span> <span class='ocrx_word' id='word_1_485' title='bbox 489 4512 587 4565; x_wconf 73' lang='grc' dir='ltr'>τοῦ</span> <span class='ocrx_word' id='word_1_486' title='bbox 632 4513 834 4583; x_wconf 81' lang='grc' dir='ltr'>Κυρίου</span> <span class='ocrx_word' id='word_1_487' title='bbox 867 4510 1232 4584; x_wconf 83' lang='grc' dir='ltr'>παραδίδωσιν</span> <span class='ocrx_word' id='word_1_488' title='bbox 1272 4514 1328 4565; x_wconf 78' lang='grc' dir='ltr'><strong>ἐν</strong></span> <span class='ocrx_word' id='word_1_489' title='bbox 1358 4517 1475 4577; x_wconf 88' lang='grc' dir='ltr'>ταῖς</span> <span class='ocrx_word' id='word_1_490' title='bbox 1510 4514 1697 4568; x_wconf 83' lang='grc' dir='ltr'>ἐπιθυ-</span> 
     </span>
    </p>
   </div>
   <div class='ocr_carea' id='block_1_64' title="bbox 1806 2027 3389 2097">
    <p class='ocr_par' dir='ltr' id='par_1_64' title="bbox 1806 2027 3389 2097">
     <span class='ocr_line' id='line_1_64' title="bbox 1806 2027 3389 2097; baseline 0.001 -20"><span class='ocrx_word' id='word_1_491' title='bbox 1806 2027 1941 2095; x_wconf 81' lang='lat' dir='ltr'><strong>gints</strong></span> <span class='ocrx_word' id='word_1_492' title='bbox 1987 2029 2344 2096; x_wconf 76' lang='lat' dir='ltr'><strong>corruptibilis</strong></span> <span class='ocrx_word' id='word_1_493' title='bbox 2380 2028 2611 2081; x_wconf 82' lang='lat' dir='ltr'><strong>hominis</strong></span> <span class='ocrx_word' id='word_1_494' title='bbox 2657 2038 2705 2081; x_wconf 89' lang='lat' dir='ltr'><strong>et</strong></span> <span class='ocrx_word' id='word_1_495' title='bbox 2749 2028 3020 2081; x_wconf 82' lang='lat' dir='ltr'><strong>volucrum</strong></span> <span class='ocrx_word' id='word_1_496' title='bbox 3064 2036 3111 2080; x_wconf 87' lang='lat' dir='ltr'><strong>et</strong></span> <span class='ocrx_word' id='word_1_497' title='bbox 3152 2029 3389 2097; x_wconf 84' lang='lat' dir='ltr'><strong>quadru-</strong></span> 
     </span>
    </p>
   </div>
   <div class='ocr_carea' id='block_1_65' title="bbox 1802 2119 3387 2189">
    <p class='ocr_par' dir='ltr' id='par_1_65' title="bbox 1802 2119 3387 2189">
     <span class='ocr_line' id='line_1_65' title="bbox 1802 2119 3387 2189; baseline 0.003 -20"><span class='ocrx_word' id='word_1_498' title='bbox 1802 2122 1992 2183; x_wconf 81' lang='lat' dir='ltr'><strong>pedum</strong></span> <span class='ocrx_word' id='word_1_499' title='bbox 2044 2129 2091 2170; x_wconf 77' lang='grc' dir='ltr'><strong>ει</strong></span> <span class='ocrx_word' id='word_1_500' title='bbox 2141 2119 2497 2184; x_wconf 81' lang='lat' dir='ltr'><strong>serpentium;</strong></span> <span class='ocrx_word' id='word_1_501' title='bbox 2546 2128 2761 2187; x_wconf 81' lang='lat' dir='ltr'><strong>propter</strong></span> <span class='ocrx_word' id='word_1_502' title='bbox 2804 2119 2941 2189; x_wconf 88' lang='lat' dir='ltr'><strong>quod</strong></span> <span class='ocrx_word' id='word_1_503' title='bbox 2998 2121 3221 2172; x_wconf 86' lang='lat' dir='ltr'><strong>tradidit</strong></span> <span class='ocrx_word' id='word_1_504' title='bbox 3266 2120 3387 2173; x_wconf 87' lang='lat' dir='ltr'><strong>illos</strong></span> 
     </span>
    </p>
   </div>
   <div class='ocr_carea' id='block_1_66' title="bbox 1810 2208 3386 2277">
    <p class='ocr_par' dir='ltr' id='par_1_66' title="bbox 1810 2208 3386 2277">
     <span class='ocr_line' id='line_1_66' title="bbox 1810 2208 3386 2277; baseline 0.002 -17"><span class='ocrx_word' id='word_1_505' title='bbox 1810 2208 1947 2261; x_wconf 84' lang='lat' dir='ltr'><strong>Deus</strong></span> <span class='ocrx_word' id='word_1_506' title='bbox 1982 2209 2036 2261; x_wconf 86' lang='lat' dir='ltr'><strong>in</strong></span> <span class='ocrx_word' id='word_1_507' title='bbox 2073 2208 2337 2261; x_wconf 85' lang='lat' dir='ltr'><strong>desideria</strong></span> <span class='ocrx_word' id='word_1_508' title='bbox 2381 2212 2556 2262; x_wconf 83' lang='lat' dir='ltr'><strong>cordis</strong></span> <span class='ocrx_word' id='word_1_509' title='bbox 2613 2226 2821 2275; x_wconf 79' lang='lat' dir='ltr'><strong>eorum,</strong></span> <span class='ocrx_word' id='word_1_510' title='bbox 2861 2213 2915 2264; x_wconf 91' lang='lat' dir='ltr'><strong>in</strong></span> <span class='ocrx_word' id='word_1_511' title='bbox 2958 2212 3386 2277; x_wconf 84' lang='lat' dir='ltr'><strong>immunditiam;</strong></span> 
     </span>
    </p>
   </div>
   <div class='ocr_carea' id='block_1_67' title="bbox 1807 2303 3380 2372">
    <p class='ocr_par' dir='ltr' id='par_1_67' title="bbox 1807 2303 3380 2372">
     <span class='ocr_line' id='line_1_67' title="bbox 1807 2303 3380 2372; baseline 0.001 -18"><span class='ocrx_word' id='word_1_512' title='bbox 1807 2312 1864 2354; x_wconf 88' lang='lat' dir='ltr'><strong>ut</strong></span> <span class='ocrx_word' id='word_1_513' title='bbox 1889 2303 2221 2355; x_wconf 81' lang='lat' dir='ltr'><strong>contumeliis</strong></span> <span class='ocrx_word' id='word_1_514' title='bbox 2246 2304 2471 2372; x_wconf 74' lang='lat' dir='ltr'><strong>afﬁciant</strong></span> <span class='ocrx_word' id='word_1_515' title='bbox 2517 2319 2738 2371; x_wconf 87' lang='lat' dir='ltr'><strong>corpora</strong></span> <span class='ocrx_word' id='word_1_516' title='bbox 2766 2319 2863 2355; x_wconf 90' lang='lat' dir='ltr'><strong>sua</strong></span> <span class='ocrx_word' id='word_1_517' title='bbox 2902 2303 2956 2355; x_wconf 91' lang='lat' dir='ltr'><strong>in</strong></span> <span class='ocrx_word' id='word_1_518' title='bbox 2998 2304 3286 2370; x_wconf 89' lang='lat' dir='ltr'><strong>semetipsis</strong></span> <span class='ocrx_word' id='word_1_519' title='bbox 3316 2303 3380 2356; x_wconf 81' lang='grc'><strong>¹⁵.</strong></span> 
     </span>
    </p>
   </div>
   <div class='ocr_carea' id='block_1_68' title="bbox 1806 2392 3384 2463">
    <p class='ocr_par' dir='ltr' id='par_1_68' title="bbox 1806 2392 3384 2463">
     <span class='ocr_line' id='line_1_68' title="bbox 1806 2392 3384 2463; baseline -0.001 -15"><span class='ocrx_word' id='word_1_520' title='bbox 1806 2394 1872 2448; x_wconf 87' lang='lat' dir='ltr'><strong>Et</strong></span> <span class='ocrx_word' id='word_1_521' title='bbox 1904 2394 2062 2463; x_wconf 90' lang='lat' dir='ltr'><strong>paulo</strong></span> <span class='ocrx_word' id='word_1_522' title='bbox 2092 2405 2212 2463; x_wconf 88' lang='lat' dir='ltr'><strong>post</strong></span> <span class='ocrx_word' id='word_1_523' title='bbox 2242 2411 2256 2448; x_wconf 90' lang='lat'><strong>:</strong></span> <span class='ocrx_word' id='word_1_524' title='bbox 2292 2392 2576 2461; x_wconf 81' lang='lat' dir='ltr'><strong>Propterea</strong></span> <span class='ocrx_word' id='word_1_525' title='bbox 2611 2394 2828 2446; x_wconf 88' lang='lat' dir='ltr'><strong>tradidit</strong></span> <span class='ocrx_word' id='word_1_526' title='bbox 2855 2392 2974 2446; x_wconf 87' lang='lat' dir='ltr'><strong>illos</strong></span> <span class='ocrx_word' id='word_1_527' title='bbox 3005 2394 3145 2447; x_wconf 87' lang='lat' dir='ltr'><strong>Deus</strong></span> <span class='ocrx_word' id='word_1_528' title='bbox 3185 2396 3237 2447; x_wconf 90' lang='lat' dir='ltr'><strong>in</strong></span> <span class='ocrx_word' id='word_1_529' title='bbox 3262 2411 3384 2459; x_wconf 87' lang='lat' dir='ltr'><strong>pas-</strong></span> 
     </span>
    </p>
   </div>
   <div class='ocr_carea' id='block_1_69' title="bbox 1804 2484 3383 2554">
    <p class='ocr_par' dir='ltr' id='par_1_69' title="bbox 1804 2484 3383 2554">
     <span class='ocr_line' id='line_1_69' title="bbox 1804 2484 3383 2554; baseline 0 -17"><span class='ocrx_word' id='word_1_530' title='bbox 1804 2488 1976 2539; x_wconf 87' lang='lat' dir='ltr'><strong>siones</strong></span> <span class='ocrx_word' id='word_1_531' title='bbox 2008 2485 2345 2554; x_wconf 74' lang='lat' dir='ltr'><strong>ignominiw;</strong></span> <span class='ocrx_word' id='word_1_532' title='bbox 2374 2501 2492 2537; x_wconf 87' lang='lat' dir='ltr'><strong>nam</strong></span> <span class='ocrx_word' id='word_1_533' title='bbox 2524 2484 2745 2552; x_wconf 66' lang='lat' dir='ltr'><strong>feminae,</strong></span> <span class='ocrx_word' id='word_1_534' title='bbox 2769 2500 2949 2537; x_wconf 88' lang='lat' dir='ltr'><strong>eorum</strong></span> <span class='ocrx_word' id='word_1_535' title='bbox 2979 2484 3383 2537; x_wconf 72' lang='lat' dir='ltr'><strong>inmutaverunt</strong></span> 
     </span>
    </p>
   </div>
   <div class='ocr_carea' id='block_1_70' title="bbox 1805 2578 3381 2645">
    <p class='ocr_par' dir='ltr' id='par_1_70' title="bbox 1805 2578 3381 2645">
     <span class='ocr_line' id='line_1_70' title="bbox 1805 2578 3381 2645; baseline -0.003 -13"><span class='ocrx_word' id='word_1_536' title='bbox 1805 2580 2107 2632; x_wconf 82' lang='lat' dir='ltr'><strong>naturalem</strong></span> <span class='ocrx_word' id='word_1_537' title='bbox 2139 2595 2293 2631; x_wconf 89' lang='lat' dir='ltr'><strong>usum</strong></span> <span class='ocrx_word' id='word_1_538' title='bbox 2322 2583 2375 2630; x_wconf 89' lang='lat' dir='ltr'><strong>in</strong></span> <span class='ocrx_word' id='word_1_539' title='bbox 2406 2594 2526 2630; x_wconf 91' lang='lat' dir='ltr'><strong>eum</strong></span> <span class='ocrx_word' id='word_1_540' title='bbox 2563 2593 2737 2641; x_wconf 80' lang='lat' dir='ltr'><strong>usum,</strong></span> <span class='ocrx_word' id='word_1_541' title='bbox 2768 2578 2857 2645; x_wconf 89' lang='lat' dir='ltr'><strong>qui</strong></span> <span class='ocrx_word' id='word_1_542' title='bbox 2896 2588 2969 2629; x_wconf 90' lang='lat' dir='ltr'><strong>est</strong></span> <span class='ocrx_word' id='word_1_543' title='bbox 3005 2587 3187 2630; x_wconf 90' lang='lat' dir='ltr'><strong>contra</strong></span> <span class='ocrx_word' id='word_1_544' title='bbox 3223 2589 3381 2629; x_wconf 89' lang='lat' dir='ltr'><strong>natu—</strong></span> 
     </span>
    </p>
   </div>
   <div class='ocr_carea' id='block_1_71' title="bbox 1804 2667 3377 2725">
    <p class='ocr_par' dir='ltr' id='par_1_71' title="bbox 1804 2667 3377 2725">
     <span class='ocr_line' id='line_1_71' title="bbox 1804 2667 3377 2725; baseline -0.001 -2"><span class='ocrx_word' id='word_1_545' title='bbox 1804 2688 1938 2725; x_wconf 87' lang='lat' dir='ltr'><strong>ram.</strong></span> <span class='ocrx_word' id='word_1_546' title='bbox 1971 2670 2231 2725; x_wconf 85' lang='lat' dir='ltr'><strong>Similiter</strong></span> <span class='ocrx_word' id='word_1_547' title='bbox 2261 2681 2436 2723; x_wconf 87' lang='lat' dir='ltr'><strong>autent</strong></span> <span class='ocrx_word' id='word_1_548' title='bbox 2466 2681 2511 2724; x_wconf 85' lang='lat' dir='ltr'><strong>et</strong></span> <span class='ocrx_word' id='word_1_549' title='bbox 2541 2670 2765 2722; x_wconf 86' lang='lat' dir='ltr'><strong>masculi</strong></span> <span class='ocrx_word' id='word_1_550' title='bbox 2798 2667 2975 2721; x_wconf 86' lang='lat' dir='ltr'><strong>relicto</strong></span> <span class='ocrx_word' id='word_1_551' title='bbox 3009 2668 3249 2721; x_wconf 85' lang='lat' dir='ltr'><strong>naturali</strong></span> <span class='ocrx_word' id='word_1_552' title='bbox 3278 2686 3377 2721; x_wconf 87' lang='lat' dir='ltr'><strong>usu</strong></span> 
     </span>
    </p>
   </div>
   <div class='ocr_carea' id='block_1_72' title="bbox 1802 2760 3382 2832">
    <p class='ocr_par' dir='ltr' id='par_1_72' title="bbox 1802 2760 3382 2832">
     <span class='ocr_line' id='line_1_72' title="bbox 1802 2760 3382 2832; baseline -0.001 -16"><span class='ocrx_word' id='word_1_553' title='bbox 1802 2764 2010 2832; x_wconf 67' lang='lat' dir='ltr'><strong>femine</strong></span> <span class='ocrx_word' id='word_1_554' title='bbox 2058 2774 2370 2816; x_wconf 77' lang='lat' dir='ltr'><strong>exarserunt</strong></span> <span class='ocrx_word' id='word_1_555' title='bbox 2412 2763 2477 2827; x_wconf 83' lang='grc'>¹⁶,</span> <span class='ocrx_word' id='word_1_556' title='bbox 2521 2772 2575 2815; x_wconf 90' lang='lat' dir='ltr'><strong>et</strong></span> <span class='ocrx_word' id='word_1_557' title='bbox 2629 2760 2858 2827; x_wconf 85' lang='lat' dir='ltr'><strong>reliqua.</strong></span> <span class='ocrx_word' id='word_1_558' title='bbox 2909 2760 2973 2813; x_wconf 83' lang='lat' dir='ltr'><strong>Et</strong></span> <span class='ocrx_word' id='word_1_559' title='bbox 3020 2761 3213 2813; x_wconf 89' lang='lat' dir='ltr'><strong>iterum</strong></span> <span class='ocrx_word' id='word_1_560' title='bbox 3260 2770 3382 2829; x_wconf 89' lang='lat' dir='ltr'><strong>post</strong></span> 
     </span>
    </p>
   </div>
   <div class='ocr_carea' id='block_1_73' title="bbox 1803 2847 3384 2924">
    <p class='ocr_par' dir='ltr' id='par_1_73' title="bbox 1803 2847 3384 2924">
     <span class='ocr_line' id='line_1_73' title="bbox 1803 2847 3384 2924; baseline -0.004 -17"><span class='ocrx_word' id='word_1_561' title='bbox 1803 2870 1970 2924; x_wconf 76' lang='lat' dir='ltr'><strong>pauca</strong></span> <span class='ocrx_word' id='word_1_562' title='bbox 2007 2872 2020 2906; x_wconf 89' lang='lat'>:</span> <span class='ocrx_word' id='word_1_563' title='bbox 2074 2853 2137 2906; x_wconf 79' lang='lat' dir='ltr'><strong>Et</strong></span> <span class='ocrx_word' id='word_1_564' title='bbox 2179 2856 2313 2906; x_wconf 86' lang='lat' dir='ltr'><strong>sicut</strong></span> <span class='ocrx_word' id='word_1_565' title='bbox 2354 2868 2457 2904; x_wconf 92' lang='lat' dir='ltr'><strong>non</strong></span> <span class='ocrx_word' id='word_1_566' title='bbox 2496 2852 2841 2919; x_wconf 77' lang='lat' dir='ltr'><strong>probauerunt</strong></span> <span class='ocrx_word' id='word_1_567' title='bbox 2888 2847 3054 2900; x_wconf 89' lang='lat' dir='ltr'><strong>Deum</strong></span> <span class='ocrx_word' id='word_1_568' title='bbox 3096 2848 3285 2900; x_wconf 83' lang='lat' dir='ltr'><strong>habere</strong></span> <span class='ocrx_word' id='word_1_569' title='bbox 3326 2848 3384 2901; x_wconf 86' lang='lat' dir='ltr'><strong>in</strong></span> 
     </span>
    </p>
   </div>
   <div class='ocr_carea' id='block_1_74' title="bbox 1802 2940 3381 3008">
    <p class='ocr_par' dir='ltr' id='par_1_74' title="bbox 1802 2940 3381 3008">
     <span class='ocr_line' id='line_1_74' title="bbox 1802 2940 3381 3008; baseline -0.004 -9"><span class='ocrx_word' id='word_1_570' title='bbox 1802 2946 2011 3005; x_wconf 85' lang='lat' dir='ltr'><strong>notitia,</strong></span> <span class='ocrx_word' id='word_1_571' title='bbox 2044 2946 2262 2997; x_wconf 88' lang='lat' dir='ltr'><strong>tradidit</strong></span> <span class='ocrx_word' id='word_1_572' title='bbox 2310 2944 2431 2997; x_wconf 88' lang='lat' dir='ltr'><strong>illos</strong></span> <span class='ocrx_word' id='word_1_573' title='bbox 2466 2942 2604 2995; x_wconf 85' lang='lat' dir='ltr'><strong>Deus</strong></span> <span class='ocrx_word' id='word_1_574' title='bbox 2642 2942 2695 2993; x_wconf 89' lang='lat' dir='ltr'><strong>in</strong></span> <span class='ocrx_word' id='word_1_575' title='bbox 2733 2940 3010 3008; x_wconf 87' lang='lat' dir='ltr'><strong>reprobum</strong></span> <span class='ocrx_word' id='word_1_576' title='bbox 3057 2954 3291 3003; x_wconf 85' lang='lat' dir='ltr'><strong>sensum,</strong></span> <span class='ocrx_word' id='word_1_577' title='bbox 3323 2945 3381 2993; x_wconf 69' lang='lat' dir='ltr'><strong>tu</strong></span> 
     </span>
    </p>
   </div>
   <div class='ocr_carea' id='block_1_75' title="bbox 1803 3029 3378 3105">
    <p class='ocr_par' dir='ltr' id='par_1_75' title="bbox 1803 3029 3378 3105">
     <span class='ocr_line' id='line_1_75' title="bbox 1803 3029 3378 3105; baseline -0.005 -15"><span class='ocrx_word' id='word_1_578' title='bbox 1803 3038 2001 3104; x_wconf 80' lang='lat' dir='ltr'><strong>faciant</strong></span> <span class='ocrx_word' id='word_1_579' title='bbox 2043 3054 2102 3089; x_wconf 88' lang='lat' dir='ltr'><strong>ea</strong></span> <span class='ocrx_word' id='word_1_580' title='bbox 2146 3052 2264 3105; x_wconf 76' lang='lat' dir='ltr'><strong>qua:</strong></span> <span class='ocrx_word' id='word_1_581' title='bbox 2311 3052 2415 3088; x_wconf 90' lang='lat' dir='ltr'><strong>non</strong></span> <span class='ocrx_word' id='word_1_582' title='bbox 2464 3033 2772 3086; x_wconf 78' lang='lat' dir='ltr'><strong>conveniunt</strong></span> <span class='ocrx_word' id='word_1_583' title='bbox 2819 3031 2879 3084; x_wconf 84' lang='lat'><strong>&quot;.</strong></span> <span class='ocrx_word' id='word_1_584' title='bbox 2929 3030 3054 3085; x_wconf 71' lang='lat' dir='ltr'><strong>Haec</strong></span> <span class='ocrx_word' id='word_1_585' title='bbox 3098 3031 3166 3084; x_wconf 89' lang='lat' dir='ltr'><strong>iis</strong></span> <span class='ocrx_word' id='word_1_586' title='bbox 3197 3029 3378 3083; x_wconf 86' lang='lat' dir='ltr'><strong>omnia</strong></span> 
     </span>
    </p>
   </div>
   <div class='ocr_carea' id='block_1_76' title="bbox 1802 3124 3377 3195">
    <p class='ocr_par' dir='ltr' id='par_1_76' title="bbox 1802 3124 3377 3195">
     <span class='ocr_line' id='line_1_76' title="bbox 1802 3124 3377 3195; baseline -0.006 -12"><span class='ocrx_word' id='word_1_587' title='bbox 1802 3129 2113 3183; x_wconf 72' lang='lat' dir='ltr'><strong>adducenda</strong></span> <span class='ocrx_word' id='word_1_588' title='bbox 2142 3136 2267 3181; x_wconf 87' lang='lat' dir='ltr'><strong>sunt</strong></span> <span class='ocrx_word' id='word_1_589' title='bbox 2304 3128 2394 3195; x_wconf 90' lang='lat' dir='ltr'><strong>qui</strong></span> <span class='ocrx_word' id='word_1_590' title='bbox 2424 3124 2659 3179; x_wconf 82' lang='lat' dir='ltr'><strong>divinam</strong></span> <span class='ocrx_word' id='word_1_591' title='bbox 2701 3132 2891 3177; x_wconf 87' lang='lat' dir='ltr'><strong>secant</strong></span> <span class='ocrx_word' id='word_1_592' title='bbox 2922 3131 3197 3188; x_wconf 84' lang='lat' dir='ltr'><strong>naturam,</strong></span> <span class='ocrx_word' id='word_1_593' title='bbox 3231 3135 3377 3190; x_wconf 74' lang='lat' dir='ltr'><strong>qua:-</strong></span> 
     </span>
    </p>
   </div>
   <div class='ocr_carea' id='block_1_77' title="bbox 1804 3215 3380 3288">
    <p class='ocr_par' dir='ltr' id='par_1_77' title="bbox 1804 3215 3380 3288">
     <span class='ocr_line' id='line_1_77' title="bbox 1804 3215 3380 3288; baseline -0.006 -13"><span class='ocrx_word' id='word_1_594' title='bbox 1804 3222 2142 3288; x_wconf 87' lang='lat' dir='ltr'><strong>rcndumque</strong></span> <span class='ocrx_word' id='word_1_595' title='bbox 2185 3220 2253 3273; x_wconf 85' lang='lat' dir='ltr'><strong>ab</strong></span> <span class='ocrx_word' id='word_1_596' title='bbox 2302 3220 2382 3273; x_wconf 88' lang='lat' dir='ltr'><strong>eis</strong></span> <span class='ocrx_word' id='word_1_597' title='bbox 2435 3218 2596 3271; x_wconf 87' lang='lat' dir='ltr'><strong>alium</strong></span> <span class='ocrx_word' id='word_1_598' title='bbox 2650 3230 2771 3270; x_wconf 88' lang='lat' dir='ltr'><strong>esse</strong></span> <span class='ocrx_word' id='word_1_599' title='bbox 2816 3215 3129 3285; x_wconf 88' lang='lat' dir='ltr'><strong>putantibus</strong></span> <span class='ocrx_word' id='word_1_600' title='bbox 3176 3215 3380 3267; x_wconf 90' lang='lat' dir='ltr'><strong>bonum</strong></span> 
     </span>
    </p>
   </div>
   <div class='ocr_carea' id='block_1_78' title="bbox 1808 3304 3381 3377">
    <p class='ocr_par' dir='ltr' id='par_1_78' title="bbox 1808 3304 3381 3377">
     <span class='ocr_line' id='line_1_78' title="bbox 1808 3304 3381 3377; baseline -0.004 -12"><span class='ocrx_word' id='word_1_601' title='bbox 1808 3312 2023 3365; x_wconf 88' lang='lat' dir='ltr'><strong>Domini</strong></span> <span class='ocrx_word' id='word_1_602' title='bbox 2069 3311 2240 3364; x_wconf 89' lang='lat' dir='ltr'><strong>nostri</strong></span> <span class='ocrx_word' id='word_1_603' title='bbox 2282 3310 2496 3363; x_wconf 81' lang='lat' dir='ltr'><strong>Patrem</strong></span> <span class='ocrx_word' id='word_1_604' title='bbox 2533 3324 2561 3361; x_wconf 90' lang='lat' dir='ltr'><strong>a</strong></span> <span class='ocrx_word' id='word_1_605' title='bbox 2598 3308 2707 3361; x_wconf 85' lang='lat' dir='ltr'><strong>Deo</strong></span> <span class='ocrx_word' id='word_1_606' title='bbox 2742 3307 2894 3377; x_wconf 86' lang='lat' dir='ltr'><strong>legis,</strong></span> <span class='ocrx_word' id='word_1_607' title='bbox 2927 3322 2992 3358; x_wconf 86' lang='lat' dir='ltr'><strong>an</strong></span> <span class='ocrx_word' id='word_1_608' title='bbox 3030 3305 3202 3359; x_wconf 89' lang='lat' dir='ltr'><strong>bonus</strong></span> <span class='ocrx_word' id='word_1_609' title='bbox 3238 3304 3381 3358; x_wconf 82' lang='lat' dir='ltr'><strong>Deus</strong></span> 
     </span>
    </p>
   </div>
   <div class='ocr_carea' id='block_1_79' title="bbox 1804 3395 3382 3473">
    <p class='ocr_par' dir='ltr' id='par_1_79' title="bbox 1804 3395 3382 3473">
     <span class='ocr_line' id='line_1_79' title="bbox 1804 3395 3382 3473; baseline -0.006 -15"><span class='ocrx_word' id='word_1_610' title='bbox 1804 3420 1926 3459; x_wconf 87' lang='lat' dir='ltr'><strong>eum</strong></span> <span class='ocrx_word' id='word_1_611' title='bbox 1972 3406 2063 3473; x_wconf 88' lang='lat' dir='ltr'><strong>qui</strong></span> <span class='ocrx_word' id='word_1_612' title='bbox 2098 3403 2348 3456; x_wconf 86' lang='lat' dir='ltr'><strong>oratione</strong></span> <span class='ocrx_word' id='word_1_613' title='bbox 2392 3401 2566 3471; x_wconf 88' lang='lat' dir='ltr'><strong>petita</strong></span> <span class='ocrx_word' id='word_1_614' title='bbox 2613 3415 2718 3453; x_wconf 90' lang='lat' dir='ltr'><strong>non</strong></span> <span class='ocrx_word' id='word_1_615' title='bbox 2751 3398 3125 3466; x_wconf 84' lang='lat' dir='ltr'><strong>consequitur,</strong></span> <span class='ocrx_word' id='word_1_616' title='bbox 3159 3395 3382 3450; x_wconf 78' lang='lat' dir='ltr'><strong>inducat</strong></span> 
     </span>
    </p>
   </div>
   <div class='ocr_carea' id='block_1_80' title="bbox 1806 3489 3380 3559">
    <p class='ocr_par' dir='ltr' id='par_1_80' title="bbox 1806 3489 3380 3559">
     <span class='ocr_line' id='line_1_80' title="bbox 1806 3489 3380 3559; baseline -0.004 -11"><span class='ocrx_word' id='word_1_617' title='bbox 1806 3495 2285 3559; x_wconf 88' lang='lat' dir='ltr'><strong>intentationem;</strong></span> <span class='ocrx_word' id='word_1_618' title='bbox 2332 3509 2402 3546; x_wconf 90' lang='lat' dir='ltr'><strong>an</strong></span> <span class='ocrx_word' id='word_1_619' title='bbox 2439 3492 2598 3545; x_wconf 85' lang='lat' dir='ltr'><strong>Pater</strong></span> <span class='ocrx_word' id='word_1_620' title='bbox 2647 3491 2857 3545; x_wconf 91' lang='lat' dir='ltr'><strong>Domini</strong></span> <span class='ocrx_word' id='word_1_621' title='bbox 2898 3490 3075 3543; x_wconf 83' lang='lat' dir='ltr'><strong>tradat</strong></span> <span class='ocrx_word' id='word_1_622' title='bbox 3120 3502 3235 3551; x_wconf 87' lang='lat' dir='ltr'><strong>eos,</strong></span> <span class='ocrx_word' id='word_1_623' title='bbox 3286 3489 3380 3555; x_wconf 89' lang='lat' dir='ltr'><strong>qui</strong></span> 
     </span>
    </p>
   </div>
   <div class='ocr_carea' id='block_1_81' title="bbox 1804 3579 3380 3655">
    <p class='ocr_par' dir='ltr' id='par_1_81' title="bbox 1804 3579 3380 3655">
     <span class='ocr_line' id='line_1_81' title="bbox 1804 3579 3380 3655; baseline -0.005 -17"><span class='ocrx_word' id='word_1_624' title='bbox 1804 3585 2004 3654; x_wconf 88' lang='lat' dir='ltr'><strong>aliquid</strong></span> <span class='ocrx_word' id='word_1_625' title='bbox 2029 3595 2185 3640; x_wconf 85' lang='lat' dir='ltr'><strong>antea</strong></span> <span class='ocrx_word' id='word_1_626' title='bbox 2215 3594 2595 3655; x_wconf 78' lang='lat' dir='ltr'><strong>peccaverunt,</strong></span> <span class='ocrx_word' id='word_1_627' title='bbox 2621 3583 2671 3635; x_wconf 91' lang='lat' dir='ltr'><strong>in</strong></span> <span class='ocrx_word' id='word_1_628' title='bbox 2697 3581 2962 3636; x_wconf 86' lang='lat' dir='ltr'><strong>desideria</strong></span> <span class='ocrx_word' id='word_1_629' title='bbox 2986 3579 3166 3635; x_wconf 85' lang='lat' dir='ltr'><strong>cordis</strong></span> <span class='ocrx_word' id='word_1_630' title='bbox 3189 3592 3380 3632; x_wconf 84' lang='lat' dir='ltr'><strong>eorum</strong></span> 
     </span>
    </p>
   </div>
   <div class='ocr_carea' id='block_1_82' title="bbox 1804 3672 3377 3740">
    <p class='ocr_par' dir='ltr' id='par_1_82' title="bbox 1804 3672 3377 3740">
     <span class='ocr_line' id='line_1_82' title="bbox 1804 3672 3377 3740; baseline -0.008 -6"><span class='ocrx_word' id='word_1_631' title='bbox 1804 3680 1859 3734; x_wconf 91' lang='lat' dir='ltr'><strong>in</strong></span> <span class='ocrx_word' id='word_1_632' title='bbox 1916 3679 2318 3733; x_wconf 77' lang='lat' dir='ltr'><strong>immunditiam</strong></span> <span class='ocrx_word' id='word_1_633' title='bbox 2364 3686 2423 3731; x_wconf 88' lang='lat' dir='ltr'><strong>ut</strong></span> <span class='ocrx_word' id='word_1_634' title='bbox 2466 3676 2813 3731; x_wconf 84' lang='lat' dir='ltr'><strong>contumeliis</strong></span> <span class='ocrx_word' id='word_1_635' title='bbox 2859 3672 3097 3728; x_wconf 82' lang='lat' dir='ltr'><strong>alliciant</strong></span> <span class='ocrx_word' id='word_1_636' title='bbox 3148 3685 3377 3740; x_wconf 87' lang='lat' dir='ltr'><strong>corpora</strong></span> 
     </span>
    </p>
   </div>
   <div class='ocr_carea' id='block_1_83' title="bbox 1802 3763 3382 3838">
    <p class='ocr_par' dir='ltr' id='par_1_83' title="bbox 1802 3763 3382 3838">
     <span class='ocr_line' id='line_1_83' title="bbox 1802 3763 3382 3838; baseline -0.008 -13"><span class='ocrx_word' id='word_1_637' title='bbox 1802 3787 1897 3825; x_wconf 70' lang='lat' dir='ltr'><strong>sm</strong></span> <span class='ocrx_word' id='word_1_638' title='bbox 1944 3772 1996 3825; x_wconf 91' lang='lat' dir='ltr'><strong>in</strong></span> <span class='ocrx_word' id='word_1_639' title='bbox 2039 3771 2378 3838; x_wconf 84' lang='lat' dir='ltr'><strong>semetipsis;</strong></span> <span class='ocrx_word' id='word_1_640' title='bbox 2417 3785 2507 3833; x_wconf 86' lang='lat' dir='ltr'><strong>an,</strong></span> <span class='ocrx_word' id='word_1_641' title='bbox 2548 3778 2605 3822; x_wconf 86' lang='lat' dir='ltr'><strong>ut</strong></span> <span class='ocrx_word' id='word_1_642' title='bbox 2640 3767 2740 3837; x_wconf 88' lang='lat' dir='ltr'><strong>ipsi</strong></span> <span class='ocrx_word' id='word_1_643' title='bbox 2785 3766 2991 3830; x_wconf 82' lang='lat' dir='ltr'><strong>dicunt,</strong></span> <span class='ocrx_word' id='word_1_644' title='bbox 3018 3763 3220 3831; x_wconf 81' lang='lat' dir='ltr'><strong>judicio</strong></span> <span class='ocrx_word' id='word_1_645' title='bbox 3253 3778 3382 3833; x_wconf 84' lang='lat' dir='ltr'><strong>sup-</strong></span> 
     </span>
    </p>
   </div>
   <div class='ocr_carea' id='block_1_84' title="bbox 1804 3857 3380 3935">
    <p class='ocr_par' dir='ltr' id='par_1_84' title="bbox 1804 3857 3380 3935">
     <span class='ocr_line' id='line_1_84' title="bbox 1804 3857 3380 3935; baseline -0.004 -17"><span class='ocrx_word' id='word_1_646' title='bbox 1804 3866 2070 3935; x_wconf 88' lang='lat' dir='ltr'><strong>plicioque</strong></span> <span class='ocrx_word' id='word_1_647' title='bbox 2102 3864 2339 3928; x_wconf 88' lang='lat' dir='ltr'><strong>omissis,</strong></span> <span class='ocrx_word' id='word_1_648' title='bbox 2366 3864 2543 3916; x_wconf 81' lang='lat' dir='ltr'><strong>tradat</strong></span> <span class='ocrx_word' id='word_1_649' title='bbox 2573 3862 2625 3914; x_wconf 92' lang='lat' dir='ltr'><strong>in</strong></span> <span class='ocrx_word' id='word_1_650' title='bbox 2670 3862 2949 3929; x_wconf 83' lang='lat' dir='ltr'><strong>passiones</strong></span> <span class='ocrx_word' id='word_1_651' title='bbox 2987 3857 3297 3928; x_wconf 69' lang='lat' dir='ltr'><strong>ignominia:</strong></span> <span class='ocrx_word' id='word_1_652' title='bbox 3323 3866 3380 3911; x_wconf 86' lang='lat' dir='ltr'><strong>et</strong></span> 
     </span>
    </p>
   </div>
   <div class='ocr_carea' id='block_1_85' title="bbox 1804 3953 3385 4026">
    <p class='ocr_par' dir='ltr' id='par_1_85' title="bbox 1804 3953 3385 4026">
     <span class='ocr_line' id='line_1_85' title="bbox 1804 3953 3385 4026; baseline -0.004 -18"><span class='ocrx_word' id='word_1_653' title='bbox 1804 3958 1855 4009; x_wconf 89' lang='lat' dir='ltr'><strong>in</strong></span> <span class='ocrx_word' id='word_1_654' title='bbox 1903 3958 2194 4026; x_wconf 88' lang='lat' dir='ltr'><strong>reprobum</strong></span> <span class='ocrx_word' id='word_1_655' title='bbox 2234 3969 2476 4017; x_wconf 85' lang='lat' dir='ltr'><strong>sensum,</strong></span> <span class='ocrx_word' id='word_1_656' title='bbox 2510 3963 2570 4006; x_wconf 91' lang='lat' dir='ltr'><strong>ut</strong></span> <span class='ocrx_word' id='word_1_657' title='bbox 2606 3953 2805 4008; x_wconf 73' lang='lat' dir='ltr'><strong>faciant</strong></span> <span class='ocrx_word' id='word_1_658' title='bbox 2849 3967 2910 4005; x_wconf 86' lang='lat' dir='ltr'><strong>ea</strong></span> <span class='ocrx_word' id='word_1_659' title='bbox 2941 3964 3063 4020; x_wconf 59' lang='lat' dir='ltr'><strong>quae</strong></span> <span class='ocrx_word' id='word_1_660' title='bbox 3098 3964 3203 4003; x_wconf 92' lang='lat' dir='ltr'><strong>non</strong></span> <span class='ocrx_word' id='word_1_661' title='bbox 3247 3964 3385 4003; x_wconf 77' lang='lat' dir='ltr'><strong>con-</strong></span> 
     </span>
    </p>
   </div>
   <div class='ocr_carea' id='block_1_86' title="bbox 1805 4046 3379 4116">
    <p class='ocr_par' dir='ltr' id='par_1_86' title="bbox 1805 4046 3379 4116">
     <span class='ocr_line' id='line_1_86' title="bbox 1805 4046 3379 4116; baseline -0.004 -15"><span class='ocrx_word' id='word_1_662' title='bbox 1805 4050 2059 4113; x_wconf 85' lang='lat' dir='ltr'><strong>veniunt;</strong></span> <span class='ocrx_word' id='word_1_663' title='bbox 2092 4046 2247 4116; x_wconf 75' lang='lat' dir='ltr'><strong>quasi</strong></span> <span class='ocrx_word' id='word_1_664' title='bbox 2301 4047 2352 4100; x_wconf 91' lang='lat' dir='ltr'><strong>in</strong></span> <span class='ocrx_word' id='word_1_665' title='bbox 2390 4046 2676 4100; x_wconf 80' lang='lat' dir='ltr'><strong>desideriis</strong></span> <span class='ocrx_word' id='word_1_666' title='bbox 2720 4046 2970 4101; x_wconf 88' lang='lat' dir='ltr'><strong>cordium</strong></span> <span class='ocrx_word' id='word_1_667' title='bbox 3002 4057 3229 4097; x_wconf 89' lang='lat' dir='ltr'><strong>suorum</strong></span> <span class='ocrx_word' id='word_1_668' title='bbox 3269 4057 3379 4095; x_wconf 89' lang='lat' dir='ltr'><strong>non</strong></span> 
     </span>
    </p>
   </div>
   <div class='ocr_carea' id='block_1_87' title="bbox 1802 4136 3387 4208">
    <p class='ocr_par' dir='ltr' id='par_1_87' title="bbox 1802 4136 3387 4208">
     <span class='ocr_line' id='line_1_87' title="bbox 1802 4136 3387 4208; baseline -0.005 -12"><span class='ocrx_word' id='word_1_669' title='bbox 1802 4149 1985 4196; x_wconf 86' lang='lat' dir='ltr'><strong>essent</strong></span> <span class='ocrx_word' id='word_1_670' title='bbox 2020 4141 2121 4193; x_wconf 83' lang='lat' dir='ltr'><strong>nisi</strong></span> <span class='ocrx_word' id='word_1_671' title='bbox 2174 4138 2310 4208; x_wconf 85' lang='lat' dir='ltr'><strong>ipsis</strong></span> <span class='ocrx_word' id='word_1_672' title='bbox 2346 4154 2373 4190; x_wconf 89' lang='lat' dir='ltr'><strong>a</strong></span> <span class='ocrx_word' id='word_1_673' title='bbox 2426 4137 2534 4192; x_wconf 89' lang='lat' dir='ltr'><strong>Deo</strong></span> <span class='ocrx_word' id='word_1_674' title='bbox 2580 4138 2784 4201; x_wconf 84' lang='lat' dir='ltr'><strong>traditi,</strong></span> <span class='ocrx_word' id='word_1_675' title='bbox 2823 4151 2998 4205; x_wconf 88' lang='lat' dir='ltr'><strong>neque</strong></span> <span class='ocrx_word' id='word_1_676' title='bbox 3039 4136 3387 4206; x_wconf 85' lang='lat' dir='ltr'><strong>passionibus</strong></span> 
     </span>
    </p>
   </div>
   <div class='ocr_carea' id='block_1_88' title="bbox 1811 4227 3381 4299">
    <p class='ocr_par' dir='ltr' id='par_1_88' title="bbox 1811 4227 3381 4299">
     <span class='ocr_line' id='line_1_88' title="bbox 1811 4227 3381 4299; baseline -0.003 -15"><span class='ocrx_word' id='word_1_677' title='bbox 1811 4231 2125 4299; x_wconf 68' lang='lat' dir='ltr'><strong>ignominiae</strong></span> <span class='ocrx_word' id='word_1_678' title='bbox 2156 4230 2572 4283; x_wconf 73' lang='lat' dir='ltr'><strong>succubuissent</strong></span> <span class='ocrx_word' id='word_1_679' title='bbox 2607 4228 2710 4281; x_wconf 79' lang='lat' dir='ltr'><strong>nisi</strong></span> <span class='ocrx_word' id='word_1_680' title='bbox 2754 4229 2938 4283; x_wconf 86' lang='lat' dir='ltr'><strong>traditi</strong></span> <span class='ocrx_word' id='word_1_681' title='bbox 2976 4244 3005 4282; x_wconf 89' lang='lat' dir='ltr'><strong>a</strong></span> <span class='ocrx_word' id='word_1_682' title='bbox 3039 4227 3167 4293; x_wconf 84' lang='lat' dir='ltr'><strong>Deo,</strong></span> <span class='ocrx_word' id='word_1_683' title='bbox 3205 4242 3381 4295; x_wconf 84' lang='lat' dir='ltr'><strong>neque</strong></span> 
     </span>
    </p>
   </div>
   <div class='ocr_carea' id='block_1_89' title="bbox 1803 4312 3379 4388">
    <p class='ocr_par' dir='ltr' id='par_1_89' title="bbox 1803 4312 3379 4388">
     <span class='ocr_line' id='line_1_89' title="bbox 1803 4312 3379 4388; baseline -0.004 -12"><span class='ocrx_word' id='word_1_684' title='bbox 1803 4325 1855 4376; x_wconf 93' lang='lat' dir='ltr'><strong>in</strong></span> <span class='ocrx_word' id='word_1_685' title='bbox 1885 4338 2110 4376; x_wconf 85' lang='lat' dir='ltr'><strong>sensum</strong></span> <span class='ocrx_word' id='word_1_686' title='bbox 2150 4320 2438 4388; x_wconf 89' lang='lat' dir='ltr'><strong>reprobum</strong></span> <span class='ocrx_word' id='word_1_687' title='bbox 2478 4319 2792 4372; x_wconf 87' lang='lat' dir='ltr'><strong>incidissent</strong></span> <span class='ocrx_word' id='word_1_688' title='bbox 2833 4318 2932 4371; x_wconf 91' lang='lat' dir='ltr'><strong>nisi</strong></span> <span class='ocrx_word' id='word_1_689' title='bbox 2973 4317 3111 4371; x_wconf 87' lang='lat' dir='ltr'><strong>Deus</strong></span> <span class='ocrx_word' id='word_1_690' title='bbox 3148 4312 3266 4369; x_wconf 85' lang='lat' dir='ltr'><strong>illos</strong></span> <span class='ocrx_word' id='word_1_691' title='bbox 3296 4314 3379 4369; x_wconf 87' lang='lat' dir='ltr'><strong>sic</strong></span> 
     </span>
    </p>
   </div>
   <div class='ocr_carea' id='block_1_90' title="bbox 1799 4409 3378 4480">
    <p class='ocr_par' dir='ltr' id='par_1_90' title="bbox 1799 4409 3378 4480">
     <span class='ocr_line' id='line_1_90' title="bbox 1799 4409 3378 4480; baseline -0.006 -12"><span class='ocrx_word' id='word_1_692' title='bbox 1799 4416 2084 4469; x_wconf 89' lang='lat' dir='ltr'><strong>damnatos</strong></span> <span class='ocrx_word' id='word_1_693' title='bbox 2130 4414 2177 4467; x_wconf 88' lang='lat' dir='ltr'><strong>ei</strong></span> <span class='ocrx_word' id='word_1_694' title='bbox 2219 4413 2555 4466; x_wconf 85' lang='lat' dir='ltr'><strong>tradidisset.</strong></span> <span class='ocrx_word' id='word_1_695' title='bbox 2606 4410 2701 4464; x_wconf 92' lang='lat' dir='ltr'><strong>llis</strong></span> <span class='ocrx_word' id='word_1_696' title='bbox 2736 4410 2854 4465; x_wconf 89' lang='lat' dir='ltr'><strong>illos</strong></span> <span class='ocrx_word' id='word_1_697' title='bbox 2898 4410 3063 4480; x_wconf 85' lang='lat' dir='ltr'><strong>probe</strong></span> <span class='ocrx_word' id='word_1_698' title='bbox 3104 4409 3225 4462; x_wconf 87' lang='lat' dir='ltr'><strong>novi</strong></span> <span class='ocrx_word' id='word_1_699' title='bbox 3265 4416 3378 4459; x_wconf 85' lang='lat' dir='ltr'><strong>tur-</strong></span> 
     </span>
    </p>
   </div>
   <div class='ocr_carea' id='block_1_91' title="bbox 1800 4500 3376 4562">
    <p class='ocr_par' dir='ltr' id='par_1_91' title="bbox 1800 4500 3376 4562">
     <span class='ocr_line' id='line_1_91' title="bbox 1800 4500 3376 4562; baseline -0.004 -1"><span class='ocrx_word' id='word_1_700' title='bbox 1800 4509 1981 4562; x_wconf 86' lang='lat' dir='ltr'><strong>batum</strong></span> <span class='ocrx_word' id='word_1_701' title='bbox 2008 4506 2070 4559; x_wconf 91' lang='lat' dir='ltr'><strong>iri</strong></span> <span class='ocrx_word' id='word_1_702' title='bbox 2096 4504 2469 4558; x_wconf 77' lang='lat' dir='ltr'><strong>vehementer.</strong></span> <span class='ocrx_word' id='word_1_703' title='bbox 2490 4502 2698 4558; x_wconf 87' lang='lat' dir='ltr'><strong>Idcirco</strong></span> <span class='ocrx_word' id='word_1_704' title='bbox 2721 4502 2883 4557; x_wconf 90' lang='lat' dir='ltr'><strong>alium</strong></span> <span class='ocrx_word' id='word_1_705' title='bbox 2910 4503 3183 4556; x_wconf 77' lang='lat' dir='ltr'><strong>tinxerunt</strong></span> <span class='ocrx_word' id='word_1_706' title='bbox 3206 4500 3376 4554; x_wconf 88' lang='lat' dir='ltr'><strong>Deum</strong></span> 
     </span>
    </p>
   </div>
   <div class='ocr_carea' id='block_1_92' title="bbox 162 4592 1702 4677">
    <p class='ocr_par' dir='ltr' id='par_1_92' title="bbox 162 4597 1695 4677">
     <span class='ocr_line' id='line_1_92' title="bbox 162 4597 1695 4677; baseline 0.008 -30"><span class='ocrx_word' id='word_1_707' title='bbox 162 4597 283 4663; x_wconf 69' lang='grc' dir='ltr'>μίαις</span> <span class='ocrx_word' id='word_1_708' title='bbox 311 4602 409 4655; x_wconf 81' lang='grc' dir='ltr'><strong>τῶν</strong></span> <span class='ocrx_word' id='word_1_709' title='bbox 435 4604 671 4675; x_wconf 81' lang='grc' dir='ltr'>καρδιῶν</span> <span class='ocrx_word' id='word_1_710' title='bbox 698 4607 825 4667; x_wconf 72' lang='grc' dir='ltr'>τοὺς</span> <span class='ocrx_word' id='word_1_711' title='bbox 844 4606 1344 4677; x_wconf 80' lang='grc' dir='ltr'>προημαρτηκότας</span> <span class='ocrx_word' id='word_1_712' title='bbox 1364 4626 1436 4669; x_wconf 87' lang='grc' dir='ltr'><strong>τι,</strong></span> <span class='ocrx_word' id='word_1_713' title='bbox 1466 4609 1544 4671; x_wconf 87' lang='grc' dir='ltr'><strong>εἰς</strong></span> <span class='ocrx_word' id='word_1_714' title='bbox 1567 4608 1695 4660; x_wconf 79' lang='grc' dir='ltr'>ἁκαι</span> 
     </span>
    </p>
   </div>
   <div class='ocr_carea' id='block_1_93' title="bbox 1806 4592 3378 4677">
    <p class='ocr_par' dir='ltr' id='par_1_93' title="bbox 1806 4592 3378 4670">
     <span class='ocr_line' id='line_1_93' title="bbox 1806 4592 3378 4670; baseline -0.003 -17"><span class='ocrx_word' id='word_1_715' title='bbox 1806 4608 1998 4670; x_wconf 85' lang='lat' dir='ltr'><strong>pra-ter</strong></span> <span class='ocrx_word' id='word_1_716' title='bbox 2039 4610 2342 4651; x_wconf 79' lang='lat' dir='ltr'><strong>creatorem</strong></span> <span class='ocrx_word' id='word_1_717' title='bbox 2388 4598 2507 4653; x_wconf 71' lang='grc' dir='ltr'><strong>εωιί</strong></span> <span class='ocrx_word' id='word_1_718' title='bbox 2564 4606 2619 4651; x_wconf 90' lang='lat' dir='ltr'><strong>et.</strong></span> <span class='ocrx_word' id='word_1_719' title='bbox 2653 4608 2830 4663; x_wconf 81' lang='lat' dir='ltr'><strong>teme,</strong></span> <span class='ocrx_word' id='word_1_720' title='bbox 2884 4596 3009 4665; x_wconf 88' lang='lat' dir='ltr'><strong>quia</strong></span> <span class='ocrx_word' id='word_1_721' title='bbox 3058 4609 3181 4649; x_wconf 90' lang='lat' dir='ltr'><strong>cum</strong></span> <span class='ocrx_word' id='word_1_722' title='bbox 3231 4592 3378 4661; x_wconf 85' lang='lat' dir='ltr'><strong>ejus-</strong></span> 
     </span>
    </p>
   </div>
   <div class='ocr_carea' id='block_1_94' title="bbox 160 4685 1693 4769">
    <p class='ocr_par' dir='ltr' id='par_1_94' title="bbox 160 4685 1693 4769">
     <span class='ocr_line' id='line_1_94' title="bbox 160 4685 1693 4769; baseline 0.006 -27"><span class='ocrx_word' id='word_1_723' title='bbox 160 4685 346 4761; x_wconf 66' lang='grc' dir='ltr'>θερείαν</span> <span class='ocrx_word' id='word_1_724' title='bbox 378 4696 467 4749; x_wconf 77' lang='grc' dir='ltr'>τοῦ</span> <span class='ocrx_word' id='word_1_725' title='bbox 503 4697 869 4767; x_wconf 78' lang='grc' dir='ltr'>ἀτιμάζεσθαι</span> <span class='ocrx_word' id='word_1_726' title='bbox 905 4700 973 4752; x_wconf 76' lang='grc' dir='ltr'>τὰ</span> <span class='ocrx_word' id='word_1_727' title='bbox 1018 4698 1244 4769; x_wconf 80' lang='grc' dir='ltr'>σώματα</span> <span class='ocrx_word' id='word_1_728' title='bbox 1277 4698 1455 4751; x_wconf 73' lang='grc' dir='ltr'>αὐτῶν</span> <span class='ocrx_word' id='word_1_729' title='bbox 1493 4700 1551 4751; x_wconf 88' lang='grc' dir='ltr'>ὲν</span> <span class='ocrx_word' id='word_1_730' title='bbox 1593 4699 1693 4751; x_wconf 73' lang='grc' dir='ltr'><strong>αὖ·</strong></span> 
     </span>
    </p>
   </div>
   <div class='ocr_carea' id='block_1_95' title="bbox 159 4783 1695 4864">
    <p class='ocr_par' dir='ltr' id='par_1_95' title="bbox 159 4783 1695 4864">
     <span class='ocr_line' id='line_1_95' title="bbox 159 4783 1695 4864; baseline 0.009 -35"><span class='ocrx_word' id='word_1_731' title='bbox 159 4783 248 4844; x_wconf 81' lang='grc' dir='ltr'>τοῖς</span> <span class='ocrx_word' id='word_1_732' title='bbox 266 4801 277 4813; x_wconf 91' lang='grc'>·</span> <span class='ocrx_word' id='word_1_733' title='bbox 307 4788 391 4839; x_wconf 70' lang='grc' dir='ltr'><strong>καὶ</strong></span> <span class='ocrx_word' id='word_1_734' title='bbox 415 4792 480 4852; x_wconf 83' lang='grc' dir='ltr'><strong>εἰ,</strong></span> <span class='ocrx_word' id='word_1_735' title='bbox 507 4791 588 4853; x_wconf 85' lang='grc' dir='ltr'>ὼς</span> <span class='ocrx_word' id='word_1_736' title='bbox 617 4791 769 4843; x_wconf 78' lang='grc' dir='ltr'>αὐτοί</span> <span class='ocrx_word' id='word_1_737' title='bbox 792 4808 947 4860; x_wconf 80' lang='grc' dir='ltr'>φασι,</span> <span class='ocrx_word' id='word_1_738' title='bbox 974 4790 1068 4844; x_wconf 71' lang='grc' dir='ltr'>τοῦ</span> <span class='ocrx_word' id='word_1_739' title='bbox 1095 4791 1298 4864; x_wconf 89' lang='grc' dir='ltr'>κρίνειν</span> <span class='ocrx_word' id='word_1_740' title='bbox 1323 4791 1418 4844; x_wconf 70' lang='grc' dir='ltr'><strong>καὶ</strong></span> <span class='ocrx_word' id='word_1_741' title='bbox 1447 4790 1695 4853; x_wconf 75' lang='grc' dir='ltr'>κολάζειν</span> 
     </span>
    </p>
   </div>
   <div class='ocr_carea' id='block_1_96' title="bbox 161 4869 1697 4953">
    <p class='ocr_par' dir='ltr' id='par_1_96' title="bbox 161 4869 1697 4953">
     <span class='ocr_line' id='line_1_96' title="bbox 161 4869 1697 4953; baseline 0.008 -32"><span class='ocrx_word' id='word_1_742' title='bbox 161 4869 545 4948; x_wconf 77' lang='grc' dir='ltr'>ἀπηλλαγμένος,</span> <span class='ocrx_word' id='word_1_743' title='bbox 573 4882 938 4952; x_wconf 84' lang='grc' dir='ltr'>παραδίδωσιν</span> <span class='ocrx_word' id='word_1_744' title='bbox 961 4884 1039 4945; x_wconf 89' lang='grc' dir='ltr'><strong>εἰς</strong></span> <span class='ocrx_word' id='word_1_745' title='bbox 1070 4882 1215 4953; x_wconf 85' lang='grc' dir='ltr'>πάθη</span> <span class='ocrx_word' id='word_1_746' title='bbox 1250 4880 1470 4951; x_wconf 80' lang='grc' dir='ltr'>ἀτιμίας</span> <span class='ocrx_word' id='word_1_747' title='bbox 1498 4882 1591 4933; x_wconf 76' lang='grc' dir='ltr'><strong>καὶ</strong></span> <span class='ocrx_word' id='word_1_748' title='bbox 1618 4883 1697 4943; x_wconf 87' lang='grc' dir='ltr'><strong>εἰς</strong></span> 
     </span>
    </p>
   </div>
   <div class='ocr_carea' id='block_1_97' title="bbox 118 4962 1696 5046">
    <p class='ocr_par' dir='ltr' id='par_1_97' title="bbox 118 4962 1696 5046">
     <span class='ocr_line' id='line_1_97' title="bbox 118 4962 1696 5046; baseline 0.008 -33"><span class='ocrx_word' id='word_1_749' title='bbox 118 5026 123 5031; x_wconf 25' lang='grc'><strong>⁵</strong></span> <span class='ocrx_word' id='word_1_750' title='bbox 164 4962 373 5037; x_wconf 74' lang='grc' dir='ltr'>ἀδόκιμον</span> <span class='ocrx_word' id='word_1_751' title='bbox 394 4972 513 5026; x_wconf 68' lang='grc' dir='ltr'>νοῦν</span> <span class='ocrx_word' id='word_1_752' title='bbox 538 4977 709 5027; x_wconf 79' lang='grc' dir='ltr'>ποιεῖν</span> <span class='ocrx_word' id='word_1_753' title='bbox 729 4975 796 5028; x_wconf 80' lang='grc' dir='ltr'>τὰ</span> <span class='ocrx_word' id='word_1_754' title='bbox 825 4974 897 5045; x_wconf 84' lang='grc' dir='ltr'>μὴ</span> <span class='ocrx_word' id='word_1_755' title='bbox 924 4975 1229 5046; x_wconf 81' lang='grc' dir='ltr'>καθήκοντα</span> <span class='ocrx_word' id='word_1_756' title='bbox 1248 4992 1260 5004; x_wconf 88' lang='grc'><strong>·</strong></span> <span class='ocrx_word' id='word_1_757' title='bbox 1288 4975 1388 5028; x_wconf 78' lang='grc' dir='ltr'><strong>οὐκ</strong></span> <span class='ocrx_word' id='word_1_758' title='bbox 1413 4974 1477 5028; x_wconf 83' lang='grc' dir='ltr'><strong>ἂν</strong></span> <span class='ocrx_word' id='word_1_759' title='bbox 1502 4974 1558 5025; x_wconf 80' lang='grc' dir='ltr'>ὲν</span> <span class='ocrx_word' id='word_1_760' title='bbox 1578 4975 1696 5035; x_wconf 87' lang='grc' dir='ltr'>ταῖς</span> 
     </span>
    </p>
   </div>
   <div class='ocr_carea' id='block_1_98' title="bbox 166 5054 1694 5138">
    <p class='ocr_par' dir='ltr' id='par_1_98' title="bbox 166 5054 1694 5138">
     <span class='ocr_line' id='line_1_98' title="bbox 166 5054 1694 5138; baseline 0.008 -34"><span class='ocrx_word' id='word_1_761' title='bbox 166 5054 432 5129; x_wconf 72' lang='grc' dir='ltr'>ἐπιθυμίαις</span> <span class='ocrx_word' id='word_1_762' title='bbox 470 5065 581 5117; x_wconf 83' lang='grc' dir='ltr'><strong>τῶν</strong></span> <span class='ocrx_word' id='word_1_763' title='bbox 623 5066 859 5138; x_wconf 83' lang='grc' dir='ltr'>καρδιῶν</span> <span class='ocrx_word' id='word_1_764' title='bbox 918 5067 1125 5120; x_wconf 79' lang='grc' dir='ltr'>ἑαυτῶν</span> <span class='ocrx_word' id='word_1_765' title='bbox 1170 5066 1549 5137; x_wconf 74' lang='grc' dir='ltr'>γεγενημένων</span> <span class='ocrx_word' id='word_1_766' title='bbox 1588 5064 1694 5117; x_wconf 81' lang='grc' dir='ltr'>τῶν</span> 
     </span>
    </p>
   </div>
   <div class='ocr_carea' id='block_1_99' title="bbox 170 5147 1693 5223">
    <p class='ocr_par' dir='ltr' id='par_1_99' title="bbox 170 5147 1693 5223">
     <span class='ocr_line' id='line_1_99' title="bbox 170 5147 1693 5223; baseline 0.004 -18"><span class='ocrx_word' id='word_1_767' title='bbox 170 5147 225 5219; x_wconf 76' lang='grc' dir='ltr'>μὴ</span> <span class='ocrx_word' id='word_1_768' title='bbox 249 5155 633 5223; x_wconf 78' lang='grc' dir='ltr'>παραδοθέντων</span> <span class='ocrx_word' id='word_1_769' title='bbox 666 5160 857 5221; x_wconf 77' lang='grc' dir='ltr'>αὐταῖς</span> <span class='ocrx_word' id='word_1_770' title='bbox 890 5159 996 5213; x_wconf 82' lang='grc' dir='ltr'><strong>ὑπὸ</strong></span> <span class='ocrx_word' id='word_1_771' title='bbox 1026 5159 1117 5212; x_wconf 78' lang='grc' dir='ltr'>τοῦ</span> <span class='ocrx_word' id='word_1_772' title='bbox 1148 5158 1312 5211; x_wconf 82' lang='grc' dir='ltr'>Θεοῦ·</span> <span class='ocrx_word' id='word_1_773' title='bbox 1346 5158 1453 5211; x_wconf 77' lang='grc' dir='ltr'>οὐδ’</span> <span class='ocrx_word' id='word_1_774' title='bbox 1484 5157 1550 5211; x_wconf 81' lang='grc' dir='ltr'><strong>ἂν</strong></span> <span class='ocrx_word' id='word_1_775' title='bbox 1590 5157 1693 5210; x_wconf 84' lang='grc' dir='ltr'>πά-</span> 
     </span>
    </p>
   </div>
   <div class='ocr_carea' id='block_1_100' title="bbox 168 5236 1690 5326">
    <p class='ocr_par' dir='ltr' id='par_1_100' title="bbox 168 5236 1690 5326">
     <span class='ocr_line' id='line_1_100' title="bbox 168 5236 1690 5326; baseline 0.009 -35"><span class='ocrx_word' id='word_1_776' title='bbox 168 5236 283 5294; x_wconf 79' lang='grc' dir='ltr'>θεσιν</span> <span class='ocrx_word' id='word_1_777' title='bbox 310 5248 515 5318; x_wconf 81' lang='grc' dir='ltr'>ἀτιμίας</span> <span class='ocrx_word' id='word_1_778' title='bbox 544 5252 1018 5308; x_wconf 82' lang='grc' dir='ltr'>ὑποπεπτωκότων</span> <span class='ocrx_word' id='word_1_779' title='bbox 1046 5254 1155 5307; x_wconf 83' lang='grc' dir='ltr'><strong>τῶν</strong></span> <span class='ocrx_word' id='word_1_780' title='bbox 1189 5256 1261 5326; x_wconf 84' lang='grc' dir='ltr'>μὴ</span> <span class='ocrx_word' id='word_1_781' title='bbox 1297 5255 1402 5307; x_wconf 84' lang='grc' dir='ltr'><strong>ὑπὸ</strong></span> <span class='ocrx_word' id='word_1_782' title='bbox 1431 5253 1524 5307; x_wconf 82' lang='grc' dir='ltr'>τοῦ</span> <span class='ocrx_word' id='word_1_783' title='bbox 1555 5251 1690 5306; x_wconf 79' lang='grc' dir='ltr'>Θεοῦ</span> 
     </span>
    </p>
   </div>
   <div class='ocr_carea' id='block_1_101' title="bbox 170 5336 1691 5417">
    <p class='ocr_par' dir='ltr' id='par_1_101' title="bbox 170 5336 1691 5417">
     <span class='ocr_line' id='line_1_101' title="bbox 170 5336 1691 5417; baseline 0.007 -29"><span class='ocrx_word' id='word_1_784' title='bbox 170 5336 527 5403; x_wconf 79' lang='grc' dir='ltr'>παραδοθέντων</span> <span class='ocrx_word' id='word_1_785' title='bbox 554 5344 736 5407; x_wconf 79' lang='grc' dir='ltr'>αὐτοῖς</span> <span class='ocrx_word' id='word_1_786' title='bbox 755 5362 767 5375; x_wconf 92' lang='grc'><strong>·</strong></span> <span class='ocrx_word' id='word_1_787' title='bbox 801 5346 908 5398; x_wconf 74' lang='grc' dir='ltr'>οὐδ’</span> <span class='ocrx_word' id='word_1_788' title='bbox 943 5347 1008 5399; x_wconf 89' lang='grc' dir='ltr'><strong>ἂν</strong></span> <span class='ocrx_word' id='word_1_789' title='bbox 1042 5348 1121 5410; x_wconf 87' lang='grc' dir='ltr'><strong>εἰς</strong></span> <span class='ocrx_word' id='word_1_790' title='bbox 1147 5347 1402 5417; x_wconf 81' lang='grc' dir='ltr'>ἀδόκιμον</span> <span class='ocrx_word' id='word_1_791' title='bbox 1440 5346 1562 5400; x_wconf 73' lang='grc' dir='ltr'>νοῦν</span> <span class='ocrx_word' id='word_1_792' title='bbox 1591 5364 1691 5399; x_wconf 90' lang='grc' dir='ltr'>κα-</span> 
     </span>
    </p>
   </div>
   <div class='ocr_carea' id='block_1_102' title="bbox 168 5428 1692 5510">
    <p class='ocr_par' dir='ltr' id='par_1_102' title="bbox 168 5428 1692 5510">
     <span class='ocr_line' id='line_1_102' title="bbox 168 5428 1692 5510; baseline 0.014 -41"><span class='ocrx_word' id='word_1_793' title='bbox 168 5428 495 5487; x_wconf 72' lang='grc' dir='ltr'>ταπιπτόντων</span> <span class='ocrx_word' id='word_1_794' title='bbox 527 5437 696 5506; x_wconf 69' lang='grc' dir='ltr'>χωρὶς</span> <span class='ocrx_word' id='word_1_795' title='bbox 724 5436 815 5489; x_wconf 74' lang='grc' dir='ltr'>τοῦ</span> <span class='ocrx_word' id='word_1_796' title='bbox 841 5439 1227 5509; x_wconf 79' lang='grc' dir='ltr'>παραδίδοσθαι</span> <span class='ocrx_word' id='word_1_797' title='bbox 1253 5439 1402 5510; x_wconf 81' lang='grc' dir='ltr'>αὑτῷ</span> <span class='ocrx_word' id='word_1_798' title='bbox 1427 5438 1531 5492; x_wconf 83' lang='grc' dir='ltr'><strong>ὑπὸ</strong></span> <span class='ocrx_word' id='word_1_799' title='bbox 1556 5438 1692 5491; x_wconf 87' lang='grc' dir='ltr'><strong>Θεοῦ</strong></span> 
     </span>
    </p>
   </div>
   <div class='ocr_carea' id='block_1_103' title="bbox 172 5512 1693 5599">
    <p class='ocr_par' dir='ltr' id='par_1_103' title="bbox 172 5512 1693 5599">
     <span class='ocr_line' id='line_1_103' title="bbox 172 5512 1693 5599; baseline 0.009 -31"><span class='ocrx_word' id='word_1_800' title='bbox 172 5512 268 5599; x_wconf 43' lang='grc' dir='ltr'>τοὺς</span> <span class='ocrx_word' id='word_1_801' title='bbox 299 5518 424 5573; x_wconf 75' lang='grc' dir='ltr'>οὕτω</span> <span class='ocrx_word' id='word_1_802' title='bbox 466 5526 973 5592; x_wconf 69' lang='grc' dir='ltr'>καταδικασθέντας.</span> <span class='ocrx_word' id='word_1_803' title='bbox 1034 5528 1303 5592; x_wconf 75' lang='grc' dir='ltr'>Ἐκείνους</span> <span class='ocrx_word' id='word_1_804' title='bbox 1357 5529 1454 5599; x_wconf 86' lang='grc' dir='ltr'>μὲν</span> <span class='ocrx_word' id='word_1_805' title='bbox 1494 5524 1587 5582; x_wconf 77' lang='grc' dir='ltr'><strong>οὖν</strong></span> <span class='ocrx_word' id='word_1_806' title='bbox 1634 5524 1693 5582; x_wconf 82' lang='grc' dir='ltr'>εὖ</span> 
     </span>
    </p>
   </div>
   <div class='ocr_carea' id='block_1_104' title="bbox 172 5596 1692 5690">
    <p class='ocr_par' dir='ltr' id='par_1_104' title="bbox 172 5596 1692 5690">
     <span class='ocr_line' id='line_1_104' title="bbox 172 5596 1692 5690; baseline 0.003 -22"><span class='ocrx_word' id='word_1_807' title='bbox 172 5596 281 5669; x_wconf 67' lang='grc' dir='ltr'><strong>οἶδα,</strong></span> <span class='ocrx_word' id='word_1_808' title='bbox 302 5609 373 5663; x_wconf 73' lang='grc' dir='ltr'>ὅτι</span> <span class='ocrx_word' id='word_1_809' title='bbox 397 5616 588 5687; x_wconf 59' lang='grc' dir='ltr'>σφόδρα</span> <span class='ocrx_word' id='word_1_810' title='bbox 613 5619 837 5690; x_wconf 82' lang='grc' dir='ltr'>ταράξει</span> <span class='ocrx_word' id='word_1_811' title='bbox 865 5619 1054 5673; x_wconf 74' lang='grc' dir='ltr'>ταῦτα.</span> <span class='ocrx_word' id='word_1_812' title='bbox 1078 5618 1178 5673; x_wconf 75' lang='grc' dir='ltr'><strong>Διὰ</strong></span> <span class='ocrx_word' id='word_1_813' title='bbox 1202 5620 1358 5673; x_wconf 74' lang='grc' dir='ltr'>τοῦτο</span> <span class='ocrx_word' id='word_1_814' title='bbox 1378 5619 1535 5673; x_wconf 81' lang='grc' dir='ltr'>ἄλλον</span> <span class='ocrx_word' id='word_1_815' title='bbox 1563 5620 1692 5673; x_wconf 87' lang='grc' dir='ltr'>ἁνα-</span> 
     </span>
    </p>
   </div>
   <div class='ocr_carea' id='block_1_105' title="bbox 176 5691 1690 5780">
    <p class='ocr_par' dir='ltr' id='par_1_105' title="bbox 176 5691 1690 5780">
     <span class='ocr_line' id='line_1_105' title="bbox 176 5691 1690 5780; baseline 0.009 -35"><span class='ocrx_word' id='word_1_816' title='bbox 176 5691 427 5767; x_wconf 75' lang='grc' dir='ltr'>πλάσαντες</span> <span class='ocrx_word' id='word_1_817' title='bbox 462 5708 606 5773; x_wconf 74' lang='grc' dir='ltr'>παρὰ</span> <span class='ocrx_word' id='word_1_818' title='bbox 634 5708 723 5761; x_wconf 82' lang='grc' dir='ltr'><strong>τὸν</strong></span> <span class='ocrx_word' id='word_1_819' title='bbox 753 5710 979 5780; x_wconf 74' lang='grc' dir='ltr'>ποιητὴν</span> <span class='ocrx_word' id='word_1_820' title='bbox 1005 5708 1233 5779; x_wconf 77' lang='grc' dir='ltr'>οὐρανοῦ</span> <span class='ocrx_word' id='word_1_821' title='bbox 1269 5708 1363 5761; x_wconf 79' lang='grc' dir='ltr'><strong>καὶ</strong></span> <span class='ocrx_word' id='word_1_822' title='bbox 1386 5707 1489 5777; x_wconf 78' lang='grc' dir='ltr'><strong>γῆς</strong></span> <span class='ocrx_word' id='word_1_823' title='bbox 1536 5707 1690 5767; x_wconf 82' lang='grc' dir='ltr'>Θεὸν,</span> 
     </span>
    </p>
   </div>
   <div class='ocr_carea' id='block_1_106' title="bbox 232 5786 1446 5863">
    <p class='ocr_par' dir='ltr' id='par_1_106' title="bbox 232 5786 1446 5863">
     <span class='ocr_line' id='line_1_106' title="bbox 232 5786 1446 5863; baseline 0.012 -23"><span class='ocrx_word' id='word_1_824' title='bbox 232 5786 267 5817; x_wconf 78' lang='grc'><strong>’⁸</strong></span> <span class='ocrx_word' id='word_1_825' title='bbox 290 5788 423 5847; x_wconf 80' lang='lat' dir='ltr'><strong>Rom.</strong></span> <span class='ocrx_word' id='word_1_826' title='bbox 452 5813 497 5861; x_wconf 88' lang='grc' dir='ltr'><strong>ι,</strong></span> <span class='ocrx_word' id='word_1_827' title='bbox 528 5800 598 5851; x_wconf 77' lang='lat'><strong>‘2‘2</strong></span> <span class='ocrx_word' id='word_1_828' title='bbox 620 5840 634 5859; x_wconf 84' lang='lat'><strong>,</strong></span> <span class='ocrx_word' id='word_1_829' title='bbox 679 5799 770 5860; x_wconf 72' lang='grc'><strong>25.</strong></span> <span class='ocrx_word' id='word_1_830' title='bbox 812 5802 905 5854; x_wconf 66' lang='grc'><strong>24.</strong></span> <span class='ocrx_word' id='word_1_831' title='bbox 984 5802 1025 5831; x_wconf 79' lang='grc'><strong>¹⁶</strong></span> <span class='ocrx_word' id='word_1_832' title='bbox 1053 5801 1209 5863; x_wconf 87' lang='lat' dir='ltr'><strong>Ibid.,</strong></span> <span class='ocrx_word' id='word_1_833' title='bbox 1241 5799 1332 5862; x_wconf 71' lang='grc'><strong>26,</strong></span> <span class='ocrx_word' id='word_1_834' title='bbox 1353 5800 1446 5854; x_wconf 79' lang='lat'><strong>‘27.</strong></span> 
     </span>
    </p>
   </div>
   <div class='ocr_carea' id='block_1_107' title="bbox 1524 5798 1763 5867">
    <p class='ocr_par' dir='ltr' id='par_1_107' title="bbox 1524 5798 1763 5867">
     <span class='ocr_line' id='line_1_107' title="bbox 1524 5798 1763 5867; baseline 0 -16"><span class='ocrx_word' id='word_1_835' title='bbox 1524 5800 1562 5829; x_wconf 73' lang='grc' dir='ltr'>ιτ</span> <span class='ocrx_word' id='word_1_836' title='bbox 1605 5798 1763 5867; x_wconf 63' lang='lat' dir='ltr'><strong>una.</strong></span> 
     </span>
    </p>
   </div>
   <div class='ocr_carea' id='block_1_108' title="bbox 235 5878 1702 5962">
    <p class='ocr_par' dir='ltr' id='par_1_108' title="bbox 235 5878 1675 5962">
     <span class='ocr_line' id='line_1_108' title="bbox 235 5878 1675 5962; baseline -0.003 -13"><span class='ocrx_word' id='word_1_837' title='bbox 235 5880 345 5954; x_wconf 72' lang='lat'><strong>(93‘)</strong></span> <span class='ocrx_word' id='word_1_838' title='bbox 377 5886 541 5945; x_wconf 66' lang='lat' dir='ltr'><strong>Maura</strong></span> <span class='ocrx_word' id='word_1_839' title='bbox 570 5895 859 5950; x_wconf 82' lang='lat' dir='ltr'><strong>sententia.</strong></span> <span class='ocrx_word' id='word_1_840' title='bbox 904 5894 1212 5961; x_wconf 74' lang='lat' dir='ltr'><strong>Legcndum</strong></span> <span class='ocrx_word' id='word_1_841' title='bbox 1248 5915 1257 5947; x_wconf 88' lang='lat'><strong>;</strong></span> <span class='ocrx_word' id='word_1_842' title='bbox 1296 5878 1559 5962; x_wconf 59' lang='grc' dir='ltr'>ιῖιέχεσθε</span> <span class='ocrx_word' id='word_1_843' title='bbox 1592 5892 1675 5961; x_wconf 68' lang='grc' dir='ltr'>μὴ</span> 
     </span>
    </p>
   </div>
   <div class='ocr_carea' id='block_1_109' title="bbox 1806 5878 3063 5962">
    <p class='ocr_par' dir='ltr' id='par_1_109' title="bbox 1806 5885 3063 5961">
     <span class='ocr_line' id='line_1_109' title="bbox 1806 5885 3063 5961; baseline -0.006 -16"><span class='ocrx_word' id='word_1_844' title='bbox 1806 5890 2018 5955; x_wconf 64' lang='grc' dir='ltr'>ελθεῖν,</span> <span class='ocrx_word' id='word_1_845' title='bbox 2048 5900 2103 5945; x_wconf 85' lang='grc' dir='ltr'><strong>ιιι</strong></span> <span class='ocrx_word' id='word_1_846' title='bbox 2135 5888 2276 5946; x_wconf 78' lang='lat' dir='ltr'><strong>inira</strong></span> <span class='ocrx_word' id='word_1_847' title='bbox 2316 5888 2601 5961; x_wconf 74' lang='lat' dir='ltr'><strong>repetitur.</strong></span> <span class='ocrx_word' id='word_1_848' title='bbox 2640 5887 2795 5943; x_wconf 77' lang='grc' dir='ltr'>Εοιτ.</span> <span class='ocrx_word' id='word_1_849' title='bbox 2828 5885 3063 5941; x_wconf 55' lang='lat' dir='ltr'><strong>Parnm“</strong></span> 
     </span>
    </p>
   </div>
   <div class='ocr_carea' id='block_1_110' title="bbox 1803 4687 3377 4762">
    <p class='ocr_par' dir='ltr' id='par_1_110' title="bbox 1803 4687 3377 4762">
     <span class='ocr_line' id='line_1_110' title="bbox 1803 4687 3377 4762; baseline -0.006 -16"><span class='ocrx_word' id='word_1_850' title='bbox 1803 4693 1947 4746; x_wconf 88' lang='lat' dir='ltr'><strong>modi</strong></span> <span class='ocrx_word' id='word_1_851' title='bbox 1985 4692 2142 4762; x_wconf 73' lang='lat'><strong>261</strong></span> <span class='ocrx_word' id='word_1_852' title='bbox 2187 4692 2355 4745; x_wconf 87' lang='lat' dir='ltr'><strong>multa</strong></span> <span class='ocrx_word' id='word_1_853' title='bbox 2396 4692 2447 4743; x_wconf 90' lang='lat' dir='ltr'><strong>in</strong></span> <span class='ocrx_word' id='word_1_854' title='bbox 2491 4690 2607 4760; x_wconf 89' lang='lat' dir='ltr'><strong>lege</strong></span> <span class='ocrx_word' id='word_1_855' title='bbox 2640 4705 2702 4744; x_wconf 84' lang='lat' dir='ltr'><strong>ac</strong></span> <span class='ocrx_word' id='word_1_856' title='bbox 2736 4688 3013 4759; x_wconf 83' lang='lat' dir='ltr'><strong>prophetis</strong></span> <span class='ocrx_word' id='word_1_857' title='bbox 3046 4687 3377 4752; x_wconf 74' lang='lat' dir='ltr'><strong>invenirent,</strong></span> 
     </span>
    </p>
   </div>
   <div class='ocr_carea' id='block_1_111' title="bbox 1798 4778 3371 4855">
    <p class='ocr_par' dir='ltr' id='par_1_111' title="bbox 1798 4778 3371 4855">
     <span class='ocr_line' id='line_1_111' title="bbox 1798 4778 3371 4855; baseline -0.004 -17"><span class='ocrx_word' id='word_1_858' title='bbox 1798 4786 1852 4839; x_wconf 91' lang='lat' dir='ltr'><strong>in</strong></span> <span class='ocrx_word' id='word_1_859' title='bbox 1914 4785 2015 4838; x_wconf 91' lang='lat' dir='ltr'><strong>boe</strong></span> <span class='ocrx_word' id='word_1_860' title='bbox 2062 4787 2405 4855; x_wconf 88' lang='lat' dir='ltr'><strong>impegerunt</strong></span> <span class='ocrx_word' id='word_1_861' title='bbox 2451 4791 2510 4836; x_wconf 91' lang='lat' dir='ltr'><strong>ut</strong></span> <span class='ocrx_word' id='word_1_862' title='bbox 2560 4784 2760 4837; x_wconf 92' lang='lat' dir='ltr'><strong>bonum</strong></span> <span class='ocrx_word' id='word_1_863' title='bbox 2814 4797 2919 4835; x_wconf 92' lang='lat' dir='ltr'><strong>non</strong></span> <span class='ocrx_word' id='word_1_864' title='bbox 2972 4788 3228 4849; x_wconf 83' lang='lat' dir='ltr'><strong>putarent</strong></span> <span class='ocrx_word' id='word_1_865' title='bbox 3280 4778 3371 4848; x_wconf 89' lang='lat' dir='ltr'><strong>qui</strong></span> 
     </span>
    </p>
   </div>
   <div class='ocr_carea' id='block_1_112' title="bbox 1799 4872 3375 4945">
    <p class='ocr_par' dir='ltr' id='par_1_112' title="bbox 1799 4872 3375 4945">
     <span class='ocr_line' id='line_1_112' title="bbox 1799 4872 3375 4945; baseline -0.006 -14"><span class='ocrx_word' id='word_1_866' title='bbox 1799 4894 1961 4933; x_wconf 84' lang='lat' dir='ltr'><strong>voces</strong></span> <span class='ocrx_word' id='word_1_867' title='bbox 1992 4877 2257 4945; x_wconf 80' lang='lat' dir='ltr'><strong>ejusmodi</strong></span> <span class='ocrx_word' id='word_1_868' title='bbox 2295 4876 2631 4945; x_wconf 88' lang='lat' dir='ltr'><strong>protulisset.</strong></span> <span class='ocrx_word' id='word_1_869' title='bbox 2665 4874 2832 4928; x_wconf 83' lang='lat' dir='ltr'><strong>Nobis</strong></span> <span class='ocrx_word' id='word_1_870' title='bbox 2866 4888 2992 4926; x_wconf 87' lang='lat' dir='ltr'><strong>vero</strong></span> <span class='ocrx_word' id='word_1_871' title='bbox 3025 4881 3247 4941; x_wconf 74' lang='lat' dir='ltr'><strong>prepter</strong></span> <span class='ocrx_word' id='word_1_872' title='bbox 3275 4872 3375 4924; x_wconf 89' lang='lat' dir='ltr'><strong>du-</strong></span> 
     </span>
    </p>
   </div>
   <div class='ocr_carea' id='block_1_113' title="bbox 1801 4962 3373 5037">
    <p class='ocr_par' dir='ltr' id='par_1_113' title="bbox 1801 4962 3373 5037">
     <span class='ocr_line' id='line_1_113' title="bbox 1801 4962 3373 5037; baseline -0.004 -15"><span class='ocrx_word' id='word_1_873' title='bbox 1801 4970 1887 5022; x_wconf 84' lang='lat' dir='ltr'><strong>bia</strong></span> <span class='ocrx_word' id='word_1_874' title='bbox 1920 4984 2041 5037; x_wconf 61' lang='lat' dir='ltr'><strong>quas</strong></span> <span class='ocrx_word' id='word_1_875' title='bbox 2074 4970 2345 5022; x_wconf 83' lang='lat' dir='ltr'><strong>movimus</strong></span> <span class='ocrx_word' id='word_1_876' title='bbox 2378 4968 2444 5021; x_wconf 91' lang='lat' dir='ltr'><strong>de</strong></span> <span class='ocrx_word' id='word_1_877' title='bbox 2470 4968 2554 5022; x_wconf 87' lang='lat' dir='ltr'><strong>bis</strong></span> <span class='ocrx_word' id='word_1_878' title='bbox 2586 4965 2766 5021; x_wconf 81' lang='lat' dir='ltr'><strong>verbis</strong></span> <span class='ocrx_word' id='word_1_879' title='bbox 2796 4983 2809 5018; x_wconf 91' lang='lat'>:</span> <span class='ocrx_word' id='word_1_880' title='bbox 2838 4962 2920 5017; x_wconf 83' lang='lat' dir='ltr'><strong>Ne</strong></span> <span class='ocrx_word' id='word_1_881' title='bbox 2946 4980 3039 5017; x_wconf 86' lang='lat' dir='ltr'><strong>nos</strong></span> <span class='ocrx_word' id='word_1_882' title='bbox 3071 4964 3291 5015; x_wconf 87' lang='lat' dir='ltr'><strong>inducas</strong></span> <span class='ocrx_word' id='word_1_883' title='bbox 3319 4963 3373 5016; x_wconf 89' lang='lat' dir='ltr'><strong>in</strong></span> 
     </span>
    </p>
   </div>
   <div class='ocr_carea' id='block_1_114' title="bbox 1801 5056 3369 5129">
    <p class='ocr_par' dir='ltr' id='par_1_114' title="bbox 1801 5056 3369 5129">
     <span class='ocr_line' id='line_1_114' title="bbox 1801 5056 3369 5129; baseline -0.003 -17"><span class='ocrx_word' id='word_1_884' title='bbox 1801 5063 2160 5127; x_wconf 86' lang='lat' dir='ltr'><strong>teutationem,</strong></span> <span class='ocrx_word' id='word_1_885' title='bbox 2184 5063 2254 5116; x_wconf 89' lang='lat' dir='ltr'><strong>ob</strong></span> <span class='ocrx_word' id='word_1_886' title='bbox 2279 5076 2398 5129; x_wconf 80' lang='lat' dir='ltr'><strong>qua:</strong></span> <span class='ocrx_word' id='word_1_887' title='bbox 2419 5062 2581 5114; x_wconf 87' lang='lat' dir='ltr'><strong>etiam</strong></span> <span class='ocrx_word' id='word_1_888' title='bbox 2604 5058 2847 5127; x_wconf 81' lang='lat' dir='ltr'><strong>Apostoli</strong></span> <span class='ocrx_word' id='word_1_889' title='bbox 2875 5070 3034 5111; x_wconf 87' lang='lat' dir='ltr'><strong>voces</strong></span> <span class='ocrx_word' id='word_1_890' title='bbox 3057 5058 3109 5109; x_wconf 91' lang='lat' dir='ltr'><strong>in</strong></span> <span class='ocrx_word' id='word_1_891' title='bbox 3135 5056 3369 5109; x_wconf 88' lang='lat' dir='ltr'><strong>medium</strong></span> 
     </span>
    </p>
   </div>
   <div class='ocr_carea' id='block_1_115' title="bbox 1800 5146 3371 5217">
    <p class='ocr_par' dir='ltr' id='par_1_115' title="bbox 1800 5146 3371 5217">
     <span class='ocr_line' id='line_1_115' title="bbox 1800 5146 3371 5217; baseline -0.004 -11"><span class='ocrx_word' id='word_1_892' title='bbox 1800 5154 2147 5217; x_wconf 83' lang='lat' dir='ltr'><strong>adduximus,</strong></span> <span class='ocrx_word' id='word_1_893' title='bbox 2182 5153 2633 5209; x_wconf 89' lang='lat' dir='ltr'><strong>considerandum</strong></span> <span class='ocrx_word' id='word_1_894' title='bbox 2679 5162 2761 5205; x_wconf 88' lang='lat' dir='ltr'><strong>est</strong></span> <span class='ocrx_word' id='word_1_895' title='bbox 2798 5166 2863 5203; x_wconf 84' lang='lat' dir='ltr'><strong>an</strong></span> <span class='ocrx_word' id='word_1_896' title='bbox 2905 5150 3246 5203; x_wconf 84' lang='lat' dir='ltr'><strong>inveniamus</strong></span> <span class='ocrx_word' id='word_1_897' title='bbox 3290 5146 3371 5199; x_wconf 89' lang='lat' dir='ltr'><strong>di-</strong></span> 
     </span>
    </p>
   </div>
   <div class='ocr_carea' id='block_1_116' title="bbox 1799 5239 3367 5314">
    <p class='ocr_par' dir='ltr' id='par_1_116' title="bbox 1799 5239 3367 5314">
     <span class='ocr_line' id='line_1_116' title="bbox 1799 5239 3367 5314; baseline -0.001 -20"><span class='ocrx_word' id='word_1_898' title='bbox 1799 5259 1932 5314; x_wconf 84' lang='lat' dir='ltr'><strong>gnas</strong></span> <span class='ocrx_word' id='word_1_899' title='bbox 1984 5260 2175 5296; x_wconf 81' lang='lat' dir='ltr'><strong>eorum</strong></span> <span class='ocrx_word' id='word_1_900' title='bbox 2222 5261 2342 5313; x_wconf 80' lang='lat' dir='ltr'><strong>qua:</strong></span> <span class='ocrx_word' id='word_1_901' title='bbox 2394 5260 2697 5314; x_wconf 85' lang='lat' dir='ltr'><strong>repugnare</strong></span> <span class='ocrx_word' id='word_1_902' title='bbox 2744 5245 2995 5297; x_wconf 79' lang='lat' dir='ltr'><strong>videntur</strong></span> <span class='ocrx_word' id='word_1_903' title='bbox 3048 5239 3367 5295; x_wconf 87' lang='lat' dir='ltr'><strong>solutiOnes.</strong></span> 
     </span>
    </p>
   </div>
   <div class='ocr_carea' id='block_1_117' title="bbox 1796 5332 3371 5405">
    <p class='ocr_par' dir='ltr' id='par_1_117' title="bbox 1796 5332 3371 5405">
     <span class='ocr_line' id='line_1_117' title="bbox 1796 5332 3371 5405; baseline -0.004 -17"><span class='ocrx_word' id='word_1_904' title='bbox 1796 5335 2051 5390; x_wconf 84' lang='lat' dir='ltr'><strong>Arbitror</strong></span> <span class='ocrx_word' id='word_1_905' title='bbox 2096 5334 2262 5389; x_wconf 89' lang='lat' dir='ltr'><strong>Deum</strong></span> <span class='ocrx_word' id='word_1_906' title='bbox 2297 5336 2538 5405; x_wconf 81' lang='lat' dir='ltr'><strong>singulas</strong></span> <span class='ocrx_word' id='word_1_907' title='bbox 2574 5336 2868 5389; x_wconf 83' lang='lat' dir='ltr'><strong>rationales</strong></span> <span class='ocrx_word' id='word_1_908' title='bbox 2903 5334 3115 5386; x_wconf 87' lang='lat' dir='ltr'><strong>animas</strong></span> <span class='ocrx_word' id='word_1_909' title='bbox 3150 5334 3219 5385; x_wconf 89' lang='lat' dir='ltr'><strong>ita</strong></span> <span class='ocrx_word' id='word_1_910' title='bbox 3262 5332 3371 5385; x_wconf 87' lang='lat' dir='ltr'><strong>dis-</strong></span> 
     </span>
    </p>
   </div>
   <div class='ocr_carea' id='block_1_118' title="bbox 1796 5420 3368 5495">
    <p class='ocr_par' dir='ltr' id='par_1_118' title="bbox 1796 5420 3368 5495">
     <span class='ocr_line' id='line_1_118' title="bbox 1796 5420 3368 5495; baseline -0.004 -17"><span class='ocrx_word' id='word_1_911' title='bbox 1796 5440 2053 5494; x_wconf 84' lang='lat' dir='ltr'><strong>pensare,</strong></span> <span class='ocrx_word' id='word_1_912' title='bbox 2081 5437 2136 5479; x_wconf 89' lang='lat' dir='ltr'><strong>ut</strong></span> <span class='ocrx_word' id='word_1_913' title='bbox 2164 5426 2226 5478; x_wconf 75' lang='lat' dir='ltr'><strong>su</strong></span> <span class='ocrx_word' id='word_1_914' title='bbox 2260 5426 2645 5495; x_wconf 83' lang='lat' dir='ltr'><strong>sempiternam</strong></span> <span class='ocrx_word' id='word_1_915' title='bbox 2675 5440 2861 5479; x_wconf 88' lang='lat' dir='ltr'><strong>earum</strong></span> <span class='ocrx_word' id='word_1_916' title='bbox 2892 5424 3057 5477; x_wconf 80' lang='lat' dir='ltr'><strong>vitam</strong></span> <span class='ocrx_word' id='word_1_917' title='bbox 3086 5420 3368 5489; x_wconf 82' lang='lat' dir='ltr'><strong>respiciat;</strong></span> 
     </span>
    </p>
   </div>
   <div class='ocr_carea' id='block_1_119' title="bbox 1797 5511 3371 5584">
    <p class='ocr_par' dir='ltr' id='par_1_119' title="bbox 1797 5511 3371 5584">
     <span class='ocr_line' id='line_1_119' title="bbox 1797 5511 3371 5584; baseline -0.006 -14"><span class='ocrx_word' id='word_1_918' title='bbox 1797 5516 1994 5571; x_wconf 78' lang='lat' dir='ltr'><strong>habent</strong></span> <span class='ocrx_word' id='word_1_919' title='bbox 2050 5515 2194 5567; x_wconf 88' lang='lat' dir='ltr'><strong>enim</strong></span> <span class='ocrx_word' id='word_1_920' title='bbox 2249 5514 2353 5569; x_wconf 76' lang='lat' dir='ltr'><strong>illa:</strong></span> <span class='ocrx_word' id='word_1_921' title='bbox 2402 5528 2615 5584; x_wconf 86' lang='lat' dir='ltr'><strong>semper</strong></span> <span class='ocrx_word' id='word_1_922' title='bbox 2667 5515 2894 5569; x_wconf 86' lang='lat' dir='ltr'><strong>liberum</strong></span> <span class='ocrx_word' id='word_1_923' title='bbox 2945 5511 3254 5575; x_wconf 87' lang='lat' dir='ltr'><strong>arbitrium,</strong></span> <span class='ocrx_word' id='word_1_924' title='bbox 3315 5521 3371 5562; x_wconf 90' lang='lat' dir='ltr'><strong>et</strong></span> 
     </span>
    </p>
   </div>
   <div class='ocr_carea' id='block_1_120' title="bbox 1794 5608 3369 5679">
    <p class='ocr_par' dir='ltr' id='par_1_120' title="bbox 1794 5608 3369 5679">
     <span class='ocr_line' id='line_1_120' title="bbox 1794 5608 3369 5679; baseline -0.005 -15"><span class='ocrx_word' id='word_1_925' title='bbox 1794 5620 1983 5679; x_wconf 87' lang='lat' dir='ltr'><strong>sponte</strong></span> <span class='ocrx_word' id='word_1_926' title='bbox 2006 5609 2087 5664; x_wconf 88' lang='lat' dir='ltr'><strong>vel</strong></span> <span class='ocrx_word' id='word_1_927' title='bbox 2118 5609 2168 5661; x_wconf 92' lang='lat' dir='ltr'><strong>in</strong></span> <span class='ocrx_word' id='word_1_928' title='bbox 2194 5608 2507 5662; x_wconf 85' lang='lat' dir='ltr'><strong>melioribus</strong></span> <span class='ocrx_word' id='word_1_929' title='bbox 2531 5622 2656 5663; x_wconf 88' lang='lat' dir='ltr'><strong>sunt</strong></span> <span class='ocrx_word' id='word_1_930' title='bbox 2679 5620 2734 5663; x_wconf 89' lang='lat' dir='ltr'><strong>et</strong></span> <span class='ocrx_word' id='word_1_931' title='bbox 2761 5609 3064 5664; x_wconf 83' lang='lat' dir='ltr'><strong>ascendunt</strong></span> <span class='ocrx_word' id='word_1_932' title='bbox 3090 5617 3369 5674; x_wconf 87' lang='lat' dir='ltr'><strong>usquequo</strong></span> 
     </span>
    </p>
   </div>
   <div class='ocr_carea' id='block_1_121' title="bbox 1796 5696 3367 5772">
    <p class='ocr_par' dir='ltr' id='par_1_121' title="bbox 1796 5696 3367 5772">
     <span class='ocr_line' id='line_1_121' title="bbox 1796 5696 3367 5772; baseline -0.002 -16"><span class='ocrx_word' id='word_1_933' title='bbox 1796 5703 1861 5756; x_wconf 86' lang='lat' dir='ltr'><strong>ad</strong></span> <span class='ocrx_word' id='word_1_934' title='bbox 1903 5703 2170 5757; x_wconf 88' lang='lat' dir='ltr'><strong>bonorum</strong></span> <span class='ocrx_word' id='word_1_935' title='bbox 2204 5702 2412 5771; x_wconf 83' lang='lat' dir='ltr'><strong>apicem</strong></span> <span class='ocrx_word' id='word_1_936' title='bbox 2456 5704 2824 5772; x_wconf 88' lang='lat' dir='ltr'><strong>pervenerint,</strong></span> <span class='ocrx_word' id='word_1_937' title='bbox 2868 5702 2950 5757; x_wconf 87' lang='lat' dir='ltr'><strong>vel</strong></span> <span class='ocrx_word' id='word_1_938' title='bbox 2984 5698 3051 5755; x_wconf 90' lang='lat' dir='ltr'><strong>ob</strong></span> <span class='ocrx_word' id='word_1_939' title='bbox 3090 5696 3367 5768; x_wconf 74' lang='lat' dir='ltr'><strong>negligen-</strong></span> 
     </span>
    </p>
   </div>
   <div class='ocr_carea' id='block_1_122' title="bbox 1807 5796 1897 5852">
    <p class='ocr_par' dir='ltr' id='par_1_122' title="bbox 1807 5796 1897 5852">
     <span class='ocr_line' id='line_1_122' title="bbox 1807 5796 1897 5852; baseline 0.033 -3"><span class='ocrx_word' id='word_1_940' title='bbox 1807 5796 1897 5852; x_wconf 71' lang='lat'><strong>28.</strong></span> 
     </span>
    </p>
   </div>
   <div class='ocr_carea' id='block_1_123' title="bbox 3308 5956 3405 6004">
    <p class='ocr_par' dir='ltr' id='par_1_123' title="bbox 3308 5956 3405 6004">
     <span class='ocr_line' id='line_1_123' title="bbox 3308 5956 3405 6004; baseline 0 -2"><span class='ocrx_word' id='word_1_941' title='bbox 3308 5956 3405 6004; x_wconf 56' lang='grc' dir='ltr'><strong>,αἱ</strong></span> 
     </span>
    </p>
   </div>
  </div>
