3954 6414
489 364 513 417 .’.
527 362 595 418 39

1949 353 2275 410 ORlGENlS

3657 371 3755 429 540

505 483 636 534 tiam
671 479 840 533 variis
872 478 1204 533 descendunt
1236 474 1410 531 modis
1439 475 1490 528 in
1524 484 1730 529 tantum
1755 477 1837 529 Vt‘i
1864 487 2043 530 tantuu

2180 477 2304 530 ἐπεὶ
2333 476 2501 530 πολλά
2527 477 2748 531 τοιαῦτα
2780 478 3129 545 εὑρίσκοντες
3159 483 3216 536 ὲν
3249 482 3324 554 τῷ
3348 485 3498 556 νόμῳ
3532 489 3752 554 καὶτοῖς

497 572 766 626 malorum
801 572 1095 626 cumulum.
1120 571 1187 623 At
1211 569 1467 638 quoniam
1489 568 1720 622 celerior
1739 581 1792 624 et
1811 585 2071 647 counpeu-

496 662 703 716 diosior
725 663 934 716 curatio
965 670 1338 730 contemptum
1385 659 1704 728 quibusdam
1743 677 1964 715 suorum
1990 662 2072 716 iu-

493 761 714 822 grnerat
735 752 1070 815 morborum,
1094 761 1153 804 ut
1182 761 1371 804 curatu
1403 751 1662 815 facilium,
1690 768 1794 820 quo
1817 753 1873 807 tit
1901 764 1955 808 ut
1983 768 2072 807 sa-

492 844 603 896 nati
638 843 832 897 iterum
869 844 920 897 in
956 845 1174 897 eosdem
1209 844 1478 908 incidaul;
1514 861 1618 898 non
1646 861 1674 897 ει
1705 847 1912 901 ratiOuc
1933 848 2068 903 alie-

492 948 619 988 num
639 935 742 989 erit
761 935 805 991 si
829 934 1090 989 malitiam
1122 936 1174 989 in
1203 936 1318 989 istis
1337 939 1634 1006 neglexerit
1656 949 2069 1010 etcontempse—

489 1030 559 1083 rit
593 1044 843 1084 crescere
874 1040 928 1084 et
964 1032 1034 1083 ita
1069 1029 1294 1084 dilluudi
1341 1041 1398 1083 ut
1442 1032 1761 1090 insanabilis
1811 1036 1933 1098 liat,
1963 1051 2068 1105 quo

489 1120 694 1174 diutius
747 1121 1018 1176 immorati
1070 1124 1248 1189 malo,
1298 1133 1349 1177 et
1395 1135 1616 1191 peccato
1660 1127 1949 1196 concupita
2000 1129 2066 1182 ad

490 1227 754 1266 nauseam
793 1230 964 1284 usque
996 1217 1184 1270 satiati
1220 1218 1476 1271 damnum
1517 1218 1728 1273 tardem
1754 1234 1909 1273 suum
1937 1234 2065 1274 sen-

491 1301 627 1354 tiant
663 1345 678 1365 ,
733 1306 987 1372 quodque
1035 1307 1188 1373 prius
1231 1307 1460 1375 amplexi
1521 1318 1649 1362 sunt
1699 1311 1948 1374 oderint,
2001 1327 2065 1368 ac

490 1392 667 1444 curati
714 1393 925 1460 possint
969 1396 1231 1448 redditam
1282 1397 1583 1450 animarum
1637 1400 1924 1454 sanitatem
1973 1401 2064 1455 lir-

491 1483 635 1536 mius
689 1485 950 1539 retinere.
1003 1485 1094 1539 Sic
1138 1489 1499 1552 promiscuus,
1553 1490 1641 1558 qui
1689 1501 1800 1542 erat
1843 1493 1896 1544 in
1935 1492 2064 1560 ﬁliis

487 1572 685 1638 Israel,
713 1576 1005 1644 concupivit
1051 1579 1560 1646 concupiscentiam;
1597 1591 1645 1633 et
1691 1583 1924 1636 sedentes
1961 1587 2060 1652 [le-

489 1666 638 1732 bant,
686 1677 735 1721 et
760 1667 858 1735 ﬁlii
899 1668 1091 1734 Israel,
1139 1681 1186 1724 et
1223 1672 1464 1725 dicebant
1504 1688 1522 1725 :
1560 1672 1688 1737 Quis
1730 1690 1823 1728 nos
1869 1675 2058 1728 cibabit

485 1759 771 1812 carnibus?
809 1760 1093 1816 Recordati
1135 1779 1316 1816 sumus
1352 1765 1592 1829 piscium,
1621 1784 1750 1835 quos
1781 1770 2058 1824 etlebantus

483 1849 540 1901 in
571 1848 804 1920 Egypto
845 1857 1030 1923 gratis,
1078 1867 1126 1908 et
1178 1872 1534 1922 cucumerum,
1583 1870 1628 1912 et
1683 1877 1964 1929 peponum,
2014 1875 2059 1916 et

481 1958 786 2012 perrarum,
835 1957 880 2000 et
927 1964 1192 2016 ceparum,
1245 1959 1294 2003 et
1349 1953 1620 2006 alliorum.
1678 1952 1837 2008 Nunc
1885 1964 2059 2010 autem

479 2033 661 2086 anima
701 2045 886 2091 nostra
934 2039 1106 2094 arida.
1162 2043 1312 2097 Nihil
1361 2054 1556 2111 pra’ter
1630 2062 1830 2100 manna
1885 2049 2076 2102 rident-

479 2125 620 2178 oculi
661 2130 830 2182 nostri
856 2129 919 2186 ¹⁹.
953 2131 1161 2188 Deinde
1192 2135 1354 2203 paulo
1377 2147 1498 2205 post
1518 2136 1736 2192 dicitur:
1762 2135 1832 2192 Et
1856 2143 2059 2195 audivit

480 2215 692 2287 Moyses
721 2221 989 2289 plorantes
1015 2225 1132 2280 illos
1160 2245 1274 2280 seen
1286 2230 1444 2280 mlum
1470 2231 1689 2294 populos
1715 2249 1876 2298 suos;
1905 2251 2060 2288 unus-

476 2312 697 2381 quisque
740 2323 853 2366 erat
905 2315 974 2367 ad
1017 2319 1205 2370 ostium
1266 2337 1420 2373 suum
1471 2324 1534 2376 ιθ.
1589 2323 1896 2395 Iternmque
1939 2340 2060 2396 post

474 2417 647 2472 pauca
679 2406 808 2459 dicit
843 2407 1100 2462 Dominus
1133 2411 1196 2462 ad
1234 2411 1451 2482 Mayseu
1485 2429 1500 2466 :
1538 2415 1601 2468 Et
1626 2421 1822 2486 populo
1863 2422 2003 2475 dices
2036 2439 2055 2478 :

477 2489 853 2558 Puriﬁramini
883 2500 935 2550 in
965 2503 1274 2564 crastinum,
1305 2513 1350 2556 et
1377 2506 1652 2559 comedetis
1677 2525 1899 2574 carnes;
1927 2529 2056 2580 quo~

475 2583 616 2635 niam
667 2585 909 2654 plorastis
956 2601 1075 2643 ante
1123 2592 1432 2661 Dominum,
1477 2599 1726 2665 dicmtes,
1780 2601 1911 2666 Quis
1961 2620 2054 2658 nos

473 2671 666 2725 t'ii'abit
698 2679 991 2733 carnibus?
1020 2685 1142 2752 quin
1189 2686 1377 2738 bonum
1422 2701 1496 2742 est
1527 2692 1674 2745 nobis
1706 2695 1758 2745 in
1787 2693 2044 2764 .Egypto.

472 2759 542 2816 Et
573 2765 718 2819 dabit
747 2771 889 2824 vobis
915 2789 1098 2829 carnes
1133 2778 1200 2829 at!
1227 2781 1522 2847 edendum;
1549 2795 1594 2836 et
1637 2786 1798 2840 edetis
1829 2803 2053 2856 carnes;

472 2869 577 2908 non
621 2857 761 2912 diem
794 2878 954 2915 unum
989 2867 1173 2932 edetis,
1228 2887 1389 2942 neque
1433 2875 1584 2938 duos,
1632 2895 1794 2947 neque
1824 2881 2053 2951 quinque

467 2944 598 3009 dies,
649 2965 811 3019 neque
855 2954 1031 3007 decem
1072 2959 1210 3023 dies,
1256 2977 1422 3032 neque
1468 2966 1655 3035 viginti
1693 2969 1844 3034 dies;
1890 2987 2052 3040 usque

385 3067 392 3073 κ
466 3033 536 3086 ad
587 3053 809 3094 mensem
855 3045 1062 3110 dierum
1107 3050 1306 3114 edetis;
1360 3055 1524 3107 donec
1573 3069 1722 3111 errent
1769 3075 1797 3112 e
1833 3061 2049 3114 naribus

465 3129 686 3195 vestris;
713 3142 759 3184 et
784 3135 883 3186 erit
911 3138 1053 3192 vobis
1084 3143 1138 3193 in
1169 3143 1432 3197 choleram
1453 3163 1471 3210 ;
1492 3149 1742 3216 quoniam
1774 3151 2041 3206 increduli
2069 3163 2110 3220 ο

465 3216 641 3287 fuistis
695 3220 936 3292 Domino,
978 3232 1068 3290 qui
1109 3245 1183 3286 est
1234 3237 1288 3288 in
1332 3239 1512 3304 vobis;
1555 3250 1602 3294 et
1645 3241 1891 3311 ploraslis
1923 3257 2043 3300 ante

463 3326 606 3376 eum,
636 3315 866 3371 dicentes
890 3336 909 3372 :
941 3320 1122 3385 Quare
1151 3329 1347 3394 egressi
1379 3345 1558 3384 sumus
1600 3333 1664 3386 de
1697 3332 1930 3404 zEgypto
1962 3337 2043 3390 ὀἳ

463 3398 616 3456 Hanc
663 3401 825 3473 igitur
874 3409 1156 3468 historiam
1196 3419 1475 3475 videamus
1516 3437 1584 3476 an
1632 3425 1840 3480 utiliter
1886 3430 2041 3483 vobis

464 3494 860 3555 adduxerimus
895 3503 959 3556 ad
1001 3519 1187 3560 eorum
1222 3509 1546 3568 solutionem
1581 3532 1702 3585 qua:
1741 3533 2041 3589 repugnare

464 3585 717 3644 videntur
753 3591 802 3644 iu
835 3592 935 3648 hoc
966 3613 979 3650 :
1017 3596 1101 3652 Ne
1135 3615 1228 3654 nos
1256 3602 1476 3659 inducas
1506 3608 1560 3662 in
1597 3585 1959 3678 Mutationem,
1986 3625 2042 3671 et

462 3673 516 3728 in
555 3679 737 3774 verbis
770 3681 932 3754 262
979 3687 1246 3755 Apostoli.
1296 3692 1701 3764 Concupisceus
1748 3673 2038 3774 concupis-

466 3769 701 3825 centiam
737 3779 1077 3842 promiscuus
1110 3782 1199 3850 qui
1235 3795 1352 3838 erat
1382 3786 1434 3840 iu
1467 3787 1589 3844 liliis
1623 3789 1786 3848 Israel
1816 3794 2034 3863 ﬂebant,

457 3869 514 3911 et
569 3859 662 3915 lilii
717 3864 882 3920 Israel
939 3884 1061 3924 cum
1115 3875 1212 3927 eis.
1263 3874 1610 3946 PerSpicuum
1664 3896 1747 3940 est
1796 3859 2033 3956 quandiu

468 3952 774 4021 concupitis
805 3958 1087 4025 carebant,
1118 3979 1221 4018 nou
1260 3968 1499 4033 potuisse
1532 3986 1719 4028 eorum
1760 3952 2032 4035 fastidium

458 4057 676 4111 capere.
709 4063 807 4102 nec
837 4066 866 4101 ιι
915 4054 1102 4108 morbo
1133 4056 1383 4126 liberari;
1429 4063 1524 4117 sed
1565 4069 1737 4121 bonus
1773 4086 1836 4124 ac
1880 4073 2034 4128 beni-

457 4149 595 4202 gnus
631 4137 766 4193 Deus
800 4139 930 4210 ipsis
979 4145 1280 4204 desiderata
1318 4159 1644 4222 concedens,
1681 4176 1786 4214 nou
1825 4164 1894 4217 ila
1928 4166 2036 4220 lar-

455 4224 558 4295 giri
589 4227 754 4285 voluit
781 4245 837 4286 ut
866 4235 1190 4293 desiderium
1223 4243 1272 4296 in
1304 4244 1434 4312 ipsis
1465 4249 1823 4318 relinqueret.
1853 4257 2034 4322 Quare

454 4332 560 4370 non
620 4336 724 4374 uno
775 4325 860 4379 die
899 4326 978 4382 ait
1023 4343 1360 4388 comesturos
1409 4351 1502 4391 eos
1545 4355 1768 4409 carnes;
1812 4346 2032 4401 morbus

451 4409 596 4465 enim
641 4414 693 4468 iu
738 4431 925 4472 eorum
972 4421 1154 4476 anima
1199 4423 1420 4482 incensa
1463 4438 1517 4484 et
1563 4432 1895 4491 inﬂammata
1943 4453 2030 4494 re-

2177 571 2505 640 προφήταις,
2546 570 2892 640 προσέκοψαν
2923 572 3005 636 ὡς
3043 573 3139 626 οὐκ
3184 574 3371 646 ἀγαθῷ
3403 575 3481 646 τῷ
3505 577 3752 643 τοιαύτας

2174 658 2574 728 προφερομὲνῳ
2616 659 2818 726 φωνάς·
2853 662 2986 732 ἡμῖν
3027 661 3082 714 δὲ
3119 663 3216 733 ἤδη
3244 664 3330 717 διὰ
3365 666 3433 719 τὰ
3475 669 3751 740 ἐπαπορη-

2173 747 2332 802 θέντα
2389 749 2516 820 περὶ
2568 749 2694 802 ’ποῦ’
2735 751 2833 820 Μὴ
2877 753 3229 824 εἰσενέγκῃς
3280 760 3368 823 εἰς
3420 763 3750 832 πειρασμὸν

2173 839 2331 908 ἡμᾶς
2353 858 2365 870 ·
2405 840 2470 893 δι’
2495 841 2637 912 ἅπερ
2671 843 2765 895 καὶ
2798 844 2896 908 τάς
2927 848 3292 913 ἀποστολικάς
3319 849 3489 915 λέξεις
3520 854 3749 925 παρεθέ-

2175 932 2333 1002 μεθα,
2364 931 2688 1004 θεωρητέον,
2719 936 2767 988 εἰ
2795 938 2885 990 καὶ
2910 941 3074 1010 ἡμεῖς
3099 941 3421 1012 εὑρίσκομεν
3444 943 3746 1015 ἀξιολόγους

2137 1046 2140 1050 ι
2170 1022 2276 1075 τῶν
2318 1024 2688 1094 ἀπεμφάσεων
2727 1027 2925 1093 λύσεις.
2972 1030 3240 1103 Ἱίγοῦμαι
3263 1034 3328 1104 δὴ
3356 1035 3465 1107 (94)
3498 1037 3588 1090 τὸν
3619 1038 3746 1093 Θεὸν

2168 1115 2406 1186 ἑκάστην
2433 1117 2654 1190 λογικὴν
2680 1121 2980 1192 οἰκονομεῖν
3009 1123 3204 1196 ψυχὴν,
3230 1128 3521 1199 ἀφορῶντα
3547 1132 3626 1194 εἰς
3651 1131 3746 1202 τὴν

2168 1208 2337 1262 ἀΐδιον
2372 1211 2543 1280 αὐτῆς
2572 1209 2739 1282 ζωὴν,
2769 1213 2857 1265 ἀεὶ
2894 1213 3124 1285 ἔχουσαν
3161 1217 3222 1271 τὸ
3252 1219 3620 1284 αὐτεξούσιον,
3655 1223 3746 1276 καὶ

2167 1310 2318 1381 παρά
2356 1311 2455 1383 τὴν
2488 1311 2622 1365 ἰδίαν
2641 1314 2819 1367 αἰτίαν
2840 1316 2959 1386 ἤτοι
2984 1319 3039 1370 ἐν
3069 1323 3178 1384 τοῖς
3204 1322 3477 1392 κρείττοσι
3500 1327 3620 1378 κατ’
3648 1327 3743 1379 ὲιτ-

2167 1403 2429 1458 ανάὅασιν
2456 1404 2565 1475 )
2598 1406 2701 1470 ἓως
2725 1408 2824 1477 τῆς
2849 1409 3152 1482 ἀκρότητος
3170 1413 3274 1465 τῶν
3294 1415 3511 1482 ἀγαθῶν
3527 1420 3744 1488 γινομές-

2164 1513 2283 1564 νην,
2314 1496 2747 1552 καταϐαίνουσαν
2777 1501 3050 1573 διαψόρως
3082 1504 3140 1567 ἐξ
3166 1506 3490 1576 ἀπροσεξίας
3526 1510 3618 1562 ἐπὶ
3651 1511 3742 1581 τὴν

2162 1589 2438 1660 τοσήνδεῆ
2472 1591 2694 1661 τοσήνδε
2718 1593 2815 1664 τῆς
2849 1595 3047 1659 κακίας
3072 1597 3227 1667 χύσιν
3247 1599 3375 1669 (9(3).
3413 1602 3564 1654 Ἐπεὶ
3597 1600 3688 1658 οὖν
3709 1607 3742 1674 ὴ

2163 1684 2353 1752 ταχεῖα
2376 1682 2635 1753 Θεραπεία
2657 1685 2750 1738 καὶ
2773 1689 3156 1760 συντομωτέρα
3178 1693 3584 1765 καταφρόνησίν
3608 1714 3743 1750 τισιν

2164 1773 2383 1842 ἐμποιεῖ
2413 1773 2522 1827 τῶν
2558 1777 2638 1838 εἰς
2668 1775 2703 1829 δι
2734 1777 3129 1846 ὲμπεπτὼκασι
3159 1785 3502 1852 νοσημάτων,
3539 1785 3616 1849 ὼς
3659 1789 3747 1841 εὑ-

2167 1863 2542 1936 θεραπεύτων,
2575 1867 2717 1920 ὥστε
2752 1870 2844 1922 καὶ
2871 1869 3122 1941 δεύτερον
3145 1873 3210 1925 ἂν
3240 1876 3377 1943 μετὰ
3406 1877 3466 1929 τὸ
3489 1878 3744 1945 ὑγιᾶσθαι

2162 1957 2276 2017 τοῖς
2308 1956 2491 2019 αὐτοῖς
2536 1961 2886 2027 περιπεσεῖν⁸
2927 1959 3165 2028 εὐλόγως
3207 1961 3298 2013 ἐπὶ
3333 1963 3440 2016 τῶν
3488 1965 3744 2021 τοιούτων

2163 2047 2485 2116 περιόψεται
2509 2047 2606 2120 τὴν
2628 2048 2719 2102 ἐπί
2739 2067 2790 2102 τι
2813 2051 3012 2104 κακίαν
3039 2051 3326 2115 αὔξουσαν,
3354 2055 3451 2108 καὶ
3475 2058 3569 2108 ἐπὶ
3599 2057 3746 2110 πλεῖ-

2163 2155 2286 2191 στον
2318 2142 2582 2212 χεομένην
2629 2143 2686 2195 ἐν
2727 2143 2908 2206 αὐτοῖς
2940 2144 3155 2198 ἀνίατον
3194 2147 3502 2217 ὑπερορῶν,
3549 2149 3635 2202 ἵνα
3666 2149 3744 2221 τῷ

2161 2232 2582 2303 προσδιατρίψαι
2611 2234 2686 2306 τῷ
2720 2235 2894 2306 κακῷ,
2929 2237 3024 2287 καὶ
3056 2237 3433 2308 ἐμφορηθῆναι
3462 2235 3532 2309 ἦς
3557 2240 3743 2294 ἐπιθυ-

2163 2336 2351 2407 μοῦσιν
2369 2338 2661 2410 ἁμαρτίας,
2685 2340 3038 2412 κορεσθέντες
3063 2342 3363 2413 αἰσθηθῶσι
3381 2345 3478 2415 τῆς
3515 2345 3736 2415 βλάϐης,

2161 2430 2251 2480 καὶ
2281 2431 2607 2500 μισήσαντες
2633 2433 2768 2503 ὅπερ
2796 2432 3061 2504 πρότερον
3090 2435 3432 2501 ἀπεδέξαντο,
3470 2436 3740 2508 δυνηθῶσι

2158 2520 2214 2572 θε
2223 2522 2582 2592 ραπευθέντες
2599 2523 2839 2593 βεδαιότε
2847 2543 2940 2596 ρον
2955 2526 3177 2580 ὄνασθαι
3192 2529 3290 2599 τῆς
3305 2531 3360 2582 ἐν
3377 2528 3456 2599 τῷ
3473 2529 3742 2602 θεραπευ-

2157 2611 2313 2684 θῆναι
2340 2617 2690 2688 ὑπαρχούσης
2726 2619 2913 2687 ὑγείας
2938 2619 3044 2672 τῶν
3067 2620 3252 2692 ψυχῶν
3286 2623 3470 2687 αὐτοῖς
3490 2641 3504 2654 ·
3548 2618 3674 2677 Οἷον
3696 2623 3732 2674 ό

2154 2703 2460 2772 ἐπίμικτός
2491 2723 2635 2759 ποτε
2665 2708 2736 2760 ἐν
2768 2709 2888 2774 τοῖς
2913 2711 3064 2776 υἱοῖς
3091 2712 3198 2782 (97)
3246 2713 3494 2780 Ἰσραὴλ
3529 2713 3740 2767 ἐπεθύ-

2148 2813 2348 2864 μησεν
2385 2797 2723 2867 ἐπιθυμίαν,
2740 2801 2832 2854 καὶ
2857 2803 3214 2870 καθίσαντες
3247 2805 3517 2867 ἔκλαιον,
3554 2806 3651 2859 καί
3681 2809 3738 2861 οἱ

2152 2884 2270 2938 υἱοὶ
2310 2887 2577 2955 Ἰσραὴλ,
2600 2889 2709 2966 ,καὶ
2739 2887 2944 2945 εἶπαν
2994 2895 3090 2960 Τίς
3124 2895 3281 2964 ἡμᾶς
3309 2897 3532 2964 ψωμιεῖ
3554 2898 3737 2966 κρέαξ

2167 2975 2590 3048 Ἐμνήσθημεν
2622 2981 2761 3047 τοὺς
2798 2985 3006 3052 ἰχθύας
3031 2985 3138 3051 οὓς
3174 2988 3467 3057 ἡσθιόμεν
3511 2987 3737 3056 δωρεὰν

2149 3079 2218 3132 ἐν
2242 3083 2537 3152 Αἰγύπτῳ,
2563 3086 2658 3139 καὶ
2686 3086 2827 3152 τοὺς
2845 3087 3118 3154 σικυοὺς,
3148 3091 3245 3143 καὶ
3277 3090 3418 3156 τοὺς
3442 3092 3732 3160 πέπονας,

2146 3172 2240 3224 καὶ
2275 3172 2345 3226 τὰ
2379 3174 2602 3242 πράσα,
2649 3177 2742 3230 καὶ
2775 3177 2845 3230 τὰ
2875 3179 3166 3247 κρόμμυα,
3202 3179 3299 3233 καί
3341 3181 3415 3234 τὰ
3446 3183 3730 3250 σκόροδα·

2143 3266 2280 3318 νυνὶ
2323 3265 2390 3318 δὲ
2430 3269 2468 3334 ἠ
2503 3268 2672 3338 ψυχὴ
2718 3271 2886 3339 ἡμῶν
2916 3272 3268 3342 κατάξηρος.
3326 3274 3523 3328 Οὐδὲν
3567 3278 3735 3346 πλὴν

2141 3358 2228 3424 είς
2259 3356 2324 3410 τὸ
2358 3358 2560 3428 μάννα
2593 3361 2647 3414 ὁὶ
2687 3361 2992 3440 ὀφθαῑμοὶν
3020 3364 3206 3435 ¹ἡμῶν.
3252 3363 3385 3421 Εἶτα
3429 3372 3550 3438 μετ’
3579 3370 3733 3440 ὀλίγα

2141 3449 2389 3518 λέγεται·
2441 3453 2547 3506 Kal
2587 3453 2815 3522 ἢκουσε
2862 3439 3125 3524 Μωῧσῆς
3161 3459 3497 3513 κλαιόντων
3533 3439 3733 3517 αὐτῶν

2142 3544 2291 3598 κατὰ
2325 3545 2553 3615 δήμους
2587 3548 2804 3602 αὐτῶν·
2841 3549 3098 3617 ἕκαστος
3123 3551 3221 3603 ἐπὶ
3257 3550 3367 3620 τῆς
3401 3555 3591 3622 θύρας
3621 3558 3730 3610 αὺ-

2141 3647 2266 3701 τοῦ.
2305 3647 2416 3702 Καὶ
2451 3650 2610 3704 πάλιν
2640 3652 2755 3722 μετ’
2785 3652 2939 3720 ὀλίγα
2962 3652 3164 3725 Κύριός
3193 3672 3325 3725 φησι
3361 3655 3442 3728 τῷ
3481 3660 3724 3712 Μωῦσεῖο

2139 3751 2246 3805 Kal
2277 3751 2356 3818 τῷ
2378 3751 2503 3818 λαῷ
2524 3754 2695 3822 ἐρεῖς⁸
2738 3755 3082 3826 Ἀγνίσασθε
3107 3757 3328 3826 αὔριον.
3341 3761 3438 3815 καὶ
3461 3761 3727 3832 φάγεσθε

2139 3842 2282 3912 κρέα
2317 3845 2404 3898 ὅτι
2439 3846 2778 3900 ἐκλαύσατε
2817 3848 3094 3901 ἐναντίον
3136 3851 3359 3918 Κυρίου
3405 3851 3719 3921 λέγοντες·

2145 3937 2239 4002 Τίς
2270 3937 2427 4006 ἡμᾶς
2459 3938 2678 4007 ψωμιεῖ
2705 3937 2877 4007 xpers;
2911 3939 3001 3992 ὅτι
3033 3940 3225 3994 καλὸν
3254 3941 3400 4011 ἡμῖν
3437 3941 3613 3997 ἐστιν
3653 3945 3724 3997 ἐν

2136 4030 2430 4098 Αἰγύπτῳ.
2470 4030 2580 4084 Καὶ
2622 4029 2800 4084 δώσει
2846 4029 2989 4100 ὑμῖν
3031 4031 3172 4100 κρέα
3207 4032 3444 4103 φαγεῖν,
3471 4035 3572 4088 καὶ
3612 4034 3725 4104 φά-

2138 4124 2318 4191 γεσθε
2346 4120 2518 4190 κρέαο
2546 4125 2657 4192 οὐχ
2688 4123 2916 4192 ἡμέραν
2941 4124 3090 4193 μίαν
3109 4123 3395 4195 early-£068,
3418 4125 3566 4181 οὐδὲ
3589 4128 3718 4194 δύο,

2134 4214 2275 4269 οὐδὲ
2296 4214 2473 4268 πέντε
2501 4214 2740 4284 ἡμέρας,
2773 4219 2844 4270 οὐ
2872 4216 3017 4270 δέκα
3049 4217 3289 4287 ἡμέρας,
3319 4218 3463 4272 οὐδὲ
3487 4220 3723 4274 εἴκοσιν

2133 4305 2373 4374 ἡμέρας·
2432 4307 2542 4373 ἕως
2581 4309 2772 4378 μηνὸς
2817 4311 3052 4380 ἡμερῶν
3103 4312 3367 4381 φιὶγεσθε
3393 4331 3406 4344 ·
3464 4314 3575 4381 ἕως
3639 4313 3722 4369 ἂν

2131 4408 2350 4478 ἐξέλθῃ
2379 4410 2448 4464 ἐκ
2486 4411 2605 4465 τῶν
2640 4413 2964 4482 μυκτήρων
2990 4417 3175 4485 ὑμῶν,
3222 4417 3318 4470 καὶ
3353 4417 3527 4473 ἔσται
3574 4417 3720 4488 ὑμῖν

452 4506 788 4574 ωεηείεερι,
851 4511 894 4565 si
957 4515 1248 4584 participes
1314 4521 1559 4577 carnium
1623 4528 1688 4580 ad
1752 4530 2024 4586 modicum

2152 4503 2218 4567 ῖὶς
2259 4499 2546 4571 χολέρανσ
2584 4502 2672 4556 ὅτι
2695 4505 3059 4572 ἠπειθήσατε
3097 4508 3309 4576 Κυρίῳ,
3341 4508 3410 4575 ὅς
3444 4510 3614 4564 ἐστιν
3643 4510 3720 4564 ἐν

451 4604 666 4669 tempus
697 4601 948 4658 fuissent.
979 4606 1164 4676 Neque
1190 4611 1258 4663 ad
1293 4612 1433 4667 duos
1465 4615 1581 4671 dies
1613 4618 1747 4688 ipsis
1779 4631 2022 4693 optatum

449 4688 698 4761 largitur,
736 4697 830 4751 sed
879 4714 986 4768 quo
1024 4700 1364 4759 fastidiosum
1398 4704 1452 4760 id
1482 4708 1564 4762 eis
1603 4688 1870 4781 efﬁceret,
1915 4731 2023 4772 non

449 4791 558 4838 tam
612 4791 933 4855 promittere
985 4793 1222 4859 videtur,
1271 4810 1433 4864 quam
1483 4799 1532 4853 ei
1584 4803 1673 4870 qui
1725 4803 2024 4875 intelligere

445 4877 642 4946 valeat,
670 4883 866 4940 minari
896 4900 957 4941 se
984 4902 1392 4957 concessurum,
1428 4906 1552 4945 cum
1592 4893 1667 4947 ait
1695 4893 1835 4953 :Ncc
1862 4901 2023 4968 quin-

445 4985 552 5040 que
586 4982 794 5031 tantum
824 4979 940 5034 dies
977 4980 1170 5048 agetis,
1207 4983 1552 5040 comedentes
1581 5001 1805 5056 carnes;
1845 5008 2020 5064 neque

442 5066 608 5122 etiam
638 5071 800 5142 duplo
825 5081 1058 5139 tantum,
1088 5087 1264 5144 neque
1293 5076 1454 5148 duplo
1485 5080 1662 5137 adhuc
1687 5083 1888 5152 plures,
1919 5097 2014 5146 sed

512 5202 558 5238 ³⁸
582 5204 740 5262 Num.
771 5222 861 5275 XI,
898 5206 933 5261 4
957 5248 972 5272 ,
1014 5209 1078 5276 5,
1120 5211 1174 5265 6.
1254 5211 1296 5244 ²⁹
1326 5212 1482 5282 Ibid,
1518 5215 1607 5274 10.

513 5343 627 5416 (94)
667 5345 942 5419 Ἠγοῦμαι
972 5348 1071 5417 δή,
1106 5358 1216 5404 etc.
1238 5351 1329 5408 Sic
1351 5354 1518 5409 habet
1543 5358 1713 5414 codex
1747 5377 1851 5418 ms.
1887 5363 2013 5419 Edi-

441 5415 533 5469 tio
551 5425 730 5495 autem
757 5418 960 5495 Oxum,
980 5415 1225 5495 ᾑγοῦμαι
1246 5423 1324 5483 δέ.
1353 5435 1462 5480 etc.
1487 5427 1689 5495 Aperte
1721 5415 2016 5491 autem—hic

441 5485 654 5572 sem‘nia
686 5500 782 5572 sua
816 5485 1334 5572 occinitVOrigeues,
1359 5485 1572 5572 anilitas
1597 5515 1788 5568 nempe
1820 5485 2014 5572 quem;

443 5553 572 5630 libet
607 5564 806 5630 statum
836 5559 1060 5630 adeptas
1105 5553 1330 5617 arbitrii
1362 5566 1445 5619 sui
1483 5553 1736 5625 libertate
1767 5553 2016 5630 'ad‘iiéiie

442 5625 523 5676 vel
551 5625 690 5705 male
724 5625 989 5710 agendum
1022 5629 1148 5710 frui,
1186 5647 1250 5686 ac
1274 5646 1560 5710 perpetuas
1581 5654 1700 5692 esse
1735 5625 2010 5710 proirid‘eia

437 5696 690 5762 snpernis
716 5707 781 5748 ad
819 5697 1086 5779 inlcriora_
1108 5696 1288 5779 lapsus
1311 5696 1626 5779 et't'editus;
1662 5696 1851 5779 ptines
1885 5696 2012 5770 item

435 5776 631 5845 Omnes
663 5780 784 5819 esse
811 5771 1173 5852 purgatorig,
1212 5774 1319 5852 imo
1356 5771 1852 5852 ipseunet‘p'eccata
1887 5800 2014 5852 pur-

436 5834 675 5902 satoria';
710 5834 1067 5906 pteuas'essc.
1103 5834 1178 5900 De
1212 5843 1294 5901 bis
1327 5834 1554 5903 somniis
1589 5834 1704 5906 l‘tisc
1739 5834 2020 5910 dissentit-ur

2128 4593 2290 4662 ὑμῖν,
2331 4593 2429 4648 καὶ
2479 4594 2815 4651 ἐκλαύσατε
2859 4599 3138 4652 ἐναντίον
3176 4600 3364 4653 αὐτοῦ
3409 4599 3715 4670 λέγοντες-ο

2131 4685 2265 4741 Ἵνα
2293 4687 2352 4740 τί
2400 4686 2546 4758 ἡμῖν
2573 4689 2845 4754 ἐξελθεῖν
2872 4690 2942 4757 ἐξ
2982 4693 3287 4761 Αἰγύπτου
3311 4711 3330 4758 ;
3365 4695 3592 4765 ’Ἱδωμεν
3617 4693 3718 4752 οὖν

2129 4791 2228 4863 τὴν
2277 4793 2536 4865 ἱστορίαν,
2570 4796 2616 4848 εἰ
2650 4795 2938 4867 χρησίμως
2970 4797 3096 4868 ὑμῖν
3123 4797 3505 4870 παρεϐάλομεν
3539 4801 3716 4872 αὐτὴν

2130 4900 2267 4972 πρὸς
2289 4900 2442 4954 λύσιν
2456 4901 2549 4956 τοῦ
2569 4903 2674 4956 ἀπε
2683 4903 3002 4975 μφαίνοντος
3026 4905 3082 4956 ὲν
3102 4903 3181 4975 τῷ
3197 4922 3210 4934 ·
3239 4905 3331 4973 Μὴ
3355 4905 3715 4976 εὶσενέγκῃς

2128 4991 2284 5062 ἡμᾶς
2309 4997 2396 5061 εὶς
2420 4997 2771 5067 πειρασμόν·
2798 4998 2891 5050 καὶ
2915 4999 2971 5050 ὲν
2997 5001 3117 5062 ταῖς
3148 4998 3530 5061 ἀποστολικαῖς
3561 4998 3718 5064 λέξε-

2136 5105 2239 5144 σιν.
2314 5089 2784 5163 Ἐπιθυμήσαντες
2841 5091 3136 5164 ἐπιθυμίαν
3175 5095 3204 5146 ὁ
3245 5094 3534 5168 ὲπίμικτος
3569 5095 3597 5148 ό
3646 5096 3714 5152 ἐν

1687 5220 1734 5255 ὀ
1764 5221 1924 5292 ιδιά..
1956 5228 2042 5296 ts,
2077 5229 2162 5294 ιθ,
2195 5228 2285 5286 20.

2126 5365 2567 5444 Origenianorum
2603 5368 2694 5444 lib.
2731 5385 2802 5444 ιι,
2823 5380 3020 5444 qumst.
3050 5373 3104 5438 7,
3145 5388 3296 5430 num.
3329 5374 3387 5440 2,
3424 5387 3478 5431 et
3501 5385 3708 5444 quiest.

2125 5440 2428 5504 undecima,
2466 5456 2613 5492 num.
2644 5443 2662 5497 ί
2706 5455 2752 5494 et
2784 5443 2870 5497 17.

2196 5506 2307 5578 (95)
2338 5511 2513 5584 codex
2555 5526 2685 5584 ms.,
2715 5513 2864 5584 κατί
2885 5513 3241 5568 ὲπανάϐασιν.
3281 5515 3458 5571 Editio
3490 5515 3708 5584 Omn...

2114 5579 2586 5664 ’κατεπαγάϐασιν.
2617 5582 2817 5636 Ibidem
2848 5583 3124 5641 Bentlrius
3146 5586 3296 5655 legit,
3333 5589 3623 5660 γινομένην

2124 5649 2451 5704 καταϐαῖνον
2459 5665 2573 5704 στιν.

2197 5716 2308 5795 $96)
2339 5722 2508 5795 Cave,
2564 5731 2633 5795 et,
2669 5723 2860 5779 confer
2911 5741 3031 5795 qua:
3085 5726 3358 5782 babcutur
3410 5728 3502 5785 lib.
3540 5745 3574 5784 tt
3617 5731 3705 5787 De

2126 5788 2416 5859 principiis.
2447 5807 2563 5858 cap.
2613 5794 2663 5851 4.
2705 5811 2755 5846 ιι.
2781 5795 2835 5849 3.

2199 5859 2310 5925 (97)
2355 5861 2449 5915 Ἐν
2492 5863 2613 5930 τοῖς
2651 5865 2820 5933 υἱοῖς.
2857 5865 3020 5936 Lego,
3047 5870 3075 5923 ό
3106 5870 3163 5923 ἐν
3187 5870 3299 5934 τοῖς
3324 5870 3476 5933 υἱοῖς.
