3954 6414
268 331 358 390 541

1472 319 1802 378 LIBELLUS
1831 321 1920 376 DE
1951 320 2319 378 ORATIONE.

3412 322 3513 377 5-ίὲ

267 456 390 517 υἱοῖς
432 449 650 524 Ἰσραὴλ
674 449 915 514 ἔκλαιον,
937 446 1030 500 καὶ
1054 447 1101 498 οἱ
1127 445 1233 498 υἱοὶ
1257 442 1475 516 Ἰσραὴλ
1509 445 1605 496 σὺν
1631 444 1800 506 αὐτοῖς

1904 490 1910 508 ,
1945 452 2153 498 tantum
2178 442 2495 506 comedetis,
2519 449 2576 496 ut
2601 453 2788 496 mense
2809 441 3019 514 integro
3046 443 3302 498 carnibus
3330 459 3515 499 vesca-

265 548 358 602 Καὶ
397 543 650 616 φανερὸν,
683 544 768 596 ὄτι
805 543 929 594 ὅσον
969 541 1066 592 οὐκ
1114 534 1260 608 εἶχον
1293 536 1362 590 τὰ
1400 535 1831 607 ἐπιθυμούμενα,

265 639 407 709 κόρον
439 635 538 689 οὐκ
579 634 851 704 ἠδύναντο
894 630 1068 686 αὐτῶν
1107 629 1310 692 λαϐεῖν,
1349 629 1468 682 οὐδὲ
1522 627 1833 682 παύσασθαι

259 729 340 784 τοῦ
381 726 612 791 πάθους·
668 724 808 780 ἀλλὰ
851 725 944 777 καὶ
990 724 1018 774 ὁ
1062 721 1439 792 φιλάνθρωπος
1483 720 1576 774 καὶ
1630 720 1834 790 ἀγαθὸς

259 820 372 882 Θεὸς
393 819 564 881 διδοὺς
586 818 780 879 αὐτοῖς
803 815 863 870 τὺ
888 814 1151 885 ἐπιθυμου
1161 831 1338 884 μενον,
1362 813 1459 882 οὐχ
1483 812 1655 876 οὕτως
1677 813 1831 866 ἐϐού-

256 913 359 966 λετο
384 911 577 966 διδόναι
610 910 757 963 ὥστε
792 907 1184 962 καταλιπέσθαι
1209 909 1265 959 ἐν
1292 907 1474 970 αὐτοῖς
1500 906 1823 976 ἐπιθυμίαν

253 1005 417 1076 διόπερ
434 1005 564 1075 φησι
590 1004 668 1074 μὴ
687 1003 820 1073 μίαν
840 1004 1053 1073 ἡμέραν
1071 1000 1339 1071 φάγεσθαι
1363 1001 1558 1062 αὐτοὺς
1576 999 1644 1052 τὰ
1665 1001 1822 1072 κρέα·

253 1099 390 1167 ἔμενε
419 1096 526 1168 γὰρ
555 1096 622 1148 ἂν
658 1097 720 1149 τὸ
754 1096 928 1159 πάθος
960 1096 1138 1150 αὐτῶν
1178 1097 1236 1148 ὲν
1272 1097 1339 1166 τῇ
1374 1093 1517 1164 ψυχῇ
1565 1111 1826 1165 πεπυρω-

254 1189 369 1261 μένῃ
400 1190 492 1241 καὶ
544 1188 860 1261 ρλεγομένῃ
907 1189 996 1241 ὑπ’
1046 1187 1232 1250 αὑτοῦ,
1278 1188 1325 1239 εἰ
1379 1188 1464 1238 ἐπ’
1493 1185 1673 1253 ὀλίγον
1717 1185 1824 1237 τῶν

250 1282 401 1354 κρεῶν
431 1281 726 1352 μετειλήφε
738 1299 839 1335 σαν
864 1280 994 1352 (98).
1046 1280 1184 1333 Ἀλλ’
1210 1279 1338 1332 οὐδὲ
1374 1281 1464 1332 ἐπὶ
1487 1278 1580 1331 δύο
1607 1278 1822 1330 δίδωσιν

249 1373 404 1434 αὐτοῖς
428 1372 487 1423 τὸ
508 1370 958 1442 ἐπιθυμούμενον
979 1370 1192 1441 ἡμέρας
1213 1387 1225 1399 ·
1257 1368 1577 1439 βουλόμενος
1599 1367 1656 1420 δὲ
1690 1367 1822 1421 αὐτὸ

246 1465 522 1536 προσκορὲς
559 1465 754 1528 αὐτοῖς
787 1465 1032 1536 ποιῆσαι,
1069 1463 1233 1516 οἱονεὶ
1273 1463 1371 1515 οὐκ
1401 1459 1815 1528 ἐπαγγέλλεται,

244 1557 358 1609 ἀλλὰ
384 1556 460 1627 τῷ
487 1557 736 1610 συνιέναι
763 1557 1048 1627 δυναμένῳ
1078 1555 1290 1609 ἀπειλεῖ
1310 1554 1375 1607 δι’
1400 1547 1472 1606 ὧν
1497 1551 1816 1624 χαρίζεσθαι

243 1653 402 1712 αὐτοῖς
441 1651 639 1715 ἐδόκει,
697 1650 898 1718 λέγων·
955 1650 1087 1702 υύδέ
1132 1648 1292 1700 πέντε
1348 1647 1511 1717 μόνας
1560 1646 1814 1714 ποιήσετε

243 1743 424 1812 ἡμέρας
440 1744 717 1809 ἐσθίοντες
735 1744 807 1797 τὰ
827 1744 980 1814 κρέα
1001 1745 1120 1796 οὐδὲ
1143 1744 1236 1807 τὰς
1253 1744 1454 1797 τούτων
1476 1743 1806 1806 διπλασίους·

1937 537 2094 604 mini,
2131 539 2301 592 donec
2329 552 2424 607 per
2457 551 2620 591 nares
2673 547 2832 591 exeat
2865 549 2932 591 ex
2965 537 3178 592 cholera
3213 539 3425 602 morbo,
3459 547 3514 593 et

1933 628 1988 682 id
2027 613 2174 694 quod.
2203 630 2357 684 vobis
2396 630 2595 682 bonum
2626 630 2802 684 visum
2849 635 2956 694 est,
3000 637 3052 684 et
3095 629 3510 700 vituperandum

1933 722 2054 792 ejus
2083 737 2146 776 ac
2177 731 2336 789 turpe
2384 721 2736 774 desiderium.
2767 720 2845 775 Ita
2880 736 2978 775 vos
3011 736 3040 774 a
3075 722 3184 776 vita
3218 724 3508 778 removeho

1933 812 2064 866 nihil
2087 812 2320 881 amplius
2339 811 2639 880 cupientes,
2667 819 2724 864 ut
2752 811 2884 864 tales
2906 812 3129 880 egressi,
3153 813 3276 882 puri
3300 813 3508 869 scilicet

1929 917 1959 956 a
1991 902 2242 971 cupidine
2271 911 2325 955 et
2355 917 2626 957 memores
2656 916 2750 970 per
2776 911 2905 971 quot
2935 902 3151 956 labores
3181 904 3248 957 ab
3278 919 3339 958 ea
3368 903 3508 960 libeo

1929 995 2032 1048 rati
2067 994 2216 1060 sitis,
2244 995 2464 1064 possitis
2497 1004 2589 1047 aut
2615 994 2665 1047 in
2690 1007 2808 1046 eam
2840 993 3064 1062 posthac
3099 1009 3205 1048 non
3242 995 3502 1063 incidere,

1927 1095 2042 1151 aut,
2077 1087 2120 1140 si
2161 1087 2451 1156 aliquando
2492 1088 2542 1141 id
2589 1086 2803 1141 accidat
2834 1097 2955 1156 post
3000 1087 3154 1157 longa
3197 1098 3504 1159 temporum

1927 1178 2246 1242 intervalla,
2305 1179 2458 1233 obliti
2513 1195 2633 1249 quae
2692 1190 2911 1250 propter
2961 1181 3309 1250 cupiditatem
3369 1183 3503 1237 estis

1923 1269 2190 1337 perpessi,
2240 1269 2285 1322 si
2320 1271 2476 1324 vobis
2521 1287 2623 1324 non
2668 1275 2802 1327 satis
2845 1273 3138 1327 attendatis
3188 1290 3285 1329 nec
3328 1275 3502 1328 susci-

1923 1363 2088 1428 piatis
2115 1361 2344 1415 verbum
2371 1363 2512 1431 qnod
2540 1363 2780 1432 perfecte
2805 1367 2870 1418 ab
2894 1367 3040 1420 omni
3070 1369 3258 1422 morbo
3281 1368 3498 1434 liberat,

1919 1451 1972 1504 in
2025 1453 2164 1506 mala
2211 1453 2498 1519 incidatis;
2549 1465 2733 1522 postea
2773 1471 2899 1510 vero
2949 1472 3075 1511 cum
3111 1473 3209 1512 vos
3243 1459 3498 1514 nascendi

1917 1543 2114 1610 cupido
2141 1544 2447 1610 incesserit,
2469 1544 2638 1598 oretis
2661 1545 2968 1601 desiderata
2995 1547 3188 1602 iterum
3214 1550 3496 1617 consequi,

1915 1649 2091 1702 eaque
2142 1634 2322 1700 exosi,
2377 1636 2454 1690 sie
2505 1650 2694 1690 rursus
2752 1640 2818 1691 ad
2873 1639 3095 1694 meliora
3139 1641 3500 1711 cmlestesque

1915 1724 2068 1777 cibos
2096 1739 2380 1779 recurrere
2417 1744 2431 1780 :
2467 1726 2662 1795 quibus
2692 1731 3026 1798 contemptis
3057 1731 3328 1787 deteriora
3357 1747 3501 1802 qua:-

241 1836 338 1888 οὑδέ
381 1837 456 1889 ἔτι
506 1838 609 1901 τὰς
660 1837 892 1891 ἐκείνων
944 1837 1287 1899 διπλασίους”
1334 1837 1446 1890 ἀλλ’
1480 1837 1570 1889 ἐπὶ
1617 1835 1800 1892 τοσοῦ-

1921 1818 2145 1872 rebatis.
2194 1817 2398 1873 Eadem
2442 1833 2508 1873 ac
2557 1820 2634 1873 illi
2691 1821 2968 1888 patientur
3023 1825 3114 1893 qui
3166 1837 3498 1882 mutaverunt

238 1943 311 1978 τον
335 1927 436 1996 (99)
469 1928 744 1998 φάγεσθε,
769 1931 856 1998 ἐφ’
884 1929 1001 1982 ὅλον
1033 1927 1480 2000 κρειυφαγοῦντες
1515 1928 1678 1997 μῆνα,
1704 1926 1808 1989 ἓως

239 2019 400 2093 ἐξέλθῃ
428 2022 489 2074 ἐκ
530 2021 645 2074 τῶν
681 2022 985 2092 μυκτήρων
1021 2019 1159 2091 μετὰ
1187 2017 1467 2090 χολερικοῦ
1512 2018 1718 2081 πάθους
1747 2019 1807 2071 τὸ

238 2111 592 2180 νενομισμένον
622 2113 760 2182 ὑμῖν
786 2111 971 2173 καλὸν,
1005 2111 1100 2163 καὶ
1125 2112 1157 2180 ἡ
1192 2109 1320 2180 περὶ
1352 2109 1482 2161 αὐτὸ
1509 2108 1683 2178 ψεκτὴ
1714 2108 1806 2161 καὶ

236 2203 408 2272 αἰσχρὰ
434 2203 740 2274 ἐπιθυμία’
769 2204 837 2256 ἵν’
868 2205 1010 2274 ὑμᾶς
1032 2200 1326 2267 ἀπαλλάξω
1348 2201 1438 2254 τοῦ
1467 2199 1580 2270 βίου
1608 2201 1804 2271 μηκέτι

235 2293 627 2364 ὲπιθυῳῦντας,
672 2295 774 2348 καὶ
813 2294 1044 2348 τοιοῦτοι
1085 2295 1408 2362 ἐξελθόντες,
1438 2294 1700 2364 δυνηθῆτε
1729 2294 1805 2357 ὡς

233 2385 434 2457 καθαροὶ
462 2388 572 2440 ἀπὸ
614 2387 948 2457 ἐπιθυμίας,
987 2387 1324 2458 μεμνημένοι
1349 2404 1407 2440 τε
1438 2387 1502 2440 δι’
1535 2387 1670 2439 ὅσων
1707 2385 1804 2438 πό-

232 2496 318 2531 νων
347 2479 507 2550 αὐτῆς
539 2480 934 2552 ἀπηλλάγητε,
965 2481 1082 2550 ἦτοι
1117 2479 1380 2551 μηδαμῶς
1413 2479 1548 2550 αὐτῇ
1577 2495 1804 2548 περιπε-

235 2573 324 2624 σεῖν
348 2571 420 2626 ἔτι
437 2590 449 2602 ·
476 2573 530 2644 ἢ,
554 2575 607 2626 εἰ
644 2574 758 2645 ἄρα
780 2573 942 2626 τοῦτο
959 2589 1087 2625 ποτε
1109 2572 1315 2640 γίνεται
1342 2574 1576 2642 μακραῖς
1595 2570 1800 2640 χρόνων

230 2666 486 2736 περιόδοις,
510 2667 1007 2736 ἐπιλανθανόμενοι
1031 2659 1104 2719 ὦν
1135 2665 1438 2719 πεπόνθατε
1459 2665 1546 2718 διὰ
1568 2665 1667 2735 τὴν
1691 2667 1803 2718 ἐπι-

231 2757 420 2828 θυμίαν,
455 2759 551 2814 ἐὰν
588 2760 670 2832 μὴ
700 2761 924 2822 ἑαυτοῖς
953 2759 1280 2829 προσέχητε,
1315 2757 1410 2811 καὶ
1451 2758 1540 2810 τὸν
1581 2758 1802 2821 τελείως

228 2850 615 2906 ἀπαλλάττονται
653 2851 870 2913 πάθους
902 2850 1102 2913 παντὸς
1134 2849 1291 2918 λόγον
1324 2847 1653 2920 ἀναλάὅητε,
1687 2850 1799 2910 τοῖς

228 2946 388 3006 κακοῖς
436 2946 803 3015 περιπεσεῖτε
858 2942 962 3013 (1)·
1009 2941 1234 3013 ὕστερον
1280 2959 1339 2994 τε
1391 2941 1491 3010 τῆς
1533 2939 1799 3008 γενέσεως

226 3031 656 3106 ἐπιθυμήσαντες,
688 3032 862 3087 πάλιν
891 3031 946 3085 δε
958 3031 1120 3103 ηθῆτε
1145 3029 1238 3083 τοῦ
1266 3031 1346 3093 δὶς
1369 3031 1549 3099 τυχεῖν
1576 3021 1649 3081 ὧν
1676 3030 1797 3081 ἐπι-

227 3123 437 3195 θυμεῖτε,
457 3129 806 3199 μισήσαντες
832 3125 894 3178 τὸ
916 3123 1182 3194 ἐπιθυμού
1193 3141 1372 3194 μενον,
1394 3121 1486 3176 καὶ
1513 3121 1632 3176 τότε
1655 3120 1796 3174 οὕτω

227 3215 578 3290 παλινδρομεῖν
603 3219 700 3270 ἐπὶ
721 3217 796 3270 τὰ
818 3215 962 3270 καλὰ
980 3219 1071 3269 καὶ
1096 3217 1192 3286 τὴν
1211 3215 1458 3287 οὐράνιον
1484 3216 1707 3288 τροφὴν,
1728 3211 1797 3288 ἦς

225 3313 712 3382 κατασρονήσαντες
750 3309 865 3363 τῶν
909 3309 1169 3380 χειρόνων
1217 3308 1538 3379 ὠρέχθησαν
1581 3309 1679 3377 (2).
1724 3309 1798 3361 Τὸ

224 3394 378 3466 ὅμοιον
406 3396 498 3453 οὖν
524 3401 742 3463 τούτοις
771 3399 1056 3453 πείσονται
1079 3401 1127 3452 οἱ
1153 3398 1533 3464 ἀλλάξαντες
1559 3398 1673 3467 τὴν
1700 3399 1798 3452 δό-

224 3484 318 3549 ξαν
351 3489 450 3544 τοῦ
481 3490 634 3544 Θεοῦ
675 3491 788 3545 τοῦ
821 3489 1150 3560 ἀφθάρτου,
1187 3491 1257 3545 ἐν
1302 3490 1615 3561 ὁμοιώματι
1644 3495 1797 3547 εἰκό-

224 3595 310 3646 νος
325 3585 583 3652 φθαρτοῦ
612 3583 967 3653 ἀνθρώπου,
999 3585 1092 3637 καὶ
1130 3584 1436 3648 πετεινῶν,
1469 3586 1565 3639 καὶ
1598 3604 1797 3654 τετρα-

224 3673 413 3740 πόδων,
445 3677 546 3730 καὶ
573 3677 876 3745 ἑρπετῶν,
906 3677 994 3731 διὰ
1033 3677 1128 3730 τοῦ
1163 3677 1655 3746 ἐγκαταλείπεσθαι
1691 3699 1796 3734 πα-

226 3763 527 3836 ραδιδόμενοι
552 3770 623 3822 ἐν
643 3769 782 3835 ταῖς
803 3769 1146 3839 ἐπιθυμίαις
1168 3768 1288 3824 τῶν
1314 3769 1571 3838 καρδιῶν
1596 3770 1796 3824 αὐτῶν

221 3857 292 3922 εις
315 3859 705 3928 ἀκαθαρσίαν,
738 3860 852 3914 τοῦ
895 3861 1271 3930 ἀτιμάζεσθαι
1308 3862 1382 3915 τὰ
1412 3861 1656 3931 σώματα
1688 3862 1794 3916 τῶν

221 3951 288 4013 εἰς
323 3952 520 4025 ἄψυχον
576 3955 741 4025 σῶμα
809 3955 905 4008 καὶ
949 3953 1270 4027 ἀναίσθητον
1307 3954 1792 4008 καταϐιϐασάντων

219 4041 270 4096 τὸ
294 4045 447 4117 ὀνομα
475 4047 569 4101 τοῦ
597 4050 736 4101 πᾶσι
760 4051 877 4110 τοῖς
903 4047 1246 4118 αἰσθομένοις
1273 4048 1507 4117 λογικοῖς
1531 4048 1594 4101 οὐ
1632 4048 1791 4119 μόνον

221 4134 272 4188 τὺ
298 4139 589 4203 αἰσθέσθαι,
618 4139 764 4194 ἀλλὰ
799 4142 895 4193 καὶ
923 4139 986 4192 τὸ
1004 4140 1238 4208 λογικῶς
1261 4141 1563 4205 αἰσθέσθαι,
1596 4142 1705 4194 τισὶ
1734 4141 1791 4194 δὲ

221 4229 298 4281 καὶ
335 4231 546 4296 τελείως
590 4234 689 4286 καὶ
740 4231 1021 4304 ἐναρέτως
1053 4233 1336 4288 αἰσθέσθαι
1372 4236 1466 4288 καὶ
1514 4237 1654 4288 νοεῖν
1693 4251 1793 4302 χα-

223 4323 508 4391 ρισαμένου.
558 4324 672 4378 Καὶ
733 4323 977 4392 εὐλόγως
1027 4325 1078 4378 οἱ
1126 4325 1356 4379 τοιοῦτοι
1405 4326 1789 4398 παραδίδονται

221 4408 433 4465 tit-.6106
490 4414 958 4484 καταλειφθέντος
1007 4416 1097 4469 ὑπ’
1146 4417 1323 4471 αὐτῶν
1361 4418 1518 4482 Θεοῦ,
1567 4419 1790 4471 ἀντικα-

1909 1909 2136 1979 gloriam
2182 1910 2276 1964 Dei
2324 1912 2738 1973 incorruptibilis
2787 1917 2840 1967 in
2897 1915 3299 1974 similitudinem
3355 1921 3495 1974 ima-

1907 2001 2047 2069 ginis
2079 2005 2438 2072 corruptibilis
2471 2006 2700 2060 hominis
2734 2019 2780 2062 et
2820 2008 3093 2062 volucrum
3120 2021 3168 2063 et
3196 2011 3496 2080 quadrupe-

1907 2094 2035 2146 dum
2063 2106 2108 2148 ει
2143 2098 2457 2166 serpentium
2485 2100 2554 2166 “,
2598 2114 2664 2154 eo
2691 2101 2835 2169 quod
2869 2101 3115 2156 derelicti
3162 2105 3348 2160 traditi
3383 2108 3494 2160 sint

1907 2185 1962 2239 in
2005 2187 2267 2240 desideria
2321 2188 2562 2242 cordium
2600 2207 2819 2245 suorum
2864 2193 2918 2244 in
2967 2193 3382 2260 immunditiam,
3436 2206 3491 2251 ut

1905 2277 2198 2346 ignominia
2227 2280 2454 2349 a/ﬁciant
2495 2279 2740 2349 corpora'
2765 2284 2866 2350 ipsi
2896 2301 2996 2337 sua
3037 2285 3104 2351 ",
3137 2288 3231 2355 qui
3275 2289 3488 2358 corpori

1906 2370 2084 2422 anima
2115 2385 2390 2440 sensuque
2422 2374 2626 2427 carenti
2664 2376 2974 2431 tribuerunt
3006 2378 3125 2447 ejus
3150 2396 3367 2447 nomen,
3394 2384 3486 2452 qui

1903 2462 2184 2517 sensitivis
2207 2465 2462 2520 omnibus
2490 2476 2546 2521 et
2583 2465 2963 2533 rationalibus,
2992 2485 3096 2524 non
3125 2473 3299 2539 ipsum
3331 2476 3490 2531 modo

1903 2557 2108 2611 sentire
2161 2567 2216 2611 et
2263 2574 2385 2613 cum
2437 2561 2650 2616 ratione
2707 2564 2950 2630 sentire,
3011 2565 3106 2619 sed
3159 2569 3487 2636 quibusdam

1902 2650 2071 2704 etiam
2107 2650 2347 2718 perfecte
2397 2661 2452 2706 et
2490 2667 2612 2706 cum
2645 2655 2848 2709 virtute
2893 2659 3096 2712 sentire
3127 2658 3376 2728 largitur.
3407 2661 3487 2717 Ac

1896 2737 2020 2807 jure
2065 2741 2282 2808 quidem
2340 2741 2416 2794 illi
2468 2743 2538 2797 ab
2591 2760 2656 2798 eo
2709 2761 2872 2815 quem
2924 2747 3333 2817 dereliquerunt
3375 2751 3486 2810 Deo

1905 2835 2143 2887 vicissim
2197 2833 2648 2906 derelinquuntur
2702 2848 2756 2892 et
2796 2839 3082 2894 traduntur
3124 2841 3179 2896 in
3211 2845 3483 2912 passiones

1902 2927 2228 2995 ignominiaa,
2263 2943 2420 2998 aequa
2475 2927 2683 2983 erroris
2749 2931 2998 2986 mercede
3056 2946 3313 3003 recepta,
3374 2949 3485 3004 quo

1902 3019 2231 3089 voluptatem
2290 3019 2624 3074 immundam
2679 3021 3013 3081 dilexerunt.
3066 3022 3274 3081 Justior
3330 3027 3477 3083 enim

1901 3111 1981 3165 eis
2055 3111 2259 3166 erroris
2336 3112 2626 3170 retributio
2698 3115 2782 3180 lit,
2863 3131 2984 3170 eum
3065 3119 3358 3172 traduntur
3422 3121 3480 3175 in

1903 3205 2171 3274 passiones
2253 3205 2592 3275 ignominiaa,
2675 3225 2838 3280 quam
2913 3211 2969 3266 ,εἰ
3051 3211 3175 3281 igne
3249 3212 3477 3281 spiritali

1901 3297 2060 3368 263
2083 3307 2468 3366 purgarentur,
2497 3311 2552 3355 et
2580 3302 2630 3355 in
2659 3317 2883 3357 carcere
2915 3303 3266 3372 exigerentur
3295 3305 3363 3359 ab
3393 3306 3477 3360 eis

1899 3393 2078 3444 omnia
2111 3393 2288 3447 debita
2317 3394 2384 3448 ad
2413 3394 2770 3450 novissimum
2801 3411 2972 3465 usque
3005 3399 3368 3467 quadrantem
3404 3400 3474 3457 ⁸³.

1897 3482 2030 3536 Cum
2067 3483 2210 3538 enim
2243 3485 2426 3540 traditi
2458 3495 2584 3541 sunt
2611 3481 2957 3554 passionibus
2999 3488 3332 3558 ignominia),
3366 3508 3475 3549 non

1899 3577 1965 3632 iis
2012 3579 2170 3632 modo
2213 3593 2333 3647 qua:
2364 3588 2574 3633 natura:
2621 3581 2989 3647 consentiunt,
3030 3584 3125 3637 sed
3183 3587 3478 3644 contrariis

1897 3669 2062 3723 etiam
2119 3681 2329 3724 natura:
2369 3670 2644 3741 plurimis,
2683 3673 3042 3742 inquinantur
3073 3685 3129 3730 et
3175 3693 3341 3733 carne
3387 3679 3476 3734 in-

1897 3764 2399 3832 crassanturquasi
2430 3765 2666 3818 animant
2697 3766 2928 3836 amplius
2953 3777 3047 3821 aut
3081 3779 3314 3824 mentem
3342 3779 3474 3827 tunc

1898 3869 2002 3907 non
2036 3853 2292 3922 habeant,
2327 3855 2422 3910 sed
2457 3858 2550 3912 toti
2598 3874 2795 3915 carnes
2820 3861 2961 3926 sint;
3000 3862 3050 3915 in
3102 3864 3224 3933 igne
3255 3879 3381 3918 vero
3417 3872 3474 3921 et

1895 3961 2002 3999 car.
2021 3961 2113 4001 ere
2156 3963 2262 4001 non
2315 3949 2733 4006 retributiOuem
2781 3955 2987 4008 erroris
3035 3956 3330 4024 accipiunt,
3377 3958 3472 4011 sed

1895 4038 2248 4105 beneﬁcium,
2281 4057 2405 4096 cum
2434 4043 2761 4099 salutaribus
2783 4050 3050 4102 terutnnis
3081 4059 3388 4121 purgantur
3417 4059 3473 4104 et

1894 4132 1960 4186 iis
2007 4134 2306 4189 liberantur
2356 4138 2518 4193 malis
2562 4157 2685 4209 qua:
2726 4142 3020 4211 voluptatis
3067 4153 3340 4198 amatores
3381 4157 3470 4198 sco

1893 4236 2152 4294 qunntur,
2185 4229 2439 4285 sordibus
2482 4231 2690 4287 scilicet
2730 4247 2784 4289 et
2822 4237 3110 4306 sanguine,
3156 4234 3473 4305 quibus-in-

1891 4317 2100 4387 quinati
2152 4329 2206 4374 et
2250 4321 2439 4377 infecti
2490 4340 2557 4379 ne
2607 4325 2853 4394 cegitare
2903 4328 3125 4396 quidem
3191 4336 3468 4396 poterant,

1890 4413 2164 4480 quomodo
2199 4416 2266 4465 ab
2295 4415 2516 4468 interitu
2549 4431 2648 4470 suo
2680 4419 3046 4473 salvarentur.
3071 4420 3262 4473 Abluet
3288 4421 3471 4489 itaque

219 4499 567 4573 ταλειπομενοι
595 4506 691 4558 ὑπ’
719 4505 914 4570 αὐτοῦ,
946 4509 1034 4572 εἰς
1077 4507 1148 4562 τὰ
1185 4508 1294 4576 τῆς
1324 4510 1562 4578 ἀτιμίας
1603 4511 1788 4579 πάθη,

1904 4503 2040 4558 Deus
2068 4508 2274 4559 sordem
2294 4505 2529 4574 ﬁliorum
2550 4519 2600 4562 et
2635 4507 2872 4576 ﬁliarum
2897 4511 3061 4576 Sion;
3085 4522 3131 4564 et
3158 4513 3466 4581 sanguinem

217 4591 300 4660 τὴν
341 4594 682 4666 ἀντιμισθίαν
720 4598 827 4669 τῆς
874 4598 1084 4669 πλάνης
1137 4601 1204 4654 δι’
1236 4597 1304 4673 ἦς
1337 4602 1634 4674 ἠγάπησαν
1665 4602 1782 4672 ψω-

221 4679 396 4751 ρὼδους
425 4687 618 4760 ἡδονῆς
660 4689 1170 4761 ἀπολαμϐάνοντες.
1217 4693 1432 4747 Μᾶλλον
1459 4694 1567 4767 γὰρ
1612 4698 1646 4766 ἡ
1684 4697 1782 4748 ἀν-

217 4777 437 4842 πμισθέα
464 4781 564 4850 τῆς
611 4782 829 4853 πλάνης
866 4784 1050 4848 αὐτοῖς
1085 4785 1359 4854 ἐγγίνεται
1414 4787 1778 4858 παραδιδομέι-

220 4881 314 4929 νοις
368 4873 451 4936 εὶς
493 4873 652 4942 mih]
702 4875 968 4943 ἀτιμίας,
1013 4878 1156 4949 ἢπερ
1203 4878 1280 4950 τῷ
1339 4879 1587 4952 φρονίμῳ
1649 4880 1782 4952 πυρὶ

220 4957 642 5033 καθαιφμένοις,
687 4965 788 5019 καὶ
845 4969 902 5020 ἐν
949 4971 1014 5038 τῇ
1059 4969 1270 5041 φυλακῇ
1316 4971 1783 5042 ἐκπρασσομένοις

221 5047 362 5122 μέχρι
386 5056 476 5108 τοῦ
509 5058 744 5128 ἐσχάτου
795 5058 1088 5130 κοδράντω
1131 5061 1358 5117 ἕκαστον
1397 5064 1503 5118 τῶν
1532 5064 1782 5135 ὀφλημά-

217 5152 326 5193 των.
361 5144 444 5198 Ἐν
468 5147 575 5219 γὰρ
603 5148 684 5219 τῷ
715 5148 948 5203 πάθεσιν
972 5150 1211 5222 ἀτιμίας,
1233 5154 1293 5205 οὐ
1321 5154 1480 5224 μόνον
1503 5158 1616 5218 τοῖς
1639 5153 1782 5208 κατὰ

219 5230 379 5297 φύσιν,
406 5237 533 5293 ἀλλὰ
579 5242 675 5294 καὶ
722 5239 941 5302 πολλοῖς
970 5240 1078 5294 τῶν
1111 5241 1257 5314 παρὰ
1293 5243 1452 5314 φύσιν
1489 5245 1779 5316 παραδίδο-

219 5321 344 5389 σθαι,
368 5329 682 5398 μολύνονται
698 5334 797 5386 καὶ
822 5333 926 5386 ὑπὸ
946 5333 1046 5404 τῆς
1075 5336 1273 5406 σαρκὸς
1299 5336 1646 5406 παχύνονται,
1673 5338 1780 5389 oio-

215 5411 286 5464 νεὶ
319 5418 491 5474 οὐκέτι
522 5421 748 5492 ἔχοντες
782 5421 905 5474 τότε
936 5422 1136 5493 ψυχὴν,
1175 5424 1295 5478 οὐδὲ
1327 5423 1471 5488 νοῦν,
1512 5423 1628 5477 ἀλλ’
1666 5424 1776 5476 ὅλοι

278 5552 318 5581 ²¹
346 5553 492 5611 Rom.
521 5574 563 5626 ι,
585 5558 685 5612 22.
761 5559 807 5590 "
832 5558 991 5624 lbid.,
1014 5559 1105 5614 ει.
1181 5560 1226 5591 ’³
1250 5561 1438 5615 Matth.
1463 5578 1520 5623 ν.
1547 5560 1637 5615 26.

279 5668 378 5791 (θῇ)
402 5673 572 5730 Codex
602 5691 734 5743 ms,
774 5675 1186 5747 μετειλήφεσαν.
1219 5677 1397 5733 Editio
1424 5677 1628 5747 Oxon.,
1671 5697 1770 5752 με-

213 5752 317 5791 τειΑ
343 5760 519 5791 tenam-

223 5758 583 5885 ”ἶέῗ)ῗ²ιῗδίὶθχ
632 5831 770 5889 ιιιε.,
820 5814 1088 5872 τοσοῦτον.
1132 5817 1308 5877 Edilio
1340 5819 1539 5891 Oxou.,
1580 5822 1767 5877 τοσού-

1715 5563 1762 5592 ”
1792 5563 1894 5618 lS‘t.
1926 5580 1997 5629 tv,
2025 5563 2079 5619 4.

1889 4597 2190 4650 emundabit
2212 4599 2276 4651 de
2306 4600 2476 4652 medio
2496 4617 2676 4655 eorum
2700 4604 2753 4657 in
2781 4605 2972 4672 spiritu
2990 4604 3182 4673 judicii
3198 4611 3248 4657 et
3276 4605 3467 4672 spiritu

1890 4689 2264 4754 conibustionis
2304 4689 2372 4744 ⁸³.
2425 4690 2736 4762 Ingreditur
2771 4694 2932 4760 enim,
2979 4696 3132 4764 quasi
3171 4695 3308 4765 ignis
3336 4711 3467 4749 con-

1888 4781 2109 4850 ﬂatorii,
2152 4793 2201 4837 et
2243 4784 2396 4851 quasi
2427 4785 2587 4839 herba
2633 4787 2929 4843 lavantium
2951 4786 3025 4853 ",
3049 4788 3237 4844 lavans
3259 4799 3314 4844 et
3341 4805 3472 4858 pur-

1889 4889 2025 4944 gans
2051 4890 2146 4929 eos
2174 4877 2266 4945 qui
2293 4875 2558 4944 ejusmodi
2596 4880 3012 4935 medicamentis
3052 4881 3318 4950 indigent,
3349 4879 3472 4935 ideo

1888 4969 2029 5034 quod
2073 4968 2286 5037 probati
2320 4968 2488 5022 Deum
2523 4969 2717 5026 habere
2759 4972 2814 5024 in
2865 4973 3054 5027 notitia
3085 4973 3358 5028 noluerint
3392 4975 3469 5038 ²⁶;

1887 5059 2084 5128 quibus
2132 5075 2192 5114 se
2235 5061 2378 5115 ultro
2411 5061 2708 5130 tradentes,
2752 5065 3046 5134 reprohum
3088 5079 3309 5121 sensum
3345 5064 3474 5119 odio

1889 5152 2165 5208 habebunt
2202 5152 2398 5225 (neque
2443 5155 2589 5211 enim
2631 5159 2890 5227 cuiquam
2931 5158 3074 5216 Deus
3113 5159 3314 5214 bonum
3360 5158 3474 5213 vult

1887 5245 2043 5311 quasi
2090 5246 2421 5301 necessitate
2471 5247 2610 5314 lieri,
2662 5250 2758 5305 sed
2801 5250 3139 5325 voluntate);
3194 5266 3315 5304 eum
3359 5249 3474 5306 sint

1889 5334 2121 5389 fortasse
2149 5336 2366 5404 quidam
2397 5339 2489 5405 qui
2526 5354 2627 5404 pro
2674 5341 2832 5410 longa
2869 5343 3125 5398 vitiorum
3173 5349 3470 5399 consuetu-

1885 5429 2014 5482 dine
2047 5429 2134 5483 vix
2169 5443 2356 5483 eorum
2387 5431 2777 5500 turpitudinem
2813 5437 3286 5504 comprehendant
3315 5449 3472 5490 aver-

2157 5564 2203 5596 "
2234 5565 2468 5622 Malach.
2501 5583 2588 5635 Ill,
2609 5569 2665 5626 2.
2743 5571 2788 5605 ³⁸
2815 5572 2974 5628 Rom.
3008 5589 3050 5640 1,
3081 5572 3171 5630 28.

1878 5697 2002 5733 των.

1949 5759 2025 5828 (ι)
2053 5753 2659 5828 -ζΙεριπεσεῖι-εηῐιοςο,
2696 5757 3055 5828 περιπέσητε.

1947 5822 2020 5893 (2)
2053 5821 2432 5895 Ὠρέχθησαν.
2465 5821 2630 5896 Lego,
2665 5821 3035 5902 ὠρέχθήσατε.
