3954 6414
435 372 543 431 545

1892 378 2217 438 ORiGENiS
3602 399 3698 456 Mt

439 505 740 566 tanturque
773 497 840 550 ab
873 497 954 550 eis
990 503 1045 549 ut
1075 493 1205 549 falsa
1239 494 1366 550 boni
1397 498 1580 568 specie
1607 497 2024 570 decipientibus.

2148 505 2408 579 γινόμενοι
2435 508 2664 581 σάρκες·
2694 511 2753 564 ἐν
2779 511 2836 565 δὲ
2867 511 2945 583 τῷ
2971 513 3104 585 πυρὶ
3133 513 3226 568 καί
3257 514 3326 587 τῇ
3361 511 3578 587 φυλακῇ
3607 518 3702 573 οὐκ

442 588 577 646 Vide
611 599 791 644 autem
831 605 898 644 an
939 589 1054 644 hare
1090 605 1253 644 causa
1289 589 1360 644 sit
1400 605 1499 646 cur
1538 592 1680 648 Deus
1721 594 2022 651 Pharaonis

439 697 538 738 cor
567 683 806 745 iudurct,
854 691 914 735 ut
963 682 1107 752 quod
1148 682 1287 736 dixit
1330 698 1436 737 non
1482 684 1790 751 induratus,
1842 689 2025 744 dicere

439 776 614 846 possit
675 792 689 829 :
752 773 1008 827 Dominus
1060 775 1282 844 justus;
1335 793 1429 847 ego
1486 787 1534 830 et
1587 779 1819 848 papulas
1881 797 2025 836 meus

442 866 592 933 impii
621 866 688 918 ³⁷.
721 865 790 918 At
819 865 1016 935 majori
1060 867 1268 936 indiget
1297 867 1669 934 induratione,
1702 882 1756 924 et
1793 873 2028 944 amplius

442 957 647 1026 aliquid
695 957 830 1026 pati,
877 973 946 1012 ne
985 971 1244 1014 cessante
1282 959 1444 1015 citius
1488 960 1850 1030 induratione,
1906 981 2024 1022 eam

440 1045 610 1100 Veluti
671 1045 867 1100 malum
922 1058 1280 1116 contemnat,
1333 1061 1496 1123 alque
1547 1058 1620 1112 ita
1678 1061 1875 1130 dignus
1933 1064 2028 1118 ﬁat

441 1139 534 1208 qui
598 1138 832 1209 amplius
887 1142 1200 1201 induretur.
1255 1148 1394 1220 Ergo
1435 1151 1478 1204 si
1530 1167 1634 1206 non
1685 1155 1860 1226 inique
1911 1165 2028 1210 tm-

443 1229 646 1283 duntur
691 1233 821 1285 retia
869 1235 1057 1290 nvibus
1115 1237 1186 1303 ’⁸,
1235 1249 1293 1293 ιιι
1345 1241 1397 1294 in
1455 1241 1763 1302 Proverbiis
1805 1249 2026 1313 dicitur,

353 1342 357 1348 ·
443 1321 540 1375 sed
594 1334 742 1377 recte
799 1340 899 1381 nos
956 1328 1101 1384 Deus
1159 1331 1212 1384 in
1269 1331 1521 1402 laqueum
1578 1337 1816 1403 inducit,
1873 1343 2025 1412 juxta

445 1415 594 1470 illum
622 1419 712 1485 qui
738 1419 875 1472 dixit
903 1439 916 1474 :
949 1421 1228 1478 Induxisti
1256 1443 1347 1480 nos
1371 1429 1424 1481 in
1452 1431 1694 1497 laqueum
1720 1433 1794 1498 ¹⁹;
1827 1446 1880 1488 et
1913 1438 2029 1490 sine

445 1507 727 1564 voluntate
779 1511 957 1567 Patris
1006 1531 1074 1568 ne
1129 1517 1426 1578 vilissimus
1474 1524 1690 1592 quidem
1744 1526 2026 1581 volucrum

443 1613 639 1668 passer
703 1604 755 1655 in
806 1603 1056 1672 laqueum
1109 1609 1305 1662 incidit
1353 1611 1498 1680 (cum
1552 1613 1623 1675 is,
1657 1615 1749 1684 qui
1797 1616 1847 1669 in
1903 1631 2028 1671 eum

445 1688 660 1754 Incidit,
700 1692 821 1748 ideo
863 1695 1068 1752 incidat
1091 1700 1231 1768 quod
1275 1717 1381 1756 non
1429 1712 1576 1759 recte
1621 1721 1748 1760 usus
1781 1716 1864 1760 est
1897 1723 2029 1762 con-

448 1796 606 1837 cessa
644 1785 744 1839 sibi
775 1787 840 1839 ad
876 1793 1212 1860 pergendum
1239 1809 1455 1850 sursum
1491 1796 1702 1852 volandi
1728 1798 2027 1872 facultate),

449 1889 670 1931 oremus
701 1893 768 1932 ne
805 1883 1164 1939 admittamus
1198 1889 1516 1958 quidquam,
1555 1907 1662 1960 quo
1690 1891 1739 1946 in
1775 1897 2034 1949 tentatio-

449 1980 576 2021 nem
609 1968 761 2034 justo
808 1972 899 2026 Dei
931 1975 1139 2040 judicio
1181 1979 1362 2034 induci
1404 1996 1730 2035 mereantur.
1763 1983 2036 2036 llldllt‘iilll‘

457 2068 638 2114 autem
671 2063 990 2134 quicunque
1023 2069 1304 2124 traditura
1339 2072 1448 2126 Deo
1482 2072 1532 2125 in
1565 2074 1832 2128 desideria
1860 2077 2038 2131 cordis

453 2152 535 2206 sui
577 2153 630 2206 in
659 2154 1086 2224 immunditiam,
1116 2170 1172 2215 et
1207 2163 1522 2232 quicunque
1553 2165 1786 2218 traditur
1824 2167 1874 2219 in
1913 2181 2038 2236 pas-

455 2243 643 2300 siones
692 2246 1028 2316 ignomiuiaa,
1069 2259 1122 2305 et
1164 2254 1477 2322 quicunque
1526 2256 1670 2310 sicut
1719 2256 1884 2310 Deum
1930 2273 2035 2310 non

457 2337 707 2402 probavit
737 2339 936 2395 habere
969 2343 1020 2396 iu
1047 2344 1249 2413 seipso,
1281 2346 1516 2399 traditus
1545 2358 1624 2401 est
1654 2348 1706 2402 in
1749 2351 2036 2417 reprobum

459 2440 706 2492 sensum,
739 2441 797 2485 ut
836 2431 997 2488 faciat
1027 2451 1088 2489 ea
1126 2451 1248 2504 ane
1283 2455 1388 2492 nou
1422 2439 1836 2496 conveniunt”.
1871 2441 2039 2497 Porro

462 2516 578 2572 haec
624 2523 942 2578 tentationis
989 2537 1073 2579 est
1121 2527 1352 2584 utilitas.
1387 2529 1520 2596 Quae
1563 2531 1728 2603 264
1765 2533 1815 2587 in
1857 2535 2036 2589 anima

458 2621 641 2665 nostra
679 2626 898 2685 recepta
931 2632 1124 2674 omnes
1165 2629 1364 2689 praeter
1393 2621 1561 2677 Deum
1597 2625 1790 2687 latent.
1835 2641 2042 2696 nosque

439 2701 625 2757 'etiam
659 2706 828 2772 ipsos,
860 2722 923 2761 ea
967 2724 1064 2779 per
1097 2714 1428 2769 tentationes
1459 2715 1746 2769 manifesta
1786 2715 1942 2779 liunt,
1975 2731 2042 2770 ne

461 2809 565 2849 nos
609 2798 841 2866 amplius
901 2799 1068 2856 lateat
1119 2807 1310 2874 quales
1350 2809 1542 2872 simus,
1588 2805 1682 2862 sed
1724 2809 1816 2878 qui
1871 2810 2042 2866 simus

459 2900 874 2958 eogttoscentes,
915 2895 1216 2954 sentiamus
1259 2899 1302 2954 si
1340 2900 1574 2957 velimus
1613 2905 1831 2972 propria
1879 2903 2041 2970 mala,

459 2986 517 3033 et
562 2996 786 3052 agamus
821 2985 986 3040 etiam
1029 2990 1234 3058 gratias
1262 3007 1361 3061 pro
1402 2992 1560 3048 bonis
1589 3008 1712 3063 quae
1751 2992 1910 3048 nobis
1948 3009 2046 3064 per

462 3075 790 3130 tentationes
818 3086 1036 3132 ostensa
1075 3091 1226 3134 sunt.
1266 3082 1422 3149 Quod
1465 3096 1648 3138 autem
1693 3085 1814 3141 ideo
1863 3095 2042 3140 tenta-

462 3164 638 3219 tiones
683 3168 981 3224 obven’aut
1028 3179 1086 3224 ut
1135 3173 1354 3241 quinam
1399 3174 1572 3230 simus
1623 3187 1903 3246 appareat,
1954 3187 2046 3232 ant

461 3269 866 3325 cognoscantur
905 3276 1026 3330 qua;
1061 3263 1114 3316 in
1155 3266 1322 3320 corde
1359 3275 1550 3320 nostro
1587 3269 1861 3322 recondita
1892 3281 2040 3335 sunt,

465 3348 707 3403 declarat
732 3353 874 3420 quod
897 3367 926 3405 a
952 3353 1181 3409 Domino
1208 3357 1262 3410 iu
1295 3358 1433 3414 libro
1452 3357 1554 3414 Job
1582 3359 1803 3424 dicitur,
1828 3375 1883 3416 et
1902 3363 2046 3431 quod

464 3438 521 3494 iu
565 3441 986 3500 Deuteronomio
1036 3449 1302 3517 scriptum
1350 3461 1456 3514 est,
1503 3467 1624 3522 quae
1669 3453 1749 3508 sic
1802 3453 2044 3509 habent:

465 3529 639 3587 Putas
683 3546 860 3589 autem
902 3554 984 3592 me
1031 3538 1186 3594 aliter
1231 3543 1327 3594 tibi
1381 3546 1740 3612 respondisse,
1789 3563 1946 3614 quam
1991 3554 2046 3600 ut

465 3639 724 3690 apparens
761 3627 946 3694 justus
995 3629 1074 3682 “1'
1113 3631 1176 3684 Et
1222 3631 1276 3685 in
1322 3633 1741 3688 Deuterouomio
1787 3654 1800 3688 :
1852 3636 2049 3708 Aﬁiixit

467 3728 537 3776 te,
592 3726 638 3769 et
691 3720 892 3773 esurire
939 3731 989 3775 te
1035 3723 1179 3791 fecit,
1230 3733 1277 3778 et
1319 3727 1512 3779 cibari:
1556 3737 1604 3780 te
1651 3744 1845 3781 manna
1889 3730 1956 3796 ³⁸,
2001 3739 2049 3783 et

467 3808 685 3861 deduxit
717 3811 842 3864 tein
890 3813 1114 3879 deserto,
1151 3817 1238 3867 ubi
1263 3832 1472 3884 serpens
1511 3818 1780 3883 mardens,
1809 3827 1858 3872 et
1898 3837 2049 3874 scor-

467 3900 578 3967 pio,
621 3912 668 3954 et
704 3903 881 3969 dipsas
911 3906 989 3970 ",
1027 3917 1080 3960 ut
1124 3909 1333 3976 cognita
1381 3910 1586 3978 ﬁerent.
1623 3928 1741 3981 qua:
1780 3915 1833 3966 in
1897 3915 2052 3966 corde

471 4000 565 4045 tuo
593 4008 710 4048 sum
739 3995 805 4049 “.
845 3997 997 4064 Quod
1027 4000 1072 4054 si
1113 4010 1169 4055 et
1207 4003 1448 4056 historia:
1481 4003 1710 4058 velimus
1755 4009 2051 4069 recordari,

471 4084 826 4142 dubitandum
863 4107 966 4145 non
995 4104 1079 4147 est
1110 4103 1430 4163 corruptam
1460 4094 1583 4149 Eva:
1606 4096 1874 4151 rationem
1895 4101 2056 4152 dece-

473 4186 675 4247 ptuque
705 4179 920 4236 facilem
956 4199 1059 4237 non
1097 4195 1226 4239 tunc
1255 4194 1466 4239 tantum
1507 4186 1676 4241 fuisse
1702 4203 1824 4242 cum
1863 4197 2054 4257 spreto

476 4269 570 4326 Dei
605 4272 790 4327 edicto
827 4289 1140 4343 serpentem
1187 4277 1429 4344 audivit;
1468 4279 1564 4332 sed
1602 4293 1726 4348 quae
1755 4281 1907 4348 prius
1937 4283 2056 4333 iue-

474 4375 625 4432 rant,
679 4375 808 4423 tunc
856 4369 1030 4438 palam
1082 4370 1225 4426 facta
1279 4381 1430 4436 sunt,
1481 4388 1604 4428 cum
1659 4373 1725 4426 ad
1768 4388 1885 4426 eam
1938 4373 2058 4428 ideo

475 4463 769 4515 accesserit
802 4477 1053 4531 serpens,
1088 4465 1230 4534 quod
1265 4463 1641 4518 inﬁrmitatem
1679 4465 1796 4533 ejus
1832 4479 1927 4533 pro
1959 4479 2053 4517 sua

2126 596 2475 666 ἀντιμισθίαν
2499 600 2598 670 τῆς
2629 599 2856 670 πλάνης,
2891 600 3003 654 ἀλλ’
3031 603 3348 674 εὐεργεσίαν
3381 604 3474 657 ἐπὶ
3498 604 3702 677 καθάρ-

2128 705 2209 740 σει
2241 689 2347 742 τῶν
2384 691 2441 742 ὲν
2481 693 2546 761 τῇ
2591 691 2768 763 πλάνῃ
2806 693 2991 746 κακῶν
3023 693 3161 765 μετά
3195 696 3475 768 σωτηρίων
3501 696 3706 769 λαμϐά-

2125 796 2311 844 νοντες
2347 780 2524 833 πόνων
2554 781 2835 853 ἑπομένων
2861 787 2972 847 τοῖς
3002 783 3320 854 φιληδόνοις,
3342 787 3705 842 ἀπαλλάττον-

2127 887 2219 925 ται
2257 872 2458 936 παντὸς
2491 873 2662 944 ῥύπου
2698 877 2791 928 καὶ
2820 876 3070 946 αἵματος,
3108 879 3165 930 ὲν
3203 871 3284 941 οἷς
3328 880 3704 950 ὲρρυπωμὲνοι

2134 966 2230 1018 καὶ
2261 967 2618 1038 πεφυρμένοι,
2646 967 2763 1020 οὐδὲ
2794 968 2854 1020 τὸ
2881 969 3131 1039 ἐννοῆσαι
3162 987 3227 1022 πε
3238 971 3290 1041 ρὶ
3314 970 3409 1024 τοῦ
3438 970 3705 1036 σώζεσθαι

2128 1057 2403 1122 ἐδύναντο,
2445 1062 2510 1130 τῇ
2558 1061 2705 1129 σφῶν
2741 1061 3007 1133 ἀπωλείᾳ.
3050 1064 3377 1117 Ἐκπλυνεῖ
3396 1063 3708 1134 τοιγαροῦν

2129 1151 2157 1202 ὁ
2199 1150 2331 1214 Θεὸς
2371 1150 2478 1204 τὸν
2505 1153 2700 1217 ῥύπον
2744 1151 2863 1206 τῶν
2900 1154 3048 1208 υΙῶν
3089 1155 3186 1208 καί
3219 1156 3338 1209 τῶν
3373 1157 3709 1226 θυγατέρων

2129 1242 2303 1306 Σιὼν,
2357 1243 2456 1296 καὶ
2498 1243 2564 1296 τὸ
2605 1241 2747 1314 αἷμα
2786 1247 3133 1314 ἐκκαθαριεῖ
3163 1248 3232 1300 ἐκ
3268 1247 3464 1314 μέσου
3513 1248 3709 1301 αὐτῶν

2130 1334 2422 1401 πνεύματι
2472 1335 2723 1402 κρίσεως
2764 1337 2859 1390 καί
2891 1340 3183 1406 πνεύματι
3228 1339 3532 1404 καύσεως·
3581 1340 3706 1391 εισ-

2131 1426 2442 1490 πορεύεται
2512 1425 2620 1495 γὰρ
2683 1429 2757 1492 ὡς
2825 1429 2944 1497 πῦρ
3009 1432 3432 1499 χωνευτηρίου,
3489 1431 3589 1485 καὶ
3633 1433 3712 1499 ὡς

2130 1516 2248 1568 πόα
2281 1517 2357 1587 ('3)
2390 1519 2763 1583 πλυνόντων,
2801 1522 3126 1593 ἀποπλύνων
3164 1525 3257 1578 καὶ
3281 1525 3562 1595 καθαίρων
3589 1527 3713 1589 τοὺς

2131 1606 2389 1660 τοιούτων
2423 1609 2731 1679 φαρμάκων
2767 1610 3143 1682 δεδεημένους,
3178 1614 3264 1668 διὰ
3296 1614 3366 1686 τὸ
3403 1617 3477 1686 μὴ
3511 1615 3714 1669 δεδοκιο

2135 1698 2446 1768 μασμένους
2486 1699 2660 1752 θέλειν
2691 1699 2832 1770 ἔχειν
2863 1701 2933 1752 ἐν
2959 1703 3272 1772 ἐπιγνώσει
3291 1685 3411 1756 ’τὸν
3438 1704 3609 1756 Θεόν·
3636 1699 3714 1767 οἷς

2137 1789 2519 1859 παραδιδόντες
2536 1789 2632 1861 (5⁸)
2646 1792 2860 1856 ἑκόντες
2881 1795 3168 1865 μισήσουσι
3182 1795 3273 1848 τὸν
3295 1796 3553 1866 ἀδόκιμον
3570 1795 3712 1848 νοῦν·

2065 1869 2106 1923 Β
2135 1879 2198 1932 οὺ
2227 1879 2475 1949 βούλεται
2509 1882 2537 1933 ὁ
2575 1880 2706 1945 Θεός
2737 1899 2846 1935 τινι
2870 1883 2930 1937 τὸ
2977 1885 3178 1952 ἀγαθὸν
3200 1885 3276 1948 ὡς
3306 1885 3448 1938 κατά
3475 1885 3719 1959 ἀνάγκην

2137 1970 2411 2038 γενέσθαι,
2451 1971 2564 2024 ἀλλ’
2609 1974 2904 2037 ἑκουσίως·
2958 1976 3101 2045 τάχα
3139 1976 3322 2039 τινῶν,
3358 1979 3424 2030 ὲκ
3470 1977 3566 2030 τοῦ
3605 1979 3722 2030 ἐπι-

2138 2061 2320 2113 πλεῖον
2358 2061 2691 2133 ὡμιληκέναι
2726 2067 2790 2135 τῇ
2820 2064 3008 2134 κακία,
3059 2065 3215 2134 μόγις
3245 2066 3306 2119 τὸ
3337 2063 3525 2136 αἶσχος
3556 2067 3723 2136 αὐτῆς

2138 2153 2634 2224 κατανενοηκότων,
2658 2154 2752 2206 καὶ
2775 2155 3268 2225 ἀποστρεφομένων
3287 2158 3461 2229 αὐτὴν
3484 2157 3561 2220 ὡς
3598 2158 3727 2227 ψευ-

2137 2243 2245 2307 δῶς
2270 2244 2676 2315 ὑποληφθεῖσαν
2704 2241 2842 2299 εἶναι
2875 2247 3064 2319 καλήν.
3103 2248 3425 2320 Ἐπίστησον
3450 2249 3530 2314 δὲ,
3560 2251 3609 2303 εί
3639 2249 3729 2306 διὰ

2136 2334 2296 2387 τοῦτο
2338 2337 2432 2388 καὶ
2459 2335 2748 2407 σκληρύνει
2776 2337 2873 2408 τὴν
2906 2336 3000 2390 τοῦ
3035 2339 3234 2410 Φαραὼ
3260 2341 3488 2411 καρδίαν
3516 2343 3546 2394 ὁ
3571 2341 3725 2407 Θεὸς,

2143 2428 2210 2482 ἵν’
2227 2429 2365 2500 ὅπερ
2387 2424 2508 2482 εἷπε
2534 2429 2607 2500 μὴ
2638 2429 3012 2502 σκληρυνθεὶς,
3037 2431 3236 2503 δυνηθῇ
3270 2434 3445 2486 είπεῖν
3465 2451 3479 2463 ·
3512 2434 3580 2487 'O
3609 2437 3728 2490 Κύ-

2133 2538 2266 2590 ριος
2299 2521 2548 2587 δίκαιος,
2585 2523 2700 2592 ἐγὼ
2719 2522 2788 2575 δὲ
2807 2523 2906 2576 καὶ
2930 2527 2963 2577 ό
2989 2526 3139 2590 λαός
3157 2542 3276 2594 μου
3300 2526 3550 2593 ἀσεϐής.
3591 2527 3729 2580 Ἀλλ’

2142 2615 2236 2668 ἐπὶ
2258 2615 2438 2668 πλεῖον
2453 2615 2630 2670 δέεται
2655 2616 2748 2669 τοῦ
2767 2617 3180 2690 σκληρύνεσθαι,
3200 2619 3292 2671 καὶ
3310 2620 3402 2674 ἐπὶ
3429 2620 3614 2672 πλεῖον
3632 2617 3734 2672 πά-

2143 2725 2292 2778 σχειν
2319 2707 2562 2778 (nam,
2597 2709 2684 2761 ἵνα
2710 2708 2784 2779 μὴ
2813 2711 2874 2762 ἐκ
2892 2709 2984 2762 τοῦ
3007 2711 3191 2780 τάχιον
3213 2711 3309 2764 τοῦ
3329 2711 3734 2784 σκληρύνεαθαι

2143 2800 2436 2864 παύεσθαι,
2471 2804 2825 2875 καταφρονῶν
2859 2804 2933 2868 ὡς
2971 2805 3143 2858 κακοῦ
3169 2806 3263 2858 τοῦ
3298 2804 3732 2878 σκληρύνεσθαι,

2144 2891 2235 2944 ἐπὶ
2253 2891 2350 2962 μ’)
2374 2891 2661 2956 πλεονάκις
2685 2895 2834 2960 ἄξιος
2859 2894 2954 2947 τοῦ
2986 2895 3382 2967 σκληρύνεσθαι
3405 2897 3644 2968 γίνηται.
3669 2897 3735 2950 Εἰ

2143 2981 2324 3036 τοίνυν
2339 2983 2438 3036 οὐκ
2466 2983 2667 3047 ἀδίκως
2693 2986 2991 3038 ἐκτείνεται
3022 2986 3212 3041 δίκτυα
3248 2991 3570 3059 πτερωτοῖς,
3592 2988 3735 3041 κατά

2145 3077 2215 3131 τά
2236 3081 2290 3131 ἰν
2308 3081 2425 3142 ταῖς
2441 3076 2767 3150 Παροιμίαις
2796 3078 3080 3149 εἰρημένα,
3096 3079 3228 3134 ἀλλὰ
3257 3081 3496 3150 εὐλόγως
3523 3082 3735 3150 εἰσάγει

2147 3171 2176 3222 ὁ
2195 3170 2328 3234 Θεὸς
2354 3173 2435 3234 εἰς
2465 3171 2565 3241 τὴν
2595 3170 2817 3238 παγίδα,
2839 3170 2978 3223 κατά
3004 3171 3093 3224 τὸν
3123 3173 3370 3225 εἰπόντα·
3399 3173 3738 3242 Εισήγαγες

2149 3263 2307 3332 ἡμᾶς
2336 3263 2404 3330 ἐς
2446 3263 2560 3331 τὴν
2586 3261 2827 3332 παγίδα·
2855 3264 2948 3317 καὶ
2982 3265 3108 3318 ἄνευ
3140 3265 3238 3336 τῆς
3274 3265 3470 3337 βουλῆς
3497 3267 3594 3320 τοῦ
3626 3269 3740 3321 Πα-

2149 3352 2277 3423 τρὸς
2311 3351 2433 3405 οὐδὲ
2475 3352 2537 3404 τὸ
2564 3351 2939 3424 εὐτελέστερον
2976 3353 3085 3406 τῶν
3114 3355 3514 3426 ὲπτερωμένων
3546 3373 3741 3429 στρουε·

2151 3444 2265 3498 θίον
2303 3446 2564 3516 ἐμπίπτει
2599 3446 2679 3510 εἰς
2717 3445 2814 3516 τὴν
2843 3447 3044 3515 παγίδα
3097 3446 3224 3518 (τοῦ
3251 3449 3626 3519 ἐμπίπτοντος
3659 3449 3744 3513 είς

2150 3537 2248 3608 τὴν
2287 3537 2510 3606 παγίδα,
2539 3538 2627 3592 διὰ
2657 3540 2814 3594 τοῦτο
2855 3539 3234 3610 ἐμπίπτοντος,
3275 3541 3398 3593 ἐπεὶ
3441 3541 3516 3613 μὴ
3559 3542 3743 3606 καλῶς

2152 3634 2216 3702 τῇ
2245 3631 2355 3685 τῶν
2390 3631 2607 3703 πτερῶν
2632 3633 2902 3704 ἐχρήσατο
2929 3631 3228 3702 δεδομένων
3258 3631 3352 3685 ἐπὶ
3382 3633 3445 3686 τὸ
3473 3633 3743 3702 ὑψοῦσθαι

2153 3723 2418 3795 ὲξουσίᾳ)·
2465 3723 2752 3794 εὐχώμεθα
2778 3723 2944 3794 μηδὲν
2969 3722 3117 3788 ἄξιον
3144 3724 3364 3794 ποιῆσαι
3389 3723 3486 3777 τοῦ
3518 3725 3624 3778 ὑπὸ
3645 3725 3744 3796 τῆς

2153 3814 2364 3878 δικαίας
2389 3814 2627 3885 κρίσεως
2651 3814 2746 3868 τοῦ
2775 3814 2912 3868 Θεοῦ
2939 3814 3310 3886 εἰσενεχθῆναι
3331 3819 3412 3879 εἰς
3436 3816 3530 3869 τὸν
3560 3832 3749 3890 πειρω-

2157 3909 2326 3978 σμόν·
2378 3907 2772 3980 εἰσφερομένου
2817 3907 3018 3970 παντός
3056 3924 3115 3959 τε
3158 3907 3254 3960 τοῦ
3303 3909 3744 3980 παραδιδομένου

2155 4000 2262 4053 ὑπὸ
2285 3999 2380 4053 τοῦ
2403 3999 2538 4053 Θεοῦ
2563 4001 2620 4052 ἐν
2645 4003 2764 4064 ταῖς
2790 3999 3106 4071 ἐπιθυμίαις
3127 4000 3233 4053 τῶν
3249 3999 3493 4070 καρδιῶν
3516 4000 3595 4070 (5)
3619 4001 3748 4054 ἐαυ-

2156 4092 2249 4146 τοῦ
2286 4095 2367 4155 εἰς
2398 4091 2764 4163 ἀκαθαρσίαν·
2795 4093 2888 4146 καὶ
2934 4092 3134 4156 παντὸς
3177 4091 3272 4144 τοῦ
3307 4091 3746 4163 παραδιδομένου

2159 4184 2238 4246 εἰς
2269 4183 2417 4254 πάθη
2447 4183 2691 4254 ἀτιμίας,
2729 4183 2824 4236 καὶ
2855 4183 3055 4246 παντὸς
3077 4181 3194 4247 τοῦ,
3229 4181 3414 4245 καθὼς
3433 4183 3537 4237 οὐκ
3567 4182 3746 4237 ἐδοκί-

2163 4293 2302 4347 μασε
2348 4276 2438 4328 τὸν
2480 4275 2612 4329 Θεὸν
2655 4274 2798 4345 ἔχειν
2839 4275 2897 4328 ἐν
2939 4275 3138 4346 ἑαυτῷ,
3189 4274 3625 4346 παραδιδομένου
3663 4276 3749 4340 εἰς

2160 4367 2420 4437 ἀδόκιμον
2445 4365 2569 4420 νοῦν
2612 4369 2786 4420 ποιεῖν
2820 4366 2890 4419 τά
2919 4367 2992 4439 μὴ
3029 4367 3358 4438 καθήκοντα.
3398 4367 3463 4418 Ἦ
3500 4367 3558 4421 δὲ
3590 4365 3750 4439 χρεία

2159 4459 2257 4512 τοῦ
2306 4459 2666 4532 πειράζεσθαι
2709 4459 2934 4530 τοιαύτη
2971 4461 3055 4524 τίς
3095 4462 3261 4512 ἐστιν.
3304 4461 3488 4531 "Amp
3531 4461 3750 4527 ἐδέξατο

474 4551 777 4610 calliditate
841 4553 1314 4622 deprehendisset.
1377 4556 1446 4610 At
1499 4572 1678 4625 neque
1733 4557 1865 4610 Cain
1931 4566 2042 4607 tuut

2163 4551 2322 4622 ἡμῶν
2349 4553 2382 4622 ἡ
2413 4551 2557 4624 ψυχὴ
2591 4551 2921 4606 λανθάνοντα
2949 4552 3156 4615 πάντας
3181 4550 3256 4621 (6)
3296 4551 3438 4621 πλὴν
3467 4551 3564 4605 τοῦ
3589 4550 3748 4616 Θεοῦ,

475 4646 653 4700 malus
697 4663 821 4702 esse
878 4649 1049 4716 coepit
1100 4665 1224 4704 cum
1292 4651 1492 4705 occidit
1545 4650 1806 4712 fratrem,
1861 4647 2060 4717 quippe

471 4737 584 4807 iam
632 4751 789 4793 antea
839 4746 908 4794 ad
952 4741 1084 4796 Cain
1133 4756 1180 4798 et
1223 4745 1292 4797 ad
1317 4743 1596 4815 sacriﬁcia
1638 4742 1754 4812 ejus
1799 4758 1898 4794 non
1946 4757 2058 4792 res-

475 4843 686 4899 pexerat
737 4833 782 4865 ³⁵
834 4837 1081 4891 cordiutn
1143 4839 1426 4906 inspector
1482 4838 1622 4891 Deus
1679 4856 1693 4891 :
1745 4843 1952 4888 tantmn
2007 4833 2058 4886 in

479 4923 654 4978 lucem
697 4929 964 4994 processit
1003 4930 1121 4995 ejus
1152 4931 1382 4992 malitia,
1419 4945 1542 4984 cum
1594 4928 1726 4982 Abel
1763 4926 2060 4980 interemit.

480 5011 594 5068 Nisi
628 5014 811 5067 vinum
843 5016 985 5084 quod
1015 5017 1375 5085 plantaverat,
1403 5019 1632 5074 bibisset
1655 5018 1788 5079 Noe,
1818 5015 2058 5070 inebria-

481 5087 682 5175 tusque
711 5115 766 5160 et
797 5106 1036 5162 nudatus
1063 5119 1208 5163 esset
1242 5109 1309 5174 ³⁸,
1345 5127 1448 5166 non
1487 5110 1832 5182 apparuisset
1885 5122 2060 5176 neque

480 5195 672 5254 Chami
705 5199 959 5266 procacia
991 5209 1046 5253 et
1084 5200 1139 5253 in
1181 5213 1388 5270 patrem
1425 5204 1696 5272 impietas.
1736 5215 1914 5270 tneque
1948 5200 2058 5253 fra-

554 5314 600 5346 "’
630 5314 797 5369 Exod.
838 5328 889 5368 tr
911 5354 926 5379 ,
957 5313 1046 5370 27.
1147 5315 1194 5348 ³⁸
1225 5315 1384 5370 Prov.
1411 5333 1424 5369 ι
1449 5357 1463 5379 ,
1497 5315 1582 5370 i7.

483 5381 535 5418 ⁸³
563 5385 722 5448 ibid.,
757 5385 844 5439 15.
935 5385 981 5415 ⁸⁵
1011 5387 1169 5452 lbid.,
1193 5387 1249 5440 2.
1324 5387 1367 5418 ³⁵
1393 5387 1529 5441 Gen.
1564 5403 1636 5449 tv,
1666 5386 1719 5440 5.

557 5480 634 5546 (3)
668 5479 848 5534 Codex
890 5496 1019 5545 ms.,
1047 5483 1172 5536 πόα.
1199 5481 1378 5535 Editio
1413 5481 1613 5545 Oxum,
1647 5483 1790 5536 ποία.
1828 5481 1990 5537 Male.

563 5550 660 5620 ('5‘)
690 5551 888 5620 Supple
912 5554 1160 5618 ἑαυτούς.
1197 5556 1354 5608 I‘DIT.
1385 5554 1622 5607 I‘A'rnoL.

562 5621 640 5694 (ι)
679 5622 858 5674 Codex
914 5639 1041 5690 ms.,
1109 5625 1358 5694 πάσχειν.
1391 5624 1568 5676 Editio
1607 5621 2059 5694 Oxon.._1:aaxzt.

493 5689 662 5766 Battle
690 5700 809 5760 post
833 5693 1003 5746 codex
1029 5709 1161 5766 ms.,
1180 5689 1538 5766 καταφρονῶν
1573 5694 1649 5756 ὡς
1680 5692 1870 5746 κακοῦ.
1925 5689 2062 5750 Εζιιι.

489 5761 715 5834 Οκιιηι,
736 5767 1097 5834 καταφρονεῖν
1136 5765 1212 5828 ὡς
1240 5761 1430 5818 κακοῦ.

565 5831 666 5903 (4⁸)
693 5833 796 5887 Alii
827 5831 1009 5904 legunt
1039 5834 1138 5904 ἔτι,
1171 5837 1389 5892 melius.
1421 5835 1577 5890 Eon.
1607 5832 1847 5888 Ρλτιιοι..

1695 5317 1740 5348 ’⁸
1769 5316 1914 5370 Psai.
1944 5332 2070 5380 μιν,
2116 5317 2196 5368 Η.

1799 5390 1842 5418 ³⁵
1869 5389 2005 5442 Cen.
2039 5404 2113 5452 Ix,
2139 5387 2228 5440 2|.

2163 4647 2298 4700 ἀλλά
2323 4647 2418 4700 καὶ
2435 4649 2580 4718 ἡμᾶς
2598 4646 2825 4710 αὐτοὺς,
2853 4644 3060 4716 φανερά
3087 4643 3174 4696 διὰ
3195 4643 3302 4696 τῶν
3319 4643 3645 4714 πειρασμῶν
3663 4642 3750 4710 γί-

2164 4755 2336 4801 νεται,
2361 4739 2447 4791 ἵνα
2473 4739 2668 4808 μηκέτι
2690 4737 3037 4808 λανθάνωμεν
3051 4737 3223 4789 ὁποῖοί
3249 4735 3380 4788 ποτέ
3405 4737 3596 4806 ἐσμεν,
3613 4733 3751 4789 ἀλλὰ

2165 4830 2258 4882 καί
2291 4831 2492 4894 αὐτοὺς
2532 4828 3002 4899 ἐπιγινώσκοντες,
3043 4824 3461 4897 συναισθώμεθα
3490 4827 3590 4880 ὲάν
3629 4826 3752 4896 βου·-

2165 4922 2386 4992 λώμεθα
2412 4921 2518 4975 τῶν
2547 4921 2688 4975 ἰδίων
2716 4919 2923 4984 κακῶν,
2950 4921 3044 4973 καὶ
3071 4917 3491 4990 εὑχαριστῶμεν
3521 4919 3615 4970 ἐπὶ
3638 4921 3752 4981 τοῖς

2169 5013 2591 5085 φανερουμένοις
2642 5014 2776 5083 ἡμῖν
2825 5011 2914 5064 διὰ
2965 5011 3073 5063 τῶν
3129 5010 3454 5081 πειρασμῶν
3505 5009 3750 5078 ἀγαθοῖς.

2169 5109 2290 5161 Ὅτι
2317 5107 2374 5160 δὲ
2407 5108 2457 5159 οἰ
2483 5105 2766 5176 γενόμενοι
2795 5102 3089 5175 πειρασμοὶ
3113 5103 3255 5174 ὑπὲρ
3283 5101 3377 5154 τοῦ
3409 5101 3754 5172 ἀναφανῆναι

2165 5203 2314 5272 ἡμᾶς
2358 5200 2554 5263 οἵτινές
2591 5197 2723 5250 ποτέ
2756 5199 2942 5267 ἐσμεν,
2978 5196 3010 5267 ἢ
3049 5194 3451 5264 διαγνωσθῆναι
3495 5195 3564 5248 τὰ
3595 5197 3756 5262 ἐγκε-

2290 5315 2335 5346 ⁸⁹
2369 5313 2527 5370 Rutn.
2582 5329 2620 5368 ι.
2723 5313 2766 5345 ⁸¹
2798 5311 2900 5366 Job
2933 5327 3030 5374 se,
3064 5310 3120 5364 5.
3234 5307 3278 5341 "
3312 5309 3472 5363 Deut.
3509 5324 3638 5373 vut,
3693 5309 3750 5363 3.

2238 5481 2313 5551 (ὅ)
2345 5481 2526 5535 Codex
2581 5495 2710 5542 ms.,
2755 5476 2864 5532 τῶν
2905 5474 3164 5549 καρδιῶν.
3197 5473 3376 5528 Editio
3406 5471 3565 5528 Oxon
3597 5510 3612 5535 ,
3653 5469 3755 5540 τῆς

2174 5552 2613 5693 καχέίῧισῆξὶντας.
2646 5628 2752 5673 etc.
2787 5617 2877 5693 Sic
2911 5613 3253 5693 rectehabct
3281 5612 3453 5693 codex
3486 5626 3596 5693 tus.
3623 5607 3756 5693 Edi:

2175 5677 2258 5744 ut;
2294 5677 2472 5745 autem
2527 5677 2726 5757 o'x'on.,
2772 5689 2946 5744 πάντα
2988 5685 3124 5758 πλὴν
3161 5683 3254 5738 τοῦ
3287 5684 3449 5750 Θεοῦ,
3475 5679 3611 5736 ἀλλὰ
3655 5677 3755 5735 καὶ

2175 5765 2303 5832 ἡμῖν
2328 5762 2526 5824 αὐτοῖς.

2216 5779 2303 5832 μιν
2328 5779 2526 5824 αυτοις.

3819 5337 3844 5378 3
