  <div class='ocr_page' id='page_1' title='image "/cluster/home/n/w/nwhite01/storage/ocr_20150623/11/hvd.32044024345175/279.png"; bbox 0 0 3954 6414; ppageno 0'>
   <div class='ocr_carea' id='block_1_1' title="bbox 479 331 587 388">
    <p class='ocr_par' dir='ltr' id='par_1_1' title="bbox 479 331 587 388">
     <span class='ocr_line' id='line_1_1' title="bbox 479 331 587 388; baseline -0.019 0"><span class='ocrx_word' id='word_1_1' title='bbox 479 331 587 388; x_wconf 65' lang='grc'><strong>547</strong></span> 
     </span>
    </p>
   </div>
   <div class='ocr_carea' id='block_1_2' title="bbox 1929 332 2254 391">
    <p class='ocr_par' dir='ltr' id='par_1_2' title="bbox 1929 332 2254 391">
     <span class='ocr_line' id='line_1_2' title="bbox 1929 332 2254 391; baseline 0.003 -3"><span class='ocrx_word' id='word_1_2' title='bbox 1929 332 2254 391; x_wconf 74' lang='lat' dir='ltr'><strong>ORICENlS</strong></span> 
     </span>
    </p>
   </div>
   <div class='ocr_carea' id='block_1_3' title="bbox 3640 344 3741 398">
    <p class='ocr_par' dir='ltr' id='par_1_3' title="bbox 3640 344 3741 398">
     <span class='ocr_line' id='line_1_3' title="bbox 3640 344 3741 398; baseline 0 0"><span class='ocrx_word' id='word_1_3' title='bbox 3640 344 3741 398; x_wconf 58' lang='grc'><strong>548</strong></span> 
     </span>
    </p>
   </div>
   <div class='ocr_carea' id='block_1_4' title="bbox 478 450 2018 537">
    <p class='ocr_par' dir='ltr' id='par_1_4' title="bbox 478 450 2018 530">
     <span class='ocr_line' id='line_1_4' title="bbox 478 450 2018 530; baseline 0.004 -22"><span class='ocrx_word' id='word_1_4' title='bbox 478 461 629 508; x_wconf 84' lang='lat' dir='ltr'><strong>recte</strong></span> <span class='ocrx_word' id='word_1_5' title='bbox 656 450 853 508; x_wconf 79' lang='lat' dir='ltr'><strong>Paulus</strong></span> <span class='ocrx_word' id='word_1_6' title='bbox 876 457 990 508; x_wconf 87' lang='lat' dir='ltr'><strong>ait:</strong></span> <span class='ocrx_word' id='word_1_7' title='bbox 1018 453 1083 508; x_wconf 85' lang='lat' dir='ltr'><strong>In</strong></span> <span class='ocrx_word' id='word_1_8' title='bbox 1107 455 1347 510; x_wconf 82' lang='lat' dir='ltr'><strong>omnibus</strong></span> <span class='ocrx_word' id='word_1_9' title='bbox 1372 457 1760 514; x_wconf 85' lang='lat' dir='ltr'><strong>tribulationem</strong></span> <span class='ocrx_word' id='word_1_10' title='bbox 1787 461 2018 530; x_wconf 83' lang='lat' dir='ltr'><strong>patimur</strong></span> 
     </span>
    </p>
   </div>
   <div class='ocr_carea' id='block_1_5' title="bbox 2132 450 3740 537">
    <p class='ocr_par' dir='ltr' id='par_1_5' title="bbox 2149 461 3740 537">
     <span class='ocr_line' id='line_1_5' title="bbox 2149 461 3740 537; baseline 0.004 -22"><span class='ocrx_word' id='word_1_11' title='bbox 2149 461 2298 534; x_wconf 77' lang='grc' dir='ltr'>ψεως</span> <span class='ocrx_word' id='word_1_12' title='bbox 2323 463 2694 535; x_wconf 77' lang='grc' dir='ltr'><strong>νενικημένου,</strong></span> <span class='ocrx_word' id='word_1_13' title='bbox 2722 465 2817 519; x_wconf 71' lang='grc' dir='ltr'>καὶ</span> <span class='ocrx_word' id='word_1_14' title='bbox 2840 463 3191 528; x_wconf 79' lang='grc' dir='ltr'><strong>ἐνδεδωκότος</strong></span> <span class='ocrx_word' id='word_1_15' title='bbox 3222 463 3369 536; x_wconf 76' lang='grc' dir='ltr'>αὐτῷ</span> <span class='ocrx_word' id='word_1_16' title='bbox 3408 463 3544 537; x_wconf 69' lang='grc'><strong>(14).</strong></span> <span class='ocrx_word' id='word_1_17' title='bbox 3581 467 3740 521; x_wconf 80' lang='grc' dir='ltr'>Ὅθεν</span> 
     </span>
    </p>
   </div>
   <div class='ocr_carea' id='block_1_6' title="bbox 476 546 2050 623">
    <p class='ocr_par' dir='ltr' id='par_1_6' title="bbox 476 546 2050 623">
     <span class='ocr_line' id='line_1_6' title="bbox 476 546 2050 623; baseline 0.008 -27"><span class='ocrx_word' id='word_1_18' title='bbox 476 546 568 598; x_wconf 86' lang='lat' dir='ltr'><strong>sed</strong></span> <span class='ocrx_word' id='word_1_19' title='bbox 598 563 700 600; x_wconf 87' lang='lat' dir='ltr'><strong>non</strong></span> <span class='ocrx_word' id='word_1_20' title='bbox 733 547 1127 616; x_wconf 83' lang='lat' dir='ltr'><strong>angustiamur,</strong></span> <span class='ocrx_word' id='word_1_21' title='bbox 1173 548 1258 601; x_wconf 92' lang='lat' dir='ltr'><strong>cui</strong></span> <span class='ocrx_word' id='word_1_22' title='bbox 1296 549 1475 604; x_wconf 82' lang='lat' dir='ltr'><strong>simile</strong></span> <span class='ocrx_word' id='word_1_23' title='bbox 1501 561 1629 621; x_wconf 93' lang='lat' dir='ltr'><strong>puto</strong></span> <span class='ocrx_word' id='word_1_24' title='bbox 1659 567 1781 608; x_wconf 80' lang='lat' dir='ltr'><strong>esse</strong></span> <span class='ocrx_word' id='word_1_25' title='bbox 1816 555 1957 623; x_wconf 88' lang='lat' dir='ltr'><strong>quod</strong></span> <span class='ocrx_word' id='word_1_26' title='bbox 1996 553 2050 609; x_wconf 91' lang='lat' dir='ltr'><strong>in</strong></span> 
     </span>
    </p>
   </div>
   <div class='ocr_carea' id='block_1_7' title="bbox 478 638 2049 702">
    <p class='ocr_par' dir='ltr' id='par_1_7' title="bbox 478 638 2049 702">
     <span class='ocr_line' id='line_1_7' title="bbox 478 638 2049 702; baseline 0.006 -10"><span class='ocrx_word' id='word_1_27' title='bbox 478 638 708 694; x_wconf 83' lang='lat' dir='ltr'><strong>Psalmis</strong></span> <span class='ocrx_word' id='word_1_28' title='bbox 750 641 947 694; x_wconf 90' lang='lat' dir='ltr'><strong>dicitur</strong></span> <span class='ocrx_word' id='word_1_29' title='bbox 978 657 992 693; x_wconf 89' lang='lat'><strong>:</strong></span> <span class='ocrx_word' id='word_1_30' title='bbox 1027 639 1096 694; x_wconf 87' lang='lat' dir='ltr'><strong>1n</strong></span> <span class='ocrx_word' id='word_1_31' title='bbox 1135 639 1480 698; x_wconf 84' lang='lat' dir='ltr'><strong>tribulatione</strong></span> <span class='ocrx_word' id='word_1_32' title='bbox 1525 645 1766 699; x_wconf 86' lang='lat' dir='ltr'><strong>dilatasti</strong></span> <span class='ocrx_word' id='word_1_33' title='bbox 1807 647 1936 699; x_wconf 80' lang='lat' dir='ltr'><strong>mihi</strong></span> <span class='ocrx_word' id='word_1_34' title='bbox 1981 645 2049 702; x_wconf 74' lang='lat'><strong>“.</strong></span> 
     </span>
    </p>
   </div>
   <div class='ocr_carea' id='block_1_8' title="bbox 479 732 2054 800">
    <p class='ocr_par' dir='ltr' id='par_1_8' title="bbox 479 732 2054 800">
     <span class='ocr_line' id='line_1_8' title="bbox 479 732 2054 800; baseline 0.005 -15"><span class='ocrx_word' id='word_1_35' title='bbox 479 732 703 786; x_wconf 77' lang='lat' dir='ltr'><strong>Auxilio</strong></span> <span class='ocrx_word' id='word_1_36' title='bbox 738 732 882 784; x_wconf 90' lang='lat' dir='ltr'><strong>enim</strong></span> <span class='ocrx_word' id='word_1_37' title='bbox 914 741 969 786; x_wconf 92' lang='lat' dir='ltr'><strong>et</strong></span> <span class='ocrx_word' id='word_1_38' title='bbox 1001 737 1290 800; x_wconf 64' lang='lat' dir='ltr'><strong>prmsentia</strong></span> <span class='ocrx_word' id='word_1_39' title='bbox 1325 736 1688 793; x_wconf 89' lang='lat' dir='ltr'><strong>cousolatoris</strong></span> <span class='ocrx_word' id='word_1_40' title='bbox 1717 736 2054 793; x_wconf 82' lang='lat' dir='ltr'><strong>Servatoris—</strong></span> 
     </span>
    </p>
   </div>
   <div class='ocr_carea' id='block_1_9' title="bbox 475 821 2052 900">
    <p class='ocr_par' dir='ltr' id='par_1_9' title="bbox 475 821 2052 900">
     <span class='ocr_line' id='line_1_9' title="bbox 475 821 2052 900; baseline 0.008 -28"><span class='ocrx_word' id='word_1_41' title='bbox 475 836 583 890; x_wconf 90' lang='lat' dir='ltr'><strong>que</strong></span> <span class='ocrx_word' id='word_1_42' title='bbox 611 823 804 887; x_wconf 78' lang='lat' dir='ltr'><strong>nostri,</strong></span> <span class='ocrx_word' id='word_1_43' title='bbox 842 821 1004 878; x_wconf 77' lang='lat' dir='ltr'><strong>Verbi</strong></span> <span class='ocrx_word' id='word_1_44' title='bbox 1037 825 1153 890; x_wconf 86' lang='lat' dir='ltr'><strong>Dei,</strong></span> <span class='ocrx_word' id='word_1_45' title='bbox 1189 827 1444 900; x_wconf 78' lang='lat' dir='ltr'><strong>alacritas</strong></span> <span class='ocrx_word' id='word_1_46' title='bbox 1494 829 1688 882; x_wconf 72' lang='lat' dir='ltr'><strong>anima:</strong></span> <span class='ocrx_word' id='word_1_47' title='bbox 1740 839 1942 885; x_wconf 68' lang='lat' dir='ltr'><strong>nostra:</strong></span> <span class='ocrx_word' id='word_1_48' title='bbox 1997 838 2052 884; x_wconf 92' lang='lat' dir='ltr'><strong>et</strong></span> 
     </span>
    </p>
   </div>
   <div class='ocr_carea' id='block_1_10' title="bbox 473 915 2046 990">
    <p class='ocr_par' dir='ltr' id='par_1_10' title="bbox 473 915 2046 990">
     <span class='ocr_line' id='line_1_10' title="bbox 473 915 2046 990; baseline 0.006 -22"><span class='ocrx_word' id='word_1_49' title='bbox 473 915 836 982; x_wconf 75' lang='lat' dir='ltr'><strong>tranquillitas</strong></span> <span class='ocrx_word' id='word_1_50' title='bbox 860 916 1238 972; x_wconf 75' lang='lat' dir='ltr'><strong>calamitatum</strong></span> <span class='ocrx_word' id='word_1_51' title='bbox 1268 930 1513 990; x_wconf 87' lang='lat' dir='ltr'><strong>tempore</strong></span> <span class='ocrx_word' id='word_1_52' title='bbox 1535 935 1564 974; x_wconf 89' lang='lat' dir='ltr'><strong>a</strong></span> <span class='ocrx_word' id='word_1_53' title='bbox 1591 920 1698 976; x_wconf 92' lang='lat' dir='ltr'><strong>Deo</strong></span> <span class='ocrx_word' id='word_1_54' title='bbox 1721 921 2046 988; x_wconf 86' lang='lat' dir='ltr'><strong>obveniens,</strong></span> 
     </span>
    </p>
   </div>
   <div class='ocr_carea' id='block_1_11' title="bbox 472 1003 2048 1084">
    <p class='ocr_par' dir='ltr' id='par_1_11' title="bbox 472 1003 2048 1084">
     <span class='ocr_line' id='line_1_11' title="bbox 472 1003 2048 1084; baseline 0.006 -25"><span class='ocrx_word' id='word_1_55' title='bbox 472 1003 719 1060; x_wconf 89' lang='lat' dir='ltr'><strong>dilatatio</strong></span> <span class='ocrx_word' id='word_1_56' title='bbox 763 1016 1008 1062; x_wconf 77' lang='lat' dir='ltr'><strong>vocatur.</strong></span> <span class='ocrx_word' id='word_1_57' title='bbox 1060 1009 1328 1065; x_wconf 85' lang='lat' dir='ltr'><strong>Similiter</strong></span> <span class='ocrx_word' id='word_1_58' title='bbox 1380 1011 1550 1082; x_wconf 77' lang='lat' dir='ltr'><strong>igitur</strong></span> <span class='ocrx_word' id='word_1_59' title='bbox 1587 1013 1788 1084; x_wconf 85' lang='lat' dir='ltr'><strong>aliquis</strong></span> <span class='ocrx_word' id='word_1_60' title='bbox 1833 1029 1862 1067; x_wconf 88' lang='lat' dir='ltr'><strong>a</strong></span> <span class='ocrx_word' id='word_1_61' title='bbox 1909 1012 2048 1068; x_wconf 91' lang='lat' dir='ltr'><strong>malo</strong></span> 
     </span>
    </p>
   </div>
   <div class='ocr_carea' id='block_1_12' title="bbox 469 1094 2045 1168">
    <p class='ocr_par' dir='ltr' id='par_1_12' title="bbox 469 1094 2045 1168">
     <span class='ocr_line' id='line_1_12' title="bbox 469 1094 2045 1168; baseline 0.006 -18"><span class='ocrx_word' id='word_1_62' title='bbox 469 1094 694 1152; x_wconf 87' lang='lat' dir='ltr'><strong>liberari</strong></span> <span class='ocrx_word' id='word_1_63' title='bbox 749 1097 1134 1168; x_wconf 80' lang='lat' dir='ltr'><strong>intelligendus</strong></span> <span class='ocrx_word' id='word_1_64' title='bbox 1167 1110 1271 1156; x_wconf 85' lang='lat' dir='ltr'><strong>est.</strong></span> <span class='ocrx_word' id='word_1_65' title='bbox 1318 1100 1421 1156; x_wconf 86' lang='lat' dir='ltr'><strong>Job</strong></span> <span class='ocrx_word' id='word_1_66' title='bbox 1454 1103 1706 1158; x_wconf 80' lang='lat' dir='ltr'><strong>liberavit</strong></span> <span class='ocrx_word' id='word_1_67' title='bbox 1748 1106 1892 1160; x_wconf 86' lang='lat' dir='ltr'><strong>Deus</strong></span> <span class='ocrx_word' id='word_1_68' title='bbox 1939 1120 2045 1159; x_wconf 89' lang='lat' dir='ltr'><strong>non</strong></span> 
     </span>
    </p>
   </div>
   <div class='ocr_carea' id='block_1_13' title="bbox 467 1189 2046 1262">
    <p class='ocr_par' dir='ltr' id='par_1_13' title="bbox 467 1189 2046 1262">
     <span class='ocr_line' id='line_1_13' title="bbox 467 1189 2046 1262; baseline 0.008 -24"><span class='ocrx_word' id='word_1_69' title='bbox 467 1189 613 1257; x_wconf 91' lang='lat' dir='ltr'><strong>quod</strong></span> <span class='ocrx_word' id='word_1_70' title='bbox 645 1189 815 1244; x_wconf 87' lang='lat' dir='ltr'><strong>Satan</strong></span> <span class='ocrx_word' id='word_1_71' title='bbox 841 1190 1121 1245; x_wconf 84' lang='lat' dir='ltr'><strong>licentiam</strong></span> <span class='ocrx_word' id='word_1_72' title='bbox 1158 1207 1262 1246; x_wconf 91' lang='lat' dir='ltr'><strong>non</strong></span> <span class='ocrx_word' id='word_1_73' title='bbox 1299 1194 1577 1262; x_wconf 89' lang='lat' dir='ltr'><strong>acceperit</strong></span> <span class='ocrx_word' id='word_1_74' title='bbox 1604 1195 1656 1247; x_wconf 91' lang='lat' dir='ltr'><strong>in</strong></span> <span class='ocrx_word' id='word_1_75' title='bbox 1685 1195 1781 1250; x_wconf 88' lang='lat' dir='ltr'><strong>has</strong></span> <span class='ocrx_word' id='word_1_76' title='bbox 1811 1205 1904 1248; x_wconf 91' lang='lat' dir='ltr'><strong>aut</strong></span> <span class='ocrx_word' id='word_1_77' title='bbox 1930 1195 2046 1250; x_wconf 89' lang='lat' dir='ltr'><strong>illas</strong></span> 
     </span>
    </p>
   </div>
   <div class='ocr_carea' id='block_1_14' title="bbox 467 1281 2042 1356">
    <p class='ocr_par' dir='ltr' id='par_1_14' title="bbox 467 1281 2042 1356">
     <span class='ocr_line' id='line_1_14' title="bbox 467 1281 2042 1356; baseline 0.005 -23"><span class='ocrx_word' id='word_1_78' title='bbox 467 1293 591 1333; x_wconf 90' lang='lat' dir='ltr'><strong>eum</strong></span> <span class='ocrx_word' id='word_1_79' title='bbox 623 1282 958 1334; x_wconf 87' lang='lat' dir='ltr'><strong>tentationes</strong></span> <span class='ocrx_word' id='word_1_80' title='bbox 990 1281 1264 1349; x_wconf 87' lang='lat' dir='ltr'><strong>injiciendi</strong></span> <span class='ocrx_word' id='word_1_81' title='bbox 1300 1282 1532 1355; x_wconf 80' lang='lat' dir='ltr'><strong>(accepit</strong></span> <span class='ocrx_word' id='word_1_82' title='bbox 1559 1283 1751 1356; x_wconf 88' lang='lat' dir='ltr'><strong>enim),</strong></span> <span class='ocrx_word' id='word_1_83' title='bbox 1779 1286 1870 1341; x_wconf 80' lang='lat' dir='ltr'><strong>sed</strong></span> <span class='ocrx_word' id='word_1_84' title='bbox 1901 1287 2042 1356; x_wconf 87' lang='lat' dir='ltr'><strong>quod</strong></span> 
     </span>
    </p>
   </div>
   <div class='ocr_carea' id='block_1_15' title="bbox 466 1370 2043 1447">
    <p class='ocr_par' dir='ltr' id='par_1_15' title="bbox 466 1370 2043 1447">
     <span class='ocr_line' id='line_1_15' title="bbox 466 1370 2043 1447; baseline 0.005 -22"><span class='ocrx_word' id='word_1_85' title='bbox 466 1370 520 1425; x_wconf 89' lang='lat' dir='ltr'><strong>in</strong></span> <span class='ocrx_word' id='word_1_86' title='bbox 554 1372 803 1427; x_wconf 88' lang='lat' dir='ltr'><strong>omnibus</strong></span> <span class='ocrx_word' id='word_1_87' title='bbox 826 1388 948 1442; x_wconf 86' lang='lat' dir='ltr'><strong>quae</strong></span> <span class='ocrx_word' id='word_1_88' title='bbox 983 1373 1059 1427; x_wconf 89' lang='lat' dir='ltr'><strong>illi</strong></span> <span class='ocrx_word' id='word_1_89' title='bbox 1091 1373 1320 1429; x_wconf 87' lang='lat' dir='ltr'><strong>adversa</strong></span> <span class='ocrx_word' id='word_1_90' title='bbox 1353 1377 1704 1444; x_wconf 81' lang='lat' dir='ltr'><strong>contigerunt</strong></span> <span class='ocrx_word' id='word_1_91' title='bbox 1741 1379 1874 1432; x_wconf 83' lang='lat' dir='ltr'><strong>nihil</strong></span> <span class='ocrx_word' id='word_1_92' title='bbox 1916 1395 2043 1447; x_wconf 83' lang='lat' dir='ltr'><strong>pec-</strong></span> 
     </span>
    </p>
   </div>
   <div class='ocr_carea' id='block_1_16' title="bbox 464 1463 2038 1536">
    <p class='ocr_par' dir='ltr' id='par_1_16' title="bbox 464 1463 2038 1536">
     <span class='ocr_line' id='line_1_16' title="bbox 464 1463 2038 1536; baseline 0.004 -19"><span class='ocrx_word' id='word_1_93' title='bbox 464 1464 673 1517; x_wconf 89' lang='lat' dir='ltr'><strong>caverit</strong></span> <span class='ocrx_word' id='word_1_94' title='bbox 704 1479 886 1518; x_wconf 88' lang='lat' dir='ltr'><strong>coram</strong></span> <span class='ocrx_word' id='word_1_95' title='bbox 927 1465 1054 1530; x_wconf 88' lang='lat' dir='ltr'><strong>Deo,</strong></span> <span class='ocrx_word' id='word_1_96' title='bbox 1087 1464 1180 1518; x_wconf 88' lang='lat' dir='ltr'><strong>sed</strong></span> <span class='ocrx_word' id='word_1_97' title='bbox 1201 1463 1383 1530; x_wconf 82' lang='lat' dir='ltr'><strong>justus</strong></span> <span class='ocrx_word' id='word_1_98' title='bbox 1402 1471 1732 1536; x_wconf 80' lang='lat' dir='ltr'><strong>apparuerit.</strong></span> <span class='ocrx_word' id='word_1_99' title='bbox 1757 1470 1858 1535; x_wconf 76' lang='lat' dir='ltr'><strong>Qui</strong></span> <span class='ocrx_word' id='word_1_100' title='bbox 1894 1472 2038 1524; x_wconf 89' lang='lat' dir='ltr'><strong>enim</strong></span> 
     </span>
    </p>
   </div>
   <div class='ocr_carea' id='block_1_17' title="bbox 463 1553 2040 1622">
    <p class='ocr_par' dir='ltr' id='par_1_17' title="bbox 463 1553 2040 1622">
     <span class='ocr_line' id='line_1_17' title="bbox 463 1553 2040 1622; baseline 0.005 -14"><span class='ocrx_word' id='word_1_101' title='bbox 463 1553 680 1608; x_wconf 82' lang='lat' dir='ltr'><strong>dixerat</strong></span> <span class='ocrx_word' id='word_1_102' title='bbox 719 1569 734 1606; x_wconf 70' lang='grc' dir='ltr'><strong>ε</strong></span> <span class='ocrx_word' id='word_1_103' title='bbox 785 1553 929 1606; x_wconf 87' lang='lat' dir='ltr'><strong>Num</strong></span> <span class='ocrx_word' id='word_1_104' title='bbox 979 1557 1147 1622; x_wconf 80' lang='lat' dir='ltr'><strong>gratis</strong></span> <span class='ocrx_word' id='word_1_105' title='bbox 1190 1555 1293 1609; x_wconf 87' lang='lat' dir='ltr'><strong>Job</strong></span> <span class='ocrx_word' id='word_1_106' title='bbox 1325 1557 1448 1611; x_wconf 80' lang='lat' dir='ltr'><strong>colit</strong></span> <span class='ocrx_word' id='word_1_107' title='bbox 1496 1558 1827 1614; x_wconf 87' lang='lat' dir='ltr'><strong>Dominum?</strong></span> <span class='ocrx_word' id='word_1_108' title='bbox 1871 1577 2040 1616; x_wconf 86' lang='lat' dir='ltr'><strong>nonne</strong></span> 
     </span>
    </p>
   </div>
   <div class='ocr_carea' id='block_1_18' title="bbox 461 1646 2038 1719">
    <p class='ocr_par' dir='ltr' id='par_1_18' title="bbox 461 1646 2038 1719">
     <span class='ocr_line' id='line_1_18' title="bbox 461 1646 2038 1719; baseline 0.005 -21"><span class='ocrx_word' id='word_1_109' title='bbox 461 1654 519 1698; x_wconf 82' lang='lat' dir='ltr'><strong>tu</strong></span> <span class='ocrx_word' id='word_1_110' title='bbox 552 1646 770 1699; x_wconf 84' lang='lat' dir='ltr'><strong>munisti</strong></span> <span class='ocrx_word' id='word_1_111' title='bbox 795 1661 855 1698; x_wconf 88' lang='lat' dir='ltr'><strong>ea</strong></span> <span class='ocrx_word' id='word_1_112' title='bbox 885 1661 1003 1715; x_wconf 76' lang='lat' dir='ltr'><strong>qua:</strong></span> <span class='ocrx_word' id='word_1_113' title='bbox 1029 1657 1179 1700; x_wconf 71' lang='lat' dir='ltr'><strong>extra</strong></span> <span class='ocrx_word' id='word_1_114' title='bbox 1207 1651 1398 1716; x_wconf 84' lang='lat' dir='ltr'><strong>ipsum,</strong></span> <span class='ocrx_word' id='word_1_115' title='bbox 1427 1661 1474 1702; x_wconf 92' lang='lat' dir='ltr'><strong>et</strong></span> <span class='ocrx_word' id='word_1_116' title='bbox 1503 1667 1620 1719; x_wconf 77' lang='lat' dir='ltr'><strong>qua:</strong></span> <span class='ocrx_word' id='word_1_117' title='bbox 1657 1652 1796 1705; x_wconf 85' lang='lat' dir='ltr'><strong>intra</strong></span> <span class='ocrx_word' id='word_1_118' title='bbox 1821 1653 2038 1706; x_wconf 83' lang='lat' dir='ltr'><strong>domum</strong></span> 
     </span>
    </p>
   </div>
   <div class='ocr_carea' id='block_1_19' title="bbox 460 1739 2034 1809">
    <p class='ocr_par' dir='ltr' id='par_1_19' title="bbox 460 1739 2034 1809">
     <span class='ocr_line' id='line_1_19' title="bbox 460 1739 2034 1809; baseline 0.006 -19"><span class='ocrx_word' id='word_1_119' title='bbox 460 1739 599 1807; x_wconf 87' lang='lat' dir='ltr'><strong>ejus,</strong></span> <span class='ocrx_word' id='word_1_120' title='bbox 629 1748 676 1792; x_wconf 91' lang='lat' dir='ltr'><strong>et</strong></span> <span class='ocrx_word' id='word_1_121' title='bbox 714 1755 831 1808; x_wconf 77' lang='lat' dir='ltr'><strong>qua:</strong></span> <span class='ocrx_word' id='word_1_122' title='bbox 875 1749 1024 1792; x_wconf 75' lang='lat' dir='ltr'><strong>extra</strong></span> <span class='ocrx_word' id='word_1_123' title='bbox 1053 1754 1118 1791; x_wconf 72' lang='lat' dir='ltr'><strong>ea:</strong></span> <span class='ocrx_word' id='word_1_124' title='bbox 1149 1740 1388 1794; x_wconf 88' lang='lat' dir='ltr'><strong>omnibus</strong></span> <span class='ocrx_word' id='word_1_125' title='bbox 1412 1758 1531 1809; x_wconf 66' lang='grc' dir='ltr'>(μίαν</span> <span class='ocrx_word' id='word_1_126' title='bbox 1561 1755 1678 1796; x_wconf 87' lang='lat' dir='ltr'><strong>sunt</strong></span> <span class='ocrx_word' id='word_1_127' title='bbox 1711 1743 1765 1796; x_wconf 87' lang='lat' dir='ltr'><strong>in</strong></span> <span class='ocrx_word' id='word_1_128' title='bbox 1809 1746 2034 1800; x_wconf 73' lang='lat' dir='ltr'><strong>circuitu</strong></span> 
     </span>
    </p>
   </div>
   <div class='ocr_carea' id='block_1_20' title="bbox 459 1830 2034 1904">
    <p class='ocr_par' dir='ltr' id='par_1_20' title="bbox 459 1830 2034 1904">
     <span class='ocr_line' id='line_1_20' title="bbox 459 1830 2034 1904; baseline 0.006 -21"><span class='ocrx_word' id='word_1_129' title='bbox 459 1830 610 1899; x_wconf 87' lang='lat' dir='ltr'><strong>ejus;</strong></span> <span class='ocrx_word' id='word_1_130' title='bbox 651 1847 806 1898; x_wconf 84' lang='lat' dir='ltr'><strong>opera</strong></span> <span class='ocrx_word' id='word_1_131' title='bbox 845 1831 960 1899; x_wconf 88' lang='lat' dir='ltr'><strong>ejus</strong></span> <span class='ocrx_word' id='word_1_132' title='bbox 999 1831 1330 1893; x_wconf 70' lang='lat' dir='ltr'><strong>benedixisti,</strong></span> <span class='ocrx_word' id='word_1_133' title='bbox 1379 1842 1426 1885; x_wconf 88' lang='lat' dir='ltr'><strong>et</strong></span> <span class='ocrx_word' id='word_1_134' title='bbox 1473 1849 1666 1901; x_wconf 85' lang='lat' dir='ltr'><strong>pecora</strong></span> <span class='ocrx_word' id='word_1_135' title='bbox 1708 1835 1824 1904; x_wconf 87' lang='lat' dir='ltr'><strong>ejus</strong></span> <span class='ocrx_word' id='word_1_136' title='bbox 1867 1839 2034 1892; x_wconf 89' lang='lat' dir='ltr'><strong>multa</strong></span> 
     </span>
    </p>
   </div>
   <div class='ocr_carea' id='block_1_21' title="bbox 461 1924 2033 1997">
    <p class='ocr_par' dir='ltr' id='par_1_21' title="bbox 461 1924 2033 1997">
     <span class='ocr_line' id='line_1_21' title="bbox 461 1924 2033 1997; baseline 0.006 -21"><span class='ocrx_word' id='word_1_137' title='bbox 461 1924 633 1995; x_wconf 76' lang='lat' dir='ltr'><strong>fecisti</strong></span> <span class='ocrx_word' id='word_1_138' title='bbox 682 1940 840 1991; x_wconf 82' lang='lat' dir='ltr'><strong>super</strong></span> <span class='ocrx_word' id='word_1_139' title='bbox 883 1925 1122 1978; x_wconf 86' lang='lat' dir='ltr'><strong>terram?</strong></span> <span class='ocrx_word' id='word_1_140' title='bbox 1161 1924 1264 1978; x_wconf 84' lang='lat' dir='ltr'><strong>Sed</strong></span> <span class='ocrx_word' id='word_1_141' title='bbox 1313 1926 1456 1979; x_wconf 86' lang='lat' dir='ltr'><strong>mitte</strong></span> <span class='ocrx_word' id='word_1_142' title='bbox 1499 1943 1710 1979; x_wconf 86' lang='lat' dir='ltr'><strong>manum</strong></span> <span class='ocrx_word' id='word_1_143' title='bbox 1762 1939 1930 1997; x_wconf 89' lang='lat' dir='ltr'><strong>tuam,</strong></span> <span class='ocrx_word' id='word_1_144' title='bbox 1986 1942 2033 1985; x_wconf 89' lang='lat' dir='ltr'><strong>et</strong></span> 
     </span>
    </p>
   </div>
   <div class='ocr_carea' id='block_1_22' title="bbox 459 2017 2033 2086">
    <p class='ocr_par' dir='ltr' id='par_1_22' title="bbox 459 2017 2033 2086">
     <span class='ocr_line' id='line_1_22' title="bbox 459 2017 2033 2086; baseline 0.004 -16"><span class='ocrx_word' id='word_1_145' title='bbox 459 2027 616 2086; x_wconf 81' lang='lat' dir='ltr'><strong>tange</strong></span> <span class='ocrx_word' id='word_1_146' title='bbox 657 2018 829 2069; x_wconf 85' lang='lat' dir='ltr'><strong>omnia</strong></span> <span class='ocrx_word' id='word_1_147' title='bbox 877 2033 993 2085; x_wconf 79' lang='lat' dir='ltr'><strong>qua:</strong></span> <span class='ocrx_word' id='word_1_148' title='bbox 1030 2017 1222 2082; x_wconf 85' lang='lat' dir='ltr'><strong>habet;</strong></span> <span class='ocrx_word' id='word_1_149' title='bbox 1262 2029 1398 2072; x_wconf 90' lang='lat' dir='ltr'><strong>certe</strong></span> <span class='ocrx_word' id='word_1_150' title='bbox 1448 2018 1501 2072; x_wconf 84' lang='lat' dir='ltr'><strong>in</strong></span> <span class='ocrx_word' id='word_1_151' title='bbox 1561 2020 1748 2086; x_wconf 77' lang='lat' dir='ltr'><strong>faciem</strong></span> <span class='ocrx_word' id='word_1_152' title='bbox 1793 2032 1841 2076; x_wconf 89' lang='lat' dir='ltr'><strong>te</strong></span> <span class='ocrx_word' id='word_1_153' title='bbox 1879 2023 2033 2077; x_wconf 88' lang='lat' dir='ltr'><strong>bene-</strong></span> 
     </span>
    </p>
   </div>
   <div class='ocr_carea' id='block_1_23' title="bbox 457 2108 2033 2184">
    <p class='ocr_par' dir='ltr' id='par_1_23' title="bbox 457 2108 2033 2184">
     <span class='ocr_line' id='line_1_23' title="bbox 457 2108 2033 2184; baseline 0.006 -23"><span class='ocrx_word' id='word_1_154' title='bbox 457 2109 594 2162; x_wconf 85' lang='lat' dir='ltr'><strong>dicet</strong></span> <span class='ocrx_word' id='word_1_155' title='bbox 635 2108 714 2173; x_wconf 78' lang='lat'><strong>&quot;;</strong></span> <span class='ocrx_word' id='word_1_156' title='bbox 753 2111 957 2178; x_wconf 86' lang='lat' dir='ltr'><strong>pudore</strong></span> <span class='ocrx_word' id='word_1_157' title='bbox 1006 2117 1223 2178; x_wconf 88' lang='lat' dir='ltr'><strong>opertus</strong></span> <span class='ocrx_word' id='word_1_158' title='bbox 1258 2119 1365 2174; x_wconf 89' lang='lat' dir='ltr'><strong>est,</strong></span> <span class='ocrx_word' id='word_1_159' title='bbox 1415 2119 1473 2164; x_wconf 91' lang='lat' dir='ltr'><strong>ut</strong></span> <span class='ocrx_word' id='word_1_160' title='bbox 1520 2112 1611 2180; x_wconf 89' lang='lat' dir='ltr'><strong>qui</strong></span> <span class='ocrx_word' id='word_1_161' title='bbox 1657 2121 1784 2168; x_wconf 93' lang='lat' dir='ltr'><strong>tunc</strong></span> <span class='ocrx_word' id='word_1_162' title='bbox 1817 2130 2033 2184; x_wconf 88' lang='lat' dir='ltr'><strong>quoque</strong></span> 
     </span>
    </p>
   </div>
   <div class='ocr_carea' id='block_1_24' title="bbox 459 2199 2029 2276">
    <p class='ocr_par' dir='ltr' id='par_1_24' title="bbox 459 2199 2029 2276">
     <span class='ocr_line' id='line_1_24' title="bbox 459 2199 2029 2276; baseline 0.006 -24"><span class='ocrx_word' id='word_1_163' title='bbox 459 2199 593 2254; x_wconf 83' lang='lat' dir='ltr'><strong>falsa</strong></span> <span class='ocrx_word' id='word_1_164' title='bbox 629 2201 682 2254; x_wconf 93' lang='lat' dir='ltr'><strong>in</strong></span> <span class='ocrx_word' id='word_1_165' title='bbox 711 2199 812 2255; x_wconf 89' lang='lat' dir='ltr'><strong>Job</strong></span> <span class='ocrx_word' id='word_1_166' title='bbox 840 2202 1096 2265; x_wconf 73' lang='lat' dir='ltr'><strong>dixisset;</strong></span> <span class='ocrx_word' id='word_1_167' title='bbox 1129 2202 1217 2254; x_wconf 89' lang='lat' dir='ltr'><strong>ille</strong></span> <span class='ocrx_word' id='word_1_168' title='bbox 1242 2203 1384 2256; x_wconf 86' lang='lat' dir='ltr'><strong>enim</strong></span> <span class='ocrx_word' id='word_1_169' title='bbox 1418 2212 1493 2258; x_wconf 90' lang='lat' dir='ltr'><strong>tot</strong></span> <span class='ocrx_word' id='word_1_170' title='bbox 1525 2213 1785 2276; x_wconf 86' lang='lat' dir='ltr'><strong>tantaque</strong></span> <span class='ocrx_word' id='word_1_171' title='bbox 1815 2223 2029 2276; x_wconf 86' lang='lat' dir='ltr'><strong>passus.</strong></span> 
     </span>
    </p>
   </div>
   <div class='ocr_carea' id='block_1_25' title="bbox 457 2296 2032 2363">
    <p class='ocr_par' dir='ltr' id='par_1_25' title="bbox 457 2296 2032 2363">
     <span class='ocr_line' id='line_1_25' title="bbox 457 2296 2032 2363; baseline 0.007 -16"><span class='ocrx_word' id='word_1_172' title='bbox 457 2310 586 2362; x_wconf 89' lang='lat' dir='ltr'><strong>non,</strong></span> <span class='ocrx_word' id='word_1_173' title='bbox 640 2304 697 2348; x_wconf 90' lang='lat' dir='ltr'><strong>ut</strong></span> <span class='ocrx_word' id='word_1_174' title='bbox 741 2296 922 2350; x_wconf 88' lang='lat' dir='ltr'><strong>aiebat</strong></span> <span class='ocrx_word' id='word_1_175' title='bbox 967 2296 1334 2363; x_wconf 86' lang='lat' dir='ltr'><strong>adversarius,</strong></span> <span class='ocrx_word' id='word_1_176' title='bbox 1389 2299 1441 2351; x_wconf 91' lang='lat' dir='ltr'><strong>iu</strong></span> <span class='ocrx_word' id='word_1_177' title='bbox 1503 2299 1696 2354; x_wconf 81' lang='lat' dir='ltr'><strong>faciem</strong></span> <span class='ocrx_word' id='word_1_178' title='bbox 1754 2303 2032 2358; x_wconf 81' lang='lat' dir='ltr'><strong>benedixit</strong></span> 
     </span>
    </p>
   </div>
   <div class='ocr_carea' id='block_1_26' title="bbox 457 2387 2030 2450">
    <p class='ocr_par' dir='ltr' id='par_1_26' title="bbox 457 2387 2030 2450">
     <span class='ocr_line' id='line_1_26' title="bbox 457 2387 2030 2450; baseline 0.006 -9"><span class='ocrx_word' id='word_1_179' title='bbox 457 2387 592 2450; x_wconf 88' lang='lat' dir='ltr'><strong>Deo,</strong></span> <span class='ocrx_word' id='word_1_180' title='bbox 624 2390 720 2442; x_wconf 87' lang='lat' dir='ltr'><strong>sed</strong></span> <span class='ocrx_word' id='word_1_181' title='bbox 755 2387 918 2441; x_wconf 88' lang='lat' dir='ltr'><strong>etiam</strong></span> <span class='ocrx_word' id='word_1_182' title='bbox 951 2389 1184 2443; x_wconf 86' lang='lat' dir='ltr'><strong>traditus</strong></span> <span class='ocrx_word' id='word_1_183' title='bbox 1215 2389 1465 2443; x_wconf 90' lang='lat' dir='ltr'><strong>tentatori</strong></span> <span class='ocrx_word' id='word_1_184' title='bbox 1508 2391 1670 2446; x_wconf 91' lang='lat' dir='ltr'><strong>Deum</strong></span> <span class='ocrx_word' id='word_1_185' title='bbox 1704 2391 2030 2450; x_wconf 87' lang='lat' dir='ltr'><strong>benedicere</strong></span> 
     </span>
    </p>
   </div>
   <div class='ocr_carea' id='block_1_27' title="bbox 457 2478 2028 2548">
    <p class='ocr_par' dir='ltr' id='par_1_27' title="bbox 457 2478 2028 2548">
     <span class='ocr_line' id='line_1_27' title="bbox 457 2478 2028 2548; baseline 0.006 -18"><span class='ocrx_word' id='word_1_186' title='bbox 457 2479 857 2548; x_wconf 77' lang='lat' dir='ltr'><strong>perseveravit,</strong></span> <span class='ocrx_word' id='word_1_187' title='bbox 895 2478 1304 2548; x_wconf 72' lang='lat' dir='ltr'><strong>increpavitque</strong></span> <span class='ocrx_word' id='word_1_188' title='bbox 1333 2498 1555 2539; x_wconf 80' lang='lat' dir='ltr'><strong>uxorem</strong></span> <span class='ocrx_word' id='word_1_189' title='bbox 1583 2484 1850 2539; x_wconf 88' lang='lat' dir='ltr'><strong>dicentem</strong></span> <span class='ocrx_word' id='word_1_190' title='bbox 1889 2507 1901 2541; x_wconf 88' lang='lat'><strong>:</strong></span> <span class='ocrx_word' id='word_1_191' title='bbox 1934 2485 2028 2540; x_wconf 89' lang='lat' dir='ltr'><strong>Di-</strong></span> 
     </span>
    </p>
   </div>
   <div class='ocr_carea' id='block_1_28' title="bbox 451 2570 2026 2645">
    <p class='ocr_par' dir='ltr' id='par_1_28' title="bbox 451 2570 2026 2645">
     <span class='ocr_line' id='line_1_28' title="bbox 451 2570 2026 2645; baseline 0.006 -22"><span class='ocrx_word' id='word_1_192' title='bbox 451 2570 555 2623; x_wconf 83' lang='lat' dir='ltr'><strong>cito</strong></span> <span class='ocrx_word' id='word_1_193' title='bbox 601 2570 814 2641; x_wconf 86' lang='lat' dir='ltr'><strong>aliquod</strong></span> <span class='ocrx_word' id='word_1_194' title='bbox 851 2571 1062 2624; x_wconf 83' lang='lat' dir='ltr'><strong>verbum</strong></span> <span class='ocrx_word' id='word_1_195' title='bbox 1105 2573 1159 2624; x_wconf 83' lang='lat' dir='ltr'><strong>in</strong></span> <span class='ocrx_word' id='word_1_196' title='bbox 1205 2571 1484 2628; x_wconf 85' lang='lat' dir='ltr'><strong>Dominum</strong></span> <span class='ocrx_word' id='word_1_197' title='bbox 1523 2586 1569 2630; x_wconf 89' lang='lat' dir='ltr'><strong>et</strong></span> <span class='ocrx_word' id='word_1_198' title='bbox 1607 2593 1807 2631; x_wconf 85' lang='lat' dir='ltr'><strong>morere</strong></span> <span class='ocrx_word' id='word_1_199' title='bbox 1851 2577 1928 2645; x_wconf 78' lang='lat'><strong>&quot;;</strong></span> <span class='ocrx_word' id='word_1_200' title='bbox 1972 2589 2026 2632; x_wconf 87' lang='lat' dir='ltr'><strong>et</strong></span> 
     </span>
    </p>
   </div>
   <div class='ocr_carea' id='block_1_29' title="bbox 451 2662 2023 2738">
    <p class='ocr_par' dir='ltr' id='par_1_29' title="bbox 451 2662 2023 2738">
     <span class='ocr_line' id='line_1_29' title="bbox 451 2662 2023 2738; baseline 0.008 -25"><span class='ocrx_word' id='word_1_201' title='bbox 451 2662 617 2732; x_wconf 76' lang='lat'><strong>266</strong></span> <span class='ocrx_word' id='word_1_202' title='bbox 646 2662 993 2728; x_wconf 83' lang='lat' dir='ltr'><strong>reprehendit</strong></span> <span class='ocrx_word' id='word_1_203' title='bbox 1043 2662 1125 2716; x_wconf 92' lang='lat' dir='ltr'><strong>his</strong></span> <span class='ocrx_word' id='word_1_204' title='bbox 1167 2665 1396 2721; x_wconf 78' lang='lat' dir='ltr'><strong>verbis:</strong></span> <span class='ocrx_word' id='word_1_205' title='bbox 1432 2666 1700 2738; x_wconf 79' lang='lat' dir='ltr'><strong>Tanquam</strong></span> <span class='ocrx_word' id='word_1_206' title='bbox 1753 2687 1857 2724; x_wconf 89' lang='lat' dir='ltr'><strong>una</strong></span> <span class='ocrx_word' id='word_1_207' title='bbox 1898 2672 2023 2724; x_wconf 82' lang='lat' dir='ltr'><strong>insi-</strong></span> 
     </span>
    </p>
   </div>
   <div class='ocr_carea' id='block_1_30' title="bbox 449 2753 2025 2827">
    <p class='ocr_par' dir='ltr' id='par_1_30' title="bbox 449 2753 2025 2827">
     <span class='ocr_line' id='line_1_30' title="bbox 449 2753 2025 2827; baseline 0.011 -26"><span class='ocrx_word' id='word_1_208' title='bbox 449 2754 680 2821; x_wconf 81' lang='lat' dir='ltr'><strong>pientum</strong></span> <span class='ocrx_word' id='word_1_209' title='bbox 707 2753 982 2806; x_wconf 84' lang='lat' dir='ltr'><strong>mulierum</strong></span> <span class='ocrx_word' id='word_1_210' title='bbox 1015 2755 1189 2810; x_wconf 85' lang='lat' dir='ltr'><strong>locuta</strong></span> <span class='ocrx_word' id='word_1_211' title='bbox 1230 2775 1304 2810; x_wconf 86' lang='lat' dir='ltr'><strong>es.</strong></span> <span class='ocrx_word' id='word_1_212' title='bbox 1340 2757 1398 2812; x_wconf 88' lang='lat' dir='ltr'><strong>Si</strong></span> <span class='ocrx_word' id='word_1_213' title='bbox 1430 2759 1564 2813; x_wconf 90' lang='lat' dir='ltr'><strong>bona</strong></span> <span class='ocrx_word' id='word_1_214' title='bbox 1609 2763 1932 2827; x_wconf 81' lang='lat' dir='ltr'><strong>suscepimus</strong></span> <span class='ocrx_word' id='word_1_215' title='bbox 1959 2764 2025 2818; x_wconf 86' lang='lat' dir='ltr'><strong>de</strong></span> 
     </span>
    </p>
   </div>
   <div class='ocr_carea' id='block_1_31' title="bbox 447 2842 2020 2908">
    <p class='ocr_par' dir='ltr' id='par_1_31' title="bbox 447 2842 2020 2908">
     <span class='ocr_line' id='line_1_31' title="bbox 447 2842 2020 2908; baseline 0.006 -13"><span class='ocrx_word' id='word_1_216' title='bbox 447 2859 610 2896; x_wconf 84' lang='lat' dir='ltr'><strong>manu</strong></span> <span class='ocrx_word' id='word_1_217' title='bbox 651 2842 902 2908; x_wconf 85' lang='lat' dir='ltr'><strong>Domini,</strong></span> <span class='ocrx_word' id='word_1_218' title='bbox 949 2844 1089 2898; x_wconf 85' lang='lat' dir='ltr'><strong>mala</strong></span> <span class='ocrx_word' id='word_1_219' title='bbox 1126 2863 1222 2899; x_wconf 85' lang='lat' dir='ltr'><strong>cur</strong></span> <span class='ocrx_word' id='word_1_220' title='bbox 1261 2868 1362 2904; x_wconf 89' lang='lat' dir='ltr'><strong>non</strong></span> <span class='ocrx_word' id='word_1_221' title='bbox 1397 2852 1768 2908; x_wconf 81' lang='lat' dir='ltr'><strong>sustinebimus</strong></span> <span class='ocrx_word' id='word_1_222' title='bbox 1799 2852 1882 2906; x_wconf 71' lang='lat'><strong>‘7?</strong></span> <span class='ocrx_word' id='word_1_223' title='bbox 1923 2853 2020 2905; x_wconf 87' lang='lat' dir='ltr'><strong>Se-</strong></span> 
     </span>
    </p>
   </div>
   <div class='ocr_carea' id='block_1_32' title="bbox 446 2935 2018 3005">
    <p class='ocr_par' dir='ltr' id='par_1_32' title="bbox 446 2935 2018 3005">
     <span class='ocr_line' id='line_1_32' title="bbox 446 2935 2018 3005; baseline 0.006 -17"><span class='ocrx_word' id='word_1_224' title='bbox 446 2936 624 2988; x_wconf 89' lang='lat' dir='ltr'><strong>cundo</strong></span> <span class='ocrx_word' id='word_1_225' title='bbox 653 2951 868 3005; x_wconf 85' lang='lat' dir='ltr'><strong>quoque</strong></span> <span class='ocrx_word' id='word_1_226' title='bbox 892 2937 957 2990; x_wconf 87' lang='lat' dir='ltr'><strong>de</strong></span> <span class='ocrx_word' id='word_1_227' title='bbox 988 2935 1090 2992; x_wconf 88' lang='lat' dir='ltr'><strong>Joh</strong></span> <span class='ocrx_word' id='word_1_228' title='bbox 1126 2940 1372 2995; x_wconf 81' lang='lat' dir='ltr'><strong>diabolus</strong></span> <span class='ocrx_word' id='word_1_229' title='bbox 1399 2943 1475 2996; x_wconf 93' lang='lat' dir='ltr'><strong>ait</strong></span> <span class='ocrx_word' id='word_1_230' title='bbox 1507 2945 1734 2998; x_wconf 88' lang='lat' dir='ltr'><strong>Domino</strong></span> <span class='ocrx_word' id='word_1_231' title='bbox 1771 2962 1783 2996; x_wconf 92' lang='lat'>:</span> <span class='ocrx_word' id='word_1_232' title='bbox 1818 2943 2018 2999; x_wconf 83' lang='lat' dir='ltr'><strong>Pellem</strong></span> 
     </span>
    </p>
   </div>
   <div class='ocr_carea' id='block_1_33' title="bbox 445 3027 2018 3103">
    <p class='ocr_par' dir='ltr' id='par_1_33' title="bbox 445 3027 2018 3103">
     <span class='ocr_line' id='line_1_33' title="bbox 445 3027 2018 3103; baseline 0.006 -25"><span class='ocrx_word' id='word_1_233' title='bbox 445 3043 543 3096; x_wconf 73' lang='lat' dir='ltr'><strong>pro</strong></span> <span class='ocrx_word' id='word_1_234' title='bbox 581 3027 734 3096; x_wconf 82' lang='lat' dir='ltr'><strong>pelle,</strong></span> <span class='ocrx_word' id='word_1_235' title='bbox 781 3045 1102 3097; x_wconf 71' lang='lat' dir='ltr'><strong>qua&#39;cunque</strong></span> <span class='ocrx_word' id='word_1_236' title='bbox 1147 3044 1264 3084; x_wconf 87' lang='lat' dir='ltr'><strong>sunt</strong></span> <span class='ocrx_word' id='word_1_237' title='bbox 1301 3033 1501 3088; x_wconf 83' lang='lat' dir='ltr'><strong>homini</strong></span> <span class='ocrx_word' id='word_1_238' title='bbox 1547 3052 1642 3103; x_wconf 88' lang='lat' dir='ltr'><strong>pro</strong></span> <span class='ocrx_word' id='word_1_239' title='bbox 1707 3036 1884 3088; x_wconf 89' lang='lat' dir='ltr'><strong>anima</strong></span> <span class='ocrx_word' id='word_1_240' title='bbox 1919 3052 2018 3089; x_wconf 86' lang='lat' dir='ltr'><strong>sua</strong></span> 
     </span>
    </p>
   </div>
   <div class='ocr_carea' id='block_1_34' title="bbox 443 3121 2020 3196">
    <p class='ocr_par' dir='ltr' id='par_1_34' title="bbox 443 3121 2020 3196">
     <span class='ocr_line' id='line_1_34' title="bbox 443 3121 2020 3196; baseline 0.006 -24"><span class='ocrx_word' id='word_1_241' title='bbox 443 3123 655 3184; x_wconf 80' lang='lat' dir='ltr'><strong>pendet.</strong></span> <span class='ocrx_word' id='word_1_242' title='bbox 688 3121 931 3190; x_wconf 82' lang='lat' dir='ltr'><strong>Alioquin</strong></span> <span class='ocrx_word' id='word_1_243' title='bbox 960 3132 1136 3175; x_wconf 86' lang='lat' dir='ltr'><strong>autent</strong></span> <span class='ocrx_word' id='word_1_244' title='bbox 1175 3125 1320 3177; x_wconf 86' lang='lat' dir='ltr'><strong>mitte</strong></span> <span class='ocrx_word' id='word_1_245' title='bbox 1352 3143 1566 3179; x_wconf 86' lang='lat' dir='ltr'><strong>manum</strong></span> <span class='ocrx_word' id='word_1_246' title='bbox 1592 3137 1759 3193; x_wconf 88' lang='lat' dir='ltr'><strong>tuam,</strong></span> <span class='ocrx_word' id='word_1_247' title='bbox 1789 3138 1835 3180; x_wconf 88' lang='lat' dir='ltr'><strong>et</strong></span> <span class='ocrx_word' id='word_1_248' title='bbox 1870 3137 2020 3196; x_wconf 80' lang='lat' dir='ltr'><strong>tange</strong></span> 
     </span>
    </p>
   </div>
   <div class='ocr_carea' id='block_1_35' title="bbox 444 3213 2018 3287">
    <p class='ocr_par' dir='ltr' id='par_1_35' title="bbox 444 3213 2018 3287">
     <span class='ocr_line' id='line_1_35' title="bbox 444 3213 2018 3287; baseline 0.006 -23"><span class='ocrx_word' id='word_1_249' title='bbox 444 3229 563 3265; x_wconf 84' lang='lat' dir='ltr'><strong>ossa</strong></span> <span class='ocrx_word' id='word_1_250' title='bbox 606 3213 740 3281; x_wconf 80' lang='lat' dir='ltr'><strong>ejus,</strong></span> <span class='ocrx_word' id='word_1_251' title='bbox 790 3226 835 3266; x_wconf 86' lang='lat' dir='ltr'><strong>et</strong></span> <span class='ocrx_word' id='word_1_252' title='bbox 887 3232 1070 3269; x_wconf 88' lang='lat' dir='ltr'><strong>carnes</strong></span> <span class='ocrx_word' id='word_1_253' title='bbox 1110 3217 1264 3286; x_wconf 82' lang='lat' dir='ltr'><strong>ejus;</strong></span> <span class='ocrx_word' id='word_1_254' title='bbox 1289 3227 1426 3272; x_wconf 89' lang='lat' dir='ltr'><strong>certe</strong></span> <span class='ocrx_word' id='word_1_255' title='bbox 1458 3219 1513 3271; x_wconf 90' lang='lat' dir='ltr'><strong>in</strong></span> <span class='ocrx_word' id='word_1_256' title='bbox 1553 3220 1740 3287; x_wconf 79' lang='lat' dir='ltr'><strong>facient</strong></span> <span class='ocrx_word' id='word_1_257' title='bbox 1784 3229 1831 3272; x_wconf 91' lang='lat' dir='ltr'><strong>te</strong></span> <span class='ocrx_word' id='word_1_258' title='bbox 1867 3220 2018 3274; x_wconf 54' lang='lat' dir='ltr'><strong>bene.</strong></span> 
     </span>
    </p>
   </div>
   <div class='ocr_carea' id='block_1_36' title="bbox 442 3302 2018 3366">
    <p class='ocr_par' dir='ltr' id='par_1_36' title="bbox 442 3302 2018 3366">
     <span class='ocr_line' id='line_1_36' title="bbox 442 3302 2018 3366; baseline 0.006 -10"><span class='ocrx_word' id='word_1_259' title='bbox 442 3305 579 3356; x_wconf 84' lang='lat' dir='ltr'><strong>dicet</strong></span> <span class='ocrx_word' id='word_1_260' title='bbox 605 3302 670 3355; x_wconf 60' lang='lat'><strong>“3.</strong></span> <span class='ocrx_word' id='word_1_261' title='bbox 693 3302 764 3357; x_wconf 83' lang='lat' dir='ltr'><strong>At</strong></span> <span class='ocrx_word' id='word_1_262' title='bbox 786 3305 963 3360; x_wconf 90' lang='lat' dir='ltr'><strong>victus</strong></span> <span class='ocrx_word' id='word_1_263' title='bbox 987 3322 1014 3358; x_wconf 91' lang='lat' dir='ltr'><strong>a</strong></span> <span class='ocrx_word' id='word_1_264' title='bbox 1043 3307 1258 3362; x_wconf 85' lang='lat' dir='ltr'><strong>virtutis</strong></span> <span class='ocrx_word' id='word_1_265' title='bbox 1283 3308 1485 3364; x_wconf 89' lang='lat' dir='ltr'><strong>athleta</strong></span> <span class='ocrx_word' id='word_1_266' title='bbox 1511 3311 1741 3365; x_wconf 80' lang='lat' dir='ltr'><strong>mendax</strong></span> <span class='ocrx_word' id='word_1_267' title='bbox 1766 3320 2018 3366; x_wconf 73' lang='lat' dir='ltr'><strong>ostensus</strong></span> 
     </span>
    </p>
   </div>
   <div class='ocr_carea' id='block_1_37' title="bbox 441 3393 2015 3471">
    <p class='ocr_par' dir='ltr' id='par_1_37' title="bbox 441 3393 2015 3471">
     <span class='ocr_line' id='line_1_37' title="bbox 441 3393 2015 3471; baseline 0.006 -25"><span class='ocrx_word' id='word_1_268' title='bbox 441 3403 549 3448; x_wconf 79' lang='lat' dir='ltr'><strong>cst.</strong></span> <span class='ocrx_word' id='word_1_269' title='bbox 575 3393 899 3464; x_wconf 83' lang='lat' dir='ltr'><strong>Quanquam</strong></span> <span class='ocrx_word' id='word_1_270' title='bbox 921 3398 1064 3451; x_wconf 89' lang='lat' dir='ltr'><strong>enim</strong></span> <span class='ocrx_word' id='word_1_271' title='bbox 1087 3400 1430 3454; x_wconf 87' lang='lat' dir='ltr'><strong>atrocissima</strong></span> <span class='ocrx_word' id='word_1_272' title='bbox 1454 3416 1681 3471; x_wconf 62' lang='lat' dir='ltr'><strong>quaeque</strong></span> <span class='ocrx_word' id='word_1_273' title='bbox 1703 3417 2015 3471; x_wconf 88' lang='lat' dir='ltr'><strong>perpessus,</strong></span> 
     </span>
    </p>
   </div>
   <div class='ocr_carea' id='block_1_38' title="bbox 441 3488 2015 3560">
    <p class='ocr_par' dir='ltr' id='par_1_38' title="bbox 441 3488 2015 3560">
     <span class='ocr_line' id='line_1_38' title="bbox 441 3488 2015 3560; baseline 0.006 -23"><span class='ocrx_word' id='word_1_274' title='bbox 441 3489 811 3554; x_wconf 78' lang='lat' dir='ltr'><strong>perseveravit</strong></span> <span class='ocrx_word' id='word_1_275' title='bbox 872 3488 1007 3540; x_wconf 89' lang='lat' dir='ltr'><strong>nihil</strong></span> <span class='ocrx_word' id='word_1_276' title='bbox 1060 3489 1320 3548; x_wconf 85' lang='lat' dir='ltr'><strong>adversus</strong></span> <span class='ocrx_word' id='word_1_277' title='bbox 1371 3491 1532 3544; x_wconf 83' lang='lat' dir='ltr'><strong>Deum</strong></span> <span class='ocrx_word' id='word_1_278' title='bbox 1583 3507 1811 3560; x_wconf 80' lang='lat' dir='ltr'><strong>peccare</strong></span> <span class='ocrx_word' id='word_1_279' title='bbox 1858 3492 2015 3547; x_wconf 80' lang='lat' dir='ltr'><strong>labiis</strong></span> 
     </span>
    </p>
   </div>
   <div class='ocr_carea' id='block_1_39' title="bbox 438 3578 2018 3640">
    <p class='ocr_par' dir='ltr' id='par_1_39' title="bbox 438 3578 2018 3640">
     <span class='ocr_line' id='line_1_39' title="bbox 438 3578 2018 3640; baseline 0.004 -7"><span class='ocrx_word' id='word_1_280' title='bbox 438 3579 574 3633; x_wconf 89' lang='lat' dir='ltr'><strong>suis.</strong></span> <span class='ocrx_word' id='word_1_281' title='bbox 627 3578 793 3634; x_wconf 87' lang='lat' dir='ltr'><strong>Porro</strong></span> <span class='ocrx_word' id='word_1_282' title='bbox 841 3579 945 3635; x_wconf 88' lang='lat' dir='ltr'><strong>Job</strong></span> <span class='ocrx_word' id='word_1_283' title='bbox 999 3582 1208 3637; x_wconf 91' lang='lat' dir='ltr'><strong>duobus</strong></span> <span class='ocrx_word' id='word_1_284' title='bbox 1270 3584 1658 3639; x_wconf 86' lang='lat' dir='ltr'><strong>certaminibus</strong></span> <span class='ocrx_word' id='word_1_285' title='bbox 1704 3584 1922 3640; x_wconf 80' lang='lat' dir='ltr'><strong>functus</strong></span> <span class='ocrx_word' id='word_1_286' title='bbox 1962 3596 2018 3640; x_wconf 88' lang='lat' dir='ltr'><strong>et</strong></span> 
     </span>
    </p>
   </div>
   <div class='ocr_carea' id='block_1_40' title="bbox 439 3672 2011 3743">
    <p class='ocr_par' dir='ltr' id='par_1_40' title="bbox 439 3672 2011 3743">
     <span class='ocr_line' id='line_1_40' title="bbox 439 3672 2011 3743; baseline 0.005 -21"><span class='ocrx_word' id='word_1_287' title='bbox 439 3680 672 3739; x_wconf 88' lang='lat' dir='ltr'><strong>utroque</strong></span> <span class='ocrx_word' id='word_1_288' title='bbox 720 3672 918 3740; x_wconf 89' lang='lat' dir='ltr'><strong>victor,</strong></span> <span class='ocrx_word' id='word_1_289' title='bbox 968 3675 1186 3728; x_wconf 88' lang='lat' dir='ltr'><strong>tertium</strong></span> <span class='ocrx_word' id='word_1_290' title='bbox 1239 3673 1507 3743; x_wconf 82' lang='lat' dir='ltr'><strong>ejusmodi</strong></span> <span class='ocrx_word' id='word_1_291' title='bbox 1559 3685 1841 3730; x_wconf 85' lang='lat' dir='ltr'><strong>certamen</strong></span> <span class='ocrx_word' id='word_1_292' title='bbox 1904 3692 2011 3730; x_wconf 86' lang='lat' dir='ltr'><strong>non</strong></span> 
     </span>
    </p>
   </div>
   <div class='ocr_carea' id='block_1_41' title="bbox 439 3763 2015 3840">
    <p class='ocr_par' dir='ltr' id='par_1_41' title="bbox 439 3763 2015 3840">
     <span class='ocr_line' id='line_1_41' title="bbox 439 3763 2015 3840; baseline 0.003 -23"><span class='ocrx_word' id='word_1_293' title='bbox 439 3763 635 3829; x_wconf 84' lang='lat' dir='ltr'><strong>subiit;</strong></span> <span class='ocrx_word' id='word_1_294' title='bbox 663 3767 949 3835; x_wconf 80' lang='lat' dir='ltr'><strong>oportebat</strong></span> <span class='ocrx_word' id='word_1_295' title='bbox 978 3769 1119 3822; x_wconf 91' lang='lat' dir='ltr'><strong>enim</strong></span> <span class='ocrx_word' id='word_1_296' title='bbox 1149 3770 1341 3823; x_wconf 87' lang='lat' dir='ltr'><strong>trinam</strong></span> <span class='ocrx_word' id='word_1_297' title='bbox 1367 3768 1511 3822; x_wconf 83' lang='lat' dir='ltr'><strong>illam</strong></span> <span class='ocrx_word' id='word_1_298' title='bbox 1539 3783 1769 3840; x_wconf 81' lang='lat' dir='ltr'><strong>pugnam</strong></span> <span class='ocrx_word' id='word_1_299' title='bbox 1796 3767 2015 3824; x_wconf 85' lang='lat' dir='ltr'><strong>Christo</strong></span> 
     </span>
    </p>
   </div>
   <div class='ocr_carea' id='block_1_42' title="bbox 441 3858 2008 3928">
    <p class='ocr_par' dir='ltr' id='par_1_42' title="bbox 441 3858 2008 3928">
     <span class='ocr_line' id='line_1_42' title="bbox 441 3858 2008 3928; baseline 0.003 -20"><span class='ocrx_word' id='word_1_300' title='bbox 441 3859 732 3922; x_wconf 81' lang='lat' dir='ltr'><strong>reservari,</strong></span> <span class='ocrx_word' id='word_1_301' title='bbox 779 3873 899 3926; x_wconf 70' lang='lat' dir='ltr'><strong>quae</strong></span> <span class='ocrx_word' id='word_1_302' title='bbox 944 3859 996 3913; x_wconf 92' lang='lat' dir='ltr'><strong>in</strong></span> <span class='ocrx_word' id='word_1_303' title='bbox 1042 3860 1218 3914; x_wconf 87' lang='lat' dir='ltr'><strong>tribus</strong></span> <span class='ocrx_word' id='word_1_304' title='bbox 1246 3858 1556 3926; x_wconf 78' lang='lat' dir='ltr'><strong>Evangeliis</strong></span> <span class='ocrx_word' id='word_1_305' title='bbox 1583 3859 1854 3928; x_wconf 87' lang='lat' dir='ltr'><strong>descripta</strong></span> <span class='ocrx_word' id='word_1_306' title='bbox 1889 3869 2008 3913; x_wconf 77' lang='lat' dir='ltr'><strong>est:</strong></span> 
     </span>
    </p>
   </div>
   <div class='ocr_carea' id='block_1_43' title="bbox 440 3949 2011 4021">
    <p class='ocr_par' dir='ltr' id='par_1_43' title="bbox 440 3949 2011 4021">
     <span class='ocr_line' id='line_1_43' title="bbox 440 3949 2011 4021; baseline 0.003 -21"><span class='ocrx_word' id='word_1_307' title='bbox 440 3949 616 4002; x_wconf 74' lang='lat' dir='ltr'><strong>tribus</strong></span> <span class='ocrx_word' id='word_1_308' title='bbox 643 3951 786 4003; x_wconf 90' lang='lat' dir='ltr'><strong>enim</strong></span> <span class='ocrx_word' id='word_1_309' title='bbox 813 3951 942 4006; x_wconf 86' lang='lat' dir='ltr'><strong>vicit</strong></span> <span class='ocrx_word' id='word_1_310' title='bbox 964 3952 1239 4006; x_wconf 89' lang='lat' dir='ltr'><strong>inimicum</strong></span> <span class='ocrx_word' id='word_1_311' title='bbox 1260 3951 1519 4006; x_wconf 86' lang='lat' dir='ltr'><strong>Servator</strong></span> <span class='ocrx_word' id='word_1_312' title='bbox 1536 3967 1694 4021; x_wconf 88' lang='lat' dir='ltr'><strong>quem</strong></span> <span class='ocrx_word' id='word_1_313' title='bbox 1717 3951 2011 4006; x_wconf 87' lang='lat' dir='ltr'><strong>secundum</strong></span> 
     </span>
    </p>
   </div>
   <div class='ocr_carea' id='block_1_44' title="bbox 395 4021 2014 4114">
    <p class='ocr_par' dir='ltr' id='par_1_44' title="bbox 395 4021 2014 4114">
     <span class='ocr_line' id='line_1_44' title="bbox 395 4021 2014 4114; baseline 0.001 -20"><span class='ocrx_word' id='word_1_314' title='bbox 395 4021 403 4029; x_wconf 35' lang='lat' dir='ltr'><strong>l</strong></span> <span class='ocrx_word' id='word_1_315' title='bbox 439 4039 715 4096; x_wconf 84' lang='lat' dir='ltr'><strong>hominem</strong></span> <span class='ocrx_word' id='word_1_316' title='bbox 757 4043 1128 4112; x_wconf 78' lang='lat' dir='ltr'><strong>intelligimus.</strong></span> <span class='ocrx_word' id='word_1_317' title='bbox 1167 4043 1460 4114; x_wconf 85' lang='lat' dir='ltr'><strong>Postquam</strong></span> <span class='ocrx_word' id='word_1_318' title='bbox 1493 4045 1654 4114; x_wconf 80' lang='lat' dir='ltr'><strong>igitur</strong></span> <span class='ocrx_word' id='word_1_319' title='bbox 1685 4052 1743 4097; x_wconf 90' lang='lat' dir='ltr'><strong>ut</strong></span> <span class='ocrx_word' id='word_1_320' title='bbox 1778 4043 2014 4098; x_wconf 83' lang='lat' dir='ltr'><strong>scientes</strong></span> 
     </span>
    </p>
   </div>
   <div class='ocr_carea' id='block_1_45' title="bbox 438 4133 2011 4200">
    <p class='ocr_par' dir='ltr' id='par_1_45' title="bbox 438 4133 2011 4200">
     <span class='ocr_line' id='line_1_45' title="bbox 438 4133 2011 4200; baseline 0.007 -23"><span class='ocrx_word' id='word_1_321' title='bbox 438 4141 682 4196; x_wconf 77' lang='lat' dir='ltr'><strong>petamus</strong></span> <span class='ocrx_word' id='word_1_322' title='bbox 735 4149 764 4186; x_wconf 87' lang='lat' dir='ltr'><strong>a</strong></span> <span class='ocrx_word' id='word_1_323' title='bbox 809 4133 918 4190; x_wconf 87' lang='lat' dir='ltr'><strong>Deo</strong></span> <span class='ocrx_word' id='word_1_324' title='bbox 967 4151 1035 4191; x_wconf 90' lang='lat' dir='ltr'><strong>ne</strong></span> <span class='ocrx_word' id='word_1_325' title='bbox 1085 4137 1351 4193; x_wconf 87' lang='lat' dir='ltr'><strong>intremus</strong></span> <span class='ocrx_word' id='word_1_326' title='bbox 1388 4142 1442 4192; x_wconf 90' lang='lat' dir='ltr'><strong>in</strong></span> <span class='ocrx_word' id='word_1_327' title='bbox 1491 4136 1866 4200; x_wconf 85' lang='lat' dir='ltr'><strong>tentationem,</strong></span> <span class='ocrx_word' id='word_1_328' title='bbox 1917 4136 2011 4190; x_wconf 86' lang='lat' dir='ltr'><strong>sed</strong></span> 
     </span>
    </p>
   </div>
   <div class='ocr_carea' id='block_1_46' title="bbox 399 4224 2011 4299">
    <p class='ocr_par' dir='ltr' id='par_1_46' title="bbox 399 4224 2011 4299">
     <span class='ocr_line' id='line_1_46' title="bbox 399 4224 2011 4299; baseline 0.003 -23"><span class='ocrx_word' id='word_1_329' title='bbox 399 4295 402 4298; x_wconf 9' lang='grc' dir='ltr'><strong>γ</strong></span> <span class='ocrx_word' id='word_1_330' title='bbox 437 4224 731 4279; x_wconf 81' lang='lat' dir='ltr'><strong>liberemur</strong></span> <span class='ocrx_word' id='word_1_331' title='bbox 769 4243 797 4279; x_wconf 89' lang='lat' dir='ltr'><strong>a</strong></span> <span class='ocrx_word' id='word_1_332' title='bbox 838 4228 1002 4292; x_wconf 84' lang='lat' dir='ltr'><strong>malo,</strong></span> <span class='ocrx_word' id='word_1_333' title='bbox 1045 4229 1360 4299; x_wconf 80' lang='lat' dir='ltr'><strong>diligentius</strong></span> <span class='ocrx_word' id='word_1_334' title='bbox 1408 4231 1523 4284; x_wconf 67' lang='lat' dir='ltr'><strong>hmc</strong></span> <span class='ocrx_word' id='word_1_335' title='bbox 1567 4229 2011 4283; x_wconf 76' lang='lat' dir='ltr'><strong>exalninm&#39;imus</strong></span> 
     </span>
    </p>
   </div>
   <div class='ocr_carea' id='block_1_47' title="bbox 435 4317 2007 4389">
    <p class='ocr_par' dir='ltr' id='par_1_47' title="bbox 435 4317 2007 4389">
     <span class='ocr_line' id='line_1_47' title="bbox 435 4317 2007 4389; baseline 0 -19"><span class='ocrx_word' id='word_1_336' title='bbox 435 4327 489 4370; x_wconf 88' lang='lat' dir='ltr'><strong>et</strong></span> <span class='ocrx_word' id='word_1_337' title='bbox 535 4319 672 4387; x_wconf 87' lang='lat' dir='ltr'><strong>apud</strong></span> <span class='ocrx_word' id='word_1_338' title='bbox 725 4321 1088 4389; x_wconf 88' lang='lat' dir='ltr'><strong>nosmetipsos</strong></span> <span class='ocrx_word' id='word_1_339' title='bbox 1135 4322 1364 4378; x_wconf 86' lang='lat' dir='ltr'><strong>scrutati</strong></span> <span class='ocrx_word' id='word_1_340' title='bbox 1421 4335 1640 4381; x_wconf 92' lang='lat' dir='ltr'><strong>sumus,</strong></span> <span class='ocrx_word' id='word_1_341' title='bbox 1685 4317 1832 4388; x_wconf 80' lang='lat' dir='ltr'><strong>digni</strong></span> <span class='ocrx_word' id='word_1_342' title='bbox 1879 4318 2007 4370; x_wconf 83' lang='lat' dir='ltr'><strong>facti</strong></span> 
     </span>
    </p>
   </div>
   <div class='ocr_carea' id='block_1_48' title="bbox 433 4410 2008 4483">
    <p class='ocr_par' dir='ltr' id='par_1_48' title="bbox 433 4410 2008 4483">
     <span class='ocr_line' id='line_1_48' title="bbox 433 4410 2008 4483; baseline 0.001 -22"><span class='ocrx_word' id='word_1_343' title='bbox 433 4410 523 4478; x_wconf 88' lang='lat' dir='ltr'><strong>qui</strong></span> <span class='ocrx_word' id='word_1_344' title='bbox 555 4411 717 4463; x_wconf 78' lang='lat' dir='ltr'><strong>Deum</strong></span> <span class='ocrx_word' id='word_1_345' title='bbox 760 4412 1035 4467; x_wconf 86' lang='lat' dir='ltr'><strong>audientes</strong></span> <span class='ocrx_word' id='word_1_346' title='bbox 1077 4416 1145 4468; x_wconf 87' lang='lat' dir='ltr'><strong>ab</strong></span> <span class='ocrx_word' id='word_1_347' title='bbox 1179 4415 1294 4483; x_wconf 91' lang='lat' dir='ltr'><strong>ipso</strong></span> <span class='ocrx_word' id='word_1_348' title='bbox 1331 4412 1714 4473; x_wconf 76' lang='lat' dir='ltr'><strong>exaudiamur,</strong></span> <span class='ocrx_word' id='word_1_349' title='bbox 1749 4411 2008 4464; x_wconf 90' lang='lat' dir='ltr'><strong>obsecre-</strong></span> 
     </span>
    </p>
   </div>
   <div class='ocr_carea' id='block_1_49' title="bbox 2155 553 3737 627">
    <p class='ocr_par' dir='ltr' id='par_1_49' title="bbox 2155 553 3737 627">
     <span class='ocr_line' id='line_1_49' title="bbox 2155 553 3737 627; baseline 0.004 -20"><span class='ocrx_word' id='word_1_350' title='bbox 2155 553 2337 618; x_wconf 86' lang='grc' dir='ltr'>καλῶς</span> <span class='ocrx_word' id='word_1_351' title='bbox 2359 556 2387 608; x_wconf 78' lang='grc' dir='ltr'>ὁ</span> <span class='ocrx_word' id='word_1_352' title='bbox 2413 555 2622 620; x_wconf 87' lang='grc' dir='ltr'>Παῦλός</span> <span class='ocrx_word' id='word_1_353' title='bbox 2648 573 2811 627; x_wconf 83' lang='grc' dir='ltr'>φησιν</span> <span class='ocrx_word' id='word_1_354' title='bbox 2833 573 2849 590; x_wconf 78' lang='grc' dir='ltr'><strong>ο</strong></span> <span class='ocrx_word' id='word_1_355' title='bbox 2891 558 2996 611; x_wconf 83' lang='grc' dir='ltr'>Ἐν</span> <span class='ocrx_word' id='word_1_356' title='bbox 3015 556 3192 610; x_wconf 80' lang='grc' dir='ltr'>παντὶ</span> <span class='ocrx_word' id='word_1_357' title='bbox 3219 558 3580 627; x_wconf 80' lang='grc' dir='ltr'>θλιϐόμενοι,</span> <span class='ocrx_word' id='word_1_358' title='bbox 3599 559 3737 614; x_wconf 76' lang='grc' dir='ltr'><strong>ἀλλ’</strong></span> 
     </span>
    </p>
   </div>
   <div class='ocr_carea' id='block_1_50' title="bbox 2155 645 3738 720">
    <p class='ocr_par' dir='ltr' id='par_1_50' title="bbox 2155 645 3738 720">
     <span class='ocr_line' id='line_1_50' title="bbox 2155 645 3738 720; baseline 0.003 -21"><span class='ocrx_word' id='word_1_359' title='bbox 2155 649 2226 700; x_wconf 82' lang='grc' dir='ltr'><em>οὺ</em></span> <span class='ocrx_word' id='word_1_360' title='bbox 2255 649 2815 718; x_wconf 71' lang='grc' dir='ltr'><strong>στενοχωρούμενοι.</strong></span> <span class='ocrx_word' id='word_1_361' title='bbox 2848 648 3070 720; x_wconf 82' lang='grc' dir='ltr'>Ὅμοιον</span> <span class='ocrx_word' id='word_1_362' title='bbox 3088 648 3142 702; x_wconf 84' lang='grc' dir='ltr'>δὲ</span> <span class='ocrx_word' id='word_1_363' title='bbox 3166 647 3323 702; x_wconf 86' lang='grc' dir='ltr'>τοῦτο</span> <span class='ocrx_word' id='word_1_364' title='bbox 3343 649 3453 720; x_wconf 78' lang='grc'><strong>(15)</strong></span> <span class='ocrx_word' id='word_1_365' title='bbox 3481 645 3625 704; x_wconf 81' lang='grc' dir='ltr'>εἶναι</span> <span class='ocrx_word' id='word_1_366' title='bbox 3654 669 3738 704; x_wconf 79' lang='lat' dir='ltr'><strong>vo-</strong></span> 
     </span>
    </p>
   </div>
   <div class='ocr_carea' id='block_1_51' title="bbox 2156 736 3734 810">
    <p class='ocr_par' dir='ltr' id='par_1_51' title="bbox 2156 736 3734 810">
     <span class='ocr_line' id='line_1_51' title="bbox 2156 736 3734 810; baseline 0.008 -22"><span class='ocrx_word' id='word_1_367' title='bbox 2156 736 2296 807; x_wconf 81' lang='grc' dir='ltr'>μίζω</span> <span class='ocrx_word' id='word_1_368' title='bbox 2316 740 2411 790; x_wconf 72' lang='lat' dir='ltr'><strong>ml.</strong></span> <span class='ocrx_word' id='word_1_369' title='bbox 2432 738 2492 790; x_wconf 83' lang='grc' dir='ltr'><strong>τὸ</strong></span> <span class='ocrx_word' id='word_1_370' title='bbox 2522 739 2579 788; x_wconf 90' lang='grc' dir='ltr'><strong>ἐν</strong></span> <span class='ocrx_word' id='word_1_371' title='bbox 2611 738 2880 810; x_wconf 82' lang='grc' dir='ltr'><strong>Ψαλμοῖς·</strong></span> <span class='ocrx_word' id='word_1_372' title='bbox 2922 740 3027 793; x_wconf 85' lang='grc' dir='ltr'>Ἐν</span> <span class='ocrx_word' id='word_1_373' title='bbox 3052 740 3250 807; x_wconf 71' lang='grc' dir='ltr'>θλίψει</span> <span class='ocrx_word' id='word_1_374' title='bbox 3274 739 3620 808; x_wconf 75' lang='grc' dir='ltr'>ἐπλάτυνάς</span> <span class='ocrx_word' id='word_1_375' title='bbox 3640 759 3734 810; x_wconf 87' lang='grc' dir='ltr'>με.</span> 
     </span>
    </p>
   </div>
   <div class='ocr_carea' id='block_1_52' title="bbox 2152 827 3732 902">
    <p class='ocr_par' dir='ltr' id='par_1_52' title="bbox 2152 827 3732 902">
     <span class='ocr_line' id='line_1_52' title="bbox 2152 827 3732 902; baseline 0.005 -23"><span class='ocrx_word' id='word_1_376' title='bbox 2152 827 2419 900; x_wconf 75' lang='grc' dir='ltr'>Συνεργίᾳ</span> <span class='ocrx_word' id='word_1_377' title='bbox 2444 828 2552 897; x_wconf 76' lang='grc' dir='ltr'>γὰρ</span> <span class='ocrx_word' id='word_1_378' title='bbox 2577 828 2669 882; x_wconf 76' lang='grc' dir='ltr'>καὶ</span> <span class='ocrx_word' id='word_1_379' title='bbox 2696 829 2968 900; x_wconf 72' lang='grc' dir='ltr'>παρουσίᾳ</span> <span class='ocrx_word' id='word_1_380' title='bbox 2991 829 3085 882; x_wconf 89' lang='grc' dir='ltr'><strong>τοῦ</strong></span> <span class='ocrx_word' id='word_1_381' title='bbox 3112 831 3608 902; x_wconf 76' lang='grc' dir='ltr'><strong>παραμυθουμένου</strong></span> <span class='ocrx_word' id='word_1_382' title='bbox 3642 835 3732 888; x_wconf 82' lang='grc' dir='ltr'>καὶ</span> 
     </span>
    </p>
   </div>
   <div class='ocr_carea' id='block_1_53' title="bbox 2153 916 3733 994">
    <p class='ocr_par' dir='ltr' id='par_1_53' title="bbox 2153 916 3733 994">
     <span class='ocr_line' id='line_1_53' title="bbox 2153 916 3733 994; baseline 0.006 -24"><span class='ocrx_word' id='word_1_383' title='bbox 2153 916 2416 982; x_wconf 77' lang='grc' dir='ltr'>σώζοντος</span> <span class='ocrx_word' id='word_1_384' title='bbox 2455 919 2600 988; x_wconf 80' lang='grc' dir='ltr'>ἡμᾶς</span> <span class='ocrx_word' id='word_1_385' title='bbox 2624 919 2800 986; x_wconf 81' lang='grc' dir='ltr'>Λόγου</span> <span class='ocrx_word' id='word_1_386' title='bbox 2848 918 3006 982; x_wconf 89' lang='grc' dir='ltr'>Θεοῦ,</span> <span class='ocrx_word' id='word_1_387' title='bbox 3041 919 3102 973; x_wconf 81' lang='grc' dir='ltr'><strong>τὸ</strong></span> <span class='ocrx_word' id='word_1_388' title='bbox 3147 921 3246 991; x_wconf 84' lang='grc' dir='ltr'>τῆς</span> <span class='ocrx_word' id='word_1_389' title='bbox 3289 921 3530 986; x_wconf 79' lang='grc' dir='ltr'>διανοίας</span> <span class='ocrx_word' id='word_1_390' title='bbox 3581 925 3733 994; x_wconf 79' lang='grc' dir='ltr'>ἡμῶν</span> 
     </span>
    </p>
   </div>
   <div class='ocr_carea' id='block_1_54' title="bbox 2153 1007 3730 1083">
    <p class='ocr_par' dir='ltr' id='par_1_54' title="bbox 2153 1007 3730 1083">
     <span class='ocr_line' id='line_1_54' title="bbox 2153 1007 3730 1083; baseline 0.003 -23"><span class='ocrx_word' id='word_1_391' title='bbox 2153 1007 2354 1080; x_wconf 80' lang='grc' dir='ltr'>ἱλαρὸν,</span> <span class='ocrx_word' id='word_1_392' title='bbox 2387 1009 2484 1062; x_wconf 80' lang='grc' dir='ltr'><strong>καὶ</strong></span> <span class='ocrx_word' id='word_1_393' title='bbox 2517 1007 2751 1080; x_wconf 75' lang='grc' dir='ltr'>εὔθυμον</span> <span class='ocrx_word' id='word_1_394' title='bbox 2783 1011 2842 1061; x_wconf 83' lang='grc' dir='ltr'><strong>ἐν</strong></span> <span class='ocrx_word' id='word_1_395' title='bbox 2871 1009 2948 1080; x_wconf 82' lang='grc' dir='ltr'><strong>τῷ</strong></span> <span class='ocrx_word' id='word_1_396' title='bbox 2980 1009 3159 1081; x_wconf 80' lang='grc' dir='ltr'>καιρῷ</span> <span class='ocrx_word' id='word_1_397' title='bbox 3189 1011 3296 1064; x_wconf 89' lang='grc' dir='ltr'><strong>τῶν</strong></span> <span class='ocrx_word' id='word_1_398' title='bbox 3329 1013 3730 1083; x_wconf 84' lang='grc' dir='ltr'>περιστατικῶν</span> 
     </span>
    </p>
   </div>
   <div class='ocr_carea' id='block_1_55' title="bbox 2146 1100 3758 1174">
    <p class='ocr_par' dir='ltr' id='par_1_55' title="bbox 2146 1100 3758 1174">
     <span class='ocr_line' id='line_1_55' title="bbox 2146 1100 3758 1174; baseline 0.001 -20"><span class='ocrx_word' id='word_1_399' title='bbox 2146 1101 2256 1154; x_wconf 76' lang='grc' dir='ltr'><strong>ἀπὸ</strong></span> <span class='ocrx_word' id='word_1_400' title='bbox 2281 1100 2414 1154; x_wconf 90' lang='grc' dir='ltr'>Θεοῦ</span> <span class='ocrx_word' id='word_1_401' title='bbox 2443 1101 2744 1173; x_wconf 88' lang='grc' dir='ltr'>γινόμενον,</span> <span class='ocrx_word' id='word_1_402' title='bbox 2777 1101 3089 1172; x_wconf 78' lang='grc' dir='ltr'>πλατυσμὸς</span> <span class='ocrx_word' id='word_1_403' title='bbox 3112 1102 3446 1173; x_wconf 82' lang='grc' dir='ltr'>ὠνόμασται.</span> <span class='ocrx_word' id='word_1_404' title='bbox 3502 1104 3731 1174; x_wconf 85' lang='grc' dir='ltr'>ὐμοίως</span> <span class='ocrx_word' id='word_1_405' title='bbox 3756 1117 3758 1119; x_wconf 84' lang='grc'><strong>·</strong></span> 
     </span>
    </p>
   </div>
   <div class='ocr_carea' id='block_1_56' title="bbox 2146 1187 3726 1266">
    <p class='ocr_par' dir='ltr' id='par_1_56' title="bbox 2146 1187 3726 1266">
     <span class='ocr_line' id='line_1_56' title="bbox 2146 1187 3726 1266; baseline 0.004 -22"><span class='ocrx_word' id='word_1_406' title='bbox 2146 1187 2238 1245; x_wconf 80' lang='grc' dir='ltr'><strong>οῦν</strong></span> <span class='ocrx_word' id='word_1_407' title='bbox 2279 1191 2495 1263; x_wconf 79' lang='grc' dir='ltr'>νοητέον</span> <span class='ocrx_word' id='word_1_408' title='bbox 2528 1193 2620 1246; x_wconf 63' lang='grc' dir='ltr'><strong>κα)⁸</strong></span> <span class='ocrx_word' id='word_1_409' title='bbox 2648 1192 2709 1244; x_wconf 87' lang='grc' dir='ltr'>τὺ</span> <span class='ocrx_word' id='word_1_410' title='bbox 2747 1192 3006 1263; x_wconf 79' lang='grc' dir='ltr'>ρυσθῆναί</span> <span class='ocrx_word' id='word_1_411' title='bbox 3038 1211 3158 1247; x_wconf 89' lang='grc' dir='ltr'>τινα</span> <span class='ocrx_word' id='word_1_412' title='bbox 3186 1194 3292 1248; x_wconf 78' lang='grc' dir='ltr'><strong>ἀπὸ</strong></span> <span class='ocrx_word' id='word_1_413' title='bbox 3320 1194 3414 1248; x_wconf 84' lang='grc' dir='ltr'><strong>τοῦ</strong></span> <span class='ocrx_word' id='word_1_414' title='bbox 3463 1196 3726 1266; x_wconf 79' lang='grc' dir='ltr'>πονηροῦ.</span> 
     </span>
    </p>
   </div>
   <div class='ocr_carea' id='block_1_57' title="bbox 2158 1282 3728 1357">
    <p class='ocr_par' dir='ltr' id='par_1_57' title="bbox 2158 1282 3728 1357">
     <span class='ocr_line' id='line_1_57' title="bbox 2158 1282 3728 1357; baseline 0.004 -22"><span class='ocrx_word' id='word_1_415' title='bbox 2158 1283 2456 1355; x_wconf 75' lang='grc' dir='ltr'>Ἐρῤύσατο</span> <span class='ocrx_word' id='word_1_416' title='bbox 2487 1285 2514 1337; x_wconf 87' lang='grc' dir='ltr'>ὁ</span> <span class='ocrx_word' id='word_1_417' title='bbox 2543 1283 2674 1346; x_wconf 83' lang='grc' dir='ltr'>Θεὸς</span> <span class='ocrx_word' id='word_1_418' title='bbox 2708 1282 2840 1353; x_wconf 78' lang='lat'><strong>(16;,</strong></span> <span class='ocrx_word' id='word_1_419' title='bbox 2875 1285 2996 1354; x_wconf 74' lang='grc' dir='ltr'>οὐχὶ</span> <span class='ocrx_word' id='word_1_420' title='bbox 3028 1283 3104 1355; x_wconf 81' lang='grc' dir='ltr'><strong>τῷ</strong></span> <span class='ocrx_word' id='word_1_421' title='bbox 3140 1286 3212 1356; x_wconf 87' lang='grc' dir='ltr'>μὴ</span> <span class='ocrx_word' id='word_1_422' title='bbox 3260 1285 3543 1357; x_wconf 67' lang='grc' dir='ltr'>εἰληφέναι</span> <span class='ocrx_word' id='word_1_423' title='bbox 3579 1287 3728 1354; x_wconf 81' lang='grc' dir='ltr'>ἐξου-</span> 
     </span>
    </p>
   </div>
   <div class='ocr_carea' id='block_1_58' title="bbox 2146 1377 3728 1453">
    <p class='ocr_par' dir='ltr' id='par_1_58' title="bbox 2146 1377 3728 1453">
     <span class='ocr_line' id='line_1_58' title="bbox 2146 1377 3728 1453; baseline 0.004 -25"><span class='ocrx_word' id='word_1_424' title='bbox 2146 1377 2264 1430; x_wconf 83' lang='grc' dir='ltr'>σίαν</span> <span class='ocrx_word' id='word_1_425' title='bbox 2293 1377 2468 1430; x_wconf 84' lang='grc' dir='ltr'>τοῖσδέ</span> <span class='ocrx_word' id='word_1_426' title='bbox 2501 1395 2607 1430; x_wconf 87' lang='grc' dir='ltr'>τισι</span> <span class='ocrx_word' id='word_1_427' title='bbox 2653 1380 2762 1440; x_wconf 86' lang='grc' dir='ltr'>τοῖς</span> <span class='ocrx_word' id='word_1_428' title='bbox 2806 1381 3130 1448; x_wconf 83' lang='grc' dir='ltr'>πειρασμοῖς</span> <span class='ocrx_word' id='word_1_429' title='bbox 3179 1379 3341 1432; x_wconf 78' lang='grc' dir='ltr'>αὐτὸν</span> <span class='ocrx_word' id='word_1_430' title='bbox 3411 1381 3728 1453; x_wconf 77' lang='grc' dir='ltr'>περιϐαλεῖν</span> 
     </span>
    </p>
   </div>
   <div class='ocr_carea' id='block_1_59' title="bbox 2144 1468 3723 1545">
    <p class='ocr_par' dir='ltr' id='par_1_59' title="bbox 2144 1468 3723 1545">
     <span class='ocr_line' id='line_1_59' title="bbox 2144 1468 3723 1545; baseline 0.005 -25"><span class='ocrx_word' id='word_1_431' title='bbox 2144 1468 2355 1540; x_wconf 78' lang='grc' dir='ltr'>(εἴληφε</span> <span class='ocrx_word' id='word_1_432' title='bbox 2399 1469 2550 1543; x_wconf 72' lang='grc' dir='ltr'>γὰρ),</span> <span class='ocrx_word' id='word_1_433' title='bbox 2583 1468 2718 1522; x_wconf 80' lang='grc' dir='ltr'>ἀλλὰ</span> <span class='ocrx_word' id='word_1_434' title='bbox 2750 1470 2807 1521; x_wconf 88' lang='grc' dir='ltr'><strong>ἐν</strong></span> <span class='ocrx_word' id='word_1_435' title='bbox 2837 1470 2970 1521; x_wconf 82' lang='grc' dir='ltr'>πᾶσι</span> <span class='ocrx_word' id='word_1_436' title='bbox 2995 1473 3106 1532; x_wconf 90' lang='grc' dir='ltr'>τοῖς</span> <span class='ocrx_word' id='word_1_437' title='bbox 3137 1470 3509 1544; x_wconf 76' lang='grc' dir='ltr'>συμϐεϐηκόσι</span> <span class='ocrx_word' id='word_1_438' title='bbox 3553 1475 3723 1545; x_wconf 80' lang='grc' dir='ltr'>μηδὲν</span> 
     </span>
    </p>
   </div>
   <div class='ocr_carea' id='block_1_60' title="bbox 2143 1560 3725 1638">
    <p class='ocr_par' dir='ltr' id='par_1_60' title="bbox 2143 1560 3725 1638">
     <span class='ocr_line' id='line_1_60' title="bbox 2143 1560 3725 1638; baseline 0.004 -25"><span class='ocrx_word' id='word_1_439' title='bbox 2143 1560 2406 1632; x_wconf 85' lang='grc' dir='ltr'>ἁμαρτεῖν</span> <span class='ocrx_word' id='word_1_440' title='bbox 2441 1562 2604 1614; x_wconf 83' lang='grc' dir='ltr'>αὐτὸν</span> <span class='ocrx_word' id='word_1_441' title='bbox 2630 1561 2858 1615; x_wconf 83' lang='grc' dir='ltr'>ἐνώπιον</span> <span class='ocrx_word' id='word_1_442' title='bbox 2887 1560 2982 1614; x_wconf 87' lang='grc' dir='ltr'><strong>τοῦ</strong></span> <span class='ocrx_word' id='word_1_443' title='bbox 3015 1563 3242 1633; x_wconf 83' lang='grc' dir='ltr'>Κυρίου,</span> <span class='ocrx_word' id='word_1_444' title='bbox 3269 1565 3404 1618; x_wconf 83' lang='grc' dir='ltr'>ἀλλὰ</span> <span class='ocrx_word' id='word_1_445' title='bbox 3444 1567 3725 1638; x_wconf 77' lang='grc' dir='ltr'>ἀναφανῆ-</span> 
     </span>
    </p>
   </div>
   <div class='ocr_carea' id='block_1_61' title="bbox 2139 1651 3727 1729">
    <p class='ocr_par' dir='ltr' id='par_1_61' title="bbox 2139 1651 3727 1729">
     <span class='ocr_line' id='line_1_61' title="bbox 2139 1651 3727 1729; baseline 0.004 -24"><span class='ocrx_word' id='word_1_446' title='bbox 2139 1669 2225 1705; x_wconf 93' lang='grc' dir='ltr'><strong>ναι</strong></span> <span class='ocrx_word' id='word_1_447' title='bbox 2245 1652 2478 1706; x_wconf 60' lang='grc' dir='ltr'>δίκαιον</span> <span class='ocrx_word' id='word_1_448' title='bbox 2509 1653 2603 1729; x_wconf 80' lang='grc' dir='ltr'><strong>τοῦ</strong></span> <span class='ocrx_word' id='word_1_449' title='bbox 2631 1654 2872 1715; x_wconf 79' lang='grc' dir='ltr'>εἰπόντος</span> <span class='ocrx_word' id='word_1_450' title='bbox 2890 1669 2903 1682; x_wconf 80' lang='lat'><strong><em>°</em></strong></span> <span class='ocrx_word' id='word_1_451' title='bbox 2933 1655 2991 1705; x_wconf 83' lang='grc' dir='ltr'><em>Μ</em></span> <span class='ocrx_word' id='word_1_452' title='bbox 2999 1651 3030 1720; x_wconf 70' lang='grc' dir='ltr'><em>ἡ</em></span> <span class='ocrx_word' id='word_1_453' title='bbox 3059 1653 3284 1721; x_wconf 82' lang='grc' dir='ltr'>δωρεὰν</span> <span class='ocrx_word' id='word_1_454' title='bbox 3314 1657 3556 1712; x_wconf 76' lang='grc' dir='ltr'>σέϐεται</span> <span class='ocrx_word' id='word_1_455' title='bbox 3607 1658 3727 1712; x_wconf 78' lang='grc' dir='ltr'><strong>Ἰὼϐ</strong></span> 
     </span>
    </p>
   </div>
   <div class='ocr_carea' id='block_1_62' title="bbox 2137 1744 3720 1819">
    <p class='ocr_par' dir='ltr' id='par_1_62' title="bbox 2137 1744 3720 1819">
     <span class='ocr_line' id='line_1_62' title="bbox 2137 1744 3720 1819; baseline 0.003 -22"><span class='ocrx_word' id='word_1_456' title='bbox 2137 1744 2244 1798; x_wconf 85' lang='grc' dir='ltr'>τὸν</span> <span class='ocrx_word' id='word_1_457' title='bbox 2277 1747 2524 1813; x_wconf 76' lang='grc' dir='ltr'>Κύριον;</span> <span class='ocrx_word' id='word_1_458' title='bbox 2563 1748 2645 1800; x_wconf 86' lang='grc' dir='ltr'><strong>Οὐ</strong></span> <span class='ocrx_word' id='word_1_459' title='bbox 2682 1749 2764 1802; x_wconf 86' lang='grc' dir='ltr'>σὺ</span> <span class='ocrx_word' id='word_1_460' title='bbox 2803 1749 3198 1819; x_wconf 59' lang='grc' dir='ltr'>περιέρραξας</span> <span class='ocrx_word' id='word_1_461' title='bbox 3234 1750 3307 1803; x_wconf 78' lang='grc' dir='ltr'>τὰ</span> <span class='ocrx_word' id='word_1_462' title='bbox 3345 1749 3462 1814; x_wconf 79' lang='grc' dir='ltr'><strong>ἐξω</strong></span> <span class='ocrx_word' id='word_1_463' title='bbox 3511 1749 3720 1813; x_wconf 73' lang='grc' dir='ltr'>αὑτοῦ,</span> 
     </span>
    </p>
   </div>
   <div class='ocr_carea' id='block_1_63' title="bbox 2067 1821 3724 1908">
    <p class='ocr_par' dir='ltr' id='par_1_63' title="bbox 2067 1821 3724 1908">
     <span class='ocr_line' id='line_1_63' title="bbox 2067 1821 3724 1908; baseline 0.001 -17"><span class='ocrx_word' id='word_1_464' title='bbox 2067 1821 2109 1875; x_wconf 78' lang='grc' dir='ltr'>Β</span> <span class='ocrx_word' id='word_1_465' title='bbox 2138 1838 2235 1892; x_wconf 79' lang='grc' dir='ltr'>καὶ</span> <span class='ocrx_word' id='word_1_466' title='bbox 2266 1838 2334 1893; x_wconf 83' lang='grc' dir='ltr'>τὰ</span> <span class='ocrx_word' id='word_1_467' title='bbox 2358 1840 2478 1892; x_wconf 80' lang='grc' dir='ltr'>ἔσω</span> <span class='ocrx_word' id='word_1_468' title='bbox 2503 1838 2613 1907; x_wconf 82' lang='grc' dir='ltr'>τῆς</span> <span class='ocrx_word' id='word_1_469' title='bbox 2643 1842 2837 1908; x_wconf 74' lang='grc' dir='ltr'>οἰκίας</span> <span class='ocrx_word' id='word_1_470' title='bbox 2868 1842 3077 1905; x_wconf 76' lang='grc' dir='ltr'>αὑτοῦ,</span> <span class='ocrx_word' id='word_1_471' title='bbox 3107 1841 3204 1894; x_wconf 82' lang='grc' dir='ltr'>καὶ</span> <span class='ocrx_word' id='word_1_472' title='bbox 3237 1843 3307 1894; x_wconf 87' lang='grc' dir='ltr'>τὰ</span> <span class='ocrx_word' id='word_1_473' title='bbox 3339 1841 3455 1905; x_wconf 82' lang='grc' dir='ltr'><strong>ἔξω</strong></span> <span class='ocrx_word' id='word_1_474' title='bbox 3480 1840 3724 1894; x_wconf 80' lang='grc' dir='ltr'>πάντων</span> 
     </span>
    </p>
   </div>
   <div class='ocr_carea' id='block_1_64' title="bbox 2136 1930 3721 2000">
    <p class='ocr_par' dir='ltr' id='par_1_64' title="bbox 2136 1930 3721 2000">
     <span class='ocr_line' id='line_1_64' title="bbox 2136 1930 3721 2000; baseline 0.001 -18"><span class='ocrx_word' id='word_1_475' title='bbox 2136 1930 2254 1984; x_wconf 84' lang='grc' dir='ltr'><strong>τῶν</strong></span> <span class='ocrx_word' id='word_1_476' title='bbox 2292 1930 2482 1983; x_wconf 81' lang='grc' dir='ltr'>ὄντων</span> <span class='ocrx_word' id='word_1_477' title='bbox 2509 1930 2668 1996; x_wconf 83' lang='grc' dir='ltr'>αὐτῷ</span> <span class='ocrx_word' id='word_1_478' title='bbox 2701 1933 2922 1999; x_wconf 73' lang='grc' dir='ltr'>κύκλῳ,</span> <span class='ocrx_word' id='word_1_479' title='bbox 2952 1931 3099 2000; x_wconf 74' lang='grc' dir='ltr'>ἔργα</span> <span class='ocrx_word' id='word_1_480' title='bbox 3127 1930 3312 1985; x_wconf 80' lang='grc' dir='ltr'>αὑτοῦ</span> <span class='ocrx_word' id='word_1_481' title='bbox 3343 1932 3721 1999; x_wconf 56' lang='grc' dir='ltr'>εὑλόγησαω</span> 
     </span>
    </p>
   </div>
   <div class='ocr_carea' id='block_1_65' title="bbox 2135 2021 3722 2091">
    <p class='ocr_par' dir='ltr' id='par_1_65' title="bbox 2135 2021 3722 2091">
     <span class='ocr_line' id='line_1_65' title="bbox 2135 2021 3722 2091; baseline -0.001 -15"><span class='ocrx_word' id='word_1_482' title='bbox 2135 2023 2234 2076; x_wconf 76' lang='grc' dir='ltr'>καὶ</span> <span class='ocrx_word' id='word_1_483' title='bbox 2274 2023 2346 2077; x_wconf 85' lang='grc' dir='ltr'>τὰ</span> <span class='ocrx_word' id='word_1_484' title='bbox 2391 2023 2579 2091; x_wconf 79' lang='grc' dir='ltr'>κτήνη</span> <span class='ocrx_word' id='word_1_485' title='bbox 2628 2024 2813 2078; x_wconf 81' lang='grc' dir='ltr'>αὑτοῦ</span> <span class='ocrx_word' id='word_1_486' title='bbox 2858 2025 3058 2079; x_wconf 74' lang='grc' dir='ltr'>πολλὰ</span> <span class='ocrx_word' id='word_1_487' title='bbox 3100 2025 3414 2090; x_wconf 80' lang='grc' dir='ltr'>ἐποίησας,</span> <span class='ocrx_word' id='word_1_488' title='bbox 3459 2024 3560 2076; x_wconf 74' lang='grc' dir='ltr'>ἐπὶ</span> <span class='ocrx_word' id='word_1_489' title='bbox 3609 2021 3722 2089; x_wconf 82' lang='grc' dir='ltr'>τῆς</span> 
     </span>
    </p>
   </div>
   <div class='ocr_carea' id='block_1_66' title="bbox 2134 2111 3721 2185">
    <p class='ocr_par' dir='ltr' id='par_1_66' title="bbox 2134 2111 3721 2185">
     <span class='ocr_line' id='line_1_66' title="bbox 2134 2111 3721 2185; baseline -0.003 -18"><span class='ocrx_word' id='word_1_490' title='bbox 2134 2112 2246 2183; x_wconf 75' lang='grc' dir='ltr'>γῆς</span> <span class='ocrx_word' id='word_1_491' title='bbox 2269 2129 2287 2175; x_wconf 92' lang='grc'><strong><em>;</em></strong></span> <span class='ocrx_word' id='word_1_492' title='bbox 2328 2114 2503 2167; x_wconf 75' lang='grc' dir='ltr'>Ἀλλὰ</span> <span class='ocrx_word' id='word_1_493' title='bbox 2527 2114 2894 2168; x_wconf 75' lang='grc' dir='ltr'><strong>ἀπόστειλον</strong></span> <span class='ocrx_word' id='word_1_494' title='bbox 2925 2114 3040 2183; x_wconf 79' lang='grc' dir='ltr'>τὴν</span> <span class='ocrx_word' id='word_1_495' title='bbox 3075 2114 3244 2185; x_wconf 77' lang='grc' dir='ltr'>κε’ρά</span> <span class='ocrx_word' id='word_1_496' title='bbox 3275 2130 3412 2178; x_wconf 91' lang='grc' dir='ltr'>σου,</span> <span class='ocrx_word' id='word_1_497' title='bbox 3441 2112 3541 2166; x_wconf 80' lang='grc' dir='ltr'>καὶ</span> <span class='ocrx_word' id='word_1_498' title='bbox 3573 2111 3721 2180; x_wconf 68' lang='grc' dir='ltr'>ἅψαι</span> 
     </span>
    </p>
   </div>
   <div class='ocr_carea' id='block_1_67' title="bbox 2133 2198 3716 2276">
    <p class='ocr_par' dir='ltr' id='par_1_67' title="bbox 2133 2198 3716 2276">
     <span class='ocr_line' id='line_1_67' title="bbox 2133 2198 3716 2276; baseline -0.001 -19"><span class='ocrx_word' id='word_1_499' title='bbox 2133 2204 2374 2258; x_wconf 73' lang='grc' dir='ltr'>πάντων</span> <span class='ocrx_word' id='word_1_500' title='bbox 2395 2198 2473 2258; x_wconf 83' lang='grc' dir='ltr'>ὧν</span> <span class='ocrx_word' id='word_1_501' title='bbox 2511 2205 2654 2274; x_wconf 78' lang='grc' dir='ltr'>ἔχει’</span> <span class='ocrx_word' id='word_1_502' title='bbox 2679 2205 2716 2274; x_wconf 85' lang='grc' dir='ltr'><em>ἦ</em></span> <span class='ocrx_word' id='word_1_503' title='bbox 2743 2206 2980 2276; x_wconf 63' lang='grc' dir='ltr'>μίμνεις</span> <span class='ocrx_word' id='word_1_504' title='bbox 3004 2208 3329 2275; x_wconf 76' lang='grc' dir='ltr'>πρόσωπόν</span> <span class='ocrx_word' id='word_1_505' title='bbox 3359 2221 3434 2258; x_wconf 90' lang='grc' dir='ltr'><strong>σε</strong></span> <span class='ocrx_word' id='word_1_506' title='bbox 3459 2202 3716 2272; x_wconf 69' lang='grc' dir='ltr'>εὐλογή-</span> 
     </span>
    </p>
   </div>
   <div class='ocr_carea' id='block_1_68' title="bbox 2131 2293 3719 2364">
    <p class='ocr_par' dir='ltr' id='par_1_68' title="bbox 2131 2293 3719 2364">
     <span class='ocr_line' id='line_1_68' title="bbox 2131 2293 3719 2364; baseline 0.001 -16"><span class='ocrx_word' id='word_1_507' title='bbox 2131 2309 2252 2348; x_wconf 84' lang='grc' dir='ltr'>σει·</span> <span class='ocrx_word' id='word_1_508' title='bbox 2284 2294 2785 2364; x_wconf 62' lang='grc' dir='ltr'>καταισχυνθέντος,</span> <span class='ocrx_word' id='word_1_509' title='bbox 2820 2295 2895 2359; x_wconf 86' lang='grc' dir='ltr'>ὡς</span> <span class='ocrx_word' id='word_1_510' title='bbox 2934 2296 3026 2348; x_wconf 72' lang='grc' dir='ltr'>καὶ</span> <span class='ocrx_word' id='word_1_511' title='bbox 3063 2295 3184 2348; x_wconf 85' lang='grc' dir='ltr'>τότε</span> <span class='ocrx_word' id='word_1_512' title='bbox 3227 2293 3719 2364; x_wconf 58' lang='grc' dir='ltr'>καταψευσαμένου</span> 
     </span>
    </p>
   </div>
   <div class='ocr_carea' id='block_1_69' title="bbox 2132 2384 3715 2457">
    <p class='ocr_par' dir='ltr' id='par_1_69' title="bbox 2132 2384 3715 2457">
     <span class='ocr_line' id='line_1_69' title="bbox 2132 2384 3715 2457; baseline 0 -18"><span class='ocrx_word' id='word_1_513' title='bbox 2132 2385 2271 2439; x_wconf 85' lang='grc' dir='ltr'><strong>κατά</strong></span> <span class='ocrx_word' id='word_1_514' title='bbox 2301 2384 2395 2438; x_wconf 86' lang='grc' dir='ltr'><strong>τοῦ</strong></span> <span class='ocrx_word' id='word_1_515' title='bbox 2445 2384 2583 2450; x_wconf 81' lang='grc' dir='ltr'>Ἰὼϐ,</span> <span class='ocrx_word' id='word_1_516' title='bbox 2618 2387 2765 2450; x_wconf 83' lang='grc' dir='ltr'>ὅστις</span> <span class='ocrx_word' id='word_1_517' title='bbox 2793 2387 3028 2440; x_wconf 85' lang='grc' dir='ltr'>τοσαῦτα</span> <span class='ocrx_word' id='word_1_518' title='bbox 3059 2385 3266 2452; x_wconf 84' lang='grc' dir='ltr'>παθὼν,</span> <span class='ocrx_word' id='word_1_519' title='bbox 3301 2388 3400 2457; x_wconf 76' lang='grc' dir='ltr'><strong>οὐχ</strong></span> <span class='ocrx_word' id='word_1_520' title='bbox 3429 2387 3507 2450; x_wconf 80' lang='grc' dir='ltr'>ὡς</span> <span class='ocrx_word' id='word_1_521' title='bbox 3529 2387 3715 2456; x_wconf 74' lang='grc' dir='ltr'>ἔλεγεν</span> 
     </span>
    </p>
   </div>
   <div class='ocr_carea' id='block_1_70' title="bbox 2129 2477 3719 2549">
    <p class='ocr_par' dir='ltr' id='par_1_70' title="bbox 2129 2477 3719 2549">
     <span class='ocr_line' id='line_1_70' title="bbox 2129 2477 3719 2549; baseline 0.001 -17"><span class='ocrx_word' id='word_1_522' title='bbox 2129 2481 2158 2532; x_wconf 85' lang='grc' dir='ltr'>ὀ</span> <span class='ocrx_word' id='word_1_523' title='bbox 2182 2479 2573 2549; x_wconf 81' lang='grc' dir='ltr'>ἀντικείμενος,</span> <span class='ocrx_word' id='word_1_524' title='bbox 2608 2479 2687 2541; x_wconf 86' lang='grc' dir='ltr'>εἰς</span> <span class='ocrx_word' id='word_1_525' title='bbox 2718 2477 3006 2549; x_wconf 85' lang='grc' dir='ltr'>πρόσωπον</span> <span class='ocrx_word' id='word_1_526' title='bbox 3035 2477 3244 2546; x_wconf 77' lang='grc' dir='ltr'>εὐλόγει</span> <span class='ocrx_word' id='word_1_527' title='bbox 3271 2477 3363 2530; x_wconf 83' lang='grc' dir='ltr'>τὸν</span> <span class='ocrx_word' id='word_1_528' title='bbox 3393 2477 3551 2540; x_wconf 84' lang='grc' dir='ltr'>Θεὸν,</span> <span class='ocrx_word' id='word_1_529' title='bbox 3581 2477 3719 2534; x_wconf 80' lang='grc' dir='ltr'>ἀλλὰ</span> 
     </span>
    </p>
   </div>
   <div class='ocr_carea' id='block_1_71' title="bbox 2129 2568 3713 2642">
    <p class='ocr_par' dir='ltr' id='par_1_71' title="bbox 2129 2568 3713 2642">
     <span class='ocr_line' id='line_1_71' title="bbox 2129 2568 3713 2642; baseline -0.001 -19"><span class='ocrx_word' id='word_1_530' title='bbox 2129 2571 2223 2624; x_wconf 71' lang='grc' dir='ltr'>καὶ</span> <span class='ocrx_word' id='word_1_531' title='bbox 2258 2569 2578 2642; x_wconf 78' lang='grc' dir='ltr'>παραδοθεὶς</span> <span class='ocrx_word' id='word_1_532' title='bbox 2608 2569 2686 2641; x_wconf 77' lang='grc' dir='ltr'><strong>τῷ</strong></span> <span class='ocrx_word' id='word_1_533' title='bbox 2718 2569 3030 2642; x_wconf 75' lang='grc' dir='ltr'>πειράζοντι</span> <span class='ocrx_word' id='word_1_534' title='bbox 3061 2568 3310 2639; x_wconf 75' lang='grc' dir='ltr'>ἐπιμένει</span> <span class='ocrx_word' id='word_1_535' title='bbox 3342 2568 3587 2636; x_wconf 77' lang='grc' dir='ltr'>εὐλογῶν</span> <span class='ocrx_word' id='word_1_536' title='bbox 3625 2569 3713 2622; x_wconf 83' lang='grc' dir='ltr'><strong>τὸν</strong></span> 
     </span>
    </p>
   </div>
   <div class='ocr_carea' id='block_1_72' title="bbox 2129 2657 3713 2734">
    <p class='ocr_par' dir='ltr' id='par_1_72' title="bbox 2129 2657 3713 2734">
     <span class='ocr_line' id='line_1_72' title="bbox 2129 2657 3713 2734; baseline -0.002 -17"><span class='ocrx_word' id='word_1_537' title='bbox 2129 2662 2353 2734; x_wconf 79' lang='grc' dir='ltr'>Κύριον,</span> <span class='ocrx_word' id='word_1_538' title='bbox 2410 2661 2674 2732; x_wconf 84' lang='grc' dir='ltr'>ἐπιτιμῶν</span> <span class='ocrx_word' id='word_1_539' title='bbox 2719 2664 2784 2733; x_wconf 76' lang='grc' dir='ltr'><strong>τῇ</strong></span> <span class='ocrx_word' id='word_1_540' title='bbox 2839 2660 3057 2730; x_wconf 54' lang='grc' dir='ltr'><strong>γυναικὶ⁵</strong></span> <span class='ocrx_word' id='word_1_541' title='bbox 3111 2660 3379 2732; x_wconf 77' lang='grc' dir='ltr'>λεγούσῃ·</span> <span class='ocrx_word' id='word_1_542' title='bbox 3419 2657 3619 2715; x_wconf 78' lang='grc' dir='ltr'>Εἷπόν</span> <span class='ocrx_word' id='word_1_543' title='bbox 3659 2678 3713 2714; x_wconf 80' lang='grc' dir='ltr'><strong>τι</strong></span> 
     </span>
    </p>
   </div>
   <div class='ocr_carea' id='block_1_73' title="bbox 2122 2753 3709 2824">
    <p class='ocr_par' dir='ltr' id='par_1_73' title="bbox 2122 2753 3709 2824">
     <span class='ocr_line' id='line_1_73' title="bbox 2122 2753 3709 2824; baseline -0.001 -16"><span class='ocrx_word' id='word_1_544' title='bbox 2122 2754 2284 2824; x_wconf 80' lang='grc' dir='ltr'>ῥῆμα</span> <span class='ocrx_word' id='word_1_545' title='bbox 2327 2755 2476 2824; x_wconf 79' lang='grc' dir='ltr'>πρὸς</span> <span class='ocrx_word' id='word_1_546' title='bbox 2505 2755 2725 2823; x_wconf 79' lang='grc' dir='ltr'>Κύριον</span> <span class='ocrx_word' id='word_1_547' title='bbox 2756 2753 2854 2808; x_wconf 81' lang='grc' dir='ltr'>καὶ</span> <span class='ocrx_word' id='word_1_548' title='bbox 2896 2755 3172 2808; x_wconf 63' lang='lat' dir='ltr'><strong>celebrat</strong></span> <span class='ocrx_word' id='word_1_549' title='bbox 3213 2755 3306 2806; x_wconf 73' lang='grc' dir='ltr'><strong>καὶ</strong></span> <span class='ocrx_word' id='word_1_550' title='bbox 3349 2753 3709 2824; x_wconf 75' lang='grc' dir='ltr'>ἐπιπλήσσων</span> 
     </span>
    </p>
   </div>
   <div class='ocr_carea' id='block_1_74' title="bbox 2126 2845 3709 2918">
    <p class='ocr_par' dir='ltr' id='par_1_74' title="bbox 2126 2845 3709 2918">
     <span class='ocr_line' id='line_1_74' title="bbox 2126 2845 3709 2918; baseline -0.001 -18"><span class='ocrx_word' id='word_1_551' title='bbox 2126 2849 2183 2900; x_wconf 79' lang='grc' dir='ltr'><strong>ἐν</strong></span> <span class='ocrx_word' id='word_1_552' title='bbox 2209 2847 2286 2918; x_wconf 80' lang='grc' dir='ltr'><strong>τῷ</strong></span> <span class='ocrx_word' id='word_1_553' title='bbox 2329 2847 2587 2916; x_wconf 76' lang='grc' dir='ltr'>φάσκεινο</span> <span class='ocrx_word' id='word_1_554' title='bbox 2627 2848 2850 2914; x_wconf 75' lang='grc' dir='ltr'>’Ὠσπερ</span> <span class='ocrx_word' id='word_1_555' title='bbox 2884 2847 2992 2915; x_wconf 86' lang='grc' dir='ltr'>μίιι</span> <span class='ocrx_word' id='word_1_556' title='bbox 3027 2845 3144 2898; x_wconf 84' lang='grc' dir='ltr'><strong>τῶν</strong></span> <span class='ocrx_word' id='word_1_557' title='bbox 3187 2846 3470 2914; x_wconf 65' lang='grc' dir='ltr'>ἀφρόνων</span> <span class='ocrx_word' id='word_1_558' title='bbox 3503 2862 3709 2916; x_wconf 80' lang='grc' dir='ltr'>γυναι-</span> 
     </span>
    </p>
   </div>
   <div class='ocr_carea' id='block_1_75' title="bbox 2125 2934 3710 3007">
    <p class='ocr_par' dir='ltr' id='par_1_75' title="bbox 2125 2934 3710 3007">
     <span class='ocr_line' id='line_1_75' title="bbox 2125 2934 3710 3007; baseline -0.002 -16"><span class='ocrx_word' id='word_1_559' title='bbox 2125 2937 2249 2991; x_wconf 84' lang='grc' dir='ltr'><strong>κῶν</strong></span> <span class='ocrx_word' id='word_1_560' title='bbox 2273 2937 2601 3005; x_wconf 70' lang='grc' dir='ltr'>ἐλάλησας.</span> <span class='ocrx_word' id='word_1_561' title='bbox 2662 2938 2729 2990; x_wconf 83' lang='lat' dir='ltr'><strong>El</strong></span> <span class='ocrx_word' id='word_1_562' title='bbox 2762 2934 2832 2990; x_wconf 80' lang='grc' dir='ltr'>τὰ</span> <span class='ocrx_word' id='word_1_563' title='bbox 2857 2935 3045 3007; x_wconf 77' lang='grc' dir='ltr'>ἀγαθὰ</span> <span class='ocrx_word' id='word_1_564' title='bbox 3075 2935 3397 3005; x_wconf 76' lang='grc' dir='ltr'>ἐδεξάμεθα</span> <span class='ocrx_word' id='word_1_565' title='bbox 3416 2936 3486 2989; x_wconf 82' lang='grc' dir='ltr'>ἐκ</span> <span class='ocrx_word' id='word_1_566' title='bbox 3513 2935 3710 3005; x_wconf 79' lang='grc' dir='ltr'>χειρὸς</span> 
     </span>
    </p>
   </div>
   <div class='ocr_carea' id='block_1_76' title="bbox 2123 3027 3710 3100">
    <p class='ocr_par' dir='ltr' id='par_1_76' title="bbox 2123 3027 3710 3100">
     <span class='ocr_line' id='line_1_76' title="bbox 2123 3027 3710 3100; baseline -0.003 -14"><span class='ocrx_word' id='word_1_567' title='bbox 2123 3031 2365 3100; x_wconf 76' lang='lat' dir='ltr'><strong>Kvplov,</strong></span> <span class='ocrx_word' id='word_1_568' title='bbox 2416 3030 2571 3083; x_wconf 81' lang='grc' dir='ltr'>κακὰ</span> <span class='ocrx_word' id='word_1_569' title='bbox 2615 3031 2728 3098; x_wconf 81' lang='grc' dir='ltr'><strong>οὐχ</strong></span> <span class='ocrx_word' id='word_1_570' title='bbox 2772 3031 3136 3099; x_wconf 77' lang='grc' dir='ltr'>ὑποίσομεν;</span> <span class='ocrx_word' id='word_1_571' title='bbox 3187 3029 3296 3082; x_wconf 75' lang='grc' dir='ltr'>Καὶ</span> <span class='ocrx_word' id='word_1_572' title='bbox 3337 3028 3596 3100; x_wconf 87' lang='grc' dir='ltr'>δεύτερον</span> <span class='ocrx_word' id='word_1_573' title='bbox 3654 3027 3710 3082; x_wconf 78' lang='grc' dir='ltr'>δὲ</span> 
     </span>
    </p>
   </div>
   <div class='ocr_carea' id='block_1_77' title="bbox 2124 3118 3712 3196">
    <p class='ocr_par' dir='ltr' id='par_1_77' title="bbox 2124 3118 3712 3196">
     <span class='ocr_line' id='line_1_77' title="bbox 2124 3118 3712 3196; baseline -0.002 -20"><span class='ocrx_word' id='word_1_574' title='bbox 2124 3125 2253 3196; x_wconf 77' lang='grc' dir='ltr'>περὶ</span> <span class='ocrx_word' id='word_1_575' title='bbox 2299 3122 2393 3176; x_wconf 88' lang='grc' dir='ltr'><strong>τοῦ</strong></span> <span class='ocrx_word' id='word_1_576' title='bbox 2441 3121 2559 3175; x_wconf 80' lang='grc' dir='ltr'><strong>Ἰὼϐ</strong></span> <span class='ocrx_word' id='word_1_577' title='bbox 2601 3122 2629 3173; x_wconf 88' lang='grc' dir='ltr'><strong>ὁ</strong></span> <span class='ocrx_word' id='word_1_578' title='bbox 2670 3120 2912 3184; x_wconf 82' lang='grc' dir='ltr'>διάϐολος</span> <span class='ocrx_word' id='word_1_579' title='bbox 2954 3118 3073 3174; x_wconf 78' lang='grc' dir='ltr'>εἷπε</span> <span class='ocrx_word' id='word_1_580' title='bbox 3117 3120 3196 3190; x_wconf 81' lang='grc' dir='ltr'>τῷ</span> <span class='ocrx_word' id='word_1_581' title='bbox 3246 3120 3466 3191; x_wconf 64' lang='grc' dir='ltr'>Κυρίίρο</span> <span class='ocrx_word' id='word_1_582' title='bbox 3519 3118 3712 3188; x_wconf 73' lang='grc' dir='ltr'>Δέρμα</span> 
     </span>
    </p>
   </div>
   <div class='ocr_carea' id='block_1_78' title="bbox 2122 3209 3710 3286">
    <p class='ocr_par' dir='ltr' id='par_1_78' title="bbox 2122 3209 3710 3286">
     <span class='ocr_line' id='line_1_78' title="bbox 2122 3209 3710 3286; baseline -0.007 -13"><span class='ocrx_word' id='word_1_583' title='bbox 2122 3218 2273 3286; x_wconf 77' lang='grc' dir='ltr'>ὑπὲρ</span> <span class='ocrx_word' id='word_1_584' title='bbox 2308 3217 2627 3286; x_wconf 79' lang='grc' dir='ltr'>δέρματος,</span> <span class='ocrx_word' id='word_1_585' title='bbox 2671 3214 2787 3267; x_wconf 80' lang='grc' dir='ltr'>ὅσα</span> <span class='ocrx_word' id='word_1_586' title='bbox 2831 3212 3086 3282; x_wconf 78' lang='grc' dir='ltr'>ὑπάρχει</span> <span class='ocrx_word' id='word_1_587' title='bbox 3105 3212 3184 3278; x_wconf 84' lang='grc' dir='ltr'>τῷ</span> <span class='ocrx_word' id='word_1_588' title='bbox 3218 3210 3511 3279; x_wconf 76' lang='grc' dir='ltr'>ἀνθρώπῳ</span> <span class='ocrx_word' id='word_1_589' title='bbox 3557 3209 3710 3278; x_wconf 75' lang='grc' dir='ltr'><strong>ὑπὲρ</strong></span> 
     </span>
    </p>
   </div>
   <div class='ocr_carea' id='block_1_79' title="bbox 2121 3302 3709 3377">
    <p class='ocr_par' dir='ltr' id='par_1_79' title="bbox 2121 3302 3709 3377">
     <span class='ocr_line' id='line_1_79' title="bbox 2121 3302 3709 3377; baseline -0.006 -15"><span class='ocrx_word' id='word_1_590' title='bbox 2121 3307 2232 3377; x_wconf 82' lang='grc' dir='ltr'>τῆς</span> <span class='ocrx_word' id='word_1_591' title='bbox 2264 3306 2472 3376; x_wconf 64' lang='grc' dir='ltr'>ψυχῆς</span> <span class='ocrx_word' id='word_1_592' title='bbox 2503 3305 2686 3360; x_wconf 83' lang='grc' dir='ltr'>αὑτοῦ</span> <span class='ocrx_word' id='word_1_593' title='bbox 2709 3305 2950 3358; x_wconf 81' lang='grc' dir='ltr'>ἐκτίσει.</span> <span class='ocrx_word' id='word_1_594' title='bbox 2974 3305 3054 3356; x_wconf 83' lang='grc' dir='ltr'><strong>Οὐ</strong></span> <span class='ocrx_word' id='word_1_595' title='bbox 3087 3303 3212 3372; x_wconf 80' lang='grc' dir='ltr'>μὴν</span> <span class='ocrx_word' id='word_1_596' title='bbox 3238 3302 3324 3368; x_wconf 82' lang='grc' dir='ltr'>δὲ,</span> <span class='ocrx_word' id='word_1_597' title='bbox 3357 3303 3522 3357; x_wconf 67' lang='grc' dir='ltr'><em>ἀλλὰ</em></span> <span class='ocrx_word' id='word_1_598' title='bbox 3563 3302 3709 3356; x_wconf 79' lang='grc' dir='ltr'>ἀπό-</span> 
     </span>
    </p>
   </div>
   <div class='ocr_carea' id='block_1_80' title="bbox 2119 3391 3708 3465">
    <p class='ocr_par' dir='ltr' id='par_1_80' title="bbox 2119 3391 3708 3465">
     <span class='ocr_line' id='line_1_80' title="bbox 2119 3391 3708 3465; baseline -0.005 -12"><span class='ocrx_word' id='word_1_599' title='bbox 2119 3402 2369 3455; x_wconf 77' lang='grc' dir='ltr'>στειλον</span> <span class='ocrx_word' id='word_1_600' title='bbox 2391 3397 2505 3465; x_wconf 80' lang='grc' dir='ltr'><strong>τὴν</strong></span> <span class='ocrx_word' id='word_1_601' title='bbox 2519 3395 2686 3465; x_wconf 82' lang='grc' dir='ltr'>χεῖρά</span> <span class='ocrx_word' id='word_1_602' title='bbox 2711 3411 2847 3456; x_wconf 87' lang='grc' dir='ltr'>σου,</span> <span class='ocrx_word' id='word_1_603' title='bbox 2877 3393 2974 3447; x_wconf 78' lang='grc' dir='ltr'>καὶ</span> <span class='ocrx_word' id='word_1_604' title='bbox 2993 3395 3138 3462; x_wconf 67' lang='grc' dir='ltr'>ἅψαι</span> <span class='ocrx_word' id='word_1_605' title='bbox 3165 3392 3284 3446; x_wconf 88' lang='grc' dir='ltr'><strong>τῶν</strong></span> <span class='ocrx_word' id='word_1_606' title='bbox 3304 3393 3506 3447; x_wconf 77' lang='grc' dir='ltr'>ὀστῶν</span> <span class='ocrx_word' id='word_1_607' title='bbox 3523 3391 3708 3446; x_wconf 76' lang='grc' dir='ltr'>αὐτοῦ</span> 
     </span>
    </p>
   </div>
   <div class='ocr_carea' id='block_1_81' title="bbox 2121 3481 3704 3555">
    <p class='ocr_par' dir='ltr' id='par_1_81' title="bbox 2121 3481 3704 3555">
     <span class='ocr_line' id='line_1_81' title="bbox 2121 3481 3704 3555; baseline -0.004 -13"><span class='ocrx_word' id='word_1_608' title='bbox 2121 3489 2220 3545; x_wconf 81' lang='grc' dir='ltr'>καὶ</span> <span class='ocrx_word' id='word_1_609' title='bbox 2253 3487 2369 3542; x_wconf 87' lang='grc' dir='ltr'><strong>τῶν</strong></span> <span class='ocrx_word' id='word_1_610' title='bbox 2399 3487 2642 3555; x_wconf 69' lang='grc' dir='ltr'>σαρκῶν</span> <span class='ocrx_word' id='word_1_611' title='bbox 2666 3485 2851 3540; x_wconf 86' lang='grc' dir='ltr'>αὑτοῦ</span> <span class='ocrx_word' id='word_1_612' title='bbox 2871 3503 2883 3515; x_wconf 91' lang='grc'>·</span> <span class='ocrx_word' id='word_1_613' title='bbox 2917 3481 2954 3554; x_wconf 82' lang='grc' dir='ltr'><strong><em>ἦ</em></strong></span> <span class='ocrx_word' id='word_1_614' title='bbox 2990 3483 3116 3554; x_wconf 80' lang='grc' dir='ltr'>μὴν</span> <span class='ocrx_word' id='word_1_615' title='bbox 3145 3487 3230 3550; x_wconf 70' lang='grc' dir='ltr'><strong>εἰς</strong></span> <span class='ocrx_word' id='word_1_616' title='bbox 3269 3485 3602 3552; x_wconf 76' lang='grc' dir='ltr'>πρόσωπόν</span> <span class='ocrx_word' id='word_1_617' title='bbox 3631 3499 3704 3536; x_wconf 86' lang='grc' dir='ltr'><strong>σε</strong></span> 
     </span>
    </p>
   </div>
   <div class='ocr_carea' id='block_1_82' title="bbox 2118 3573 3703 3650">
    <p class='ocr_par' dir='ltr' id='par_1_82' title="bbox 2118 3573 3703 3650">
     <span class='ocr_line' id='line_1_82' title="bbox 2118 3573 3703 3650; baseline -0.006 -14"><span class='ocrx_word' id='word_1_618' title='bbox 2118 3577 2459 3650; x_wconf 73' lang='grc' dir='ltr'>εὑλογήσει.</span> <span class='ocrx_word' id='word_1_619' title='bbox 2485 3577 2852 3649; x_wconf 66' lang='grc' dir='ltr'>Νενικημένος</span> <span class='ocrx_word' id='word_1_620' title='bbox 2870 3576 2926 3629; x_wconf 79' lang='grc' dir='ltr'><strong>δὲ</strong></span> <span class='ocrx_word' id='word_1_621' title='bbox 2949 3577 3052 3629; x_wconf 78' lang='grc' dir='ltr'><strong>ὑπὸ</strong></span> <span class='ocrx_word' id='word_1_622' title='bbox 3071 3575 3163 3628; x_wconf 85' lang='grc' dir='ltr'><strong>τοῦ</strong></span> <span class='ocrx_word' id='word_1_623' title='bbox 3192 3577 3290 3645; x_wconf 82' lang='grc' dir='ltr'><strong>τῆς</strong></span> <span class='ocrx_word' id='word_1_624' title='bbox 3315 3575 3517 3647; x_wconf 81' lang='grc' dir='ltr'>ἀρετῆς</span> <span class='ocrx_word' id='word_1_625' title='bbox 3537 3573 3703 3643; x_wconf 78' lang='grc' dir='ltr'>ἀθλη-</span> 
     </span>
    </p>
   </div>
   <div class='ocr_carea' id='block_1_83' title="bbox 2117 3665 3707 3742">
    <p class='ocr_par' dir='ltr' id='par_1_83' title="bbox 2117 3665 3707 3742">
     <span class='ocr_line' id='line_1_83' title="bbox 2117 3665 3707 3742; baseline -0.004 -17"><span class='ocrx_word' id='word_1_626' title='bbox 2117 3671 2232 3734; x_wconf 88' lang='grc' dir='ltr'>τοῦ,</span> <span class='ocrx_word' id='word_1_627' title='bbox 2253 3670 2454 3742; x_wconf 72' lang='grc' dir='ltr'>ψευδὴς</span> <span class='ocrx_word' id='word_1_628' title='bbox 2482 3667 2858 3722; x_wconf 81' lang='grc' dir='ltr'>ἀποδείκνυται</span> <span class='ocrx_word' id='word_1_629' title='bbox 2879 3685 2892 3698; x_wconf 72' lang='grc' dir='ltr'><strong>ο</strong></span> <span class='ocrx_word' id='word_1_630' title='bbox 2916 3669 3088 3720; x_wconf 87' lang='grc' dir='ltr'>καίτοι</span> <span class='ocrx_word' id='word_1_631' title='bbox 3109 3665 3215 3737; x_wconf 83' lang='grc' dir='ltr'>γὰρ</span> <span class='ocrx_word' id='word_1_632' title='bbox 3241 3665 3309 3718; x_wconf 78' lang='grc' dir='ltr'>τὰ</span> <span class='ocrx_word' id='word_1_633' title='bbox 3338 3665 3707 3735; x_wconf 78' lang='grc' dir='ltr'>χαλεπώτατα.</span> 
     </span>
    </p>
   </div>
   <div class='ocr_carea' id='block_1_84' title="bbox 2119 3756 3707 3831">
    <p class='ocr_par' dir='ltr' id='par_1_84' title="bbox 2119 3756 3707 3831">
     <span class='ocr_line' id='line_1_84' title="bbox 2119 3756 3707 3831; baseline -0.004 -15"><span class='ocrx_word' id='word_1_634' title='bbox 2119 3761 2402 3825; x_wconf 86' lang='grc' dir='ltr'>πεπονθὼς</span> <span class='ocrx_word' id='word_1_635' title='bbox 2425 3761 2680 3831; x_wconf 78' lang='grc' dir='ltr'>ἐπέμεινε</span> <span class='ocrx_word' id='word_1_636' title='bbox 2707 3759 2872 3830; x_wconf 76' lang='grc' dir='ltr'>μηδὲν</span> <span class='ocrx_word' id='word_1_637' title='bbox 2897 3757 3159 3830; x_wconf 80' lang='grc' dir='ltr'>ἁμαρτὼν</span> <span class='ocrx_word' id='word_1_638' title='bbox 3176 3761 3287 3820; x_wconf 81' lang='grc' dir='ltr'>τοῖς</span> <span class='ocrx_word' id='word_1_639' title='bbox 3310 3756 3550 3828; x_wconf 85' lang='grc' dir='ltr'>χείλεσιν</span> <span class='ocrx_word' id='word_1_640' title='bbox 3575 3756 3707 3810; x_wconf 80' lang='grc' dir='ltr'>ἐνώ-</span> 
     </span>
    </p>
   </div>
   <div class='ocr_carea' id='block_1_85' title="bbox 2116 3850 3698 3922">
    <p class='ocr_par' dir='ltr' id='par_1_85' title="bbox 2116 3850 3698 3922">
     <span class='ocr_line' id='line_1_85' title="bbox 2116 3850 3698 3922; baseline -0.005 -12"><span class='ocrx_word' id='word_1_641' title='bbox 2116 3875 2238 3910; x_wconf 87' lang='grc' dir='ltr'>πιον</span> <span class='ocrx_word' id='word_1_642' title='bbox 2268 3855 2360 3908; x_wconf 89' lang='grc' dir='ltr'><strong>τοῦ</strong></span> <span class='ocrx_word' id='word_1_643' title='bbox 2394 3853 2548 3907; x_wconf 83' lang='grc' dir='ltr'>Θεοῦ.</span> <span class='ocrx_word' id='word_1_644' title='bbox 2585 3853 2686 3905; x_wconf 90' lang='grc' dir='ltr'>Δύο</span> <span class='ocrx_word' id='word_1_645' title='bbox 2714 3853 2772 3905; x_wconf 83' lang='grc' dir='ltr'><strong>δὲ</strong></span> <span class='ocrx_word' id='word_1_646' title='bbox 2809 3852 3159 3922; x_wconf 80' lang='grc' dir='ltr'>παλαίσματα</span> <span class='ocrx_word' id='word_1_647' title='bbox 3192 3851 3463 3915; x_wconf 84' lang='grc' dir='ltr'>παλαίσας</span> <span class='ocrx_word' id='word_1_648' title='bbox 3505 3854 3534 3905; x_wconf 83' lang='grc' dir='ltr'>ὁ</span> <span class='ocrx_word' id='word_1_649' title='bbox 3577 3850 3698 3904; x_wconf 72' lang='grc' dir='ltr'><strong>Ἰὼϐ</strong></span> 
     </span>
    </p>
   </div>
   <div class='ocr_carea' id='block_1_86' title="bbox 2115 3942 3696 4018">
    <p class='ocr_par' dir='ltr' id='par_1_86' title="bbox 2115 3942 3696 4018">
     <span class='ocr_line' id='line_1_86' title="bbox 2115 3942 3696 4018; baseline -0.004 -15"><span class='ocrx_word' id='word_1_650' title='bbox 2115 3949 2210 4004; x_wconf 71' lang='grc' dir='ltr'><strong>καὶ</strong></span> <span class='ocrx_word' id='word_1_651' title='bbox 2247 3948 2495 4018; x_wconf 81' lang='grc' dir='ltr'>νικήσας,</span> <span class='ocrx_word' id='word_1_652' title='bbox 2525 3945 2704 4017; x_wconf 83' lang='grc' dir='ltr'>τρίτον</span> <span class='ocrx_word' id='word_1_653' title='bbox 2735 3945 2834 3998; x_wconf 78' lang='grc' dir='ltr'><strong>οὐκ</strong></span> <span class='ocrx_word' id='word_1_654' title='bbox 2865 3945 3184 4012; x_wconf 75' lang='grc' dir='ltr'>ἀγωνίζεται</span> <span class='ocrx_word' id='word_1_655' title='bbox 3216 3942 3328 4014; x_wconf 82' lang='lat' dir='ltr'><strong>(l7)</strong></span> <span class='ocrx_word' id='word_1_656' title='bbox 3374 3943 3696 4014; x_wconf 78' lang='grc' dir='ltr'>τηλικοῦτον</span> 
     </span>
    </p>
   </div>
   <div class='ocr_carea' id='block_1_87' title="bbox 2114 4035 3694 4112">
    <p class='ocr_par' dir='ltr' id='par_1_87' title="bbox 2114 4035 3694 4112">
     <span class='ocr_line' id='line_1_87' title="bbox 2114 4035 3694 4112; baseline -0.004 -16"><span class='ocrx_word' id='word_1_657' title='bbox 2114 4042 2330 4112; x_wconf 84' lang='grc' dir='ltr'><strong>ἀγῶνα⁸</strong></span> <span class='ocrx_word' id='word_1_658' title='bbox 2367 4040 2472 4093; x_wconf 76' lang='grc' dir='ltr'>ἔδει</span> <span class='ocrx_word' id='word_1_659' title='bbox 2504 4038 2612 4110; x_wconf 76' lang='grc' dir='ltr'>γὰρ</span> <span class='ocrx_word' id='word_1_660' title='bbox 2640 4038 2735 4109; x_wconf 81' lang='grc' dir='ltr'>τὴν</span> <span class='ocrx_word' id='word_1_661' title='bbox 2760 4055 2825 4090; x_wconf 86' lang='grc' dir='ltr'><strong>πε</strong></span> <span class='ocrx_word' id='word_1_662' title='bbox 2836 4037 2888 4109; x_wconf 78' lang='lat' dir='ltr'><strong>pl.</strong></span> <span class='ocrx_word' id='word_1_663' title='bbox 2918 4038 3026 4090; x_wconf 87' lang='grc' dir='ltr'><strong>τῶν</strong></span> <span class='ocrx_word' id='word_1_664' title='bbox 3055 4035 3223 4109; x_wconf 82' lang='grc' dir='ltr'>τριῶν</span> <span class='ocrx_word' id='word_1_665' title='bbox 3255 4036 3432 4108; x_wconf 74' lang='grc' dir='ltr'>πάλην</span> <span class='ocrx_word' id='word_1_666' title='bbox 3455 4036 3694 4109; x_wconf 75' lang='grc' dir='ltr'>τηρηθῆ-</span> 
     </span>
    </p>
   </div>
   <div class='ocr_carea' id='block_1_88' title="bbox 2113 4127 3697 4202">
    <p class='ocr_par' dir='ltr' id='par_1_88' title="bbox 2113 4127 3697 4202">
     <span class='ocr_line' id='line_1_88' title="bbox 2113 4127 3697 4202; baseline -0.004 -16"><span class='ocrx_word' id='word_1_667' title='bbox 2113 4150 2201 4186; x_wconf 93' lang='grc' dir='ltr'><strong>ναι</strong></span> <span class='ocrx_word' id='word_1_668' title='bbox 2229 4130 2306 4202; x_wconf 79' lang='grc' dir='ltr'><strong>τῷ</strong></span> <span class='ocrx_word' id='word_1_669' title='bbox 2334 4130 2567 4200; x_wconf 80' lang='grc' dir='ltr'>Σωτῆρι,</span> <span class='ocrx_word' id='word_1_670' title='bbox 2597 4129 2716 4199; x_wconf 70' lang='grc' dir='ltr'>ἥτις</span> <span class='ocrx_word' id='word_1_671' title='bbox 2742 4129 2798 4180; x_wconf 82' lang='grc' dir='ltr'><strong>ἐν</strong></span> <span class='ocrx_word' id='word_1_672' title='bbox 2830 4130 2941 4191; x_wconf 87' lang='grc' dir='ltr'>τοῖς</span> <span class='ocrx_word' id='word_1_673' title='bbox 2970 4129 3145 4198; x_wconf 69' lang='grc' dir='ltr'>τρισὶν</span> <span class='ocrx_word' id='word_1_674' title='bbox 3176 4127 3534 4195; x_wconf 76' lang='grc' dir='ltr'>Εὑαγγελίοις</span> <span class='ocrx_word' id='word_1_675' title='bbox 3566 4129 3697 4180; x_wconf 75' lang='grc' dir='ltr'>ἁνα-</span> 
     </span>
    </p>
   </div>
   <div class='ocr_carea' id='block_1_89' title="bbox 2111 4217 3694 4293">
    <p class='ocr_par' dir='ltr' id='par_1_89' title="bbox 2111 4217 3694 4293">
     <span class='ocr_line' id='line_1_89' title="bbox 2111 4217 3694 4293; baseline -0.004 -17"><span class='ocrx_word' id='word_1_676' title='bbox 2111 4223 2440 4293; x_wconf 83' lang='grc' dir='ltr'>γέγραπται,</span> <span class='ocrx_word' id='word_1_677' title='bbox 2458 4219 2526 4272; x_wconf 88' lang='grc' dir='ltr'>τὰ</span> <span class='ocrx_word' id='word_1_678' title='bbox 2541 4221 2667 4292; x_wconf 87' lang='grc' dir='ltr'>τρία</span> <span class='ocrx_word' id='word_1_679' title='bbox 2685 4220 3001 4289; x_wconf 71' lang='grc' dir='ltr'>νικήσαντος</span> <span class='ocrx_word' id='word_1_680' title='bbox 3019 4218 3111 4270; x_wconf 86' lang='grc' dir='ltr'><strong>τοῦ</strong></span> <span class='ocrx_word' id='word_1_681' title='bbox 3135 4218 3275 4271; x_wconf 77' lang='grc' dir='ltr'>κατὰ</span> <span class='ocrx_word' id='word_1_682' title='bbox 3297 4218 3386 4271; x_wconf 79' lang='grc' dir='ltr'><strong>τὸν</strong></span> <span class='ocrx_word' id='word_1_683' title='bbox 3404 4217 3694 4290; x_wconf 83' lang='grc' dir='ltr'>ἄνθρωπον</span> 
     </span>
    </p>
   </div>
   <div class='ocr_carea' id='block_1_90' title="bbox 2111 4308 3690 4386">
    <p class='ocr_par' dir='ltr' id='par_1_90' title="bbox 2111 4308 3690 4386">
     <span class='ocr_line' id='line_1_90' title="bbox 2111 4308 3690 4386; baseline -0.005 -17"><span class='ocrx_word' id='word_1_684' title='bbox 2111 4315 2361 4386; x_wconf 82' lang='grc' dir='ltr'>Σωτῆρος</span> <span class='ocrx_word' id='word_1_685' title='bbox 2383 4312 2536 4384; x_wconf 81' lang='grc' dir='ltr'>ἡμῶν</span> <span class='ocrx_word' id='word_1_686' title='bbox 2571 4312 2880 4382; x_wconf 86' lang='grc' dir='ltr'>νοουμένου,</span> <span class='ocrx_word' id='word_1_687' title='bbox 2905 4309 2994 4364; x_wconf 79' lang='grc' dir='ltr'><strong>τὸν</strong></span> <span class='ocrx_word' id='word_1_688' title='bbox 3013 4310 3225 4382; x_wconf 77' lang='grc' dir='ltr'>ἐχθρόν.</span> <span class='ocrx_word' id='word_1_689' title='bbox 3260 4311 3357 4362; x_wconf 78' lang='grc' dir='ltr'><strong>Ἵν⁹</strong></span> <span class='ocrx_word' id='word_1_690' title='bbox 3379 4308 3475 4363; x_wconf 80' lang='grc' dir='ltr'><strong>οῦν</strong></span> <span class='ocrx_word' id='word_1_691' title='bbox 3506 4309 3690 4365; x_wconf 83' lang='grc' dir='ltr'>νοοῦν-</span> 
     </span>
    </p>
   </div>
   <div class='ocr_carea' id='block_1_91' title="bbox 2109 4401 3685 4476">
    <p class='ocr_par' dir='ltr' id='par_1_91' title="bbox 2109 4401 3685 4476">
     <span class='ocr_line' id='line_1_91' title="bbox 2109 4401 3685 4476; baseline -0.003 -18"><span class='ocrx_word' id='word_1_692' title='bbox 2109 4423 2200 4469; x_wconf 90' lang='grc' dir='ltr'><strong>τες</strong></span> <span class='ocrx_word' id='word_1_693' title='bbox 2225 4404 2463 4476; x_wconf 80' lang='grc' dir='ltr'>αἰτῶμεν</span> <span class='ocrx_word' id='word_1_694' title='bbox 2493 4404 2582 4456; x_wconf 84' lang='grc' dir='ltr'><strong>τὸν</strong></span> <span class='ocrx_word' id='word_1_695' title='bbox 2611 4402 2742 4456; x_wconf 79' lang='grc' dir='ltr'>Θεὸν</span> <span class='ocrx_word' id='word_1_696' title='bbox 2771 4403 2830 4456; x_wconf 84' lang='grc' dir='ltr'><strong>τὸ</strong></span> <span class='ocrx_word' id='word_1_697' title='bbox 2861 4403 2935 4474; x_wconf 81' lang='grc' dir='ltr'>μὴ</span> <span class='ocrx_word' id='word_1_698' title='bbox 2961 4401 3220 4455; x_wconf 77' lang='grc' dir='ltr'>εἰσελθεῖν</span> <span class='ocrx_word' id='word_1_699' title='bbox 3248 4405 3328 4465; x_wconf 87' lang='grc' dir='ltr'>εἰς</span> <span class='ocrx_word' id='word_1_700' title='bbox 3358 4403 3685 4475; x_wconf 82' lang='grc' dir='ltr'>πειρασμὸν,</span> 
     </span>
    </p>
   </div>
   <div class='ocr_carea' id='block_1_92' title="bbox 434 4493 2018 4591">
    <p class='ocr_par' dir='ltr' id='par_1_92' title="bbox 434 4501 2006 4573">
     <span class='ocr_line' id='line_1_92' title="bbox 434 4501 2006 4573; baseline 0.001 -21"><span class='ocrx_word' id='word_1_701' title='bbox 434 4516 554 4554; x_wconf 64' lang='grc' dir='ltr'>ιιιιις</span> <span class='ocrx_word' id='word_1_702' title='bbox 587 4514 640 4556; x_wconf 88' lang='grc' dir='ltr'><strong>ιιι</strong></span> <span class='ocrx_word' id='word_1_703' title='bbox 672 4506 862 4557; x_wconf 88' lang='lat' dir='ltr'><strong>tentati</strong></span> <span class='ocrx_word' id='word_1_704' title='bbox 895 4521 997 4559; x_wconf 89' lang='lat' dir='ltr'><strong>non</strong></span> <span class='ocrx_word' id='word_1_705' title='bbox 1023 4507 1435 4570; x_wconf 87' lang='lat' dir='ltr'><strong>mortilicemur,</strong></span> <span class='ocrx_word' id='word_1_706' title='bbox 1462 4513 1518 4558; x_wconf 91' lang='lat' dir='ltr'><strong>et</strong></span> <span class='ocrx_word' id='word_1_707' title='bbox 1549 4503 1663 4557; x_wconf 85' lang='lat' dir='ltr'><strong>telis</strong></span> <span class='ocrx_word' id='word_1_708' title='bbox 1701 4501 2006 4573; x_wconf 88' lang='lat' dir='ltr'><strong>nequissimi</strong></span> 
     </span>
    </p>
   </div>
   <div class='ocr_carea' id='block_1_93' title="bbox 2132 4493 3688 4591">
    <p class='ocr_par' dir='ltr' id='par_1_93' title="bbox 2132 4493 3688 4567">
     <span class='ocr_line' id='line_1_93' title="bbox 2132 4493 3688 4567; baseline -0.003 -17"><span class='ocrx_word' id='word_1_709' title='bbox 2132 4499 2204 4551; x_wconf 68' lang='grc' dir='ltr'>ιαὶ</span> <span class='ocrx_word' id='word_1_710' title='bbox 2247 4498 2307 4550; x_wconf 79' lang='grc' dir='ltr'><strong>τὸ</strong></span> <span class='ocrx_word' id='word_1_711' title='bbox 2367 4495 2628 4567; x_wconf 78' lang='grc' dir='ltr'>ρυσθῆναι</span> <span class='ocrx_word' id='word_1_712' title='bbox 2662 4495 2769 4548; x_wconf 80' lang='grc' dir='ltr'><strong>ἀπὸ</strong></span> <span class='ocrx_word' id='word_1_713' title='bbox 2820 4493 2913 4547; x_wconf 91' lang='grc' dir='ltr'><strong>τοῦ</strong></span> <span class='ocrx_word' id='word_1_714' title='bbox 2961 4493 3216 4564; x_wconf 83' lang='grc' dir='ltr'>πονηροῦ,</span> <span class='ocrx_word' id='word_1_715' title='bbox 3264 4495 3688 4566; x_wconf 77' lang='grc' dir='ltr'>ἐπιμελέστερον</span> 
     </span>
    </p>
   </div>
   <div class='ocr_carea' id='block_1_94' title="bbox 431 4591 2008 4663">
    <p class='ocr_par' dir='ltr' id='par_1_94' title="bbox 431 4591 2008 4663">
     <span class='ocr_line' id='line_1_94' title="bbox 431 4591 2008 4663; baseline -0.002 -19"><span class='ocrx_word' id='word_1_716' title='bbox 431 4592 592 4659; x_wconf 85' lang='lat' dir='ltr'><strong>igneis</strong></span> <span class='ocrx_word' id='word_1_717' title='bbox 638 4592 683 4623; x_wconf 80' lang='lat'><strong>&quot;</strong></span> <span class='ocrx_word' id='word_1_718' title='bbox 740 4595 962 4663; x_wconf 85' lang='lat' dir='ltr'><strong>appetiti</strong></span> <span class='ocrx_word' id='word_1_719' title='bbox 1021 4611 1124 4649; x_wconf 89' lang='lat' dir='ltr'><strong>non</strong></span> <span class='ocrx_word' id='word_1_720' title='bbox 1183 4595 1570 4650; x_wconf 87' lang='lat' dir='ltr'><strong>accendamur.</strong></span> <span class='ocrx_word' id='word_1_721' title='bbox 1621 4591 2008 4646; x_wconf 87' lang='lat' dir='ltr'><strong>Accenduntur</strong></span> 
     </span>
    </p>
   </div>
   <div class='ocr_carea' id='block_1_95' title="bbox 431 4684 2000 4757">
    <p class='ocr_par' dir='ltr' id='par_1_95' title="bbox 431 4684 2000 4757">
     <span class='ocr_line' id='line_1_95' title="bbox 431 4684 2000 4757; baseline 0 -21"><span class='ocrx_word' id='word_1_722' title='bbox 431 4693 608 4736; x_wconf 74' lang='lat' dir='ltr'><strong>autem</strong></span> <span class='ocrx_word' id='word_1_723' title='bbox 647 4684 711 4737; x_wconf 92' lang='lat' dir='ltr'><strong>iis</strong></span> <span class='ocrx_word' id='word_1_724' title='bbox 745 4702 934 4740; x_wconf 80' lang='lat' dir='ltr'><strong>Oltlltes</strong></span> <span class='ocrx_word' id='word_1_725' title='bbox 959 4704 1190 4757; x_wconf 89' lang='lat' dir='ltr'><strong>quorum</strong></span> <span class='ocrx_word' id='word_1_726' title='bbox 1232 4688 1393 4741; x_wconf 78' lang='lat' dir='ltr'><strong>corda</strong></span> <span class='ocrx_word' id='word_1_727' title='bbox 1423 4686 1578 4756; x_wconf 75' lang='lat' dir='ltr'><strong>juxta</strong></span> <span class='ocrx_word' id='word_1_728' title='bbox 1610 4685 1898 4752; x_wconf 84' lang='lat' dir='ltr'><strong>quemdam</strong></span> <span class='ocrx_word' id='word_1_729' title='bbox 1937 4698 2000 4736; x_wconf 80' lang='lat' dir='ltr'><strong>ex</strong></span> 
     </span>
    </p>
   </div>
   <div class='ocr_carea' id='block_1_96' title="bbox 431 4774 2001 4850">
    <p class='ocr_par' dir='ltr' id='par_1_96' title="bbox 431 4774 2001 4850">
     <span class='ocr_line' id='line_1_96' title="bbox 431 4774 2001 4850; baseline 0.001 -24"><span class='ocrx_word' id='word_1_730' title='bbox 431 4776 710 4829; x_wconf 83' lang='lat' dir='ltr'><strong>duodecim</strong></span> <span class='ocrx_word' id='word_1_731' title='bbox 759 4780 1062 4848; x_wconf 86' lang='lat' dir='ltr'><strong>pr0phetis,</strong></span> <span class='ocrx_word' id='word_1_732' title='bbox 1103 4782 1253 4850; x_wconf 81' lang='lat' dir='ltr'><strong>quasi</strong></span> <span class='ocrx_word' id='word_1_733' title='bbox 1292 4779 1530 4834; x_wconf 83' lang='lat' dir='ltr'><strong>clibanus</strong></span> <span class='ocrx_word' id='word_1_734' title='bbox 1576 4779 1721 4846; x_wconf 78' lang='lat' dir='ltr'><strong>facta</strong></span> <span class='ocrx_word' id='word_1_735' title='bbox 1763 4785 1883 4830; x_wconf 83' lang='lat' dir='ltr'><strong>sunt</strong></span> <span class='ocrx_word' id='word_1_736' title='bbox 1920 4774 2001 4840; x_wconf 78' lang='lat' dir='ltr'><strong>l’°;</strong></span> 
     </span>
    </p>
   </div>
   <div class='ocr_carea' id='block_1_97' title="bbox 502 4935 891 5003">
    <p class='ocr_par' dir='ltr' id='par_1_97' title="bbox 502 4935 891 5003">
     <span class='ocr_line' id='line_1_97' title="bbox 502 4935 891 5003; baseline 0.015 -16"><span class='ocrx_word' id='word_1_737' title='bbox 502 4936 547 4967; x_wconf 68' lang='lat'><strong>“</strong></span> <span class='ocrx_word' id='word_1_738' title='bbox 575 4935 716 4990; x_wconf 81' lang='lat' dir='ltr'><strong>Psal.</strong></span> <span class='ocrx_word' id='word_1_739' title='bbox 740 4952 814 5003; x_wconf 82' lang='lat' dir='ltr'><strong>tv,</strong></span> <span class='ocrx_word' id='word_1_740' title='bbox 842 4939 891 4993; x_wconf 89' lang='lat' dir='ltr'><strong>l.</strong></span> 
     </span>
    </p>
   </div>
   <div class='ocr_carea' id='block_1_98' title="bbox 428 5007 610 5074">
    <p class='ocr_par' dir='ltr' id='par_1_98' title="bbox 428 5007 610 5074">
     <span class='ocr_line' id='line_1_98' title="bbox 428 5007 610 5074; baseline -0.027 -10"><span class='ocrx_word' id='word_1_741' title='bbox 428 5022 530 5074; x_wconf 80' lang='lat' dir='ltr'><strong>vn,</strong></span> <span class='ocrx_word' id='word_1_742' title='bbox 559 5007 610 5060; x_wconf 85' lang='lat' dir='ltr'><strong>(i.</strong></span> 
     </span>
    </p>
   </div>
   <div class='ocr_carea' id='block_1_99' title="bbox 433 5132 1996 5213">
    <p class='ocr_par' dir='ltr' id='par_1_99' title="bbox 433 5132 1996 5213">
     <span class='ocr_line' id='line_1_99' title="bbox 433 5132 1996 5213; baseline -0.008 -14"><span class='ocrx_word' id='word_1_743' title='bbox 433 5143 724 5201; x_wconf 81' lang='lat' dir='ltr'><strong>tuebantur</strong></span> <span class='ocrx_word' id='word_1_744' title='bbox 756 5139 998 5209; x_wconf 88' lang='lat' dir='ltr'><strong>spiritus,</strong></span> <span class='ocrx_word' id='word_1_745' title='bbox 1045 5147 1100 5193; x_wconf 88' lang='lat' dir='ltr'><strong>et</strong></span> <span class='ocrx_word' id='word_1_746' title='bbox 1139 5137 1418 5213; x_wconf 74' lang='lat' dir='ltr'><strong>passiones</strong></span> <span class='ocrx_word' id='word_1_747' title='bbox 1465 5135 1761 5213; x_wconf 71' lang='lat' dir='ltr'><strong>hystericae</strong></span> <span class='ocrx_word' id='word_1_748' title='bbox 1806 5132 1996 5213; x_wconf 72' lang='lat' dir='ltr'><strong>[atales</strong></span> 
     </span>
    </p>
   </div>
   <div class='ocr_carea' id='block_1_100' title="bbox 433 5204 1993 5278">
    <p class='ocr_par' dir='ltr' id='par_1_100' title="bbox 433 5204 1993 5278">
     <span class='ocr_line' id='line_1_100' title="bbox 433 5204 1993 5278; baseline -0.01 -9"><span class='ocrx_word' id='word_1_749' title='bbox 433 5213 611 5269; x_wconf 85' lang='lat' dir='ltr'><strong>induci</strong></span> <span class='ocrx_word' id='word_1_750' title='bbox 631 5204 1044 5276; x_wconf 78' lang='lat' dir='ltr'><strong>consueverant,</strong></span> <span class='ocrx_word' id='word_1_751' title='bbox 1066 5204 1204 5278; x_wconf 84' lang='lat' dir='ltr'><strong>apud</strong></span> <span class='ocrx_word' id='word_1_752' title='bbox 1222 5208 1435 5262; x_wconf 69' lang='lat' dir='ltr'><strong>Judaeos</strong></span> <span class='ocrx_word' id='word_1_753' title='bbox 1462 5204 1784 5278; x_wconf 63' lang='lat' dir='ltr'><strong>lan&#39;tiliarem</strong></span> <span class='ocrx_word' id='word_1_754' title='bbox 1807 5204 1993 5278; x_wconf 65' lang='lat' dir='ltr'><strong>luisse,</strong></span> 
     </span>
    </p>
   </div>
   <div class='ocr_carea' id='block_1_101' title="bbox 429 5274 1996 5348">
    <p class='ocr_par' dir='ltr' id='par_1_101' title="bbox 429 5274 1996 5348">
     <span class='ocr_line' id='line_1_101' title="bbox 429 5274 1996 5348; baseline -0.007 -12"><span class='ocrx_word' id='word_1_755' title='bbox 429 5285 721 5336; x_wconf 88' lang='lat' dir='ltr'><strong>admodum</strong></span> <span class='ocrx_word' id='word_1_756' title='bbox 756 5282 979 5334; x_wconf 79' lang='lat' dir='ltr'><strong>ulterius</strong></span> <span class='ocrx_word' id='word_1_757' title='bbox 1026 5274 1306 5348; x_wconf 82' lang='lat' dir='ltr'><strong>apparebit</strong></span> <span class='ocrx_word' id='word_1_758' title='bbox 1345 5293 1410 5332; x_wconf 74' lang='lat' dir='ltr'><strong>ex</strong></span> <span class='ocrx_word' id='word_1_759' title='bbox 1450 5275 1708 5348; x_wconf 72' lang='lat' dir='ltr'><strong>parabole</strong></span> <span class='ocrx_word' id='word_1_760' title='bbox 1745 5274 1996 5348; x_wconf 38' lang='lat' dir='ltr'><strong>Salvator</strong></span> 
     </span>
    </p>
   </div>
   <div class='ocr_carea' id='block_1_102' title="bbox 431 5341 1988 5414">
    <p class='ocr_par' dir='ltr' id='par_1_102' title="bbox 431 5341 1988 5414">
     <span class='ocr_line' id='line_1_102' title="bbox 431 5341 1988 5414; baseline -0.008 -8"><span class='ocrx_word' id='word_1_761' title='bbox 431 5357 528 5412; x_wconf 80' lang='lat' dir='ltr'><strong>ris,</strong></span> <span class='ocrx_word' id='word_1_762' title='bbox 565 5351 794 5405; x_wconf 73' lang='lat' dir='ltr'><strong>dicentis</strong></span> <span class='ocrx_word' id='word_1_763' title='bbox 829 5349 1013 5404; x_wconf 82' lang='lat' dir='ltr'><strong>Matth.</strong></span> <span class='ocrx_word' id='word_1_764' title='bbox 1048 5341 1168 5414; x_wconf 37' lang='lat' dir='ltr'><strong>xtl-tt,</strong></span> <span class='ocrx_word' id='word_1_765' title='bbox 1200 5349 1292 5407; x_wconf 70' lang='lat'><strong>‘22.</strong></span> <span class='ocrx_word' id='word_1_766' title='bbox 1331 5341 1746 5401; x_wconf 73' lang='lat' dir='ltr'><strong>sollicitudinem</strong></span> <span class='ocrx_word' id='word_1_767' title='bbox 1805 5341 1988 5414; x_wconf 77' lang='lat' dir='ltr'><strong>swculi</strong></span> 
     </span>
    </p>
   </div>
   <div class='ocr_carea' id='block_1_103' title="bbox 427 5412 1985 5491">
    <p class='ocr_par' dir='ltr' id='par_1_103' title="bbox 427 5412 1985 5491">
     <span class='ocr_line' id='line_1_103' title="bbox 427 5412 1985 5491; baseline -0.007 -15"><span class='ocrx_word' id='word_1_768' title='bbox 427 5423 691 5491; x_wconf 76' lang='lat' dir='ltr'><strong>suffocare</strong></span> <span class='ocrx_word' id='word_1_769' title='bbox 721 5421 963 5485; x_wconf 80' lang='lat' dir='ltr'><strong>uerbum;</strong></span> <span class='ocrx_word' id='word_1_770' title='bbox 996 5433 1048 5475; x_wconf 93' lang='lat' dir='ltr'><strong>et</strong></span> <span class='ocrx_word' id='word_1_771' title='bbox 1104 5412 1250 5491; x_wconf 83' lang='lat' dir='ltr'><strong>Pauli</strong></span> <span class='ocrx_word' id='word_1_772' title='bbox 1281 5418 1558 5491; x_wconf 77' lang='lat' dir='ltr'><strong>locutione</strong></span> <span class='ocrx_word' id='word_1_773' title='bbox 1578 5415 1876 5491; x_wconf 51' lang='lat' dir='ltr'><strong>ll_Cor:_v1,</strong></span> <span class='ocrx_word' id='word_1_774' title='bbox 1900 5412 1985 5472; x_wconf 70' lang='lat' dir='ltr'><strong>l2.</strong></span> 
     </span>
    </p>
   </div>
   <div class='ocr_carea' id='block_1_104' title="bbox 429 5484 1987 5564">
    <p class='ocr_par' dir='ltr' id='par_1_104' title="bbox 429 5484 1987 5564">
     <span class='ocr_line' id='line_1_104' title="bbox 429 5484 1987 5564; baseline -0.008 -18"><span class='ocrx_word' id='word_1_775' title='bbox 429 5484 844 5564; x_wconf 64' lang='grc' dir='ltr'>στενοχωρεῖσθε</span> <span class='ocrx_word' id='word_1_776' title='bbox 889 5484 954 5564; x_wconf 79' lang='grc' dir='ltr'><strong>ἐν</strong></span> <span class='ocrx_word' id='word_1_777' title='bbox 1006 5495 1116 5556; x_wconf 85' lang='grc' dir='ltr'>τοῖς</span> <span class='ocrx_word' id='word_1_778' title='bbox 1161 5489 1489 5558; x_wconf 83' lang='grc' dir='ltr'>σπλάγχνοις</span> <span class='ocrx_word' id='word_1_779' title='bbox 1538 5486 1714 5564; x_wconf 69' lang='grc' dir='ltr'>ὑμῶν.</span> <span class='ocrx_word' id='word_1_780' title='bbox 1753 5484 1987 5537; x_wconf 88' lang='lat' dir='ltr'><strong>Tantum</strong></span> 
     </span>
    </p>
   </div>
   <div class='ocr_carea' id='block_1_105' title="bbox 429 5556 1988 5635">
    <p class='ocr_par' dir='ltr' id='par_1_105' title="bbox 429 5556 1988 5635">
     <span class='ocr_line' id='line_1_105' title="bbox 429 5556 1988 5635; baseline -0.008 -21"><span class='ocrx_word' id='word_1_781' title='bbox 429 5579 565 5635; x_wconf 79' lang='lat' dir='ltr'><strong>vero</strong></span> <span class='ocrx_word' id='word_1_782' title='bbox 585 5556 734 5617; x_wconf 67' lang='grc' dir='ltr'>Ξῖιιὲει</span> <span class='ocrx_word' id='word_1_783' title='bbox 761 5575 816 5635; x_wconf 80' lang='grc' dir='ltr'><strong>ιιι</strong></span> <span class='ocrx_word' id='word_1_784' title='bbox 866 5563 1232 5635; x_wconf 76' lang='lat' dir='ltr'><strong>Christianus,</strong></span> <span class='ocrx_word' id='word_1_785' title='bbox 1278 5556 1556 5635; x_wconf 80' lang='lat' dir='ltr'><strong>utcunque</strong></span> <span class='ocrx_word' id='word_1_786' title='bbox 1708 5564 1860 5635; x_wconf 52' lang='lat' dir='ltr'><strong>ctus,</strong></span> <span class='ocrx_word' id='word_1_787' title='bbox 1887 5568 1988 5604; x_wconf 79' lang='lat' dir='ltr'><strong>au-</strong></span> 
     </span>
    </p>
   </div>
   <div class='ocr_carea' id='block_1_106' title="bbox 427 5624 1987 5708">
    <p class='ocr_par' dir='ltr' id='par_1_106' title="bbox 427 5624 1987 5708">
     <span class='ocr_line' id='line_1_106' title="bbox 427 5624 1987 5708; baseline -0.007 -24"><span class='ocrx_word' id='word_1_788' title='bbox 427 5633 720 5701; x_wconf 74' lang='lat' dir='ltr'><strong>gustiatus,</strong></span> <span class='ocrx_word' id='word_1_789' title='bbox 753 5633 869 5708; x_wconf 79' lang='lat' dir='ltr'><strong>sive</strong></span> <span class='ocrx_word' id='word_1_790' title='bbox 903 5624 1548 5708; x_wconf 63' lang='grc' dir='ltr'>στενάζων,ιιιςθιιιὶετιιι,</span> <span class='ocrx_word' id='word_1_791' title='bbox 1573 5639 1626 5681; x_wconf 93' lang='lat' dir='ltr'><strong>et</strong></span> <span class='ocrx_word' id='word_1_792' title='bbox 1645 5629 1730 5708; x_wconf 45' lang='lat' dir='ltr'><strong>de.</strong></span> <span class='ocrx_word' id='word_1_793' title='bbox 1751 5624 1987 5708; x_wconf 48' lang='lat' dir='ltr'><strong>sulloca:</strong></span> 
     </span>
    </p>
   </div>
   <div class='ocr_carea' id='block_1_107' title="bbox 431 5702 1988 5779">
    <p class='ocr_par' dir='ltr' id='par_1_107' title="bbox 431 5702 1988 5779">
     <span class='ocr_line' id='line_1_107' title="bbox 431 5702 1988 5779; baseline -0.006 -22"><span class='ocrx_word' id='word_1_794' title='bbox 431 5706 575 5757; x_wconf 86' lang='lat' dir='ltr'><strong>tione</strong></span> <span class='ocrx_word' id='word_1_795' title='bbox 601 5703 961 5779; x_wconf 74' lang='lat' dir='ltr'><strong>periclitetur;</strong></span> <span class='ocrx_word' id='word_1_796' title='bbox 996 5713 1053 5756; x_wconf 93' lang='lat' dir='ltr'><strong>ut</strong></span> <span class='ocrx_word' id='word_1_797' title='bbox 1076 5702 1246 5779; x_wconf 53' lang='lat' dir='ltr'><strong>lmtari</strong></span> <span class='ocrx_word' id='word_1_798' title='bbox 1278 5702 1690 5779; x_wconf 54' lang='lat' dir='ltr'><strong>timetemporis</strong></span> <span class='ocrx_word' id='word_1_799' title='bbox 1718 5702 1988 5779; x_wconf 50' lang='lat' dir='ltr'><strong>iu‘iprunls</strong></span> 
     </span>
    </p>
   </div>
   <div class='ocr_carea' id='block_1_108' title="bbox 427 5766 1915 5837">
    <p class='ocr_par' dir='ltr' id='par_1_108' title="bbox 427 5766 1915 5837">
     <span class='ocr_line' id='line_1_108' title="bbox 427 5766 1915 5837; baseline -0.006 -9"><span class='ocrx_word' id='word_1_800' title='bbox 427 5766 780 5829; x_wconf 80' lang='lat' dir='ltr'><strong>admoneatur</strong></span> <span class='ocrx_word' id='word_1_801' title='bbox 805 5773 992 5829; x_wconf 87' lang='lat' dir='ltr'><strong>Jacob.</strong></span> <span class='ocrx_word' id='word_1_802' title='bbox 1027 5790 1065 5835; x_wconf 88' lang='lat' dir='ltr'><strong>I,</strong></span> <span class='ocrx_word' id='word_1_803' title='bbox 1105 5772 1160 5837; x_wconf 74' lang='lat'><strong>9.,</strong></span> <span class='ocrx_word' id='word_1_804' title='bbox 1186 5779 1242 5826; x_wconf 90' lang='lat' dir='ltr'><strong>et</strong></span> <span class='ocrx_word' id='word_1_805' title='bbox 1278 5769 1462 5822; x_wconf 82' lang='lat' dir='ltr'><strong>Matth.</strong></span> <span class='ocrx_word' id='word_1_806' title='bbox 1491 5783 1539 5821; x_wconf 79' lang='grc' dir='ltr'><strong>γ.</strong></span> <span class='ocrx_word' id='word_1_807' title='bbox 1563 5768 1718 5820; x_wconf 69' lang='lat' dir='ltr'><strong>liorr.</strong></span> <span class='ocrx_word' id='word_1_808' title='bbox 1743 5766 1915 5819; x_wconf 66' lang='lat' dir='ltr'><strong>Oxon.</strong></span> 
     </span>
    </p>
   </div>
   <div class='ocr_carea' id='block_1_109' title="bbox 2112 4587 3686 4658">
    <p class='ocr_par' dir='ltr' id='par_1_109' title="bbox 2112 4587 3686 4658">
     <span class='ocr_line' id='line_1_109' title="bbox 2112 4587 3686 4658; baseline -0.003 -15"><span class='ocrx_word' id='word_1_809' title='bbox 2112 4590 2283 4643; x_wconf 86' lang='grc' dir='ltr'>ταῦτα</span> <span class='ocrx_word' id='word_1_810' title='bbox 2315 4587 2682 4655; x_wconf 79' lang='grc' dir='ltr'>ἐξετάσαντες,</span> <span class='ocrx_word' id='word_1_811' title='bbox 2725 4587 2817 4640; x_wconf 56' lang='grc' dir='ltr'><strong>κοιλ⁹</strong></span> <span class='ocrx_word' id='word_1_812' title='bbox 2845 4588 2972 4657; x_wconf 78' lang='grc' dir='ltr'>παρ’</span> <span class='ocrx_word' id='word_1_813' title='bbox 3020 4587 3232 4649; x_wconf 79' lang='grc' dir='ltr'>ἑαυτοῖς</span> <span class='ocrx_word' id='word_1_814' title='bbox 3267 4588 3686 4658; x_wconf 80' lang='grc' dir='ltr'>ἐρευνήσαντες,</span> 
     </span>
    </p>
   </div>
   <div class='ocr_carea' id='block_1_110' title="bbox 2113 4678 3690 4751">
    <p class='ocr_par' dir='ltr' id='par_1_110' title="bbox 2113 4678 3690 4751">
     <span class='ocr_line' id='line_1_110' title="bbox 2113 4678 3690 4751; baseline -0.004 -14"><span class='ocrx_word' id='word_1_815' title='bbox 2113 4683 2251 4746; x_wconf 80' lang='grc' dir='ltr'>ἄξιοι</span> <span class='ocrx_word' id='word_1_816' title='bbox 2287 4681 2373 4735; x_wconf 74' lang='grc' dir='ltr'><strong>διὰ</strong></span> <span class='ocrx_word' id='word_1_817' title='bbox 2405 4679 2499 4734; x_wconf 89' lang='grc' dir='ltr'><strong>τοῦ</strong></span> <span class='ocrx_word' id='word_1_818' title='bbox 2537 4680 2752 4734; x_wconf 84' lang='grc' dir='ltr'>ἀκούειν</span> <span class='ocrx_word' id='word_1_819' title='bbox 2781 4679 2937 4743; x_wconf 80' lang='grc' dir='ltr'>Θεοῦ,</span> <span class='ocrx_word' id='word_1_820' title='bbox 2965 4679 3057 4732; x_wconf 89' lang='grc' dir='ltr'><strong>τοῦ</strong></span> <span class='ocrx_word' id='word_1_821' title='bbox 3092 4679 3424 4734; x_wconf 81' lang='grc' dir='ltr'>ἀκούσεσθαι</span> <span class='ocrx_word' id='word_1_822' title='bbox 3451 4680 3562 4751; x_wconf 73' lang='grc'><strong>(18)</strong></span> <span class='ocrx_word' id='word_1_823' title='bbox 3594 4678 3690 4731; x_wconf 75' lang='grc' dir='ltr'><strong>ὑπ’</strong></span> 
     </span>
    </p>
   </div>
   <div class='ocr_carea' id='block_1_111' title="bbox 2113 4767 3689 4842">
    <p class='ocr_par' dir='ltr' id='par_1_111' title="bbox 2113 4767 3689 4842">
     <span class='ocr_line' id='line_1_111' title="bbox 2113 4767 3689 4842; baseline -0.003 -17"><span class='ocrx_word' id='word_1_824' title='bbox 2113 4771 2275 4826; x_wconf 78' lang='grc' dir='ltr'>αὑτοῦ</span> <span class='ocrx_word' id='word_1_825' title='bbox 2303 4772 2595 4842; x_wconf 83' lang='grc' dir='ltr'>γινόμενοι,</span> <span class='ocrx_word' id='word_1_826' title='bbox 2630 4769 3038 4841; x_wconf 81' lang='grc' dir='ltr'>παρακαλῶμεν</span> <span class='ocrx_word' id='word_1_827' title='bbox 3072 4769 3463 4842; x_wconf 80' lang='grc' dir='ltr'>πειραζόμενοι</span> <span class='ocrx_word' id='word_1_828' title='bbox 3497 4767 3572 4839; x_wconf 78' lang='grc' dir='ltr'>μὴ</span> <span class='ocrx_word' id='word_1_829' title='bbox 3594 4767 3689 4820; x_wconf 87' lang='grc' dir='ltr'>θα-</span> 
     </span>
    </p>
   </div>
   <div class='ocr_carea' id='block_1_112' title="bbox 965 4922 2018 5006">
    <p class='ocr_par' dir='ltr' id='par_1_112' title="bbox 965 4932 1956 5006">
     <span class='ocr_line' id='line_1_112' title="bbox 965 4932 1956 5006; baseline -0.008 -11"><span class='ocrx_word' id='word_1_830' title='bbox 965 4938 1187 5006; x_wconf 74' lang='lat' dir='ltr'><strong>“Jobt,</strong></span> <span class='ocrx_word' id='word_1_831' title='bbox 1217 4940 1269 5005; x_wconf 89' lang='lat'><strong>9,</strong></span> <span class='ocrx_word' id='word_1_832' title='bbox 1298 4940 1382 5005; x_wconf 81' lang='lat' dir='ltr'><strong>l0,</strong></span> <span class='ocrx_word' id='word_1_833' title='bbox 1418 4939 1500 4993; x_wconf 88' lang='lat' dir='ltr'><strong>ll.</strong></span> <span class='ocrx_word' id='word_1_834' title='bbox 1589 4935 1756 4992; x_wconf 77' lang='lat' dir='ltr'><strong>“Job</strong></span> <span class='ocrx_word' id='word_1_835' title='bbox 1807 4932 1956 5000; x_wconf 74' lang='lat'><strong>11,9.</strong></span> 
     </span>
    </p>
   </div>
   <div class='ocr_carea' id='block_1_113' title="bbox 2132 4922 3685 5006">
    <p class='ocr_par' dir='ltr' id='par_1_113' title="bbox 2132 4922 3685 4994">
     <span class='ocr_line' id='line_1_113' title="bbox 2132 4922 3685 4994; baseline -0.001 -10"><span class='ocrx_word' id='word_1_836' title='bbox 2132 4929 2277 4994; x_wconf 75' lang='lat' dir='ltr'><strong>lbid.,</strong></span> <span class='ocrx_word' id='word_1_837' title='bbox 2307 4925 2395 4980; x_wconf 83' lang='lat'><strong>10.</strong></span> <span class='ocrx_word' id='word_1_838' title='bbox 2471 4925 2517 4956; x_wconf 68' lang='lat'><strong>“</strong></span> <span class='ocrx_word' id='word_1_839' title='bbox 2545 4923 2707 4990; x_wconf 89' lang='lat' dir='ltr'><strong>lbid.,</strong></span> <span class='ocrx_word' id='word_1_840' title='bbox 2735 4923 2792 4989; x_wconf 65' lang='grc'>4,</span> <span class='ocrx_word' id='word_1_841' title='bbox 2828 4924 2884 4984; x_wconf 78' lang='lat'><strong>5.</strong></span> <span class='ocrx_word' id='word_1_842' title='bbox 2958 4923 3004 4956; x_wconf 69' lang='lat'><strong>‘°</strong></span> <span class='ocrx_word' id='word_1_843' title='bbox 3037 4922 3173 4994; x_wconf 84' lang='lat' dir='ltr'><strong>Eph.</strong></span> <span class='ocrx_word' id='word_1_844' title='bbox 3207 4940 3280 4990; x_wconf 72' lang='grc' dir='ltr'>γι,</span> <span class='ocrx_word' id='word_1_845' title='bbox 3313 4925 3403 4981; x_wconf 77' lang='grc'><strong>16.</strong></span> <span class='ocrx_word' id='word_1_846' title='bbox 3481 4927 3528 4958; x_wconf 87' lang='grc'><strong>⁵⁰</strong></span> <span class='ocrx_word' id='word_1_847' title='bbox 3557 4925 3685 4982; x_wconf 75' lang='lat' dir='ltr'><strong>Ose.</strong></span> 
     </span>
    </p>
   </div>
   <div class='ocr_carea' id='block_1_114' title="bbox 2175 5125 3676 5206">
    <p class='ocr_par' dir='ltr' id='par_1_114' title="bbox 2175 5125 3676 5206">
     <span class='ocr_line' id='line_1_114' title="bbox 2175 5125 3676 5206; baseline 0.001 -23"><span class='ocrx_word' id='word_1_848' title='bbox 2175 5127 2286 5206; x_wconf 65' lang='lat' dir='ltr'><strong>(tt)</strong></span> <span class='ocrx_word' id='word_1_849' title='bbox 2311 5129 2502 5196; x_wconf 84' lang='grc' dir='ltr'><strong>Αὐτῷ.</strong></span> <span class='ocrx_word' id='word_1_850' title='bbox 2547 5129 2692 5200; x_wconf 81' lang='lat' dir='ltr'><strong>Lego</strong></span> <span class='ocrx_word' id='word_1_851' title='bbox 2727 5142 2848 5183; x_wconf 90' lang='lat' dir='ltr'><strong>cum</strong></span> <span class='ocrx_word' id='word_1_852' title='bbox 2869 5125 3136 5199; x_wconf 85' lang='lat' dir='ltr'><strong>Bcntleio,</strong></span> <span class='ocrx_word' id='word_1_853' title='bbox 3173 5129 3334 5202; x_wconf 83' lang='grc' dir='ltr'>αὐτῇ,</span> <span class='ocrx_word' id='word_1_854' title='bbox 3368 5144 3567 5204; x_wconf 85' lang='lat' dir='ltr'><strong>nempe</strong></span> <span class='ocrx_word' id='word_1_855' title='bbox 3607 5136 3676 5206; x_wconf 78' lang='grc' dir='ltr'>τῇ</span> 
     </span>
    </p>
   </div>
   <div class='ocr_carea' id='block_1_115' title="bbox 2102 5198 2300 5268">
    <p class='ocr_par' dir='ltr' id='par_1_115' title="bbox 2102 5198 2300 5268">
     <span class='ocr_line' id='line_1_115' title="bbox 2102 5198 2300 5268; baseline 0.015 -16"><span class='ocrx_word' id='word_1_856' title='bbox 2102 5198 2300 5268; x_wconf 80' lang='grc' dir='ltr'>θλίψει.</span> 
     </span>
    </p>
   </div>
   <div class='ocr_carea' id='block_1_116' title="bbox 2172 5266 3684 5345">
    <p class='ocr_par' dir='ltr' id='par_1_116' title="bbox 2172 5266 3684 5345">
     <span class='ocr_line' id='line_1_116' title="bbox 2172 5266 3684 5345; baseline 0.006 -26"><span class='ocrx_word' id='word_1_857' title='bbox 2172 5266 2283 5345; x_wconf 58' lang='lat' dir='ltr'><strong>(tsi)</strong></span> <span class='ocrx_word' id='word_1_858' title='bbox 2315 5268 2650 5345; x_wconf 46' lang='lat' dir='ltr'><strong>(immanis,</strong></span> <span class='ocrx_word' id='word_1_859' title='bbox 2674 5269 2730 5322; x_wconf 78' lang='grc' dir='ltr'>δὲ</span> <span class='ocrx_word' id='word_1_860' title='bbox 2758 5266 2938 5345; x_wconf 70' lang='grc' dir='ltr'>τοῦτο.</span> <span class='ocrx_word' id='word_1_861' title='bbox 2964 5267 3147 5345; x_wconf 63' lang='lat' dir='ltr'><strong>Editio</strong></span> <span class='ocrx_word' id='word_1_862' title='bbox 3177 5269 3382 5345; x_wconf 81' lang='lat' dir='ltr'><strong>Oxon.,</strong></span> <span class='ocrx_word' id='word_1_863' title='bbox 3407 5272 3472 5345; x_wconf 82' lang='grc' dir='ltr'>δὴ</span> <span class='ocrx_word' id='word_1_864' title='bbox 3503 5271 3684 5345; x_wconf 81' lang='grc' dir='ltr'>τοῦτο.</span> 
     </span>
    </p>
   </div>
   <div class='ocr_carea' id='block_1_117' title="bbox 2176 5339 3690 5410">
    <p class='ocr_par' dir='ltr' id='par_1_117' title="bbox 2176 5339 3690 5410">
     <span class='ocr_line' id='line_1_117' title="bbox 2176 5339 3690 5410; baseline 0.003 -18"><span class='ocrx_word' id='word_1_865' title='bbox 2176 5339 2290 5410; x_wconf 76' lang='grc' dir='ltr'><strong>(ιδ)</strong></span> <span class='ocrx_word' id='word_1_866' title='bbox 2327 5339 2516 5410; x_wconf 60' lang='lat' dir='ltr'><strong>Poste</strong></span> <span class='ocrx_word' id='word_1_867' title='bbox 2549 5340 2678 5402; x_wconf 81' lang='grc' dir='ltr'>Θεός</span> <span class='ocrx_word' id='word_1_868' title='bbox 2740 5339 2913 5394; x_wconf 87' lang='lat' dir='ltr'><strong>editio</strong></span> <span class='ocrx_word' id='word_1_869' title='bbox 2961 5341 3140 5395; x_wconf 78' lang='lat' dir='ltr'><strong>Oxon.</strong></span> <span class='ocrx_word' id='word_1_870' title='bbox 3189 5343 3330 5395; x_wconf 88' lang='lat' dir='ltr'><strong>intra</strong></span> <span class='ocrx_word' id='word_1_871' title='bbox 3391 5339 3690 5397; x_wconf 58' lang='lat' dir='ltr'><strong>un&#39;cinulos</strong></span> 
     </span>
    </p>
   </div>
   <div class='ocr_carea' id='block_1_118' title="bbox 2098 5409 3691 5477">
    <p class='ocr_par' dir='ltr' id='par_1_118' title="bbox 2098 5409 3691 5477">
     <span class='ocr_line' id='line_1_118' title="bbox 2098 5409 3691 5477; baseline 0.001 -14"><span class='ocrx_word' id='word_1_872' title='bbox 2098 5409 2379 5464; x_wconf 65' lang='lat' dir='ltr'><strong>hahetrbv</strong></span> <span class='ocrx_word' id='word_1_873' title='bbox 2419 5409 2561 5470; x_wconf 76' lang='grc' dir='ltr'><strong>Ἰὼϐ,</strong></span> <span class='ocrx_word' id='word_1_874' title='bbox 2595 5410 2734 5477; x_wconf 86' lang='lat' dir='ltr'><strong>quod</strong></span> <span class='ocrx_word' id='word_1_875' title='bbox 2771 5411 3114 5464; x_wconf 88' lang='lat' dir='ltr'><strong>desideratur</strong></span> <span class='ocrx_word' id='word_1_876' title='bbox 3160 5411 3211 5465; x_wconf 92' lang='lat' dir='ltr'><strong>in</strong></span> <span class='ocrx_word' id='word_1_877' title='bbox 3256 5412 3452 5466; x_wconf 88' lang='lat' dir='ltr'><strong>codice</strong></span> <span class='ocrx_word' id='word_1_878' title='bbox 3483 5428 3691 5466; x_wconf 70' lang='lat' dir='ltr'><strong>manu-</strong></span> 
     </span>
    </p>
   </div>
   <div class='ocr_carea' id='block_1_119' title="bbox 2095 5480 3680 5553">
    <p class='ocr_par' dir='ltr' id='par_1_119' title="bbox 2095 5480 3680 5553">
     <span class='ocr_line' id='line_1_119' title="bbox 2095 5480 3680 5553; baseline 0.004 -21"><span class='ocrx_word' id='word_1_879' title='bbox 2095 5481 2322 5553; x_wconf 72' lang='lat' dir='ltr'><strong>scripto,</strong></span> <span class='ocrx_word' id='word_1_880' title='bbox 2362 5481 2484 5534; x_wconf 88' lang='lat' dir='ltr'><strong>licet</strong></span> <span class='ocrx_word' id='word_1_881' title='bbox 2519 5480 2578 5553; x_wconf 89' lang='lat' dir='ltr'><strong>id_</strong></span> <span class='ocrx_word' id='word_1_882' title='bbox 2595 5493 2787 5553; x_wconf 79' lang='lat' dir='ltr'><strong>sensus</strong></span> <span class='ocrx_word' id='word_1_883' title='bbox 2821 5482 3173 5553; x_wconf 21' lang='lat' dir='ltr'><strong>postuletis—</strong></span> <span class='ocrx_word' id='word_1_884' title='bbox 3197 5483 3327 5553; x_wconf 81' lang='lat' dir='ltr'><strong>Item</strong></span> <span class='ocrx_word' id='word_1_885' title='bbox 3364 5483 3527 5548; x_wconf 77' lang='lat' dir='ltr'><strong>infra,</strong></span> <span class='ocrx_word' id='word_1_886' title='bbox 3556 5496 3680 5553; x_wconf 77' lang='lat' dir='ltr'><strong>post</strong></span> 
     </span>
    </p>
   </div>
   <div class='ocr_carea' id='block_1_120' title="bbox 2094 5548 3482 5634">
    <p class='ocr_par' dir='ltr' id='par_1_120' title="bbox 2094 5548 3482 5634">
     <span class='ocr_line' id='line_1_120' title="bbox 2094 5548 3482 5634; baseline 0.004 -33"><span class='ocrx_word' id='word_1_887' title='bbox 2094 5549 2617 5634; x_wconf 42' lang='lat' dir='ltr'><strong>elqusvgt,.supple</strong></span> <span class='ocrx_word' id='word_1_888' title='bbox 2643 5549 2732 5634; x_wconf 48' lang='grc' dir='ltr'>τὴν</span> <span class='ocrx_word' id='word_1_889' title='bbox 2755 5548 3026 5634; x_wconf 39' lang='grc' dir='ltr'>διὰβνολον.</span> <span class='ocrx_word' id='word_1_890' title='bbox 3056 5552 3213 5634; x_wconf 53' lang='grc' dir='ltr'><strong>[ξριτῖ</strong></span> <span class='ocrx_word' id='word_1_891' title='bbox 3239 5551 3482 5634; x_wconf 35' lang='lat' dir='ltr'><strong>Pirum.</strong></span> 
     </span>
    </p>
   </div>
   <div class='ocr_carea' id='block_1_121' title="bbox 2156 5620 3687 5718">
    <p class='ocr_par' dir='ltr' id='par_1_121' title="bbox 2156 5620 3687 5718">
     <span class='ocr_line' id='line_1_121' title="bbox 2156 5620 3687 5718; baseline 0.004 -46"><span class='ocrx_word' id='word_1_892' title='bbox 2156 5620 2283 5718; x_wconf 40' lang='lat' dir='ltr'><strong>r(l7)</strong></span> <span class='ocrx_word' id='word_1_893' title='bbox 2313 5620 2495 5676; x_wconf 81' lang='lat' dir='ltr'><strong>Codex</strong></span> <span class='ocrx_word' id='word_1_894' title='bbox 2531 5637 2657 5686; x_wconf 68' lang='grc' dir='ltr'>ιιιε..</span> <span class='ocrx_word' id='word_1_895' title='bbox 2684 5620 3034 5688; x_wconf 74' lang='grc' dir='ltr'>ἀγωνίζεται.</span> <span class='ocrx_word' id='word_1_896' title='bbox 3073 5623 3252 5677; x_wconf 82' lang='lat' dir='ltr'><strong>Editio</strong></span> <span class='ocrx_word' id='word_1_897' title='bbox 3286 5620 3491 5687; x_wconf 72' lang='grc' dir='ltr'><strong>Οιοη..</strong></span> <span class='ocrx_word' id='word_1_898' title='bbox 3525 5624 3687 5691; x_wconf 61' lang='lat' dir='ltr'><strong>dno-</strong></span> 
     </span>
    </p>
   </div>
   <div class='ocr_carea' id='block_1_122' title="bbox 2097 5691 2330 5754">
    <p class='ocr_par' dir='ltr' id='par_1_122' title="bbox 2097 5691 2330 5754">
     <span class='ocr_line' id='line_1_122' title="bbox 2097 5691 2330 5754; baseline -0.004 -10"><span class='ocrx_word' id='word_1_899' title='bbox 2097 5691 2330 5754; x_wconf 78' lang='grc' dir='ltr'>νίζηται.</span> 
     </span>
    </p>
   </div>
   <div class='ocr_carea' id='block_1_123' title="bbox 2170 5708 3673 5834">
    <p class='ocr_par' dir='ltr' id='par_1_123' title="bbox 2170 5708 3673 5834">
     <span class='ocr_line' id='line_1_123' title="bbox 2170 5708 3673 5834; baseline 0.006 -21"><span class='ocrx_word' id='word_1_900' title='bbox 2170 5708 2444 5833; x_wconf 45' lang='lat' dir='ltr'><strong>(lilibet).</strong></span> <span class='ocrx_word' id='word_1_901' title='bbox 2482 5760 2976 5829; x_wconf 78' lang='grc' dir='ltr'>ιιιε.,ἁκούσεσθαι.</span> <span class='ocrx_word' id='word_1_902' title='bbox 3000 5762 3095 5818; x_wconf 83' lang='lat' dir='ltr'><strong>Ed.</strong></span> <span class='ocrx_word' id='word_1_903' title='bbox 3128 5760 3331 5834; x_wconf 67' lang='lat'><strong>0:00.,</strong></span> <span class='ocrx_word' id='word_1_904' title='bbox 3359 5765 3673 5823; x_wconf 75' lang='grc' dir='ltr'>ἀκούεσθαι-</span> 
     </span>
    </p>
   </div>
  </div>
