  <div class='ocr_page' id='page_1' title='image "/cluster/home/n/w/nwhite01/storage/ocr_20150623/11/hvd.32044024345175/281.png"; bbox 0 0 3954 6414; ppageno 0'>
   <div class='ocr_carea' id='block_1_1' title="bbox 509 354 609 410">
    <p class='ocr_par' dir='ltr' id='par_1_1' title="bbox 509 354 609 410">
     <span class='ocr_line' id='line_1_1' title="bbox 509 354 609 410; baseline 0.01 -1"><span class='ocrx_word' id='word_1_1' title='bbox 509 354 609 410; x_wconf 78' lang='grc'><strong>531</strong></span> 
     </span>
    </p>
   </div>
   <div class='ocr_carea' id='block_1_2' title="bbox 1957 346 2284 403">
    <p class='ocr_par' dir='ltr' id='par_1_2' title="bbox 1957 346 2284 403">
     <span class='ocr_line' id='line_1_2' title="bbox 1957 346 2284 403; baseline -0.003 0"><span class='ocrx_word' id='word_1_2' title='bbox 1957 346 2284 403; x_wconf 78' lang='lat' dir='ltr'><strong>ORIGEMS</strong></span> 
     </span>
    </p>
   </div>
   <div class='ocr_carea' id='block_1_3' title="bbox 3669 356 3766 410">
    <p class='ocr_par' dir='ltr' id='par_1_3' title="bbox 3669 356 3766 410">
     <span class='ocr_line' id='line_1_3' title="bbox 3669 356 3766 410; baseline 0 0"><span class='ocrx_word' id='word_1_3' title='bbox 3669 356 3766 410; x_wconf 66' lang='lat'><strong>552</strong></span> 
     </span>
    </p>
   </div>
   <div class='ocr_carea' id='block_1_4' title="bbox 508 465 2078 541">
    <p class='ocr_par' dir='ltr' id='par_1_4' title="bbox 508 466 2078 532">
     <span class='ocr_line' id='line_1_4' title="bbox 508 466 2078 532; baseline -0.006 0"><span class='ocrx_word' id='word_1_4' title='bbox 508 477 809 532; x_wconf 85' lang='lat' dir='ltr'><strong>orationem</strong></span> <span class='ocrx_word' id='word_1_5' title='bbox 842 475 1058 531; x_wconf 81' lang='lat' dir='ltr'><strong>decent.</strong></span> <span class='ocrx_word' id='word_1_6' title='bbox 1101 471 1214 528; x_wconf 87' lang='lat' dir='ltr'><strong>Hoc</strong></span> <span class='ocrx_word' id='word_1_7' title='bbox 1261 480 1438 524; x_wconf 87' lang='lat' dir='ltr'><strong>tamen</strong></span> <span class='ocrx_word' id='word_1_8' title='bbox 1502 467 1732 523; x_wconf 85' lang='lat' dir='ltr'><strong>dicimus</strong></span> <span class='ocrx_word' id='word_1_9' title='bbox 1783 466 1929 520; x_wconf 84' lang='lat' dir='ltr'><strong>nulla</strong></span> <span class='ocrx_word' id='word_1_10' title='bbox 1984 470 2078 522; x_wconf 89' lang='lat' dir='ltr'><strong>ob-</strong></span> 
     </span>
    </p>
   </div>
   <div class='ocr_carea' id='block_1_5' title="bbox 2187 465 3770 541">
    <p class='ocr_par' dir='ltr' id='par_1_5' title="bbox 2188 465 3770 541">
     <span class='ocr_line' id='line_1_5' title="bbox 2188 465 3770 541; baseline 0.005 -22"><span class='ocrx_word' id='word_1_11' title='bbox 2188 467 2286 538; x_wconf 77' lang='grc' dir='ltr'><strong>τὴν</strong></span> <span class='ocrx_word' id='word_1_12' title='bbox 2317 465 2500 520; x_wconf 88' lang='grc' dir='ltr'>εἰκόνα</span> <span class='ocrx_word' id='word_1_13' title='bbox 2534 465 2644 519; x_wconf 81' lang='grc' dir='ltr'>τῶν</span> <span class='ocrx_word' id='word_1_14' title='bbox 2677 480 2996 538; x_wconf 89' lang='grc' dir='ltr'>πρεποντων</span> <span class='ocrx_word' id='word_1_15' title='bbox 3034 467 3335 539; x_wconf 73' lang='grc' dir='ltr'><strong>ἰδιωμάτων</strong></span> <span class='ocrx_word' id='word_1_16' title='bbox 3362 471 3426 541; x_wconf 78' lang='grc' dir='ltr'>τῇ</span> <span class='ocrx_word' id='word_1_17' title='bbox 3460 470 3607 540; x_wconf 76' lang='grc' dir='ltr'>ψυχῇ</span> <span class='ocrx_word' id='word_1_18' title='bbox 3636 476 3770 527; x_wconf 88' lang='grc' dir='ltr'><strong>κατά</strong></span> 
     </span>
    </p>
   </div>
   <div class='ocr_carea' id='block_1_6' title="bbox 509 557 2080 631">
    <p class='ocr_par' dir='ltr' id='par_1_6' title="bbox 509 557 2080 631">
     <span class='ocr_line' id='line_1_6' title="bbox 509 557 2080 631; baseline -0.006 -11"><span class='ocrx_word' id='word_1_19' title='bbox 509 576 689 622; x_wconf 85' lang='lat' dir='ltr'><strong>stante</strong></span> <span class='ocrx_word' id='word_1_20' title='bbox 716 565 1122 621; x_wconf 75' lang='lat' dir='ltr'><strong>circumstantia</strong></span> <span class='ocrx_word' id='word_1_21' title='bbox 1162 561 1433 631; x_wconf 66' lang='lat' dir='ltr'><strong>praecipue</strong></span> <span class='ocrx_word' id='word_1_22' title='bbox 1467 560 1819 614; x_wconf 83' lang='lat' dir='ltr'><strong>servandum.</strong></span> <span class='ocrx_word' id='word_1_23' title='bbox 1850 557 1932 612; x_wconf 72' lang='grc' dir='ltr'><strong>ου</strong></span> <span class='ocrx_word' id='word_1_24' title='bbox 1969 557 2080 613; x_wconf 91' lang='lat' dir='ltr'><strong>cir-</strong></span> 
     </span>
    </p>
   </div>
   <div class='ocr_carea' id='block_1_7' title="bbox 509 651 2082 720">
    <p class='ocr_par' dir='ltr' id='par_1_7' title="bbox 509 651 2082 720">
     <span class='ocr_line' id='line_1_7' title="bbox 509 651 2082 720; baseline -0.004 -9"><span class='ocrx_word' id='word_1_25' title='bbox 509 658 894 712; x_wconf 89' lang='lat' dir='ltr'><strong>cumstantiam</strong></span> <span class='ocrx_word' id='word_1_26' title='bbox 943 655 1086 708; x_wconf 85' lang='lat' dir='ltr'><strong>enim</strong></span> <span class='ocrx_word' id='word_1_27' title='bbox 1125 653 1250 706; x_wconf 87' lang='lat' dir='ltr'><strong>licet</strong></span> <span class='ocrx_word' id='word_1_28' title='bbox 1283 651 1574 720; x_wconf 75' lang='lat' dir='ltr'><strong>aliquando</strong></span> <span class='ocrx_word' id='word_1_29' title='bbox 1598 651 1874 706; x_wconf 76' lang='lat' dir='ltr'><strong>sedentem</strong></span> <span class='ocrx_word' id='word_1_30' title='bbox 1899 665 2082 714; x_wconf 91' lang='lat' dir='ltr'><strong>orare,</strong></span> 
     </span>
    </p>
   </div>
   <div class='ocr_carea' id='block_1_8' title="bbox 512 744 2082 818">
    <p class='ocr_par' dir='ltr' id='par_1_8' title="bbox 512 744 2082 818">
     <span class='ocr_line' id='line_1_8' title="bbox 512 744 2082 818; baseline -0.004 -18"><span class='ocrx_word' id='word_1_31' title='bbox 512 758 637 818; x_wconf 87' lang='lat' dir='ltr'><strong>puta</strong></span> <span class='ocrx_word' id='word_1_32' title='bbox 670 756 888 818; x_wconf 80' lang='lat' dir='ltr'><strong>propter</strong></span> <span class='ocrx_word' id='word_1_33' title='bbox 931 746 1309 815; x_wconf 51' lang='lat' dir='ltr'><strong>aegritudinem</strong></span> <span class='ocrx_word' id='word_1_34' title='bbox 1350 744 1545 812; x_wconf 91' lang='lat' dir='ltr'><strong>pedum</strong></span> <span class='ocrx_word' id='word_1_35' title='bbox 1589 759 1696 797; x_wconf 92' lang='lat' dir='ltr'><strong>non</strong></span> <span class='ocrx_word' id='word_1_36' title='bbox 1730 753 2082 798; x_wconf 88' lang='lat' dir='ltr'><strong>contemnen-</strong></span> 
     </span>
    </p>
   </div>
   <div class='ocr_carea' id='block_1_9' title="bbox 495 833 2083 906">
    <p class='ocr_par' dir='ltr' id='par_1_9' title="bbox 495 833 2083 906">
     <span class='ocr_line' id='line_1_9' title="bbox 495 833 2083 906; baseline -0.005 -12"><span class='ocrx_word' id='word_1_37' title='bbox 495 841 664 906; x_wconf 83' lang='lat' dir='ltr'><strong>dam;</strong></span> <span class='ocrx_word' id='word_1_38' title='bbox 699 849 789 892; x_wconf 87' lang='lat' dir='ltr'><strong>aut</strong></span> <span class='ocrx_word' id='word_1_39' title='bbox 816 842 979 891; x_wconf 87' lang='lat' dir='ltr'><strong>etiam</strong></span> <span class='ocrx_word' id='word_1_40' title='bbox 1005 835 1302 904; x_wconf 71' lang='lat' dir='ltr'><strong>iacentem,</strong></span> <span class='ocrx_word' id='word_1_41' title='bbox 1351 845 1573 904; x_wconf 75' lang='lat' dir='ltr'><strong>propter</strong></span> <span class='ocrx_word' id='word_1_42' title='bbox 1610 833 1789 889; x_wconf 90' lang='lat' dir='ltr'><strong>febres</strong></span> <span class='ocrx_word' id='word_1_43' title='bbox 1821 844 1914 887; x_wconf 86' lang='lat' dir='ltr'><strong>aut</strong></span> <span class='ocrx_word' id='word_1_44' title='bbox 1939 833 2083 903; x_wconf 86' lang='lat' dir='ltr'><strong>ejus—</strong></span> 
     </span>
    </p>
   </div>
   <div class='ocr_carea' id='block_1_10' title="bbox 509 923 2080 996">
    <p class='ocr_par' dir='ltr' id='par_1_10' title="bbox 509 923 2080 996">
     <span class='ocr_line' id='line_1_10' title="bbox 509 923 2080 996; baseline -0.004 -14"><span class='ocrx_word' id='word_1_45' title='bbox 509 929 652 984; x_wconf 84' lang='lat' dir='ltr'><strong>modi</strong></span> <span class='ocrx_word' id='word_1_46' title='bbox 681 929 918 983; x_wconf 89' lang='lat' dir='ltr'><strong>morbos.</strong></span> <span class='ocrx_word' id='word_1_47' title='bbox 944 925 1257 996; x_wconf 77' lang='lat' dir='ltr'><strong>Eademque</strong></span> <span class='ocrx_word' id='word_1_48' title='bbox 1297 925 1364 979; x_wconf 90' lang='lat' dir='ltr'><strong>de</strong></span> <span class='ocrx_word' id='word_1_49' title='bbox 1400 940 1563 980; x_wconf 87' lang='lat' dir='ltr'><strong>causa</strong></span> <span class='ocrx_word' id='word_1_50' title='bbox 1607 925 1650 978; x_wconf 90' lang='lat' dir='ltr'><strong>si</strong></span> <span class='ocrx_word' id='word_1_51' title='bbox 1706 923 1856 978; x_wconf 86' lang='lat' dir='ltr'><strong>verbi</strong></span> <span class='ocrx_word' id='word_1_52' title='bbox 1907 923 2080 993; x_wconf 78' lang='lat' dir='ltr'><strong>gratia</strong></span> 
     </span>
    </p>
   </div>
   <div class='ocr_carea' id='block_1_11' title="bbox 507 1015 2080 1090">
    <p class='ocr_par' dir='ltr' id='par_1_11' title="bbox 507 1015 2080 1090">
     <span class='ocr_line' id='line_1_11' title="bbox 507 1015 2080 1090; baseline -0.005 -14"><span class='ocrx_word' id='word_1_53' title='bbox 507 1023 847 1090; x_wconf 80' lang='lat' dir='ltr'><strong>navigetttus,</strong></span> <span class='ocrx_word' id='word_1_54' title='bbox 881 1031 974 1074; x_wconf 88' lang='lat' dir='ltr'><strong>aut</strong></span> <span class='ocrx_word' id='word_1_55' title='bbox 1007 1020 1218 1090; x_wconf 80' lang='lat' dir='ltr'><strong>negotia</strong></span> <span class='ocrx_word' id='word_1_56' title='bbox 1253 1035 1357 1072; x_wconf 92' lang='lat' dir='ltr'><strong>non</strong></span> <span class='ocrx_word' id='word_1_57' title='bbox 1385 1018 1570 1071; x_wconf 86' lang='lat' dir='ltr'><strong>sinaut</strong></span> <span class='ocrx_word' id='word_1_58' title='bbox 1599 1017 1856 1090; x_wconf 58' lang='lat' dir='ltr'><strong>secedere</strong></span> <span class='ocrx_word' id='word_1_59' title='bbox 1891 1017 1955 1070; x_wconf 82' lang='lat' dir='ltr'><strong>ad</strong></span> <span class='ocrx_word' id='word_1_60' title='bbox 1985 1015 2080 1069; x_wconf 85' lang='lat' dir='ltr'><strong>tle-</strong></span> 
     </span>
    </p>
   </div>
   <div class='ocr_carea' id='block_1_12' title="bbox 506 1106 2080 1180">
    <p class='ocr_par' dir='ltr' id='par_1_12' title="bbox 506 1106 2080 1180">
     <span class='ocr_line' id='line_1_12' title="bbox 506 1106 2080 1180; baseline -0.005 -13"><span class='ocrx_word' id='word_1_61' title='bbox 506 1113 672 1167; x_wconf 87' lang='lat' dir='ltr'><strong>bitam</strong></span> <span class='ocrx_word' id='word_1_62' title='bbox 729 1115 1037 1167; x_wconf 89' lang='lat' dir='ltr'><strong>orationem</strong></span> <span class='ocrx_word' id='word_1_63' title='bbox 1092 1112 1532 1180; x_wconf 84' lang='lat' dir='ltr'><strong>persolvendam,</strong></span> <span class='ocrx_word' id='word_1_64' title='bbox 1569 1124 1728 1164; x_wconf 87' lang='lat' dir='ltr'><strong>orare</strong></span> <span class='ocrx_word' id='word_1_65' title='bbox 1778 1109 1906 1164; x_wconf 90' lang='lat' dir='ltr'><strong>licet</strong></span> <span class='ocrx_word' id='word_1_66' title='bbox 1948 1106 2080 1162; x_wconf 85' lang='lat' dir='ltr'><strong>nihil</strong></span> 
     </span>
    </p>
   </div>
   <div class='ocr_carea' id='block_1_13' title="bbox 506 1200 2084 1274">
    <p class='ocr_par' dir='ltr' id='par_1_13' title="bbox 506 1200 2084 1274">
     <span class='ocr_line' id='line_1_13' title="bbox 506 1200 2084 1274; baseline -0.005 -14"><span class='ocrx_word' id='word_1_67' title='bbox 506 1206 614 1260; x_wconf 93' lang='lat' dir='ltr'><strong>tale</strong></span> <span class='ocrx_word' id='word_1_68' title='bbox 652 1221 761 1274; x_wconf 71' lang='lat' dir='ltr'><strong>pra:</strong></span> <span class='ocrx_word' id='word_1_69' title='bbox 795 1218 857 1260; x_wconf 88' lang='lat' dir='ltr'><strong>se</strong></span> <span class='ocrx_word' id='word_1_70' title='bbox 885 1204 1172 1260; x_wconf 85' lang='lat' dir='ltr'><strong>ferentem.</strong></span> <span class='ocrx_word' id='word_1_71' title='bbox 1198 1203 1448 1257; x_wconf 86' lang='lat' dir='ltr'><strong>Genuum</strong></span> <span class='ocrx_word' id='word_1_72' title='bbox 1487 1202 1649 1255; x_wconf 90' lang='lat' dir='ltr'><strong>etiam</strong></span> <span class='ocrx_word' id='word_1_73' title='bbox 1676 1200 1961 1256; x_wconf 82' lang='lat' dir='ltr'><strong>ﬂexiohem</strong></span> <span class='ocrx_word' id='word_1_74' title='bbox 1989 1214 2084 1253; x_wconf 87' lang='lat' dir='ltr'><strong>ne-</strong></span> 
     </span>
    </p>
   </div>
   <div class='ocr_carea' id='block_1_14' title="bbox 505 1287 2082 1366">
    <p class='ocr_par' dir='ltr' id='par_1_14' title="bbox 505 1287 2082 1366">
     <span class='ocr_line' id='line_1_14' title="bbox 505 1287 2082 1366; baseline -0.005 -9"><span class='ocrx_word' id='word_1_75' title='bbox 505 1287 798 1357; x_wconf 87' lang='lat' dir='ltr'><strong>cessariam</strong></span> <span class='ocrx_word' id='word_1_76' title='bbox 849 1315 970 1354; x_wconf 92' lang='lat' dir='ltr'><strong>esse</strong></span> <span class='ocrx_word' id='word_1_77' title='bbox 1027 1299 1309 1353; x_wconf 87' lang='lat' dir='ltr'><strong>sciendum</strong></span> <span class='ocrx_word' id='word_1_78' title='bbox 1355 1306 1461 1360; x_wconf 90' lang='lat' dir='ltr'><strong>est,</strong></span> <span class='ocrx_word' id='word_1_79' title='bbox 1507 1312 1630 1350; x_wconf 92' lang='lat' dir='ltr'><strong>cum</strong></span> <span class='ocrx_word' id='word_1_80' title='bbox 1664 1311 1759 1352; x_wconf 88' lang='lat' dir='ltr'><strong>sua</strong></span> <span class='ocrx_word' id='word_1_81' title='bbox 1793 1297 1915 1366; x_wconf 89' lang='lat' dir='ltr'><strong>quis</strong></span> <span class='ocrx_word' id='word_1_82' title='bbox 1943 1294 2082 1366; x_wconf 88' lang='lat' dir='ltr'><strong>apud</strong></span> 
     </span>
    </p>
   </div>
   <div class='ocr_carea' id='block_1_15' title="bbox 509 1389 2083 1462">
    <p class='ocr_par' dir='ltr' id='par_1_15' title="bbox 509 1389 2083 1462">
     <span class='ocr_line' id='line_1_15' title="bbox 509 1389 2083 1462; baseline -0.004 -14"><span class='ocrx_word' id='word_1_83' title='bbox 509 1395 676 1449; x_wconf 85' lang='lat' dir='ltr'><strong>Deum</strong></span> <span class='ocrx_word' id='word_1_84' title='bbox 728 1402 953 1462; x_wconf 85' lang='lat' dir='ltr'><strong>peccata</strong></span> <span class='ocrx_word' id='word_1_85' title='bbox 1011 1390 1237 1459; x_wconf 75' lang='lat' dir='ltr'><strong>supplex</strong></span> <span class='ocrx_word' id='word_1_86' title='bbox 1287 1399 1641 1443; x_wconf 86' lang='lat' dir='ltr'><strong>accusaturus</strong></span> <span class='ocrx_word' id='word_1_87' title='bbox 1679 1397 1785 1454; x_wconf 84' lang='lat' dir='ltr'><strong>est,</strong></span> <span class='ocrx_word' id='word_1_88' title='bbox 1811 1399 1868 1441; x_wconf 94' lang='lat' dir='ltr'><strong>ut</strong></span> <span class='ocrx_word' id='word_1_89' title='bbox 1898 1389 2083 1442; x_wconf 90' lang='lat' dir='ltr'><strong>remit-</strong></span> 
     </span>
    </p>
   </div>
   <div class='ocr_carea' id='block_1_16' title="bbox 505 1480 2079 1550">
    <p class='ocr_par' dir='ltr' id='par_1_16' title="bbox 505 1480 2079 1550">
     <span class='ocr_line' id='line_1_16' title="bbox 505 1480 2079 1550; baseline -0.005 -9"><span class='ocrx_word' id='word_1_90' title='bbox 505 1494 785 1549; x_wconf 89' lang='lat' dir='ltr'><strong>tantur,et</strong></span> <span class='ocrx_word' id='word_1_91' title='bbox 835 1486 900 1538; x_wconf 86' lang='lat' dir='ltr'><strong>ab</strong></span> <span class='ocrx_word' id='word_1_92' title='bbox 957 1485 1038 1536; x_wconf 88' lang='lat' dir='ltr'><strong>eis</strong></span> <span class='ocrx_word' id='word_1_93' title='bbox 1095 1490 1354 1547; x_wconf 80' lang='lat' dir='ltr'><strong>sanetur;</strong></span> <span class='ocrx_word' id='word_1_94' title='bbox 1411 1493 1492 1537; x_wconf 86' lang='lat' dir='ltr'><strong>est</strong></span> <span class='ocrx_word' id='word_1_95' title='bbox 1529 1482 1674 1536; x_wconf 90' lang='lat' dir='ltr'><strong>enim</strong></span> <span class='ocrx_word' id='word_1_96' title='bbox 1722 1481 1890 1550; x_wconf 78' lang='lat' dir='ltr'><strong>figura</strong></span> <span class='ocrx_word' id='word_1_97' title='bbox 1929 1480 2079 1535; x_wconf 84' lang='lat' dir='ltr'><strong>Pauli</strong></span> 
     </span>
    </p>
   </div>
   <div class='ocr_carea' id='block_1_17' title="bbox 503 1571 2081 1646">
    <p class='ocr_par' dir='ltr' id='par_1_17' title="bbox 503 1571 2081 1646">
     <span class='ocr_line' id='line_1_17' title="bbox 503 1571 2081 1646; baseline -0.004 -12"><span class='ocrx_word' id='word_1_98' title='bbox 503 1595 689 1634; x_wconf 82' lang='lat' dir='ltr'><strong>coram</strong></span> <span class='ocrx_word' id='word_1_99' title='bbox 725 1579 832 1632; x_wconf 90' lang='lat' dir='ltr'><strong>Deo</strong></span> <span class='ocrx_word' id='word_1_100' title='bbox 870 1577 1199 1646; x_wconf 78' lang='lat' dir='ltr'><strong>procidentis</strong></span> <span class='ocrx_word' id='word_1_101' title='bbox 1244 1577 1403 1644; x_wconf 84' lang='lat' dir='ltr'><strong>eique</strong></span> <span class='ocrx_word' id='word_1_102' title='bbox 1442 1588 1562 1630; x_wconf 88' lang='lat' dir='ltr'><strong>sese</strong></span> <span class='ocrx_word' id='word_1_103' title='bbox 1591 1571 1927 1642; x_wconf 88' lang='lat' dir='ltr'><strong>subjicientis</strong></span> <span class='ocrx_word' id='word_1_104' title='bbox 1955 1587 2081 1628; x_wconf 86' lang='lat' dir='ltr'><strong>eum</strong></span> 
     </span>
    </p>
   </div>
   <div class='ocr_carea' id='block_1_18' title="bbox 504 1662 2080 1738">
    <p class='ocr_par' dir='ltr' id='par_1_18' title="bbox 504 1662 2080 1738">
     <span class='ocr_line' id='line_1_18' title="bbox 504 1662 2080 1738; baseline -0.005 -12"><span class='ocrx_word' id='word_1_105' title='bbox 504 1674 582 1726; x_wconf 88' lang='lat' dir='ltr'><strong>ait</strong></span> <span class='ocrx_word' id='word_1_106' title='bbox 613 1693 624 1727; x_wconf 89' lang='lat'>:</span> <span class='ocrx_word' id='word_1_107' title='bbox 663 1670 842 1732; x_wconf 76' lang='lat' dir='ltr'><strong>Hujus</strong></span> <span class='ocrx_word' id='word_1_108' title='bbox 877 1670 950 1722; x_wconf 85' lang='lat' dir='ltr'><strong>rei</strong></span> <span class='ocrx_word' id='word_1_109' title='bbox 990 1669 1164 1738; x_wconf 77' lang='lat' dir='ltr'><strong>gratia</strong></span> <span class='ocrx_word' id='word_1_110' title='bbox 1211 1669 1363 1736; x_wconf 79' lang='lat' dir='ltr'><strong>ﬂecto</strong></span> <span class='ocrx_word' id='word_1_111' title='bbox 1392 1682 1560 1737; x_wconf 83' lang='lat' dir='ltr'><strong>genua</strong></span> <span class='ocrx_word' id='word_1_112' title='bbox 1593 1682 1708 1719; x_wconf 86' lang='lat' dir='ltr'><strong>mea</strong></span> <span class='ocrx_word' id='word_1_113' title='bbox 1736 1665 1804 1717; x_wconf 82' lang='lat' dir='ltr'><strong>ad</strong></span> <span class='ocrx_word' id='word_1_114' title='bbox 1841 1662 2080 1730; x_wconf 81' lang='lat' dir='ltr'><strong>Patrem,</strong></span> 
     </span>
    </p>
   </div>
   <div class='ocr_carea' id='block_1_19' title="bbox 503 1759 2078 1834">
    <p class='ocr_par' dir='ltr' id='par_1_19' title="bbox 503 1759 2078 1834">
     <span class='ocr_line' id='line_1_19' title="bbox 503 1759 2078 1834; baseline -0.005 -16"><span class='ocrx_word' id='word_1_115' title='bbox 503 1782 568 1818; x_wconf 78' lang='lat' dir='ltr'><strong>ex</strong></span> <span class='ocrx_word' id='word_1_116' title='bbox 598 1782 700 1834; x_wconf 85' lang='lat' dir='ltr'><strong>quo</strong></span> <span class='ocrx_word' id='word_1_117' title='bbox 732 1763 1021 1830; x_wconf 78' lang='lat' dir='ltr'><strong>paternitas</strong></span> <span class='ocrx_word' id='word_1_118' title='bbox 1065 1761 1233 1815; x_wconf 71' lang='lat' dir='ltr'><strong>omnis</strong></span> <span class='ocrx_word' id='word_1_119' title='bbox 1265 1760 1320 1812; x_wconf 88' lang='lat' dir='ltr'><strong>in</strong></span> <span class='ocrx_word' id='word_1_120' title='bbox 1350 1761 1475 1814; x_wconf 77' lang='lat' dir='ltr'><strong>caelo</strong></span> <span class='ocrx_word' id='word_1_121' title='bbox 1499 1768 1548 1812; x_wconf 83' lang='lat' dir='ltr'><strong>et</strong></span> <span class='ocrx_word' id='word_1_122' title='bbox 1579 1759 1633 1812; x_wconf 87' lang='lat' dir='ltr'><strong>in</strong></span> <span class='ocrx_word' id='word_1_123' title='bbox 1666 1771 1805 1812; x_wconf 83' lang='lat' dir='ltr'><strong>terra</strong></span> <span class='ocrx_word' id='word_1_124' title='bbox 1834 1760 2078 1812; x_wconf 78' lang='lat' dir='ltr'><strong>tramitta-</strong></span> 
     </span>
    </p>
   </div>
   <div class='ocr_carea' id='block_1_20' title="bbox 503 1851 2079 1926">
    <p class='ocr_par' dir='ltr' id='par_1_20' title="bbox 503 1851 2079 1926">
     <span class='ocr_line' id='line_1_20' title="bbox 503 1851 2079 1926; baseline -0.002 -16"><span class='ocrx_word' id='word_1_125' title='bbox 503 1870 588 1912; x_wconf 84' lang='lat' dir='ltr'><strong>tur</strong></span> <span class='ocrx_word' id='word_1_126' title='bbox 609 1858 674 1911; x_wconf 79' lang='grc'>⁸⁷.</span> <span class='ocrx_word' id='word_1_127' title='bbox 700 1856 1051 1926; x_wconf 87' lang='lat' dir='ltr'><strong>Spiritualem</strong></span> <span class='ocrx_word' id='word_1_128' title='bbox 1079 1863 1261 1910; x_wconf 91' lang='lat' dir='ltr'><strong>autem</strong></span> <span class='ocrx_word' id='word_1_129' title='bbox 1288 1853 1741 1924; x_wconf 79' lang='lat' dir='ltr'><strong>genuﬂexionem,</strong></span> <span class='ocrx_word' id='word_1_130' title='bbox 1768 1853 1848 1907; x_wconf 90' lang='lat' dir='ltr'><strong>sic</strong></span> <span class='ocrx_word' id='word_1_131' title='bbox 1878 1851 2079 1907; x_wconf 89' lang='lat' dir='ltr'><strong>dictam</strong></span> 
     </span>
    </p>
   </div>
   <div class='ocr_carea' id='block_1_21' title="bbox 502 1944 2081 2017">
    <p class='ocr_par' dir='ltr' id='par_1_21' title="bbox 502 1944 2081 2017">
     <span class='ocr_line' id='line_1_21' title="bbox 502 1944 2081 2017; baseline -0.003 -13"><span class='ocrx_word' id='word_1_132' title='bbox 502 1965 568 2004; x_wconf 93' lang='lat' dir='ltr'><strong>eo</strong></span> <span class='ocrx_word' id='word_1_133' title='bbox 592 1950 734 2017; x_wconf 89' lang='lat' dir='ltr'><strong>quod</strong></span> <span class='ocrx_word' id='word_1_134' title='bbox 766 1948 947 2002; x_wconf 90' lang='lat' dir='ltr'><strong>omnia</strong></span> <span class='ocrx_word' id='word_1_135' title='bbox 984 1963 1104 2016; x_wconf 67' lang='lat' dir='ltr'><strong>qua:</strong></span> <span class='ocrx_word' id='word_1_136' title='bbox 1137 1956 1268 2001; x_wconf 88' lang='lat' dir='ltr'><strong>sunt</strong></span> <span class='ocrx_word' id='word_1_137' title='bbox 1305 1945 1470 1998; x_wconf 91' lang='lat' dir='ltr'><strong>Deum</strong></span> <span class='ocrx_word' id='word_1_138' title='bbox 1518 1945 1747 1998; x_wconf 87' lang='lat' dir='ltr'><strong>adorent</strong></span> <span class='ocrx_word' id='word_1_139' title='bbox 1776 1944 1828 1998; x_wconf 90' lang='lat' dir='ltr'><strong>in</strong></span> <span class='ocrx_word' id='word_1_140' title='bbox 1862 1944 2081 1999; x_wconf 88' lang='lat' dir='ltr'><strong>nomine</strong></span> 
     </span>
    </p>
   </div>
   <div class='ocr_carea' id='block_1_22' title="bbox 502 2035 2080 2108">
    <p class='ocr_par' dir='ltr' id='par_1_22' title="bbox 502 2035 2080 2108">
     <span class='ocr_line' id='line_1_22' title="bbox 502 2035 2080 2108; baseline -0.003 -15"><span class='ocrx_word' id='word_1_141' title='bbox 502 2038 656 2103; x_wconf 81' lang='lat' dir='ltr'><strong>Jesu,</strong></span> <span class='ocrx_word' id='word_1_142' title='bbox 713 2039 924 2108; x_wconf 87' lang='lat' dir='ltr'><strong>ipsique</strong></span> <span class='ocrx_word' id='word_1_143' title='bbox 981 2052 1041 2092; x_wconf 88' lang='lat' dir='ltr'><strong>se</strong></span> <span class='ocrx_word' id='word_1_144' title='bbox 1091 2037 1369 2092; x_wconf 84' lang='lat' dir='ltr'><strong>humiliter</strong></span> <span class='ocrx_word' id='word_1_145' title='bbox 1427 2035 1741 2102; x_wconf 83' lang='lat' dir='ltr'><strong>subjiciam,</strong></span> <span class='ocrx_word' id='word_1_146' title='bbox 1792 2036 2080 2090; x_wconf 88' lang='lat' dir='ltr'><strong>ostendere</strong></span> 
     </span>
    </p>
   </div>
   <div class='ocr_carea' id='block_1_23' title="bbox 504 2125 2081 2199">
    <p class='ocr_par' dir='ltr' id='par_1_23' title="bbox 504 2125 2081 2199">
     <span class='ocr_line' id='line_1_23' title="bbox 504 2125 2081 2199; baseline -0.004 -14"><span class='ocrx_word' id='word_1_147' title='bbox 504 2132 638 2185; x_wconf 81' lang='lat' dir='ltr'><strong>mihi</strong></span> <span class='ocrx_word' id='word_1_148' title='bbox 677 2132 896 2184; x_wconf 88' lang='lat' dir='ltr'><strong>videtur</strong></span> <span class='ocrx_word' id='word_1_149' title='bbox 928 2128 1216 2199; x_wconf 86' lang='lat' dir='ltr'><strong>Apostolus</strong></span> <span class='ocrx_word' id='word_1_150' title='bbox 1256 2127 1307 2180; x_wconf 91' lang='lat' dir='ltr'><strong>in</strong></span> <span class='ocrx_word' id='word_1_151' title='bbox 1345 2127 1467 2182; x_wconf 89' lang='lat' dir='ltr'><strong>his:</strong></span> <span class='ocrx_word' id='word_1_152' title='bbox 1511 2125 1578 2180; x_wconf 88' lang='lat' dir='ltr'><strong>Ut</strong></span> <span class='ocrx_word' id='word_1_153' title='bbox 1607 2127 1659 2180; x_wconf 86' lang='lat' dir='ltr'><strong>in</strong></span> <span class='ocrx_word' id='word_1_154' title='bbox 1707 2126 1912 2180; x_wconf 77' lang='lat' dir='ltr'><strong>nomine</strong></span> <span class='ocrx_word' id='word_1_155' title='bbox 1952 2126 2081 2181; x_wconf 81' lang='lat' dir='ltr'><strong>Jesu</strong></span> 
     </span>
    </p>
   </div>
   <div class='ocr_carea' id='block_1_24' title="bbox 502 2220 2080 2292">
    <p class='ocr_par' dir='ltr' id='par_1_24' title="bbox 502 2220 2080 2292">
     <span class='ocr_line' id='line_1_24' title="bbox 502 2220 2080 2292; baseline -0.003 -15"><span class='ocrx_word' id='word_1_156' title='bbox 502 2240 653 2277; x_wconf 66' lang='lat' dir='ltr'><strong>omam</strong></span> <span class='ocrx_word' id='word_1_157' title='bbox 682 2239 817 2292; x_wconf 84' lang='lat' dir='ltr'><strong>genu</strong></span> <span class='ocrx_word' id='word_1_158' title='bbox 846 2222 1092 2290; x_wconf 71' lang='lat' dir='ltr'><strong>ﬂeetatur</strong></span> <span class='ocrx_word' id='word_1_159' title='bbox 1137 2220 1440 2282; x_wconf 69' lang='lat' dir='ltr'><strong>caslcstium,</strong></span> <span class='ocrx_word' id='word_1_160' title='bbox 1486 2220 1652 2292; x_wconf 77' lang='lat'><strong>268</strong></span> <span class='ocrx_word' id='word_1_161' title='bbox 1684 2220 2006 2273; x_wconf 73' lang='lat' dir='ltr'><strong>terrestrium</strong></span> <span class='ocrx_word' id='word_1_162' title='bbox 2032 2229 2080 2272; x_wconf 83' lang='lat' dir='ltr'><strong>et</strong></span> 
     </span>
    </p>
   </div>
   <div class='ocr_carea' id='block_1_25' title="bbox 501 2314 2078 2385">
    <p class='ocr_par' dir='ltr' id='par_1_25' title="bbox 501 2314 2078 2385">
     <span class='ocr_line' id='line_1_25' title="bbox 501 2314 2078 2385; baseline -0.003 -16"><span class='ocrx_word' id='word_1_163' title='bbox 501 2315 922 2383; x_wconf 71' lang='lat' dir='ltr'><strong>infernarum”.</strong></span> <span class='ocrx_word' id='word_1_164' title='bbox 983 2315 1166 2385; x_wconf 77' lang='lat' dir='ltr'><strong>Neque</strong></span> <span class='ocrx_word' id='word_1_165' title='bbox 1217 2315 1361 2368; x_wconf 89' lang='lat' dir='ltr'><strong>enim</strong></span> <span class='ocrx_word' id='word_1_166' title='bbox 1421 2315 1531 2368; x_wconf 90' lang='lat' dir='ltr'><strong>ullo</strong></span> <span class='ocrx_word' id='word_1_167' title='bbox 1586 2314 1746 2368; x_wconf 90' lang='lat' dir='ltr'><strong>modo</strong></span> <span class='ocrx_word' id='word_1_168' title='bbox 1782 2315 2078 2382; x_wconf 87' lang='lat' dir='ltr'><strong>putandum</strong></span> 
     </span>
    </p>
   </div>
   <div class='ocr_carea' id='block_1_26' title="bbox 502 2406 2079 2473">
    <p class='ocr_par' dir='ltr' id='par_1_26' title="bbox 502 2406 2079 2473">
     <span class='ocr_line' id='line_1_26' title="bbox 502 2406 2079 2473; baseline -0.005 -11"><span class='ocrx_word' id='word_1_169' title='bbox 502 2418 587 2462; x_wconf 84' lang='lat' dir='ltr'><strong>est</strong></span> <span class='ocrx_word' id='word_1_170' title='bbox 614 2407 684 2460; x_wconf 85' lang='lat' dir='ltr'><strong>ita</strong></span> <span class='ocrx_word' id='word_1_171' title='bbox 715 2406 1049 2461; x_wconf 84' lang='lat' dir='ltr'><strong>c0nformata</strong></span> <span class='ocrx_word' id='word_1_172' title='bbox 1088 2421 1208 2460; x_wconf 87' lang='lat' dir='ltr'><strong>esse</strong></span> <span class='ocrx_word' id='word_1_173' title='bbox 1237 2407 1543 2460; x_wconf 79' lang='lat' dir='ltr'><strong>caelestium</strong></span> <span class='ocrx_word' id='word_1_174' title='bbox 1567 2417 1793 2473; x_wconf 87' lang='lat' dir='ltr'><strong>corpora</strong></span> <span class='ocrx_word' id='word_1_175' title='bbox 1823 2410 1882 2455; x_wconf 93' lang='lat' dir='ltr'><strong>ut</strong></span> <span class='ocrx_word' id='word_1_176' title='bbox 1907 2415 2079 2472; x_wconf 81' lang='lat' dir='ltr'><strong>genua</strong></span> 
     </span>
    </p>
   </div>
   <div class='ocr_carea' id='block_1_27' title="bbox 503 2498 2080 2566">
    <p class='ocr_par' dir='ltr' id='par_1_27' title="bbox 503 2498 2080 2566">
     <span class='ocr_line' id='line_1_27' title="bbox 503 2498 2080 2566; baseline -0.003 -14"><span class='ocrx_word' id='word_1_177' title='bbox 503 2500 668 2552; x_wconf 84' lang='lat' dir='ltr'><strong>etiam</strong></span> <span class='ocrx_word' id='word_1_178' title='bbox 723 2514 984 2566; x_wconf 86' lang='lat' dir='ltr'><strong>corporea</strong></span> <span class='ocrx_word' id='word_1_179' title='bbox 1035 2498 1293 2560; x_wconf 85' lang='lat' dir='ltr'><strong>habeant,</strong></span> <span class='ocrx_word' id='word_1_180' title='bbox 1325 2515 1447 2554; x_wconf 91' lang='lat' dir='ltr'><strong>eum</strong></span> <span class='ocrx_word' id='word_1_181' title='bbox 1483 2499 1712 2552; x_wconf 88' lang='lat' dir='ltr'><strong>rotunda</strong></span> <span class='ocrx_word' id='word_1_182' title='bbox 1741 2509 1862 2566; x_wconf 85' lang='lat' dir='ltr'><strong>esse</strong></span> <span class='ocrx_word' id='word_1_183' title='bbox 1892 2509 2080 2549; x_wconf 87' lang='lat' dir='ltr'><strong>eorum</strong></span> 
     </span>
    </p>
   </div>
   <div class='ocr_carea' id='block_1_28' title="bbox 503 2587 2082 2661">
    <p class='ocr_par' dir='ltr' id='par_1_28' title="bbox 503 2587 2082 2661">
     <span class='ocr_line' id='line_1_28' title="bbox 503 2587 2082 2661; baseline -0.002 -17"><span class='ocrx_word' id='word_1_184' title='bbox 503 2606 733 2661; x_wconf 79' lang='lat' dir='ltr'><strong>corpora</strong></span> <span class='ocrx_word' id='word_1_185' title='bbox 765 2589 1195 2644; x_wconf 81' lang='lat' dir='ltr'><strong>demonstratum</strong></span> <span class='ocrx_word' id='word_1_186' title='bbox 1243 2591 1316 2644; x_wconf 89' lang='lat' dir='ltr'><strong>sit</strong></span> <span class='ocrx_word' id='word_1_187' title='bbox 1366 2590 1435 2642; x_wconf 87' lang='lat' dir='ltr'><strong>ab</strong></span> <span class='ocrx_word' id='word_1_188' title='bbox 1475 2591 1540 2645; x_wconf 93' lang='lat' dir='ltr'><strong>iis</strong></span> <span class='ocrx_word' id='word_1_189' title='bbox 1569 2588 1662 2660; x_wconf 88' lang='lat' dir='ltr'><strong>qui</strong></span> <span class='ocrx_word' id='word_1_190' title='bbox 1693 2597 1954 2644; x_wconf 84' lang='lat' dir='ltr'><strong>accurate</strong></span> <span class='ocrx_word' id='word_1_191' title='bbox 1980 2587 2082 2642; x_wconf 87' lang='lat' dir='ltr'><strong>ista</strong></span> 
     </span>
    </p>
   </div>
   <div class='ocr_carea' id='block_1_29' title="bbox 506 2681 2082 2754">
    <p class='ocr_par' dir='ltr' id='par_1_29' title="bbox 506 2681 2082 2754">
     <span class='ocr_line' id='line_1_29' title="bbox 506 2681 2082 2754; baseline -0.001 -18"><span class='ocrx_word' id='word_1_192' title='bbox 506 2693 828 2737; x_wconf 88' lang='lat' dir='ltr'><strong>tractarunt.</strong></span> <span class='ocrx_word' id='word_1_193' title='bbox 865 2682 922 2737; x_wconf 64' lang='grc' dir='ltr'><strong>ιιι</strong></span> <span class='ocrx_word' id='word_1_194' title='bbox 952 2682 1045 2754; x_wconf 88' lang='lat' dir='ltr'><strong>qui</strong></span> <span class='ocrx_word' id='word_1_195' title='bbox 1073 2683 1364 2737; x_wconf 87' lang='lat' dir='ltr'><strong>admittere</strong></span> <span class='ocrx_word' id='word_1_196' title='bbox 1405 2681 1563 2746; x_wconf 87' lang='lat' dir='ltr'><strong>nolit,</strong></span> <span class='ocrx_word' id='word_1_197' title='bbox 1624 2684 1670 2736; x_wconf 89' lang='lat' dir='ltr'><strong>is</strong></span> <span class='ocrx_word' id='word_1_198' title='bbox 1723 2682 1826 2736; x_wconf 88' lang='lat' dir='ltr'><strong>nisi</strong></span> <span class='ocrx_word' id='word_1_199' title='bbox 1878 2681 2082 2736; x_wconf 86' lang='lat' dir='ltr'><strong>rationi</strong></span> 
     </span>
    </p>
   </div>
   <div class='ocr_carea' id='block_1_30' title="bbox 505 2774 2081 2846">
    <p class='ocr_par' dir='ltr' id='par_1_30' title="bbox 505 2774 2081 2846">
     <span class='ocr_line' id='line_1_30' title="bbox 505 2774 2081 2846; baseline 0 -18"><span class='ocrx_word' id='word_1_200' title='bbox 505 2777 849 2846; x_wconf 89' lang='lat' dir='ltr'><strong>impudenter</strong></span> <span class='ocrx_word' id='word_1_201' title='bbox 879 2776 1119 2840; x_wconf 85' lang='lat' dir='ltr'><strong>resistat,</strong></span> <span class='ocrx_word' id='word_1_202' title='bbox 1146 2775 1309 2829; x_wconf 88' lang='lat' dir='ltr'><strong>etiam</strong></span> <span class='ocrx_word' id='word_1_203' title='bbox 1344 2774 1682 2844; x_wconf 80' lang='lat' dir='ltr'><strong>singulorum</strong></span> <span class='ocrx_word' id='word_1_204' title='bbox 1716 2790 1872 2828; x_wconf 89' lang='lat' dir='ltr'><strong>usum</strong></span> <span class='ocrx_word' id='word_1_205' title='bbox 1907 2788 2081 2828; x_wconf 89' lang='lat' dir='ltr'><strong>mem-</strong></span> 
     </span>
    </p>
   </div>
   <div class='ocr_carea' id='block_1_31' title="bbox 502 2865 2080 2936">
    <p class='ocr_par' dir='ltr' id='par_1_31' title="bbox 502 2865 2080 2936">
     <span class='ocr_line' id='line_1_31' title="bbox 502 2865 2080 2936; baseline 0.001 -16"><span class='ocrx_word' id='word_1_206' title='bbox 502 2865 749 2931; x_wconf 82' lang='lat' dir='ltr'><strong>brorum,</strong></span> <span class='ocrx_word' id='word_1_207' title='bbox 776 2867 993 2936; x_wconf 89' lang='lat' dir='ltr'><strong>nequid</strong></span> <span class='ocrx_word' id='word_1_208' title='bbox 1021 2866 1073 2919; x_wconf 91' lang='lat' dir='ltr'><strong>in</strong></span> <span class='ocrx_word' id='word_1_209' title='bbox 1108 2866 1192 2920; x_wconf 90' lang='lat' dir='ltr'><strong>his</strong></span> <span class='ocrx_word' id='word_1_210' title='bbox 1211 2883 1239 2918; x_wconf 91' lang='lat' dir='ltr'><strong>a</strong></span> <span class='ocrx_word' id='word_1_211' title='bbox 1260 2880 1474 2920; x_wconf 89' lang='lat' dir='ltr'><strong>summo</strong></span> <span class='ocrx_word' id='word_1_212' title='bbox 1501 2865 1712 2919; x_wconf 81' lang='lat' dir='ltr'><strong>artiﬁce</strong></span> <span class='ocrx_word' id='word_1_213' title='bbox 1745 2865 1853 2920; x_wconf 91' lang='lat' dir='ltr'><strong>Deo</strong></span> <span class='ocrx_word' id='word_1_214' title='bbox 1876 2866 2080 2921; x_wconf 84' lang='lat' dir='ltr'><strong>frustra</strong></span> 
     </span>
    </p>
   </div>
   <div class='ocr_carea' id='block_1_32' title="bbox 502 2958 2078 3030">
    <p class='ocr_par' dir='ltr' id='par_1_32' title="bbox 502 2958 2078 3030">
     <span class='ocr_line' id='line_1_32' title="bbox 502 2958 2078 3030; baseline 0.003 -20"><span class='ocrx_word' id='word_1_215' title='bbox 502 2958 706 3013; x_wconf 82' lang='lat' dir='ltr'><strong>factum</strong></span> <span class='ocrx_word' id='word_1_216' title='bbox 739 2959 830 3023; x_wconf 89' lang='lat' dir='ltr'><strong>sit,</strong></span> <span class='ocrx_word' id='word_1_217' title='bbox 862 2958 1151 3014; x_wconf 90' lang='lat' dir='ltr'><strong>admittere</strong></span> <span class='ocrx_word' id='word_1_218' title='bbox 1183 2968 1448 3030; x_wconf 76' lang='lat' dir='ltr'><strong>cogetur;</strong></span> <span class='ocrx_word' id='word_1_219' title='bbox 1481 2959 1738 3029; x_wconf 91' lang='lat' dir='ltr'><strong>utrinque</strong></span> <span class='ocrx_word' id='word_1_220' title='bbox 1764 2958 2078 3015; x_wconf 79' lang='lat' dir='ltr'><strong>oﬂ&#39;endens:</strong></span> 
     </span>
    </p>
   </div>
   <div class='ocr_carea' id='block_1_33' title="bbox 501 3042 2077 3122">
    <p class='ocr_par' dir='ltr' id='par_1_33' title="bbox 501 3042 2077 3122">
     <span class='ocr_line' id='line_1_33' title="bbox 501 3042 2077 3122; baseline 0 -16"><span class='ocrx_word' id='word_1_221' title='bbox 501 3051 620 3106; x_wconf 83' lang='lat' dir='ltr'><strong>sive</strong></span> <span class='ocrx_word' id='word_1_222' title='bbox 657 3052 804 3105; x_wconf 88' lang='lat' dir='ltr'><strong>dicat</strong></span> <span class='ocrx_word' id='word_1_223' title='bbox 827 3062 1012 3121; x_wconf 90' lang='lat' dir='ltr'><strong>partes</strong></span> <span class='ocrx_word' id='word_1_224' title='bbox 1036 3052 1281 3122; x_wconf 87' lang='lat' dir='ltr'><strong>corporis</strong></span> <span class='ocrx_word' id='word_1_225' title='bbox 1328 3042 1528 3106; x_wconf 70' lang='lat' dir='ltr'><strong>frustra</strong></span> <span class='ocrx_word' id='word_1_226' title='bbox 1569 3067 1668 3106; x_wconf 89' lang='lat' dir='ltr'><strong>nec</strong></span> <span class='ocrx_word' id='word_1_227' title='bbox 1701 3051 1766 3106; x_wconf 88' lang='lat' dir='ltr'><strong>ad</strong></span> <span class='ocrx_word' id='word_1_228' title='bbox 1801 3053 2077 3122; x_wconf 89' lang='lat' dir='ltr'><strong>proprium</strong></span> 
     </span>
    </p>
   </div>
   <div class='ocr_carea' id='block_1_34' title="bbox 2184 558 3770 630">
    <p class='ocr_par' dir='ltr' id='par_1_34' title="bbox 2184 558 3770 630">
     <span class='ocr_line' id='line_1_34' title="bbox 2184 558 3770 630; baseline 0.003 -19"><span class='ocrx_word' id='word_1_229' title='bbox 2184 560 2284 630; x_wconf 84' lang='grc' dir='ltr'>τὴν</span> <span class='ocrx_word' id='word_1_230' title='bbox 2317 559 2481 630; x_wconf 78' lang='grc' dir='ltr'>εὐχὴν</span> <span class='ocrx_word' id='word_1_231' title='bbox 2517 558 2769 628; x_wconf 84' lang='grc' dir='ltr'>φέροντα,</span> <span class='ocrx_word' id='word_1_232' title='bbox 2803 559 2898 612; x_wconf 73' lang='grc' dir='ltr'><strong>καὶ</strong></span> <span class='ocrx_word' id='word_1_233' title='bbox 2931 559 3026 611; x_wconf 75' lang='grc' dir='ltr'><strong>ἐπὶ</strong></span> <span class='ocrx_word' id='word_1_234' title='bbox 3060 559 3152 612; x_wconf 90' lang='grc' dir='ltr'><strong>τοῦ</strong></span> <span class='ocrx_word' id='word_1_235' title='bbox 3188 559 3455 630; x_wconf 80' lang='grc' dir='ltr'>σώματος.</span> <span class='ocrx_word' id='word_1_236' title='bbox 3506 561 3692 615; x_wconf 85' lang='grc' dir='ltr'>Ταῦτα</span> <span class='ocrx_word' id='word_1_237' title='bbox 3717 563 3770 617; x_wconf 80' lang='grc' dir='ltr'>δὲ</span> 
     </span>
    </p>
   </div>
   <div class='ocr_carea' id='block_1_35' title="bbox 2182 651 3772 724">
    <p class='ocr_par' dir='ltr' id='par_1_35' title="bbox 2182 651 3772 724">
     <span class='ocr_line' id='line_1_35' title="bbox 2182 651 3772 724; baseline 0 -17"><span class='ocrx_word' id='word_1_238' title='bbox 2182 653 2416 724; x_wconf 82' lang='grc' dir='ltr'>λέγομεν</span> <span class='ocrx_word' id='word_1_239' title='bbox 2465 651 2636 723; x_wconf 76' lang='grc' dir='ltr'>χωρὶς</span> <span class='ocrx_word' id='word_1_240' title='bbox 2687 652 2867 722; x_wconf 89' lang='grc' dir='ltr'>πάσης</span> <span class='ocrx_word' id='word_1_241' title='bbox 2925 652 3300 722; x_wconf 78' lang='grc' dir='ltr'><strong>περιστάσεως</strong></span> <span class='ocrx_word' id='word_1_242' title='bbox 3349 653 3460 705; x_wconf 87' lang='grc' dir='ltr'>δεῖν</span> <span class='ocrx_word' id='word_1_243' title='bbox 3522 653 3772 719; x_wconf 67' lang='grc' dir='ltr'>γενέσθαι</span> 
     </span>
    </p>
   </div>
   <div class='ocr_carea' id='block_1_36' title="bbox 2183 744 3771 818">
    <p class='ocr_par' dir='ltr' id='par_1_36' title="bbox 2183 744 3771 818">
     <span class='ocr_line' id='line_1_36' title="bbox 2183 744 3771 818; baseline -0.001 -19"><span class='ocrx_word' id='word_1_244' title='bbox 2183 747 2630 818; x_wconf 65' lang='grc' dir='ltr'>προηγουμένως</span> <span class='ocrx_word' id='word_1_245' title='bbox 2671 744 2809 816; x_wconf 83' lang='grc' dir='ltr'><strong>μετά</strong></span> <span class='ocrx_word' id='word_1_246' title='bbox 2837 744 2944 815; x_wconf 81' lang='grc' dir='ltr'>γὰρ</span> <span class='ocrx_word' id='word_1_247' title='bbox 2966 744 3338 813; x_wconf 83' lang='grc' dir='ltr'><strong>περιστάσεως</strong></span> <span class='ocrx_word' id='word_1_248' title='bbox 3365 745 3573 818; x_wconf 74' lang='grc' dir='ltr'>δέδοται</span> <span class='ocrx_word' id='word_1_249' title='bbox 3607 745 3771 818; x_wconf 88' lang='grc' dir='ltr'>καθη-</span> 
     </span>
    </p>
   </div>
   <div class='ocr_carea' id='block_1_37' title="bbox 2184 835 3769 906">
    <p class='ocr_par' dir='ltr' id='par_1_37' title="bbox 2184 835 3769 906">
     <span class='ocr_line' id='line_1_37' title="bbox 2184 835 3769 906; baseline 0.003 -16"><span class='ocrx_word' id='word_1_250' title='bbox 2184 837 2389 901; x_wconf 86' lang='grc' dir='ltr'>κόντως</span> <span class='ocrx_word' id='word_1_251' title='bbox 2421 836 2550 888; x_wconf 84' lang='grc' dir='ltr'>ποτὲ</span> <span class='ocrx_word' id='word_1_252' title='bbox 2576 835 2935 906; x_wconf 77' lang='grc' dir='ltr'><strong>καθεζόμενον</strong></span> <span class='ocrx_word' id='word_1_253' title='bbox 2959 835 3217 899; x_wconf 80' lang='grc' dir='ltr'>εύξασθαι</span> <span class='ocrx_word' id='word_1_254' title='bbox 3243 837 3330 891; x_wconf 90' lang='grc' dir='ltr'><strong>διά</strong></span> <span class='ocrx_word' id='word_1_255' title='bbox 3348 855 3467 891; x_wconf 87' lang='grc' dir='ltr'>τινα</span> <span class='ocrx_word' id='word_1_256' title='bbox 3486 838 3644 892; x_wconf 82' lang='grc' dir='ltr'>νόσον</span> <span class='ocrx_word' id='word_1_257' title='bbox 3669 839 3769 894; x_wconf 85' lang='grc' dir='ltr'><strong>τῶν</strong></span> 
     </span>
    </p>
   </div>
   <div class='ocr_carea' id='block_1_38' title="bbox 2185 927 3769 1000">
    <p class='ocr_par' dir='ltr' id='par_1_38' title="bbox 2185 927 3769 1000">
     <span class='ocr_line' id='line_1_38' title="bbox 2185 927 3769 1000; baseline 0.001 -18"><span class='ocrx_word' id='word_1_258' title='bbox 2185 927 2361 982; x_wconf 79' lang='grc' dir='ltr'>ποδῶν</span> <span class='ocrx_word' id='word_1_259' title='bbox 2391 929 2492 981; x_wconf 79' lang='grc' dir='ltr'><strong>οὐκ</strong></span> <span class='ocrx_word' id='word_1_260' title='bbox 2523 928 3016 999; x_wconf 79' lang='grc' dir='ltr'>εὐκαταφρόνητον,</span> <span class='ocrx_word' id='word_1_261' title='bbox 3066 927 3099 998; x_wconf 80' lang='grc' dir='ltr'>ἢ</span> <span class='ocrx_word' id='word_1_262' title='bbox 3137 930 3231 981; x_wconf 69' lang='grc' dir='ltr'><strong>καὶ</strong></span> <span class='ocrx_word' id='word_1_263' title='bbox 3261 930 3660 1000; x_wconf 82' lang='grc' dir='ltr'>κατακείμενον</span> <span class='ocrx_word' id='word_1_264' title='bbox 3686 930 3769 984; x_wconf 73' lang='grc' dir='ltr'><strong>διὰ</strong></span> 
     </span>
    </p>
   </div>
   <div class='ocr_carea' id='block_1_39' title="bbox 2184 1020 3770 1096">
    <p class='ocr_par' dir='ltr' id='par_1_39' title="bbox 2184 1020 3770 1096">
     <span class='ocr_line' id='line_1_39' title="bbox 2184 1020 3770 1096; baseline 0.001 -21"><span class='ocrx_word' id='word_1_265' title='bbox 2184 1022 2476 1093; x_wconf 76' lang='grc' dir='ltr'>πυρετοὺς,</span> <span class='ocrx_word' id='word_1_266' title='bbox 2503 1020 2534 1091; x_wconf 80' lang='grc' dir='ltr'>ἢ</span> <span class='ocrx_word' id='word_1_267' title='bbox 2564 1020 2817 1084; x_wconf 84' lang='grc' dir='ltr'><strong>τοιαύτας</strong></span> <span class='ocrx_word' id='word_1_268' title='bbox 2853 1020 2962 1091; x_wconf 72' lang='grc'>(25)</span> <span class='ocrx_word' id='word_1_269' title='bbox 2993 1020 3298 1086; x_wconf 88' lang='grc' dir='ltr'>ἀσθενείας.</span> <span class='ocrx_word' id='word_1_270' title='bbox 3321 1024 3432 1076; x_wconf 79' lang='grc' dir='ltr'>Καὶ</span> <span class='ocrx_word' id='word_1_271' title='bbox 3469 1023 3560 1076; x_wconf 81' lang='grc' dir='ltr'><strong>διὰ</strong></span> <span class='ocrx_word' id='word_1_272' title='bbox 3588 1041 3770 1096; x_wconf 87' lang='grc' dir='ltr'>περιε-</span> 
     </span>
    </p>
   </div>
   <div class='ocr_carea' id='block_1_40' title="bbox 2187 1112 3771 1188">
    <p class='ocr_par' dir='ltr' id='par_1_40' title="bbox 2187 1112 3771 1188">
     <span class='ocr_line' id='line_1_40' title="bbox 2187 1112 3771 1188; baseline 0.003 -22"><span class='ocrx_word' id='word_1_273' title='bbox 2187 1113 2388 1176; x_wconf 87' lang='grc' dir='ltr'>στῶτος</span> <span class='ocrx_word' id='word_1_274' title='bbox 2413 1113 2491 1176; x_wconf 84' lang='grc' dir='ltr'><strong>δὲ,</strong></span> <span class='ocrx_word' id='word_1_275' title='bbox 2525 1113 2656 1186; x_wconf 75' lang='grc' dir='ltr'>φέρε</span> <span class='ocrx_word' id='word_1_276' title='bbox 2689 1113 2884 1176; x_wconf 88' lang='grc' dir='ltr'>εἰπεῖν,</span> <span class='ocrx_word' id='word_1_277' title='bbox 2907 1112 3002 1166; x_wconf 78' lang='grc' dir='ltr'>ἐὰν</span> <span class='ocrx_word' id='word_1_278' title='bbox 3029 1113 3298 1186; x_wconf 82' lang='grc' dir='ltr'><strong>πλέωμεν,</strong></span> <span class='ocrx_word' id='word_1_279' title='bbox 3322 1115 3354 1188; x_wconf 80' lang='grc' dir='ltr'><strong>ἢ</strong></span> <span class='ocrx_word' id='word_1_280' title='bbox 3381 1116 3448 1170; x_wconf 75' lang='grc' dir='ltr'><strong>τὰ</strong></span> <span class='ocrx_word' id='word_1_281' title='bbox 3472 1118 3771 1188; x_wconf 84' lang='grc' dir='ltr'>πράγματα</span> 
     </span>
    </p>
   </div>
   <div class='ocr_carea' id='block_1_41' title="bbox 2188 1207 3772 1284">
    <p class='ocr_par' dir='ltr' id='par_1_41' title="bbox 2188 1207 3772 1284">
     <span class='ocr_line' id='line_1_41' title="bbox 2188 1207 3772 1284; baseline 0.003 -24"><span class='ocrx_word' id='word_1_282' title='bbox 2188 1208 2261 1280; x_wconf 83' lang='grc' dir='ltr'><strong>μὴ</strong></span> <span class='ocrx_word' id='word_1_283' title='bbox 2299 1207 2569 1280; x_wconf 77' lang='grc' dir='ltr'>ἐπιτρέπῃ</span> <span class='ocrx_word' id='word_1_284' title='bbox 2613 1207 3029 1279; x_wconf 79' lang='grc' dir='ltr'>ἀναχωροῦντας</span> <span class='ocrx_word' id='word_1_285' title='bbox 3076 1207 3150 1279; x_wconf 81' lang='grc' dir='ltr'>μὴ</span> <span class='ocrx_word' id='word_1_286' title='bbox 3200 1209 3495 1264; x_wconf 84' lang='grc' dir='ltr'>ἀποδοῦναι</span> <span class='ocrx_word' id='word_1_287' title='bbox 3536 1210 3649 1282; x_wconf 73' lang='grc'>(26)</span> <span class='ocrx_word' id='word_1_288' title='bbox 3677 1213 3772 1284; x_wconf 80' lang='grc' dir='ltr'>τὴν</span> 
     </span>
    </p>
   </div>
   <div class='ocr_carea' id='block_1_42' title="bbox 2183 1298 3771 1375">
    <p class='ocr_par' dir='ltr' id='par_1_42' title="bbox 2183 1298 3771 1375">
     <span class='ocr_line' id='line_1_42' title="bbox 2183 1298 3771 1375; baseline 0.004 -23"><span class='ocrx_word' id='word_1_289' title='bbox 2183 1299 2539 1370; x_wconf 81' lang='grc' dir='ltr'>ὀφειλομένην</span> <span class='ocrx_word' id='word_1_290' title='bbox 2563 1298 2748 1370; x_wconf 82' lang='grc' dir='ltr'>εὐχὴν,</span> <span class='ocrx_word' id='word_1_291' title='bbox 2785 1299 2933 1354; x_wconf 79' lang='grc' dir='ltr'>ἐστιν</span> <span class='ocrx_word' id='word_1_292' title='bbox 2963 1299 3244 1365; x_wconf 77' lang='grc' dir='ltr'>εὔξασθαι,</span> <span class='ocrx_word' id='word_1_293' title='bbox 3273 1302 3406 1374; x_wconf 80' lang='grc' dir='ltr'>μηδὲ</span> <span class='ocrx_word' id='word_1_294' title='bbox 3441 1308 3771 1375; x_wconf 81' lang='grc' dir='ltr'>προσποιού-</span> 
     </span>
    </p>
   </div>
   <div class='ocr_carea' id='block_1_43' title="bbox 2187 1391 3772 1467">
    <p class='ocr_par' dir='ltr' id='par_1_43' title="bbox 2187 1391 3772 1467">
     <span class='ocr_line' id='line_1_43' title="bbox 2187 1391 3772 1467; baseline 0.004 -23"><span class='ocrx_word' id='word_1_295' title='bbox 2187 1409 2344 1462; x_wconf 86' lang='grc' dir='ltr'>μενον</span> <span class='ocrx_word' id='word_1_296' title='bbox 2386 1391 2542 1445; x_wconf 88' lang='grc' dir='ltr'>τοῦτο</span> <span class='ocrx_word' id='word_1_297' title='bbox 2581 1394 2778 1445; x_wconf 85' lang='grc' dir='ltr'>ποιεῖν.</span> <span class='ocrx_word' id='word_1_298' title='bbox 2819 1392 2928 1444; x_wconf 76' lang='grc' dir='ltr'>Καὶ</span> <span class='ocrx_word' id='word_1_299' title='bbox 2975 1395 3007 1464; x_wconf 81' lang='grc' dir='ltr'>ἡ</span> <span class='ocrx_word' id='word_1_300' title='bbox 3049 1393 3364 1461; x_wconf 85' lang='grc' dir='ltr'>γονυκλισία</span> <span class='ocrx_word' id='word_1_301' title='bbox 3398 1395 3456 1448; x_wconf 80' lang='grc' dir='ltr'><strong>δὲ</strong></span> <span class='ocrx_word' id='word_1_302' title='bbox 3499 1395 3772 1467; x_wconf 80' lang='grc' dir='ltr'>ὅτιάναγ-</span> 
     </span>
    </p>
   </div>
   <div class='ocr_carea' id='block_1_44' title="bbox 2183 1482 3775 1568">
    <p class='ocr_par' dir='ltr' id='par_1_44' title="bbox 2183 1482 3775 1568">
     <span class='ocr_line' id='line_1_44' title="bbox 2183 1482 3775 1568; baseline 0.003 -32"><span class='ocrx_word' id='word_1_303' title='bbox 2183 1483 2315 1537; x_wconf 89' lang='grc' dir='ltr'>καία</span> <span class='ocrx_word' id='word_1_304' title='bbox 2341 1483 2506 1546; x_wconf 75' lang='grc' dir='ltr'>ἐστὶν,</span> <span class='ocrx_word' id='word_1_305' title='bbox 2551 1483 2638 1537; x_wconf 84' lang='grc' dir='ltr'>ὅτε</span> <span class='ocrx_word' id='word_1_306' title='bbox 2683 1501 2768 1547; x_wconf 89' lang='grc' dir='ltr'><strong>τις</strong></span> <span class='ocrx_word' id='word_1_307' title='bbox 2787 1482 2967 1553; x_wconf 88' lang='grc' dir='ltr'>μέλλει</span> <span class='ocrx_word' id='word_1_308' title='bbox 2996 1484 3102 1538; x_wconf 80' lang='grc' dir='ltr'><strong>τῶν</strong></span> <span class='ocrx_word' id='word_1_309' title='bbox 3139 1485 3282 1538; x_wconf 87' lang='grc' dir='ltr'>ἰδίων</span> <span class='ocrx_word' id='word_1_310' title='bbox 3311 1487 3403 1538; x_wconf 78' lang='grc' dir='ltr'><strong>ἐπὶ</strong></span> <span class='ocrx_word' id='word_1_311' title='bbox 3432 1485 3572 1568; x_wconf 83' lang='grc' dir='ltr'>Θεοῦ</span> <span class='ocrx_word' id='word_1_312' title='bbox 3597 1488 3775 1561; x_wconf 87' lang='grc' dir='ltr'>ἀμαρ-</span> 
     </span>
    </p>
   </div>
   <div class='ocr_carea' id='block_1_45' title="bbox 2185 1573 3774 1647">
    <p class='ocr_par' dir='ltr' id='par_1_45' title="bbox 2185 1573 3774 1647">
     <span class='ocr_line' id='line_1_45' title="bbox 2185 1573 3774 1647; baseline 0.004 -21"><span class='ocrx_word' id='word_1_313' title='bbox 2185 1573 2446 1645; x_wconf 89' lang='grc' dir='ltr'>τημάτων</span> <span class='ocrx_word' id='word_1_314' title='bbox 2478 1576 2825 1646; x_wconf 84' lang='grc' dir='ltr'>κατηγορεῖν,</span> <span class='ocrx_word' id='word_1_315' title='bbox 2872 1573 3130 1628; x_wconf 78' lang='grc' dir='ltr'>ἱκετεύων</span> <span class='ocrx_word' id='word_1_316' title='bbox 3162 1575 3289 1647; x_wconf 76' lang='grc' dir='ltr'>περὶ</span> <span class='ocrx_word' id='word_1_317' title='bbox 3315 1579 3414 1646; x_wconf 83' lang='grc' dir='ltr'><strong>τῆς</strong></span> <span class='ocrx_word' id='word_1_318' title='bbox 3439 1576 3534 1629; x_wconf 75' lang='grc' dir='ltr'>ἐπὶ</span> <span class='ocrx_word' id='word_1_319' title='bbox 3565 1577 3774 1644; x_wconf 78' lang='grc' dir='ltr'>τούτοις</span> 
     </span>
    </p>
   </div>
   <div class='ocr_carea' id='block_1_46' title="bbox 2188 1671 3774 1746">
    <p class='ocr_par' dir='ltr' id='par_1_46' title="bbox 2188 1671 3774 1746">
     <span class='ocr_line' id='line_1_46' title="bbox 2188 1671 3774 1746; baseline 0.001 -21"><span class='ocrx_word' id='word_1_320' title='bbox 2188 1671 2403 1736; x_wconf 80' lang='grc' dir='ltr'>ἰάσεως.</span> <span class='ocrx_word' id='word_1_321' title='bbox 2463 1673 2557 1728; x_wconf 73' lang='grc' dir='ltr'>καὶ</span> <span class='ocrx_word' id='word_1_322' title='bbox 2609 1677 2705 1745; x_wconf 86' lang='grc' dir='ltr'>τῆς</span> <span class='ocrx_word' id='word_1_323' title='bbox 2755 1675 3001 1743; x_wconf 71' lang='grc' dir='ltr'>ἀφέσεως</span> <span class='ocrx_word' id='word_1_324' title='bbox 3045 1674 3244 1740; x_wconf 77' lang='grc' dir='ltr'>αὐτῶν,</span> <span class='ocrx_word' id='word_1_325' title='bbox 3292 1675 3492 1728; x_wconf 87' lang='grc' dir='ltr'>εἰδέναι</span> <span class='ocrx_word' id='word_1_326' title='bbox 3526 1674 3656 1746; x_wconf 76' lang='grc' dir='ltr'>χρὴ,</span> <span class='ocrx_word' id='word_1_327' title='bbox 3695 1673 3774 1727; x_wconf 80' lang='grc' dir='ltr'>ὅτι</span> 
     </span>
    </p>
   </div>
   <div class='ocr_carea' id='block_1_47' title="bbox 2188 1764 3776 1837">
    <p class='ocr_par' dir='ltr' id='par_1_47' title="bbox 2188 1764 3776 1837">
     <span class='ocr_line' id='line_1_47' title="bbox 2188 1764 3776 1837; baseline 0.001 -20"><span class='ocrx_word' id='word_1_328' title='bbox 2188 1764 2449 1837; x_wconf 89' lang='grc' dir='ltr'>σύμϐολον</span> <span class='ocrx_word' id='word_1_329' title='bbox 2466 1766 2717 1837; x_wconf 82' lang='grc' dir='ltr'>τυγχάνει</span> <span class='ocrx_word' id='word_1_330' title='bbox 2732 1765 2822 1820; x_wconf 89' lang='grc' dir='ltr'><strong>τοῦ</strong></span> <span class='ocrx_word' id='word_1_331' title='bbox 2850 1767 3324 1832; x_wconf 82' lang='grc' dir='ltr'>ὑποπεπτωκότος,</span> <span class='ocrx_word' id='word_1_332' title='bbox 3347 1768 3442 1821; x_wconf 73' lang='grc' dir='ltr'><strong>καὶ</strong></span> <span class='ocrx_word' id='word_1_333' title='bbox 3466 1767 3776 1834; x_wconf 82' lang='grc' dir='ltr'>ὑποτεταγ-</span> 
     </span>
    </p>
   </div>
   <div class='ocr_carea' id='block_1_48' title="bbox 2186 1851 3775 1932">
    <p class='ocr_par' dir='ltr' id='par_1_48' title="bbox 2186 1851 3775 1932">
     <span class='ocr_line' id='line_1_48' title="bbox 2186 1851 3775 1932; baseline 0.001 -22"><span class='ocrx_word' id='word_1_334' title='bbox 2186 1857 2345 1928; x_wconf 87' lang='grc' dir='ltr'>μένου</span> <span class='ocrx_word' id='word_1_335' title='bbox 2391 1857 2603 1912; x_wconf 82' lang='grc' dir='ltr'>Παύλου</span> <span class='ocrx_word' id='word_1_336' title='bbox 2632 1857 2898 1928; x_wconf 75' lang='grc' dir='ltr'>λέγοντοςο</span> <span class='ocrx_word' id='word_1_337' title='bbox 2942 1861 3158 1914; x_wconf 81' lang='grc' dir='ltr'>Τούτου</span> <span class='ocrx_word' id='word_1_338' title='bbox 3208 1851 3672 1932; x_wconf 55' lang='grc' dir='ltr'>χάρινῖιάμπτω</span> <span class='ocrx_word' id='word_1_339' title='bbox 3704 1857 3775 1912; x_wconf 82' lang='grc' dir='ltr'>τὰ</span> 
     </span>
    </p>
   </div>
   <div class='ocr_carea' id='block_1_49' title="bbox 2182 1947 3777 2020">
    <p class='ocr_par' dir='ltr' id='par_1_49' title="bbox 2182 1947 3777 2020">
     <span class='ocr_line' id='line_1_49' title="bbox 2182 1947 3777 2020; baseline -0.001 -15"><span class='ocrx_word' id='word_1_340' title='bbox 2182 1950 2404 2018; x_wconf 76' lang='grc' dir='ltr'>γόνατά</span> <span class='ocrx_word' id='word_1_341' title='bbox 2445 1967 2564 2020; x_wconf 86' lang='grc' dir='ltr'><strong>μου</strong></span> <span class='ocrx_word' id='word_1_342' title='bbox 2613 1951 2763 2020; x_wconf 81' lang='grc' dir='ltr'>πρὸς</span> <span class='ocrx_word' id='word_1_343' title='bbox 2807 1950 2916 2004; x_wconf 83' lang='grc' dir='ltr'>τὸν</span> <span class='ocrx_word' id='word_1_344' title='bbox 2956 1951 3206 2020; x_wconf 80' lang='grc' dir='ltr'>Πατέρα,</span> <span class='ocrx_word' id='word_1_345' title='bbox 3247 1951 3317 2017; x_wconf 79' lang='grc' dir='ltr'><strong>ἐξ</strong></span> <span class='ocrx_word' id='word_1_346' title='bbox 3362 1947 3434 2007; x_wconf 87' lang='grc' dir='ltr'>οὗ</span> <span class='ocrx_word' id='word_1_347' title='bbox 3466 1951 3640 2006; x_wconf 75' lang='grc' dir='ltr'>πᾶσα</span> <span class='ocrx_word' id='word_1_348' title='bbox 3667 1966 3777 2003; x_wconf 80' lang='grc' dir='ltr'>πα-</span> 
     </span>
    </p>
   </div>
   <div class='ocr_carea' id='block_1_50' title="bbox 2181 2041 3774 2115">
    <p class='ocr_par' dir='ltr' id='par_1_50' title="bbox 2181 2041 3774 2115">
     <span class='ocr_line' id='line_1_50' title="bbox 2181 2041 3774 2115; baseline 0 -20"><span class='ocrx_word' id='word_1_349' title='bbox 2181 2043 2313 2110; x_wconf 82' lang='grc' dir='ltr'>τριὰ</span> <span class='ocrx_word' id='word_1_350' title='bbox 2342 2043 2411 2096; x_wconf 83' lang='grc' dir='ltr'>ἐν</span> <span class='ocrx_word' id='word_1_351' title='bbox 2442 2043 2719 2112; x_wconf 81' lang='grc' dir='ltr'>οὐρανοῖς</span> <span class='ocrx_word' id='word_1_352' title='bbox 2738 2041 2846 2113; x_wconf 73' lang='grc'>(27)</span> <span class='ocrx_word' id='word_1_353' title='bbox 2868 2045 2968 2098; x_wconf 80' lang='grc' dir='ltr'><strong>καί</strong></span> <span class='ocrx_word' id='word_1_354' title='bbox 2999 2045 3098 2098; x_wconf 80' lang='grc' dir='ltr'><strong>ἐπὶ</strong></span> <span class='ocrx_word' id='word_1_355' title='bbox 3126 2044 3242 2114; x_wconf 80' lang='grc' dir='ltr'>γῆς</span> <span class='ocrx_word' id='word_1_356' title='bbox 3267 2043 3636 2115; x_wconf 73' lang='grc' dir='ltr'>ὀνομάζεται.</span> <span class='ocrx_word' id='word_1_357' title='bbox 3663 2042 3774 2115; x_wconf 76' lang='grc' dir='ltr'>Τὴν</span> 
     </span>
    </p>
   </div>
   <div class='ocr_carea' id='block_1_51' title="bbox 2181 2134 3778 2208">
    <p class='ocr_par' dir='ltr' id='par_1_51' title="bbox 2181 2134 3778 2208">
     <span class='ocr_line' id='line_1_51' title="bbox 2181 2134 3778 2208; baseline 0.001 -20"><span class='ocrx_word' id='word_1_358' title='bbox 2181 2135 2238 2188; x_wconf 80' lang='grc' dir='ltr'>δὲ</span> <span class='ocrx_word' id='word_1_359' title='bbox 2265 2134 2460 2207; x_wconf 82' lang='grc' dir='ltr'>νοητὴν</span> <span class='ocrx_word' id='word_1_360' title='bbox 2492 2135 2858 2204; x_wconf 87' lang='grc' dir='ltr'>γονυκλισίαν,</span> <span class='ocrx_word' id='word_1_361' title='bbox 2887 2136 3057 2201; x_wconf 78' lang='grc' dir='ltr'>οὕτως</span> <span class='ocrx_word' id='word_1_362' title='bbox 3083 2137 3492 2208; x_wconf 79' lang='grc' dir='ltr'>ὀνομαζομένην</span> <span class='ocrx_word' id='word_1_363' title='bbox 3529 2137 3685 2208; x_wconf 88' lang='grc' dir='ltr'><strong>παρά</strong></span> <span class='ocrx_word' id='word_1_364' title='bbox 3714 2137 3778 2191; x_wconf 78' lang='grc' dir='ltr'><strong>τὸ</strong></span> 
     </span>
    </p>
   </div>
   <div class='ocr_carea' id='block_1_52' title="bbox 2183 2226 3778 2301">
    <p class='ocr_par' dir='ltr' id='par_1_52' title="bbox 2183 2226 3778 2301">
     <span class='ocr_line' id='line_1_52' title="bbox 2183 2226 3778 2301; baseline 0.002 -22"><span class='ocrx_word' id='word_1_365' title='bbox 2183 2226 2640 2281; x_wconf 80' lang='grc' dir='ltr'>ὑπο-πεπτωκέναι</span> <span class='ocrx_word' id='word_1_366' title='bbox 2673 2227 2749 2298; x_wconf 84' lang='grc' dir='ltr'>τῷ</span> <span class='ocrx_word' id='word_1_367' title='bbox 2793 2227 2914 2298; x_wconf 84' lang='grc' dir='ltr'><strong>Θεῷ</strong></span> <span class='ocrx_word' id='word_1_368' title='bbox 2952 2229 3010 2280; x_wconf 88' lang='grc' dir='ltr'><strong>ἐν</strong></span> <span class='ocrx_word' id='word_1_369' title='bbox 3042 2228 3119 2300; x_wconf 84' lang='grc' dir='ltr'><strong>τῷ</strong></span> <span class='ocrx_word' id='word_1_370' title='bbox 3151 2229 3375 2300; x_wconf 80' lang='grc' dir='ltr'>ὀνόματι</span> <span class='ocrx_word' id='word_1_371' title='bbox 3433 2228 3640 2301; x_wconf 83' lang='grc' dir='ltr'>Ἰησοῦ,</span> <span class='ocrx_word' id='word_1_372' title='bbox 3681 2228 3778 2282; x_wconf 69' lang='grc' dir='ltr'><strong>καὶ</strong></span> 
     </span>
    </p>
   </div>
   <div class='ocr_carea' id='block_1_53' title="bbox 2183 2317 3776 2391">
    <p class='ocr_par' dir='ltr' id='par_1_53' title="bbox 2183 2317 3776 2391">
     <span class='ocr_line' id='line_1_53' title="bbox 2183 2317 3776 2391; baseline 0.001 -20"><span class='ocrx_word' id='word_1_373' title='bbox 2183 2317 2413 2371; x_wconf 79' lang='grc' dir='ltr'>ἑκάστου</span> <span class='ocrx_word' id='word_1_374' title='bbox 2436 2318 2545 2390; x_wconf 73' lang='grc'>(28)</span> <span class='ocrx_word' id='word_1_375' title='bbox 2570 2318 2677 2372; x_wconf 86' lang='grc' dir='ltr'><strong>τῶν</strong></span> <span class='ocrx_word' id='word_1_376' title='bbox 2701 2318 2868 2374; x_wconf 75' lang='grc' dir='ltr'>ὄντων</span> <span class='ocrx_word' id='word_1_377' title='bbox 2893 2319 3042 2391; x_wconf 81' lang='grc' dir='ltr'>αὐτῷ</span> <span class='ocrx_word' id='word_1_378' title='bbox 3071 2321 3260 2373; x_wconf 76' lang='grc' dir='ltr'>ἑαυτὸν</span> <span class='ocrx_word' id='word_1_379' title='bbox 3288 2321 3776 2387; x_wconf 84' lang='grc' dir='ltr'>τεταπεινωκέναι,</span> 
     </span>
    </p>
   </div>
   <div class='ocr_carea' id='block_1_54' title="bbox 2181 2407 3779 2484">
    <p class='ocr_par' dir='ltr' id='par_1_54' title="bbox 2181 2407 3779 2484">
     <span class='ocr_line' id='line_1_54' title="bbox 2181 2407 3779 2484; baseline 0.001 -21"><span class='ocrx_word' id='word_1_380' title='bbox 2181 2407 2376 2480; x_wconf 81' lang='grc' dir='ltr'>δηλοῦν</span> <span class='ocrx_word' id='word_1_381' title='bbox 2408 2427 2497 2481; x_wconf 91' lang='grc' dir='ltr'><strong>μοι</strong></span> <span class='ocrx_word' id='word_1_382' title='bbox 2535 2412 2563 2464; x_wconf 85' lang='grc' dir='ltr'><strong>δ</strong></span> <span class='ocrx_word' id='word_1_383' title='bbox 2598 2409 2918 2474; x_wconf 81' lang='grc' dir='ltr'>Ἀπόστολος</span> <span class='ocrx_word' id='word_1_384' title='bbox 2953 2410 3199 2480; x_wconf 81' lang='grc' dir='ltr'>φαίνεται</span> <span class='ocrx_word' id='word_1_385' title='bbox 3231 2414 3289 2465; x_wconf 87' lang='grc' dir='ltr'><strong>ἐν</strong></span> <span class='ocrx_word' id='word_1_386' title='bbox 3316 2411 3412 2484; x_wconf 76' lang='grc' dir='ltr'><strong>τῷο</strong></span> <span class='ocrx_word' id='word_1_387' title='bbox 3443 2413 3572 2468; x_wconf 86' lang='grc' dir='ltr'>Ἵνα</span> <span class='ocrx_word' id='word_1_388' title='bbox 3603 2411 3674 2466; x_wconf 84' lang='grc' dir='ltr'>ὲν</span> <span class='ocrx_word' id='word_1_389' title='bbox 3698 2411 3779 2478; x_wconf 79' lang='grc' dir='ltr'>τῷ</span> 
     </span>
    </p>
   </div>
   <div class='ocr_carea' id='block_1_55' title="bbox 2184 2503 3777 2576">
    <p class='ocr_par' dir='ltr' id='par_1_55' title="bbox 2184 2503 3777 2576">
     <span class='ocr_line' id='line_1_55' title="bbox 2184 2503 3777 2576; baseline 0.001 -20"><span class='ocrx_word' id='word_1_390' title='bbox 2184 2503 2427 2572; x_wconf 76' lang='grc' dir='ltr'>ὀνόματι</span> <span class='ocrx_word' id='word_1_391' title='bbox 2472 2504 2677 2573; x_wconf 83' lang='grc' dir='ltr'>Ἰησοῦ</span> <span class='ocrx_word' id='word_1_392' title='bbox 2707 2503 2830 2559; x_wconf 83' lang='grc' dir='ltr'>πᾶν</span> <span class='ocrx_word' id='word_1_393' title='bbox 2861 2506 3013 2575; x_wconf 78' lang='grc' dir='ltr'>γόνυ</span> <span class='ocrx_word' id='word_1_394' title='bbox 3035 2505 3242 2576; x_wconf 68' lang='grc' dir='ltr'>κάμψῃ</span> <span class='ocrx_word' id='word_1_395' title='bbox 3259 2504 3659 2573; x_wconf 78' lang='grc' dir='ltr'>ἐπουρανίων,</span> <span class='ocrx_word' id='word_1_396' title='bbox 3677 2504 3777 2558; x_wconf 75' lang='grc' dir='ltr'>καὶ</span> 
     </span>
    </p>
   </div>
   <div class='ocr_carea' id='block_1_56' title="bbox 2185 2595 3778 2670">
    <p class='ocr_par' dir='ltr' id='par_1_56' title="bbox 2185 2595 3778 2670">
     <span class='ocr_line' id='line_1_56' title="bbox 2185 2595 3778 2670; baseline 0.002 -21"><span class='ocrx_word' id='word_1_397' title='bbox 2185 2595 2484 2665; x_wconf 77' lang='grc' dir='ltr'>ἐπιγείων,</span> <span class='ocrx_word' id='word_1_398' title='bbox 2506 2597 2601 2650; x_wconf 80' lang='grc' dir='ltr'>καὶ</span> <span class='ocrx_word' id='word_1_399' title='bbox 2623 2598 3050 2666; x_wconf 81' lang='grc' dir='ltr'>καταχθονίων.</span> <span class='ocrx_word' id='word_1_400' title='bbox 3086 2596 3515 2669; x_wconf 86' lang='grc' dir='ltr'>Ἐσχηματίσθαι</span> <span class='ocrx_word' id='word_1_401' title='bbox 3538 2596 3648 2670; x_wconf 77' lang='grc' dir='ltr'><strong>γὰρ</strong></span> <span class='ocrx_word' id='word_1_402' title='bbox 3665 2595 3778 2670; x_wconf 70' lang='lat'>(29)</span> 
     </span>
    </p>
   </div>
   <div class='ocr_carea' id='block_1_57' title="bbox 2184 2688 3778 2762">
    <p class='ocr_par' dir='ltr' id='par_1_57' title="bbox 2184 2688 3778 2762">
     <span class='ocr_line' id='line_1_57' title="bbox 2184 2688 3778 2762; baseline 0.001 -20"><span class='ocrx_word' id='word_1_403' title='bbox 2184 2688 2292 2743; x_wconf 86' lang='grc' dir='ltr'>τῶν</span> <span class='ocrx_word' id='word_1_404' title='bbox 2332 2689 2668 2762; x_wconf 77' lang='grc' dir='ltr'>ἐπουρανίων</span> <span class='ocrx_word' id='word_1_405' title='bbox 2706 2689 2776 2742; x_wconf 82' lang='grc' dir='ltr'><strong>τὰ</strong></span> <span class='ocrx_word' id='word_1_406' title='bbox 2809 2688 3057 2761; x_wconf 84' lang='grc' dir='ltr'>σώματα,</span> <span class='ocrx_word' id='word_1_407' title='bbox 3091 2690 3166 2754; x_wconf 86' lang='grc' dir='ltr'>ὡς</span> <span class='ocrx_word' id='word_1_408' title='bbox 3204 2691 3298 2743; x_wconf 73' lang='grc' dir='ltr'><strong>καὶ</strong></span> <span class='ocrx_word' id='word_1_409' title='bbox 3336 2691 3543 2759; x_wconf 85' lang='grc' dir='ltr'>γόνατα</span> <span class='ocrx_word' id='word_1_410' title='bbox 3590 2708 3778 2762; x_wconf 82' lang='grc' dir='ltr'>σωμα-</span> 
     </span>
    </p>
   </div>
   <div class='ocr_carea' id='block_1_58' title="bbox 2183 2777 3780 2850">
    <p class='ocr_par' dir='ltr' id='par_1_58' title="bbox 2183 2777 3780 2850">
     <span class='ocr_line' id='line_1_58' title="bbox 2183 2777 3780 2850; baseline 0.001 -17"><span class='ocrx_word' id='word_1_411' title='bbox 2183 2778 2311 2834; x_wconf 79' lang='grc' dir='ltr'><strong>τικά</strong></span> <span class='ocrx_word' id='word_1_412' title='bbox 2335 2778 2478 2848; x_wconf 77' lang='grc' dir='ltr'>ἔχειν</span> <span class='ocrx_word' id='word_1_413' title='bbox 2508 2777 2668 2843; x_wconf 81' lang='grc' dir='ltr'>αὐτὰ,</span> <span class='ocrx_word' id='word_1_414' title='bbox 2695 2777 3096 2850; x_wconf 83' lang='grc' dir='ltr'>ὑπολαμϐάνειν</span> <span class='ocrx_word' id='word_1_415' title='bbox 3115 2779 3176 2832; x_wconf 88' lang='grc' dir='ltr'><strong>ού</strong></span> <span class='ocrx_word' id='word_1_416' title='bbox 3202 2779 3342 2834; x_wconf 66' lang='grc' dir='ltr'>πάνυ</span> <span class='ocrx_word' id='word_1_417' title='bbox 3377 2797 3428 2832; x_wconf 89' lang='grc' dir='ltr'><strong>τι</strong></span> <span class='ocrx_word' id='word_1_418' title='bbox 3458 2779 3590 2850; x_wconf 76' lang='grc' dir='ltr'>χρὴ,</span> <span class='ocrx_word' id='word_1_419' title='bbox 3614 2796 3780 2850; x_wconf 78' lang='grc' dir='ltr'>σφαι-</span> 
     </span>
    </p>
   </div>
   <div class='ocr_carea' id='block_1_59' title="bbox 2186 2870 3780 2944">
    <p class='ocr_par' dir='ltr' id='par_1_59' title="bbox 2186 2870 3780 2944">
     <span class='ocr_line' id='line_1_59' title="bbox 2186 2870 3780 2944; baseline 0 -19"><span class='ocrx_word' id='word_1_420' title='bbox 2186 2871 2407 2944; x_wconf 82' lang='grc' dir='ltr'>ροειδῶν</span> <span class='ocrx_word' id='word_1_421' title='bbox 2437 2871 2586 2943; x_wconf 79' lang='grc' dir='ltr'>παρὰ</span> <span class='ocrx_word' id='word_1_422' title='bbox 2619 2873 2730 2932; x_wconf 81' lang='grc' dir='ltr'>τοῖς</span> <span class='ocrx_word' id='word_1_423' title='bbox 2762 2870 3005 2942; x_wconf 86' lang='grc' dir='ltr'>ἀκριϐῶς</span> <span class='ocrx_word' id='word_1_424' title='bbox 3047 2872 3176 2942; x_wconf 77' lang='grc' dir='ltr'>περὶ</span> <span class='ocrx_word' id='word_1_425' title='bbox 3208 2870 3413 2924; x_wconf 88' lang='grc' dir='ltr'>τούτων</span> <span class='ocrx_word' id='word_1_426' title='bbox 3442 2871 3780 2942; x_wconf 75' lang='grc' dir='ltr'>διειληφόσιν</span> 
     </span>
    </p>
   </div>
   <div class='ocr_carea' id='block_1_60' title="bbox 2183 2962 3782 3035">
    <p class='ocr_par' dir='ltr' id='par_1_60' title="bbox 2183 2962 3782 3035">
     <span class='ocr_line' id='line_1_60' title="bbox 2183 2962 3782 3035; baseline -0.001 -17"><span class='ocrx_word' id='word_1_427' title='bbox 2183 2964 2651 3035; x_wconf 84' lang='grc' dir='ltr'>ἀποδεδειγμένων</span> <span class='ocrx_word' id='word_1_428' title='bbox 2681 2962 2858 3018; x_wconf 85' lang='grc' dir='ltr'>αὐτῶν</span> <span class='ocrx_word' id='word_1_429' title='bbox 2888 2963 2996 3016; x_wconf 81' lang='grc' dir='ltr'><strong>τῶν</strong></span> <span class='ocrx_word' id='word_1_430' title='bbox 3032 2963 3316 3034; x_wconf 84' lang='grc' dir='ltr'>σωμάτων.</span> <span class='ocrx_word' id='word_1_431' title='bbox 3361 2963 3418 3016; x_wconf 89' lang='lat'><strong>&#39;0</strong></span> <span class='ocrx_word' id='word_1_432' title='bbox 3452 2963 3512 3016; x_wconf 85' lang='grc' dir='ltr'>δὲ</span> <span class='ocrx_word' id='word_1_433' title='bbox 3552 2963 3629 3035; x_wconf 79' lang='grc' dir='ltr'>μὴ</span> <span class='ocrx_word' id='word_1_434' title='bbox 3664 2962 3782 3032; x_wconf 83' lang='grc' dir='ltr'>βου-</span> 
     </span>
    </p>
   </div>
   <div class='ocr_carea' id='block_1_61' title="bbox 2184 3053 3781 3128">
    <p class='ocr_par' dir='ltr' id='par_1_61' title="bbox 2184 3053 3781 3128">
     <span class='ocr_line' id='line_1_61' title="bbox 2184 3053 3781 3128; baseline 0.001 -19"><span class='ocrx_word' id='word_1_435' title='bbox 2184 3055 2409 3127; x_wconf 85' lang='grc' dir='ltr'>λόμενος</span> <span class='ocrx_word' id='word_1_436' title='bbox 2435 3053 2594 3108; x_wconf 88' lang='grc' dir='ltr'>τοῦτο</span> <span class='ocrx_word' id='word_1_437' title='bbox 2616 3053 3042 3128; x_wconf 80' lang='grc' dir='ltr'>παραδέξασθαι,</span> <span class='ocrx_word' id='word_1_438' title='bbox 3074 3057 3170 3109; x_wconf 67' lang='grc' dir='ltr'>καὶ</span> <span class='ocrx_word' id='word_1_439' title='bbox 3201 3055 3298 3118; x_wconf 78' lang='grc' dir='ltr'>τὰς</span> <span class='ocrx_word' id='word_1_440' title='bbox 3319 3055 3512 3128; x_wconf 85' lang='grc' dir='ltr'>χρείας</span> <span class='ocrx_word' id='word_1_441' title='bbox 3546 3057 3781 3110; x_wconf 77' lang='grc' dir='ltr'>ἑκάστου</span> 
     </span>
    </p>
   </div>
   <div class='ocr_carea' id='block_1_62' title="bbox 501 3140 2078 3220">
    <p class='ocr_par' dir='ltr' id='par_1_62' title="bbox 501 3143 2077 3216">
     <span class='ocr_line' id='line_1_62' title="bbox 501 3143 2077 3216; baseline -0.002 -18"><span class='ocrx_word' id='word_1_442' title='bbox 501 3143 838 3214; x_wconf 82' lang='lat' dir='ltr'><strong>singularum</strong></span> <span class='ocrx_word' id='word_1_443' title='bbox 887 3159 1024 3214; x_wconf 90' lang='lat' dir='ltr'><strong>opus</strong></span> <span class='ocrx_word' id='word_1_444' title='bbox 1068 3145 1148 3198; x_wconf 90' lang='lat' dir='ltr'><strong>eis</strong></span> <span class='ocrx_word' id='word_1_445' title='bbox 1178 3160 1207 3197; x_wconf 89' lang='lat' dir='ltr'><strong>a</strong></span> <span class='ocrx_word' id='word_1_446' title='bbox 1240 3143 1349 3216; x_wconf 84' lang='lat' dir='ltr'><strong>Deo</strong></span> <span class='ocrx_word' id='word_1_447' title='bbox 1381 3143 1534 3198; x_wconf 90' lang='lat' dir='ltr'><strong>datas</strong></span> <span class='ocrx_word' id='word_1_448' title='bbox 1576 3158 1725 3208; x_wconf 89' lang='lat' dir='ltr'><strong>esse;</strong></span> <span class='ocrx_word' id='word_1_449' title='bbox 1767 3145 1881 3199; x_wconf 83' lang='lat' dir='ltr'><strong>sive</strong></span> <span class='ocrx_word' id='word_1_450' title='bbox 1935 3144 2077 3198; x_wconf 89' lang='lat' dir='ltr'><strong>dicat</strong></span> 
     </span>
    </p>
   </div>
   <div class='ocr_carea' id='block_1_63' title="bbox 2187 3140 3783 3220">
    <p class='ocr_par' dir='ltr' id='par_1_63' title="bbox 2187 3140 3783 3220">
     <span class='ocr_line' id='line_1_63' title="bbox 2187 3140 3783 3220; baseline 0.001 -20"><span class='ocrx_word' id='word_1_451' title='bbox 2187 3147 2288 3200; x_wconf 84' lang='grc' dir='ltr'><strong>τῶν</strong></span> <span class='ocrx_word' id='word_1_452' title='bbox 2333 3146 2531 3217; x_wconf 84' lang='grc' dir='ltr'>μελῶν,</span> <span class='ocrx_word' id='word_1_453' title='bbox 2585 3145 2671 3199; x_wconf 77' lang='grc' dir='ltr'>ἵνα</span> <span class='ocrx_word' id='word_1_454' title='bbox 2716 3145 2790 3216; x_wconf 87' lang='grc' dir='ltr'>μὴ</span> <span class='ocrx_word' id='word_1_455' title='bbox 2840 3145 3018 3218; x_wconf 87' lang='grc' dir='ltr'>μάτην</span> <span class='ocrx_word' id='word_1_456' title='bbox 3144 3164 3193 3199; x_wconf 88' lang='grc' dir='ltr'><strong>τι</strong></span> <span class='ocrx_word' id='word_1_457' title='bbox 3235 3147 3783 3220; x_wconf 83' lang='grc' dir='ltr'>δεδημιουργημένον</span> 
     </span>
    </p>
   </div>
   <div class='ocr_carea' id='block_1_64' title="bbox 502 3235 2083 3306">
    <p class='ocr_par' dir='ltr' id='par_1_64' title="bbox 502 3235 2083 3306">
     <span class='ocr_line' id='line_1_64' title="bbox 502 3235 2083 3306; baseline 0.002 -18"><span class='ocrx_word' id='word_1_458' title='bbox 502 3235 714 3292; x_wconf 77' lang='lat' dir='ltr'><strong>viscera</strong></span> <span class='ocrx_word' id='word_1_459' title='bbox 743 3247 797 3291; x_wconf 92' lang='lat' dir='ltr'><strong>et</strong></span> <span class='ocrx_word' id='word_1_460' title='bbox 835 3247 1039 3290; x_wconf 82' lang='lat' dir='ltr'><strong>rectum</strong></span> <span class='ocrx_word' id='word_1_461' title='bbox 1074 3237 1396 3290; x_wconf 88' lang='lat' dir='ltr'><strong>intestinum</strong></span> <span class='ocrx_word' id='word_1_462' title='bbox 1441 3237 1693 3306; x_wconf 85' lang='lat' dir='ltr'><strong>pr0prios</strong></span> <span class='ocrx_word' id='word_1_463' title='bbox 1726 3252 1853 3290; x_wconf 89' lang='lat' dir='ltr'><strong>usus</strong></span> <span class='ocrx_word' id='word_1_464' title='bbox 1884 3236 1936 3290; x_wconf 91' lang='lat' dir='ltr'><strong>in</strong></span> <span class='ocrx_word' id='word_1_465' title='bbox 1968 3251 2083 3291; x_wconf 68' lang='lat' dir='ltr'><strong>cu:-</strong></span> 
     </span>
    </p>
   </div>
   <div class='ocr_carea' id='block_1_65' title="bbox 506 3327 2087 3397">
    <p class='ocr_par' dir='ltr' id='par_1_65' title="bbox 506 3327 2087 3397">
     <span class='ocr_line' id='line_1_65' title="bbox 506 3327 2087 3397; baseline 0.002 -17"><span class='ocrx_word' id='word_1_466' title='bbox 506 3327 729 3385; x_wconf 74' lang='lat' dir='ltr'><strong>le8tibus</strong></span> <span class='ocrx_word' id='word_1_467' title='bbox 753 3329 1001 3382; x_wconf 83' lang='lat' dir='ltr'><strong>oblinere</strong></span> <span class='ocrx_word' id='word_1_468' title='bbox 1030 3329 1384 3397; x_wconf 81' lang='lat' dir='ltr'><strong>corporibus;</strong></span> <span class='ocrx_word' id='word_1_469' title='bbox 1418 3328 1738 3384; x_wconf 86' lang='lat' dir='ltr'><strong>stultissime</strong></span> <span class='ocrx_word' id='word_1_470' title='bbox 1760 3338 1940 3385; x_wconf 86' lang='lat' dir='ltr'><strong>autem</strong></span> <span class='ocrx_word' id='word_1_471' title='bbox 1962 3338 2087 3397; x_wconf 83' lang='lat' dir='ltr'><strong>aget</strong></span> 
     </span>
    </p>
   </div>
   <div class='ocr_carea' id='block_1_66' title="bbox 505 3418 2086 3492">
    <p class='ocr_par' dir='ltr' id='par_1_66' title="bbox 505 3418 2086 3492">
     <span class='ocr_line' id='line_1_66' title="bbox 505 3418 2086 3492; baseline 0.003 -19"><span class='ocrx_word' id='word_1_472' title='bbox 505 3420 596 3489; x_wconf 87' lang='lat' dir='ltr'><strong>qui</strong></span> <span class='ocrx_word' id='word_1_473' title='bbox 623 3419 835 3489; x_wconf 88' lang='lat' dir='ltr'><strong>putabit</strong></span> <span class='ocrx_word' id='word_1_474' title='bbox 867 3435 930 3471; x_wconf 87' lang='lat' dir='ltr'><strong>ea</strong></span> <span class='ocrx_word' id='word_1_475' title='bbox 963 3429 1267 3473; x_wconf 84' lang='lat' dir='ltr'><strong>statuarum</strong></span> <span class='ocrx_word' id='word_1_476' title='bbox 1302 3434 1452 3474; x_wconf 91' lang='lat' dir='ltr'><strong>more</strong></span> <span class='ocrx_word' id='word_1_477' title='bbox 1492 3418 1787 3474; x_wconf 79' lang='lat' dir='ltr'><strong>humanam</strong></span> <span class='ocrx_word' id='word_1_478' title='bbox 1845 3423 2086 3492; x_wconf 85' lang='lat' dir='ltr'><strong>speciem.</strong></span> 
     </span>
    </p>
   </div>
   <div class='ocr_carea' id='block_1_67' title="bbox 507 3511 2077 3581">
    <p class='ocr_par' dir='ltr' id='par_1_67' title="bbox 507 3511 2077 3581">
     <span class='ocr_line' id='line_1_67' title="bbox 507 3511 2077 3581; baseline 0.002 -15"><span class='ocrx_word' id='word_1_479' title='bbox 507 3515 557 3566; x_wconf 87' lang='lat' dir='ltr'><strong>in</strong></span> <span class='ocrx_word' id='word_1_480' title='bbox 583 3511 694 3567; x_wconf 83' lang='lat' dir='ltr'><strong>sola</strong></span> <span class='ocrx_word' id='word_1_481' title='bbox 717 3512 1028 3581; x_wconf 73' lang='lat' dir='ltr'><strong>superficie,</strong></span> <span class='ocrx_word' id='word_1_482' title='bbox 1065 3526 1170 3564; x_wconf 88' lang='lat' dir='ltr'><strong>non</strong></span> <span class='ocrx_word' id='word_1_483' title='bbox 1207 3511 1368 3565; x_wconf 82' lang='lat' dir='ltr'><strong>etiam</strong></span> <span class='ocrx_word' id='word_1_484' title='bbox 1398 3512 1448 3566; x_wconf 86' lang='lat' dir='ltr'><strong>in</strong></span> <span class='ocrx_word' id='word_1_485' title='bbox 1473 3512 1828 3580; x_wconf 86' lang='lat' dir='ltr'><strong>pcnitioribtts</strong></span> <span class='ocrx_word' id='word_1_486' title='bbox 1853 3513 2077 3569; x_wconf 84' lang='lat' dir='ltr'><strong>habere.</strong></span> 
     </span>
    </p>
   </div>
   <div class='ocr_carea' id='block_1_68' title="bbox 508 3600 2076 3671">
    <p class='ocr_par' dir='ltr' id='par_1_68' title="bbox 508 3600 2076 3671">
     <span class='ocr_line' id='line_1_68' title="bbox 508 3600 2076 3671; baseline 0.001 -17"><span class='ocrx_word' id='word_1_487' title='bbox 508 3603 632 3655; x_wconf 79' lang='lat' dir='ltr'><strong>llaec</strong></span> <span class='ocrx_word' id='word_1_488' title='bbox 654 3602 764 3655; x_wconf 85' lang='lat' dir='ltr'><strong>dixi</strong></span> <span class='ocrx_word' id='word_1_489' title='bbox 786 3602 910 3654; x_wconf 89' lang='lat' dir='ltr'><strong>dum</strong></span> <span class='ocrx_word' id='word_1_490' title='bbox 935 3600 1364 3671; x_wconf 79' lang='lat' dir='ltr'><strong>genuﬂexionem</strong></span> <span class='ocrx_word' id='word_1_491' title='bbox 1387 3603 1632 3671; x_wconf 79' lang='lat' dir='ltr'><strong>expende</strong></span> <span class='ocrx_word' id='word_1_492' title='bbox 1655 3612 1708 3658; x_wconf 90' lang='lat' dir='ltr'><strong>et</strong></span> <span class='ocrx_word' id='word_1_493' title='bbox 1735 3604 1862 3657; x_wconf 84' lang='lat' dir='ltr'><strong>illud</strong></span> <span class='ocrx_word' id='word_1_494' title='bbox 1885 3604 2076 3658; x_wconf 85' lang='lat' dir='ltr'><strong>video:</strong></span> 
     </span>
    </p>
   </div>
   <div class='ocr_carea' id='block_1_69' title="bbox 507 3695 2081 3767">
    <p class='ocr_par' dir='ltr' id='par_1_69' title="bbox 507 3695 2081 3767">
     <span class='ocr_line' id='line_1_69' title="bbox 507 3695 2081 3767; baseline 0.001 -19"><span class='ocrx_word' id='word_1_495' title='bbox 507 3696 572 3748; x_wconf 86' lang='lat' dir='ltr'><strong>In</strong></span> <span class='ocrx_word' id='word_1_496' title='bbox 610 3696 817 3750; x_wconf 75' lang='lat' dir='ltr'><strong>nomint!</strong></span> <span class='ocrx_word' id='word_1_497' title='bbox 859 3695 987 3749; x_wconf 77' lang='lat' dir='ltr'><strong>Jesu</strong></span> <span class='ocrx_word' id='word_1_498' title='bbox 1029 3712 1177 3750; x_wconf 84' lang='lat' dir='ltr'><strong>omne</strong></span> <span class='ocrx_word' id='word_1_499' title='bbox 1217 3713 1349 3767; x_wconf 79' lang='lat' dir='ltr'><strong>genu</strong></span> <span class='ocrx_word' id='word_1_500' title='bbox 1376 3698 1614 3764; x_wconf 81' lang='lat' dir='ltr'><strong>[lectetur</strong></span> <span class='ocrx_word' id='word_1_501' title='bbox 1641 3699 1945 3763; x_wconf 73' lang='lat' dir='ltr'><strong>caelestium,</strong></span> <span class='ocrx_word' id='word_1_502' title='bbox 1976 3707 2081 3751; x_wconf 87' lang='lat' dir='ltr'><strong>ler-</strong></span> 
     </span>
    </p>
   </div>
   <div class='ocr_carea' id='block_1_70' title="bbox 505 3786 2080 3858">
    <p class='ocr_par' dir='ltr' id='par_1_70' title="bbox 505 3786 2080 3858">
     <span class='ocr_line' id='line_1_70' title="bbox 505 3786 2080 3858; baseline 0.002 -19"><span class='ocrx_word' id='word_1_503' title='bbox 505 3787 752 3842; x_wconf 75' lang='lat' dir='ltr'><strong>rcstrium</strong></span> <span class='ocrx_word' id='word_1_504' title='bbox 782 3799 829 3839; x_wconf 86' lang='lat' dir='ltr'><strong>et</strong></span> <span class='ocrx_word' id='word_1_505' title='bbox 860 3787 1208 3856; x_wconf 80' lang='lat' dir='ltr'><strong>infernarum.</strong></span> <span class='ocrx_word' id='word_1_506' title='bbox 1234 3786 1374 3842; x_wconf 88' lang='lat' dir='ltr'><strong>Idem</strong></span> <span class='ocrx_word' id='word_1_507' title='bbox 1406 3796 1491 3843; x_wconf 87' lang='lat' dir='ltr'><strong>est</strong></span> <span class='ocrx_word' id='word_1_508' title='bbox 1517 3789 1680 3842; x_wconf 89' lang='lat' dir='ltr'><strong>etiam</strong></span> <span class='ocrx_word' id='word_1_509' title='bbox 1709 3792 1851 3858; x_wconf 85' lang='lat' dir='ltr'><strong>quod</strong></span> <span class='ocrx_word' id='word_1_510' title='bbox 1876 3791 1927 3843; x_wconf 88' lang='lat' dir='ltr'><strong>in</strong></span> <span class='ocrx_word' id='word_1_511' title='bbox 1955 3804 2080 3857; x_wconf 94' lang='lat' dir='ltr'><strong>pro-</strong></span> 
     </span>
    </p>
   </div>
   <div class='ocr_carea' id='block_1_71' title="bbox 505 3877 2074 3952">
    <p class='ocr_par' dir='ltr' id='par_1_71' title="bbox 505 3877 2074 3952">
     <span class='ocr_line' id='line_1_71' title="bbox 505 3877 2074 3952; baseline 0.003 -20"><span class='ocrx_word' id='word_1_512' title='bbox 505 3881 665 3948; x_wconf 82' lang='lat' dir='ltr'><strong>pheta</strong></span> <span class='ocrx_word' id='word_1_513' title='bbox 698 3880 956 3949; x_wconf 87' lang='lat' dir='ltr'><strong>scriptum</strong></span> <span class='ocrx_word' id='word_1_514' title='bbox 982 3889 1063 3932; x_wconf 88' lang='lat' dir='ltr'><strong>est</strong></span> <span class='ocrx_word' id='word_1_515' title='bbox 1092 3897 1104 3932; x_wconf 89' lang='lat'><strong>:</strong></span> <span class='ocrx_word' id='word_1_516' title='bbox 1143 3877 1272 3932; x_wconf 78' lang='lat' dir='ltr'><strong>Mihi</strong></span> <span class='ocrx_word' id='word_1_517' title='bbox 1295 3880 1657 3936; x_wconf 82' lang='lat' dir='ltr'><strong>incurvabitur</strong></span> <span class='ocrx_word' id='word_1_518' title='bbox 1687 3898 1837 3936; x_wconf 82' lang='lat' dir='ltr'><strong>omne</strong></span> <span class='ocrx_word' id='word_1_519' title='bbox 1859 3882 2074 3952; x_wconf 77' lang='lat' dir='ltr'><strong>genu”.</strong></span> 
     </span>
    </p>
   </div>
   <div class='ocr_carea' id='block_1_72' title="bbox 507 3971 2081 4044">
    <p class='ocr_par' dir='ltr' id='par_1_72' title="bbox 507 3971 2081 4044">
     <span class='ocr_line' id='line_1_72' title="bbox 507 3971 2081 4044; baseline 0.002 -18"><span class='ocrx_word' id='word_1_520' title='bbox 507 3971 677 4026; x_wconf 84' lang='lat' dir='ltr'><strong>Porro</strong></span> <span class='ocrx_word' id='word_1_521' title='bbox 707 3973 771 4026; x_wconf 83' lang='lat' dir='ltr'><strong>de</strong></span> <span class='ocrx_word' id='word_1_522' title='bbox 795 3974 912 4027; x_wconf 90' lang='lat' dir='ltr'><strong>loco</strong></span> <span class='ocrx_word' id='word_1_523' title='bbox 942 3975 1218 4028; x_wconf 85' lang='lat' dir='ltr'><strong>sciendum</strong></span> <span class='ocrx_word' id='word_1_524' title='bbox 1250 3985 1334 4030; x_wconf 91' lang='lat' dir='ltr'><strong>est</strong></span> <span class='ocrx_word' id='word_1_525' title='bbox 1355 3977 1529 4031; x_wconf 92' lang='lat' dir='ltr'><strong>locum</strong></span> <span class='ocrx_word' id='word_1_526' title='bbox 1555 3991 1772 4030; x_wconf 87' lang='lat' dir='ltr'><strong>omnem</strong></span> <span class='ocrx_word' id='word_1_527' title='bbox 1803 3987 1985 4044; x_wconf 88' lang='lat' dir='ltr'><strong>aptum</strong></span> <span class='ocrx_word' id='word_1_528' title='bbox 2015 3978 2081 4030; x_wconf 90' lang='lat' dir='ltr'><strong>ad</strong></span> 
     </span>
    </p>
   </div>
   <div class='ocr_carea' id='block_1_73' title="bbox 503 4065 2080 4138">
    <p class='ocr_par' dir='ltr' id='par_1_73' title="bbox 503 4065 2080 4138">
     <span class='ocr_line' id='line_1_73' title="bbox 503 4065 2080 4138; baseline 0.002 -20"><span class='ocrx_word' id='word_1_529' title='bbox 503 4066 804 4120; x_wconf 81' lang='lat' dir='ltr'><strong>orationem</strong></span> <span class='ocrx_word' id='word_1_530' title='bbox 830 4065 965 4122; x_wconf 85' lang='lat' dir='ltr'><strong>ellici</strong></span> <span class='ocrx_word' id='word_1_531' title='bbox 990 4068 1056 4120; x_wconf 87' lang='lat' dir='ltr'><strong>ab</strong></span> <span class='ocrx_word' id='word_1_532' title='bbox 1091 4068 1265 4138; x_wconf 90' lang='lat' dir='ltr'><strong>coqui</strong></span> <span class='ocrx_word' id='word_1_533' title='bbox 1293 4077 1437 4122; x_wconf 86' lang='lat' dir='ltr'><strong>recte</strong></span> <span class='ocrx_word' id='word_1_534' title='bbox 1466 4077 1624 4122; x_wconf 88' lang='lat' dir='ltr'><strong>orat:</strong></span> <span class='ocrx_word' id='word_1_535' title='bbox 1663 4084 1808 4135; x_wconf 87' lang='lat' dir='ltr'><strong>nam,</strong></span> <span class='ocrx_word' id='word_1_536' title='bbox 1843 4067 1909 4121; x_wconf 85' lang='lat' dir='ltr'><strong>In</strong></span> <span class='ocrx_word' id='word_1_537' title='bbox 1938 4069 2080 4122; x_wconf 85' lang='lat' dir='ltr'><strong>omni</strong></span> 
     </span>
    </p>
   </div>
   <div class='ocr_carea' id='block_1_74' title="bbox 505 4158 2077 4227">
    <p class='ocr_par' dir='ltr' id='par_1_74' title="bbox 505 4158 2077 4227">
     <span class='ocr_line' id='line_1_74' title="bbox 505 4158 2077 4227; baseline 0.001 -19"><span class='ocrx_word' id='word_1_538' title='bbox 505 4159 622 4210; x_wconf 74' lang='lat' dir='ltr'><strong>loco</strong></span> <span class='ocrx_word' id='word_1_539' title='bbox 657 4158 926 4210; x_wconf 82' lang='lat' dir='ltr'><strong>incensum</strong></span> <span class='ocrx_word' id='word_1_540' title='bbox 956 4159 1138 4227; x_wconf 75' lang='lat' dir='ltr'><strong>offerte</strong></span> <span class='ocrx_word' id='word_1_541' title='bbox 1164 4160 1316 4221; x_wconf 76' lang='lat' dir='ltr'><strong>milii,</strong></span> <span class='ocrx_word' id='word_1_542' title='bbox 1367 4160 1494 4213; x_wconf 83' lang='lat' dir='ltr'><strong>dicit</strong></span> <span class='ocrx_word' id='word_1_543' title='bbox 1539 4159 1797 4212; x_wconf 83' lang='lat' dir='ltr'><strong>Dominus</strong></span> <span class='ocrx_word' id='word_1_544' title='bbox 1822 4160 1896 4224; x_wconf 78' lang='grc'><strong>⁶⁰;</strong></span> <span class='ocrx_word' id='word_1_545' title='bbox 1927 4160 2077 4225; x_wconf 85' lang='lat' dir='ltr'><strong>item,</strong></span> 
     </span>
    </p>
   </div>
   <div class='ocr_carea' id='block_1_75' title="bbox 518 4246 2074 4318">
    <p class='ocr_par' dir='ltr' id='par_1_75' title="bbox 518 4246 2074 4318">
     <span class='ocr_line' id='line_1_75' title="bbox 518 4246 2074 4318; baseline 0.001 -18"><span class='ocrx_word' id='word_1_546' title='bbox 518 4246 642 4301; x_wconf 81' lang='lat' dir='ltr'><strong>Volo</strong></span> <span class='ocrx_word' id='word_1_547' title='bbox 674 4249 835 4318; x_wconf 85' lang='lat' dir='ltr'><strong>igitur</strong></span> <span class='ocrx_word' id='word_1_548' title='bbox 863 4250 999 4303; x_wconf 81' lang='lat' dir='ltr'><strong>viros</strong></span> <span class='ocrx_word' id='word_1_549' title='bbox 1023 4266 1176 4303; x_wconf 85' lang='lat' dir='ltr'><strong>orare</strong></span> <span class='ocrx_word' id='word_1_550' title='bbox 1205 4250 1258 4302; x_wconf 82' lang='lat' dir='ltr'><strong>in</strong></span> <span class='ocrx_word' id='word_1_551' title='bbox 1289 4251 1430 4304; x_wconf 83' lang='lat' dir='ltr'><strong>onmi</strong></span> <span class='ocrx_word' id='word_1_552' title='bbox 1463 4251 1576 4304; x_wconf 85' lang='lat' dir='ltr'><strong>loco</strong></span> <span class='ocrx_word' id='word_1_553' title='bbox 1598 4250 1664 4302; x_wconf 80' lang='grc'><strong>⁶¹.</strong></span> <span class='ocrx_word' id='word_1_554' title='bbox 1694 4249 1879 4305; x_wconf 85' lang='lat' dir='ltr'><strong>Potest</strong></span> <span class='ocrx_word' id='word_1_555' title='bbox 1912 4251 2074 4303; x_wconf 86' lang='lat' dir='ltr'><strong>etiam</strong></span> 
     </span>
    </p>
   </div>
   <div class='ocr_carea' id='block_1_76' title="bbox 502 4341 2076 4410">
    <p class='ocr_par' dir='ltr' id='par_1_76' title="bbox 502 4341 2076 4410">
     <span class='ocr_line' id='line_1_76' title="bbox 502 4341 2076 4410; baseline 0.004 -18"><span class='ocrx_word' id='word_1_556' title='bbox 502 4357 610 4408; x_wconf 88' lang='lat' dir='ltr'><strong>quo</strong></span> <span class='ocrx_word' id='word_1_557' title='bbox 634 4356 762 4394; x_wconf 84' lang='lat' dir='ltr'><strong>suas</strong></span> <span class='ocrx_word' id='word_1_558' title='bbox 780 4341 1008 4410; x_wconf 89' lang='lat' dir='ltr'><strong>quisque</strong></span> <span class='ocrx_word' id='word_1_559' title='bbox 1025 4356 1215 4410; x_wconf 89' lang='lat' dir='ltr'><strong>preces</strong></span> <span class='ocrx_word' id='word_1_560' title='bbox 1238 4342 1478 4410; x_wconf 89' lang='lat' dir='ltr'><strong>quietior</strong></span> <span class='ocrx_word' id='word_1_561' title='bbox 1501 4357 1563 4396; x_wconf 93' lang='lat' dir='ltr'><strong>ac</strong></span> <span class='ocrx_word' id='word_1_562' title='bbox 1585 4341 1762 4396; x_wconf 86' lang='lat' dir='ltr'><strong>minus</strong></span> <span class='ocrx_word' id='word_1_563' title='bbox 1788 4343 2076 4398; x_wconf 88' lang='lat' dir='ltr'><strong>distraetus</strong></span> 
     </span>
    </p>
   </div>
   <div class='ocr_carea' id='block_1_77' title="bbox 503 4433 2072 4504">
    <p class='ocr_par' dir='ltr' id='par_1_77' title="bbox 503 4433 2072 4504">
     <span class='ocr_line' id='line_1_77' title="bbox 503 4433 2072 4504; baseline 0.004 -20"><span class='ocrx_word' id='word_1_564' title='bbox 503 4433 768 4500; x_wconf 78' lang='lat' dir='ltr'><strong>absolvat,</strong></span> <span class='ocrx_word' id='word_1_565' title='bbox 801 4443 1008 4487; x_wconf 84' lang='lat' dir='ltr'><strong>certum</strong></span> <span class='ocrx_word' id='word_1_566' title='bbox 1036 4451 1101 4488; x_wconf 90' lang='lat' dir='ltr'><strong>ac</strong></span> <span class='ocrx_word' id='word_1_567' title='bbox 1129 4436 1411 4488; x_wconf 74' lang='lat' dir='ltr'><strong>definitum</strong></span> <span class='ocrx_word' id='word_1_568' title='bbox 1439 4435 1492 4488; x_wconf 93' lang='lat' dir='ltr'><strong>in</strong></span> <span class='ocrx_word' id='word_1_569' title='bbox 1526 4434 1754 4504; x_wconf 90' lang='lat' dir='ltr'><strong>privatis</strong></span> <span class='ocrx_word' id='word_1_570' title='bbox 1780 4435 2005 4498; x_wconf 67' lang='lat' dir='ltr'><strong>aedibus,</strong></span> <span class='ocrx_word' id='word_1_571' title='bbox 2027 4437 2072 4490; x_wconf 92' lang='lat' dir='ltr'><strong>si</strong></span> 
     </span>
    </p>
   </div>
   <div class='ocr_carea' id='block_1_78' title="bbox 501 4527 2073 4596">
    <p class='ocr_par' dir='ltr' id='par_1_78' title="bbox 501 4527 2073 4596">
     <span class='ocr_line' id='line_1_78' title="bbox 501 4527 2073 4596; baseline 0.003 -18"><span class='ocrx_word' id='word_1_572' title='bbox 501 4527 735 4596; x_wconf 79' lang='lat' dir='ltr'><strong>spatium</strong></span> <span class='ocrx_word' id='word_1_573' title='bbox 770 4529 861 4592; x_wconf 79' lang='lat' dir='ltr'><strong>sit,</strong></span> <span class='ocrx_word' id='word_1_574' title='bbox 894 4528 1091 4596; x_wconf 78' lang='lat' dir='ltr'><strong>eligere</strong></span> <span class='ocrx_word' id='word_1_575' title='bbox 1139 4527 1340 4595; x_wconf 88' lang='lat' dir='ltr'><strong>locum,</strong></span> <span class='ocrx_word' id='word_1_576' title='bbox 1389 4538 1446 4582; x_wconf 93' lang='lat' dir='ltr'><strong>ut</strong></span> <span class='ocrx_word' id='word_1_577' title='bbox 1493 4531 1562 4581; x_wconf 88' lang='lat' dir='ltr'><strong>ita</strong></span> <span class='ocrx_word' id='word_1_578' title='bbox 1593 4527 1791 4591; x_wconf 84' lang='lat' dir='ltr'><strong>dicam,</strong></span> <span class='ocrx_word' id='word_1_579' title='bbox 1831 4530 2073 4583; x_wconf 88' lang='lat' dir='ltr'><strong>sanctio-</strong></span> 
     </span>
    </p>
   </div>
   <div class='ocr_carea' id='block_1_79' title="bbox 2183 3234 3784 3310">
    <p class='ocr_par' dir='ltr' id='par_1_79' title="bbox 2183 3234 3784 3310">
     <span class='ocr_line' id='line_1_79' title="bbox 2183 3234 3784 3310; baseline 0 -18"><span class='ocrx_word' id='word_1_580' title='bbox 2183 3239 2366 3300; x_wconf 82' lang='grc' dir='ltr'>αὐτοῖς</span> <span class='ocrx_word' id='word_1_581' title='bbox 2411 3235 2517 3288; x_wconf 85' lang='grc' dir='ltr'>ὑπὸ</span> <span class='ocrx_word' id='word_1_582' title='bbox 2555 3234 2650 3288; x_wconf 89' lang='grc' dir='ltr'><strong>τοῦ</strong></span> <span class='ocrx_word' id='word_1_583' title='bbox 2685 3235 2842 3301; x_wconf 86' lang='grc' dir='ltr'>Θεοῦ,</span> <span class='ocrx_word' id='word_1_584' title='bbox 2883 3236 2978 3289; x_wconf 74' lang='grc' dir='ltr'>ἐὰν</span> <span class='ocrx_word' id='word_1_585' title='bbox 3020 3237 3094 3306; x_wconf 81' lang='grc' dir='ltr'>μὴ</span> <span class='ocrx_word' id='word_1_586' title='bbox 3137 3236 3484 3309; x_wconf 88' lang='grc' dir='ltr'>ἀναιδεύηται</span> <span class='ocrx_word' id='word_1_587' title='bbox 3521 3239 3660 3310; x_wconf 80' lang='grc' dir='ltr'>πρὸς</span> <span class='ocrx_word' id='word_1_588' title='bbox 3685 3239 3784 3292; x_wconf 68' lang='grc' dir='ltr'><strong>τὸν</strong></span> 
     </span>
    </p>
   </div>
   <div class='ocr_carea' id='block_1_80' title="bbox 2182 3327 3787 3404">
    <p class='ocr_par' dir='ltr' id='par_1_80' title="bbox 2182 3327 3787 3404">
     <span class='ocr_line' id='line_1_80' title="bbox 2182 3327 3787 3404; baseline 0.002 -22"><span class='ocrx_word' id='word_1_589' title='bbox 2182 3329 2363 3398; x_wconf 88' lang='grc' dir='ltr'>λόγον,</span> <span class='ocrx_word' id='word_1_590' title='bbox 2401 3329 2787 3401; x_wconf 82' lang='grc' dir='ltr'>παραδέξεται,</span> <span class='ocrx_word' id='word_1_591' title='bbox 2824 3327 3163 3400; x_wconf 82' lang='grc' dir='ltr'>ἑκατέρωθεν</span> <span class='ocrx_word' id='word_1_592' title='bbox 3195 3331 3426 3384; x_wconf 87' lang='grc' dir='ltr'>πταίων·</span> <span class='ocrx_word' id='word_1_593' title='bbox 3466 3331 3580 3384; x_wconf 78' lang='grc' dir='ltr'>εἴτε</span> <span class='ocrx_word' id='word_1_594' title='bbox 3617 3334 3787 3404; x_wconf 76' lang='grc' dir='ltr'>φήσει</span> 
     </span>
    </p>
   </div>
   <div class='ocr_carea' id='block_1_81' title="bbox 2184 3419 3787 3496">
    <p class='ocr_par' dir='ltr' id='par_1_81' title="bbox 2184 3419 3787 3496">
     <span class='ocr_line' id='line_1_81' title="bbox 2184 3419 3787 3496; baseline -0.004 -22"><span class='ocrx_word' id='word_1_595' title='bbox 2184 3421 2319 3492; x_wconf 89' lang='grc' dir='ltr'>μέλη</span> <span class='ocrx_word' id='word_1_596' title='bbox 2351 3419 2603 3491; x_wconf 86' lang='grc' dir='ltr'>σώματος</span> <span class='ocrx_word' id='word_1_597' title='bbox 2638 3421 2814 3491; x_wconf 87' lang='grc' dir='ltr'>μάτην</span> <span class='ocrx_word' id='word_1_598' title='bbox 2844 3420 2938 3473; x_wconf 73' lang='grc' dir='ltr'>καὶ</span> <span class='ocrx_word' id='word_1_599' title='bbox 2973 3419 3046 3491; x_wconf 81' lang='grc' dir='ltr'><strong>μὴ</strong></span> <span class='ocrx_word' id='word_1_600' title='bbox 3078 3421 3170 3473; x_wconf 69' lang='grc' dir='ltr'><strong>ἐπὶ</strong></span> <span class='ocrx_word' id='word_1_601' title='bbox 3194 3421 3271 3494; x_wconf 82' lang='grc' dir='ltr'>τῷ</span> <span class='ocrx_word' id='word_1_602' title='bbox 3300 3421 3415 3493; x_wconf 84' lang='grc' dir='ltr'>ἰδίῳ</span> <span class='ocrx_word' id='word_1_603' title='bbox 3449 3423 3600 3496; x_wconf 73' lang='grc' dir='ltr'>ἔργῳ</span> <span class='ocrx_word' id='word_1_604' title='bbox 3620 3442 3787 3494; x_wconf 74' lang='grc' dir='ltr'>γεγο.</span> 
     </span>
    </p>
   </div>
   <div class='ocr_carea' id='block_1_82' title="bbox 2181 3514 3789 3588">
    <p class='ocr_par' dir='ltr' id='par_1_82' title="bbox 2181 3514 3789 3588">
     <span class='ocr_line' id='line_1_82' title="bbox 2181 3514 3789 3588; baseline 0.005 -21"><span class='ocrx_word' id='word_1_605' title='bbox 2181 3514 2331 3568; x_wconf 88' lang='grc' dir='ltr'>νέναι</span> <span class='ocrx_word' id='word_1_606' title='bbox 2366 3515 2548 3578; x_wconf 83' lang='grc' dir='ltr'>αὐτοῖς</span> <span class='ocrx_word' id='word_1_607' title='bbox 2582 3515 2687 3568; x_wconf 80' lang='grc' dir='ltr'><strong>ὑπὸ</strong></span> <span class='ocrx_word' id='word_1_608' title='bbox 2717 3515 2809 3568; x_wconf 88' lang='grc' dir='ltr'><strong>τοῦ</strong></span> <span class='ocrx_word' id='word_1_609' title='bbox 2843 3515 2999 3579; x_wconf 87' lang='grc' dir='ltr'>Θεοῦ,</span> <span class='ocrx_word' id='word_1_610' title='bbox 3030 3514 3148 3569; x_wconf 81' lang='grc' dir='ltr'>εἴτε</span> <span class='ocrx_word' id='word_1_611' title='bbox 3177 3517 3293 3588; x_wconf 84' lang='grc' dir='ltr'>ἐρεῖ</span> <span class='ocrx_word' id='word_1_612' title='bbox 3321 3517 3390 3570; x_wconf 84' lang='grc' dir='ltr'>τὰ</span> <span class='ocrx_word' id='word_1_613' title='bbox 3426 3519 3657 3587; x_wconf 77' lang='grc' dir='ltr'>ἔγκατα,</span> <span class='ocrx_word' id='word_1_614' title='bbox 3684 3521 3789 3575; x_wconf 70' lang='grc' dir='ltr'>καὶ</span> 
     </span>
    </p>
   </div>
   <div class='ocr_carea' id='block_1_83' title="bbox 2181 3605 3787 3682">
    <p class='ocr_par' dir='ltr' id='par_1_83' title="bbox 2181 3605 3787 3682">
     <span class='ocr_line' id='line_1_83' title="bbox 2181 3605 3787 3682; baseline 0.006 -24"><span class='ocrx_word' id='word_1_615' title='bbox 2181 3607 2241 3659; x_wconf 75' lang='grc' dir='ltr'>τὸ</span> <span class='ocrx_word' id='word_1_616' title='bbox 2273 3605 2683 3678; x_wconf 85' lang='grc' dir='ltr'>ἀπευθυσμένον</span> <span class='ocrx_word' id='word_1_617' title='bbox 2707 3607 2816 3679; x_wconf 79' lang='grc'>(50)</span> <span class='ocrx_word' id='word_1_618' title='bbox 2839 3607 3053 3682; x_wconf 80' lang='grc' dir='ltr'>ἔντερον</span> <span class='ocrx_word' id='word_1_619' title='bbox 3080 3609 3179 3672; x_wconf 77' lang='grc' dir='ltr'><strong>τὰς</strong></span> <span class='ocrx_word' id='word_1_620' title='bbox 3215 3610 3352 3674; x_wconf 80' lang='grc' dir='ltr'>ἰδίας</span> <span class='ocrx_word' id='word_1_621' title='bbox 3374 3612 3568 3681; x_wconf 86' lang='grc' dir='ltr'>χρείας</span> <span class='ocrx_word' id='word_1_622' title='bbox 3597 3614 3787 3667; x_wconf 85' lang='grc' dir='ltr'>ἐπιτε-</span> 
     </span>
    </p>
   </div>
   <div class='ocr_carea' id='block_1_84' title="bbox 2182 3698 3789 3775">
    <p class='ocr_par' dir='ltr' id='par_1_84' title="bbox 2182 3698 3789 3775">
     <span class='ocr_line' id='line_1_84' title="bbox 2182 3698 3789 3775; baseline 0.006 -25"><span class='ocrx_word' id='word_1_623' title='bbox 2182 3698 2294 3752; x_wconf 86' lang='grc' dir='ltr'>λεῖν</span> <span class='ocrx_word' id='word_1_624' title='bbox 2336 3699 2430 3752; x_wconf 83' lang='grc' dir='ltr'>καὶ</span> <span class='ocrx_word' id='word_1_625' title='bbox 2465 3700 2521 3753; x_wconf 93' lang='grc' dir='ltr'><strong>ἐν</strong></span> <span class='ocrx_word' id='word_1_626' title='bbox 2554 3702 2665 3764; x_wconf 86' lang='grc' dir='ltr'>τοῖς</span> <span class='ocrx_word' id='word_1_627' title='bbox 2700 3700 3064 3770; x_wconf 85' lang='grc' dir='ltr'>ἐπουρανίοις.</span> <span class='ocrx_word' id='word_1_628' title='bbox 3098 3702 3308 3774; x_wconf 78' lang='grc' dir='ltr'>Σφόδρα</span> <span class='ocrx_word' id='word_1_629' title='bbox 3332 3702 3389 3755; x_wconf 81' lang='grc' dir='ltr'>δὲ</span> <span class='ocrx_word' id='word_1_630' title='bbox 3421 3704 3626 3775; x_wconf 78' lang='grc' dir='ltr'>μωρῶς</span> <span class='ocrx_word' id='word_1_631' title='bbox 3649 3706 3789 3759; x_wconf 72' lang='grc' dir='ltr'>ἀνα-</span> 
     </span>
    </p>
   </div>
   <div class='ocr_carea' id='block_1_85' title="bbox 2185 3791 3790 3870">
    <p class='ocr_par' dir='ltr' id='par_1_85' title="bbox 2185 3791 3790 3870">
     <span class='ocr_line' id='line_1_85' title="bbox 2185 3791 3790 3870; baseline 0.004 -26"><span class='ocrx_word' id='word_1_632' title='bbox 2185 3793 2574 3863; x_wconf 71' lang='grc' dir='ltr'>στραφήσεται,</span> <span class='ocrx_word' id='word_1_633' title='bbox 2611 3791 2707 3845; x_wconf 71' lang='grc' dir='ltr'>ἐὰν</span> <span class='ocrx_word' id='word_1_634' title='bbox 2737 3793 2936 3866; x_wconf 88' lang='grc' dir='ltr'>τρόπον</span> <span class='ocrx_word' id='word_1_635' title='bbox 2958 3793 3288 3864; x_wconf 86' lang='grc' dir='ltr'>ἀνδριάντων</span> <span class='ocrx_word' id='word_1_636' title='bbox 3319 3813 3405 3859; x_wconf 87' lang='grc' dir='ltr'><strong>τις</strong></span> <span class='ocrx_word' id='word_1_637' title='bbox 3434 3797 3636 3870; x_wconf 76' lang='grc' dir='ltr'>νομίζῃ</span> <span class='ocrx_word' id='word_1_638' title='bbox 3677 3798 3790 3869; x_wconf 81' lang='grc' dir='ltr'>τὴν</span> 
     </span>
    </p>
   </div>
   <div class='ocr_carea' id='block_1_86' title="bbox 2186 3880 3788 3959">
    <p class='ocr_par' dir='ltr' id='par_1_86' title="bbox 2186 3880 3788 3959">
     <span class='ocr_line' id='line_1_86' title="bbox 2186 3880 3788 3959; baseline 0.006 -24"><span class='ocrx_word' id='word_1_639' title='bbox 2186 3884 2285 3954; x_wconf 81' lang='grc' dir='ltr'><strong>μὲν</strong></span> <span class='ocrx_word' id='word_1_640' title='bbox 2318 3883 2640 3952; x_wconf 81' lang='grc' dir='ltr'>ἐπιφάνειαν</span> <span class='ocrx_word' id='word_1_641' title='bbox 2687 3884 2852 3955; x_wconf 84' lang='grc' dir='ltr'>μόνην</span> <span class='ocrx_word' id='word_1_642' title='bbox 2883 3880 3024 3938; x_wconf 72' lang='grc' dir='ltr'>εἶναι</span> <span class='ocrx_word' id='word_1_643' title='bbox 3062 3885 3456 3959; x_wconf 80' lang='grc' dir='ltr'>ἀνθρωποειδῆ,</span> <span class='ocrx_word' id='word_1_644' title='bbox 3501 3890 3692 3944; x_wconf 81' lang='grc' dir='ltr'>ούκέτι</span> <span class='ocrx_word' id='word_1_645' title='bbox 3726 3890 3788 3944; x_wconf 76' lang='grc' dir='ltr'>δὲ</span> 
     </span>
    </p>
   </div>
   <div class='ocr_carea' id='block_1_87' title="bbox 2188 3975 3792 4050">
    <p class='ocr_par' dir='ltr' id='par_1_87' title="bbox 2188 3975 3792 4050">
     <span class='ocr_line' id='line_1_87' title="bbox 2188 3975 3792 4050; baseline 0.004 -23"><span class='ocrx_word' id='word_1_646' title='bbox 2188 3975 2283 4028; x_wconf 74' lang='grc' dir='ltr'><strong>καὶ</strong></span> <span class='ocrx_word' id='word_1_647' title='bbox 2315 3975 2382 4028; x_wconf 90' lang='grc' dir='ltr'><strong>τά</strong></span> <span class='ocrx_word' id='word_1_648' title='bbox 2409 3976 2468 4030; x_wconf 87' lang='grc' dir='ltr'><strong>ἐν</strong></span> <span class='ocrx_word' id='word_1_649' title='bbox 2495 3975 2666 4046; x_wconf 88' lang='grc' dir='ltr'>βάθει.</span> <span class='ocrx_word' id='word_1_650' title='bbox 2701 3975 2884 4030; x_wconf 88' lang='grc' dir='ltr'>Ταῦτα</span> <span class='ocrx_word' id='word_1_651' title='bbox 2903 3976 2958 4029; x_wconf 87' lang='grc' dir='ltr'><strong>δέ</strong></span> <span class='ocrx_word' id='word_1_652' title='bbox 2981 3995 3069 4048; x_wconf 87' lang='grc' dir='ltr'><strong>μοι</strong></span> <span class='ocrx_word' id='word_1_653' title='bbox 3093 3977 3309 4046; x_wconf 85' lang='grc' dir='ltr'>λέγεται</span> <span class='ocrx_word' id='word_1_654' title='bbox 3330 3978 3444 4050; x_wconf 82' lang='grc'>(51)</span> <span class='ocrx_word' id='word_1_655' title='bbox 3469 3979 3792 4045; x_wconf 82' lang='grc' dir='ltr'>ἐξετάζοντι</span> 
     </span>
    </p>
   </div>
   <div class='ocr_carea' id='block_1_88' title="bbox 2164 4068 3789 4144">
    <p class='ocr_par' dir='ltr' id='par_1_88' title="bbox 2164 4068 3789 4144">
     <span class='ocr_line' id='line_1_88' title="bbox 2164 4068 3789 4144; baseline 0.003 -25"><span class='ocrx_word' id='word_1_656' title='bbox 2164 4069 2285 4139; x_wconf 79' lang='grc' dir='ltr'><strong>τὴν</strong></span> <span class='ocrx_word' id='word_1_657' title='bbox 2310 4069 2676 4137; x_wconf 84' lang='grc' dir='ltr'>γονυκλισίαν,</span> <span class='ocrx_word' id='word_1_658' title='bbox 2701 4068 2794 4121; x_wconf 75' lang='grc' dir='ltr'>καὶ</span> <span class='ocrx_word' id='word_1_659' title='bbox 2817 4069 3033 4140; x_wconf 80' lang='grc' dir='ltr'>ὁρῶντι,</span> <span class='ocrx_word' id='word_1_660' title='bbox 3055 4070 3135 4123; x_wconf 76' lang='grc' dir='ltr'>ὅτι</span> <span class='ocrx_word' id='word_1_661' title='bbox 3155 4072 3212 4123; x_wconf 85' lang='grc' dir='ltr'>ὲν</span> <span class='ocrx_word' id='word_1_662' title='bbox 3241 4069 3318 4140; x_wconf 84' lang='grc' dir='ltr'><strong>τῷ</strong></span> <span class='ocrx_word' id='word_1_663' title='bbox 3339 4070 3566 4142; x_wconf 83' lang='grc' dir='ltr'>ὀνόματι</span> <span class='ocrx_word' id='word_1_664' title='bbox 3598 4071 3789 4144; x_wconf 70' lang='grc' dir='ltr'>Ἰησοῦ</span> 
     </span>
    </p>
   </div>
   <div class='ocr_carea' id='block_1_89' title="bbox 2188 4159 3793 4231">
    <p class='ocr_par' dir='ltr' id='par_1_89' title="bbox 2188 4159 3793 4231">
     <span class='ocr_line' id='line_1_89' title="bbox 2188 4159 3793 4231; baseline 0.003 -18"><span class='ocrx_word' id='word_1_665' title='bbox 2188 4160 2294 4213; x_wconf 82' lang='grc' dir='ltr'><strong>πᾶν</strong></span> <span class='ocrx_word' id='word_1_666' title='bbox 2317 4159 2441 4228; x_wconf 86' lang='grc' dir='ltr'>γόνυ</span> <span class='ocrx_word' id='word_1_667' title='bbox 2469 4159 2673 4230; x_wconf 69' lang='grc' dir='ltr'>κάμψει</span> <span class='ocrx_word' id='word_1_668' title='bbox 2705 4160 3038 4231; x_wconf 87' lang='grc' dir='ltr'>ἐπουρανίων</span> <span class='ocrx_word' id='word_1_669' title='bbox 3065 4163 3158 4215; x_wconf 76' lang='grc' dir='ltr'>καὶ</span> <span class='ocrx_word' id='word_1_670' title='bbox 3180 4162 3459 4230; x_wconf 83' lang='grc' dir='ltr'>ἐπιγείων,</span> <span class='ocrx_word' id='word_1_671' title='bbox 3489 4166 3585 4217; x_wconf 72' lang='grc' dir='ltr'><strong>καὶ</strong></span> <span class='ocrx_word' id='word_1_672' title='bbox 3608 4182 3793 4219; x_wconf 76' lang='grc' dir='ltr'>κατα-</span> 
     </span>
    </p>
   </div>
   <div class='ocr_carea' id='block_1_90' title="bbox 2183 4251 3789 4328">
    <p class='ocr_par' dir='ltr' id='par_1_90' title="bbox 2183 4251 3789 4328">
     <span class='ocr_line' id='line_1_90' title="bbox 2183 4251 3789 4328; baseline 0.005 -25"><span class='ocrx_word' id='word_1_673' title='bbox 2183 4251 2429 4322; x_wconf 84' lang='grc' dir='ltr'>χθονίων.</span> <span class='ocrx_word' id='word_1_674' title='bbox 2479 4251 2637 4306; x_wconf 80' lang='grc' dir='ltr'>Ἂλλὰ</span> <span class='ocrx_word' id='word_1_675' title='bbox 2671 4254 2764 4306; x_wconf 74' lang='grc' dir='ltr'><strong>καὶ</strong></span> <span class='ocrx_word' id='word_1_676' title='bbox 2794 4253 2854 4306; x_wconf 83' lang='grc' dir='ltr'>τὸ</span> <span class='ocrx_word' id='word_1_677' title='bbox 2881 4255 2940 4306; x_wconf 86' lang='grc' dir='ltr'><strong>ἐν</strong></span> <span class='ocrx_word' id='word_1_678' title='bbox 2966 4253 3044 4324; x_wconf 83' lang='grc' dir='ltr'>τῷ</span> <span class='ocrx_word' id='word_1_679' title='bbox 3079 4255 3330 4327; x_wconf 73' lang='grc' dir='ltr'>προφήτῃ</span> <span class='ocrx_word' id='word_1_680' title='bbox 3361 4257 3789 4328; x_wconf 79' lang='grc' dir='ltr'>γεγραμμένον·</span> 
     </span>
    </p>
   </div>
   <div class='ocr_carea' id='block_1_91' title="bbox 2197 4344 3796 4421">
    <p class='ocr_par' dir='ltr' id='par_1_91' title="bbox 2197 4344 3796 4421">
     <span class='ocr_line' id='line_1_91' title="bbox 2197 4344 3796 4421; baseline 0.004 -24"><span class='ocrx_word' id='word_1_681' title='bbox 2197 4345 2355 4413; x_wconf 76' lang='grc' dir='ltr'>Ἐμοὶ</span> <span class='ocrx_word' id='word_1_682' title='bbox 2391 4344 2613 4415; x_wconf 68' lang='grc' dir='ltr'>κάμψει</span> <span class='ocrx_word' id='word_1_683' title='bbox 2641 4345 2765 4400; x_wconf 85' lang='grc' dir='ltr'>πᾶν</span> <span class='ocrx_word' id='word_1_684' title='bbox 2793 4347 2959 4415; x_wconf 69' lang='grc' dir='ltr'>τόνιν</span> <span class='ocrx_word' id='word_1_685' title='bbox 2986 4347 3178 4400; x_wconf 85' lang='grc' dir='ltr'>ταύτόν</span> <span class='ocrx_word' id='word_1_686' title='bbox 3203 4349 3338 4400; x_wconf 86' lang='grc' dir='ltr'>ἐστι.</span> <span class='ocrx_word' id='word_1_687' title='bbox 3377 4349 3490 4402; x_wconf 73' lang='grc' dir='ltr'><strong>Καὶ</strong></span> <span class='ocrx_word' id='word_1_688' title='bbox 3529 4350 3669 4421; x_wconf 79' lang='grc' dir='ltr'><strong>περὶ</strong></span> <span class='ocrx_word' id='word_1_689' title='bbox 3698 4351 3796 4403; x_wconf 80' lang='grc' dir='ltr'><strong>τό-</strong></span> 
     </span>
    </p>
   </div>
   <div class='ocr_carea' id='block_1_92' title="bbox 2181 4437 3796 4510">
    <p class='ocr_par' dir='ltr' id='par_1_92' title="bbox 2181 4437 3796 4510">
     <span class='ocr_line' id='line_1_92' title="bbox 2181 4437 3796 4510; baseline 0.002 -20"><span class='ocrx_word' id='word_1_690' title='bbox 2181 4455 2284 4491; x_wconf 87' lang='grc' dir='ltr'><strong>που</strong></span> <span class='ocrx_word' id='word_1_691' title='bbox 2311 4437 2385 4501; x_wconf 80' lang='grc' dir='ltr'><strong>δὲ,</strong></span> <span class='ocrx_word' id='word_1_692' title='bbox 2423 4438 2614 4502; x_wconf 82' lang='grc' dir='ltr'>ἰστέον,</span> <span class='ocrx_word' id='word_1_693' title='bbox 2649 4439 2730 4492; x_wconf 84' lang='grc' dir='ltr'>ὅτι</span> <span class='ocrx_word' id='word_1_694' title='bbox 2765 4440 2870 4502; x_wconf 80' lang='grc' dir='ltr'><strong>πᾶς</strong></span> <span class='ocrx_word' id='word_1_695' title='bbox 2902 4439 3064 4503; x_wconf 87' lang='grc' dir='ltr'>τόπος</span> <span class='ocrx_word' id='word_1_696' title='bbox 3087 4438 3389 4510; x_wconf 81' lang='grc' dir='ltr'>ἐπιτήδειος</span> <span class='ocrx_word' id='word_1_697' title='bbox 3417 4440 3498 4503; x_wconf 83' lang='grc' dir='ltr'><strong>εἰς</strong></span> <span class='ocrx_word' id='word_1_698' title='bbox 3521 4439 3584 4493; x_wconf 77' lang='grc' dir='ltr'>τὸ</span> <span class='ocrx_word' id='word_1_699' title='bbox 3612 4439 3796 4506; x_wconf 76' lang='grc' dir='ltr'>εὖξα-</span> 
     </span>
    </p>
   </div>
   <div class='ocr_carea' id='block_1_93' title="bbox 2181 4533 3796 4605">
    <p class='ocr_par' dir='ltr' id='par_1_93' title="bbox 2181 4533 3796 4605">
     <span class='ocr_line' id='line_1_93' title="bbox 2181 4533 3796 4605; baseline 0.002 -19"><span class='ocrx_word' id='word_1_700' title='bbox 2181 4533 2306 4588; x_wconf 90' lang='grc' dir='ltr'>σθαι</span> <span class='ocrx_word' id='word_1_701' title='bbox 2338 4535 2444 4588; x_wconf 74' lang='grc' dir='ltr'>ὑπὸ</span> <span class='ocrx_word' id='word_1_702' title='bbox 2472 4535 2563 4589; x_wconf 87' lang='grc' dir='ltr'><strong>τοῦ</strong></span> <span class='ocrx_word' id='word_1_703' title='bbox 2609 4534 2785 4598; x_wconf 84' lang='grc' dir='ltr'>καλῶς</span> <span class='ocrx_word' id='word_1_704' title='bbox 2817 4535 3112 4605; x_wconf 81' lang='grc' dir='ltr'>εὐχομένου</span> <span class='ocrx_word' id='word_1_705' title='bbox 3156 4533 3386 4601; x_wconf 88' lang='grc' dir='ltr'>γίνεται·</span> <span class='ocrx_word' id='word_1_706' title='bbox 3449 4534 3546 4587; x_wconf 84' lang='grc' dir='ltr'>Ἐν</span> <span class='ocrx_word' id='word_1_707' title='bbox 3589 4535 3796 4590; x_wconf 76' lang='grc' dir='ltr'>παι-τὶ</span> 
     </span>
    </p>
   </div>
   <div class='ocr_carea' id='block_1_94' title="bbox 504 4621 2078 4697">
    <p class='ocr_par' dir='ltr' id='par_1_94' title="bbox 504 4621 2070 4691">
     <span class='ocr_line' id='line_1_94' title="bbox 504 4621 2070 4691; baseline 0 -15"><span class='ocrx_word' id='word_1_708' title='bbox 504 4637 640 4688; x_wconf 84' lang='lat' dir='ltr'><strong>rem,</strong></span> <span class='ocrx_word' id='word_1_709' title='bbox 671 4622 850 4691; x_wconf 84' lang='lat' dir='ltr'><strong>ibique</strong></span> <span class='ocrx_word' id='word_1_710' title='bbox 877 4637 1071 4687; x_wconf 88' lang='lat' dir='ltr'><strong>orare;</strong></span> <span class='ocrx_word' id='word_1_711' title='bbox 1108 4636 1230 4674; x_wconf 86' lang='lat' dir='ltr'><strong>cum</strong></span> <span class='ocrx_word' id='word_1_712' title='bbox 1279 4621 1431 4690; x_wconf 89' lang='lat' dir='ltr'><strong>prius</strong></span> <span class='ocrx_word' id='word_1_713' title='bbox 1472 4629 1648 4674; x_wconf 86' lang='lat' dir='ltr'><strong>tamen</strong></span> <span class='ocrx_word' id='word_1_714' title='bbox 1680 4629 1878 4690; x_wconf 71' lang='lat' dir='ltr'><strong>pra-ter</strong></span> <span class='ocrx_word' id='word_1_715' title='bbox 1905 4635 2070 4686; x_wconf 68' lang='lat' dir='ltr'><strong>gene-</strong></span> 
     </span>
    </p>
   </div>
   <div class='ocr_carea' id='block_1_95' title="bbox 2187 4621 3793 4697">
    <p class='ocr_par' dir='ltr' id='par_1_95' title="bbox 2187 4623 3793 4697">
     <span class='ocr_line' id='line_1_95' title="bbox 2187 4623 3793 4697; baseline 0 -18"><span class='ocrx_word' id='word_1_716' title='bbox 2187 4625 2289 4697; x_wconf 84' lang='grc' dir='ltr'>γὰρ</span> <span class='ocrx_word' id='word_1_717' title='bbox 2325 4629 2488 4694; x_wconf 81' lang='grc' dir='ltr'>τόπῳ</span> <span class='ocrx_word' id='word_1_718' title='bbox 2517 4625 2778 4696; x_wconf 79' lang='grc' dir='ltr'>θυμίαμά</span> <span class='ocrx_word' id='word_1_719' title='bbox 2804 4643 2905 4696; x_wconf 85' lang='grc' dir='ltr'><strong>μοι</strong></span> <span class='ocrx_word' id='word_1_720' title='bbox 2951 4623 3300 4695; x_wconf 77' lang='grc' dir='ltr'>προσάγετε,</span> <span class='ocrx_word' id='word_1_721' title='bbox 3333 4624 3497 4697; x_wconf 73' lang='grc' dir='ltr'>,λέγει</span> <span class='ocrx_word' id='word_1_722' title='bbox 3529 4627 3793 4696; x_wconf 78' lang='grc' dir='ltr'>Κύριος·</span> 
     </span>
    </p>
   </div>
   <div class='ocr_carea' id='block_1_96' title="bbox 575 4759 2078 4834">
    <p class='ocr_par' dir='ltr' id='par_1_96' title="bbox 575 4759 2040 4834">
     <span class='ocr_line' id='line_1_96' title="bbox 575 4759 2040 4834; baseline -0.003 -16"><span class='ocrx_word' id='word_1_723' title='bbox 575 4763 620 4797; x_wconf 83' lang='grc'><strong>⁸⁷</strong></span> <span class='ocrx_word' id='word_1_724' title='bbox 645 4764 781 4834; x_wconf 85' lang='lat' dir='ltr'><strong>Eph.</strong></span> <span class='ocrx_word' id='word_1_725' title='bbox 816 4779 897 4828; x_wconf 85' lang='grc' dir='ltr'>ιιι,</span> <span class='ocrx_word' id='word_1_726' title='bbox 927 4762 1010 4817; x_wconf 73' lang='grc' dir='ltr'>Η.</span> <span class='ocrx_word' id='word_1_727' title='bbox 1088 4762 1135 4796; x_wconf 79' lang='grc'><strong><em>⁵³</em></strong></span> <span class='ocrx_word' id='word_1_728' title='bbox 1161 4759 1300 4815; x_wconf 89' lang='lat' dir='ltr'><strong>Phil.</strong></span> <span class='ocrx_word' id='word_1_729' title='bbox 1328 4775 1387 4826; x_wconf 87' lang='grc' dir='ltr'><strong>ιι,</strong></span> <span class='ocrx_word' id='word_1_730' title='bbox 1421 4759 1510 4814; x_wconf 75' lang='lat'><strong>‘10.</strong></span> <span class='ocrx_word' id='word_1_731' title='bbox 1585 4760 1759 4814; x_wconf 77' lang='lat' dir='ltr'><strong>“15a.</strong></span> <span class='ocrx_word' id='word_1_732' title='bbox 1792 4775 1918 4827; x_wconf 74' lang='lat' dir='ltr'><strong>XLV,</strong></span> <span class='ocrx_word' id='word_1_733' title='bbox 1945 4761 2040 4815; x_wconf 67' lang='lat'><strong>‘24.</strong></span> 
     </span>
    </p>
   </div>
   <div class='ocr_carea' id='block_1_97' title="bbox 2187 4759 2496 4834">
    <p class='ocr_par' dir='ltr' id='par_1_97' title="bbox 2187 4762 2496 4825">
     <span class='ocr_line' id='line_1_97' title="bbox 2187 4762 2496 4825; baseline 0.003 -8"><span class='ocrx_word' id='word_1_734' title='bbox 2187 4762 2309 4819; x_wconf 76' lang='lat' dir='ltr'><strong>Mal.</strong></span> <span class='ocrx_word' id='word_1_735' title='bbox 2340 4781 2376 4825; x_wconf 90' lang='lat' dir='ltr'><strong>I,</strong></span> <span class='ocrx_word' id='word_1_736' title='bbox 2409 4766 2496 4819; x_wconf 81' lang='grc' dir='ltr'>Η.</span> 
     </span>
    </p>
   </div>
   <div class='ocr_carea' id='block_1_98' title="bbox 547 4897 2074 4997">
    <p class='ocr_par' dir='ltr' id='par_1_98' title="bbox 547 4897 2074 4997">
     <span class='ocr_line' id='line_1_98' title="bbox 547 4897 2074 4997; baseline -0.005 -35"><span class='ocrx_word' id='word_1_737' title='bbox 547 4904 686 4997; x_wconf 51' lang='lat'><strong>’(2’5)</strong></span> <span class='ocrx_word' id='word_1_738' title='bbox 727 4903 899 4959; x_wconf 84' lang='lat' dir='ltr'><strong>Codd.</strong></span> <span class='ocrx_word' id='word_1_739' title='bbox 933 4917 1090 4967; x_wconf 86' lang='lat' dir='ltr'><strong>tnss.,</strong></span> <span class='ocrx_word' id='word_1_740' title='bbox 1121 4902 1156 4972; x_wconf 82' lang='grc' dir='ltr'><strong>ἦ</strong></span> <span class='ocrx_word' id='word_1_741' title='bbox 1189 4899 1464 4963; x_wconf 88' lang='grc' dir='ltr'>τοιαύτας.</span> <span class='ocrx_word' id='word_1_742' title='bbox 1501 4898 1678 4953; x_wconf 73' lang='lat' dir='ltr'><strong>Eziitio</strong></span> <span class='ocrx_word' id='word_1_743' title='bbox 1722 4897 1926 4964; x_wconf 85' lang='lat' dir='ltr'><strong>Oxon.,</strong></span> <span class='ocrx_word' id='word_1_744' title='bbox 1956 4901 2074 4970; x_wconf 79' lang='grc' dir='ltr'>ἦτοι</span> 
     </span>
    </p>
   </div>
   <div class='ocr_carea' id='block_1_99' title="bbox 501 4978 2077 5120">
    <p class='ocr_par' dir='ltr' id='par_1_99' title="bbox 501 4978 2077 5120">
     <span class='ocr_line' id='line_1_99' title="bbox 501 4978 2077 5120; baseline -0.006 -17"><span class='ocrx_word' id='word_1_745' title='bbox 501 4978 706 5120; x_wconf 23' lang='grc' dir='ltr'><strong>αυῖἓίῗίᾲ</strong></span> <span class='ocrx_word' id='word_1_746' title='bbox 733 5044 828 5112; x_wconf 80' lang='grc' dir='ltr'><strong>Μὴ</strong></span> <span class='ocrx_word' id='word_1_747' title='bbox 877 5041 1160 5120; x_wconf 55' lang='grc' dir='ltr'>ἐπιτρέπῃ</span> <span class='ocrx_word' id='word_1_748' title='bbox 1211 5039 1672 5120; x_wconf 68' lang='grc' dir='ltr'>ἀναχωρρῦντιςς</span> <span class='ocrx_word' id='word_1_749' title='bbox 1693 5038 1780 5109; x_wconf 80' lang='grc' dir='ltr'>μὴ</span> <span class='ocrx_word' id='word_1_750' title='bbox 1808 5039 2077 5120; x_wconf 44' lang='grc' dir='ltr'><strong>’ᾀποδοῦ-</strong></span> 
     </span>
    </p>
   </div>
   <div class='ocr_carea' id='block_1_100' title="bbox 2573 4763 3014 4824">
    <p class='ocr_par' dir='ltr' id='par_1_100' title="bbox 2573 4763 3014 4824">
     <span class='ocr_line' id='line_1_100' title="bbox 2573 4763 3014 4824; baseline 0.014 -11"><span class='ocrx_word' id='word_1_751' title='bbox 2573 4766 2614 4795; x_wconf 70' lang='grc' dir='ltr'><strong>ε¹</strong></span> <span class='ocrx_word' id='word_1_752' title='bbox 2646 4766 2664 4814; x_wconf 94' lang='lat' dir='ltr'><strong>l</strong></span> <span class='ocrx_word' id='word_1_753' title='bbox 2697 4763 2836 4818; x_wconf 87' lang='lat' dir='ltr'><strong>Tim.</strong></span> <span class='ocrx_word' id='word_1_754' title='bbox 2869 4780 2928 4824; x_wconf 80' lang='grc' dir='ltr'><strong>ιι,</strong></span> <span class='ocrx_word' id='word_1_755' title='bbox 2961 4765 3014 4819; x_wconf 82' lang='lat'><strong>8.</strong></span> 
     </span>
    </p>
   </div>
   <div class='ocr_carea' id='block_1_101' title="bbox 2184 4886 3797 5026">
    <p class='ocr_par' dir='ltr' id='par_1_101' title="bbox 2184 4886 3797 5026">
     <span class='ocr_line' id='line_1_101' title="bbox 2184 4886 3797 5026; baseline 0.001 -70"><span class='ocrx_word' id='word_1_756' title='bbox 2184 4902 2407 5026; x_wconf 51' lang='grc' dir='ltr'><strong>ἕηςθὸ</strong></span> <span class='ocrx_word' id='word_1_757' title='bbox 2442 4927 2452 4958; x_wconf 90' lang='grc'>;</span> <span class='ocrx_word' id='word_1_758' title='bbox 2487 4902 2556 4956; x_wconf 79' lang='grc' dir='ltr'><strong>Εἴ</strong></span> <span class='ocrx_word' id='word_1_759' title='bbox 2583 4919 2666 4967; x_wconf 86' lang='grc' dir='ltr'><strong>τις</strong></span> <span class='ocrx_word' id='word_1_760' title='bbox 2706 4901 2871 4971; x_wconf 87' lang='grc' dir='ltr'>λέγει,</span> <span class='ocrx_word' id='word_1_761' title='bbox 2913 4901 2945 4972; x_wconf 81' lang='grc' dir='ltr'>ἢ</span> <span class='ocrx_word' id='word_1_762' title='bbox 2981 4901 3113 4982; x_wconf 58' lang='grc' dir='ltr'>ἔχει,</span> <span class='ocrx_word' id='word_1_763' title='bbox 3150 4886 3489 4987; x_wconf 41' lang='grc' dir='ltr'>ἢῒφρονεῖκῆ</span> <span class='ocrx_word' id='word_1_764' title='bbox 3523 4903 3797 4959; x_wconf 64' lang='grc' dir='ltr'>οιδάςκει</span> 
     </span>
     <span class='ocr_line' id='line_1_102' title="bbox 2215 4970 3797 5026; baseline 0.001 0"><span class='ocrx_word' id='word_1_765' title='bbox 2215 4993 2242 5026; x_wconf 94' lang='grc' dir='ltr'><strong>ν</strong></span> <span class='ocrx_word' id='word_1_766' title='bbox 2273 4991 2338 5026; x_wconf 75' lang='grc' dir='ltr'><strong>ττι</strong></span> <span class='ocrx_word' id='word_1_767' title='bbox 2381 4972 2674 5026; x_wconf 84' lang='grc' dir='ltr'>ἀναστάσει</span> <span class='ocrx_word' id='word_1_768' title='bbox 2704 4971 3016 5026; x_wconf 76' lang='grc' dir='ltr'>σφαιροειδη</span> <span class='ocrx_word' id='word_1_769' title='bbox 3051 4971 3117 5025; x_wconf 77' lang='grc' dir='ltr'>τὰ</span> <span class='ocrx_word' id='word_1_770' title='bbox 3148 4989 3255 5023; x_wconf 86' lang='grc' dir='ltr'><strong>των</strong></span> <span class='ocrx_word' id='word_1_771' title='bbox 3278 4970 3583 5026; x_wconf 80' lang='grc' dir='ltr'>ἀνθρωπων</span> <span class='ocrx_word' id='word_1_772' title='bbox 3630 4976 3797 5026; x_wconf 85' lang='grc' dir='ltr'>ὲγεί-</span> 
     </span>
    </p>
   </div>
   <div class='ocr_carea' id='block_1_102' title="bbox 2215 4970 3804 5044">
    <p class='ocr_par' dir='ltr' id='par_1_102' title="bbox 2215 4970 3804 5044">
     <span class='ocr_line' id='line_1_103' title="bbox 2215 4970 3804 5044; baseline 0 -17"><span class='ocrx_word' id='word_1_773' title='bbox 2215 4993 2242 5026; x_wconf 94' lang='grc' dir='ltr'><strong>ν</strong></span> <span class='ocrx_word' id='word_1_774' title='bbox 2261 4970 2338 5044; x_wconf 63' lang='grc' dir='ltr'>’τῇ</span> <span class='ocrx_word' id='word_1_775' title='bbox 2381 4972 2674 5044; x_wconf 84' lang='grc' dir='ltr'>ἀναστάσει</span> <span class='ocrx_word' id='word_1_776' title='bbox 2700 4970 3117 5044; x_wconf 77' lang='grc' dir='ltr'>σφαιροειδῆτά</span> <span class='ocrx_word' id='word_1_777' title='bbox 3148 4970 3583 5044; x_wconf 71' lang='grc' dir='ltr'>τῶνάνθρῴπων</span> <span class='ocrx_word' id='word_1_778' title='bbox 3630 4976 3804 5044; x_wconf 78' lang='grc' dir='ltr'>ἐγεί-</span> 
     </span>
    </p>
   </div>
   <div class='ocr_carea' id='block_1_103' title="bbox 2189 5040 3807 5128">
    <p class='ocr_par' dir='ltr' id='par_1_103' title="bbox 2189 5040 3807 5128">
     <span class='ocr_line' id='line_1_104' title="bbox 2189 5040 3807 5128; baseline 0 -32"><span class='ocrx_word' id='word_1_779' title='bbox 2189 5040 2384 5128; x_wconf 46' lang='grc' dir='ltr'>ρεσθαι.</span> <span class='ocrx_word' id='word_1_780' title='bbox 2403 5043 2714 5128; x_wconf 40' lang='grc' dir='ltr'>σωματαζῆ</span> <span class='ocrx_word' id='word_1_781' title='bbox 2748 5040 3127 5128; x_wconf 26' lang='grc' dir='ltr'>ούχῖξμολογεῖ.</span> <span class='ocrx_word' id='word_1_782' title='bbox 3141 5041 3363 5128; x_wconf 41' lang='grc' dir='ltr'>,ὀρθίους</span> <span class='ocrx_word' id='word_1_783' title='bbox 3557 5043 3807 5128; x_wconf 51' lang='grc' dir='ltr'>ἐγείρετ</span> 
     </span>
    </p>
   </div>
   <div class='ocr_carea' id='block_1_104' title="bbox 501 5110 2076 5182">
    <p class='ocr_par' dir='ltr' id='par_1_104' title="bbox 501 5110 2076 5182">
     <span class='ocr_line' id='line_1_105' title="bbox 501 5110 2076 5182; baseline -0.004 -10"><span class='ocrx_word' id='word_1_784' title='bbox 501 5110 618 5173; x_wconf 79' lang='grc' dir='ltr'>ναὶ.</span> <span class='ocrx_word' id='word_1_785' title='bbox 675 5110 853 5172; x_wconf 81' lang='lat' dir='ltr'><strong>Codex</strong></span> <span class='ocrx_word' id='word_1_786' title='bbox 897 5114 1264 5174; x_wconf 81' lang='lat' dir='ltr'><strong>Colbertinus,</strong></span> <span class='ocrx_word' id='word_1_787' title='bbox 1323 5110 1396 5182; x_wconf 86' lang='grc' dir='ltr'>μὴ</span> <span class='ocrx_word' id='word_1_788' title='bbox 1446 5111 1749 5180; x_wconf 84' lang='grc' dir='ltr'>ἐπιτρέπει.</span> <span class='ocrx_word' id='word_1_789' title='bbox 1806 5110 2076 5182; x_wconf 54' lang='lat' dir='ltr'><strong>Praeterea</strong></span> 
     </span>
    </p>
   </div>
   <div class='ocr_carea' id='block_1_105' title="bbox 503 5181 1933 5251">
    <p class='ocr_par' dir='ltr' id='par_1_105' title="bbox 503 5181 1933 5251">
     <span class='ocr_line' id='line_1_106' title="bbox 503 5181 1933 5251; baseline -0.006 -9"><span class='ocrx_word' id='word_1_790' title='bbox 503 5200 627 5242; x_wconf 87' lang='lat' dir='ltr'><strong>ante</strong></span> <span class='ocrx_word' id='word_1_791' title='bbox 661 5186 953 5242; x_wconf 85' lang='grc' dir='ltr'>ἀποδοῦναι</span> <span class='ocrx_word' id='word_1_792' title='bbox 985 5185 1140 5236; x_wconf 85' lang='lat' dir='ltr'><strong>deleo</strong></span> <span class='ocrx_word' id='word_1_793' title='bbox 1167 5181 1483 5249; x_wconf 84' lang='lat' dir='ltr'><strong>particulam</strong></span> <span class='ocrx_word' id='word_1_794' title='bbox 1515 5191 1796 5249; x_wconf 75' lang='lat' dir='ltr'><strong>negantem</strong></span> <span class='ocrx_word' id='word_1_795' title='bbox 1835 5181 1933 5251; x_wconf 83' lang='grc' dir='ltr'>μή.</span> 
     </span>
    </p>
   </div>
   <div class='ocr_carea' id='block_1_106' title="bbox 574 5249 2078 5330">
    <p class='ocr_par' dir='ltr' id='par_1_106' title="bbox 574 5249 2078 5330">
     <span class='ocr_line' id='line_1_107' title="bbox 574 5249 2078 5330; baseline -0.006 -19"><span class='ocrx_word' id='word_1_796' title='bbox 574 5258 685 5330; x_wconf 69' lang='lat'><strong>(27-)</strong></span> <span class='ocrx_word' id='word_1_797' title='bbox 736 5259 832 5312; x_wconf 84' lang='grc' dir='ltr'>Ἐν</span> <span class='ocrx_word' id='word_1_798' title='bbox 877 5253 1172 5323; x_wconf 81' lang='grc' dir='ltr'>οὐρανοῖς.</span> <span class='ocrx_word' id='word_1_799' title='bbox 1221 5251 1402 5306; x_wconf 81' lang='lat' dir='ltr'><strong>Codex</strong></span> <span class='ocrx_word' id='word_1_800' title='bbox 1455 5249 1846 5318; x_wconf 54' lang='lat' dir='ltr'><strong>Colbertiuus,</strong></span> <span class='ocrx_word' id='word_1_801' title='bbox 1879 5249 1938 5306; x_wconf 77' lang='grc' dir='ltr'><strong>ἐν</strong></span> <span class='ocrx_word' id='word_1_802' title='bbox 1989 5249 2078 5303; x_wconf 86' lang='grc' dir='ltr'>ού-</span> 
     </span>
    </p>
   </div>
   <div class='ocr_carea' id='block_1_107' title="bbox 540 5345 669 5385">
    <p class='ocr_par' dir='ltr' id='par_1_107' title="bbox 540 5345 669 5385">
     <span class='ocr_line' id='line_1_108' title="bbox 540 5345 669 5385; baseline -0.023 -3"><span class='ocrx_word' id='word_1_803' title='bbox 540 5345 602 5382; x_wconf 72' lang='grc' dir='ltr'><strong>αν</strong></span> <span class='ocrx_word' id='word_1_804' title='bbox 607 5347 650 5385; x_wconf 78' lang='grc' dir='ltr'><strong>ω</strong></span> <span class='ocrx_word' id='word_1_805' title='bbox 657 5370 669 5385; x_wconf 86' lang='grc'><strong>,</strong></span> 
     </span>
    </p>
   </div>
   <div class='ocr_carea' id='block_1_108' title="bbox 506 5345 1756 5464">
    <p class='ocr_par' dir='ltr' id='par_1_108' title="bbox 506 5345 1756 5464">
     <span class='ocr_line' id='line_1_109' title="bbox 506 5345 1756 5464; baseline -0.006 -11"><span class='ocrx_word' id='word_1_806' title='bbox 506 5345 687 5464; x_wconf 52' lang='grc' dir='ltr'><strong>ραῖίὲἓ)</strong></span> <span class='ocrx_word' id='word_1_807' title='bbox 729 5396 839 5451; x_wconf 80' lang='grc' dir='ltr'><strong>Καὶ</strong></span> <span class='ocrx_word' id='word_1_808' title='bbox 867 5393 1148 5449; x_wconf 82' lang='grc' dir='ltr'>ἑκάστου.</span> <span class='ocrx_word' id='word_1_809' title='bbox 1184 5393 1349 5461; x_wconf 80' lang='lat' dir='ltr'><strong>Lego,</strong></span> <span class='ocrx_word' id='word_1_810' title='bbox 1381 5391 1477 5446; x_wconf 64' lang='grc' dir='ltr'><strong>καὶ</strong></span> <span class='ocrx_word' id='word_1_811' title='bbox 1506 5391 1756 5464; x_wconf 69' lang='grc' dir='ltr'>ἕκαστον.</span> 
     </span>
    </p>
   </div>
   <div class='ocr_carea' id='block_1_109' title="bbox 576 5461 2074 5540">
    <p class='ocr_par' dir='ltr' id='par_1_109' title="bbox 576 5461 2074 5540">
     <span class='ocr_line' id='line_1_110' title="bbox 576 5461 2074 5540; baseline -0.004 -18"><span class='ocrx_word' id='word_1_812' title='bbox 576 5461 688 5540; x_wconf 71' lang='lat'><strong>(29)</strong></span> <span class='ocrx_word' id='word_1_813' title='bbox 741 5467 1203 5540; x_wconf 66' lang='grc' dir='ltr'>Ἑσχηρατίσθαι</span> <span class='ocrx_word' id='word_1_814' title='bbox 1236 5467 1371 5540; x_wconf 65' lang='grc' dir='ltr'><strong>γάρε</strong></span> <span class='ocrx_word' id='word_1_815' title='bbox 1412 5473 1534 5540; x_wconf 35' lang='lat' dir='ltr'><strong>etc:</strong></span> <span class='ocrx_word' id='word_1_816' title='bbox 1577 5464 1634 5518; x_wconf 91' lang='lat' dir='ltr'><strong>In</strong></span> <span class='ocrx_word' id='word_1_817' title='bbox 1688 5461 2074 5540; x_wconf 32' lang='lat' dir='ltr'><strong>libello‘quem</strong></span> 
     </span>
    </p>
   </div>
   <div class='ocr_carea' id='block_1_110' title="bbox 507 5531 2074 5605">
    <p class='ocr_par' dir='ltr' id='par_1_110' title="bbox 507 5531 2074 5605">
     <span class='ocr_line' id='line_1_111' title="bbox 507 5531 2074 5605; baseline -0.006 -11"><span class='ocrx_word' id='word_1_818' title='bbox 507 5531 1166 5605; x_wconf 43' lang='lat' dir='ltr'><strong>Theodorus&quot;e&#39;pisc0pus</strong></span> <span class='ocrx_word' id='word_1_819' title='bbox 1226 5531 1703 5604; x_wconf 78' lang='lat' dir='ltr'><strong>Scytlmpolitanus</strong></span> <span class='ocrx_word' id='word_1_820' title='bbox 1763 5531 2074 5605; x_wconf 66' lang='lat' dir='ltr'><strong>Justit‘iiauo</strong></span> 
     </span>
    </p>
   </div>
   <div class='ocr_carea' id='block_1_111' title="bbox 508 5604 2076 5679">
    <p class='ocr_par' dir='ltr' id='par_1_111' title="bbox 508 5604 2076 5679">
     <span class='ocr_line' id='line_1_112' title="bbox 508 5604 2076 5679; baseline -0.007 -11"><span class='ocrx_word' id='word_1_821' title='bbox 508 5611 820 5679; x_wconf 87' lang='lat' dir='ltr'><strong>imperatori</strong></span> <span class='ocrx_word' id='word_1_822' title='bbox 860 5604 1175 5679; x_wconf 26' lang='lat' dir='ltr'><strong>et’qnatunr</strong></span> <span class='ocrx_word' id='word_1_823' title='bbox 1222 5606 1546 5679; x_wconf 80' lang='lat' dir='ltr'><strong>patriarchis</strong></span> <span class='ocrx_word' id='word_1_824' title='bbox 1579 5604 2076 5679; x_wconf 72' lang='lat' dir='ltr'><strong>constantinopoli-</strong></span> 
     </span>
    </p>
   </div>
   <div class='ocr_carea' id='block_1_112' title="bbox 509 5673 2075 5742">
    <p class='ocr_par' dir='ltr' id='par_1_112' title="bbox 509 5673 2075 5742">
     <span class='ocr_line' id='line_1_113' title="bbox 509 5673 2075 5742; baseline -0.004 -7"><span class='ocrx_word' id='word_1_825' title='bbox 509 5673 655 5742; x_wconf 72' lang='lat' dir='ltr'><strong>tario.</strong></span> <span class='ocrx_word' id='word_1_826' title='bbox 696 5673 1086 5737; x_wconf 77' lang='lat' dir='ltr'><strong>Alexandrino.</strong></span> <span class='ocrx_word' id='word_1_827' title='bbox 1127 5676 1466 5733; x_wconf 82' lang='lat' dir='ltr'><strong>Antiocheno</strong></span> <span class='ocrx_word' id='word_1_828' title='bbox 1511 5684 1565 5728; x_wconf 89' lang='lat' dir='ltr'><strong>et</strong></span> <span class='ocrx_word' id='word_1_829' title='bbox 1619 5673 2075 5742; x_wconf 82' lang='lat' dir='ltr'><strong>Jerosolymitauo</strong></span> 
     </span>
    </p>
   </div>
   <div class='ocr_carea' id='block_1_113' title="bbox 507 5743 2062 5815">
    <p class='ocr_par' dir='ltr' id='par_1_113' title="bbox 507 5743 2062 5815">
     <span class='ocr_line' id='line_1_114' title="bbox 507 5743 2062 5815; baseline -0.006 -9"><span class='ocrx_word' id='word_1_830' title='bbox 507 5751 722 5815; x_wconf 88' lang='lat' dir='ltr'><strong>obtulit,</strong></span> <span class='ocrx_word' id='word_1_831' title='bbox 755 5751 896 5806; x_wconf 85' lang='lat' dir='ltr'><strong>inter</strong></span> <span class='ocrx_word' id='word_1_832' title='bbox 933 5747 1274 5802; x_wconf 84' lang='lat' dir='ltr'><strong>anathemata</strong></span> <span class='ocrx_word' id='word_1_833' title='bbox 1321 5745 1514 5814; x_wconf 90' lang='lat' dir='ltr'><strong>quibus</strong></span> <span class='ocrx_word' id='word_1_834' title='bbox 1540 5743 1785 5812; x_wconf 80' lang='lat' dir='ltr'><strong>Origenis</strong></span> <span class='ocrx_word' id='word_1_835' title='bbox 1813 5743 2062 5815; x_wconf 77' lang='lat' dir='ltr'><strong>dogmata</strong></span> 
     </span>
    </p>
   </div>
   <div class='ocr_carea' id='block_1_114' title="bbox 509 5813 2063 5894">
    <p class='ocr_par' dir='ltr' id='par_1_114' title="bbox 509 5813 2063 5894">
     <span class='ocr_line' id='line_1_115' title="bbox 509 5813 2063 5894; baseline -0.01 -14"><span class='ocrx_word' id='word_1_836' title='bbox 509 5823 654 5894; x_wconf 74' lang='lat' dir='ltr'><strong>ferit,</strong></span> <span class='ocrx_word' id='word_1_837' title='bbox 694 5813 842 5890; x_wconf 75' lang='lat' dir='ltr'><strong>illud,</strong></span> <span class='ocrx_word' id='word_1_838' title='bbox 887 5820 1059 5891; x_wconf 84' lang='lat' dir='ltr'><strong>capite</strong></span> <span class='ocrx_word' id='word_1_839' title='bbox 1090 5819 1123 5875; x_wconf 83' lang='grc'>5</span> <span class='ocrx_word' id='word_1_840' title='bbox 1154 5818 1231 5875; x_wconf 78' lang='lat' dir='ltr'><strong>sic</strong></span> <span class='ocrx_word' id='word_1_841' title='bbox 1297 5813 1495 5886; x_wconf 76' lang='lat' dir='ltr'><strong>legitur</strong></span> <span class='ocrx_word' id='word_1_842' title='bbox 1525 5815 1774 5871; x_wconf 76' lang='lat' dir='ltr'><strong>Biblioth.</strong></span> <span class='ocrx_word' id='word_1_843' title='bbox 1817 5813 2063 5880; x_wconf 67' lang='lat' dir='ltr'><strong>comm,</strong></span> 
     </span>
    </p>
   </div>
   <div class='ocr_carea' id='block_1_115' title="bbox 2187 5111 3806 5184">
    <p class='ocr_par' dir='ltr' id='par_1_115' title="bbox 2187 5111 3806 5184">
     <span class='ocr_line' id='line_1_116' title="bbox 2187 5111 3806 5184; baseline 0.001 -18"><span class='ocrx_word' id='word_1_844' title='bbox 2187 5111 2329 5167; x_wconf 82' lang='grc' dir='ltr'>σθαι·</span> <span class='ocrx_word' id='word_1_845' title='bbox 2360 5111 2610 5184; x_wconf 81' lang='grc' dir='ltr'>ἀνάθεμα</span> <span class='ocrx_word' id='word_1_846' title='bbox 2642 5111 3055 5182; x_wconf 14' lang='grc' dir='ltr'><strong>ἕστωζδὶήᾳιιὲδ</strong></span> <span class='ocrx_word' id='word_1_847' title='bbox 3098 5111 3260 5176; x_wconf 73' lang='lat' dir='ltr'><strong>dicat,</strong></span> <span class='ocrx_word' id='word_1_848' title='bbox 3303 5121 3397 5184; x_wconf 67' lang='grc' dir='ltr'>(λιιι</span> <span class='ocrx_word' id='word_1_849' title='bbox 3442 5125 3652 5184; x_wconf 60' lang='lat' dir='ltr'><strong>teneat,</strong></span> <span class='ocrx_word' id='word_1_850' title='bbox 3696 5111 3806 5168; x_wconf 68' lang='lat' dir='ltr'><strong>iud</strong></span> 
     </span>
    </p>
   </div>
   <div class='ocr_carea' id='block_1_116' title="bbox 2184 5181 3808 5248">
    <p class='ocr_par' dir='ltr' id='par_1_116' title="bbox 2184 5181 3808 5248">
     <span class='ocr_line' id='line_1_117' title="bbox 2184 5181 3808 5248; baseline -0.001 -10"><span class='ocrx_word' id='word_1_851' title='bbox 2184 5197 2416 5248; x_wconf 76' lang='lat' dir='ltr'><strong>censeat,</strong></span> <span class='ocrx_word' id='word_1_852' title='bbox 2448 5181 2753 5238; x_wconf 51' lang='lat' dir='ltr'><strong>aut&#39;doceat</strong></span> <span class='ocrx_word' id='word_1_853' title='bbox 2799 5185 2854 5237; x_wconf 86' lang='lat' dir='ltr'><strong>in</strong></span> <span class='ocrx_word' id='word_1_854' title='bbox 2909 5181 3289 5236; x_wconf 78' lang='lat' dir='ltr'><strong>resurrectione</strong></span> <span class='ocrx_word' id='word_1_855' title='bbox 3333 5181 3614 5234; x_wconf 82' lang='lat' dir='ltr'><strong>hominum</strong></span> <span class='ocrx_word' id='word_1_856' title='bbox 3674 5200 3808 5236; x_wconf 78' lang='lat' dir='ltr'><strong>cor-</strong></span> 
     </span>
    </p>
   </div>
   <div class='ocr_carea' id='block_1_117' title="bbox 2183 5253 3810 5322">
    <p class='ocr_par' dir='ltr' id='par_1_117' title="bbox 2183 5253 3810 5322">
     <span class='ocr_line' id='line_1_118' title="bbox 2183 5253 3810 5322; baseline 0.001 -14"><span class='ocrx_word' id='word_1_857' title='bbox 2183 5271 2313 5321; x_wconf 84' lang='lat' dir='ltr'><strong>pora</strong></span> <span class='ocrx_word' id='word_1_858' title='bbox 2333 5256 2592 5322; x_wconf 76' lang='lat' dir='ltr'><strong>spltwrica</strong></span> <span class='ocrx_word' id='word_1_859' title='bbox 2615 5270 2904 5322; x_wconf 78' lang='lat' dir='ltr'><strong>resurgere,</strong></span> <span class='ocrx_word' id='word_1_860' title='bbox 2929 5265 2975 5306; x_wconf 88' lang='lat' dir='ltr'><strong>et</strong></span> <span class='ocrx_word' id='word_1_861' title='bbox 3007 5269 3110 5306; x_wconf 84' lang='lat' dir='ltr'><strong>non</strong></span> <span class='ocrx_word' id='word_1_862' title='bbox 3137 5253 3450 5322; x_wconf 75' lang='lat' dir='ltr'><strong>conﬁteatur</strong></span> <span class='ocrx_word' id='word_1_863' title='bbox 3471 5266 3566 5304; x_wconf 77' lang='lat' dir='ltr'><strong>nos</strong></span> <span class='ocrx_word' id='word_1_864' title='bbox 3607 5265 3810 5309; x_wconf 68' lang='lat' dir='ltr'><strong>rectos</strong></span> 
     </span>
    </p>
   </div>
   <div class='ocr_carea' id='block_1_118' title="bbox 2189 5321 3814 5390">
    <p class='ocr_par' dir='ltr' id='par_1_118' title="bbox 2189 5321 3814 5390">
     <span class='ocr_line' id='line_1_119' title="bbox 2189 5321 3814 5390; baseline 0.002 -14"><span class='ocrx_word' id='word_1_865' title='bbox 2189 5321 2574 5379; x_wconf 75' lang='lat' dir='ltr'><strong>resurrecturos</strong></span> <span class='ocrx_word' id='word_1_866' title='bbox 2601 5341 2730 5390; x_wconf 76' lang='lat' dir='ltr'><strong>esse,</strong></span> <span class='ocrx_word' id='word_1_867' title='bbox 2766 5321 3047 5378; x_wconf 67' lang='lat' dir='ltr'><strong>anathema</strong></span> <span class='ocrx_word' id='word_1_868' title='bbox 3081 5325 3172 5376; x_wconf 77' lang='lat' dir='ltr'><strong>sit.</strong></span> <span class='ocrx_word' id='word_1_869' title='bbox 3226 5322 3358 5376; x_wconf 75' lang='lat' dir='ltr'><strong>Vide</strong></span> <span class='ocrx_word' id='word_1_870' title='bbox 3389 5321 3629 5390; x_wconf 80' lang='lat' dir='ltr'><strong>insuper</strong></span> <span class='ocrx_word' id='word_1_871' title='bbox 3669 5322 3814 5379; x_wconf 77' lang='lat' dir='ltr'><strong>Ori-</strong></span> 
     </span>
    </p>
   </div>
   <div class='ocr_carea' id='block_1_119' title="bbox 2185 5392 3372 5465">
    <p class='ocr_par' dir='ltr' id='par_1_119' title="bbox 2185 5392 3372 5465">
     <span class='ocr_line' id='line_1_120' title="bbox 2185 5392 3372 5465; baseline -0.003 -18"><span class='ocrx_word' id='word_1_872' title='bbox 2185 5397 2525 5465; x_wconf 81' lang='lat' dir='ltr'><strong>genianorum</strong></span> <span class='ocrx_word' id='word_1_873' title='bbox 2567 5396 2661 5452; x_wconf 89' lang='lat' dir='ltr'><strong>lib.</strong></span> <span class='ocrx_word' id='word_1_874' title='bbox 2692 5411 2752 5461; x_wconf 90' lang='grc' dir='ltr'><strong>ιι,</strong></span> <span class='ocrx_word' id='word_1_875' title='bbox 2788 5403 2984 5463; x_wconf 74' lang='grc' dir='ltr'>ψιωει.</span> <span class='ocrx_word' id='word_1_876' title='bbox 3015 5393 3070 5455; x_wconf 87' lang='grc'>9,</span> <span class='ocrx_word' id='word_1_877' title='bbox 3095 5409 3228 5465; x_wconf 74' lang='lat' dir='ltr'><strong>num</strong></span> <span class='ocrx_word' id='word_1_878' title='bbox 3251 5392 3312 5465; x_wconf 85' lang='lat'><strong>_9.</strong></span> <span class='ocrx_word' id='word_1_879' title='bbox 3361 5393 3372 5399; x_wconf 71' lang='grc'><strong>”</strong></span> 
     </span>
    </p>
   </div>
   <div class='ocr_carea' id='block_1_120' title="bbox 2258 5459 3812 5533">
    <p class='ocr_par' dir='ltr' id='par_1_120' title="bbox 2258 5459 3812 5533">
     <span class='ocr_line' id='line_1_121' title="bbox 2258 5459 3812 5533; baseline 0.001 -14"><span class='ocrx_word' id='word_1_880' title='bbox 2258 5466 2371 5533; x_wconf 81' lang='grc'>(50)</span> <span class='ocrx_word' id='word_1_881' title='bbox 2412 5467 2594 5520; x_wconf 79' lang='lat' dir='ltr'><strong>Codex</strong></span> <span class='ocrx_word' id='word_1_882' title='bbox 2645 5459 2894 5531; x_wconf 77' lang='lat' dir='ltr'><strong>uterque,</strong></span> <span class='ocrx_word' id='word_1_883' title='bbox 2943 5462 3379 5533; x_wconf 83' lang='grc' dir='ltr'>ἀπευθυσμένον.</span> <span class='ocrx_word' id='word_1_884' title='bbox 3437 5459 3596 5533; x_wconf 72' lang='lat' dir='ltr'><strong>Lego</strong></span> <span class='ocrx_word' id='word_1_885' title='bbox 3668 5480 3812 5521; x_wconf 77' lang='lat' dir='ltr'><strong>cum</strong></span> 
     </span>
    </p>
   </div>
   <div class='ocr_carea' id='block_1_121' title="bbox 2185 5531 3815 5605">
    <p class='ocr_par' dir='ltr' id='par_1_121' title="bbox 2185 5531 3815 5605">
     <span class='ocr_line' id='line_1_122' title="bbox 2185 5531 3815 5605; baseline -0.002 -15"><span class='ocrx_word' id='word_1_886' title='bbox 2185 5531 2447 5590; x_wconf 82' lang='lat' dir='ltr'><strong>Bentleio.</strong></span> <span class='ocrx_word' id='word_1_887' title='bbox 2479 5534 2913 5605; x_wconf 85' lang='grc' dir='ltr'>ἀπευθυμμένον.</span> <span class='ocrx_word' id='word_1_888' title='bbox 2970 5531 3210 5590; x_wconf 74' lang='lat' dir='ltr'><strong>l’essitne</strong></span> <span class='ocrx_word' id='word_1_889' title='bbox 3251 5547 3382 5588; x_wconf 79' lang='lat' dir='ltr'><strong>vero</strong></span> <span class='ocrx_word' id='word_1_890' title='bbox 3419 5531 3598 5586; x_wconf 79' lang='lat' dir='ltr'><strong>editio</strong></span> <span class='ocrx_word' id='word_1_891' title='bbox 3639 5534 3815 5592; x_wconf 76' lang='lat' dir='ltr'><strong>Oxo—</strong></span> 
     </span>
    </p>
   </div>
   <div class='ocr_carea' id='block_1_122' title="bbox 2185 5604 3014 5674">
    <p class='ocr_par' dir='ltr' id='par_1_122' title="bbox 2185 5604 3014 5674">
     <span class='ocr_line' id='line_1_123' title="bbox 2185 5604 3014 5674; baseline -0.005 -12"><span class='ocrx_word' id='word_1_892' title='bbox 2185 5608 2390 5662; x_wconf 87' lang='lat' dir='ltr'><strong>niensis</strong></span> <span class='ocrx_word' id='word_1_893' title='bbox 2417 5608 2598 5668; x_wconf 88' lang='lat' dir='ltr'><strong>habet,</strong></span> <span class='ocrx_word' id='word_1_894' title='bbox 2626 5604 3014 5674; x_wconf 82' lang='grc' dir='ltr'>πεπεισμένον.</span> 
     </span>
    </p>
   </div>
   <div class='ocr_carea' id='block_1_123' title="bbox 2254 5670 3813 5751">
    <p class='ocr_par' dir='ltr' id='par_1_123' title="bbox 2254 5670 3813 5751">
     <span class='ocr_line' id='line_1_124' title="bbox 2254 5670 3813 5751; baseline 0.001 -22"><span class='ocrx_word' id='word_1_895' title='bbox 2254 5675 2367 5739; x_wconf 68' lang='lat'><strong>(5|)</strong></span> <span class='ocrx_word' id='word_1_896' title='bbox 2406 5677 2585 5734; x_wconf 80' lang='lat' dir='ltr'><strong>Codex</strong></span> <span class='ocrx_word' id='word_1_897' title='bbox 2611 5670 2859 5746; x_wconf 79' lang='lat' dir='ltr'><strong>uterque,</strong></span> <span class='ocrx_word' id='word_1_898' title='bbox 2894 5675 3130 5742; x_wconf 79' lang='grc' dir='ltr'>λέγεται.</span> <span class='ocrx_word' id='word_1_899' title='bbox 3161 5673 3343 5729; x_wconf 87' lang='lat' dir='ltr'><strong>Editio</strong></span> <span class='ocrx_word' id='word_1_900' title='bbox 3364 5671 3578 5742; x_wconf 81' lang='lat' dir='ltr'><strong>Oxon.,</strong></span> <span class='ocrx_word' id='word_1_901' title='bbox 3614 5670 3813 5751; x_wconf 76' lang='grc' dir='ltr'>λέγη-</span> 
     </span>
    </p>
   </div>
   <div class='ocr_carea' id='block_1_124' title="bbox 2174 5762 2284 5802">
    <p class='ocr_par' dir='ltr' id='par_1_124' title="bbox 2174 5762 2284 5802">
     <span class='ocr_line' id='line_1_125' title="bbox 2174 5762 2284 5802; baseline 0.027 -3"><span class='ocrx_word' id='word_1_902' title='bbox 2174 5762 2284 5802; x_wconf 71' lang='grc' dir='ltr'>ται.</span> 
     </span>
    </p>
   </div>
  </div>
