3954 6414
487 336 594 394 559

1975 333 2294 394 ORIGENIS

3643 342 3743 398 560

485 470 802 512 communes
843 468 943 523 pro
981 451 1386 524 pertinentibus
1422 452 1488 505 ad
1521 466 1708 507 omnes
1750 451 2033 510 beneﬁciis

2160 449 2511 520 εὐχαριστίας
2547 465 2604 502 τε
2638 447 2824 512 κοινὰς
2867 447 3006 522 ὑπὲρ
3059 449 3168 506 τῶν
3202 452 3282 517 εἰς
3331 453 3538 517 πάντας
3585 455 3739 526 εὐερ-

485 561 596 604 tum
641 564 740 620 pro
783 548 863 606 eis
893 561 1014 618 quae
1060 543 1314 615 privatim
1363 558 1393 597 a
1429 545 1538 599 Deo
1582 554 1912 601 consecutus
1946 557 2052 604 est.

481 641 611 696 Post
650 641 947 712 gratiarum
991 637 1264 690 actionem
1313 635 1514 690 debere
1565 635 1782 690 videtur
1835 653 2054 692 suorum

483 743 824 800 peccatorum
869 743 1090 782 amarus
1129 727 1271 796 apud
1304 727 1470 781 Deum
1517 737 1806 782 accusator
1837 728 1950 783 fieri
1993 743 2058 784 ac

480 833 668 894 petere
698 823 932 891 primum
963 818 1227 874 medelam
1268 834 1374 887 qua
1409 817 1592 873 habitu
1623 821 1687 874 ad
1725 821 2054 889 peccandum

413 907 418 912 ’
479 915 790 983 impellente
836 912 1121 976 liberetur,
1171 911 1367 965 deinde
1408 911 1810 979 praeteritorum
1853 913 2051 968 remis-

477 1009 703 1060 sionem.
751 1003 880 1059 Post
927 1002 1327 1058 confessionem
1378 1011 1573 1070 quarto
1621 1002 1754 1056 mihi
1803 1003 1920 1058 loco
1967 1005 2054 1058 vi-

407 1167 410 1170 ,
475 1097 640 1150 detur
671 1095 1015 1166 adiungenda
1053 1093 1240 1164 petitio
1286 1107 1600 1162 magnarum
1648 1104 1703 1149 et
1749 1096 2050 1152 caelestium

473 1203 656 1243 rerum
683 1196 736 1242 et
767 1203 865 1257 pro
890 1201 948 1242 se
977 1197 1031 1242 et
1065 1201 1162 1257 pro
1192 1185 1447 1241 omnibus
1473 1195 1528 1238 et
1557 1200 1659 1254 pro
1690 1184 2052 1244 familiaribus

471 1287 528 1332 et
561 1280 772 1334 amicis.
811 1279 890 1334 Ac
935 1293 1102 1346 super
1133 1279 1217 1333 his
1263 1276 1516 1333 omnibus
1564 1280 1740 1332 oratio
1789 1283 1946 1338 debet
1999 1284 2049 1336 in

473 1371 923 1440 gloriﬁcalionem
965 1371 1062 1427 Dei
1097 1388 1194 1442 per
1221 1373 1499 1429 Christum
1536 1375 1587 1428 in
1619 1373 1828 1443 Spiritu
1859 1385 2051 1430 saneto

470 1465 738 1521 desinere.
777 1463 885 1520 llas
933 1481 1070 1534 quas
1111 1465 1222 1519 dixi
1272 1477 1454 1534 partes
1487 1467 1770 1537 dispersos
1803 1467 1856 1522 in
1900 1467 2050 1523 Scri-

443 1555 645 1626 pturis
697 1555 1036 1618 invenimus;
1101 1555 1558 1624 gloriﬁcationem
1627 1559 1713 1614 his
1759 1560 1944 1614 verbis
1995 1559 2046 1613 in

469 1646 680 1717 psalmo
715 1645 1018 1702 centesimo
1059 1646 1260 1701 tertio:
1295 1647 1516 1702 Domine
1556 1649 1698 1703 Deus
1733 1665 1900 1712 meus,
1932 1668 2049 1705 ma—

467 1739 749 1808 gniﬁcatus
793 1755 844 1792 es
890 1739 1235 1792 vehementer.
1279 1737 1674 1807 Coufessionem
1707 1749 1758 1793 et
1807 1740 2044 1793 decorem

2160 538 2380 609 γεσιῶν,
2412 539 2505 592 καὶ
2532 531 2606 594 ὧν
2640 539 2748 610 ἰδίᾳ
2781 539 3032 612 τέτευχεν
3059 541 3168 594 ἀπὸ
3189 541 3348 596 Θεοῦ.
3374 543 3530 598 Μετὰ
3555 544 3614 597 δὲ
3645 545 3740 616 τὴν

2157 631 2508 702 εὐχαριστίαν
2539 629 2788 700 φαίνεταί
2839 649 2928 702 μοι
2960 633 3154 704 πικρόν
3175 650 3294 686 τινα
3322 633 3432 688 δεῖν
3461 635 3740 706 γινόμενον

2157 722 2270 774 τῶν
2305 721 2448 775 ἰδίων
2485 721 2894 792 ἁμαρτημάτων
2921 723 3226 796 κατήγορον
3253 725 3346 778 ἐπὶ
3380 725 3539 791 Θεοῦ,
3573 729 3739 782 αἰτεῖν

2157 815 2373 886 πρῶτον
2438 814 2536 884 μὲν
2591 813 2734 868 iactv
2785 815 2922 886 πρὸς
2973 815 3038 868 τὸ
3092 816 3472 888 ἀπαλλαγῆναι
3533 819 3632 890 τῆς
3681 821 3740 874 τὸ

2157 903 2490 974 ἁμαρτάνειν
2519 904 2885 976 ἐπιφερούσης
2917 903 3102 970 ἕξεως,
3136 905 3385 978 δεύτερον
3409 908 3604 976 ἄφεσιν
3634 908 3738 962 τῶν

2157 993 2627 1066 παρεληλυθότων.
2665 995 2820 1049 Μετὰ
2850 996 3042 1068 δὲιτὴν
3071 996 3452 1068 ἐξομολόγησιν
3481 998 3736 1068 τέταρτόν

2159 1105 2252 1158 μοι
2285 1087 2575 1140 συνάπτειν
2612 1088 2862 1157 φαίνεται
2891 1089 3024 1154 δεῖν,
3053 1091 3152 1161 τὴν
3182 1091 3310 1163 περὶ
3343 1090 3452 1146 τῶν
3485 1092 3734 1162 μεγάλων

2156 1180 2249 1232 καὶ
2277 1179 2615 1251 ἐπουρανίων
2643 1180 2879 1252 αἴτησιν,
2909 1181 3052 1234 ἰδίων
3078 1199 3138 1236 τε
3164 1182 3260 1235 καὶ
3289 1182 3616 1248 καθολικῶν,
3643 1183 3736 1238 καὶ

2153 1271 2282 1342 περί
2330 1289 2388 1324 τε
2429 1271 2644 1326 οἰκείων
2685 1273 2780 1326 καὶ
2839 1273 3129 1342 φιλτάτων.
3171 1275 3282 1327 Καὶ
3339 1275 3432 1327 ἐπὶ
3472 1276 3606 1329 πᾶσι
3637 1274 3736 1348 τὴν

2151 1365 2315 1435 εὐχὴν
2343 1366 2422 1429 εἰς
2450 1363 2908 1434 δοξολογίαν-Θεοῦ
2939 1366 3026 1420 διὰ
3051 1367 3286 1438 Χριστοῦ
3311 1369 3368 1420 ἐν
3403 1367 3548 1440 ἁγίῳ
3569 1367 3737 1423 Πνεύ-

2156 1473 2282 1526 ματι
2335 1457 2766 1510 καταπαυστέον.
2818 1457 3050 1522 Τούτους
3103 1461 3160 1513 δὲ
3207 1463 3334 1525 τοὺς
3381 1463 3615 1527 τόπους,
3662 1465 3736 1528 ὼς

2154 1544 2504 1614 προείπομεν,
2523 1544 2953 1617 διεσπαρμένους
2976 1546 3208 1620 εὕρομεν
3225 1552 3282 1603 ὲν
3307 1553 3428 1615 ταῖς
3457 1553 3702 1623 Γραφαῖς
3717 1570 3732 1584 ο

2149 1632 2241 1685 τὸν
2297 1633 2396 1702 μὲν
2447 1633 2545 1704 τῆς
2589 1633 2896 1702 δοξολογίας
2951 1635 3038 1690 διὰ
3095 1637 3297 1692 τούτων
3347 1641 3406 1693 ἐν
3456 1642 3734 1714 ἑκατοστῷ

2148 1723 2317 1796 τρίτῳ
2343 1724 2540 1796 ψαλμῴ
2560 1743 2572 1755 ·
2605 1727 2782 1795 Κύριε
2824 1730 2856 1782 ό
2891 1729 3036 1796 Θεός
3065 1747 3186 1798 μου
3217 1731 3297 1796 ὡς
3325 1731 3736 1803 ἐμεγαλύνθης

467 1836 710 1901 induisti,
743 1838 968 1889 amictus
996 1835 1195 1889 lumine
1235 1837 1374 1889 sicut
1411 1837 1732 1902 vestimento,
1764 1836 2036 1890 extendens

2152 1815 2414 1883 σφόδρα,
2457 1815 2900 1887 ἐξομολόγησιν
2928 1819 3026 1872 καὶ
3059 1821 3581 1890 μεγαλοπρέπειαν
3610 1825 3736 1877 ἐνε-

467 1931 655 1986 caelum
702 1933 836 1987 sicut
881 1931 1087 2001 pellem.
1136 1931 1239 1998 Qui
1297 1933 1422 2001 tegit
1472 1933 1528 1986 in
1578 1933 1728 2002 aquis
1774 1933 2048 2002 superiora

467 2026 604 2093 ejus,
629 2025 722 2093 qui
752 2025 896 2092 ponit
937 2024 1094 2077 nubes
1143 2040 1420 2077 ascensum
1450 2039 1638 2086 suum,
1679 2025 1769 2094 qui
1811 2023 2047 2078 ambulat

467 2134 624 2188 super
659 2133 856 2186 pennas
894 2129 1188 2182 uentorum,
1223 2116 1311 2184 qui
1342 2115 1472 2184 facit
1521 2116 1734 2185 angelos
1773 2133 1898 2170 suos
1941 2117 2047 2182 spi-

467 2214 623 2276 ritus,
653 2211 814 2282 272
848 2222 894 2265 et
933 2213 1203 2264 ministros
1229 2227 1350 2264 suos
1379 2212 1545 2280 ignem
1582 2211 1928 2279 flagrantem;
1955 2209 2044 2279 qui

467 2304 656 2374 fundat
691 2315 886 2358 terram
925 2319 1080 2372 super
1115 2301 1456 2357 stabilitatem
1495 2301 1644 2373 ejus;
1674 2320 1778 2356 non
1820 2302 2044 2356 inclina-

469 2399 612 2452 bitur
635 2398 690 2450 in
717 2395 970 2450 sa'culum
995 2397 1193 2449 surculi.
1217 2395 1469 2466 Abyssus,
1493 2398 1629 2450 sicut
1657 2397 2040 2460 vestimentum,

467 2491 690 2544 amictus
721 2489 866 2558 ejus;
897 2504 1052 2557 super
1081 2499 1280 2542 montes
1317 2487 1530 2542 stabunt
1559 2505 1732 2558 aqure.
1755 2487 1832 2541 Ab
1870 2489 2040 2541 incre-

465 2583 678 2651 patione
721 2590 811 2632 tua
869 2580 1099 2648 fugient,
1145 2597 1178 2632 a
1226 2595 1350 2633 uoce
1400 2579 1622 2631 tonitrui
1673 2580 1748 2632 tui
1783 2578 2042 2646 formida-

467 2673 594 2726 bunt
618 2672 688 2726 ".
739 2671 808 2726 Et
850 2672 1086 2725 maxima
1116 2687 1242 2741 pars
1277 2669 1438 2738 hujus
1468 2670 1660 2741 psalmi
1693 2670 2042 2742 gloriﬁcatio-

467 2779 588 2820 nem
619 2764 856 2820 continet
901 2763 1096 2818 Patris.
1147 2763 1296 2818 Licet
1335 2761 1506 2817 cuivis
1539 2762 1696 2831 plura
1733 2763 1834 2818 sibi
1879 2763 2038 2818 colli-

465 2869 614 2923 gere,
639 2863 694 2907 et
721 2855 905 2910 videre
945 2869 1110 2925 quam
1139 2852 1326 2906 multis
1354 2852 1407 2906 in
1455 2851 1590 2906 locis
1623 2867 1752 2921 pars
1794 2851 1886 2906 illa
1915 2867 2037 2921 qua:

467 2943 533 2997 ad
580 2941 1025 3012 gloriﬁcationem
1058 2941 1296 3012 pertinet
1343 2941 1542 2996 dill'usa
1589 2944 1682 2996 sit.
1719 2940 2034 2996 Gratiarum

463 3033 698 3089 actionis
731 3033 837 3090 hoc
874 3034 946 3090 sit
980 3033 1292 3104 exemplum
1329 3034 1382 3088 in
1425 3033 1664 3088 secundo
1695 3031 1900 3100 Regum
1935 3047 2033 3102 po-

465 3127 652 3192 situm,
679 3141 708 3179 a
741 3125 942 3180 Davide
983 3134 1106 3194 post
1143 3125 1316 3180 factas
1343 3125 1392 3178 ei
1423 3138 1519 3192 per
1557 3123 1768 3177 Nathan
1801 3123 2033 3190 promis-
2065 3139 2106 3196 ο

469 3217 656 3270 siones
690 3215 1134 3284 pronuntiatum,
1179 3231 1300 3268 cum
1341 3215 1410 3267 ad
1448 3214 1542 3268 Dei
1573 3213 1716 3268 dona
1765 3222 2038 3283 stuperet,

465 3307 781 3379 gratiasque
805 3323 903 3376 pro
928 3307 1005 3362 eis
1036 3305 1260 3364 referret
1289 3307 1373 3362 l1is
1405 3307 1616 3362 verbis:
1638 3305 1770 3371 Quis
1787 3323 1898 3362 sum
1923 3324 2037 3378 ego,

463 3405 686 3458 Domine
713 3403 804 3466 mi,
843 3404 1085 3470 Domine,
1113 3415 1160 3458 et
1209 3420 1324 3474 qua:
1367 3405 1552 3460 domus
1582 3422 1717 3470 mea,
1746 3408 1870 3475 quia
1901 3407 2036 3460 dile-

461 3499 590 3554 xisti
633 3513 714 3550 me
745 3513 906 3565 usque
935 3498 1002 3550 ad
1033 3497 1180 3550 haec?
1203 3494 1272 3549 Et
1300 3497 1470 3565 factus
1493 3514 1608 3551 sum
1634 3515 1824 3567 paruus
1849 3515 2036 3568 parum

469 3607 646 3643 coram
680 3601 752 3653 te,
783 3587 1002 3642 Domine
1033 3591 1138 3650 mi;
1169 3599 1218 3642 et
1256 3589 1458 3644 locutus
1485 3607 1539 3644 es
1566 3607 1660 3660 pro
1702 3593 1855 3646 domo
1903 3593 2037 3646 serui

463 3681 544 3734 tui
577 3682 629 3733 in
668 3680 1032 3751 longinquum.
1061 3679 1186 3734 11αό
1216 3692 1390 3736 autent
1420 3681 1504 3736 lex
1533 3683 1777 3746 hominis,
1811 3683 2035 3738 Domine

459 3772 558 3836 mi,
595 3769 838 3824 Domine.
871 3769 938 3823 Et
987 3772 1111 3841 quid
1149 3771 1360 3842 adjiciet
1393 3771 1532 3826 ultra
1571 3772 1736 3828 Dauid
1785 3773 1928 3844 loqui
1965 3777 2034 3829 ad

462 3868 552 3921 te?
578 3863 642 3919 Et
687 3883 822 3920 nunc
853 3867 986 3920 nosti
1038 3883 1239 3920 servum
1281 3877 1462 3932 tuum,
1519 3867 1769 3935 Domine;
1821 3880 2035 3940 propter

459 3973 667 4012 seruum
709 3965 858 4010 tuum
893 3955 1102 4025 fecisti;
1137 3967 1184 4009 et
1227 3959 1511 4012 secundum
1541 3976 1632 4014 cor
1664 3972 1813 4014 tuum
1863 3962 2033 4032 fecisti

461 4067 664 4106 onmem
711 4051 1155 4121 utagniﬁcentiam
1195 4052 1331 4106 Itane
1375 4054 1443 4106 ad
1493 4065 1678 4108 notum
1727 4056 2030 4124 faciendum

459 4162 603 4200 servo
631 4158 755 4212 tuo;
793 4148 908 4200 ideo
942 4157 998 4200 ut
1033 4147 1398 4218 magniﬁcares
1431 4159 1502 4214 te,
1537 4149 1756 4204 Domine
1792 4153 1880 4216 mi,
1921 4151 2032 4204 Do-

459 4242 596 4298 mine
617 4243 683 4295 ⁷³.
713 4242 1086 4300 Confessionis
1133 4244 1481 4312 exemplum:
1513 4247 1590 4299 Ab
1636 4248 1874 4300 omnibus
1921 4249 2030 4301 ini-

456 4333 744 4401 quitatibus
774 4334 900 4386 meis
941 4349 1064 4388 erue
1095 4350 1176 4387 me
1197 4335 1274 4398 ’¹³;
1311 4345 1366 4388 et
1396 4335 1522 4389 alibi
1551 4353 1565 4391 :
1613 4333 1938 4392 Pntruerunt
1980 4347 2029 4390 et

457 4433 717 4492 corrupta:
769 4433 889 4476 sunt
943 4424 1214 4479 cicatrices
1271 4441 1398 4480 mete
1443 4444 1474 4479 a
1524 4425 1660 4496 facie
1707 4427 2028 4494 insipientia:

455 4535 601 4574 metu.
638 4517 806 4574 Miser
847 4522 1022 4590 factus
1071 4537 1188 4576 sum
1226 4531 1273 4574 et
1318 4533 1563 4575 curvatus
1605 4539 1720 4576 sum
1770 4540 1932 4594 usque
1963 4525 2020 4577 in

452 4611 640 4680 ﬁnem;
681 4622 789 4667 tota
819 4614 904 4669 die
939 4617 1278 4668 contristatus
1322 4616 1650 4684 ingrediebar
1677 4618 1742 4672 ⁷³.
1793 4621 2020 4674 Petilio-

453 4717 580 4755 1111111
615 4703 670 4757 iu
697 4704 957 4774 vigesimo
995 4707 1224 4774 septimo
1257 4707 1468 4776 psalmo
1495 4723 1509 4759 :
1541 4707 1620 4760 Ne
1650 4709 1806 4761 simul
1835 4711 2020 4763 trahas

451 4809 532 4847 me
578 4810 696 4847 cum
741 4797 1138 4863 peccatoribus;
1187 4805 1234 4849 et
1270 4814 1388 4850 cum
1428 4799 1766 4866 operantibus
1817 4799 2018 4869 iniqui-

449 4891 614 4938 tatem
657 4901 720 4939 ne
755 4885 946 4953 perdas
998 4888 1168 4952 me",
1195 4897 1249 4942 et
1292 4889 1336 4942 si
1378 4891 1506 4959 quid
1560 4889 1644 4942 liis
1688 4899 1772 4944 est
1817 4891 2016 4946 simile.

448 4973 690 5046 Equum
722 4987 804 5032 est
849 4990 1028 5052 autem
1067 4982 1358 5052 inemptum
1393 4999 1421 5036 a
1453 4981 1849 5051 gloriﬁcatione
1891 4998 2018 5037 ora-

401 5069 652 5122 ‘tioucm
709 5071 759 5122 iu
809 5046 1250 5138 glorilicatiouem
1316 5073 1614 5130 desiueudo
1683 5075 2014 5138 terminare,

446 5159 718 5215 laudando
749 5171 805 5216 et
835 5161 1185 5232 gloriticando
1227 5165 1444 5221 Patrem
1479 5167 1883 5228 universorum.
1920 5183 2016 5235 per

520 5337 561 5370 "
603 5338 743 5393 Psal.
790 5355 914 5408 cm,
949 5343 1062 5398 1-7.

446 5423 618 5476 xxvu,
644 5423 698 5464 δ.

1185 5345 1230 5376 τ’
1263 5343 1301 5398 ll
1333 5343 1465 5416 Reg.
1507 5362 1602 5410 v11,
1654 5347 1834 5402 18-23.

444 5578 818 5646 προσάγοντας
857 5581 946 5634 ἐπὶ
1002 5583 1101 5653 τῆς
1141 5581 1510 5654 εὐχαριστίας,
1549 5584 1642 5636 καὶ
1673 5582 1752 5638 ὼν
1783 5586 1889 5658 ἰδίᾳ.
1925 5588 2015 5640 τέ-

442 5663 848 5854 ἓέξῗὶΐαυιιει
886 5737 986 5776 111s.
1016 5721 1356 5790 Cantabrig.,
1384 5721 1550 5792 δέριν.
1587 5721 1764 5778 ΕιΙίιίο
1807 5723 2006 5792 011011.,

539 5813 570 5854 ,ι
595 5803 641 5837 ν.

539 5803 641 5856 ριν.

1938 5351 1984 5382 ⁷³
2011 5351 2168 5422 _Psal.
2215 5377 2452 5434 xxxvm,
2493 5367 2547 5423 9.

2152 1907 2336 1972 δύσω,
2365 1911 2396 1961 ὀ
2415 1910 2899 1979 ἁναϐαλλοῖμενος
2931 1911 3056 1980 φῶς
3087 1913 3167 1977 ὡς
3205 1911 3457 1980 ἱμάτιον,
3484 1913 3516 1964 ὀ
3541 1909 3727 1964 ἐκτεί-

2149 2015 2273 2053 νων
2295 1999 2402 2053 τὸν
2432 2001 2694 2070 οὐρανὸν
2730 2003 2874 2056 ὡσεὶ
2903 2003 3067 2071 δέριν
3100 2004 3235 2076 (5‘2).
3269 2007 3302 2058 ὁ
3331 2002 3635 2072 στεγάζων
3659 2002 3730 2056 ἐν

2151 2089 2332 2144 ὕδασι
2365 2091 2435 2144 τὰ
2473 2090 2712 2161 ὑπερῷα
2738 2094 2952 2147 αὐτοῦ’
2986 2097 3018 2148 ὀ
3061 2094 3242 2158 τιθείς
3267 2093 3419 2162 νέφη
3455 2093 3573 2161 τὴν
3603 2091 3728 2146 ἐπί-

2145 2185 2320 2238 ϐασιν
2357 2181 2596 2238 aurai)"
2617 2187 2651 2239 ό
2699 2183 3038 2252 περιπατῶν
3083 2184 3184 2238 ἐπὶ
3235 2187 3546 2254 πτερύγων
3596 2186 3736 2241 ἀνέο

2139 2289 2297 2342 μων·
2333 2277 2366 2326 ό
2405 2273 2591 2328 ποιῶν
2635 2274 2780 2340 τοὺς
2819 2275 3112 2344 ἀγγέλους
3153 2276 3340 2330 αὑτοῦ
3383 2278 3732 2346 πνεύματα,

2141 2367 2244 2418 καὶ
2279 2367 2419 2434 τοὺς
2457 2368 2838 2437 λειτουργοὺς
2868 2368 3053 2422 αὑτοῦ
3084 2369 3274 2436 πυρὸς
3304 2369 3530 2438 φλόγα·
3571 2373 3604 2423 ό
3635 2375 3734 2424 ϐε-

2140 2457 2367 2528 μελιῶν
2415 2459 2528 2528 τὴν
2581 2459 2698 2529 γῆν
2725 2459 2822 2514 ἐπὶ
2873 2459 2988 2528 τὴν
3029 2459 3371 2528 ἀσφάὶειαν
3403 2459 3620 2530 αὐτῆς,
3653 2462 3730 2517 οὐ

2139 2551 2486 2616 κλιθήσεται
2515 2553 2601 2617 εἰς
2641 2551 2748 2606 τὸν
2781 2551 2961 2605 αἰῶνα
2991 2551 3095 2605 τοῦ
3126 2551 3362 2618 αἰῶνος.
3395 2554 3734 2627 Ἅϐυσσος,

2137 2639 2217 2705 ὡς
2248 2639 2496 2709 Ιμάτιον,
2527 2641 2594 2694 τὸ
2625 2643 3000 2708 περιϐόλαιον
3021 2641 3206 2696 αὐτοῦ
3224 2659 3236 2671 ’
3261 2641 3364 2693 ἐπὶ
3395 2639 3516 2694 τῶν
3545 2641 3734 2709 ὀρέων

2137 2728 2468 2796 στήσονται
2517 2730 2724 2783 ὕδατα.
2777 2729 2910 2784 Ἀπὸ
2955 2729 3348 2799 ἐπιτιμήσεως
3396 2745 3518 2782 σου
3579 2731 3729 2798 φεύ-

2139 2819 2372 2885 ξονται·
2423 2821 2540 2874 ἀπὸ
2577 2820 2784 2889 φωνῆς
2825 2821 3091 2890 βροντῆς
3131 2837 3248 2874 σου
3305 2821 3728 2876 δειλιάσουσι·

2144 2911 2240 2964 καὶ
2283 2911 2349 2964 τὰ
2394 2911 2619 2966 πλεῖστα
2653 2912 2711 2965 δέ
2755 2912 2942 2966 τούτου
2993 2913 3082 2966 τοῦ
3151 2913 3367 2984 ψαλμοῦ
3417 2913 3732 2983 δοξολογίαν

2143 3001 2386 3074 περιέχει
2419 3002 2512 3054 τοῦ
2547 3002 2778 3074 Πατρός.
2812 3006 3026 3058 Ἔνεστι
3048 3005 3102 3058 δέ
3133 3023 3252 3059 τινα
3284 3006 3466 3079 ἐαυτῷ
3509 3008 3730 3062 πλείονα

2139 3093 2532 3168 ἀναλεγόμενον
2561 3095 2714 3164 όρᾷν,
2740 3095 2816 3157 ὡς
2851 3095 2882 3146 ό
2921 3095 3084 3159 τόπος
3123 3096 3236 3164 (55)
3268 3097 3367 3168 τῆς
3415 3097 3728 3168 δοξολογίας

2145 3181 2410 3254 πολλαχοῦ
2449 3183 2790 3256 διέσπαρται.
2823 3185 2933 3255 Τῆς
2960 3185 3014 3238 δὲ
3058 3187 3407 3258 εὐχαριστίας
3453 3190 3732 3244 ἑκκείσῗω

2139 3273 2296 3326 τοῦτο
2340 3273 2688 3345 παράδειγμα
2735 3277 2792 3328 ἐν
2841 3278 2906 3346 τῇ
2956 3275 3182 3348 δευτέρᾳ
3231 3277 3340 3330 τῶν
3383 3281 3732 3336 Βασιλειῶν

2139 3364 2410 3434 κείμενον,
2446 3364 2584 3436 μετὰ
2631 3365 2729 3428 τὰς
2767 3365 2852 3419 διὰ
2879 3366 2974 3419 τοῦ
3028 3368 3216 3422 Νάθαν
3249 3371 3385 3440 πρὸς
3435 3373 3531 3425 τον
3565 3374 3732 3428 Δαυῒδ

2138 3455 2468 3523 ἐπαγγελίας
2522 3455 2626 3508 ὑπὸ
2661 3455 2754 3509 τοῦ
2801 3455 2964 3510 Δαυῒδ
3001 3448 3464 3532 ἐπαγγελλόμενον
3520 3463 3732 3518 ἐκπλα-

2137 3545 2325 3614 γέντος
2369 3545 2466 3609 τὰς
2517 3545 2610 3600 τοῦ
2659 3548 2792 3601 θεοῦ
2843 3549 3082 3620 δωρεὰς,
3118 3551 3214 3602 καὶ
3271 3553 3729 3623 εὐχαριστοῦντος

2135 3637 2222 3690 ἐπ’
2259 3639 2446 3700 αὐταῖς
2499 3639 2610 3710 (54)
2663 3639 2752 3694 διὰ
2796 3640 3033 3692 τούτων·
3077 3643 3174 3707 Τίς
3213 3645 3328 3710 εἰμι
3366 3643 3508 3713 ἐγὼ,
3543 3645 3732 3713 Κύριέ

2129 3747 2270 3800 μου,
2299 3732 2496 3798 Κύριε,
2531 3731 2628 3784 καὶ
2678 3732 2770 3797 τίς
2797 3735 2829 3785 ὁ
2865 3728 3029 3799 οἶκός
3069 3750 3210 3801 μου,
3257 3733 3346 3787 ὅτι
3393 3735 3734 3806 ἠγάπησάς

2129 3837 2204 3889 με
2241 3821 2349 3886 ἕως
2377 3824 2602 3875 τούτων
2626 3837 2644 3884 ;
2675 3823 2783 3876 Καὶ
2806 3827 3324 3892 κατεσμικρύνθην
3343 3827 3569 3896 μικρὸν
3591 3829 3732 3882 ἑνώ-

2134 3914 2272 3966 πιόν
2291 3928 2426 3978 σου,
2449 3915 2626 3982 Κύριέ
2642 3931 2782 3983 μου,
2801 3915 2898 3969 καί
2913 3916 3220 3985 ὲλάλησας
3243 3918 3396 3987 ὑπὲρ
3419 3921 3530 3974 τοῦ
3551 3921 3730 3978 οἷκον

2135 4001 2242 4055 τοῦ
2273 4001 2498 4056 δούλου
2550 4019 2665 4057 σου
2713 4007 2802 4072 εἰς
2833 4005 3090 4074 μακράν.
3147 4003 3334 4073 Οὗτος
3361 4008 3433 4062 δὲ
3464 4013 3500 4064 ὁ
3538 4013 3730 4080 νόμος

2131 4090 2237 4144 τοῦ
2265 4091 2600 4160 ἀνθρώπου,
2624 4093 2800 4162 Κύριέ
2824 4113 2962 4163 μου,
2987 4099 3186 4164 Κύριε.
3219 4097 3330 4150 Καὶ
3366 4100 3425 4154 τί
3449 4102 3726 4168 προσθή-

2132 4197 2224 4235 σει
2255 4181 2436 4236 Δαυίδ
2466 4185 2552 4238 ἔτι
2583 4185 2690 4239 τοῦ
2718 4185 2987 4256 λαλῆσαι
3015 4189 3166 4256 πρὸς
3196 4189 3304 4253 σὲ,
3337 4191 3444 4244 καὶ
3485 4193 3606 4248 νῦν
3631 4194 3720 4248 σὺ

2129 4269 2296 4339 οἶδας
2323 4273 2428 4326 τὸν
2448 4273 2674 4329 δοῦλόν
2699 4293 2836 4341 σου,
2863 4280 3068 4346 Κύριε·
3097 4279 3194 4333 διὰ
3214 4281 3322 4335 τὸν
3347 4282 3582 4338 δοῦλόν
3601 4303 3726 4340 σου

2130 4365 2477 4432 πεποίηκας,
2521 4366 2619 4419 καὶ
2649 4369 2801 4422 κατὰ
2843 4370 2956 4438 τὴν
2982 4371 3230 4439 καρδίαν
3258 4389 3378 4429 σου
3415 4377 3724 4447 ἐποίησας

2059 4493 2104 4546 D
2131 4454 2336 4546 πᾷσαν
2365 4455 2478 4524 τὴν
2505 4461 2946 4529 μεγαλωσύνην
2983 4478 3098 4518 σου
3145 4466 3374 4536 ταύτην
3421 4473 3721 4539 γνωρίσαι

2128 4544 2210 4611 τῷ
2233 4546 2428 4615 δούλῳ
2473 4565 2610 4612 σου,
2643 4549 2820 4604 ἕνεκα
2863 4553 2970 4606 τοῦ
3014 4556 3350 4624 μεγαλῦναι
3397 4574 3498 4626 σε,
3537 4563 3722 4630 Κύριέ

2121 4657 2239 4708 μου
2295 4642 2490 4709 Κύριε.
2542 4643 2662 4694 Τῶν
2713 4643 2770 4695 δέ
2823 4643 3260 4717 ἐξομολογήσεων
3322 4652 3715 4725 παράδειγμαο

2140 4729 2270 4782 Ἀπὸ
2315 4731 2526 4785 πασῶν
2567 4731 2686 4802 τῶν
2711 4733 2972 4802 ἀνομιῶν
3005 4754 3123 4805 μου
3159 4735 3354 4804 ῥῦσαί
3377 4759 3490 4811 με·
3517 4746 3610 4798 καὶ
3657 4747 3720 4800 ἐν

2126 4821 2304 4885 ἄλλοις
2324 4839 2336 4854 ·
2385 4823 2776 4891 Προσώζεσαν
2815 4825 2912 4878 καὶ
2954 4827 3279 4896 ὲσάπησαν
3322 4835 3376 4886 ol
3413 4833 3714 4903 pd).in

2118 4927 2236 4977 μου
2277 4913 2395 4966 ἀπὸ
2445 4913 2767 4982 προσώπου
2799 4915 2910 4984 τῆς
2954 4917 3307 4988 ἀφροσύνης
3363 4928 3716 4992 μου..Ὲτα-

2120 4995 2470 5066 λαιπώρησα
2512 4999 2607 5052 καὶ
2645 5001 3068 5073 κατεκάμρθην
3113 5007 3225 5075 ἓως
3259 5009 3512 5079 τέλους·
3553 5015 3716 5084 ὅλην

2119 5085 2234 5154 τὴν
2286 5089 2511 5158 ἡμέραν
2559 5095 2992 5162 σκυθρωπάζων
3041 5099 3438 5170 ἐπορευόμην.
3478 5107 3596 5158 Τῶν
3651 5109 3716 5162 δὲ

2119 5176 2386 5248 αἰτήσεων
2431 5181 2488 5232 ἐν
2533 5183 2764 5255 εἰκοστῷ
2815 5187 3025 5259 ἑϐδόμῳ
3072 5191 3302 5262 ψαλμῷ·
3345 5194 3446 5264 Μὴ
3479 5203 3712 5254 συνελ-

2649 5367 2699 5399 ⁷⁸
2727 5367 2867 5426 Psal.
2915 5389 3135 5442 xxxv",
3180 5376 3234 5443 6,
3289 5379 3340 5432 7.
3449 5381 3497 5415 "
3553 5382 3710 5438 Psal.

2191 5589 2301 5659 (35)
2346 5589 2488 5674 lzletrt
2525 5591 2690 5646 codex
2725 5609 2850 5660 nts.,
2877 5597 3005 5658 ὡςό
3043 5596 3225 5660 τόπος.
3267 5598 3452 5657 Editio
3497 5604 3706 5674 03011..

2110 5661 2154 5714 ὦ
2165 5677 2250 5712 πε
2337 5661 2521 5723 τόπος.

2184 5728 2317 5813 (se)
2377 5729 2518 5786 Idem
2566 5733 2738 5787 codex
2807 5749 2935 5800 1115.,
2981 5735 3188 5801 αὑταῖς.
3252 5738 3434 5796 ΕιΙίιίο
3489 5744 3698 5813 οιοιιη

2109 5797 2313 5846 αὐτοῖς.
