3868 6544
161 373 253 428 505

234 487 384 541 Ἀλλά
431 488 518 541 καὶ
566 488 614 542 εί
664 490 1132 561 φαυλίζοιενὴμᾶς
1179 493 1271 545 καὶ
1315 493 1717 557 ἐξευτελίζοιεν,
1755 500 1792 552 _.\

160 580 266 652 ἦτοι
307 580 522 644 ἀσεϐεῖς
557 581 589 651 ἢ
644 585 860 656 μωροὺς
890 583 1288 646 ἀποκαλοῦντες
1331 584 1380 635 οἱ
1429 583 1718 654 ἀλλότριοι,

160 667 245 736 τῆς
274 666 410 719 κατὰ
437 667 532 730 τὰς
559 670 721 736 ἁγίας
751 671 969 740 Γραιρὰς
999 671 1272 725 διαλέκτου
1295 672 1723 743 ὑπομιμνησκώ-

161 757 305 829 μεθα,
337 760 470 829 ὅτιή
501 761 585 813 ἐπ’
605 761 778 814 ἐλπίδι
803 761 974 826 ἐλπὶς,
1007 764 1039 834 ἡ
1070 763 1151 816 ἔτι
1183 763 1376 835 μικρὸν
1405 762 1722 817 άποδοθεῖσα

157 851 292 920 ἡμῖν,
311 851 703 922 ἀποῶθήσεται
722 874 739 904 ι
760 855 845 908 διὰ
863 854 1160 924 φαυλισμὸν
1179 855 1418 926 χειλέων,
1440 855 1526 908 διὰ
1554 856 1723 926 γλώσ-

156 961 241 1014 σης
268 944 478 1016 ἐτέρας.
519 965 536 998 ι
567 949 676 1000 Καὶ
703 948 784 1012 τίς
807 949 906 1002 οὐκ
939 949 1003 1002 ἂν
1041 949 1384 1020 προσδέχοιτο
1415 949 1596 1019 θλίψιν
1629 951 1720 1003 ἐπὶ

155 1037 331 1105 θλίψει,
368 1039 456 1091 ἵνα
474 1040 1037 1113 εὐθέωςπροσδέξηται
1065 1043 1156 1094 καὶ
1181 1042 1369 1094 ἐλπίδα
1387 1042 1473 1094 ἐπ’
1502 1042 1676 1094 ἐλπίδι
1702 1058 1716 1103 ;

153 1128 490 1198 λογισάμενος
531 1133 669 1202 μετά
709 1135 943 1197 Παύλου,
979 1136 1058 1187 ὅτι
1088 1137 1187 1188 οὐκ
1232 1155 1248 1184 ι
1288 1134 1412 1199 ἄξια
1439 1133 1508 1188 τὰ
1547 1133 1719 1207 παθή-

153 1236 281 1288 ματα
298 1219 387 1272 τοῦ
422 1219 519 1273 νῦν
543 1222 764 1292 καιροῦ,
784 1244 801 1275 ι
822 1217 896 1277 ὧν
917 1225 1155 1297 ὡσπερεὶ
1179 1223 1468 1288 ώνούμεθα
1503 1223 1600 1295 τὴν
1623 1240 1717 1293 μα-

151 1309 448 1380 καριότητα,
463 1331 480 1360 r
505 1314 641 1384 πρὸς
655 1317 750 1386 τὴν
767 1315 1058 1385 μέλλουσαν
1075 1316 1231 1383 δόξαν
1243 1315 1714 1369 ἀποκαλύπτεσθαι

151 1405 218 1466 είς
237 1405 408 1474 ἡμᾶς·
439 1427 454 1456 ι
475 1409 569 1460 καὶ
589 1409 823 1478 μάλιστα
850 1412 971 1464 ἐπεὶ
1006 1431 1022 1462 ι
1049 1413 1108 1466 τὸ
1139 1413 1449 1484 παραυτίκα
1486 1413 1715 1483 ἐλαφρὶν

152 1497 233 1565 τῆς
263 1497 493 1567 θλίψεως
537 1502 712 1571 ἡμῶν,
754 1523 772 1553 ι
806 1505 1059 1575 (ἐλαφρὸν
1089 1509 1201 1569 τοῖς
1231 1507 1304 1578 μὴ
1360 1506 1716 1578 βαρουμένοις

151 1587 239 1640 ὐπὸ
265 1588 369 1642 τῶν
412 1595 857 1663 περιεστηκότων
901 1599 992 1650 καὶ
1033 1599 1302 1669 τυγχάνον
1349 1599 1441 1652 καὶ
1484 1599 1712 1668 λεγόμε-

148 1678 261 1741 νον),
290 1681 396 1750 ὅσῳ
427 1682 610 1736 πλεῖον
646 1686 978 1757 ὑπερϐάλλον
1008 1690 1235 1758 γίνεται,
1267 1692 1502 1763 τοσούτῳ
1532 1691 1712 1763 μεῖζον

149 1772 226 1822 καὶ
251 1770 424 1824 πλεῖον
459 1794 477 1823 ι
519 1774 684 1846 βάρος
720 1778 934 1832 αἰώνιον
971 1780 1082 1852 (60)
1123 1783 1279 1853 δόξης
1316 1785 1708 1856 κατεργάζεται

1239 371 1687 429 ΕΧΠΟΒΤΑΤΙΟ
1725 372 1817 426 AD
1856 372 2293 429 MAllTYRlUM.

3281 376 3384 432 566

1897 494 1951 546 εὶ.
1995 492 2098 547 Sed
2139 493 2242 547 etsi
2283 491 2444 547 alieni
2487 507 2585 548 nos
2623 493 3081 550 subsannavesint
3122 503 3178 548 et
3230 495 3382 548 nihili

1829 585 2090 650 fecerint,
2122 586 2234 638 sive
2265 586 2458 655 impios
2486 585 2598 641 sive
2629 586 2824 640 stultos
2853 597 3104 641 vocantes
3125 629 3139 653 ,
3173 585 3390 644 divina-

1826 692 1939 728 rum
1985 677 2390 731 meminerimus
2431 676 2834 748 Scripturarum
2875 677 2967 748 qui
3011 679 3082 732 sit
3126 679 3382 748 loquendi

1824 767 2047 831 modus,
2090 782 2239 835 spem
2280 766 2490 820 scilicet
2528 783 2688 836 super
2727 783 2874 837 spem
2915 783 3036 836 quae
3074 769 3250 824 adhuc
3290 783 3386 838 pa-

1825 875 1939 913 rum
1978 858 2129 912 nobis
2159 873 2419 912 concessa
2448 871 2554 919 est,
2589 876 2608 910 ι
2638 869 2856 928 propter
2879 860 3182 913 irrisionem
3214 861 3384 916 labio-

1823 967 1976 1013 rum,
2013 963 2238 1020 propter
2279 951 2513 1019 linguam
2553 952 2784 1006 alteram
2822 973 2839 1005 ι
2868 969 2988 1007 esse
3032 953 3380 1009 reddendam.

1821 1041 1949 1107 Quis
1985 1057 2114 1095 vero
2151 1057 2252 1094 non
2291 1047 2592 1112 susceperit
2633 1044 3036 1098 tribulationem
3078 1061 3242 1115 super
3282 1048 3381 1100 tri-

1821 1132 2148 1186 bulationem
2183 1175 2193 1195 ,
2234 1144 2292 1186 ut
2333 1135 2517 1187 statim
2560 1145 2610 1189 et
2645 1150 2793 1204 spem
2837 1151 3000 1204 super
3039 1152 3188 1206 spem
3233 1138 3380 1191 acci-

1820 1224 1974 1292 piat?
2011 1236 2274 1293 reputans
2327 1242 2449 1280 cum
2501 1225 2668 1278 Paulo
2725 1242 2832 1279 non
2889 1243 3007 1280 esse
3041 1245 3058 1277 ι
3091 1229 3382 1297 condignas

1818 1316 2096 1384 passiones
2134 1315 2294 1381 hujus
2331 1316 2592 1384 temporis
2621 1316 2688 1381 ⁷⁸,
2727 1335 2744 1367 ι
2771 1315 2966 1385 quibus
2997 1317 3380 1370 beatitudinem

1816 1406 1980 1460 veluti
2027 1422 2352 1469 mercamur,
2405 1424 2424 1456 ‹
2481 1406 2546 1460 ad
2597 1407 2832 1460 futuram
2880 1407 3109 1477 gloriam
3141 1422 3260 1474 quae
3295 1423 3382 1461 re-

1817 1498 2080 1552 velabitur
2136 1498 2186 1551 in
2253 1499 2452 1565 nobis,
2485 1517 2503 1549 ι
2553 1499 2788 1552 maxime
2851 1514 2969 1552 cum
3017 1482 3381 1552 imomenta-

1817 1606 1974 1643 neum
2025 1600 2080 1644 et
2137 1591 2252 1645 leve
2286 1590 2657 1645 tribulationis
2685 1601 2884 1645 nostra}
2913 1593 2958 1632 τ’
2989 1611 3007 1643 ι
3038 1590 3214 1658 (quod
3265 1593 3384 1659 qni-

1814 1682 1931 1734 dem
1969 1682 2034 1734 iis
2069 1682 2182 1735 leve
2210 1690 2264 1735 et
2299 1691 2382 1735 est
2411 1691 2466 1734 ct
2496 1683 2691 1736 dicitur
2717 1685 2807 1751 qui
2838 1698 2867 1736 ιι
2901 1683 3383 1738 circumstantilms

1815 1789 1917 1825 non
1971 1775 2312 1842 gravantur)
2366 1784 2570 1841 quanto
2631 1774 2864 1842 amplius
2913 1775 3161 1838 excedit,
3224 1785 3376 1830 tanto

149 1864 285 1929 ἡμῖν,
338 1882 355 1910 ι
411 1865 460 1916 εί
512 1867 662 1937 παρὰ
707 1869 796 1921 τὸν
843 1872 1031 1943 καιρὸν
1082 1874 1187 1928 τῶν
1245 1875 1562 1941 θλιϐόντων,
1613 1878 1707 1930 καὶ

1816 1865 1983 1931 majus
2009 1875 2063 1920 et
2096 1866 2329 1936 amplius
2358 1884 2375 1916 ι
2412 1876 2628 1920 mter-na:
2664 1866 2847 1935 gloriae
2881 1869 3091 1936 pondus
3129 1877 3383 1935 operetur

148 1951 361 2024 ὡσπερεὶ
397 1955 610 2020 πιέζειν
660 1959 754 2023 τὰς
785 1961 979 2031 ψυχὰς.
1017 1965 1174 2035 ἡμῶν
1223 1966 1544 2033 ἐθελόντων,
1580 1970 1705 2022 ἀπο·

152 2043 458 2112 στρέψαντες
495 2047 559 2098 τὸ
588 2051 914 2119 ἡγεμονικὸν
948 2053 1054 2106 ἀπὸ
1099 2055 1206 2109 τῶν
1241 2058 1531 2120 ἐπιπόνων,
1583 2076 1707 2111 σκο-

150 2133 313 2204 πῶμεν
333 2137 392 2188 οὐ
427 2137 498 2190 τὰ
536 2142 858 2212 ἐνεστηκότα
892 2144 1144 2208 ἐπίπονα,
1183 2147 1315 2201 ἀλλὰ
1365 2149 1431 2202 τὰ
1473 2149 1560 2202 διὰ
1606 2149 1703 2219 τὴν

148 2229 196 2278 ἐν
233 2227 430 2293 τούτοις
486 2231 770 2305 ὑπομονὴν
823 2238 936 2300 τοῖς
971 2256 988 2287 ι
1029 2239 1273 2309 νομίμως
1323 2259 1341 2291 ι
1374 2243 1433 2294 ἐν
1494 2241 1710 2315 Χριστῷ

154 2318 446 2390 ιὰθλήσασι
501 2341 523 2374 ι
574 2325 756 2394 χάριτι
805 2327 939 2380 Θεοῦ
979 2330 1353 2402 ἀποκείμενα,
1398 2333 1706 2387 πολλαπλα-

149 2411 396 2476 σιάζοντος
433 2413 540 2477 τὰς
579 2416 915 2487 εὐεργεσίας,
958 2421 1050 2474 καὶ
1088 2421 1230 2493 ὑπὲρ
1271 2422 1368 2493 τὴν
1403 2423 1555 2488 ἀξίαν
1602 2424 1708 2479 τῶν

146 2501 222 2554 τοῦ
258 2503 673 2577 ἀγωνισαμένου
728 2511 992 2580 καμάτων
1036 2512 1274 2567 τοσαῦτα
1328 2513 1669 2586 δωρουμένου
1690 2556 1704 2580 ,

146 2597 228 2650 ὅσα
252 2597 312 2650 ἂν
335 2600 530 2672 πρέπῃ
559 2601 633 2673 μὴ
667 2604 1206 2678 γλισχρολογουμένῳ
1237 2607 1456 2672 διδόναι,
1492 2609 1570 2681 τῷ
1616 2627 1710 2681 με-

147 2688 404 2761 γαλοδώρη)
436 2693 540 2744 καὶ
572 2695 949 2765 ἐπιστημόνως
992 2697 1089 2760 τὰς
1122 2698 1316 2751 ἕαυτθῦ
1349 2699 1577 2772 Χάριτας
1611 2719 1707 2771 με’

146 2778 394 2844 γεθύνοντι
445 2782 595 2853 Θεῷ,
641 2785 731 2838 ἐπὶ
763 2789 908 2852 τοὺς,
941 2788 1018 2858 τῷ
1051 2791 1148 2862 ὅση
1197 2791 1425 2862 δύναμις
1471 2810 1710 2846 καταπε-

147 2873 438 2941 φρονηκέναι
470 2878 573 2929 τοῦ
600 2879 918 2949 όστρακίνου
958 2881 1207 2946 σκεύους,
1262 2882 1706 2957 ἐπιδειξαμένους

145 2961 226 3032 τὴν
251 2963 338 3036 ὅλῃ
369 2965 521 3037 ψυχῇ
551 2967 689 3040 πρὸς
720 2969 881 3023 αὐτὸν
908 2971 1149 3042 ἀγάπην.

207 3055 328 3131 Ὀλῃ
345 3057 399 3110 δὲ
437 3059 589 3131 ψυχῇ
623 3061 827 3132 νομίζοι
860 3061 1170 3130 ἀγαπᾶσθαι
1193 3064 1284 3118 τὸν
1308 3064 1440 3118 Θεὸν
1476 3063 1580 3117 ὑπὸ
1602 3064 1710 3118 τῶν

147 3147 482 3205 ἀποσπώντων
500 3153 600 3205 καὶ
616 3152 926 3208 διῖστάντων
943 3153 1130 3225 αὐτὴν,
1145 3154 1231 3208 διὰ
1246 3155 1442 3226 πολλὴν
1459 3155 1559 3226 τῆς
1574 3154 1708 3226 πρὸς

149 3237 196 3289 τὸ
209 3241 514 3310 κοινωνῆσαι
531 3241 614 3313 τῷ
629 3241 745 3312 Θεῷ
761 3243 1084 3315 προθυμίαν,
1102 3245 1162 3298 οὐ
1183 3245 1342 3316 μόνον
1358 3245 1464 3299 άπὸ
1477 3246 1568 3298 τοῦ
1589 3246 1706 3316 γηΐ-

149 3346 223 3382 νου
237 3328 472 3401 σώματος
492 3332 630 3405 (61),
669 3333 803 3386 ἀλλὰ
828 3335 920 3387 καὶ
949 3336 1056 3388 ἀπὸ
1081 3337 1281 3400 παντὸς
1316 3336 1562 3408 σώματος
1582 3353 1596 3366 °
1631 3328 1711 3399 οἷς

149 3421 246 3474 οὐδὲ
283 3424 410 3492 μετὰ
454 3425 843 3497 περισπασμοῦ
875 3427 968 3479 καὶ
1005 3427 1406 3499 περιελκυσμοῦ
1447 3445 1590 3492 τινος
1623 3427 1709 3497 γί-

150 3530 267 3565 νεται
303 3515 357 3568 τὸ
396 3517 698 3571 ἀποθέσθαι
745 3537 762 3570 ι
799 3517 859 3570 τὸ
903 3518 1004 3589 τῆς
1049 3519 1426 3584 ταπεινώσεως
1475 3519 1650 3590 σῶμα,
1686 3537 1704 3572 ι

151 3601 255 3654 ὅταν
281 3606 463 3676 καιρὸς
488 3605 623 3677 διδῷ
665 3606 750 3660 διὰ
775 3607 866 3660 τοῦ
894 3607 1250 3680 νομιζομένου
1284 3609 1513 3663 θανάτου
1553 3608 1708 3663 ἐκδό-

153 3691 316 3746 σασθαι
344 3715 360 3746 ι
401 3697 462 3750 τὸ
499 3696 664 3767 σῶμα
702 3697 796 3750 τοῦ
829 3697 1080 3760 θανάτου,
1125 3717 1142 3749 ι
1178 3700 1272 3753 καὶ
1297 3700 1702 3770 ἐπάκουε-θῆναι

153 3783 487 3851 ἀποπολικῶς
524 3787 822 3858 εὐξάμενον
848 3789 942 3842 καὶ
984 3789 1238 3844 εἰπόντα·
1290 3809 1307 3841 r
1352 3791 1707 3862 Ταλαίπωρος

154 3875 244 3944 ἐγὼ
265 3879 562 3951 ἄνθρωπος,
605 3879 690 3944 τίς
733 3897 798 3950 με
833 3880 1052 3952 ῥύσεται
1084 3883 1149 3935 ἐκ
1179 3879 1273 3935 τοῦ
1319 3881 1568 3952 σώματος
1611 3879 1706 3935 τοῦ

155 3970 349 4024 θανάτου
375 3973 571 4026 τούτου
597 3989 610 4037 ;
649 3992 668 4024 ι
689 3973 785 4035 Τίς
815 3972 922 4044 γὰρ
965 3975 1072 4026 τῶν
1115 3976 1172 4027 ἐν
1201 3973 1278 4044 τῷ
1313 3976 1496 4045 σκήνει
1523 3991 1708 4027 στενα-

156 4060 323 4124 ζόντων
361 4065 445 4119 διὰ
479 4065 544 4118 τὸ
596 4065 875 4136 βαρεῖσθαι
908 4065 1012 4119 ὑπὸ
1038 4065 1133 4119 τοῦ
1177 4067 1416 4138 φθαρτοῦ
1455 4065 1706 4138 σώματος

155 4155 253 4225 οὐχὶ
295 4158 384 4210 καὶ
429 4158 819 4228 εὐχαριστήσει
861 4157 1128 4229 πρότερον
1170 4157 1376 4214 εἰπών’
1417 4177 1441 4209 ι
1496 4158 1593 4220 Τίς
1639 4176 1704 4227 με

159 4246 347 4317 ῥύσεται
379 4253 442 4304 ἐκ
469 4251 569 4303 τοῦ
600 4250 848 4321 σώματος
871 4251 963 4305 τοῦ
993 4252 1224 4306 Θανάτου
1260 4251 1452 4306 τούτου
1477 4269 1490 4316 ;
1529 4271 1546 4304 ι
1587 4252 1706 4322 βλέ-

159 4357 271 4402 mw,
298 4343 394 4405 ὅτι,
427 4342 518 4396 διὰ
546 4342 650 4412 τῆς
681 4341 896 4413 ὁμιλίας
947 4343 1164 4414 ρυσθεὶς
1202 4343 1267 4396 ἐκ
1313 4342 1407 4398 τοῦ
1457 4343 1707 4414 σώματος

158 4430 234 4482 τοῦ
263 4431 503 4495 θανάτου,
547 4432 721 4500 ἀγίως
771 4433 1164 4502 ἀναφθέγξεται
1214 4436 1307 4488 τ⁶’
1356 4453 1373 4485 ⁴
1408 4436 1580 4506 Χάρις
1628 4435 1704 4506 τῷ

1813 1957 1862 2009 in
1899 1956 2092 2021 nobis,
2127 1975 2144 2009 I
2177 1958 2221 2012 si
2270 1973 2392 2012 cum
2442 1957 2723 2010 instabunt
2774 1959 2808 2011 ii
2853 1960 2943 2026 qui
2997 1958 3252 2012 tribulant
3279 2000 3294 2023 ,
3327 1968 3382 2014 et

1810 2046 1964 2115 quasi
1998 2061 2247 2115 premere
2282 2048 2491 2102 animas
2529 2059 2746 2104 nostras
2781 2049 2969 2104 volunt
2991 2090 3005 2112 ,
3037 2069 3065 2104 a
3105 2050 3382 2105 laboribus

1809 2144 2137 2220 avertamus'
2176 2135 2345 2191 animi
2400 2138 2795 2207 principatum;
2839 2147 2892 2192 et
2930 2148 3235 2208 spectemus
3275 2155 3380 2193 non

1811 2242 1931 2296 quae
1965 2232 2164 2285 adsunt
2191 2227 2465 2283 laboriosa
2488 2267 2502 2292 ,
2537 2229 2632 2283 sed
2667 2246 2786 2299 qua:
2817 2239 3042 2298 propter
3076 2231 3376 2298 przesutan:

1815 2320 1867 2373 in
1927 2319 2033 2374 illis
2087 2321 2406 2390 patientiam
2463 2321 2530 2375 iis
2580 2322 2669 2390 qui
2700 2340 2719 2373 ι
2753 2322 2994 2391 legitime
3028 2342 3046 2375 ι
3076 2325 3128 2377 in
3161 2324 3379 2377 Christo

1816 2431 1835 2464 ι
1865 2411 2262 2470 certaverint"
2292 2432 2309 2464 ι
2343 2412 2517 2481 gratia
2558 2413 2649 2467 Dei
2686 2415 2918 2482 reposita
2952 2427 3107 2480 sunt,
3143 2415 3265 2483 Dei,
3299 2416 3379 2469 in-

1811 2522 1972 2575 quam
1995 2547 2010 2570 ,
2037 2507 2130 2576 qui
2162 2504 2421 2560 beneficia
2463 2506 2790 2575 multiplicat
2811 2547 2825 2568 ,
2861 2518 2914 2561 et
2943 2523 3102 2576 supra
3137 2509 3379 2564 |.tb0t‘ttltt
3441 2515 3448 2521 '

1812 2597 1864 2650 in
1906 2598 2205 2651 certamine
2253 2597 2606 2651 toleratormn
2647 2598 2910 2667 dignitate
2944 2609 3091 2653 tanta
3129 2601 3375 2668 largitur,

1811 2696 2014 2758 quanta
2058 2704 2165 2742 non
2207 2705 2464 2757 parcum,
2507 2691 2599 2743 sed
2643 2689 2989 2756 magnificum
3029 2691 3174 2744 illmn
3211 2693 3374 2747 Deum

1811 2779 2014 2832 donare
2042 2779 2196 2832 decet
2224 2779 2314 2847 qui
2343 2780 2546 2848 gratias
2571 2793 2697 2833 suas
2727 2779 3295 2852 scienter-magnificat
3325 2785 3373 2838 in

1810 2886 1904 2926 eos
1934 2871 2024 2938 qui
2058 2883 2240 2940 spreto
2279 2873 2380 2925 hoc
2409 2881 2644 2926 testaceo
2673 2885 2798 2925 vase
2828 2887 2925 2940 pro
2953 2875 3159 2930 viribus
3190 2886 3376 2930 osten-

1811 2963 1992 3017 derint
2023 2978 2080 3017 sc
2113 2972 2222 3018 tota
2257 2963 2442 3017 anima
2479 2965 2649 3034 ipsum
2685 2965 2924 3035 diligere.

1879 3053 1931 3108 3.
1973 3054 2106 3108 Tota
2143 3068 2269 3108 vero
2307 3055 2485 3109 anima
2533 3057 2697 3110 Deum
2740 3056 2808 3110 ab
2846 3057 2913 3111 iis
2940 3057 3093 3126 diligi
3124 3068 3253 3126 puto
3279 3061 3372 3131 qui

1817 3160 1935 3200 eam
1977 3160 2086 3215 pra:
2127 3144 2368 3199 maximo
2396 3160 2514 3199 cum
2551 3149 2658 3200 Deo
2693 3147 3127 3201 communicandi
3161 3151 3375 3204 deside-

1817 3237 1898 3290 rio
1931 3253 2036 3291 non
2072 3251 2100 3290 a
2140 3246 2356 3292 terreno
2388 3247 2592 3292 tantum
2627 3253 2859 3307 corpore
2883 3279 2898 3304 ,
2931 3240 3022 3293 sed
3051 3249 3104 3294 et
3132 3241 3199 3294 ah
3226 3242 3376 3294 omni

1813 3343 2041 3397 corpore
2069 3329 2393 3384 abstrahunt
2420 3345 2484 3382 ac
2524 3328 2823 3394 divellunt,
2854 3342 2908 3385 ct
2937 3332 3134 3401 quibus
3163 3348 3262 3388 nec
3297 3334 3379 3388 in-

1811 3420 1937 3475 vitis
1971 3435 2069 3475 nec
2110 3419 2508 3475 reluctantibus
2547 3422 2745 3476 accidit
2778 3431 2834 3475 ut
2877 3441 2893 3474 ι
2927 3439 3124 3492 corpus
3160 3425 3379 3480 humii-

1813 3511 1941 3567 tatis
1974 3530 1993 3564 ι
2023 3512 2298 3582 deponant
2324 3512 2392 3576 εί,
2436 3527 2558 3566 cum
2600 3528 2658 3567 se
2701 3522 2913 3584 tempus
2940 3515 3152 3571 dederit
3190 3525 3245 3569 ut
3285 3531 3378 3586 per

1811 3617 1930 3658 eam
1986 3619 2107 3674 qua:
2167 3618 2316 3658 mors
2369 3618 2489 3658 esse
2549 3613 2794 3672 putatur,
2827 3624 2844 3657 ι
2876 3610 3072 3676 corpds
3127 3607 3315 3661 mortis
3349 3627 3368 3658 ι

1811 3705 2050 3760 exuant,
2099 3704 2155 3748 et
2207 3697 2534 3752 exaudiatur
2585 3698 2632 3752 is
2676 3699 2764 3768 qui
2813 3699 2880 3752 ad
2922 3700 3093 3753 instar
3131 3699 3380 3768 Apostoli.

1810 3795 2070 3856 precatus
2100 3788 2264 3842 fuerit
2295 3789 2348 3843 in
2380 3790 2492 3844 haec
2530 3790 2691 3844 verba
2721 3803 2736 3844 :
2771 3809 2788 3842 ι
2820 3790 3003 3844 Infelix
3043 3807 3143 3862 ego
3178 3792 3337 3851 homo
3359 3832 3374 3853 ,

1808 3880 1930 3947 quis
1984 3894 2070 3934 me
2131 3879 2384 3937 liberabit
2427 3885 2493 3936 de
2537 3897 2766 3949 corpore
2799 3885 2989 3937 mortis
3019 3884 3181 3953 hujus
3212 3884 3310 3937 3‘?
3351 3903 3372 3934 θ

1811 3971 1942 4036 Quis
1974 3973 2119 4025 enim
2154 3987 2343 4027 eorum
2377 3974 2466 4041 qui
2501 3975 2551 4026 in
2587 3975 2690 4028 hoc
2717 3975 2881 4045 276
2912 3975 3260 4031 tabernaculo
3296 3978 3375 4029 in-

1809 4067 2145 4136 gemiscunt,
2192 4067 2334 4134 quod
2381 4067 2725 4136 corruptibili
2786 4082 3016 4136 corpore
3055 4079 3378 4138 graventur,

1810 4167 1914 4205 non
1954 4153 2118 4205 etiam
2168 4154 2371 4220 gratias
2411 4165 2538 4224 aget
2571 4171 2692 4209 cum
2725 4155 2878 4224 prius
2912 4157 3150 4210 dixerit:
3191 4177 3207 4209 ι
3240 4158 3372 4224 Quis

1810 4257 1894 4299 me
1927 4244 2183 4299 liberabit
2215 4246 2280 4299 de
2309 4262 2535 4316 corpore
2564 4249 2752 4302 mortis
2783 4249 2984 4317 hujus?
3012 4268 3029 4300 ι
3057 4266 3285 4306 cernens
3315 4268 3375 4308 se

1811 4341 1895 4393 his
1951 4340 2175 4410 prolatis
2211 4340 2542 4412 de‘corpore
2581 4344 2768 4399 mortis
2826 4343 3143 4408 liberatum,
3185 4357 3374 4400 sancte

1810 4431 1935 4485 illud
1987 4432 2464 4487 exclamaturum:
2497 4453 2514 4484 ι
2548 4433 2731 4489 Gratia
2789 4436 2898 4489 Deo
2953 4452 3048 4504 per
3095 4437 3370 4492 Christum

159 4519 254 4590 Θεῷ
290 4522 370 4576 διὰ
410 4524 652 4594 Χριστοῦ
697 4523 869 4594 Ἰησοῦ
918 4523 1012 4578 τοῦ
1049 4523 1257 4596 Κυρίου
1291 4527 1465 4596 ἡμῶν.
1500 4545 1518 4578 ι
1557 4527 1616 4580 Ei
1650 4528 1704 4581 δέ

1816 4521 1990 4575 Iesum
2025 4522 2310 4577 Dominum
2348 4533 2591 4578 nostrum
2625 4523 2690 4575 ⁸³.
2729 4543 2746 4575 ι
2785 4521 2838 4576 Si
2874 4528 2955 4578 cui
2989 4542 3119 4579 vero
3145 4527 3372 4580 arduum

159 4625 246 4664 τινι
271 4615 324 4667 τὸ
345 4616 558 4669 τοιοῦτο
583 4615 816 4686 χαλεπὸν
839 4616 1105 4684 φαίνεται,
1140 4617 1239 4671 οὐκ
1270 4637 1287 4669 ι
1327 4619 1542 4688 ἐδίψησε
1572 4621 1703 4691 πρὸς

159 4704 234 4756 τὸν
263 4709 382 4761 Θεὸν
412 4709 503 4762 τὸν
543 4708 764 4780 ἰσχυρὸν
797 4709 886 4763 τὸν
921 4709 1118 4773 ζῶντα,
1162 4728 1179 4760 ι
1205 4709 1323 4763 οὐδέ
1354 4729 1370 4760 ι
1403 4711 1704 4779 ἐπεπόθησε

163 4797 274 4864 trp");
321 4800 406 4853 τὸν
459 4801 616 4862 Θεὸν,
652 4800 710 4854 ὃν
746 4801 942 4871 τρόπον
985 4799 1236 4852 ἐπιποθεῖ
1289 4803 1321 4870 ή
1381 4800 1575 4868 ἔλαφος
1613 4800 1706 4855 ἐπὶ

163 4887 242 4950 τὰς
276 4892 447 4960 πηγάς
479 4892 588 4944 τῶν
621 4891 853 4945 ὑδάτων·
898 4909 916 4944 ι
971 4891 1088 4943 οὐδέ
1122 4887 1241 4943 εἶπε
1269 4907 1281 4920 ·
1333 4908 1351 4941 ι
1387 4891 1522 4942 Πότε
1569 4889 1702 4960 ἥξω,

164 4981 241 5032 καὶ
267 4981 564 5053 ὀφθήσομαι
613 4983 691 5054 τῷ
734 4982 1008 5058 προσώπῳ
1050 4981 1142 5033 τοῦ
1186 4980 1358 5045 Θεοῦ;
1405 5000 1422 5033 ι
1468 4982 1599 5033 usas
1648 4983 1704 5034 ἐν

166 5069 316 5142 ἑαυτῷ
357 5075 656 5143 ἐλογίσατο,
690 5075 723 5128 ἃ
763 5073 1202 5144 διαλογισάμενος
1234 5074 1261 5125 ὀ
1292 5073 1591 5144 προφήτης,
1615 5072 1702 5124 λε-

170 5162 365 5231 γομένου
396 5165 490 5219 τοῦ
515 5185 529 5197 ’
573 5185 591 5217 ι
630 5166 740 5219 Ποῦ
771 5167 914 5219 ἐστιν
938 5169 966 5220 ὁ
999 5165 1128 5230 Θεός
1157 5182 1246 5217 σου
1272 5180 1288 5223 :
1332 5185 1348 5215 ι
1384 5163 1552 5232 αὐτῷ,
1582 5164 1703 5218 καθ’

247 5332 286 5364 ⁷⁸
323 5334 472 5389 llmn.
506 5349 621 5390 γιιι,
660 5333 743 5386 l8.
855 5332 897 5362 ’⁷³
933 5330 976 5382 ll
1011 5329 1133 5383 Cor.
1171 5347 1239 5393 Iv,
1278 5330 1370 5393 l7,
1411 5332 1489 5384 18.

161 5391 202 5429 ⁸³
223 5398 340 5456 Ibid.
373 5406 460 5459 εδ.
573 5404 618 5435 ει
647 5402 786 5456 l‘sal.
818 5416 922 5464 xu,
962 5401 1007 5462 ι,
1040 5402 1090 5454 9..

219 5541 316 5606 ((30)
355 5543 620 5597 Λίώνιον.
653 5541 814 5595 Forte
842 5540 1146 5605 legendum,
1176 5535 1408 5590 αἰωνίου.

222 5605 319 5683 (6i)
359 5616 439 5666 Οὐ
464 5614 654 5683 μόνον
679 5611 798 5683 ἀπὸ
820 5610 925 5663 τοῦ
969 5605 1502 5683 ἀἴνου-σώματος,
1535 5605 1695 5683 (LL/1d

167 5680 244 5730 mi
271 5682 378 5735 ἀ.τό
407 5675 630 5747 παντὸς
651 5680 940 5749 σώματος.
979 5675 1080 5731 ’διο
1104 5676 1362 5749 Origenes
1399 5677 1534 5729 libro
1567 5693 1579 5728 ι
1609 5675 1694 5749 De

170 5752 429 5820 principiis,
461 5767 580 5820 cap.
613 5752 666 5814 8,
701 5747 754 5803 u.
787 5751 820 5802 4
857 5773 870 5803 ;
911 5767 928 5800 ι
977 5749 1228 5801 Videmus
1265 5747 1383 5800 illos
1421 5747 1693 5801 assumi...

175 5819 251 5884 qni
284 5819 653 5876 mortilicantcs
683 5821 920 5874 membra
952 5835 1066 5880 sua,
1101 5833 1218 5887 qua‘
1247 5825 1368 5870 sunt
1398 5831 1554 5885 super
1590 5824 1696 5868 ter-

1601 5332 1644 5361 ⁸³
1678 5331 1719 5384 ll
1749 5330 1889 5384 Tim.
1926 5345 1998 5396 ll,
2033 5331 2084 5384 5.

1809 4611 1861 4665 id
1902 4612 2128 4676 videtur,
2167 4629 2270 4667 non
2304 4631 2322 4665 ι
2357 4615 2523 4667 sitivit
2551 4614 2616 4667 ad
2662 4615 2826 4667 Deum
2860 4616 3050 4669 fortem
3087 4618 3264 4670 vivum
3291 4655 3308 4682 ,
3351 4636 3369 4668 ι

1811 4718 1985 4772 neque
2012 4723 2030 4755 ι
2061 4705 2389 4759 desideravit
2417 4706 2482 4760 ad
2518 4707 2716 4769 Deum,
2749 4708 3200 4773 quemadmodum
3231 4709 3375 4762 desi-

1810 4796 1962 4848 derat
2006 4811 2200 4850 cervus
2243 4798 2308 4851 ad
2356 4796 2532 4852 fontes
2580 4812 2845 4864 aquarum
2878 4815 2892 4864 ;
2929 4818 2946 4851 ι
2977 4815 3148 4872 neque
3180 4799 3318 4853 dixit
3355 4819 3366 4853 :

1818 4886 2075 4952 «Quando
2104 4888 2336 4954 veniam,
2367 4897 2420 4942 ct
2448 4891 2718 4959 apparebo
2749 4900 2872 4944 ante
2900 4891 3090 4945 faciem
3123 4892 3213 4945 Dei
3239 4890 3286 4924 “
3305 4891 3328 4946 ?
3350 4911 3368 4944 ι

1813 4977 1922 5034 Nec
1952 4995 2135 5034 secum
2176 4995 2240 5036 ea
2290 4983 2560 5050 reputavit
2606 4999 2726 5052 qua:
2768 4992 3021 5050 reputans
3063 4984 3364 5054 Propheta,

1811 5086 1931 5124 cum
1969 5072 2243 5127 diceretur
2273 5075 2321 5128 ei
2351 5093 2361 5128 :
2393 5091 2412 5124 ι
2450 5074 2546 5130 Ubi
2584 5085 2668 5130 est
2710 5076 2847 5130 Deus
2889 5077 3056 5130 tuus?
3085 5097 3101 5128 ι
3135 5077 3373 5131 clTunde-

1811 5163 1904 5218 bat
1938 5179 2029 5232 per
2058 5164 2300 5237 singulos
2335 5167 2452 5221 dics
2490 5168 2540 5222 in
2580 5183 2637 5224 se
2672 5171 2909 5224 animam
2951 5187 3106 5226 suam
3131 5211 3146 5231 .
3191 5171 3368 5236 incre-

2197 5331 2238 5360 ⁸⁸
2271 5329 2502 5398 Philipp.
2544 5344 2635 5391 ιιι,
2674 5331 2762 5382 21.
2874 5331 2916 5359 ⁸¹
2948 5329 3102 5384 Rom.
3139 5346 3245 5396 vn,
3282 5331 3376 5386 24.

1804 5552 1917 5592 ram
1949 5551 1998 5594 et
2041 5540 2484 5592 trauscendentes
2517 5555 2619 5592 non
2649 5539 2820 5592 solum
2849 5554 3166 5609 corpoream
3189 5541 3367 5595 'natn-

1802 5624 1941 5681 ram,
1969 5625 2149 5662 verum
2195 5609 2597 5681 etiampanimae
2651 5610 2828 5681 ipsius
2862 5613 3142 5679 ambiguos
3194 5611 3365 5681 fragi-

1802 5677 1983 5747 lesque
2037 5688 2244 5744 motus,
2306 5678 2653 5742 adiunxerint
2704 5697 2761 5734 se
2812 5677 3072 5745 Domino,
3126 5681 3249 5735 facti
3282 5677 3368 5735 vet

1804 5749 2012 5819 integro
2041 5750 2281 5819 spiritus.
2327 5769 2344 5802 ι
2380 5747 2763 5808 Wars'rtmrs.
