3962 6414
485 286 591 344 567

1945 283 2266 342 ORIGENlS

3634 285 3737 341 568

487 423 623 478 pans
662 422 782 462 eam
812 406 987 462 adhuc
1012 419 1122 474 prae
1158 403 1477 460 inlirmitate
1506 404 1722 461 tristem
1755 413 1811 460 et
1837 416 2048 477 pertur-

2163 407 2394 478 ἑκάστην
2426 405 2635 478 ἡμέραν
2657 405 2866 476 ἐξέχεεν
2887 407 2975 475 ἐφ’
3002 405 3189 460 ἑαυτὸν
3217 404 3314 478 τὴν
3343 405 3523 476 ψυχὴν
3549 407 3736 471 αὑτοῦ,

490 506 671 557 hatam
694 543 707 568 ,
741 515 805 554 ac
854 500 1040 555 dicens
1069 516 1082 553 :
1114 517 1133 550 ι
1162 499 1426 566 Quoniam
1483 497 1723 553 transibo
1766 499 1820 555 in
1874 499 2053 555 locum

484 593 824 650 tabernaculi
868 592 1206 646 admirabilis
1248 607 1418 662 usque
1466 591 1534 645 ad
1593 591 1813 645 domum
1859 592 1950 646 Dei
2001 592 2054 646 in

481 703 620 741 voce
647 684 1030 740 exsultationis
1060 693 1116 738 et
1140 683 1500 740 confessionis
1530 684 1648 740 soni
1682 683 1878 740 festum
1913 685 2054 740 cele-

483 773 693 829 brantis
719 772 787 826 ⁸⁵.
819 793 838 826 ι

554 945 607 1000 4.
652 944 827 1002 Velim
858 947 1026 1016 igitur
1055 963 1173 1013 vos,
1201 964 1299 1019 per
1326 965 1488 1006 omne
1521 953 1660 1022 quod
1691 953 2054 1009 instatcerta-

485 1051 607 1091 men
641 1053 909 1094 memores
941 1041 1125 1095 multae
1165 1041 1308 1098 illius
1345 1046 1610 1100 mercedis
1640 1063 1761 1116 qua:
1801 1048 1854 1102 in
1897 1048 2054 1103 coelis

483 1131 716 1200 reposita
754 1141 838 1187 est
893 1134 961 1186 iis
995 1151 1013 1184 ι
1063 1136 1156 1203 qui
1187 1136 1626 1204 persecutionem
1669 1148 1722 1193 et
1762 1140 2052 1210 opprobria

480 1226 762 1292 patiuntur
825 1235 1048 1296 propter
1113 1228 1414 1298 justitiam,
1465 1239 1519 1285 et
1580 1241 1802 1301 propter
1855 1231 2050 1286 Filium

479 1316 714 1370 hominis
741 1317 808 1382 ⁸⁸,
837 1337 856 1370 ι
886 1321 1144 1388 gaudere,
1170 1321 1450 1376 exsultare
1479 1333 1533 1378 et
1567 1324 1863 1392 tripudiare
1885 1365 1900 1389 ,
1940 1325 2052 1379 sic-

417 1410 421 1413 '
477 1412 535 1459 ut
586 1405 810 1474 apostoli
858 1408 984 1462 olim
1034 1411 1204 1480 gavisi
1256 1419 1419 1479 sunt,
1486 1430 1505 1464 ι
1573 1415 1830 1483 quoniam
1903 1416 2052 1484 digni

478 1498 651 1554 habiti
681 1509 808 1554 sunt
837 1516 937 1570 pro
969 1503 1188 1557 nomine
1217 1502 1334 1571 ejus
1362 1506 1752 1560 contumeliam
1785 1507 1894 1574 pati
1924 1507 1993 1560 ⁸⁷.
2025 1525 2042 1558 ι

477 1589 630 1658 Quod
661 1591 706 1644 si
737 1607 897 1661 quam
931 1593 986 1647 in
1016 1594 1192 1647 anima
1228 1604 1406 1650 vestra
1456 1597 1709 1651 sentiatis
1756 1599 2050 1667 aliquando

479 1683 786 1751 angustiam
810 1724 825 1749 ,
861 1684 1007 1739 dicat
1030 1687 1079 1739 ei
1109 1685 1199 1753 qui
1235 1685 1288 1739 in
1314 1685 1467 1740 vobis
1495 1698 1577 1743 est
1605 1689 1826 1754 spiritus
1890 1691 2051 1746 Chri-

2162 497 2510 568 ἐπιπλήσσων
2556 495 2692 566 αὐτῇ
2734 495 2816 549 ἔτι
2857 497 2976 550 κατ’
3007 495 3288 550 ἀσθένειαν
3327 495 3612 568 περιλύπῳ
3654 513 3738 565 γι-

2159 589 2357 662 νομένῃ
2387 589 2479 641 καὶ
2519 588 3020 662 συνταρασσομένη,
3059 591 3154 642 καὶ
3179 589 3352 659 λέγων
3375 607 3388 621 ο
3429 609 3447 640 ι
3481 591 3605 643 Ὅτι
3636 589 3740 643 διε-

2158 681 2417 752 λεύσομαι
2451 684 2508 734 ἐν
2537 682 2689 752 τόπῳ
2731 683 2935 753 σκηνῆς
2967 683 3290 753 θαυμαστῆς
3322 683 3427 747 ἕως
3459 683 3556 737 τοῦ
3589 684 3736 738 οῐκου

2157 774 2249 828 τοῦ
2283 774 2439 837 Θεοῦ,
2471 776 2528 827 ὲν
2563 776 2712 845 φωνῇ
2751 773 3124 842 ἀγαλλιάσεως
3166 777 3260 828 καὶ
3301 775 3739 846 ὲξομολογήσεως

2157 860 2288 930 ἤχου
2318 859 2683 931 έορτάζοντος.
2726 881 2745 913 ι

2228 951 2480 1023 Εὑχόμην
2505 947 2596 1008 οῦν
2625 955 2771 1024 ὑμᾶς
2799 954 2930 1026 παρ’
2967 955 3088 1008 ὅλον
3113 955 3207 1008 τὸν
3246 955 3514 1027 ἑστηκότα
3555 956 3737 1024 ἀγῶνα

2160 1040 2538 1109 μεμνημένους
2589 1042 2682 1094 τοῦ
2725 1043 3086 1114 ἀποκειμένου
3127 1044 3324 1098 πολλοῦ
3373 1046 3431 1099 ἐν
3490 1045 3738 1116 οὐρανοῖς

2160 1130 2350 1200 μισθοῦ
2391 1148 2410 1182 ι
2441 1135 2553 1196 τοῖς
2595 1133 2867 1204 διωχθεῖσι
2899 1134 2993 1186 καὶ
3029 1135 3400 1193 ὀνειδισθεῖσιν
3445 1136 3634 1191 ἕνεκεν
3659 1137 3738 1190 δι-

2157 1222 2466 1292 καιοσύνης,
2501 1226 2595 1278 καὶ
2617 1226 2802 1278 ἕνεκεν
2829 1225 2923 1278 τοῦ
2951 1226 3079 1279 Υἱοῦ
3109 1226 3202 1280 τοῦ
3228 1226 3541 1298 ἀνθρώπου,
3570 1246 3588 1279 ι
3615 1228 3738 1297 χαί-

2158 1334 2270 1386 ρειν
2299 1318 2392 1370 κοιλ⁸
2424 1317 2686 1390 ἀγαλλιᾷν
2717 1321 2810 1372 καὶ
2841 1322 3088 1391 σκιρτᾷν,
3129 1319 3320 1390 ῶσπερ
3359 1321 3408 1372 oi
3451 1320 3737 1374 ἀπόστολοι

2155 1408 2432 1480 ἐχάρησαν
2465 1427 2615 1477 ποτε,
2654 1428 2672 1461 ι
2717 1411 3145 1476 καταξιωθέντες
3184 1412 3326 1481 ὑπὲρ
3350 1410 3444 1465 τοῦ
3479 1412 3740 1483 ὀνόματος

2153 1505 2315 1558 αὑτοῦ
2358 1506 2741 1578 ἀτιμασθῆναι.
2804 1527 2820 1559 ι
2877 1508 2941 1560 Εἰ
2991 1507 3044 1560 δέ
3093 1525 3221 1562 ποτε
3265 1507 3359 1561 καὶ
3393 1505 3738 1561 αίσθάνοισθε

2155 1597 2417 1667 συστολῆς
2456 1599 2582 1668 περί
2613 1599 2710 1670 τὴν
2749 1599 2925 1670 ψυχὴν
2971 1599 3144 1670 ὑμῶν,
3181 1601 3390 1654 εἰπάτω
3432 1599 3572 1669 αὐτῇ
3612 1599 3641 1650 ό
3681 1599 3737 1651 ἐν

2156 1690 2286 1759 ἡμῖν
2333 1690 2443 1761 (62)
2476 1691 2713 1762 Χριστοῦ
2759 1693 2899 1759 νοῦς,
2951 1694 3176 1764 θελούσῃ
3222 1694 3282 1746 τὸ
3308 1694 3431 1746 ὅσον
3458 1694 3544 1761 ἐφ’
3572 1694 3736 1764 ἑαυτῇ

477 1775 569 1838 sti,
612 1791 770 1844 quem
809 1778 974 1831 etiam
1009 1777 1125 1843 illa,
1157 1763 1506 1848 quantum’in
1539 1797 1596 1836 se
1627 1791 1743 1848 est,
1779 1783 1890 1838 vult
1918 1800 2048 1839 con-

2157 1785 2252 1838 καὶ
2302 1785 2464 1839 αὑτὸν
2501 1790 2751 1857 συγχεῖνο
2787 1805 2804 1838 t
2845 1788 2963 1840 Ἵνα
3005 1788 3058 1840 τί
3101 1787 3397 1859 περίλυπος
3443 1783 3513 1847 εἷ,
3555 1785 3736 1855 ψυχή;

478 1867 708 1953 ίιιριίοτθ
736 1887 751 1923 :
784 1887 802 1920 ι
831 1869 1012 1936 Quare
1051 1872 1220 1927 tristis
1257 1887 1349 1938 es,
1383 1875 1559 1928 anima
1594 1890 1709 1929 mea
1731 1917 1745 1943 ,
1781 1886 1836 1930 et
1879 1893 2049 1947 quare

473 1963 769 2018 conturbas
803 1964 932 2016 me?
966 1964 1134 2034 Spera
1167 1965 1217 2018 in
1272 1965 1380 2020 Deo
1411 1967 1666 2036 quoniam
1702 1969 1878 2023 adhuc
1911 1985 2047 2025 con-

473 2053 666 2108 ﬁtebor
694 2054 770 2110 illi
798 2054 864 2108 ⁸⁸.
899 2074 918 2105 ι
951 2054 1018 2108 Ει
1049 2071 1237 2110 rursus
1268 2097 1279 2108 .
1309 2095 1324 2110 .
1354 2097 1370 2112 .
1397 2099 1412 2113 .
1449 2053 1665 2112 Utinam
1705 2075 2046 2131 nequaquam

477 2145 724 2198 turbetur
785 2146 1000 2210 anima,
1052 2147 1144 2199 sed
1197 2153 1324 2199 ante
1385 2146 1498 2215 ipsa
1549 2147 1876 2215 tribunalia,
1919 2162 2048 2204 ante

473 2238 648 2291 nudos
693 2228 1078 2307 enses'jugulo
1133 2239 1388 2292 admotos
1442 2240 1783 2293 custodiatur
1830 2256 1857 2292 a
1917 2255 2048 2308 pace.

473 2328 570 2384 Dei
603 2349 622 2380 ι
657 2346 774 2398 qua:
819 2341 1112 2400 exsuperat
1156 2347 1370 2384 omnem
1417 2347 1637 2386 sensum
1663 2333 1730 2398 '9,
1764 2352 1782 2384 ι
1809 2342 1862 2384 et
1901 2343 2047 2384 trau-

473 2421 642 2490 quilla
675 2423 786 2485 sit,
819 2431 1074 2490 reputans
1109 2440 1203 2477 eos
1241 2423 1328 2490 qui
1363 2441 1380 2472 ι
1412 2424 1828 2492 peregrinantur
1860 2441 1888 2476 a
1921 2438 2047 2476 cor-

473 2528 628 2580 pore,
655 2525 949 2582 prarsentcs
977 2529 1098 2570 esse
1128 2515 1192 2568 ad
1221 2516 1596 2568 universorum
1630 2513 1912 2569 Dontinum
1940 2513 2063 2590 “J‘

473 2604 582 2662 Sed
613 2605 656 2658 si
692 2605 824 2659 tales
856 2621 962 2660 non
997 2621 1186 2660 smnus
1217 2615 1274 2659 ut
1306 2605 1576 2674 possimus
1609 2619 1824 2672 semper
1851 2604 2046 2659 anima:

474 2690 922 2762 tranquillitatem
958 2695 1415 2756 servare,saltem
1451 2709 1554 2746 nou
1586 2693 1920 2756 emtndatur,
1946 2709 2045 2749 nec

474 2788 753 2843 extraneis
788 2799 1047 2858 appareat
1077 2787 1194 2857 ejus
1227 2786 1521 2842 commotio
1545 2827 1560 2851 ,
1606 2795 1664 2839 ut
1711 2785 2045 2840 delensionis

469 2882 621 2935 locus
646 2881 803 2935 nobis
829 2881 968 2951 apud
1001 2879 1167 2935 Deum
1198 2879 1470 2950 supersit,
1498 2877 1806 2932 dicentibus
1835 2896 1878 2932 τι
1903 2877 2044 2933 Deus

468 2985 624 3025 meus
644 3014 657 3036 ,
691 2973 759 3027 ad
789 2974 1056 3042 meipsum
1107 2972 1286 3026 anima
1318 2983 1436 3023 mea
1467 2972 1678 3022 turbata
1705 2979 1788 3024 est
1811 2971 1910 3022 ".r
1934 2968 2046 3024 Me-

470 3063 694 3118 minisse
746 3073 925 3119 autem
982 3079 1080 3118 nos
1127 3063 1268 3117 ratio
1326 3062 1584 3114 admonet
1625 3069 1679 3114 et
1725 3060 1868 3116 illius
1913 3060 2039 3115 dicti

471 3157 616 3225 quod
648 3158 786 3226 apud
825 3155 1018 3210 lsaiam
1067 3155 1148 3211 sic
1193 3157 1395 3236 habet;
1431 3175 1449 3207 ι
1483 3155 1662 3212 Nolite
1703 3154 1897 3208 timere
1943 3167 2041 3224 0p-

470 3250 746 3316 prohrium
781 3248 1058 3303 hominum
1085 3289 1100 3315 ,
1130 3257 1183 3302 et
1217 3249 1472 3318 despectu
1504 3264 1694 3304 eorum
1724 3264 1795 3303 ne
1830 3248 2042 3318 franga-

471 3341 602 3394 tnini
631 3341 695 3395 ⁹².
729 3359 747 3390 ι
777 3339 912 3394 Cum
949 3341 1095 3404 enim
1132 3340 1273 3394 Deus
1306 3340 1430 3395 caeli
1465 3341 1817 3409 siderumque
1875 3341 2041 3395 moti-

473 3434 576 3487 hus
611 3433 810 3486 acriter
838 3431 907 3486 sit
942 3432 1187 3487 intentus
1211 3474 1225 3496 ,
1261 3433 1436 3502 iisque
1465 3433 1720 3488 omnibus
1749 3448 1868 3502 quae
1899 3443 1952 3488 et
1986 3435 2039 3486 in

471 3531 618 3579 terra
666 3533 721 3578 et
761 3525 814 3578 in
867 3524 1007 3578 mari
1057 3524 1242 3578 divina
1272 3524 1393 3594 ejus
1421 3534 1544 3580 arte
1575 3524 1954 3593 perﬁciuntur,
1992 3535 2050 3580 ut

472 3618 654 3672 omnis
686 3617 910 3687 generis
941 3616 1244 3670 animantia
1277 3617 1584 3685 plantchne
1612 3625 1667 3669 et
1699 3625 2044 3686 generentur,

471 3718 529 3763 et
559 3711 906 3774 consistant,
937 3716 992 3762 et
1022 3707 1270 3770 alantur,
1306 3717 1361 3759 et
1395 3716 1718 3776 augeantur,
1755 3705 2048 3760 absurdum

475 3801 640 3856 fuerit
693 3817 793 3856 nos
844 3800 1178 3863 connivere,
1233 3813 1335 3852 nec
1385 3798 1552 3851 Deum
1604 3798 1905 3865 respicere,
1955 3797 2049 3852 sed

475 3895 666 3949 oculos
701 3901 1027 3949 convertere
1058 3890 1124 3945 ad
1165 3890 1416 3944 homines
1462 3889 1615 3943 brevi
1666 3890 1958 3943 morituros
1997 3899 2051 3945 et

477 3985 768 4044 tradendos
801 3983 1013 4039 meritis
1047 3981 1332 4053 suppliciis
1355 4022 1372 4045 ,
1409 3981 1621 4048 hosque
1653 3981 1870 4036 timere.

545 4079 706 4149 277
739 4077 796 4133 5.
832 4077 1141 4130 Abrahamo
1174 4075 1309 4130 dixit
1334 4074 1464 4128 olim
1498 4075 1678 4132 Deus:
1715 4093 1733 4126 ‹
1776 4074 2049 4143 Egredere

475 4173 541 4225 de
571 4181 714 4227 terra
755 4180 845 4224 tua
867 4171 943 4236 ’3;
976 4189 994 4222 ι
1034 4170 1192 4224 nobis
1243 4169 1383 4224 forte
1415 4168 1482 4222 ah
1516 4184 1581 4224 eo
1610 4167 1760 4222 brevi
1789 4167 2001 4221 dicetur
2031 4184 2046 4222 :

473 4264 632 4318 Exite
661 4263 728 4318 de
765 4263 1019 4318 universa
1053 4271 1196 4316 terra
1223 4280 1236 4327 ;
1260 4261 1346 4316 cui
1377 4261 1600 4315 obedire
1624 4259 1824 4314 bonum
1855 4267 1963 4320 est,
1992 4267 2052 4311 ut

473 4356 635 4412 nobis
663 4357 770 4411 cito
799 4354 973 4411 etrlos
1005 4355 1254 4408 ostendat
1279 4354 1332 4406 in
1360 4353 1558 4422 quibus
1585 4361 1670 4406 est
1701 4350 1756 4404 id
1790 4350 1932 4419 quod
1969 4349 2053 4403 di-

2153 1879 2248 1932 καὶ
2290 1879 2374 1931 ἵνα
2403 1877 2453 1931 τί
2484 1879 2876 1950 συνταράσσεις
2921 1896 3024 1950 με;
3057 1879 3312 1931 Ἔλπισον
3338 1877 3431 1930 ἐπὶ
3463 1878 3555 1930 τὸν
3583 1877 3736 1938 Θεὸν,

2151 1971 2232 2024 ὅτι
2251 1971 2710 2044 ὲξομολογήσομαι
2741 1971 2908 2043 αὐτῷ.
2940 1972 3083 2025 »Καὶ
3124 1973 3284 2026 πάλιν
3329 1971 3561 2042 (65).....
3612 1973 3735 2026 Εἴθε

2155 2065 2252 2136 μὲν
2299 2068 2564 2138 μηδαμῶς
2601 2069 2896 2140 ταραχθείη
2950 2071 2982 2139 ἡ
3032 2069 3207 2140 ψυχὴ,
3253 2068 3387 2122 ἀλλὰ
3447 2071 3542 2122 καὶ
3611 2069 3737 2140 παρ’

2151 2159 2332 2222 αὐτοῖς
2360 2162 2469 2222 τοῖς
2491 2159 2880 2231 δικαστηρίοις,
2931 2161 3023 2214 καὶ
3067 2160 3214 2231 παρά
3248 2163 3476 2232 γυμνοῖς
3514 2163 3628 2225 τοῖς
3658 2161 3736 2227 ξί-

2152 2265 2306 2318 φεσιν
2361 2250 2776 2321 ἐπιφερομένοις
2821 2251 2898 2321 τῷ
2943 2253 3231 2323 τραχήλῳ,
3276 2255 3568 2324 φρουροίτο
3636 2251 3738 2305 ὑπὸ

2157 2357 2174 2388 ι
2204 2339 2300 2408 τῆς
2335 2340 2706 2411 ὑπερεχούσης
2734 2341 2908 2395 πάντα
2945 2342 3068 2395 νοῦν
3103 2363 3121 2395 ι
3174 2344 3397 2414 είρὴνης
3437 2342 3534 2396 τοῦ
3577 2342 3734 2407 Θεοῦ,

2152 2431 2245 2482 καὶ
2296 2430 2643 2501 γαληνιάζοι,
2683 2430 3030 2503 λογιζομένη,
3073 2452 3091 2482 ι
3135 2433 3215 2485 ὅτι
3261 2436 3307 2486 οἱ
3366 2435 3738 2505 ἐκδημοῦντες

2152 2522 2215 2574 ὲκ
2246 2521 2337 2574 τοῦ
2372 2520 2615 2592 σώματος
2661 2523 2980 2594 ἐνδημοῦσιν
3011 2525 3158 2595 αὑτῴ
3195 2525 3272 2595 τῷ
3305 2524 3414 2577 τῶν
3449 2525 3590 2578 ὅλων
3622 2527 3738 2577 Κυ-

2152 2615 2270 2686 ρίῳ.
2309 2635 2326 2668 ι
2361 2617 2420 2668 ΕΞ
2451 2615 2504 2669 δε
2541 2616 2615 2688 μὴ
2646 2616 2952 2687 τηλικοῦτοί
2993 2620 3176 2688 ἐσμεν,
3205 2618 3279 2681 ὡς
3315 2619 3403 2672 ἀεὶ
3433 2619 3495 2670 τὸ
3530 2619 3739 2690 ἀτάρα-

2149 2725 2243 2778 χον
2278 2708 2570 2780 διατηρεῖν,
2609 2708 2709 2762 κᾶν
2739 2709 2813 2781 μὴ
2848 2709 3126 2780 ἐκχέοιτοξ,
3172 2710 3306 2780 μηδὲ
3345 2713 3460 2772 τοῖς
3493 2709 3602 2774 ἔξω
3635 2714 3735 2781 ἐμ-

2149 2799 2389 2867 φαίνοιτο
2431 2801 2462 2869 ἡ
2503 2799 2602 2869 τῆς
2640 2799 2815 2871 ψυχῆς
2846 2802 3080 2874 ταραχὴ,
3126 2802 3213 2854 ἵνα
3250 2800 3548 2868 ἀπολογίας
3589 2801 3738 2872 ῶραν

2148 2890 2358 2962 ἔχωμεν
2409 2891 2543 2963 πρὸς
2579 2890 2732 2953 Θεὸν,
2779 2893 3028 2961 λέγοντες
3093 2891 3268 2963 αὐτῷ·
3325 2910 3345 2943 ι
3415 2892 3552 2955 Θεός
3612 2909 3735 2962 μου,

2149 2983 2286 3058 πρὸς
2315 2987 2550 3056 ἐμαυτὸν
2594 2988 2626 3057 ἠ
2670 2986 2814 3058 ψυχή
2856 3005 2954 3058 μου
3003 2987 3300 3058 ἐταράχθη.
3345 3007 3364 3039 ι
3408 2985 3736 3056 Μεμνῆσθαι

2147 3080 2204 3134 δὲ
2237 3081 2381 3150 ἡμᾶς
2408 3081 2435 3133 ὁ
2468 3079 2624 3148 λόγος
2660 3079 2967 3150 παρακαλεῖ
3001 3080 3092 3134 καὶ
3120 3080 3212 3132 τοῦ
3241 3083 3297 3133 ὲν
3333 3079 3535 3150 Ἡσαΐᾳ
3549 3076 3737 3130 τοῦτον

2149 3170 2438 3244 εἰρημένου
2485 3171 2576 3224 τὸν
2619 3169 2815 3242 τρόπον
2843 3186 2856 3200 σ
2916 3190 2935 3222 ι
2989 3171 3082 3242 Μὴ
3128 3170 3380 3240 φοὸεῖσθε
3429 3168 3736 3240 ὀνειδισμὸν

2149 3263 2469 3334 ἀνθρώπων,
2509 3264 2600 3316 καὶ
2633 3263 2710 3334 τῷ
2745 3263 3032 3334 φαυλισμῷ
3077 3263 3255 3318 αὐτῶν
3297 3263 3370 3335 μὴ
3414 3261 3677 3334 ἡττᾶσθε.
3711 3282 3730 3315 ι

2148 3357 2259 3410 Καὶ
2287 3356 2393 3426 γὰρ
2441 3357 2658 3419 ἄτοπον,
2701 3355 2944 3428 ἐναργῶς
2987 3356 3290 3425 ἐφεστῶτος
3331 3354 3468 3408 Θεοῦ
3520 3357 3589 3426 τῇ
3639 3353 3734 3407 τοῦ

2149 3446 2372 3514 οὐρανοῦ
2423 3447 2516 3500 καὶ
2558 3447 2666 3500 τῶν
2704 3448 2760 3500 ὲν
2801 3445 2952 3517 αὐτῴ
2990 3449 3220 3518 κινήσει,
3267 3446 3359 3499 καὶ
3405 3448 3522 3508 τοῖς
3569 3447 3629 3498 ἐν
3663 3447 3733 3515 γῇ

2151 3537 2246 3590 καὶ
2283 3536 2523 3608 θαλάσση
2561 3537 2666 3590 ὑπὸ
2697 3539 2794 3608 τῆς
2842 3538 2991 3600 θείας
3025 3538 3216 3608 τέχνης
3257 3537 3422 3590 αὐτοῦ
3464 3535 3737 3589 ἐπιτελου-

2154 3627 2335 3698 μένοις
2367 3630 2424 3680 ὲν
2457 3629 2811 3682 παντοδαπῶν
2840 3627 2992 3693 ζώων
3019 3631 3111 3682 καὶ
3147 3629 3325 3700 φυτῶν
3357 3629 3612 3698 γενέσεσι
3644 3629 3735 3682 καὶ

2155 3719 2471 3780 συστάσεσι,
2527 3719 2619 3772 καὶ
2673 3722 2898 3793 τροφαῖς
2954 3720 3048 3774 καὶ
3097 3720 3387 3790 αὑξήσεσι,
3443 3719 3734 3789 καμμόσαι

2156 3810 2252 3881 μὲν
2295 3810 2389 3862 καὶ
2423 3810 2496 3880 μὴ
2543 3811 2732 3880 ἐνορᾷν
2772 3809 2910 3881 Θεῷ,
2939 3810 3132 3882 τρέψαι
3163 3810 3218 3862 δὲ
3247 3809 3374 3872 τοὺς
3414 3805 3735 3879 ὸφθαλμοῇ

2153 3903 2244 3956 ἐπὶ
2277 3903 2436 3972 φόϐον
2475 3902 2581 3956 τῶν
2612 3905 2728 3973 μετ’
2755 3902 2931 3972 ὀλίγον
2966 3902 3374 3974 τεθνηξομένων
3434 3901 3534 3955 καὶ⁸
3566 3917 3734 3972 παρα·

2151 3993 2524 4064 δοθησομένων
2548 3995 2614 4064 τῇ
2648 3993 2768 4045 κατ’
2798 3992 2951 4058 ἀξίαν
2981 3992 3159 4046 αὐτῶν
3196 3991 3339 4063 δίκη.

2223 4082 2314 4152 Τῷ
2379 4084 2475 4154 μὲν
2515 4079 2606 4135 οὖν
2681 4082 2931 4154 Ἀϐραάμ
2981 4100 3110 4136 ποτε
3165 4083 3271 4134 ὑπὸ
3321 4081 3460 4134 Θεοῦ
3527 4083 3731 4153 εἴρητο,

2163 4193 2180 4227 ι
2230 4175 2452 4240 Ἔξελθε
2487 4176 2549 4228 ἐκ
2570 4175 2667 4246 τῆς
2700 4173 2802 4244 γῆς
2837 4191 2946 4226 σου·
2996 4195 3013 4226 ι
3044 4176 3176 4245 ἡμῖν
3208 4173 3265 4228 δὲ
3296 4173 3439 4244 τάχα
3477 4173 3596 4244 μετ’
3628 4172 3733 4224 ὀλί-

2155 4283 2248 4334 γον
2275 4266 2614 4337 λεχθήσεται,
2654 4265 2926 4332 Ἐξέλθετε
2953 4265 3060 4318 ἀπὸ
3092 4265 3189 4335 τῆς
3220 4264 3348 4335 ὅλης
3381 4264 3507 4335 γῆς·
3539 4256 3585 4330 ᾧ
3615 4263 3730 4316 πεί-

2157 4357 2340 4410 θεσθαι
2376 4358 2558 4423 καλὸν,
2591 4359 2678 4412 ἵνα
2706 4361 2836 4430 ἡμῖν
2869 4358 3078 4429 ταχέως
3117 4356 3264 4428 δείξῃ
3291 4359 3418 4420 τοὺς
3447 4358 3729 4429 οὐρανοὺς.

473 4449 616 4503 citur
648 4465 874 4520 regnum
919 4450 1203 4506 caelorum.
1241 4447 1533 4502 Multarum
1580 4449 1843 4502 virtutum
1879 4460 2045 4500 causa

2157 4449 2212 4500 ὲν
2231 4443 2310 4511 οἷς
2334 4449 2482 4501 ἐστιν
2507 4449 2540 4520 ἡ
2567 4447 2872 4519 καλουμένη
2889 4447 2996 4500 τῶν
3027 4447 3268 4519 οὐρανῶν
3300 4445 3572 4516 βασιλεία.
3603 4445 3732 4517 Περὶ

469 4539 637 4595 vitam
678 4542 1071 4597 certaminibus
1117 4541 1332 4609 plenam
1365 4552 1512 4603 esse,
1544 4553 1681 4608 Opus
1713 4544 1800 4592 est
1833 4550 1928 4591 eos
1952 4536 2043 4604 qui

469 4644 685 4690 certant
735 4637 942 4690 videre.
996 4635 1288 4690 Enimvero
1338 4647 1435 4700 pro
1483 4632 1847 4702 temperantia
1895 4631 2046 4685 vide-

469 4726 674 4784 buntur
700 4727 853 4782 multi
877 4727 1040 4781 etiam
1067 4743 1096 4781 a
1125 4728 1214 4782 Dei
1241 4727 1489 4798 partibus
1517 4725 1681 4780 alieni
1711 4725 2044 4789 decertasse,

473 4817 836 4888 nonnullique
881 4830 1110 4873 mortem
1148 4820 1364 4875 fortiter
1396 4820 1554 4874 obire
1587 4815 1848 4869 maluisse
1882 4829 2045 4881 quam

473 4924 817 4965 communem
871 4911 1150 4965 dominum
1215 4911 1496 4975 deserere;
1561 4909 1688 4963 item
1749 4905 2050 4977 prudentia:

473 5015 698 5070 Operam
729 5001 944 5056 dedisse
971 5003 1061 5070 qui
1097 5002 1260 5056 rebus
1314 5002 1529 5056 ratione
1577 4999 1885 5053 tractandis
1919 5013 2050 5051 exa-

474 5093 860 5164 minandisque
886 5095 1254 5158 pnestiterunt
1278 5113 1292 5161 ;
1318 5093 1623 5162 acjustitia:
1650 5107 1710 5146 se
1739 5091 2048 5155 tradidisse,

477 5187 570 5256 qui
614 5185 760 5252 jus-te
800 5186 983 5240 vivere
1031 5187 1132 5240 sibi
1171 5195 1612 5256 proposuerunt;
1669 5185 1740 5239 ita
1788 5185 2050 5239 adversus

480 5277 719 5346 singulas
749 5278 980 5333 virtutes
1010 5280 1210 5334 militat
1238 5290 1333 5336 aut
1364 5281 1545 5334 carnis
1593 5277 1880 5349 prudentia
1907 5316 1922 5340 ,
1951 5285 2048 5329 aut

473 5373 731 5440 pleraque
761 5379 1068 5435 extranea;
1119 5381 1174 5426 at
1225 5388 1324 5441 pro
1366 5373 1567 5441 pietate
1611 5370 1785 5424 solum
1843 5377 2046 5438 pugnat

541 5481 586 5511 ⁸⁸
627 5479 772 5535 Psal.
808 5499 915 5546 xu,
943 5483 998 5536 4.
1073 5484 1117 5515 ’⁸
1138 5485 1326 5540 Matth.
1361 5501 1412 5544 ν,
1447 5485 1501 5536 il
1531 5526 1545 5545 .
1584 5485 1666 5537 l2.

475 5549 518 5581 "
549 5551 687 5606 Psal.
721 5553 870 5616 vr,2.
947 5555 991 5586 ⁹²
1019 5553 1209 5615 ls:n.Lt,
1244 5557 1294 5608 7.
1370 5555 1415 5586 ⁹³
1439 5554 1573 5608 Gen.
1609 5570 1706 5619 xtl,
1730 5555 1776 5604 ί.

547 5668 659 5810 ξιξς

571 5671 659 5793 ϐεξ
712 5671 898 5738 Ἡμῖν.
930 5671 1090 5725 Forte
1128 5674 1426 5740 legendum,
1457 5673 1602 5743 ὑμῖν.

569 5737 635 5793 65
698 5743 800 5793 Καὶ
853 5742 1056 5793 πάλιν.
1119 5743 1374 5793 Susnicor
1438 5761 1600 5793 conse

547 5753 566 5813 ί

698 5743 800 5795 Καὶ
853 5742 1056 5798 πάλιν.
1119 5743 1374 5822 Suspicor
1438 5741 1789 5798 consecutum
1879 5741 2050 5797 fuisse

1746 5483 1787 5513 ⁸⁷
1822 5483 1940 5536 Act.
1971 5499 2021 5546 v,
2051 5483 2138 5544 Η.

2154 4541 2251 4611 μὲν
2295 4535 2386 4593 οῦν
2420 4539 2627 4593 πολλῶν
2661 4541 2872 4612 ἀρετῶν
2915 4540 3060 4592 ἔστιν
3101 4539 3225 4593 ίδεῖν
3251 4539 3342 4592 τὸν
3376 4539 3492 4610 βίον
3512 4539 3732 4609 ἀγώνων

2150 4633 2579 4704 πεπληρωμένον
2600 4635 2724 4698 τοὺς
2752 4631 3200 4702 ἀγωνιζομένους.
3229 4631 3452 4698 Δόξουσι
3470 4632 3581 4704 γὰρ
3609 4632 3731 4702 περὶ

2154 4725 2250 4795 μὲν
2290 4725 2645 4795 σωφροσύνης
2694 4725 2786 4779 καὶ
2825 4727 3000 4797 ἕτεροι
3033 4725 3140 4777 τῶν
3181 4723 3289 4778 ἀπὸ
3323 4724 3424 4794 τῆς
3458 4725 3554 4778 τοῦ
3601 4724 3729 4778 Θεοῦ

2155 4818 2371 4889 μερίδος
2415 4819 2714 4888 ἠγωνίσθαι
2755 4819 2958 4872 πολλοί·
3012 4818 3104 4872 καὶ
3146 4819 3282 4889 μετά
3318 4820 3574 4893 ἀνδρείας
3609 4824 3730 4875 ὲνα-

2152 4909 2540 4980 ποτεθνηκέναι
2565 4911 2706 4974 τινὲς
2733 4952 2746 4974 ,
2774 4911 3068 4982 τηροῦντες
3096 4911 3193 4981 τὴν
3233 4911 3377 4982 ὑπὲρ
3417 4913 3514 4966 τοῦ
3555 4913 3729 4966 κοινοῦ

2152 5002 2412 5054 δεσπότου
2463 5002 2740 5074 πρόθεσιν·
2802 5002 3112 5072 φρονήσεώς
3156 5019 3216 5055 τε
3251 5004 3639 5074 ἐπιμελεῖσθαι
3685 5005 3733 5058 οἱ

2151 5094 2278 5165 περὶ
2298 5095 2422 5158 τοὺς
2443 5092 2862 5165 ἐξεταζομένους
2887 5095 3074 5162 λόγους
3096 5095 3276 5147 δεινοί·
3305 5097 3399 5149 καὶ
3417 5094 3732 5166 δικαιοσύνῃ

2150 5185 2378 5248 ἑαυτοὺς
2395 5185 2777 5239 ἐπιδεδωκέναι
2800 5189 2848 5239 οἱ
2870 5186 3091 5248 δικαίως
3110 5185 3209 5256 ζῇν
3231 5187 3554 5259 προτεθυμη
3563 5189 3728 5258 μένοι.

2149 5275 2260 5329 Καὶ
2296 5277 2648 5347 στρατεύεται
2675 5294 2736 5344 γε
2773 5277 2894 5330 καθ’
2921 5276 3156 5349 ἑκάστης
3180 5279 3382 5349 ἀρετῆς
3403 5280 3524 5350 ἦτοι
3555 5280 3614 5332 τὸ
3637 5280 3734 5348 τῆς

2153 5367 2355 5438 σαρκὸς
2382 5369 2636 5439 φρόνημα
2668 5369 2762 5421 καὶ
2805 5367 2873 5421 τὰ
2905 5367 3072 5421 πολλά
3108 5369 3220 5422 τῶν
3267 5371 3446 5434 ἐκτόςο
3502 5372 3632 5443 περὶ
3677 5371 3734 5425 δὲ

2215 5481 2261 5511 ⁸⁵
2292 5481 2434 5536 Psal.
2485 5499 2598 5547 xu,
2632 5483 2685 5537 6.
2771 5483 2814 5516 ⁸⁸
2831 5483 3027 5556 Philip.
3051 5501 3101 5554 ι’,
3126 5484 3182 5540 7.
3257 5486 3304 5518 ’°
3333 5485 3376 5539 ll
3415 5485 3545 5540 Cor.
3599 5502 3649 5549 ι’,
3677 5488 3731 5541 8.

2150 5670 2381 5745 aliquem
2414 5669 2912 5745 Scriliturte_locttni
2935 5671 3098 5745 priori
3128 5672 3360 5731 similem
3389 5689 3552 5745 quem
3585 5690 3734 5730 ama.

2160 5741 2381 5796 nuensis
2413 5742 2466 5796 in
2497 5758 2594 5796 ms.
2635 5741 2820 5796 codice
2854 5742 3123 5807 omiserit.
