3962 6414
580 365 687 420 575

2064 349 2387 414 ORICEMS
3726 350 3817 405 576

585 505 602 539 ι
655 497 910 556 tanquam
943 485 1164 540 vcrbum
1207 483 1417 539 Domini
1441 483 1585 551 quod
1631 497 1734 538 non
1765 481 2020 553 praecepit
2049 482 2148 536 Do-

2261 498 2279 532 t
2321 479 2396 542 ὡς
2427 477 2632 550 Κυρίου
2669 477 2837 550 ῥῆμα,
2869 477 2898 530 ὃ
2928 477 2990 530 οὐ
3037 473 3332 547 προσέταξε
3365 475 3591 548 Κύριος,
3641 489 3660 524 ι
3697 471 3822 543 ἢὼς

579 577 758 632 minus
783 576 828 641 ⁸,
873 594 892 628 ›
930 585 1022 629 aut
1063 585 1319 644 tanquam
1369 588 1671 628 sermonem
1701 575 1999 644 sapientiae,
2031 591 2146 630 ser-

577 683 790 723 mortem
825 682 853 720 a
883 667 1148 736 sapientia
1189 666 1446 732 alienum,
1489 676 1543 720 nt
1577 682 1676 720 nos
1710 665 2002 722 interﬁciat
2027 681 2147 720 ser-

577 773 734 813 mone
767 757 878 811 oris
907 758 1010 811 sui.
1056 755 1159 810 Sed
1209 772 1325 818 nos,
1375 771 1504 811 cum
1551 759 1858 814 constiterit
1901 768 2150 827 peccator

575 850 861 902 adversum
923 863 1040 912 nos,
1097 849 1378 903 dicamus:
1439 869 1460 902 ι
1501 851 1612 920 Ego
1659 859 1839 905 autem
1891 859 2147 920 tanquam

577 941 772 994 surdus
803 953 907 993 non
949 939 1258 1003 audiebam,
1283 949 1339 994 et
1369 941 1507 996 sicut
1548 951 1731 996 mutus
1763 957 1866 996 non
1898 945 2148 1011 aperiens

575 1046 639 1084 os
669 1045 844 1096 suum,
873 1039 927 1084 et
949 1030 1124 1085 factus
1155 1047 1274 1086 sum
1300 1033 1440 1087 sicut
1473 1034 1635 1088 homo
1669 1049 1772 1090 non
1802 1035 2026 1089 audiens
2055 1035 2097 1086 ’.
2125 1052 2143 1086 ι

579 1121 864 1176 Pulchrum
893 1134 974 1178 est
1003 1125 1145 1178 enim
1179 1123 1246 1177 ad
1273 1124 1465 1193 impios
1497 1141 1772 1181 sermones
1800 1125 2152 1181 obsurdesce-

578 1229 658 1277 re,
691 1215 856 1284 280
877 1231 996 1270 cum
1034 1230 1127 1272 eos
1156 1218 1248 1286 qui
1284 1233 1536 1286 perverse
1559 1220 1850 1288 loquuntur
1875 1218 2152 1288 corrigere

578 1302 948 1370 desperamus.

649 1395 703 1448 9.
737 1395 984 1450 Proderit
1013 1397 1177 1452 etiam
1214 1399 1368 1454 nobis
1405 1409 1530 1454 tunc
1555 1401 1810 1468 temporis
1839 1416 1958 1456 cum
1986 1403 2050 1456 ad
2087 1417 2149 1459 ea

577 1501 698 1554 quae
747 1485 858 1541 Deo
907 1491 1182 1543 contraria
1243 1501 1370 1545 sunt
1421 1491 1853 1562 provocabimur,
1911 1494 2151 1564 cogitare

579 1577 709 1644 quid
752 1594 849 1632 nos
883 1579 1079 1634 docere
1119 1580 1248 1634 velit
1281 1582 1442 1646 Deus,
1483 1597 1604 1636 cum
1647 1585 1724 1637 ait
1760 1601 1774 1637 :
1821 1605 1838 1636 ι
1885 1585 1996 1655 Ego
2031 1603 2147 1642 sum

579 1670 842 1726 Dominus
875 1673 1013 1726 Deus
1049 1683 1172 1728 tuus
1203 1674 1408 1732 zelotes
1437 1677 1501 1730 '°.
1537 1696 1554 1728 ο
1600 1677 1857 1746 Equidem
1891 1680 2147 1747 arbitror,

579 1764 1030 1829 quemadmodum
1073 1781 1302 1838 sponsus
1323 1768 1414 1838 qui
1446 1785 1698 1837 sponsam
1734 1772 1863 1825 velit
1903 1774 1967 1827 ad
1999 1784 2150 1829 caste

577 1851 866 1906 vivendum
913 1855 1184 1911 adducere
1226 1867 1285 1911 ut
1330 1873 1388 1913 se
1440 1868 1602 1914 totam
1653 1876 1851 1929 sponso
1897 1863 2152 1934 atljungat

577 1941 834 2010 omnique
882 1946 1058 2000 studio
1099 1956 1287 2002 caveat
1324 1950 1390 2002 ad
1427 1950 1593 2004 ullum
1623 1967 1682 2005 se
1705 1953 1941 2008 alienum
1977 1955 2150 2015 etian-

579 2033 826 2100 dere:is,
853 2033 976 2090 licet
1001 2038 1214 2105 sapiens
1243 2040 1333 2104 sit,
1359 2041 1531 2094 zelum
1557 2051 1734 2098 tamen
1765 2059 1874 2113 pra:
1906 2061 1963 2098 se
1992 2045 2147 2110 feret,

581 2135 638 2178 ut
671 2141 734 2179 ea
780 2126 903 2180 ﬁcta
934 2129 1110 2196 specie
1139 2131 1300 2186 veluti
1335 2134 1732 2188 medicamento
1782 2139 2018 2206 quodam
2067 2138 2152 2191 in-

579 2218 793 2270 tirmum
815 2233 1026 2288 sponsa:
1048 2222 1284 2276 animum
1309 2224 1590 2280 conﬁrmet
1613 2245 1626 2280 :
1654 2227 1734 2282 sic
1758 2229 1857 2298 legi
1873 2229 2148 2294 slatorem,

581 2309 815 2364 maxime
842 2311 885 2365 si
915 2329 934 2362 ι
982 2313 1368 2382 primogenitus
1405 2335 1424 2368 ι
1461 2327 1719 2386 appareat
1747 2338 1766 2370 ι
1802 2321 1980 2375 omnis
2005 2337 2152 2376 crea-

580 2406 717 2453 turae
747 2399 812 2464 “,
854 2419 872 2454 t
904 2404 970 2457 ad
999 2405 1232 2460 animam
1263 2422 1516 2476 sponsam
1547 2425 1698 2465 suam
1721 2411 1885 2466 Deum
1919 2427 1976 2468 se
2007 2420 2150 2468 zelo-

585 2497 688 2542 tein
718 2506 840 2547 esse
879 2494 1081 2562 dicere,
1116 2508 1175 2552 ut
1216 2501 1308 2568 qui
1350 2501 1402 2555 id
1446 2503 1724 2558 audierint.
1760 2519 1854 2559 eos
1901 2507 1970 2562 ab
1995 2509 2146 2564 omni

579 2595 701 2633 cum
737 2583 1016 2641 dtemoniis
1066 2603 1298 2659 cumque
1347 2592 1414 2646 iis
1464 2593 1558 2662 qui
1605 2594 1861 2649 dicuntur
1903 2611 2022 2653 esse
2051 2600 2144 2662 dii,

577 2667 933 2730 fornicatione
988 2678 1280 2735 deterreat.
1317 2683 1496 2751 Atque
1530 2693 1590 2738 ut
1643 2685 1783 2741 Deus
1837 2689 1909 2743 ita
1943 2689 2148 2746 zelotes

577 2759 656 2814 ait
681 2761 748 2818 de
777 2765 842 2819 iis
863 2767 954 2835 qui
987 2770 1414 2848 quolibet-modo
1446 2787 1565 2846 post
1602 2779 1730 2833 deos
1763 2780 1969 2836 alienos
2002 2783 2149 2836 abie-

577 2851 688 2906 rint
721 2867 736 2907 :
778 2873 798 2907 ‹
836 2856 940 2926 ipsi
976 2875 1060 2915 me
1093 2863 1158 2916 ad
1184 2865 1358 2919 zelum
1394 2881 1826 2936 provocaverunt
1857 2873 1911 2927 in
1944 2889 2010 2929 eo
2055 2877 2148 2945 qui

580 2958 686 2998 non
719 2957 837 3003 erat
878 2951 1044 3018 deus;
1079 2965 1132 3008 et
1167 2973 1266 3027 ego
1293 2963 1599 3027 provocabo
1631 2977 1724 3017 eos
1752 2964 1804 3017 in
1835 2981 1898 3019 eo
1923 2967 2011 3036 qui
2042 2981 2146 3022 non

575 3045 662 3090 est
701 3042 954 3108 populus,
991 3055 1044 3097 et
1083 3047 1137 3101 in
1169 3057 1327 3116 gente
1359 3050 1522 3104 stulta
1566 3052 1792 3108 irritabo
1816 3056 1958 3125 illos,
2014 3075 2145 3129 quo-

579 3127 724 3181 niam
773 3131 912 3199 ignis
945 3147 1238 3191 succensus
1271 3151 1352 3193 est
1408 3156 1474 3194 ex
1527 3143 1708 3198 furore
1763 3161 1904 3212 meo,
1937 3127 2150 3204 ardebit
2180 3153 2226 3215 C

577 3233 751 3289 usque
782 3224 846 3276 ad
879 3225 1148 3280 infernum
1183 3233 1424 3286 inlimum
1453 3235 1513 3285 ".
1557 3254 1574 3286 ›

652 3310 740 3365 10.
774 3311 926 3378 Quod
953 3317 997 3368 si
1025 3331 1127 3370 non
1155 3335 1250 3372 sua
1295 3321 1464 3389 ipsius
1503 3339 1663 3378 causa
1705 3341 1933 3394 sponsus
1967 3339 2149 3402 utpote

579 3402 797 3470 sapiens
845 3415 901 3459 et
943 3409 1072 3462 nulli
1127 3415 1514 3478 perturbationi
1565 3421 1852 3488 obnoxius,
1900 3425 1967 3476 ab
2001 3425 2148 3478 omni

581 3491 705 3547 labe
753 3495 856 3550 sibi
897 3496 1272 3568 desponsatam
1323 3509 1616 3574 averterit;
1674 3521 1726 3566 at
1776 3523 1926 3568 certe
1978 3515 2149 3584 ipsius

581 3585 754 3653 gratia
791 3591 946 3656 cujus
976 3592 1164 3646 sordes
1191 3595 1752 3671 abominationcmque
1782 3605 1984 3670 videat,
2013 3605 2150 3660 nihil

581 3692 688 3732 non
719 3677 880 3732 faciet
910 3687 1052 3750 quod
1086 3687 1252 3755 ipsam
1281 3705 1475 3746 sanare
1507 3696 1677 3762 possit
1709 3705 1762 3752 et
1804 3707 2148 3766 convertere,

582 3769 969 3841 adhibebitque
1021 3787 1078 3830 ut
1117 3779 1296 3836 libera)
1327 3798 1389 3838 ac
1425 3785 1506 3838 sui
1550 3787 1762 3844 arbitrii
1795 3801 2001 3846 naturae
2057 3809 2147 3848 ra-

585 3859 758 3915 tiones
793 3880 911 3932 qua:
934 3881 962 3918 a
994 3878 1177 3938 stupro
1209 3872 1538 3930 deterreant.
1567 3875 1740 3944 Quam
1785 3880 1949 3950 igitur
1972 3882 2148 3938 labem

581 3957 856 4020 putaveris
883 3959 1200 4017 deteriorem
1237 3966 1378 4020 inuri
1415 3983 1577 4036 posse
1620 3972 1813 4026 anima:
1842 3988 1958 4040 quae
1985 3975 2147 4030 alium

582 4047 1062 4122 quomodocunqne
1091 4057 1484 4112 renuntiaverit
1517 4061 1706 4124 Deum,
1737 4077 1837 4116 nec
1875 4081 1995 4118 eum
2017 4080 2153 4120 con-

581 4135 720 4190 fessa
753 4135 915 4193 fuerit
947 4143 1036 4208 qui
1088 4159 1212 4199 vere
1246 4162 1384 4199 unus
1435 4160 1490 4202 et
1529 4151 1676 4205 solus
1719 4161 1802 4206 est
1845 4151 2152 4210 Dominus?

577 4225 838 4296 Equidem
871 4242 926 4285 ut
949 4234 1037 4300 qui
1075 4251 1094 4284 ι
1135 4237 1373 4293 adlueret
1393 4243 1686 4300 meretrici.
1716 4259 1878 4298 unum
1907 4261 2104 4315 corpus
2129 4265 2146 4298 ι

579 4319 810 4380 efﬁcitur
833 4325 894 4392 ¹³,
919 4329 996 4408 sic
1024 4329 1263 4385 arbitror
1295 4347 1418 4386 eum
1447 4335 1537 4403 qui
1569 4335 1802 4406 aliquem
1835 4340 2146 4406 conﬁtetur,

577 4430 644 4470 eo
673 4419 905 4476 maxime
941 4431 1181 4491 tempore
1221 4441 1328 4494 quo
1373 4427 1441 4481 de
1495 4428 1598 4484 ﬁde
1649 4431 1942 4498 inquiritur
1989 4433 2146 4486 aditi-

577 4507 878 4581 benturque
909 4525 1200 4583 tormenta,
1232 4523 1574 4576 commisceri
1617 4533 1672 4578 et
1703 4526 1841 4578 uniri
1886 4528 1934 4580 ei
1986 4541 2146 4595 quem

577 4602 917 4671 conﬁtetur;
955 4609 1044 4677 qui
1101 4627 1234 4664 vero
1295 4623 1479 4684 negat,
1534 4616 1648 4684 ipsa
1713 4619 2006 4688 negatione
2051 4636 2150 4674 sua

575 4694 730 4761 quasi
764 4707 923 4752 acuto
947 4699 1179 4766 quodam
1209 4701 1406 4771 gladio,
1443 4704 1511 4759 ab
1539 4705 1631 4760 illo
1661 4721 1820 4774 quem
1849 4719 2008 4776 negat
2059 4711 2148 4763 di-

575 4787 682 4839 vidi
718 4802 780 4842 ac
815 4794 1074 4860 separari.
1111 4795 1457 4866 Quapropter
1498 4797 1618 4852 vide
1647 4814 1798 4863 num,
1835 4804 1976 4867 quod
2018 4817 2150 4857 con-

575 4892 866 4949 sequenter
895 4888 1108 4941 accidat
1133 4905 1194 4943 ac
1243 4890 1554 4945 necessario
1585 4901 1641 4943 ut.
1671 4907 1792 4944 eum
1823 4895 2152 4950 conﬁteatur

575 4969 822 5030 Christus
851 4979 939 5047 qui
975 4995 1033 5034 se
1071 4985 1354 5038 confessus
1385 4984 1481 5050 sit,
1527 4999 1651 5038 eum
1691 4999 1822 5038 vero
1854 4986 1946 5054 qui
1985 5001 2147 5056 nega-

574 5069 732 5133 verit,
768 5082 944 5140 neget,
977 5071 1179 5126 dictum
1215 5075 1287 5128 sit
1321 5074 1448 5128 illud
1485 5091 1496 5122 :
1541 5093 1560 5125 ι
1601 5077 1702 5142 Qui
1741 5092 1826 5130 me
1858 5080 2146 5135 confessus

575 5157 736 5214 fuerit
765 5177 946 5216 coram
975 5166 1304 5232 hominibus,
1338 5169 1641 5222 conﬁtebor
1671 5178 1725 5223 et
1765 5186 1864 5240 ego
1895 5185 2020 5225 eum
2057 5187 2148 5226 co-

575 5265 694 5306 ram
718 5253 880 5307 Patre
911 5248 1030 5310 meo
1061 5258 1150 5324 qui
1182 5257 1234 5309 in
1283 5257 1436 5312 cretis
1485 5269 1565 5311 est
1609 5259 1672 5314 η’.
1711 5279 1730 5313 ι
1765 5261 1954 5316 Dicere
1986 5263 2146 5322 etiam

575 5347 745 5413 possit
777 5348 951 5416 ipsum
985 5349 1218 5402 Verbum
1251 5358 1304 5401 et
1341 5352 1452 5417 ipsa
1484 5351 1690 5408 Veritas
1726 5364 1835 5408 tum
1869 5355 2144 5412 conﬁtenti

576 5451 700 5493 cum
723 5441 974 5507 neganti:
1003 5459 1022 5492 ι
1063 5441 1118 5492 in
1147 5457 1252 5509 qna
1285 5455 1532 5496 mensura
1581 5447 1755 5500 mensi
1793 5447 2023 5514 fueritis,
2057 5465 2145 5505 re-

2251 571 2444 640 σοφίας
2491 570 2668 640 λόγον,
2721 571 2811 623 τὸν
2860 569 3136 641 ἀλλότριον
3187 569 3286 639 τῆς
3331 568 3543 638 σοφίας,
3591 567 3655 618 ἵν’
3687 567 3820 637 ἡμᾶς

2253 665 2548 736 ἀποκτείνῃ
2573 663 2649 735 τῷ
2683 663 2826 734 λόγῳ
2846 663 2939 716 τοῦ
2975 663 3238 733 στόματος
3269 660 3454 716 αὑτοῦ.
3501 660 3640 713 Ἀλλ’
3671 661 3822 730 ἡμεῖς

2249 757 2308 810 δὲ
2359 756 2480 809 τότε
2539 759 2596 808 ὲν
2654 753 2731 826 τῷ
2791 753 3056 824 συστῆναι
3097 754 3187 806 τὸν
3221 750 3541 825 ἁμαρτωλὸν
3593 749 3822 803 ἐναντίον

2253 849 2411 920 ἡμῶν
2463 848 2723 918 εἴπωμεν·
2771 867 2788 900 ι
2836 845 2976 915 Ἐγὼ
3017 847 3074 900 δὲ
3111 846 3242 899 ὡσεὶ
3267 844 3448 914 κωφὸς
3473 843 3574 896 οὐκ
3611 843 3818 913 ἤκουον,

2253 941 2346 994 καὶ
2376 939 2508 992 ὡσεὶ
2551 937 2744 1001 ἀλαλος
2781 939 2881 992 οὐκ
2930 936 3158 1006 ἀνοίγων
3199 937 3260 988 τὸ
3305 935 3477 1004 στόμα
3511 933 3696 987 αὑτοῦ·
3735 933 3823 986 καὶ

2249 1032 2514 1102 ἐγενόμην
2534 1031 2664 1084 ὡσεὶ
2686 1029 2968 1101 ἄνθρωπος
2987 1028 3084 1082 οὐκ
3117 1027 3348 1082 ἀκούων.
3389 1045 3406 1078 ι
3447 1025 3603 1097 Καλὴ
3647 1024 3752 1096 γάρ
3787 1027 3821 1096 ἡ

2251 1124 2388 1195 πρὸς
2430 1124 2556 1186 τοὺς
2594 1121 2808 1186 ἀσεϐεῖς
2847 1121 3038 1190 λόγους
3077 1119 3350 1188 κώφωσις,
3385 1117 3521 1172 ἐπὰν
3564 1117 3828 1186 ἀπογινιῖμ

2253 1232 2474 1286 σκωμεν
2523 1215 2621 1286 τὴν
2677 1213 2786 1267 τῶν
2850 1212 2921 1268 τά
2985 1213 3202 1286 χείρονα
3273 1211 3536 1280 λεγόντων
3593 1211 3826 1280 ἐπανόρ-

2251 1307 2436 1361 θωσιν.

2323 1401 2604 1472 Χρήσιμον
2635 1398 2690 1450 δὲ
2713 1400 2860 1468 ἡμᾶς
2879 1399 3167 1451 ὲννοεῖνρὲν
3197 1399 3310 1460 τοῖς
3349 1397 3564 1467 καιροῖς
3593 1395 3702 1448 τῶν
3738 1395 3828 1448 ἐπὶ

2249 1488 2319 1542 τά
2355 1489 2569 1542 ἐναντία
2611 1489 3085 1560 προκαλουμένων,
3121 1489 3174 1540 τί
3211 1487 3415 1552 διδάξαι
3453 1487 3772 1558 βουλόμενος
3799 1487 3828 1538 6

2251 1579 2382 1643 Θεός
2415 1598 2546 1651 φησι
2580 1581 2656 1634 τό·
2695 1600 2713 1632 ι
2769 1580 2909 1648 Ἐγώ
2931 1583 3044 1650 εἰμι
3079 1579 3278 1651 Κύριος
3304 1581 3332 1631 6
3361 1577 3493 1641 Θεός
3524 1593 3619 1628 σου
3655 1576 3830 1647 ζηλω-

2253 1671 2370 1741 τής.
2411 1689 2428 1722 ι
2465 1671 2574 1724 Καὶ
2603 1667 2758 1741 οἶμαί
2790 1687 2876 1739 γε,
2899 1671 2980 1724 ὅτι
3011 1669 3068 1723 ὃν
3101 1670 3296 1743 τρόπον
3315 1669 3546 1738 νυμφίος
3575 1667 3830 1736 ἐπιστρέ-

2253 1777 2368 1830 φων
2389 1761 2486 1831 τὴν
2512 1760 2726 1832 νύμφην
2757 1762 2890 1832 πρὸς
2925 1761 2986 1813 τὸ
3031 1759 3240 1830 σεμνῶς
3273 1759 3440 1829 βιοῦν,
3495 1759 3832 1826 συνάγουσαν

2257 1853 2354 1922 μὲν
2385 1854 2562 1906 πᾶσαν
2589 1851 2786 1922 ἑαυτὴν
2813 1852 2949 1924 πρὸς
2979 1851 3067 1904 τὸν
3093 1852 3340 1922 νυμφίον,
3375 1849 3539 1902 παντὶ
3562 1849 3620 1902 δὲ
3647 1849 3832 1918 τρόπῳ

2255 1944 2664 2014 φυλαττομένην
2689 1943 2798 2014 (75)
2829 1943 3104 2014 ἐκκεῖσθαι
3143 1943 3280 2014 πρὸς
3309 1943 3494 2013 ἕτερόν
3526 1958 3648 1995 τινα
3683 1939 3833 2010 παρὰ

2251 2036 2342 2090 τὸν
2387 2038 2635 2107 νυμφίον’
2685 2037 2786 2089 κᾶν
2829 2038 2988 2106 σοφὸς
3025 2033 3079 2108 ᾖ,
3128 2038 3380 2108 ὲμφαίνοι
3423 2036 3489 2089 ἂν
3523 2036 3706 2107 ζῆλον,
3757 2036 3834 2099 ὡς

2253 2129 2527 2201 φαρμάκῳ
2555 2132 2619 2201 τῇ
2649 2129 2870 2202 τοιαύτῃ
2901 2129 3134 2199 ἐμφάσει
3171 2129 3307 2199 πρὸς
3325 2128 3423 2198 τὴν
3445 2126 3664 2198 νύμφην

2255 2238 2431 2291 μενος·
2467 2219 2637 2283 οὕτως
2669 2221 2696 2272 6
2721 2220 3090 2292 χρηματίζων,
3125 2221 3217 2275 καὶ
3250 2221 3486 2291 μάλιστα
3519 2219 3616 2273 ἐὰν
3655 2219 3843 2290 φαίνη-

2250 2330 2340 2366 ται
2381 2331 2400 2364 ι
2435 2315 2463 2365 6
2491 2313 2834 2384 πρωτότοκος
2875 2335 2893 2364 ι
2928 2311 3064 2366 εἶναι
3101 2331 3120 2365 ι
3160 2313 3340 2384 πάσης
3360 2312 3620 2377 κτίσεως,
3649 2331 3668 2363 ι
3701 2313 3835 2382 φησὶ

2254 2405 2390 2476 πρὸς
2414 2403 2511 2476 τὴν
2539 2404 2756 2474 νύμφην
2789 2405 2964 2476 ψυχὴν
2998 2404 3128 2468 Θεὸς
3163 2402 3301 2457 εἶναι
3341 2403 3608 2476 ζηλωτὴς,
3651 2405 3834 2474 πάσης

2249 2491 2349 2561 τῆς
2377 2491 2514 2562 πρὸς
2535 2491 2602 2545 τά
2623 2492 2870 2562 δαιμόνια
2891 2491 3140 2564 πορνείας
3171 2493 3266 2546 καὶ
3295 2495 3418 2556 τοὺς
3441 2493 3834 2564 νομιζομένους

2249 2578 2388 2636 εἶναι
2422 2583 2575 2646 θεοὺς
2613 2583 2844 2652 ἀφιστὰς
2863 2584 2989 2648 τοὺς
3014 2585 3416 2656 ἀκροωμένους.
3457 2585 3568 2638 Καὶ
3597 2585 3674 2648 ὡς
3700 2584 3832 2647 Θεὸς

2251 2675 2392 2729 οὕτω
2449 2673 2695 2748 ζηλωτής
2743 2694 2873 2748 φησι
2925 2677 3052 2748 περὶ⁸
3097 2677 3208 2730 τῶν
3259 2679 3404 2740 ὅπως
3459 2677 3592 2729 ποτὲ
3654 2675 3833 2728 ὀπίσω

2250 2767 2385 2820 θεῶν
2404 2767 2602 2838 ἑτέρων
2633 2767 3163 2839 ἐκπεπορνευκότωνο
3190 2787 3208 2818 ‹
3245 2768 3406 2820 Αὐτοὶ
3435 2767 3834 2840 παρεζήλωσάν

2253 2876 2319 2928 με
2336 2861 2421 2911 ἐπ’
2443 2860 2500 2911 οὐ
2515 2859 2638 2929 θεῷ·
2663 2859 2817 2928 κάγὼ
2836 2857 3212 2931 παραζηλώσω
3231 2859 3427 2923 αὐτοὺς
3443 2853 3528 2912 ἔπ’
3553 2861 3654 2913 οὐκ
3667 2859 3828 2912 ἔθνει·

2250 2951 2342 3004 ἐπὶ
2353 2947 2492 3003 ἔθνει
2508 2952 2749 3022 ἀσυνέτῳ
2765 2951 3046 3024 παροργιῶ
3063 2953 3362 3018 αύτοὺς,ὃτι
3381 2951 3452 3005 πῦ
3463 2970 3493 3024 ρ
3505 2952 3835 3006 ἐκκέκαυται

2251 3044 2315 3096 ὲκ
2329 3041 2420 3095 τοῦ
2439 3041 2609 3114 θυμοῦ
2644 3061 2766 3116 μου·
2799 3044 3125 3116 καυθήσεται
3147 3045 3251 3110 ἕως
3279 3043 3404 3117 ᾅδου
3431 3045 3768 3099 κατωτάτου.
3811 3063 3830 3094 ι

2323 3329 2442 3383 Κᾶν
2477 3330 2549 3403 μὴ
2585 3329 2650 3384 δι’
2684 3332 2867 3385 ἑαυτὸν
2898 3332 2954 3386 δὲ
2988 3331 3061 3396 ὡς
3083 3333 3244 3402 σοφὸς
3275 3331 3550 3404 ὁνυμφίος
3577 3333 3674 3388 καὶ
3695 3333 3842 3388 ἀπα-

2255 3421 2353 3494 θὴς
2385 3423 2702 3495 ἀποστρέφῃ
2733 3425 2932 3488 παντὸς
2966 3425 3238 3497 μολυσμοῦ
3277 3425 3378 3499 τὴν
3425 3425 3844 3497 μεμνηστευμέ-

2251 3533 2368 3586 νην,
2391 3515 2528 3570 ἀλλά
2561 3534 2622 3586 γε
2651 3517 2717 3570 δι’
2761 3518 2994 3587 ἐκείνην,
3018 3518 3156 3588 ὁρῶν
3199 3518 3369 3588 αὐτῆς
3410 3518 3504 3570 τὸν
3562 3517 3842 3590 μολυσμὸν

2253 3610 2347 3664 καὶ
2368 3610 2458 3662 τὸν
2497 3609 2812 3682 βδελυγμὸν,
2837 3610 3012 3663 πάντα
3029 3609 3094 3662 τά
3112 3611 3363 3664 ἰάσασθαι
3387 3611 3481 3663 καὶ
3511 3609 3844 3682 ἐπιστρέψαι

2251 3701 2419 3774 αὐτὴν
2442 3701 2710 3772 δυνάμενα
2739 3705 2970 3773 ποιήσει,
2999 3702 3074 3766 ὡς
3091 3702 3420 3768 αὑτεξουσίῳ
3447 3701 3610 3771 φύσει
3635 3701 3848 3774 προσά-

2252 3810 2365 3861 γων
2397 3791 2585 3861 λόγους
2619 3794 3052 3865 ἀποτρεπτικοὺς
3085 3793 3177 3846 τοῦ
3222 3794 3526 3865 πορνεύειν.
3581 3795 3745 3846 Ποῖον
3777 3790 3844 3844 ἂν

2252 3879 2344 3937 οὖν
2380 3885 2615 3955 μιασμὸν
2666 3887 2882 3958 νοήσαις
2933 3885 3147 3957 χείρονα
3195 3885 3439 3953 γίνεσθαι
3497 3883 3646 3956 ψυχῇ
3693 3885 3846 3945 ὅπως

2254 3976 2384 4029 ποτὲ
2416 3976 2570 4030 ἄλλον
2599 3977 2930 4050 ἀγορευούσῃ
2959 3976 3109 4042 Θεὸν,
3145 3977 3238 4030 καὶ
3263 3977 3338 4048 μὴ
3373 3976 3713 4048 ὁμολογούσῃ
3752 3975 3846 4028 τὸν

2253 4068 2465 4138 ἀληθῶς
2495 4069 2593 4123 ἕνα
2649 4071 2742 4123 καὶ
2799 4070 2955 4141 μόνον
3002 4070 3240 4142 Κύριον;
3275 4070 3383 4123 Καὶ
3423 4065 3577 4141 οἶμαί
3615 4087 3701 4138 γε,
3739 4071 3844 4131 ὅτι,

2253 4159 2443 4231 ὥσπερ
2462 4162 2488 4212 ὀ
2532 4180 2548 4210 ι
2586 4161 2928 4232 κολλώμενος
2956 4165 3022 4234 τῇ
3047 4161 3219 4235 πόρνῃ
3239 4161 3295 4215 ἓν
3318 4161 3480 4233 σῶμά
3513 4181 3531 4213 ›
3553 4161 3725 4224 ἐστιν,
3756 4159 3850 4214 οὖ-

2251 4243 2358 4314 τως
2381 4255 2408 4305 6
2433 4253 2529 4322 μὲν
2561 4253 2833 4322 ὁμολογῶν
2867 4271 3005 4318 τινα,
3036 4255 3128 4307 καὶ
3165 4253 3396 4324 μάλιστα
3443 4255 3500 4306 ἐν
3533 4253 3718 4324 καιρῷ
3747 4253 3850 4322 βα-

2257 4343 2414 4396 σάνου
2450 4343 2542 4397 καὶ
2575 4343 2867 4409 ἐξετάσεως
2913 4347 3013 4415 τῆς
3049 4345 3316 4410 πίστεως,
3351 4347 3712 4417 ἀνακιρνᾶται
3755 4347 3854 4398 καὶ

2256 4433 2466 4488 ἑνοῦται
2499 4436 2577 4507 τῷ
2605 4436 3017 4507 ὁμολογουμένῳ
3053 4437 3185 4508 (74)·
3221 4440 3250 4492 ὁ
3289 4439 3345 4492 δὲ
3368 4437 3728 4510 ἀρνούμενος,
3755 4437 3854 4490 ὑπ’

2255 4524 2424 4593 αὐτῆς
2456 4525 2552 4594 τῆς
2587 4526 2864 4596 ἀρνήσεως
2896 4526 3092 4597 τρόπον
3120 4527 3392 4600 μαχαίρας
3419 4528 3854 4598 διακοπτούσης,

2249 4615 2342 4668 ἀπ’
2377 4617 2605 4680 ἐκείνου,
2636 4618 2694 4671 ὃν
2725 4619 2988 4690 ἀρνεῖται,
3023 4619 3218 4689 πάσχει
3253 4621 3351 4691 τὴν
3375 4621 3860 4692 διαίρεσιν,χωρι-

2249 4708 2472 4778 ζόμενος
2499 4711 2726 4775 ἐκείνου,
2755 4711 2812 4763 ὃν
2845 4713 3136 4782 ἠρνήσατο.
3155 4711 3354 4783 Διόπερ
3382 4713 3703 4784 ἐπίστησον,
3745 4715 3860 4784 μή·

2250 4803 2402 4864 ποτέ,
2439 4801 2515 4864 ὡς
2531 4802 2816 4855 ἀκόλουθον
2847 4803 2937 4855 καὶ
2971 4803 3266 4871 ἀναγκαῖον
3289 4803 3558 4873 συμϐῆναι
3581 4801 3663 4873 τῷ
3715 4805 3862 4874 ὀμο-

2249 4896 2496 4965 λογοῦντι
2525 4897 2585 4950 τὸ
2611 4897 3026 4968 ὁμολογηθῆναι,
3061 4899 3152 4952 καὶ
3184 4897 3264 4969 τῷ
3295 4898 3612 4969 ἀρνουμένῳ
3647 4897 3718 4951 τὸ
3747 4899 3860 4968 ἀρ-

2249 4991 2497 5062 νηθῆναι,
2539 4990 2752 5063 εἴρηται
2783 4991 2862 5044 τό·
2904 5011 2922 5041 ι
2968 4993 3065 5055 Ὃς
3120 4991 3215 5044 ἐὰν
3261 4989 3566 5062 ὁμολογήσῃ
3599 4990 3662 5044 ὲν
3725 4991 3860 5062 ἐμοὶ

2253 5083 2558 5155 ἔμπροσθεν
2583 5083 2691 5136 τῶν
2713 5083 3036 5157 ἀνθρώπων,
3064 5083 3217 5152 κάγὼ
3247 5083 3564 5154 ὁμολογήσω
3592 5085 3656 5134 ὲν
3693 5083 3860 5154 αὐτῷ

2253 5175 2558 5247 ἔμπροσθεν
2581 5173 2675 5228 τοῦ
2709 5175 2918 5246 Πατρός
2967 5194 3068 5246 μου
3109 5173 3202 5228 τοῦ
3241 5177 3298 5228 ἐν
3333 5176 3601 5244 οὐρανοῖς.
3639 5193 3664 5226 ι
3741 5177 3862 5228 Καὶ

2251 5268 2396 5322 εἴποι
2428 5265 2470 5319 δ’
2517 5263 2582 5316 ἂν
2603 5267 2630 5318 6
2660 5265 2946 5334 αὑτολόγος
2969 5266 3114 5338 καὶή
3141 5263 3500 5335 αὐτοαλήθεια
3514 5261 3590 5332 τῷ
3615 5279 3686 5315 τε
3719 5265 3864 5334 ὀμο-

2251 5359 2538 5431 λογήσαντι
2570 5359 2663 5410 καὶ
2693 5357 2770 5429 τῷ
2804 5358 3180 5430 ἀρνησαμένῳ·
3212 5378 3230 5408 ι
3257 5351 3326 5428 ᾯ
3357 5357 3539 5427 μέτρῳ
3558 5359 3862 5428 μετρεῖτε,

2253 5450 2774 5523 ἀντιμετρηθήσεται
2828 5453 2972 5522 ὑμῖν·
3013 5469 3030 5502 ι
3069 5450 3131 5503 σὺ
3185 5449 3282 5520 μὲν
3329 5443 3421 5502 οὖν
3465 5451 3495 5501 6
3552 5447 3862 5520 μετρήσας

647 5578 1159 5662 ’.ρευιτικχιιιηίὶὶ
1211 5580 1426 5662 ἐφειϋ.
1457 5601 1662 5653 xxxvii,
1697 5589 1778 5644 M.
1847 5593 1889 5623 ²⁰
1915 5593 2082 5651 Exod.
2115 5611 2208 5661 xx,
2239 5596 2289 5650 5.
2355 5597 2394 5628 υ
2424 5594 2631 5652 Coloss.
2657 5611 2696 5662 i,
2728 5595 2814 5649 i5.
2893 5596 2934 5626 ¹²
2967 5597 3116 5650 Deut.
3144 5608 3311 5656 xxxii,
3335 5589 3534 5656 21,22.
3596 5590 3646 5622 "
3671 5589 3698 5646 ι
3721 5591 3864 5652 Cor.

575 5662 650 5712 γι,
675 5651 762 5702 Hi.
841 5651 884 5680 ³⁵
913 5649 1100 5704 Matth.
1125 5667 1184 5714 ι,
1211 5649 1302 5708 5'2.

651 5763 762 5852 (23,»)
791 5763 998 5852 ‘Yitiose
1039 5764 1098 5846 in
1135 5769 1504 5852 manuscripto
1537 5769 1734 5852 legitur
1759 5775 2148 5852 τροφυλαττομε

2254 5795 2281 5842 ι,
2307 5789 2360 5834 et
2385 5777 2469 5832 inl'
2471 5791 2525 5831 ra
2559 5776 2812 5850 ζωλωτής
2845 5793 2940 5848 pro
2970 5776 3231 5852 ζηλωτής.

653 5835 763 5902 (Ἠ.)
790 5833 1051 5904 Corrupto
1083 5835 1138 5890 in
1167 5853 1267 5891 tns.
1302 5833 1966 5918 δρτίὺὲιιιτ,⁷6λογουμένῳ.
