3962 6414
93 344 182 406 577

1257 357 1704 416 EXHORTATIO
1736 359 1827 414 AD
1866 357 2306 416 MARTYRIUM.

3276 364 3379 419 578

94 479 254 552 μέτρῳ
286 477 386 548 τῆς
425 477 573 550 πρὸς
617 477 700 550 μὲ
739 480 1064 551 ὁμολογίας.
1097 479 1348 551 ἀπολήψῃ
1385 499 1404 530 ε
1449 482 1644 552 μέτρον
1679 500 1697 531 ι

1816 482 2062 534 nn-tietur
2095 482 2275 546 vobis;
2309 499 2330 532 ι
2359 490 2412 532 ιιι
2446 479 2612 548 igitur
2650 481 2740 550 qui
2771 497 3024 537 mensura
3060 490 3164 538 tua:
3201 481 3380 538 deme

90 573 172 642 τῆς
206 571 294 622 ἀπ’
326 570 467 640 ἐμοῦ
507 571 844 640 ὁμολογίας
887 592 906 624 t
953 570 1354 642 σεσαλευμένον,
1402 574 1705 643 πεπιεσμέ-

91 681 181 724 νον,
210 663 780 733 ὑπερεκχυνόμενον,
808 665 952 734 ὅπερ
973 664 1252 733 δοθήσεται
1298 665 1376 726 εἰς
1395 663 1486 716 τὸν
1510 663 1706 717 κόλπον

93 765 188 802 σου.
233 768 250 799 ι
287 750 398 802 Καὶ
455 749 526 801 σὺ
587 750 681 814 δὲ,
743 753 778 804 ὁ
841 754 1116 823 μετρήσας
1163 751 1240 821 τῷ
1285 752 1384 821 τῆς
1424 755 1706 824 ἀρνήσεως

95 841 249 909 μέτρῳ
281 841 375 892 καὶ
432 842 869 912 ἀρνησάμενός
909 861 997 914 με,
1029 844 1087 897 τὸ
1115 843 1372 911 ἀνάλογον
1406 843 1482 914 τῷ
1522 845 1705 915 μέτρῳ

92 932 172 999 τῆς
200 932 480 1001 ἀρνήσεως
505 933 806 1006 ἀπολήψῃ
831 935 1031 1007 μέτρον
1052 934 1151 1004 τῆς
1182 935 1274 987 ἀπ’
1292 934 1426 1004 ἐμοῦ
1457 937 1586 1007 περὶ
1610 936 1704 990 σοῦ

92 1027 365 1093 ἀρνήσεως.

147 1118 258 1181 Πῶς
288 1119 346 1172 δὲ
387 1118 742 1192 πληροῦται
799 1123 1007 1193 μέτρον
1060 1122 1365 1193 ὁμολογίας,
1401 1121 1434 1194 ἥ
1467 1122 1528 1176 οὐ
1569 1122 1705 1194 πλη-

95 1213 268 1280 ροῦται,
323 1213 446 1267 ἀλλ’
500 1215 788 1268 ἐλλείπει
815 1257 830 1281 ,
869 1215 1042 1280 οὕτως
1085 1217 1150 1270 ἂν
1198 1218 1599 1289 θεωρήσαιμεν.
1641 1219 1703 1272 Εἰ

94 1300 196 1368 παρ’
217 1300 333 1352 ὅλον
381 1302 481 1354 τὸν
538 1304 660 1374 τῆς
729 1304 1043 1369 ἐξετάσεως
1091 1306 1183 1358 καὶ
1235 1306 1329 1360 τοῦ
1394 1307 1701 1378 πειρασμοῦ

92 1392 266 1459 χρόνον,
304 1393 380 1462 μὴ
417 1393 691 1466 διδῶμεν
730 1397 912 1451 τόπον
945 1397 1020 1468 τῷ
1051 1397 1280 1467 διαϐόλῳ
1327 1400 1380 1450 ἓν
1415 1401 1531 1462 ταῖς
1565 1381 1706 1470 κάρυ’

92 1483 202 1544 δίαις
248 1484 432 1554 ἡμῶν,
479 1485 775 1556 μολύνειν
829 1489 981 1558 ἡμᾶς
1032 1487 1396 1559 διαλογισμοῖς
1450 1491 1706 1560 πονηροῖς

93 1572 264 1626 θέλοντι
309 1577 653 1648 ἀρνήσεως,
705 1579 744 1650 ἢ
795 1579 1071 1650 διψυχίας,
1100 1581 1132 1650 ἦ
1165 1598 1307 1643 τινος
1352 1579 1706 1652 πιθανότητος

92 1666 518 1740 πῳκαλουμένης
573 1671 688 1724 ἐπὶ
741 1672 819 1725 τά
869 1671 1038 1744 ἐχθρά
1081 1672 1160 1744 τῷ
1196 1673 1482 1744 μαρτυρίῳ
1515 1675 1609 1726 καὶ
1637 1676 1702 1744 τῇ

90 1755 386 1830 τελειότητιο
425 1765 533 1815 καὶ
590 1763 755 1834 πρὸς
803 1763 982 1832 τούτῳ
1027 1766 1074 1817 εί
1108 1764 1240 1835 μηδὲ
1273 1765 1416 1836 λόγῳ
1443 1764 1704 1837 ἀλλοτρίῳ

89 1848 167 1916 τῆς
191 1851 483 1920 ὁμολογίας
515 1856 790 1919 ἑαυτοὺς
836 1857 1140 1927 μιαίνοιμεν
1165 1856 1299 1927 (75),
1327 1859 1423 1910 καὶ
1452 1859 1499 1910 εί
1531 1858 1707 1911 πάντα

91 1942 315 2013 φέρωμεν
364 1947 464 1999 τὸν
517 1947 649 2000 ἀπὸ
708 1946 835 2000 τῶν
903 1948 1158 2000 ἐναντίων
1215 1948 1555 2019 ὀνειδισμὸν,
1615 1950 1706 2002 καλ⁸

88 2038 274 2106 χλεύην,
319 2040 421 2090 καὶ
479 2040 760 2107 γέλωτα,
815 2041 914 2092 καὶ
955 2037 1284 2110 δυσφημίαν,
1322 2041 1417 2092 καὶ
1475 2040 1619 2092 ἔλεον
1647 2041 1705 2094 ὃν

87 2132 300 2184 ῶκοῦσιν
337 2135 499 2203 ἡμᾶς
558 2133 764 2184 ἐλεεῖν
790 2172 806 2197 ,
852 2131 1300 2200 πεπλανημένους
1352 2133 1446 2184 καὶ
1491 2131 1704 2204 μωροὺς

89 2224 590 2294 ὑπολαμϐάνοντες,
662 2223 774 2275 καὶ
845 2221 1219 2292 ὲσφαλμένους
1269 2219 1700 2284 ἀποκαλοῦντες·

87 2315 148 2365 ἔτι
183 2315 254 2379 δὲ,
289 2317 338 2367 εἰ
377 2318 459 2386 μὴ
498 2313 979 2388 περιελκοίμεθα
1013 2312 1415 2383 περισπώμενοι
1466 2315 1560 2366 καὶ
1601 2313 1706 2366 ὑπὸ

85 2409 161 2476 τῆς
198 2411 321 2480 περὶ
363 2410 436 2463 τά
482 2409 712 2469 τέκνα,
760 2407 798 2478 ἢ
853 2407 954 2476 τὴν
1002 2405 1203 2458 τούτων
1254 2405 1486 2476 μητέρα,
1518 2407 1550 2476 ἦ
1586 2421 1704 2457 τινα

85 2499 171 2549 τῶν
199 2501 602 2570 νομιζομένων
644 2495 804 2550 εἶναι
832 2501 892 2550 ὲν
915 2495 989 2566 τῷ
1009 2496 1108 2566 βίῳ
1134 2496 1401 2564 φιλτάτων
1428 2495 1706 2564 φιλοστορ-

83 2595 204 2658 γίας,
247 2595 387 2664 πρὸς
437 2592 558 2662 τὴν
615 2590 838 2659 κτῆσιν
877 2589 910 2658 ἢ
947 2589 1083 2658 πρὸς
1127 2589 1189 2641 τὸ
1235 2587 1333 2658 ζῇν
1362 2588 1516 2640 τοῦτο
1540 2628 1554 2652 ,
1591 2588 1704 2641 ἀλλ’

84 2684 160 2734 ὅλα
187 2683 356 2735 ταῦτα
399 2679 928 2751 ἀποστραφέντες,
960 2679 1067 2731 ὅλοι
1104 2678 1392 2749 γενοίμεθα
1421 2679 1513 2731 τοῦ
1547 2679 1704 2741 Θεοῦ,

81 2779 158 2828 καὶ
185 2777 281 2846 τῆς
316 2777 446 2846 μετ’
484 2773 685 2828 αὑτοῦ
722 2773 828 2826 καὶ
864 2773 994 2840 παρ’
1029 2770 1174 2842 αὑτῴ
1207 2772 1372 2841 ζωῆς,
1409 2771 1482 2835 ὡς
1515 2789 1708 2825 κοινω-

81 2871 308 2939 νήσοντες
326 2869 412 2940 τῷ
437 2869 788 2936 Μονογενεῖ
808 2865 979 2918 αὑτοῦ
999 2866 1092 2918 καὶ
1115 2867 1226 2927 τοῖς
1246 2865 1494 2935 μετόχοις
1509 2865 1673 2918 αὐτοῦ
1687 2881 1701 2896 ο

82 2963 173 3014 τότ’
202 2962 264 3016 ἂν
298 2965 608 3033 εἴποιμεν,
648 2961 744 3012 ὅτι
805 2956 1208 3026 ὲπληρώσαμεν
1260 2957 1323 3008 τὸ
1369 2957 1567 3027 μέτρον
1607 2958 1705 3029 τῆς

79 3054 344 3122 ὁμολογίας
367 3072 382 3084 ο
426 3056 483 3105 εἰ
519 3053 612 3114 δὲ,
649 3049 767 3102 κᾶν
807 3049 892 3100 ἐνί
938 3065 1041 3100 τινι
1090 3047 1388 3119 λείποιμεν.
1419 3050 1517 3101 οὐκ
1548 3049 1708 3120 ὲπληο

80 3145 334 3218 ρὼσαμεν,
372 3145 504 3198 ἀλλ’
539 3141 934 3214 ὲμολύναμεν
959 3139 1018 3192 τὸ
1047 3139 1144 3209 τῆς
1167 3139 1456 3211 ὁμολογίας
1487 3140 1703 3212 μέτρον.

79 3239 155 3289 Aci;
179 3238 532 3309 δεησόμεθα,
555 3229 644 3288 ὧν
681 3233 912 3286 δέονται
946 3232 995 3283 οξ
1025 3233 1546 3304 ἐποικοδομήσαντες
1584 3251 1600 3282 t
1629 3231 1707 3304 τῷ

77 3329 290 3402 θεμελίῳ
324 3331 473 3396 ξύλα
504 3329 545 3400 ἢ
587 3327 812 3399 χόρτον
841 3325 876 3395 ἢ
906 3323 1175 3394 καλάμην.
1204 3343 1222 3376 ι

1808 572 2166 628 confessionis
2216 587 2434 626 mensus
2471 587 2550 639 es,
2610 591 2629 624 ‹
2693 590 3002 629 tnensuram
3056 595 3076 628 ι
3143 575 3381 644 accipies

1807 681 1941 719 mea:
1965 666 2031 719 de
2066 675 2118 719 te
2165 663 2524 719 confessionis
2564 681 2582 715 ι
2639 665 2838 719 bonam
2888 655 2938 720 et
2992 667 3290 720 confertam
3327 674 3381 722 et

1807 758 2133 826 coagitatant
2158 765 2211 810 et
2235 755 2703 824 superemnentetn
2737 757 2788 810 in
2821 757 2999 812 sinum
3037 769 3189 811 tuum
3227 757 3309 824 ¹⁸;
3355 776 3378 814 ι

1809 857 1863 902 ιιι
1900 864 2028 903 vero
2057 848 2150 916 qui
2178 847 2480 916 negationis
2511 861 2767 902 mensura
2803 864 3024 903 mensus
3052 864 3110 903 es
3139 860 3191 904 et
3215 847 3375 921 281

1807 940 2014 1009 negasti
2064 953 2169 1004 me,
2233 940 2463 1008 recipies
2506 940 2812 1008 negationis
2861 956 3128 997 mensura:
3156 959 3383 1013 respon-

1805 1033 2020 1087 dentem
2045 1046 2357 1085 mensuram
2393 1047 2524 1086 mea:
2559 1032 2624 1086 de
2653 1043 2704 1086 te
2739 1034 3058 1099 negationis.

1877 1124 2108 1189 ll.Qua
2158 1133 2336 1177 autem
2395 1123 2608 1177 ratione
2663 1124 2952 1192 impleatur
3017 1125 3381 1182 confessionis

1807 1233 2060 1272 mensura
2105 1227 2198 1269 aut
2237 1231 2343 1271 non
2392 1216 2701 1286 impleatur,
2750 1219 2843 1271 sed
2893 1228 3084 1273 contra
3140 1220 3380 1287 deficiat,

1807 1315 1888 1368 sic
1925 1312 2298 1381 inspiciemus.
2340 1310 2394 1364 Si
2429 1327 2527 1380 per
2563 1321 2729 1366 totum
2765 1313 3138 1380 inquisitionis
3171 1325 3226 1369 et
3257 1325 3381 1369 ten-

1809 1405 2027 1459 talionis
2059 1415 2273 1474 tempus
2314 1404 2494 1458 locum
2533 1404 2749 1458 diabolo
2795 1421 2899 1458 non
2946 1407 3140 1459 demus
3171 1405 3222 1458 itt
3257 1421 3381 1460 cor-

1808 1496 1965 1549 dibus
2004 1495 2232 1558 nostris,
2282 1495 2376 1564 qui
2409 1511 2508 1550 nos
2542 1495 2828 1565 inquinare
2866 1495 2979 1548 vult
3033 1496 3380 1564 cogitationi-

1807 1587 1909 1641 bus
1937 1587 2093 1641 malis
2133 1596 2226 1641 aut
2261 1587 2570 1656 negationis
2621 1598 2716 1640 aut
2743 1587 3122 1650 dubitationis,
3156 1598 3253 1642 aut
3284 1603 3380 1640 cn-

1800 1678 1977 1746 jusvis
2017 1680 2161 1747 quod
2192 1677 2473 1747 probabile
2519 1677 2770 1731 videatur
2799 1686 2852 1730 et
2891 1677 2956 1729 ad
2996 1692 3058 1729 ea
3084 1691 3202 1744 qua:
3231 1691 3381 1729 mar-

1810 1770 1949 1840 tyrio
1997 1779 2050 1823 et
2083 1768 2401 1838 perfectioni
2436 1777 2565 1822 sunt
2596 1767 2814 1819 inimica
2883 1765 3173 1830 sollicitet;
3201 1765 3246 1819 si
3280 1780 3381 1820 nos

1739 1842 1781 1902 Β
1814 1865 1958 1932 ipsos
1991 1873 2249 1931 prmterea
2280 1863 2429 1915 nullo
2456 1861 2621 1914 verbo
2647 1859 2984 1913 tnaculetnus
3009 1859 3154 1927 quod
3193 1873 3221 1910 a
3249 1874 3383 1911 con-

1815 1953 2048 2007 fessione
2087 1953 2325 2007 alienum
2358 1953 2461 2016 sit;
2500 1951 2543 2005 si
2578 1960 2771 2003 cuncta
2825 1951 3064 2003 feramus
3093 1959 3147 2004 et
3192 1951 3385 2002 adver-

1813 2045 2082 2098 sariorum
2127 2044 2491 2099 contumelias
2521 2052 2575 2098 et
2611 2041 2845 2095 ludibria
2882 2051 2930 2094 et
2979 2042 3124 2094 risus
3149 2050 3205 2095 et
3235 2040 3382 2094 infa-

1813 2136 1978 2189 miam
2011 2146 2064 2190 ct
2091 2134 2521 2190 misericordiam
2551 2148 2655 2202 qua
2692 2130 2865 2185 nostri
2909 2131 3155 2184 misereri
3191 2131 3383 2185 viden-

1815 2239 1922 2292 tur,
1951 2244 2096 2298 quos
2131 2243 2326 2300 nempe
2361 2237 2614 2283 errantes
2645 2236 2694 2281 cl
2724 2227 2919 2281 stultos
2948 2225 3304 2292 arbitrantur,
3331 2232 3387 2278 et

1812 2320 2070 2388 deceptos
2120 2329 2346 2383 vocant;
2375 2320 2442 2373 ad
2484 2321 2599 2375 tunc
2631 2320 2677 2374 si
2710 2332 2882 2386 neque
2915 2330 3012 2369 nos
3043 2315 3269 2368 divellat
3299 2322 3381 2368 at-

1812 2427 1916 2481 que
1953 2411 2218 2465 distrahat
2254 2411 2549 2465 liberorum
2604 2410 2862 2464 uxorisvc
2895 2421 3071 2470 amor,
3098 2406 3380 2461 autalicu-

1813 2503 1900 2570 jus
1932 2519 2118 2558 eorum
2163 2520 2282 2573 qua:
2324 2504 2642 2558 charissima
2695 2503 2747 2556 itt
2795 2501 2904 2554 vita
2935 2509 3195 2570 putantur
3217 2514 3372 2564 esse,

1813 2607 1870 2650 ιιι
1901 2605 1992 2650 aut
2019 2596 2453 2664 possessionibus
2475 2604 2565 2648 aut
2597 2595 2721 2649 huic
2755 2594 2851 2661 ipsi
2885 2594 3007 2645 vita:
3041 2593 3382 2656 ltzereantns;

1812 2687 1905 2740 sed
1931 2688 1998 2739 ab
2031 2685 2116 2738 his
2148 2687 2404 2739 omnibus
2433 2686 2638 2749 aversi,
2672 2683 2767 2737 toti
2805 2683 2895 2737 Dei
2945 2683 3117 2736 simus
3158 2682 3386 2751 ejusque

1811 2776 1938 2828 vita:
1977 2787 2096 2842 qua:
2134 2788 2258 2827 cunt
2288 2775 2402 2842 ipso
2437 2781 2491 2828 et
2529 2773 2672 2843 apud
2705 2772 2878 2841 ipsum
2908 2777 3014 2835 est,
3047 2780 3106 2823 ul.
3129 2785 3379 2824 contmn-

1813 2866 2031 2920 nionem
2072 2864 2308 2918 habituri
2367 2879 2489 2918 cum
2543 2864 2815 2932 unigenito
2860 2862 2976 2931 ejus
3033 2860 3173 2915 Filio
3209 2869 3267 2916 et
3301 2862 3387 2916 bis

1812 2957 1903 3026 qui
1949 2956 2067 3027 ejus
2122 2955 2418 3026 participes
2460 2964 2621 3020 sunt;
2687 2964 2816 3010 tunc
2862 2968 2960 3006 nos
3021 2953 3384 3007 confessionis

1815 3063 2124 3103 mensuram
2180 3047 2491 3116 implevisse
2549 3047 2732 3101 dicere
2783 3046 3106 3115 poterimus.
3139 3045 3196 3098 Si
3252 3059 3383 3098 vero

1815 3139 1900 3195 vel
1937 3154 2043 3193 uno
2076 3139 2300 3193 istorum
2344 3137 2526 3206 aliquo
2559 3135 2944 3199 defecerintns,
2977 3150 3085 3188 non
3133 3133 3387 3202 illlpieVi~

1814 3249 1954 3297 tnns,
2002 3231 2096 3286 sed
2158 3231 2570 3301 inquinavimus
2633 3227 2998 3284 confessionis
3048 3240 3380 3280 mensuram.

1815 3327 2158 3394 Quapropter
2207 3323 2569 3391 indigebitnns
2612 3321 2680 3377 iis
2738 3319 2938 3392 quibus
3003 3319 3250 3386 indigent
3294 3315 3388 3386 qui

1734 3205 1776 3261 C

78 3423 686 3491 superadiﬂcaveruttt
725 3436 746 3468 ι
775 3432 946 3486 snper
972 3417 1374 3472 fundamentum
1409 3416 1574 3488 ligna,
1596 3416 1919 3485 autjetttnn,
1956 3429 2050 3470 ant
2077 3417 2334 3484 .stiptilatn
2372 3416 2432 3466 ¹⁶.
2475 3433 2494 3467 ο

133 3519 232 3572 Καὶ
268 3519 436 3572 τοῦτο
473 3519 541 3572 δὲ
585 3516 764 3588 ἡμᾶς
803 3513 1006 3567 εἰδέναι
1039 3513 1161 3584 χρὴ,
1195 3514 1276 3566 ὄτι
1303 3511 1402 3577 τὰς
1451 3512 1713 3583 καλουμέο

76 3631 157 3675 v1;
186 3614 277 3668 τοῦ
311 3614 461 3667 Θεοῦ
501 3611 815 3680 διαθήκας
845 3607 940 3660 ἐπὶ
975 3607 1268 3678 συνθήκαις
1302 3606 1714 3677 παρεδεξάμεθα

75 3698 152 3768 αἷς
174 3705 310 3778 πρὸς
357 3708 544 3759 αὐτὸν
591 3698 1030 3770 ἐποιησάμεθα,
1067 3698 1447 3769 ἁναδεχόμενοι
1477 3698 1538 3750 τὸ
1573 3697 1714 3749 κατὰ

74 3797 508 3870 Χριστιανισμον
550 3793 730 3868 βιοῦν
752 3809 768 3822 ·
799 3791 900 3845 καὶ
933 3793 990 3842 ὲν
1019 3795 1135 3855 ταῖς
1176 3792 1312 3862 πρὸς
1358 3790 1489 3843 Θεὸν
1517 3791 1715 3863 συνθή-

75 3906 186 3954 κιις
217 3893 379 3963 ἡμῶν
408 3889 485 3963 ἦν
527 3891 710 3943 πᾶσα
750 3887 786 3955 ἠ
838 3883 980 3936 κατά
1005 3884 1062 3936 τὸ
1094 3883 1422 3952 Εὑαγγέλιον
1452 3883 1713 3949 πολιτεία,

80 3981 256 4050 λέγον·
299 4004 316 4034 ι
345 3984 420 4036 Εἴ
462 3999 557 4046 τις
597 3979 770 4033 Θέλει
804 3974 985 4027 ὀπίσω
1020 3991 1118 4045 μου
1151 3973 1345 4038 ἐλθεῖν,
1388 3973 1713 4044 ἀρνησάσθω

79 4074 280 4137 ἑαυτὸν,
314 4077 420 4128 καὶ
458 4074 682 4145 ἀράτω
735 4069 836 4123 τὸν
872 4067 1098 4138 σταυρὸν
1145 4066 1332 4128 αὑτοῦ,
1364 4067 1456 4120 καὶ
1489 4066 1714 4120 ἀκολου-

76 4167 227 4221 θείτω
259 4187 380 4239 μοι.
431 4171 539 4232 ’ος
571 4167 707 4236 γὰρ
742 4163 816 4216 ἂν
859 4159 990 4234 θέλῃ
1007 4160 1101 4230 τὴν
1129 4159 1305 4230 ψυχὴν
1329 4159 1492 4213 αὑτοῦ
1520 4157 1712 4222 σῶσαι,

79 4262 326 4313 ἀπολέσει
353 4258 563 4331 αὐτὴν.
617 4255 736 4318 ’⁵ος
775 4253 824 4306 δ’
852 4252 920 4306 ἂν
953 4251 1189 4323 ἀπολέσῃ
1225 4250 1390 4304 αὑτοῦ
1416 4250 1512 4322 τὴν
1537 4249 1714 4320 ψυχὴν

74 4354 250 4404 ἕνεκεν
283 4350 456 4421 ἐμοῦ,
490 4344 674 4411 οὗτος
723 4343 900 4398 σώσει
933 4341 1116 4414 αὐτήν.
1146 4343 1210 4394 Τί
1239 4341 1345 4413 γάρ
1363 4340 1716 4412 ὠφεληθήσε-

78 4459 156 4494 ται
190 4445 518 4516 ἄνθρωπος,
563 4443 634 4504 ὃς
676 4438 783 4490 ἐὰν
811 4435 904 4488 τὸν
937 4435 1132 4505 κόσμον
1160 4434 1277 4487 ὅλον
1306 4433 1544 4505 κερδήσῃ
1581 4432 1713 4503 (76),

75 4536 164 4604 τὴν
193 4529 257 4587 δὲ
287 4535 480 4607 ⁸ζνυχὴν
517 4529 716 4588 αὖτοῦ
756 4526 1046 4599 ξημιωθῇ;
1077 4528 1108 4600 ἥ
1152 4527 1204 4580 τί
1237 4524 1397 4579 δώσει
1430 4525 1716 4597 ἄνθρωπος

79 4625 448 4696 ἀντάλλαγμα
487 4621 601 4696 τῆς
651 4619 850 4690 ψυχῆς
889 4617 1081 4682 aii-.06;
1129 4617 1309 4688 μέλλει
1357 4615 1467 4688 γάρ
1514 4619 1541 4670 ὁ
1587 4616 1714 4679 Υἱὸς

73 4715 160 4767 τοῦ
185 4717 502 4787 ἀνθρώπου
534 4710 825 4786 ἔρχεσθαι
858 4711 916 4761 ἐν
947 4710 1012 4778 τῇ
1034 4708 1155 4778 δόξῃ
1180 4708 1272 4760 τοῦ
1306 4707 1515 4778 Πατρὸς
1548 4705 1712 4759 αὑτοῦ

79 4808 212 4872 μετᾶ
244 4809 367 4860 τῶν
405 4807 686 4875 ἀγγέλων
711 4799 886 4855 αὑτοῦ
908 4816 920 4828 ⁸
950 4800 1040 4852 καὶ
1069 4799 1186 4852 τότε
1217 4798 1481 4852 ἀποδώσει
1502 4798 1716 4869 ἐκάσεῳ

73 4899 220 4952 κατά
255 4901 369 4972 τὴν
413 4899 633 4970 πρᾶξιν
678 4891 880 4947 αὑτοῦ.
913 4911 930 4941 ι
964 4891 1034 4943 Τὸ
1062 4891 1117 4943 δὲ
1145 4891 1254 4944 δεῖν
1283 4891 1561 4964 ἀρνεῖσθαι
1593 4892 1717 4943 ὲαυ-

70 4992 184 5055 τὸν,
219 4994 325 5046 καὶ
383 4992 576 5063 αἴρειν
628 4987 734 5040 τὸν
771 4982 968 5036 ἑαυτοῦ
1004 4983 1252 5054 σταυρὸν,
1290 4983 1384 5035 καὶ
1427 4981 1503 5053 τῷ
1540 4981 1714 5051 Ἰησοῦ

68 5083 436 5146 ἀκολουθεῖν,
464 5083 530 5135 οὺ
553 5081 734 5152 μόνος
763 5074 1062 5138 Ματθαῖος,
1096 5068 1155 5128 οὗ
1193 5075 1290 5146 τὴν
1311 5074 1452 5138 λέξιν
1478 5073 1715 5146 παρεθέ-

74 5177 241 5248 μεθα,
281 5175 658 5247 ἀνέγραψεν,
729 5168 874 5223 ἀλλά
921 5168 1014 5220 καὶ
1059 5168 1289 5231 Λουκᾶς,
1343 5168 1435 5220 acati.
1467 5167 1714 5237 Μάρκος.

75 5273 289 5326 Ἄκουε
326 5271 453 5340 γάρ
489 5263 694 5320 Λουκᾶ
737 5260 1027 5328 λέγοντος⁸
1069 5260 1174 5312 «Et
1215 5275 1299 5321 τις
1353 5258 1496 5311 θέλει
1544 5258 1718 5310 ὀπίσω

71 5381 177 5431 μου
229 5361 544 5435 ἔρχεσθαι.
599 5351 952 5429 ἀρνησάσθω
1001 5352 1207 5417 ἑαυτὸν,
1243 5353 1336 5406 καὶ
1383 5352 1570 5424 ἀράτω
1626 5351 1717 5405 τὸν

69 5456 330 5528 σταυρὸν
393 5451 594 5516 αὐτοῦ,
640 5447 746 5502 καὶ
810 5443 1167 5499 ἀκολουθείτω
1210 5462 1317 5516 μοι.
1358 5447 1453 5508 Ὃς
1495 5445 1602 5516 γὰρ
1654 5443 1718 5498 ἂν

146 5661 194 5693 ³⁸
227 5656 457 5713 Matth.
488 5671 586 5717 vtt,
623 5652 687 5706 2.
772 5652 819 5684 ⁸⁸
858 5649 877 5703 ι
913 5649 1032 5704 Cor.
1063 5667 1155 5716 ιιι,
1184 5650 1272 5704 12.

156 5821 280 5893 (73)
315 5820 721 5887 Μιαίνοιμεν.
759 5812 867 5870 Ms.
900 5812 1084 5879 codex,
1117 5813 1395 5884 μαίνομεν,
1425 5813 1583 5868 male.

1351 5649 1392 5682 "
1433 5648 1624 5705 Matth.
1661 5666 1724 5704 xv

1886 3511 1974 3568 12.
2011 3513 2308 3567 Sciendum
2340 3520 2395 3564 et
2431 3511 2557 3564 illttd
2609 3519 2714 3573 est,
2765 3525 2863 3564 nos
2900 3509 2950 3563 id
3001 3507 3142 3580 quod
3190 3508 3390 3564 dicitur

1823 3613 2206 3660 testamentum
2244 3605 2336 3659 Dei
2365 3604 2532 3658 certis
2561 3601 3022 3657 conventionibns
3053 3601 3382 3670 suscepisse,

1815 3713 1951 3767 quas
1981 3707 2092 3750 tum
2123 3697 2351 3751 fecimus
2373 3711 2496 3750 cum
2524 3710 2626 3749 nos
2657 3694 2814 3763 juxta
2849 3692 3226 3748 Christianam
3259 3691 3391 3746 reli-

1816 3790 2030 3858 gionem
2060 3789 2304 3843 victuros
2335 3789 2660 3856 recepimus.
2697 3786 2790 3842 llis
2821 3793 3005 3840 autem
3042 3785 3244 3838 nostris
3265 3797 3391 3838 cum

1818 3883 1929 3937 Deo
1990 3881 2444 3935 conventionibus
2490 3879 2806 3949 evangelica
2861 3879 3037 3932 omnis
3100 3875 3387 3944 disciplina

1817 3972 2222 4027 continebatur.
2251 3972 2342 4026 Sic
2371 3987 2534 4042 porro
2555 3972 2686 4025 dicit
2713 3970 3068 4039 Evangelium
3093 3984 3109 4021 :
3135 3987 3154 4020 t
3183 3968 3240 4023 Si
3267 3969 3392 4038 quis

1815 4066 1934 4118 vult
1972 4074 2094 4134 post
2132 4080 2218 4119 tne
2254 4065 2466 4128 venire,
2509 4065 2741 4133 abneget
2786 4063 3161 4132 semetipsum,
3203 4070 3256 4116 et
3287 4062 3390 4116 tol-

1821 4156 1900 4212 lat
1926 4172 2144 4212 crucent
2175 4174 2356 4223 suam,
2383 4166 2437 4212 et
2470 4166 2736 4224 sequatur
2773 4171 2878 4210 me.
2913 4155 3012 4220 Qtti
3035 4155 3177 4210 enim
3207 4154 3392 4210 volue-

1821 4251 1893 4304 rit
1927 4251 2164 4304 animant
2219 4265 2376 4306 suam
2424 4249 2629 4303 salvam
2661 4249 2866 4312 facere,
2898 4247 3091 4317 perdet
3113 4262 3257 4302 eam.
3287 4246 3390 4312 Qui

1818 4352 1998 4397 autem
2024 4343 2321 4412 perdiderit
2345 4343 2583 4396 animam
2616 4357 2767 4396 suam
2801 4351 3022 4411 pr0ptcr
3045 4357 3149 4404 me,
3181 4340 3388 4393 salvam

1820 4433 1983 4490 faciet
2005 4450 2146 4490 eam.
2183 4435 2323 4501 Quid
2354 4435 2498 4489 enim
2535 4435 2755 4504 prodest
2797 4432 3002 4488 homini
3039 4433 3084 4486 si
3120 4432 3385 4486 mundum

1819 4525 2134 4580 universum
2173 4525 2435 4591 lucretur,
2464 4526 2658 4579 anima:
2691 4541 2819 4578 vero
2853 4539 2967 4578 sua:
2997 4524 3385 4578 detrimentum

1820 4619 2092 4687 patiatur?
2137 4629 2227 4671 ant
2275 4634 2436 4686 qttant
2501 4619 2652 4673 dabit
2705 4619 2868 4672 homo
2909 4616 3388 4671 commutationem

1819 4728 1918 4783 pro
1960 4713 2138 4764 anima
2193 4711 2323 4764 sua?
2353 4710 2523 4765 Filius
2557 4712 2702 4764 enim
2737 4710 2972 4764 hominis
3013 4718 3276 4762 venturus
3305 4717 3390 4764 est

1748 4795 1791 4850 D
1827 4802 1879 4855 itt
1908 4799 2078 4875 gloria
2104 4799 2281 4853 Patris
2320 4799 2402 4853 sui
2441 4814 2562 4852 cum
2595 4799 2804 4867 angelis
2836 4799 2970 4859 suis,
3009 4809 3065 4852 et
3095 4805 3226 4850 tunc
3268 4797 3391 4851 red-

1822 4893 1915 4947 det
1944 4891 2239 4960 unicuique
2283 4893 2578 4946 secundnm
2608 4904 2769 4957 opera
2822 4889 2938 4959 ejus
2958 4890 3022 4942 ³⁷.
3053 4907 3072 4940 ι
3108 4887 3262 4954 Quod
3294 4905 3390 4942 au-

1828 4996 1933 5041 tem
1963 4987 2198 5055 seipsum
2234 4986 2507 5055 abnegare
2539 4999 2758 5038 necesse
2781 4985 2870 5050 sit,
2899 4992 2953 5038 et
2985 4997 3204 5038 crucem
3233 4997 3386 5036 suam

1827 5077 2034 5138 tollere,
2078 5086 2130 5131 et
2163 5076 2348 5131 Jesum
2389 5076 2565 5144 sequi,
2603 5090 2708 5129 non
2753 5075 2904 5129 solus
2954 5072 3109 5141 cujus
3141 5074 3394 5142 apposui-

1825 5183 1943 5222 mus
1971 5169 2136 5222 verba
2165 5167 2449 5222 Mattltazus
2480 5165 2724 5234 scripsit,
2750 5165 2843 5220 sed
2877 5173 2936 5218 ct
2965 5163 3140 5218 Lucas
3170 5173 3222 5216 et
3249 5161 3394 5218 Har-

1823 5277 1946 5316 cus.
1994 5262 2133 5316 Audi
2174 5261 2319 5315 enim
2359 5259 2562 5313 Lucam
2613 5260 2928 5314 dicentem:
2964 5258 3061 5312 «Si
3103 5257 3226 5326 quis
3279 5256 3390 5311 vnit

1825 5362 1947 5421 post
1978 5368 2064 5408 me
2090 5353 2298 5417 venire,
2337 5352 2566 5418 abneget
2595 5346 2972 5420 semetipsum,
3003 5359 3057 5405 et
3085 5349 3236 5404 tollat
3266 5361 3387 5403 crn-

1827 5460 1942 5499 cetn
1975 5460 2150 5508 suam,
2178 5453 2233 5498 et
2265 5452 2527 5512 sequatur
2560 5456 2665 5498 tnc.
2694 5441 2795 5509 Qui
2829 5442 2974 5498 enim
3014 5441 3246 5497 voluerit
3271 5438 3393 5495 ani‘

1730 5651 1918 5714 1,24,
1954 5651 2045 5719 εδ,
2075 5649 2186 5714 26,
2223 5646 2316 5702 27.

1889 5812 2002 5882 (76)
2031 5809 2152 5874 llls.,
2184 5807 2438 5884 κελδήσῃ,
2472 5807 2633 5864 male.
