3962 6414
612 345 715 400 579

2078 329 2403 388 ONGENIS

3750 318 3838 372 580

611 476 754 514 mam
783 473 935 513 srram
973 457 1176 511 salvam
1211 455 1411 515 facere,
1440 452 1629 522 perdel
1657 452 1826 508 illam.
1863 453 1963 519 Qui
1993 463 2172 506 autem

2279 451 2407 520 θέλῃ
2448 451 2546 520 τιῖ-,ν
2591 447 2784 502 ἑαυτοῦ
2835 444 3005 498 σῶσαι
3047 441 3179 514 (77),
3231 441 3486 496 ἀπολέσει
3539 437 3728 508 αὐτὴν.
3757 439 3840 496 Ὃς

609 551 901 620 perdiderit
935 549 1095 617 282
1124 546 1359 599 animam
1391 559 1543 598 suam
1575 553 1798 614 propter
1829 561 1936 610 me,
1967 547 2173 599 salvam

612 643 776 696 faciet
821 641 987 693 illaut.
1030 639 1166 704 Quid
1214 637 1355 690 enim
1406 636 1624 704 prolicit
1651 638 1856 690 homini
1889 639 1932 692 si
1961 639 2177 692 univer-

610 749 730 786 sum
755 733 1015 785 mundum
1055 730 1314 790 lucretur,
1362 742 1421 779 se
1461 737 1643 780 autem
1691 729 1882 796 perdat
1926 739 1976 781 et
2011 731 2179 782 delri-

611 832 848 878 mentum
897 823 976 874 sui
1017 820 1242 874 faciatm
1266 819 1289 872 Ὺ
1315 839 1331 870 ι
1370 817 1612 871 Marcum
1649 829 1825 872 autem
1854 838 1865 872 :
1901 838 1918 869 ι
1946 821 2010 874 Et
2041 837 2174 874 con-

610 921 800 965 vocata
831 911 986 962 turba
1016 926 1137 963 cum
1168 910 1450 977 discipulis
1484 909 1618 969 suis.
1643 910 1778 962 dixit
1822 910 1901 962 eis
1932 932 1942 964 :
1971 911 2025 962 Si
2057 913 2178 978 qu's

612 1004 721 1056 vult
752 1020 837 1057 me
870 1003 1052 1069 sequi,
1090 1003 1319 1069 deneget
1351 1001 1701 1068 semetipsum
1746 1009 1805 1055 et
1853 1002 2003 1054 tollat
2057 1018 2181 1055 cru-

609 1109 729 1149 cem
757 1110 931 1157 suam,
964 1103 1012 1145 et
1043 1105 1302 1160 sequatur
1331 1108 1434 1148 me.
1473 1093 1574 1160 Qui
1614 1092 1758 1146 enim
1792 1092 2027 1146 voluerit
2063 1093 2180 1147 ani-

611 1202 753 1239 niani
803 1202 954 1238 suam
994 1184 1197 1238 salvam
1234 1185 1428 1247 facere.
1472 1189 1632 1255 perde
1681 1201 1835 1249 eam;
1873 1187 1962 1254 qui
1993 1198 2174 1240 autem

609 1277 912 1343 perdiderit
944 1284 1163 1344 propter
1187 1275 1568 1347 Evangelium,
1603 1277 1810 1330 salvam
1843 1278 2005 1332 faciet
2031 1292 2176 1332 eam.

609 1367 748 1433 Quid
782 1367 929 1421 enim
979 1367 1215 1434 proderit
1275 1367 1480 1422 homini
1531 1367 1576 1421 si
1629 1368 1867 1422 lucretur
1916 1370 2176 1423 mundum

611 1468 804 1519 totum,
839 1466 892 1508 et
939 1457 1327 1510 detrimentum
1395 1458 1587 1512 anima)
1633 1474 1744 1512 sua:
1785 1459 1982 1513 faciat?
2039 1461 2176 1526 Quid

609 1551 754 1618 enim
788 1549 934 1601 dabit
966 1553 1126 1602 homo
1160 1549 1597 1603 commutationis
1625 1564 1724 1618 pro
1747 1550 1926 1602 anima
1957 1552 2170 1604 sua"?t

613 1641 822 1694 Dudum
872 1640 1035 1709 igitur
1088 1641 1446 1704 nosmetipsos
1487 1638 1754 1707 abnegare
1804 1641 2089 1694 debuimus
2123 1652 2177 1695 et

610 1736 790 1789 dicere
817 1751 830 1787 :
855 1753 873 1782 ι
898 1733 1034 1787 Vivo
1063 1733 1176 1801 jam
1226 1748 1328 1786 non
1367 1747 1466 1801 ego
1486 1733 1564 1796 ¹⁰;
1600 1752 1619 1784 ι
1662 1747 1804 1786 nunc
1851 1749 1979 1786 vero
2009 1749 2172 1802 appa-

613 1836 731 1879 reat
784 1841 852 1878 an
908 1824 1289 1878 sustulerimus
1340 1837 1576 1875 erucem.
1609 1833 1850 1876 nostram
1886 1833 1942 1876 et
1991 1821 2174 1875 Jesum
2207 1803 2248 1856 Β

617 1918 793 1972 secuti
847 1917 1016 1968 simus
1047 1914 1221 1982 :quod
1267 1913 1468 1967 factum
1525 1923 1630 1976 est,
1672 1915 1714 1967 si
1763 1916 1892 1967 vivit
1944 1915 1993 1968 in
2027 1915 2178 1969 nobis

610 2009 881 2062 Christus.
913 2007 968 2060 Si
1004 2016 1250 2060 nostram
1299 2005 1548 2059 volumus
1593 2004 1825 2060 animam
1869 2006 2072 2059 salvam
2101 2004 2179 2058 fa-

610 2117 756 2166 cere,
790 2112 848 2156 ut
888 2102 1061 2170 ipsam
1095 2099 1276 2152 anima
1313 2099 1592 2154 meliorem
1640 2100 1988 2169 recipiamus,
2032 2114 2178 2152 mar—

613 2197 753 2271 tyrio
790 2195 1084 2266 perdamus
1135 2208 1275 2247 eam.
1332 2194 1388 2247 Si
1424 2195 1569 2248 enim
1616 2209 1736 2247 eam
1785 2193 2178 2262 perdiderimus

612 2299 834 2356 propter
857 2286 1163 2348 Christum,
1193 2284 1514 2354 eamqueilli
1545 2285 2179 2354 profuderinmspropter

613 2380 789 2447 ipsum
819 2378 1121 2443 moriendo,
1155 2393 1338 2432 veram
1365 2377 1597 2430 salutem
1630 2377 1679 2431 ei
1715 2376 2172 2443 comparabimus.

612 2469 710 2522 Sin
763 2470 964 2532 minus,
1002 2471 1287 2523 audiemus
1333 2469 1464 2522 nihil
1519 2467 1592 2521 illi
1633 2467 1889 2536 prodesse
1926 2465 2016 2534 qui
2055 2465 2179 2518 uui-

611 2576 825 2616 vcrsum
867 2562 1124 2615 mundum
1155 2560 1471 2616 sensibileut
1505 2575 1603 2614 sua
1652 2559 1822 2628 ipsius
1849 2557 2060 2626 jactura
2094 2556 2175 2608 lu-

550 2658 559 2665 '
609 2665 795 2708 cratus
826 2653 1020 2717 fuerit;
1052 2654 1255 2722 quique
1290 2652 1566 2722 propriam
1599 2651 1764 2706 semel
1789 2650 2025 2702 animam
2054 2662 2178 2717 per-

608 2746 813 2800 diderit
837 2746 1023 2816 ejusve
1064 2745 1456 2799 detrimentum
1493 2743 1706 2807 fecerit,
1733 2757 1856 2798 eum
1885 2756 1983 2794 nec
2018 2758 2176 2795 mun-

607 2837 732 2896 dum
785 2837 1121 2898 universum,
1171 2834 1214 2888 si
1258 2833 1504 2886 lucratus
1556 2832 1705 2886 illum
1748 2832 1838 2891 sit,
1876 2846 2035 2898 posse
2081 2844 2177 2898 pro

609 2927 806 2986 amissa
835 2927 1016 2980 anima
1047 2924 1527 2979 commutationem
1573 2925 1725 2980 dare.
1756 2921 1851 2976 Est
1903 2923 2048 2976 enim
2083 2923 2174 2976 illa

611 3021 776 3073 rebus
815 3018 1068 3071 omnibus
1117 3015 1403 3085 pretiosior
1451 3031 1568 3084 qua:
1604 3016 1668 3068 ad
1730 3014 1824 3068 Dei
1885 3016 2174 3085 imaginem

2281 546 2323 596 δ’
2358 543 2423 597 ἂν
2453 541 2692 612 ἀπολέσῃ
2735 539 2833 611 τὴν
2865 537 3042 608 ψυχὴν
3081 534 3246 588 αὑτοῦ
3283 535 3464 586 ἕνεκεν
3507 529 3665 601 ἐμοῦ,
3705 525 3840 590 οὗτος

2285 636 2444 688 σώσει
2477 635 2648 704 αὑτήν
2668 649 2681 663 ⁸
2715 633 2770 685 τί
2803 630 2912 702 γάρ
2941 629 3229 698 ὠφελεῖται
3258 627 3541 699 ἄνθρωπος
3584 623 3842 693 κερδήσας

2281 729 2371 780 τὸν
2400 727 2600 796 κόσμον
2625 725 2766 787 ὅλον,
2802 721 2993 775 ἑαυτὸν
3024 721 3079 774 δὲ
3107 719 3374 780 ἀπολέσας
3407 717 3438 788 ἦ
3474 714 3775 787 ζημιωθείς
3795 729 3837 775 ς»

2282 821 2508 890 Μάρκου
2557 817 2646 870 δέ·
2690 836 2706 867 ι
2732 816 2839 868 Καὶ
2885 811 3395 885 προσκαλεσάμενος
3445 809 3536 861 τὸν
3571 806 3729 876 ὄχλον
3757 805 3845 856 σὺν

2281 912 2392 971 τοῖς
2423 907 2686 978 μαθηταῖς
2719 903 2907 966 αὑτοῦ,
2936 900 3084 956 εἶπεν
3112 903 3318 964 αὐτοῖς’
3354 900 3422 953 Εἴ
3448 915 3533 960 τις
3563 896 3707 949 θέλει
3731 893 3843 946 ὀπί-

2284 1020 2361 1055 σω
2407 1019 2507 1074 μου
2540 999 2868 1060 ἀκολουθεῖν,
2899 996 3302 1068 ἀπαρνησάσθω
3342 993 3552 1055 ἑαυτὸν,
3590 991 3685 1043 καὶ
3723 988 3847 1058 ἀρά-

2281 1112 2357 1146 τω
2406 1092 2496 1144 τὸν
2547 1088 2776 1160 σταυρὸν
2828 1087 3014 1149 αὑτοῦ,
3045 1089 3137 1140 καὶ
3199 1082 3564 1140 ἀκολουθείτω
3615 1098 3724 1150 μοι.
3758 1081 3848 1142 ⁸·ος

2281 1186 2389 1257 γὰρ
2426 1185 2490 1239 ἂν
2523 1185 2654 1256 θέλῃ
2681 1187 2779 1255 τὴν
2815 1183 3008 1237 ἑαυτοῦ
3039 1183 3216 1252 ψυχὴν
3251 1179 3444 1240 σῶσαι,
3484 1175 3744 1229 ἀπολέσει
3762 1173 3853 1227 αὐ-

2281 1280 2380 1349 τήν
2399 1296 2411 1309 ·
2437 1277 2495 1342 ὅς
2519 1278 2561 1329 δ’
2601 1277 2665 1329 ἂν
2699 1275 2942 1348 ἀπολέσῃ
2973 1273 3156 1326 ’ἐνεκεν
3193 1272 3284 1324 τοῦ
3312 1268 3668 1337 Εὑαγγελίου,
3697 1265 3853 1318 σώσει

2283 1373 2471 1442 αὐτήν.
2511 1370 2574 1424 Τί
2609 1371 2663 1423 δὲ
2695 1368 2967 1439 ὠφελήσει
3012 1366 3103 1418 τὸν
3151 1364 3456 1436 ἄνθρωπον,
3489 1361 3585 1414 ἐὰν
3618 1359 3852 1431 κερδήσῃ

2281 1464 2371 1516 τὸν
2403 1463 2604 1533 κόσμον
2637 1461 2775 1525 ὅλον,
2811 1461 2905 1514 καὶ
2934 1458 3180 1529 ζημιωθῇ
3213 1456 3309 1527 τὴν
3344 1455 3522 1526 ψυχὴν
3553 1451 3757 1515 αὐτοῦς
3791 1449 3852 1501 Τί

2281 1556 2388 1627 γὰρ
2417 1554 2575 1609 δώσει
2610 1553 2704 1608 ἀνθ
2715 1569 2894 1624 ρωπος
2911 1550 3262 1619 ἀντάλλαγμα
3289 1548 3390 1616 τῆς
3413 1545 3594 1617 ψυχῆς
3619 1543 3784 1597 αὐτοῦ
3805 1559 3847 1606 ς»

2281 1651 2454 1704 Πάλαι
2485 1648 2662 1702 τοίνυν
2693 1645 2979 1715 ὀφείλομεν
3024 1640 3306 1714 ἀρνεῖσθαι
3349 1640 3595 1702 ἑαυτοὺς,
3626 1638 3722 1691 καὶ
3766 1636 3852 1689 λέο

2281 1761 2426 1811 γειν·
2465 1741 2586 1794 (Ζῶ
2632 1739 2813 1794 οὐκέτι
2871 1737 3014 1806 ἐγώ·
3043 1755 3060 1787 ι
3111 1735 3204 1788 καὶ
3243 1733 3336 1788 νῦν
3381 1733 3438 1786 δὲ
3485 1730 3752 1800 φανείτω,
3787 1731 3852 1791 εἰ,

2279 1835 2507 1908 ἄραντες
2548 1831 2755 1886 ἑαυτῶν
2787 1831 2878 1882 τὸν
2923 1828 3176 1900 σταυρὸν,
3217 1826 3294 1896 τῷ
3336 1823 3512 1896 Ἰησοῦ
3555 1821 3855 1892 ἠκολουθή-

2281 1943 2484 1997 σαμεν’
2509 1926 2646 1996 ὅπερ
2675 1923 2922 1992 γέγονεν,
2958 1922 3006 1973 εἰ
3055 1920 3121 1990 ζῇ
3167 1922 3224 1972 ἐν
3259 1921 3389 1989 ἡμῖν
3430 1920 3458 1970 ὁ
3499 1915 3760 1988 Χριστός.
3796 1915 3854 1965 Εἰ

2280 2020 2504 2090 θέλομεν
2541 2016 2698 2088 ἡμῶν
2750 2015 2922 2068 σῶσαι
2966 2012 3062 2084 τὴν
3110 2012 3306 2082 ψυχὴν,
3346 2011 3431 2064 ἵνα
3460 2009 3634 2078 αὐτὴν
3657 2007 3858 2061 ἀπολά-

2279 2109 2462 2181 ϐωμεν
2511 2107 2794 2178 κρείττονα
2849 2103 3028 2176 ψυχῆς
3077 2104 3208 2173 (78),
3249 2101 3536 2172 μαρτυρίῳ
3579 2098 3857 2152 ἀπολέσω-

2281 2221 2379 2274 μεν
2411 2203 2598 2272 αὑτην.
2636 2199 2760 2254 Ἐάν
2791 2197 2898 2271 γὰρ
2930 2196 3279 2266 ἀπολέσωμεν
3301 2193 3470 2264 αὐτὴν
3499 2191 3688 2244 ἓνεκεν
3727 2192 3770 2242 Χ
3782 2207 3858 2259 ρι-

2281 2294 2428 2358 στοῦ,
2465 2292 2614 2363 αὐτῷ
2653 2289 3102 2362 ὲπιρῤιπτοῦντες
3142 2287 3311 2359 αὐτὴν
3363 2288 3420 2338 ἐν
3465 2285 3546 2355 τῷ
3595 2285 3661 2337 δι’
3698 2283 3857 2337 αὐτὸν

2279 2388 2511 2457 θανάτῳ,
2542 2385 2640 2456 τὴν
2665 2383 2837 2455 ἀληθῆ
2893 2381 3163 2452 σωτηρέαν
3217 2379 3651 2451 περιποιήσομεν
3697 2378 3855 2446 αὐτῇ.

2291 2481 2415 2534 Ἐάν
2447 2479 2503 2532 δὲ
2533 2477 2595 2530 τὸ
2627 2475 2889 2539 ἐναντίον,
2927 2472 3250 2542 ἀκούσομεν,
3274 2473 3356 2524 ὅτι
3382 2470 3535 2523 οὐδὲν
3566 2469 3859 2537 ὠφελεῖται

2275 2575 2305 2626 ὁ
2335 2573 2426 2625 τὸν
2464 2571 2582 2624 ὅλον
2615 2567 2885 2641 κερδήσας
2917 2565 3170 2636 αἰσθητὸν
3210 2564 3412 2634 κόσμον
3444 2562 3534 2616 διὰ
3581 2563 3683 2633 τῆς
3725 2563 3860 2625 ἰδίας

2277 2663 2582 2727 ἀπωλείαςο
2615 2658 2763 2726 ἅπαξ
2793 2660 2849 2713 δὲ
2877 2658 3147 2720 ἀπολέσας
3183 2674 3268 2720 τις
3294 2655 3392 2725 τὴν
3427 2653 3625 2708 ἑαυτοῦ
3657 2652 3859 2724 ψυχὴν,

2276 2762 2310 2834 ἢ
2353 2759 2650 2832 ζημιωθεὶς
2696 2757 2888 2828 αὐτὴν,
2920 2753 3020 2808 κᾶν
3057 2754 3148 2807 τὸν
3190 2751 3312 2805 ὅλον
3355 2749 3598 2820 κερδήσῃ
3631 2747 3860 2815 κόσμον,

2271 2855 2332 2909 οὐ
2373 2854 2656 2922 δυνήσεται
2688 2849 2847 2903 αὐτὸν
2888 2846 3065 2899 δοῦναι
3105 2844 3458 2910 ἀντάλλαγμα
3487 2841 3588 2908 τῆς
3620 2835 3854 2889 ἀπολλυ-

2277 2937 2442 3007 μένης
2469 2936 2664 3005 ψυχῆς.
2694 2933 2772 2992 ,Ἦ
2798 2931 2903 3000 γὰρ
2934 2928 3053 2980 κατ’
3079 2927 3260 2979 εἰκόνα
3282 2924 3423 3007 θεοῦ
3451 2923 3575 2991 δεδη
3587 2938 3856 3007 μιουργη-

2446 3003 2745 3088 τιμιωτέρα
2791 3015 2906 3066 ἐστὶ
2953 3012 3189 3064 πάντων.
3237 3003 3332 3070 Εἷς
3379 3007 3542 3077 μόνος
3567 3006 3857 3074 δεδύνηται

609 3110 827 3164 condita
857 3118 958 3163 est.
990 3109 1140 3162 littus
1170 3108 1260 3160 ille
1299 3109 1472 3176 potuit
1515 3121 1610 3174 pro
1645 3107 1844 3158 amissa
1875 3107 2024 3173 prius
2053 3107 2172 3160 ani-

2279 3105 2455 3158 δοῦναι
2481 3102 2830 3170 ἀντάλλαγμα
2853 3098 2952 3166 τῆς
2976 3095 3351 3164 ἀπολλυμένης
3382 3093 3646 3164 πρότερον
3676 3092 3858 3161 ψυῇς

2285 3191 2297 3196 -
2367 3188 2390 3196 -
2493 3188 2505 3196 .
2575 3187 2587 3196 .
2724 3185 2734 3196 .
2957 3184 2967 3196 .
3037 3183 3060 3195 ..
3175 3180 3199 3192 ..
3263 3182 3275 3196 .
3425 3179 3448 3188 -
3666 3178 3679 3196 ,
3785 3177 3835 3196 κν.

611 3219 693 3255 tua
743 3211 930 3254 nostra
981 3199 1460 3253 commutationem
1515 3199 1646 3250 dare
1685 3196 1771 3264 qui
1833 3215 1850 3246 ι
1882 3197 2120 3266 pretioso
2149 3216 2167 3250 ι

611 3305 708 3344 nos
741 3308 758 3338 ι
786 3290 1050 3359 sanguine
1077 3307 1093 3338 ι
1129 3303 1227 3341 suo
1254 3287 1484 3340 redemit
1505 3288 1571 3339 “.

682 3403 768 3456 l3.
811 3401 995 3470 Itaque
1042 3401 1086 3454 si
1136 3400 1361 3454 studiosi
1423 3400 1474 3453 in
1531 3399 1779 3461 Christo,
1833 3410 1885 3454 et
1936 3401 2043 3464 iam
2089 3417 2186 3459 co-

607 3493 908 3563 gnitionem
961 3492 1105 3544 illam
1151 3507 1270 3561 qua!
1302 3511 1319 3542 ι
1347 3508 1442 3560 per
1483 3491 1755 3560 speculum
1787 3513 1804 3544 ι
1845 3503 1928 3548 est
1973 3504 2027 3547 et
2078 3513 2095 3544 ι
2121 3495 2173 3547 in

607 3586 1042 3653 amigmate”,t
1108 3585 1370 3638 excedere
1446 3584 1666 3652 cupidi,
1724 3585 2023 3653 proper-etis
2106 3587 2172 3638 ad

607 3693 732 3732 eum
791 3677 882 3745 qui
937 3677 1146 3730 vocavit
1191 3691 1318 3742 vos,
1367 3677 1705 3746 cognoscetis
1757 3687 2018 3746 quantum
2066 3693 2171 3732 non

610 3769 950 3841 cognovistis
995 3784 1230 3836 unquam
1265 3807 1280 3832 ,
1326 3784 1342 3817 ι
1372 3769 1510 3821 facie
1557 3784 1748 3838 nempe
1797 3772 1862 3823 ad
1907 3769 2120 3833 faciem,
2148 3787 2167 3821 ι

608 3873 669 3916 ιιι
712 3860 890 3916 Patris
934 3860 1172 3914 caelestis
1218 3860 1400 3914 amici.
1449 3860 1620 3914 Amici
1665 3861 1808 3915 enim
1850 3861 2077 3916 videndo
2119 3869 2175 3916 et

610 3968 718 4006 non
790 3967 886 4021 per
959 3953 1240 4020 aenigmata
1302 3952 1530 4004 'discunt
1583 3961 1675 4004 aut
1727 3951 1864 4004 ttuda
1937 3966 2170 4016 vocum,

609 4046 694 4098 vel
741 4044 1058 4109 dictionum,
1103 4044 1186 4098 vel
1231 4044 1547 4111 signorum,
1601 4042 1683 4096 vel
1742 4043 2036 4112 figurarum
2087 4057 2174 4094 sa-

607 4139 844 4208 pientia,
889 4141 982 4192 sed
1039 4136 1460 4205 intelligibilinm
1526 4150 1707 4188 rerum
1766 4143 2012 4188 naturain
2079 4145 2170 4189 aut

608 4230 852 4285 veritatis
925 4229 1390 4299 pulchritudinem
1443 4226 1733 4295 attingunt.
1800 4224 1855 4277 Si
1931 4223 2172 4278 creditur

608 4322 807 4378 Paulus
843 4341 862 4374 ι
890 4323 958 4376 ad
1011 4323 1230 4376 tertium
1281 4320 1522 4374 crelunn
1573 4325 1760 4385 raptus
1809 4330 1950 4379 esse,
1984 4325 2038 4369 et
2068 4331 2170 4368 au-

606 4416 752 4470 disse
781 4434 799 4467 ι
821 4432 1020 4470 arcana
1050 4418 1215 4469 verba
1236 4430 1357 4484 qua:
1381 4427 1485 4466 non
1519 4411 1646 4465 licet
1670 4409 1874 4464 homini
1903 4407 2164 4477 loqui",t

2274 3188 2452 3258 ἡμῶν,
2484 3188 2512 3239 ὁ
2560 3185 2906 3256 ὠνησάμενος
2947 3183 3092 3252 ἡμᾶς
3135 3180 3210 3252 τῷ
3257 3179 3452 3232 ἑαυτοῦ
3500 3198 3517 3230 ι
3559 3178 3729 3250 τιμίῳ
3775 3177 3863 3230 αἶ-

2284 3290 2433 3344 ματι.
2479 3291 2495 3322 ι

2362 3403 2486 3458 Ἐὰν
2516 3397 2608 3456 οὖν
2640 3396 3056 3470 φιλομαθοῦντες
3089 3395 3145 3447 ὲν
3175 3389 3419 3463 Χριστῷ,
3451 3389 3548 3441 καὶ
3585 3385 3688 3456 ἤδη
3728 3382 3867 3436 ποτε

2279 3498 2340 3551 τδ
2390 3517 2408 3548 ι
2459 3495 2522 3549 δι’
2577 3493 2840 3562 ἐσόπτρου
2896 3489 2989 3542 καὶ
3034 3488 3092 3539 ὲν
3157 3484 3440 3555 αἰνίγματι
3488 3501 3506 3533 ι
3566 3479 3866 3552 μανθάνειν

2281 3585 2626 3658 ὑπερϐαίνειν
2665 3582 2941 3644 θέλοντες,
2977 3576 3242 3647 σπεύδητε
3277 3575 3414 3646 πρὸς
3459 3574 3551 3626 τὸν
3592 3570 3869 3625 καλέσαν-

2280 3696 2371 3741 τα,
2396 3678 2518 3730 ὅσον
2552 3673 2782 3732 οὐδέπω,
2815 3689 2832 3721 ι
2859 3668 3146 3741 πρόσωπον
3179 3665 3318 3736 πρὸς
3352 3664 3642 3734 πρόσωπον
3667 3679 3686 3711 ›
3729 3659 3871 3712 εἴσε-

2283 3767 2397 3831 σθε,
2428 3766 2504 3827 ὠς
2528 3764 2668 3833 φίλοι
2707 3762 2802 3816 τοῦ
2843 3763 2900 3813 ὲν
2939 3759 3186 3830 οὐρανοῖς
3223 3754 3470 3826 Πατρός·
3501 3755 3549 3805 οἱ
3581 3751 3693 3822 γὰρ
3719 3750 3872 3819 φίλοι

2282 3862 2341 3920 ὲν
2365 3857 2496 3910 εῖδει
2555 3854 2648 3908 καὶ
2679 3853 2738 3905 οὐ
2765 3853 2832 3904 δι’
2861 3849 3194 3918 αἰνιγμάτων
3227 3844 3608 3916 μανθάνουσιν,
3640 3841 3676 3911 ἦ
3715 3857 3871 3908 γυμ-

2278 3953 2342 4021 νῇ
2377 3947 2539 4017 σοφίᾳ
2567 3944 2778 4014 φωνῶν,
2803 3943 2895 3997 καὶ
2921 3940 3139 4004 λέξεων,
3164 3937 3256 3990 καὶ
3297 3933 3604 4004 συμϐόλων,
3637 3933 3741 3984 καὶ
3770 3928 3872 3982 τύ-

2281 4058 2417 4103 πων,
2444 4034 2872 4108 προσὸἀλλοντες
2899 4032 2965 4099 τῇ
2987 4028 3094 4081 τῶν
3117 4025 3321 4095 νοητῶν
3345 4023 3506 4092 φύσει
3537 4021 3630 4074 καὶ
3650 4020 3738 4090 τῷ
3769 4019 3877 4087 τῆς

2279 4129 2535 4201 ἀληθείας
2565 4125 2770 4179 κάλλει.
2803 4123 2974 4191 Εἴπερ
3004 4117 3339 4180 πιστεύεται,
3385 4117 3468 4168 ὅτι
3509 4111 3730 4174 Παῦλος
3765 4113 3872 4181 ἡρο

2282 4223 2431 4292 πάγη
2471 4240 2488 4271 ι
2515 4222 2594 4281 εἰς
2639 4217 2822 4287 τρίτον
2861 4212 3109 4284 οὐρανὸν,
3134 4230 3150 4260 ι
3194 4210 3289 4263 καὶ
3325 4209 3562 4278 ἤκουσεν
3598 4225 3614 4254 ι
3640 4207 3875 4275 ἄρρητα

2282 4313 2518 4383 ῥήματα,
2547 4307 2584 4361 ἃ
2617 4306 2716 4359 οὐκ
2756 4303 2874 4371 ἐξὸν
2917 4300 3186 4372 ἀνθρώπῳ
3217 4299 3469 4368 λαλῆσαι,
3498 4317 3515 4346 ι
3544 4294 3875 4356 ἀκολούθως

2277 4399 2487 4456 εἴσεσθε
2523 4397 2630 4470 (79)
2675 4397 2755 4450 ὅτι
2794 4393 2902 4448 τῶν
2939 4393 3059 4446 τότε
3107 4390 3305 4460 Παύλῳ
3348 4385 3879 4456 ἀποκώυφῡέντων

606 4518 1005 4578 consequenter
1054 4507 1364 4576 intelligetis
1397 4505 1462 4559 iis
1503 4519 1622 4573 qua:
1651 4515 1779 4556 tunc
1814 4500 1982 4554 Paulo
2013 4515 2171 4554 reve-

2282 4493 2542 4566 ῥημάτων
2593 4491 2868 4561 ἀρρήτων,
2927 4484 3044 4556 μεθ’
3095 4483 3130 4538 ἃ
3171 4479 3549 4550 καταϐέϐηκεν
3600 4477 3724 4530 ἀπὸ
3775 4475 3878 4528 τοῦ

609 4601 713 4653 lata
746 4609 894 4665 sunt,
930 4599 1148 4654 arcanis
1181 4599 1384 4661 verbis,
1432 4605 1553 4664 post
1587 4608 1706 4660 quae
1749 4607 1779 4643 e
1828 4593 1986 4645 tertio
2033 4589 2173 4644 coelo

606 4694 906 4758 descendit,
945 4693 1096 4765 plura
1151 4706 1248 4746 vos
1281 4699 1336 4745 ct
1363 4689 1566 4758 majora
1600 4686 1780 4741 statim
1819 4698 1940 4739 esse
1983 4683 2176 4748 COgui-

683 4895 726 4926 ⁸⁸
749 4893 978 4947 [ιιιιξδιικ
998 4931 1013 4955 ,
1047 4891 1141 4948 25.
1163 4889 1256 4951 94,
1283 4889 1378 4944 9.5.
1407 4888 1451 4920 "
1487 4886 1656 4941 Marc.
1686 4901 1807 4949 vm,
1840 4884 1927 4948 54,
1956 4885 2045 4949 55,
2074 4886 2165 4942 56.

607 4967 650 4996 ³³
682 4963 718 5017 Il
751 4965 879 5018 Cor.
912 4976 1008 5025 xu,
1034 4960 1092 5024 2,
1125 4961 1177 5012 4.

681 5098 793 5166 (Π)
827 5097 963 5149 Ante
994 5095 1186 5160 σῶσαι,
1237 5096 1385 5148 deest
1421 5095 1472 5146 in
1523 5094 1891 5162 manuscriplo
1924 5109 2025 5148 vox
2055 5094 2162 5165 ψυ-

607 5169 728 5238 χήν,
746 5183 874 5238 qua:
899 5176 1081 5238 tamen
1101 5167 1312 5218 videtur
1343 5166 1666 5238 necessaria.

677 5237 786 5306 (78)
831 5235 1234 5304 Ἀπολάϐωμεν
1279 5236 1587 5306 κρείττονα
1629 5232 1853 5301 ψυχῆς.
1898 5233 1950 5287 Id
1988 5236 2167 5306 innuit

619 5305 882 5375 Origenes
909 5309 1047 5373 quod
1083 5306 1175 5358 lib.
1216 5320 1252 5358 ιι
1316 5305 1394 5358 De
1439 5307 1726 5371 principiis.
1765 5321 1884 5372 cap.
1931 5306 1983 5369 7,
2018 5321 2074 5374 ιι.
2107 5305 2162 5370 5,

613 5377 829 5443 scripsit
858 5392 871 5429 :
909 5394 926 5426 ι
953 5375 1247 5429 Videndum
1283 5389 1408 5442 ergo
1437 5385 1539 5437 est,
1581 5390 1646 5426 ne
1683 5375 1820 5428 forte
1845 5376 1984 5428 sicut
2016 5376 2163 5428 dixi-

615 5461 737 5498 mus
770 5459 833 5497 ex
864 5447 978 5512 ipso
1004 5446 1216 5499 nomine
1241 5444 1532 5504 declarari.
1561 5443 1629 5496 ab
1657 5459 1721 5497 eo
1753 5445 1894 5512 quod
1933 5447 2162 5498 refrixe-

615 5516 683 5567 rit
716 5530 743 5568 a
778 5514 1274 5580 fert-orejustorum
1307 5524 1363 5568 et
1393 5513 1559 5567 divini
1595 5514 1736 5581 ignis
1786 5515 2154 5582 participatio-

613 5600 702 5646 nc,
732 5583 899 5654 ψυχή,
935 5586 984 5636 id
1023 5593 1106 5638 est
1149 5586 1328 5639 anima
1366 5583 1628 5654 appellata
1658 5583 1786 5654 sit.
1812 5582 1918 5638 Nec
1975 5595 2153 5638 t:uuen

615 5655 796 5707 amisit
842 5653 1151 5708 facultatem
1199 5653 1521 5709 restituendi
1563 5669 1622 5706 se
1655 5653 1706 5706 in
1760 5653 1906 5705 illum
1952 5664 2152 5708 statum

616 5721 863 5788 fervoris,
896 5725 946 5776 in
993 5741 1099 5793 quo
1151 5740 1218 5778 ex
1264 5723 1420 5793 initio
1454 5722 1574 5776 fuit.
1610 5723 1759 5776 Unde
1813 5734 1866 5776 et
1893 5725 2152 5793 propheta

619 5796 721 5846 tale
751 5793 953 5863 aliquid
987 5792 1196 5848 videtur
1226 5792 1532 5859 ostendere,
1583 5809 1704 5848 cum
1746 5793 1879 5850 dicit
1911 5810 1924 5848 :
1959 5792 2150 5846 licuer-

2242 4885 2286 4917 ²⁰
2313 4878 2492 4938 Galal.
2521 4888 2580 4938 ll,
2617 4872 2707 4929 '20.

2273 4586 2458 4657 τρίτου
2503 4580 2753 4653 οὐρανοῦ,
2789 4578 3009 4631 πλείονα
3041 4576 3135 4628 καὶ
3187 4572 3413 4644 μείζονα
3471 4569 3684 4632 εὐθέως
3723 4567 3882 4637 γνώ-

2276 4677 2455 4742 σεσθε,
2500 4675 2636 4745 μετά
2676 4672 2773 4742 τὴν
2805 4669 3004 4740 γνῶσιν
3047 4669 3106 4720 οὗ
3149 4665 3610 4736 καταθησόμενοι,
3643 4662 3759 4717 ἐὰν
3793 4662 3882 4715 αῖ-

2811 4870 2851 4900 “
2884 4868 2900 4922 l
2938 4865 3054 4921 Pet.
3090 4864 3205 4924 1.9.
3310 4864 3354 4893 "
3389 4863 3404 4916 l
3434 4862 3558 4917 Cur.
3589 4876 3706 4916 xm
3735 4903 3754 4927 ,
3790 4862 3882 4917 19..

2274 5105 2401 5155 tere,
2433 5086 2617 5142 anima
2651 5098 2781 5144 mea,
2816 5082 2869 5133 in
2916 5078 3142 5155 requiem
3173 5084 3340 5155 tuam
3372 5071 3540 5144 (Psal.
3576 5086 3761 5155 extv,
3802 5073 3883 5155 Ἰ),

2270 5143 2600 5226 ΕιἾιιιιίΙιιιε
2653 5143 2906 5206 omnibus
2967 5143 3091 5226 illud
3134 5145 3356 5226 videtur
3394 5143 3647 5226 ostendi,
3707 5145 3884 5226 ﬂuod

2273 5214 2436 5286 utens.
2472 5228 2536 5278 de
2586 5234 2728 5277 statu
2771 5236 2870 5275 suo
2897 5235 2960 5273 ac
3003 5219 3266 5286 dignitate
3307 5215 3613 5273 declinans.
3658 5214 3882 5286 elici-Ia

2407 5282 2726 5363 ituttcupata
2784 5282 3112 5363 estauima,
3141 5300 3276 5363 qu:B_
3306 5286 3351 5336 si
3390 5293 3649 5350 reparata
3670 5282 3836 5363 aliter
3867 5295 3886 5337 t

2268 5352 2638 5427 etv-correcta,
2692 5363 2831 5415 rodit
2883 5361 2934 5413 in
2989 5361 3091 5412 hoc
3137 5352 3195 5408 ut
3235 5355 3337 5427 sit“
3373 5367 3596 5427 mens.)
3661 5352 3882 5427 Gut-ca

2271 5422 2434 5497 verba
2483 5422 2680 5490 ibidem
2713 5433 3063 5489 exhibentur,
3104 5441 3169 5479 ex
3201 5425 3428 5497 ‘quibus
3475 5422 3620 5497 satis~
3695 5424 3887 5489 liquet

2267 5493 2393 5582 quo
2422 5518 2579 5582 pacto
2623 5504 2803 5556 anima
2856 5503 2957 5582 lia}.
2996 5494 3213 5582 Qrigeni
3247 5495 3436 5582 adiuta
3476 5493 3694 5545 melior
3718 5507 3888 5582 :rper

2263 5563 2590 5649 iiia'rtvrium
2625 5588 2816 5649 nempe
2847 5563 3213 5649 reditinﬂbuc
3245 5571 3325 5649 “ut
3368 5563 3442 5617 sit
3498 5577 3700 5619 tuens.
3739 5563 3888 5620 Vitis

2263 5633 2432 5706 ιῖ
2467 5633 3028 5714 οι·ἱ9ωιί‹ιιι’.,γιιιιῖιιεε.
3067 5637 3135 5714 6,“
3159 5652 3208 5686 ιι.

2333 5718 2444 5791 (79)
2485 5705 2602 5781 Ms',
2632 5705 2934 5775 ἀκολούθως
2964 5705 3219 5762 εἴσεσθαι.
