3996 6504
157 378 230 433 531

157 503 303 561 [mm
345 483 425 536 τὸν
469 479 690 554 σταυρὸν
730 479 906 535 ὀπίσω
948 476 1042 532 τοῦ
1087 476 1261 548 Ἰησοῦ
1315 474 1662 544 ἀκολουθῆτε,
1697 479 1736 533 Α

155 578 423 648 ῖνιέχομεν
449 575 701 646 ἀρχιερέα
747 573 918 644 μέγαν
962 570 1310 640 διεληλυθότα
1352 571 1477 630 τούς
1501 569 1662 638 οὐρα-

156 672 304 733 νούς.»
336 669 433 722 Καὶ
475 668 642 730 αὐτοὶ,
676 667 774 718 οὐκ
817 663 1172 734 ἀφιστάμενοι
1215 663 1322 714 τῶν
1367 661 1540 712 ὀπίσω
1571 657 1677 712 αὐ-’

158 762 244 823 τοῦ,
266 759 573 813 διελεύσεσθε
594 759 718 819 τοὺς
755 757 1038 827 οὐρανοὺς,
1067 755 1124 806 οὐ
1156 754 1312 824 μόνον
1326 753 1420 806 καὶ
1446 753 1514 804 τά
1537 753 1664 822 περὶ

158 857 233 921 γῆν
260 854 502 921 μυστήρια
526 848 960 920 ὑπερϐαίνοντες,
1001 847 1135 900 ἀλλὰ
1162 846 1254 898 καὶ
1281 845 1543 916 οὐρανοὺς
1572 845 1665 898 καὶ

159 949 205 997 τὲ
223 945 326 1013 περὶ
350 941 534 994 αὐτῶν.
570 942 712 993 Ἐστι
733 940 839 1011 γὰρ
863 942 920 991 ὲν
939 938 1017 1008 τῷ
1046 937 1166 1008 Θεῷ
1223 937 1662 1007 ὲναποτεθησαυ-

162 1036 342 1103 pnas-ua
375 1032 542 1101 πολλῷ
577 1030 798 1101 μείζονα
849 1029 1050 1082 τούτων
1097 1029 1368 1099 θεάματα,
1397 1028 1555 1082 ἆτινα
1584 1028 1668 1080 οὐ-

162 1125 282 1190 δεμίι
313 1123 458 1190 φύσις
494 1124 600 1175 τῶν
651 1126 707 1177 ὲν
748 1125 954 1196 σώματι
1007 1125 1080 1195 μὴ
1129 1125 1389 1196 πρότερον
1428 1123 1671 1178 ἀπαλλα-

163 1218 280 1282 γεῖσα
323 1214 556 1283 σώματος
606 1217 852 1286 χωρῆσαι
898 1216 1138 1270 δύναται.
1189 1218 1492 1287 Πέπεισμαι
1530 1217 1670 1286 γάρ,

162 1310 221 1360 ὅτι
247 1302 308 1360 ὧν
344 1305 470 1360 εἶδεν
512 1309 663 1378 ἥλιος
693 1311 784 1362 καὶ
829 1310 1022 1381 σελήνη
1045 1349 1059 1370 ,
1099 1311 1194 1363 καὶ
1233 1314 1260 1364 ό
1294 1310 1399 1363 τῶν
1429 1310 1672 1382 ἀστέρων

164 1401 298 1470 ῖῖςῷί
323 1399 445 1452 ἀλλὰ
473 1402 564 1453 καὶ
592 1401 834 1469 ἀγγέλων
864 1404 1054 1470 ἁγίων,
1090 1402 1181 1466 οὓς
1213 1404 1462 1474 ἐποίησεν
1491 1406 1518 1457 ό
1541 1405 1674 1468 Θεὸς

166 1507 180 1539 ι
209 1488 383 1558 πιεῦμα
412 1490 501 1541 καὶ
543 1490 714 1561 πυρὸς
743 1490 944 1558 φλόγα,
989 1511 1006 1542 ι
1042 1492 1220 1562 πολλῷ
1255 1493 1476 1562 μείζονα
1516 1511 1675 1562 ταμι-

165 1582 301 1634 εύεται
330 1581 412 1633 καὶ
449 1585 603 1653 τηρεῖ
636 1583 764 1654 παρ’
793 1583 969 1653 ἑαυτῷ
997 1587 1025 1636 ὁ
1056 1585 1206 1646 Θεὸς.
1235 1585 1321 1638 ἵνα
1347 1585 1485 1638 αὐτὰ
1514 1603 1675 1654 φανε-

167 1671 305 1740 ρὼσῃ,
343 1673 461 1724 ὅταν
496 1692 512 1721 ι
553 1674 703 1726 πᾶσα
751 1675 783 1744 ἡ
829 1673 1006 1737 κτίσις
1049 1675 1383 1748 ἐλευθερωθῇ
1426 1677 1533 1730 ἀπὸ
1578 1677 1676 1747 τῆς

163 1760 351 1823 δουλείας
373 1762 465 1831 τῆς
502 1763 738 1834 φθορᾶς,
771 1765 848 1827 εἰς
884 1765 982 1835 τὴν
1026 1765 1334 1837 ἐλευθερίαν
1375 1767 1475 1837 τῆς
1517 1767 1676 1837 δόξης

163 1853 241 1903 τῶν
262 1853 439 1905 τέκνων
471 1852 561 1906 τοῦ
591 1854 748 1907 Θεοῦ.
789 1873 810 1906 ι

211 2022 279 2072 ‘51.".
294 2020 359 2085 δὲ,
385 2021 488 2090 ἱερὲ
526 2019 840 2091 Ἀμὸρόσιε,
862 2023 1084 2076 ὲνιδόντι
1105 2023 1486 2096 ἐξητασμένως
1510 2024 1673 2094 εὐαγ-

160 2113 302 2180 721m;
325 2113 482 2182 φωνῇ,
519 2111 790 2183 πάρεστιν
827 2115 975 2180 ἰδεῖν,
1005 2114 1080 2180 ὡς
1115 2115 1222 2188 ἄρα
1247 2117 1389 2186 ⁴ιτάχα
1421 2117 1454 2188 ἢ
1499 2117 1673 2182 οὐδεὶς

159 2206 237 2256 τῶν
260 2204 470 2268 πώποτε,
505 2205 536 2276 ἢ
572 2207 716 2260 πάνυ
747 2207 916 2275 ὀλίγοι
947 2207 1159 2278 χύσεως
1186 2209 1534 2281 μακαρισμοῦ
1563 2210 1675 2263 ἐπιο

160 2295 376 2361 τεύξονται
415 2297 694 2370 ὲξαιρὲτου
724 2300 868 2363 τινὸς
921 2303 1015 2354 καὶ
1073 2301 1355 2366 πλείονος,
1404 2302 1463 2355 ὲν
1506 2302 1675 2374 ὁποίῳ

161 2388 233 2460 ἓεῃ
254 2392 328 2442 καὶ
358 2391 436 2453 σὺ,
465 2392 511 2442 εί
538 2391 632 2444 τὸν
661 2391 846 2460 ἀγῶνα
872 2392 1208 2457 ἀδιστάκτως
1233 2393 1511 2464 διανήξαιο
1540 2393 1674 2464 (80).

160 2480 216 2530 Tt
241 2480 284 2532 δὲ
313 2482 511 2551 ῥήματα
539 2482 718 2546 οὔτως
756 2483 887 2554 ἔχει.
946 2485 1003 2537 'O
1031 2484 1234 2555 Πέτρος
1270 2480 1390 2538 εἷπέ
1424 2501 1553 2538 ποτε
1599 2485 1676 2556 τῷ

162 2569 319 2639 Σωτῆρι
339 2588 350 2600 ’
384 2589 401 2621 ι
447 2572 574 2625 Ἰδοὺ
619 2573 781 2643 ἡμεῖς
803 2573 1094 2644 ἀφήκαμεν
1122 2574 1299 2628 πάντα
1327 2575 1421 2627 καὶ
1453 2575 1678 2645 ἠκολου-

161 2659 350 2729 ῦῂσσμέν
388 2678 499 2714 σοι·
541 2662 593 2714 τί
638 2662 746 2733 ἄρα
782 2662 934 2716 ἔσται
960 2666 1122 2736 ἡμῖνς
1162 2664 1220 2717 '0
1249 2665 1304 2718 δὲ
1349 2665 1552 2737 Ἰησοῦς
1596 2664 1676 2719 εἷ-

163 2768 231 2802 πεν
272 2753 453 2818 αὐτοῖς,
509 2773 528 2807 ι
577 2753 828 2824 δηλονότι
864 2759 978 2820 τοῖς
1019 2757 1367 2822 ἀποστόλοις·
1434 2777 1453 2810 ι
1506 2757 1677 2830 Ἀμὴν

161 2843 264 2910 λέγω
290 2846 430 2915 ὑμῖν,
461 2849 542 2901 ὅτι
577 2849 742 2920 ὑμεῖς
768 2851 814 2902 οἱ
845 2849 1312 2922 ἀκολουθήσαντές
1343 2868 1432 2922 μοι
1457 2889 1472 2914 ,
1508 2851 1566 2905 ἐν
1607 2852 1673 2922 τῇ

161 2935 501 3010 παλιγγενεσία,
551 2940 688 2994 ὅταν
720 2938 918 3011 καθίσῃ
951 2943 979 2994 ὁ
1002 2941 1135 3006 Θεὸς
1168 2942 1262 2996 ἐπὶ
1299 2943 1487 3014 θρόνου
1520 2943 1676 3014 δόξης

161 3026 308 3090 αὐτοῦ,
352 3030 648 3102 καθήσεσθε
693 3033 787 3084 καὶ
827 3032 981 3084 αὐτοὶ
1024 3033 1116 3086 ἐπὶ
1158 3033 1376 3105 θρόνους
1429 3034 1674 3102 δώδεκα,

163 3117 376 3186 κρίνοντες
408 3121 501 3185 τάς
544 3121 759 3175 δώδεκα
793 3122 964 3190 φυλὰς
999 3124 1094 3176 τοῦ
1134 3125 1381 3196 Ἰσραήλ·
1423 3126 1518 3179 καὶ
1568 3129 1676 3192 πᾶς

162 3206 269 3269 531:;
285 3209 470 3280 ἀφῆκεν
495 3210 778 3280 ἀδελφοὺς,
808 3210 840 3282 ἢ
867 3211 1121 3281 ἀδελφάς,
1153 3213 1184 3283 ἦ
1211 3191 1406 3281 γονεῖς,
1433 3214 1466 3284 ἢ
1491 3191 1676 3279 τέκνα,
1706 3191 1747 3249 C

166 3299 385 3370 ἢάγροὺς,
415 3303 444 3373 ἢ
475 3304 660 3368 οἰκίας
688 3305 871 3358 ἕνεκεν
901 3304 994 3358 τοῦ
1027 3305 1288 3376 ὀνόματός
1318 3324 1438 3378 μου,
1483 3307 1682 3361 πολλα-

165 3392 371 3445 τιζασίονα
393 3393 640 3463 λήψεται,
672 3395 766 3448 καὶ
789 3393 934 3466 ζωὴν
958 3394 1172 3448 αἰώνιον
1201 3396 1613 3469 κληρονομήσει.
1657 3417 1676 3449 ο

165 3478 329 3532 Τούτων
352 3483 451 3550 (8|)
475 3484 528 3536 δὲ
547 3484 740 3536 ’ἐνεκεν
762 3483 868 3537 τῶν
893 3485 1070 3555 ῥητῶν
1086 3485 1336 3557 ηὐξάμην
1361 3486 1424 3540 ἂν
1447 3486 1681 3540 τοσαῦτα

167 3573 439 3642 κτησάμενος
494 3577 585 3627 ἐπὶ
631 3575 758 3646 γῆς,
814 3577 987 3630 ὁπόσα
1039 3577 1203 3648 ἔχεις,
1256 3578 1289 3649 ἢ
1338 3579 1432 3633 καὶ
1477 3579 1682 3633 τούτων

166 3660 351 3727 πλείονα,
387 3665 637 3733 γενέσθαι
685 3667 892 3738 μάρτυς
921 3670 976 3722 ὲν
1018 3669 1237 3740 Χριστῷ
1278 3670 1356 3741 τῷ
1388 3670 1505 3742 Θεῷ
1528 3712 1542 3735 ,
1597 3672 1682 3724 ἴνα

166 3753 531 3813 πολλαπλασίονα
562 3757 740 3822 λάϐω,
769 3759 824 3831 ἢ,
853 3760 928 3824 ῶς
960 3762 989 3814 ὁ
1015 3761 1240 3833 Μάρκος
1274 3763 1457 3833 φησιν,
1493 3782 1510 3815 ι
1551 3765 1683 3816 ὲκσ.⁴

166 3849 544 3907 πενταπλασίονα.
582 3873 601 3906 ι
644 3853 831 3924 Πολλῷ
859 3854 1082 3907 πλείονα
1108 3857 1274 3919 ἐστιν,
1303 3856 1498 3925 ὀλίγων
1525 3859 1685 3910 ὁποῖα

168 3941 514 4015 καταλείψομεν,
550 3949 653 4001 ἐὰν
680 3949 771 4000 ἐπὶ
802 3946 1096 4018 μαρτύριον
1125 3948 1428 4020 κληθῶμεν,
1460 3951 1684 4005 ἑκατον-

169 4033 644 4109 ταπλασιαξομένων.
689 4039 889 4093 Τούτου
931 4040 990 4093 δὲ
1028 4041 1213 4094 ἕνεκεν
1238 4082 1252 4105 ,
1295 4044 1343 4095 εί
1385 4043 1683 4114 μαρτυρῶ,

168 4122 403 4199 ἐϐουλόμην
433 4133 522 4184 καὶ
553 4131 727 4186 τέκνα
754 4133 1069 4186 καταλιπεῖν
1110 4135 1246 4204 μετὰ
1273 4135 1458 4206 ἀγρῶν
1487 4137 1581 4189 καὶ
1611 4139 1688 4190 οι-

170 4217 286 4283 κιῶν,
307 4221 381 4275 ἵνα
409 4225 557 4296 παρὰ
583 4225 669 4296 τῷ
699 4223 818 4296 Θεῷ
847 4225 940 4279 καὶ
970 4227 1144 4298 Πατρὶ
1165 4227 1258 4280 τοῦ
1284 4229 1488 4300 Κυρίου
1531 4231 1562 4300 ἡ
1571 4229 1687 4300 μῶν

181 4307 309 4375 Ἰησοῦ
344 4312 586 4383 Χριστοῦ,
647 4335 665 4367 ι
703 4315 764 4382 ἐξ
809 4309 869 4369 οὗ
915 4319 1062 4371 πᾶσα
1103 4317 1306 4387 πατριὰ
1349 4319 1406 4371 ἐν
1438 4318 1688 4390 οὐρανοῖς

171 4397 239 4448 καὶ
257 4400 330 4452 ἐπὶ
351 4404 442 4474 γῆς
465 4405 813 4478 ὀνομάζεται,
850 4427 868 4459 ι
899 4407 1371 4461 πολλαπλασιόνων
1409 4409 1504 4462 καὶ
1530 4410 1688 4477 ἁγιω-

1191 357 1637 415 EXIIORTATIO
1677 357 1767 412 AD
1807 351 2229 410 MARTYRIUM

3230 358 3335 414 582

1772 479 1946 536 turos,
1975 485 2076 524 nec
2115 470 2474 523 descensuros
2506 475 2629 537 post
2675 467 2821 522 illam
2867 471 3253 541 cognitionem,
3290 472 3335 527 si

1762 563 1944 618 Jesum
1994 562 2207 615 sublata
2247 577 2412 617 cruce
2459 563 2790 631 srquamiui,
2823 579 2983 632 quem
3023 583 3040 616 ι
3068 566 3337 622 habemus

1767 656 2077 718 pontiﬁcem
2133 671 2390 724 magnum
2446 655 2537 724 qui
2593 658 2901 724 penetravit
2930 657 3184 714 caelos“.
3216 678 3235 712 ι
3273 659 3341 714 Ει

1765 765 1859 800 vos
1890 748 2069 816 itaque
2115 747 2159 799 si
2193 747 2260 800 ab
2302 747 2421 816 ejus
2453 747 2712 801 comitatu
2745 747 2907 818 283
2949 765 3054 803 non
3091 765 3338 805 recesse-

1768 841 1908 903 ritis,
1963 838 2324 906 penetrabilis
2373 839 2566 900 ctelos.
2610 855 2713 894 non
2783 840 3063 895 terrestria
3128 851 3338 895 tantum

1769 929 2052 1000 mysteria,
2088 929 2180 982 sed
2217 931 2384 984 coctos
2413 929 2578 983 etiam
2619 940 2668 983 et
2698 931 2942 987 caelestia
2977 950 3208 1003 qumque
3243 952 3339 989 su-

1766 1031 2044 1090 perantes.
2088 1021 2228 1074 Sunt
2275 1025 2418 1076 enim
2466 1025 2516 1077 in
2550 1024 2658 1076 Deo
2692 1025 2836 1078 velut
2883 1026 2935 1078 in
2973 1027 3232 1082 thesauro
3263 1045 3344 1084 re-

1767 1114 1988 1168 condita
2047 1113 2218 1167 multo
2271 1112 2355 1167 bis
2395 1115 2604 1184 majora
2657 1116 2991 1185 spectacula,
3024 1134 3146 1188 qua:
3197 1120 3342 1174 nulla

1768 1205 2046 1260 iulirereus
2078 1207 2295 1276 corpori
2329 1217 2528 1261 natura
2577 1223 2770 1278 capere
2823 1219 3020 1278 potest,
3055 1211 3158 1266 nisi
3193 1213 3346 1282 prius

1768 1315 1798 1354 a
1833 1313 2063 1368 corpore
2111 1310 2325 1353 secreta
2358 1301 2449 1355 sit.
2493 1301 2602 1355 Nec
2657 1302 2802 1355 enim
2841 1302 3029 1357 dubito
3081 1305 3164 1359 his
3213 1322 3338 1376 qua:

1770 1392 1846 1446 sol
1876 1393 2042 1458 videt,
2075 1408 2193 1461 qua:
2219 1393 2366 1457 luna,
2394 1409 2512 1460 quia
2538 1394 2777 1448 siderum
2812 1395 3037 1460 chorus,
3066 1397 3174 1451 imo
3224 1413 3346 1468 qua:

1769 1485 1971 1537 chorus
2004 1494 2322 1538 sanctorum
2356 1485 2670 1554 angelorum
2693 1502 2832 1554 quos
2857 1486 2986 1542 fecit
3017 1489 3157 1542 Deus
3188 1509 3205 1540 ι
3232 1491 3339 1558 spi-

1772 1576 1937 1629 ritum
1967 1587 2022 1630 et
2063 1575 2333 1630 ﬂammam
2365 1577 2508 1646 ignis
2534 1574 2637 1645 ’⁵,ι
2677 1579 2846 1634 multo
2901 1581 3107 1650 majora
3154 1598 3348 1636 recon-

1771 1668 1902 1722 dere
1930 1666 2074 1738 apud
2105 1684 2184 1733 se,
2219 1677 2272 1723 et
2308 1684 2596 1724 reservare
2629 1671 2820 1729 Deum.
2864 1687 2985 1742 qua:
3019 1683 3151 1728 tunc
3185 1675 3348 1727 exbi-

1772 1756 1919 1820 beat,
1953 1773 2072 1810 cum
2113 1775 2131 1808 ι
2153 1758 2333 1812 omnis
2367 1771 2618 1813 creatura
2655 1760 2890 1815 liberata
2920 1761 3087 1818 fuerit
3115 1779 3142 1816 a
3170 1765 3349 1818 servi-

1705 1826 1745 1882 Β
1780 1857 1890 1901 tute
1947 1849 2319 1918 corruptionis
2378 1850 2432 1903 in
2492 1849 2804 1905 libertatem
2863 1852 3052 1921 gloria:
3113 1855 3350 1910 ﬁliorum

1775 1940 1868 1994 Dei
1889 1941 1953 1995 '°.
1983 1961 2001 1993 ι

1845 2032 1934 2086 Η.
1969 2031 2048 2085 Τιι
2084 2045 2230 2095 vero,
2260 2031 2718 2100 sacer;Ambrosi,
2753 2034 2796 2088 si
2823 2035 3164 2105 evangelieas
3192 2052 3352 2092 voces

1775 2126 2081 2179 accuratius
2115 2124 2436 2192 inspexeris,
2480 2123 2641 2178 facile
2674 2127 2882 2184 videbis
2929 2140 3025 2183 aut
3076 2131 3349 2184 nemiuem

1773 2232 1961 2272 eorum
1996 2218 2086 2285 qui
2122 2216 2357 2276 fuerunt,
2393 2225 2485 2268 aut
2522 2231 2724 2284 paucos
2757 2219 3044 2274 admodum
3090 2221 3351 2275 exitnium

1777 2320 1830 2363 et
1865 2325 2114 2378 magnum
2151 2307 2385 2376 aliquem
2442 2309 2791 2364 beatitudinis
2839 2312 3113 2366 cumuluut
3159 2329 3356 2368 conse-

1776 2413 2020 2466 cuturos,
2050 2401 2261 2470 qualem
2299 2410 2352 2454 tu
2388 2403 2714 2470 assequeris,
2752 2403 2796 2457 si
2830 2413 3105 2458 certamen
3137 2405 3356 2461 indubi-

1779 2505 1953 2550 tanter
1989 2492 2394 2564 pertransieris.
2432 2491 2604 2548 Verba
2643 2505 2823 2549 autem
2862 2497 2977 2564 ipsa
3015 2498 3096 2554 sic
3129 2498 3354 2558 habent.

1779 2589 1970 2641 Petrus
2004 2588 2290 2656 aliquando
2326 2587 2463 2642 dixit
2495 2587 2770 2642 Servatori
2810 2605 2824 2642 :
2862 2607 2880 2639 ι
2921 2590 3064 2646 Ecce
3099 2608 3197 2646 nos
3232 2594 3357 2648 reti-

1777 2682 2003 2749 quimus
2035 2683 2218 2734 omnia
2260 2691 2314 2735 et
2341 2680 2516 2735 secuti
2550 2695 2738 2734 sumus
2791 2690 2840 2733 te
2877 2697 2892 2735 :
2927 2683 3054 2748 quid
3089 2698 3220 2752 ergo
3253 2685 3360 2739 erit

1777 2774 1975 2828 nobis?
2032 2772 2190 2830 Jesus
2238 2785 2416 2828 autem
2462 2774 2722 2839 dixiteis,
2757 2794 2776 2827 ι
2817 2775 3073 2844 apostolis
3097 2777 3356 2832 scilicet:

1784 2886 1800 2917 ι
1841 2867 2008 2918 Amen
2044 2865 2164 2919 dico
2198 2866 2373 2929 vobis,
2405 2868 2548 2936 quod
2579 2883 2674 2921 vos
2706 2865 2798 2936 qui
2847 2873 3020 2921 secuti
3066 2869 3200 2923 estis
3249 2885 3358 2935 me,

1778 2956 1829 3009 iu
1869 2957 2276 3028 regeneratione
2313 2972 2436 3010 cum
2487 2956 2690 3010 sederit
2735 2956 2876 3013 Deus
2910 2959 2965 3012 in
2998 2961 3128 3014 sede
3173 2960 3360 3030 gloria:

1779 3063 1912 3110 sure,
1942 3048 2204 3103 sedebitis
2231 3057 2287 3103 et
2323 3047 2424 3117 ipsi
2452 3063 2613 3117 super
2647 3049 2872 3105 thronos
2900 3051 3186 3106 duodecim
3216 3053 3362 3124 judi-

1781 3153 1966 3197 cantes
2002 3144 2280 3198 duodecim
2301 3143 2474 3197 tribus
2493 3141 2679 3198 Israel.
2705 3144 2770 3199 Et
2802 3149 2981 3204 omnis
3005 3148 3096 3216 qui
3129 3147 3363 3220 relique-

1784 3236 1852 3289 rit
1881 3234 2080 3289 fratres
2114 3243 2208 3290 aut
2237 3250 2487 3303 sorores,
2531 3244 2624 3292 aut
2665 3248 2943 3308 parentes,
2988 3250 3086 3297 aut
3136 3241 3359 3307 liberos.

1783 3337 1878 3380 aut
1913 3343 2092 3398 agros,
2127 3338 2220 3384 aut
2253 3332 2441 3386 domos
2475 3341 2695 3402 propter
2727 3347 2920 3385 nomen
2959 3348 3158 3399 meum,
3192 3336 3364 3388 multo

1784 3418 2017 3486 plurima
2047 3420 2280 3490 accipiet
2306 3429 2358 3477 et
2393 3423 2560 3476 vitam
2595 3433 2854 3476 :eternam
2891 3423 3190 3493 possidebit
3224 3426 3293 3481 ".
3341 3445 3358 3477 ι

1789 3510 1987 3564 [lorum
2025 3527 2123 3582 ego
2154 3514 2446 3568 verborum
2477 3530 2636 3568 causa
2669 3515 2902 3584 optarim
2948 3526 3028 3570 tot
3069 3516 3227 3571 bonis
3279 3517 3361 3572 at-

1786 3602 1953 3656 ﬂuere
1984 3613 2118 3672 quot
2145 3613 2222 3668 ιιι,
2257 3615 2350 3659 aut
2390 3606 2553 3660 etiam
2607 3607 2887 3676 pluribus,
2932 3618 2988 3664 et
3043 3611 3122 3665 sic
3160 3622 3366 3682 martyr

1787 3709 1909 3750 esse
1943 3695 2052 3749 Deo
2081 3696 2132 3750 in
2168 3697 2408 3762 Christo,
2439 3712 2548 3766 quo
2582 3699 2856 3754 multoties
2889 3699 3040 3770 plura
3075 3701 3362 3772 accipiam,

1787 3798 1902 3850 aut.
1939 3799 1996 3842 ut
2028 3786 2242 3842 Marcus
2277 3790 2376 3858 ait,
2435 3807 2455 3844 ι
2498 3791 2818 3862 centuplieia
2847 3793 2913 3846 ".
2959 3811 2978 3845 ι
3029 3791 3212 3864 Longe
3245 3795 3366 3866 plu-

1789 3883 1926 3934 rima
1960 3890 2106 3946 sunt,
2141 3880 2332 3950 paucis
2357 3881 2464 3936 illis
2490 3897 2610 3952 quae
2637 3883 3006 3952 relinquemus
3037 3885 3083 3941 si
3113 3887 3178 3940 ad
3217 3903 3366 3941 mar-

1791 3972 1989 4044 tyrium
2014 3973 2220 4028 erimus
2257 3975 2474 4042 vocati,
2517 3977 2725 4032 centies
2773 3978 3162 4048 multiplicatis.
3217 3979 3368 4046 Qua-

1791 4073 2006 4136 propter
2038 4065 2082 4118 si
2120 4076 2326 4136 martyr
2357 4068 2531 4132 tnero,
2564 4068 2721 4120 velim
2747 4077 2800 4124 et
2830 4069 3031 4126 liberos
3059 4072 3368 4141 relinquere

1791 4170 1844 4212 et
1876 4174 2034 4228 agros
2058 4167 2112 4212 et
2134 4159 2342 4225 domos,
2375 4169 2432 4212 ιιι
2458 4159 2598 4224 apud
2631 4161 2794 4214 Deum
2822 4172 2876 4216 et
2905 4161 3120 4216 Patrem
3153 4165 3367 4220 Domini

1793 4253 1962 4304 nostri
1993 4247 2119 4303 Jesu
2145 4249 2341 4304 Christi
2373 4267 2394 4302 ι
2427 4264 2456 4303 a
2484 4265 2590 4320 quo
2613 4252 2790 4308 oumis
2820 4253 3117 4321 paternitas
3146 4255 3200 4308 in
3225 4255 3366 4312 cmlo

1793 4353 1843 4395 et
1879 4341 1932 4394 iu
1969 4341 2128 4394 terris
2181 4340 2495 4396 nominatur
2541 4343 2608 4407 ",
2648 4360 2668 4394 ι
2708 4344 2877 4399 multo
2920 4344 3278 4415 plurimormn
3312 4356 3369 4402 et

1795 4434 2130 4488 sanctiorem
2158 4429 2452 4486 liberorqu
2485 4443 2638 4504 pater
2671 4435 2846 4502 dicar,
2878 4445 3006 4502 aut,
3047 4446 3106 4492 ut
3148 4437 3369 4494 detinite

172 4491 300 4560 τὲρων
334 4497 521 4554 τέκνων
549 4500 879 4572 χρηματίσω
922 4500 1129 4573 πατὴρ,
1166 4502 1236 4573 ἢ,
1269 4501 1335 4554 ἶν’
1373 4501 1682 4572 ὡρισμένως

1795 4526 1992 4592 dicam,
2024 4526 2416 4597 centuplorum.

173 4582 292 4646 εἴπω,
309 4587 861 4647 ἑκατονταπλασιόνων
889 4592 1022 4663 (82).

233 4674 332 4730 Ἐάν
355 4679 505 4746 δέτις
527 4683 777 4756 ὡσπερεὶ
809 4683 984 4755 ζηλῶν
1009 4686 1324 4758 χαρίσματα
1348 4685 1416 4739 τὰ
1445 4686 1688 4756 μείζονα,

177 4764 244 4813 καὶ
285 4773 572 4844 μακαρίζων
611 4775 904 4840 πλουσίους
946 4778 1261 4848 μάρτυρας,
1306 4779 1400 4830 καὶ
1451 4779 1692 4850 πατέρας

179 4857 401 4932 μάρτυρας
422 4865 944 4921 ἑκατονταπλασίονα
982 4870 1336 4939 γεννήσοντας
1363 4870 1474 4937 (85)
1505 4870 1690 4933 τέκνα,

178 4953 245 5003 κιὶ
281 4954 815 5026 ἑκατονταπλασίονας
853 4964 1054 5034 ἀγροὺς
1104 4965 1198 5018 καὶ
1237 4964 1416 5028 οἰκίας
1454 4965 1689 5035 ληψομὲο

178 5059 283 5107 νσυςο
304 5048 457 5119 ζητεῖ,
487 5055 532 5106 εί
559 5054 799 5122 εὐλόγως
823 5056 1019 5110 ἐκεῖνοι
1048 5055 1199 5125 παρά
1225 5058 1352 5119 τοὺς
1379 5058 1438 5108 ἐν
1468 5055 1566 5126 βίῳ
1606 5055 1696 5108 πέ-

175 5149 300 5201 “tu;
321 5142 584 5216 μάρτυρας
612 5144 725 5214 (84)
767 5144 1339 5218 πολυπλασιαζομένην
1379 5147 1558 5210 ἕξουσι
1599 5146 1697 5217 τὴν

177 5249 411 5376 l“:‘ilhleb.
439 5271 508 5322 iv,
545 5257 632 5312 14.
711 5260 756 5290 ³⁸
782 5257 923 5314 Psal.
953 5274 1061 5327 civ,
1091 5260 1157 5342 4..
1224 5261 1270 5292 se
1304 5259 1462 5314 Rom.
1495 5277 1612 5325 mi,
1636 5259 1727 5314 Ἠ.

228 5412 318 5493 (89)
358 5420 685 5488 Διανήξαιο.
724 5419 815 5474 Sic
862 5435 963 5473 ms.
997 5419 1347 5478 Wetstenius
1428 5423 1532 5493 legi
1577 5423 1698 5477 vult

175 5479 415 5541 ὺανὲσαιο.

231 5553 320 5620 (81)
355 5558 444 5617 Ms.
467 5559 743 5621 mendose,
773 5557 864 5612 τοῦ
899 5552 1112 5615 cod-Eoo.

350 5626 462 5700 ιι»,
491 5630 1017 5693 ὲκατονταπλαὸνων,
1058 5641 1336 5700 corrupte.

352 5698 421 5749 MS
493 5703 857 5769 γεννήΰονται,
888 5702 1046 5752 male.

233 5762 325 5834 (ει)
356 5770 420 5839 Ei
446 5762 705 5838 εὗλόγως
743 5769 958 5822 ἐκεῖνοι
996 5770 1155 5839 παρὰ
1191 5772 1332 5837 τοὺς
1356 5773 1425 5824 ἐν
1447 5773 1565 5836 ,ϐίῳ
1594 5771 1698 5824 τιέ-

181 5843 327 5901 νητας
347 5837 658 5908 μάρτυρας.
688 5840 1050 5906 ρυωδιὶυιιειιι
1079 5837 1244 5907 hanc,
1282 5862 1298 5894 ι
1335 5859 1401 5896 an
1433 5855 1698 5912 iuartyres

1866 4684 1953 4737 15.
2012 4683 2067 4736 Si
2106 4682 2228 4750 quis
2275 4690 2453 4735 autem
2503 4682 2660 4750 quasi
2713 4682 2994 4735 mmulatus
3037 4684 3367 4740 charismata

1797 4776 2040 4838 meliora,
2075 4783 2127 4828 et
2165 4775 2350 4828 beatos
2395 4782 2590 4842 putans
2623 4772 2819 4826 divites
2866 4784 3136 4844 martyres
3175 4784 3229 4828 et
3275 4791 3370 4843 pa-

1799 4880 1908 4922 tres
1938 4877 2204 4936 martyres
2243 4865 2333 4935 qui
2369 4864 2574 4919 eenties
2606 4872 2682 4917 tot
2729 4863 2931 4917 liberos
2967 4867 3274 4934 generaturi
3315 4878 3368 4921 ct

1798 4959 2006 5013 centies
2042 4967 2300 5025 totagros
2333 4971 2396 5009 ac
2427 4956 2616 5010 domos
2659 4957 2933 5025 accepturi
2978 4967 3122 5022 sunt,
3159 4969 3368 5026 quzcrat

1793 5067 2078 5119 aequumne
2133 5051 2205 5103 sit
2253 5049 2373 5102 illos
2414 5049 2729 5117 ampliorem
2765 5050 2816 5103 in
2869 5049 3032 5122 284
3071 5053 3369 5120 spirituali-

1799 5145 1897 5196 bus
1925 5142 2324 5211 possessionem
2363 5141 2562 5195 habere
2593 5157 2755 5211 quam
2786 5142 2819 5195 ii
2851 5154 3120 5212 martyres
3143 5144 3231 5212 qui
3266 5145 3366 5198 bac

1801 5257 1846 5292 ³⁷
1876 5257 2065 5312 Matth.
2097 5271 2214 5320 tux,
2241 5255 2332 5320 27,
2367 5254 2457 5321 28,
2485 5256 2574 5312 29.
2650 5256 2696 5289 ³⁸
2722 5255 2959 5318 Marc.x,
2991 5256 3079 5309 50.
3155 5260 3197 5289 ³⁹
3229 5259 3364 5326 Eph.

1796 5421 1990 5474 divites
2025 5437 2133 5488 pra:
2167 5419 2492 5489 pauperibus
2518 5421 2777 5488 majorem
2807 5421 2858 5473 in
2892 5422 3142 5483 Spit-itali!
3167 5437 3225 5474 es
3255 5421 3369 5490 glo-

1797 5493 1934 5545 riam
1959 5493 2065 5544 siut
2083 5492 2449 5546 consecuturi.
2471 5491 2816 5546 iatlirmando
2833 5491 3068 5559 expedit.
3087 5491 3369 5558 Quidrero

1797 5562 1842 5616 si
1888 5577 2092 5628 pauper
2141 5562 2356 5614 divitias
2377 5569 2432 5614 et
2473 5569 2704 5616 honores
2731 5564 2797 5614 ab
2824 5565 3125 5616 idololatris
3153 5563 3366 5617 oblatos

1797 5632 2248 5688 veritatisamore
2279 5631 2630 5696 repudiaret?
2661 5633 2822 5696 Quid,
2865 5633 3110 5700 inquam,
3144 5648 3366 5699 respon-

1801 5703 1952 5756 deret
1982 5701 2370 5771 Adamantius?
2394 5700 2580 5771 Obiter
2610 5713 2858 5755 notemus
2889 5703 3138 5771 Origenis
3162 5714 3212 5756 et
3241 5701 3367 5757 alibi

1801 5771 2055 5824 usitatam
2087 5769 2196 5844 τῶν
2217 5770 2512 5844 αἰσθητῶν
2539 5773 2634 5824 καὶ
2666 5772 2772 5824 τῶν
2812 5769 3018 5844 νοητῶν
3040 5773 3369 5844 distinetur

1801 5857 1945 5906 nem,
1979 5856 2140 5910 quam
2176 5841 2261 5896 hic
2295 5856 2507 5913 quoque
2537 5843 2794 5909 inculcat,
2823 5841 3102 5900 etdivitiis
3127 5856 3221 5898 seu
3243 5857 3368 5912 po.-
