3962 6414
543 303 652 359 585

1995 295 2159 356 ORIG
2168 295 2323 354 ENIS

3699 302 3791 356 581

549 423 603 478 in
636 419 739 476 vita
773 434 1037 490 pauperes
1067 428 1228 483 sunt;
1271 417 1352 472 sic
1399 416 1448 470 ei
1495 413 1930 485 respondendum
1983 423 2067 470 est
2104 431 2119 469 :

2233 417 2284 472 ἐν
2311 419 2517 489 νοητοῖς
2549 417 2740 488 κτῆσιν
2760 433 2775 449 ο
2811 411 3030 472 λεκτέον
3055 416 3189 490 πρὸς
3217 414 3403 482 αὑτὸν,
3433 419 3515 471 ὅτι
3539 416 3727 490 ὥσπερ
3749 424 3792 472 οἱ

548 513 1000 584 quemadmodum
1031 510 1120 579 qui
1149 516 1415 561 tormenta
1440 516 1566 560 sunt
1593 519 1972 574 aerumnasque
1995 521 2120 573 per.

547 605 712 674 pessi,
750 603 1097 658 illustriorem
1143 600 1513 652 exhibuernnt
1551 599 1604 650 in
1642 598 1903 668 martyrio
1944 598 2119 651 virtu-

550 706 655 748 tem
681 696 744 749 iis
760 695 852 763 qui
881 709 945 747 eo
975 695 1133 746 modo
1165 691 1372 760 probati
1408 707 1512 746 non
1535 699 1682 755 sunt;
1713 691 1789 745 sic
1803 691 1894 760 qui
1924 703 2120 761 praeter

549 789 792 856 corporis
832 801 1069 838 amorem
1107 794 1160 836 et
1193 784 1337 846 vitae,
1375 783 1464 836 illa
1516 785 1680 837 etiam
1721 791 1871 837 tanta
1906 784 2118 837 vincula

552 879 854 931 inciderunt
886 885 940 929 et
970 875 1293 943 diruperunt
1324 889 1514 943 magna
1545 874 1596 927 ln
1630 875 1794 928 Deum
1825 875 1905 929 usi
1935 875 2117 929 chari-

552 975 680 1026 tatc,
713 974 1175 1032 susceperuutque
1203 978 1332 1016 vere
1364 964 1544 1014 vivum
1596 963 1688 1016 Dei
1725 978 2030 1019 sermonem
2066 973 2120 1017 et

547 1057 815 1110 efﬁcacem
842 1066 897 1110 et
925 1055 1398 1124 penetrabiliorem
1423 1055 1572 1107 omni
1600 1054 1780 1123 gladio
1804 1055 2023 1122 ancipiti
2049 1054 2118 1118 ³⁸,

547 1158 838 1218 potuerunt
865 1147 900 1201 ii
933 1155 1010 1199 tot
1036 1148 1211 1216 ruptis
1239 1146 1490 1210 vinculis,
1525 1145 1837 1215 paratisque
1859 1144 1961 1199 sibi
1993 1161 2123 1214 pen-

552 1241 655 1303 nis,
692 1241 836 1294 sicut
861 1239 1040 1306 aquila
1067 1239 1262 1292 reverti
1289 1238 1354 1291 ad
1387 1239 1604 1290 domum
1635 1237 1898 1305 principis
1921 1238 2026 1290 sui.
2054 1235 2122 1292 Ut

549 1331 713 1399 igitur
750 1347 964 1400 aequum
1019 1340 1102 1384 est
1139 1344 1234 1382 eos
1275 1328 1366 1396 qui
1418 1328 1702 1380 tormentis
1748 1337 1801 1381 et
1846 1326 2123 1382 laboribus

549 1423 758 1492 probati
789 1439 894 1478 non
925 1431 1071 1486 sunt,
1111 1421 1315 1489 primas
1349 1419 1418 1474 iis
1449 1419 1644 1472 cedere
1667 1421 1760 1488 qui
1801 1419 1851 1472 iu
1878 1419 2124 1487 equuleis

550 1522 605 1567 et
632 1514 795 1566 variis
824 1521 1214 1566 tormentorum
1240 1511 1532 1579 generibus
1565 1518 1621 1563 et
1654 1511 1777 1580 igne
1806 1511 2121 1580 patientiam

551 1604 946 1666 exliibueruut;
986 1602 1064 1655 sic
1099 1610 1153 1654 et
1190 1614 1287 1653 nos
1335 1615 1601 1670 pauperes
1629 1640 1643 1664 ,
1697 1601 1799 1654 etsi
1855 1611 2124 1672 martyres

553 1695 777 1758 erimus,
823 1695 962 1746 ratio
998 1693 1188 1746 suadet
1232 1693 1439 1761 primas
1477 1693 1628 1746 vobis
1676 1693 1982 1760 relinquere
2031 1695 2120 1763 qui

2222 507 2486 578 βασάνους
2513 508 2606 560 καὶ
2632 508 2826 568 πόνους
2854 509 3243 580 ὑπομείναντες
3269 509 3380 561 τῶν
3414 509 3488 580 μὴ
3517 511 3576 561 ἐν
3599 509 3796 575 τούτοις

2219 602 2600 674 ἐξητασμένων
2651 601 3034 673 λαμπροτέραν
3078 603 3428 668 ἐπεδείξαντο
3480 602 3579 674 τὴν
3631 604 3690 657 ἐν
3729 604 3798 673 τῷ

2223 692 2504 764 μαρτυρίῳ
2543 691 2743 762 ἀρετὴν
2769 731 2784 755 ,
2820 691 2992 754 οὑτως
3035 693 3084 745 οἱ
3119 689 3254 763 πρὸς
3283 690 3364 762 τῷ
3414 691 3800 762 φιλοσωματεῖν

2221 785 2315 837 καὶ
2356 782 2637 852 φιλοζωεῖν
2666 783 2761 836 καὶ
2789 783 2914 846 τοὺς
2941 783 3230 847 τοσούτους
3255 783 3492 854 δεσμοὺς
3520 783 3803 852 διακόψαν-

2219 893 2309 938 τες
2336 876 2429 928 καὶ
2449 874 2856 946 διαρρήξαντες,
2886 875 3093 946 μεγάλῃ
3115 878 3179 947 τῇ
3205 876 3343 946 πρὸς
3366 873 3455 927 τὸν
3473 873 3607 927 Θεὸν
3623 876 3801 948 ἀγάπῃ

2220 966 2574 1038 χρησάμενοι,
2606 967 2700 1019 καὶ
2731 965 2942 1034 ἀληθῶς
2980 967 3330 1037 ἀνειληφότες
3361 965 3454 1018 τὸν
3493 965 3676 1030 ζῶντα
3714 966 3800 1018 τοῦ

2221 1058 2355 1112 Θεοῦ
2384 1058 2559 1126 λόγον,
2593 1059 2686 1111 καὶ
2721 1059 2940 1129 ἐνεργῆ,
2973 1059 3068 1112 καὶ
3098 1057 3412 1131 τομώτερον
3442 1059 3587 1128 ὑπὲρ
3630 1061 3805 1112 πᾶσαν

2227 1151 2500 1222 μάχαιραν
2522 1150 2796 1220 δίστομον,
2823 1149 3133 1220 δεδύνηνται
3154 1151 3283 1214 τοὺς
3308 1149 3602 1212 τοσούτους
3631 1149 3807 1202 διακό-

2221 1244 2420 1312 ψαντες
2455 1241 2706 1311 δεσμοὺς,
2737 1243 2829 1294 καὶ
2872 1243 3384 1305 κατασκευάσαντες
3429 1243 3646 1304 ἑαυτοῖς
3681 1240 3806 1294 πτέ-

2225 1349 2415 1405 ρυγας,
2451 1331 2636 1402 ὥσπερ
2663 1331 2829 1393 αὐτὸς
2871 1330 3193 1402 ἐπιστρέψαι
3248 1329 3361 1399 (85)
3405 1329 3486 1392 είς
3527 1328 3620 1382 τὸν
3665 1321 3806 1381 οἷκον

2222 1425 2315 1476 τοῦ
2362 1423 2759 1495 προεστηκότος
2806 1421 3033 1476 ἑαυτῶν.
3090 1421 3272 1485 Ἀξιον
3307 1417 3435 1485 οὖν,
3469 1420 3666 1491 ὥσπερ
3703 1424 3809 1482 τοῖς

2227 1510 2301 1582 μὴ
2335 1509 2704 1573 ἐξετασθεῖσιν
2733 1511 2789 1562 ἐν
2817 1509 3072 1579 βασάνοις
3104 1513 3196 1563 καὶ
3223 1511 3406 1574 πόνοις
3458 1512 3809 1581 παραχωρεῖν

2225 1605 2508 1677 πρωτείων
2557 1604 2694 1674 πρὸς
2743 1603 2868 1666 τοὺς
2926 1605 2982 1655 ἐν
3040 1603 3432 1674 ἀρθρεμϐόλοις
3476 1602 3576 1655 καὶ
3635 1602 3810 1654 ποικί-

2225 1697 2335 1760 λοις
2365 1695 2470 1764 (86)
2502 1695 2949 1767 στρεϐλωτηρίοις
2975 1696 3068 1747 καὶ
3089 1697 3220 1764 πυρὶ
3244 1691 3696 1764 ἐπιδειξαμένους
3717 1691 3810 1761 τὴν

550 1798 774 1854 propter
830 1786 922 1840 Dei
983 1786 1034 1838 iu
1101 1784 1318 1838 Christo
1369 1785 1724 1848 charitatem,
1782 1785 2026 1839 fallacem
2071 1795 2126 1841 et

2233 1787 2527 1857 ὑπομονὴν,
2561 1785 2702 1839 οὕτω
2730 1787 2822 1838 καὶ
2854 1787 2984 1855 ἡμῖν
3006 1787 3116 1847 τοῖς
3149 1785 3366 1855 πένησι,
3393 1783 3498 1836 κᾶν
3534 1784 3814 1854 μαρτυρή-

553 1879 836 1946 quaesitam
874 1893 903 1929 a
938 1875 1208 1944 plerisque
1239 1875 1466 1944 gloriam
1505 1887 1560 1930 et
1603 1880 1972 1944 possessiones
2007 1890 2126 1932 tan-

559 1981 640 2021 tas
695 1979 749 2020 et
807 1968 1107 2020 naturalem
1146 1968 1196 2019 in
1257 1967 1453 2021 liberos
1501 1983 1737 2020 amorem
1772 1969 2124 2023 conculcatis.

2233 1896 2449 1949 σωμεν,
2510 1879 2538 1929 ὁ
2582 1877 2737 1945 λόγος
2799 1875 3089 1929 ὑποϐάλλει
3159 1874 3468 1941 ἐξίστασθαι
3529 1873 3812 1946 πρωτείων

2234 1970 2380 2039 ὑμῖν,
2410 1971 2518 2032 τοῖς
2539 1969 2625 2022 διὰ
2653 1968 2751 2039 τὴν
2779 1969 2834 2019 ἐν
2861 1966 3079 2040 Χριστῷ
3104 1967 3236 2037 πρὸς
3267 1965 3398 2020 Θεὸν
3442 1965 3667 2033 ἀγάπην
3715 1978 3815 2014 πα-

551 2061 704 2114 τοῦσι
733 2059 827 2130 τὴν
850 2059 1131 2130 ἀπατηλὴν
1163 2055 1316 2121 δόξαν
1357 2058 1450 2110 καὶ
1487 2057 1594 2110 τῶν
1630 2058 1836 2112 πολλῶν
1878 2059 2328 2131 καθικνουμένην,
2371 2063 2465 2114 καὶ
2494 2059 2590 2130 τὴν
2619 2058 2885 2130 τοσαύτην
2929 2060 3140 2130 κτῆσιν,
3185 2059 3278 2112 καὶ
3318 2057 3416 2129 τὴν
3464 2057 3606 2129 πρὸς
3650 2057 3813 2110 τέκνα

536 2157 954 2229 φιλοστοργίαν.

628 2254 717 2308 16.
753 2254 924 2306 Simul
955 2261 1133 2306 autem
1167 2250 1458 2321 Scriptura:
1501 2253 1822 2322 gravitatem
1865 2253 2120 2317 observa,

556 2361 674 2413 qua:
707 2345 872 2398 multo
900 2345 1080 2413 plures
1108 2359 1171 2397 ac
1199 2342 1476 2411 ceutuplos
1499 2345 1766 2410 promittit
1801 2343 2021 2407 fratres,
2053 2345 2124 2397 li-

557 2437 736 2500 beros,
771 2444 1041 2502 parentes,
1075 2447 1233 2503 agros
1259 2448 1474 2500 quoque
1502 2441 1554 2488 et
1588 2435 1799 2496 domos;
1836 2435 1887 2488 iu
1926 2435 2009 2489 his
2044 2443 2127 2488 ta-

559 2543 677 2580 men
714 2541 849 2580 uxor
886 2542 990 2582 non
1018 2535 1353 2579 numeratur.
1392 2523 1500 2578 Nec
1545 2525 1688 2578 enim
1729 2527 1933 2580 dictum
1981 2537 2063 2578 est
2111 2549 2122 2580 :

557 2619 874 2687 Quicunque
899 2618 1175 2688 reliquerit
1202 2616 1419 2680 fratres,
1442 2628 1531 2670 aut
1557 2632 1796 2682 sorores,
1821 2628 1913 2671 aut
1936 2633 2130 2688 paren-

2300 2251 2451 2319 ’Λμα
2478 2246 2534 2299 δὲ
2564 2245 2658 2298 καὶ
2679 2245 2834 2316 τήρει
2860 2242 2917 2296 τὸ
2942 2243 3136 2312 σεμνὸν
3163 2242 3259 2311 τῆς
3291 2241 3520 2312 Γραφῆς
3543 2240 3816 2294 πολυπλα-

2231 2341 2461 2410 σιασμὸν
2538 2338 2632 2390 καὶ
2703 2333 3307 2403 ἐκατονταπλασιασμὺν
3375 2331 3815 2402 ὑπισχνουμένης

2229 2429 2471 2500 ἀδελφῶν
2493 2469 2507 2493 ,
2557 2427 2651 2480 καὶ
2687 2426 2922 2489 τέκνων,
2952 2425 3046 2477 καὶ
3078 2423 3302 2492 γονέων,
3341 2423 3437 2474 καὶ
3478 2420 3690 2492 ἀγρῶν,
3729 2424 3817 2473 καὶ

2229 2523 2436 2577 οἰκιῶν·
2471 2523 2531 2574 ού
2563 2515 3068 2588 συγκατηρίθμηται
3101 2515 3158 2567 δὲ
3183 2513 3393 2575 τούτοις
3425 2513 3570 2583 γυνή
3599 2511 3733 2581 (87)·
3757 2512 3816 2562 οὑ

2232 2613 2339 2684 γὰρ
2367 2614 2599 2684 εἴρηται·
2628 2611 2742 2671 Πᾶς
2763 2609 2907 2670 ὅστις
2942 2606 3151 2675 ἀφῆκεν
3183 2604 3448 2673 ἀδελφοὺς
3477 2603 3510 2675 ἢ
3561 2602 3814 2670 ἀδελφὰς,

2233 2705 2267 2776 ἦ
2291 2707 2484 2773 γονεῖς,
2511 2703 2546 2774 ἦ
2573 2701 2755 2762 τέκνα,
2780 2699 2812 2770 ἢ
2844 2699 3065 2770 ἀγροὺς,
3094 2697 3126 2766 ἢ
3151 2696 3345 2759 οἰκίας,
3377 2695 3410 2764 ἢ
3439 2697 3676 2763 γυναῖκα
3703 2694 3816 2745 ’ἐνε-

2233 2813 2328 2850 κεν
2359 2794 2450 2847 τοῦ
2473 2792 2733 2863 ὀνόματός
2763 2808 2885 2862 μου,
2923 2785 3350 2842 πολλαπλασίονα
3380 2785 3633 2857 λήψεται·
3668 2804 3686 2836 ι
3736 2786 3819 2836 Ἐν

2235 2887 2344 2960 γάρ
2384 2888 2451 2957 τῇ
2498 2883 2788 2937 ἀναστάσει
2831 2879 2940 2932 τῶν
2979 2877 3186 2950 νεκρῶν
3228 2875 3352 2930 οὔτε
3393 2875 3668 2947 γαμοῦσιν
3699 2875 3818 2928 οὔτε

2235 2978 2606 3051 γαμίσκονταιο
2644 2975 2757 3028 ἀλλ’
2787 2973 2921 3027 εἰσὶν
2947 2970 3024 3034 ὡς
3052 2973 3099 3023 οἱ
3129 2968 3373 3038 ἄγγελοι,
3402 2971 3452 3022 οἱ
3487 2971 3546 3022 ἐν
3583 2971 3700 3032 τοῖς
3733 2967 3822 3020 οὑ-

2237 3074 2418 3146 ρανοῖς
2429 3113 2442 3125 .
2488 3089 2506 3121 ι

561 2721 662 2774 tes,
697 2721 790 2762 aut
820 2710 1038 2773 liberos,
1067 2718 1160 2762 aut
1185 2725 1366 2779 agros,
1392 2721 1485 2762 aut
1519 2711 1728 2774 domos,
1772 2720 1865 2762 aut
1906 2723 2128 2762 uxorem

560 2811 772 2870 propter
796 2816 987 2855 nomen
1021 2817 1222 2863 meum,
1257 2802 1528 2856 multoties
1552 2802 1699 2870 plura
1723 2801 1952 2871 accipiet
1978 2815 1994 2854 :
2022 2818 2044 2853 ι
2073 2799 2130 2855 ln

561 2895 957 2948 resurrectione
989 2895 1132 2948 enim
1157 2904 1490 2950 mortuorum
1517 2911 1691 2962 neque
1723 2895 1927 2948 nubent
1957 2908 2134 2962 neque

559 2987 848 3052 nubentur,
875 2989 1301 3053 sederuntsicut
1323 2987 1498 3056 angeli
1517 2987 1606 3056 qui
1630 2987 1682 3041 itt
1703 2987 1854 3041 cmlis
1870 2996 1996 3041 sunt
2015 2986 2082 3042 ³³.
2108 3005 2127 3038 ι

2309 3191 2486 3260 Ὅπερ
2518 3187 2695 3241 τοίνυν
2731 3180 2882 3238 εἶπεν
2921 3181 3128 3255 Ἰησοῦς
3152 3179 3228 3252 τῷ
3254 3178 3388 3251 λαῷ,
3423 3179 3700 3244 καθιστὰς
3722 3179 3825 3234 αὑ-

2229 3278 2355 3340 τοὺς
2378 3277 2472 3329 ἐπὶ
2497 3275 2593 3348 τὴν
2627 3275 2788 3342 ἁγίαν
2814 3274 2940 3344 γῆν,
2970 3273 3140 3326 ταῦτα
3163 3272 3258 3325 καὶ
3281 3274 3412 3341 ἡμῖν
3440 3271 3506 3323 ἂν
3549 3270 3686 3342 λέγῃ
3729 3271 3826 3322 νῦν

2229 3373 2261 3442 ἡ
2307 3370 2518 3440 Γραφή.
2572 3369 2726 3438 Ἔχει
2757 3367 2813 3418 δὲ
2845 3364 3016 3428 οὕτως
3057 3365 3089 3434 ὴ
3127 3363 3287 3427 λέξιςο
3343 3381 3360 3413 ι
3398 3361 3515 3414 Νῦν
3548 3361 3825 3434 φοϐήθητε

2229 3462 2430 3533 Κύριον
2452 3462 2544 3514 καὶ
2563 3457 2891 3529 λατρεύσατε
2917 3455 3062 3526 αὑτῷ
3085 3458 3140 3508 ἐν
3158 3454 3411 3526 εὑθύτητι
3435 3453 3532 3507 καὶ
3553 3455 3610 3506 ἐν
3625 3455 3830 3506 δικαιο-

2231 3553 2383 3628 σύνῃ.
2429 3572 2446 3604 ι
2497 3553 2644 3623 Ἐρεῖ
2679 3551 2737 3603 δέ
2779 3551 2908 3620 ἡμῖν
2933 3546 3382 3618 ἁναπειϐομένοις
3407 3545 3828 3616 είδωλολατρεῖν

2229 3647 2321 3699 καὶ
2351 3645 2417 3698 τὰ
2447 3646 2572 3716 ὲξῆς
2600 3643 2772 3705 οὕτως
2804 3642 3012 3713 ἔχοντα’
3062 3659 3080 3691 ‹
3131 3637 3456 3711 Περιὲλεσθε
3493 3638 3625 3702 τοὺς
3666 3637 3829 3699 θεοὺς

2228 3742 2355 3802 τοὺς
2386 3737 2717 3810 ἀλλοτρίους,
2743 3731 2824 3798 οἷς
2849 3735 3176 3806 ἐλάτρευσαν
3203 3733 3254 3783 οἱ
3284 3731 3524 3802 πατέρες
3567 3729 3724 3801 ὑμῶν
3765 3730 3825 3780 ἐν

2227 3830 2306 3902 τῷ
2338 3831 2510 3902 πέραν
2543 3829 2637 3882 τοῦ
2669 3825 2911 3897 ποταμοῦ
2943 3825 3034 3877 καὶ
3060 3827 3116 3878 ἐν
3142 3821 3424 3892 Αἰγύπτῳο
3455 3821 3551 3874 καὶ
3585 3819 3824 3890 λατρεύ-

2230 3941 2319 3976 ετε
2353 3922 2562 3993 Κυρίῳ.
2610 3941 2627 3973 ι
2668 3920 2800 3974 Κατ’
2836 3917 3009 3990 ἀρχὰς
3051 3915 3146 3986 μὲν
3185 3911 3298 3978 οὖν,
3345 3914 3434 3967 ὅτε
3466 3910 3827 3983 κατηχεῖσθαι

2230 4015 2500 4086 ἐμέλλετε,
2525 4013 2758 4080 εὐλόγως
2782 4011 2846 4064 ἂν
2875 4011 3001 4080 ὑμῖν
3024 4007 3225 4078 εἴρητο·
3262 4025 3279 4056 ι
3318 4007 3382 4058 El
3403 4005 3461 4058 δὲ
3493 4004 3568 4075 μὴ
3595 4003 3830 4074 ἀρέσκει

2232 4107 2360 4177 ὑμῖν
2388 4103 2668 4176 λατρεύειν
2701 4101 2908 4172 Κυρίῳ,
2939 4097 3229 4164 ἐκλέξασθε
3257 4097 3386 4166 ὑμῖν
3407 4135 3422 4157 ,
3462 4096 3569 4148 τίνι
3595 4092 3833 4166 λατρεύ-

2234 4215 2383 4268 σητε,
2411 4198 2521 4250 εἴτε
2549 4198 2658 4258 τοῖς
2689 4195 2828 4257 Θεοῖς
2869 4191 2976 4244 τῶν
3019 4188 3270 4260 πατέριον
3305 4188 3461 4260 ὑμῶν
3495 4188 3606 4241 τῶν
3641 4190 3698 4241 ἐν
3746 4186 3834 4258 τῷ

2232 4291 2406 4361 πέραν
2434 4287 2527 4341 τοῦ
2555 4284 2821 4356 ποταμοῦ,
2862 4285 2972 4336 εἴτε
2999 4284 3113 4345 τοῖς
3141 4282 3284 4344 Θεοῖς
3321 4281 3432 4333 τῶν
3490 4279 3830 4351 ’Δμοραίων,

561 4389 725 4460 285
758 4406 851 4444 vos
884 4391 1184 4456 erudiebat,
1214 4391 1439 4445 dixisset
1473 4409 1486 4444 :
1526 4409 1542 4442 ι
1579 4389 1688 4458 Ego
1715 4397 1895 4440 autem
1935 4394 1990 4439 et
2031 4385 2128 4438 do-

2233 4385 2291 4434 ἐν
2315 4376 2394 4443 οἷς
2424 4381 2580 4450 ὑμεῖς
2601 4378 2901 4432 κατοικεῖτε
2936 4375 3027 4426 ἐπὶ
3058 4375 3156 4444 τῆς
3185 4373 3308 4444 γῆς’
3354 4391 3372 4424 ι
3408 4372 3506 4426 καὶ
3541 4371 3731 4438 ἔλεγεν
3761 4370 3838 4423 ἂν

565 4500 681 4536 mus
709 4497 825 4536 mea
861 4484 1163 4537 serviemus
1193 4481 1420 4538 Domino
1445 4484 1573 4552 quia
1615 4492 1833 4537 sanctus
1873 4488 1956 4532 est
2000 4478 2064 4532 3‘.
2107 4497 2124 4530 ι

2235 4476 2362 4545 ὑμῖν
2392 4475 2420 4525 ό
2441 4470 2712 4542 κατ-ηχῶψ
2743 4487 2762 4520 ι
2815 4467 2955 4535 Ἐγὼ
2979 4466 3036 4519 δὲ
3064 4467 3157 4520 καὶ
3185 4469 3218 4535 ἡ
3261 4465 3408 4518 οἰκία
3450 4481 3554 4534 μου
3596 4457 3841 4534 λατρεύ-

564 4573 718 4626 Nunc
743 4585 918 4627 autem
949 4575 1002 4629 id
1035 4576 1190 4630 vobis
1215 4575 1428 4629 dicendi
1463 4576 1613 4628 locus
1646 4589 1750 4627 non
1801 4581 1884 4625 est
1930 4589 1943 4624 :
1999 4579 2128 4622 tunc

2235 4582 2396 4636 σομεν
2428 4563 2632 4633 Κυρίῳ,
2662 4563 2743 4614 ὅτι
2771 4560 2923 4629 ἅγιός
2948 4561 3082 4613 ἐστι.
3115 4578 3132 4609 ι
3166 4558 3281 4611 Νῦν
3306 4557 3364 4610 δὲ
3385 4557 3561 4610 ταῦτα
3583 4556 3680 4609 οὐκ
3710 4555 3843 4624 ἔχει

563 4664 705 4717 enim
732 4663 990 4720 dixistis:
1039 4683 1057 4716 ι
1093 4667 1250 4720 Absit
1273 4683 1302 4719 a
1336 4666 1490 4720 nobis
1525 4674 1582 4716 ut
1627 4665 1992 4732 relinquamus
2027 4659 2128 4712 Do-

2236 4654 2417 4726 χώραν
2447 4655 2574 4725 ὑμῖν
2605 4651 2876 4721 λέγεσθαι⁸
2905 4650 3026 4705 τότε
3053 4648 3161 4721 γὰρ
3187 4649 3392 4705 εἵπετο·
3422 4667 3442 4700 ι
3478 4649 3571 4720 Μὴ
3614 4648 3845 4716 γένοιτο

632 3193 718 3248 17.
748 3193 898 3259 Quod
932 3194 1096 3264 igitur
1125 3192 1287 3248 Josue
1317 3193 1514 3262 populo
1546 3193 1680 3247 dixit
1713 3192 1766 3245 in
1811 3201 1969 3246 terrm
1997 3206 2127 3245 san-
2156 3203 2199 3258 ε

559 3294 662 3337 cla:
693 3287 1091 3352 possessionem
1122 3286 1369 3348 inducto,
1401 3282 1454 3338 id
1483 3291 1540 3337 et.
1577 3283 1733 3338 nobis
1767 3298 1911 3337 nunc
1944 3284 2126 3337 dicere

559 3376 730 3446 possit
754 3376 1060 3444 Scriptura.
1101 3377 1190 3429 Sic
1221 3387 1397 3430 autem
1425 3375 1503 3429 ait
1539 3392 1553 3428 :
1589 3394 1608 3426 ι
1643 3373 1792 3429 Nunc
1823 3375 2007 3429 timete
2032 3374 2130 3427 Do-

561 3467 764 3521 mimuu
800 3475 853 3521 et
878 3471 1078 3522 servile
1108 3469 1157 3522 ei
1193 3467 1244 3520 in
1271 3468 1526 3535 aequitate
1551 3475 1606 3522 et
1631 3465 1881 3536 iustitia;
1927 3485 1945 3518 ι
1978 3481 2129 3519 cum-

559 3573 665 3627 que
697 3561 764 3613 ad
805 3560 1068 3614 idolorum
1104 3558 1304 3612 cultum
1331 3558 1689 3627 impellemur,
1727 3559 1888 3612 addet
1915 3573 1976 3611 ea
2012 3572 2130 3626 quze

562 3661 863 3720 sequuntur
901 3669 912 3704 :
963 3669 984 3703 ι
1033 3652 1258 3706 Auferte
1283 3660 1412 3705 deos
1452 3651 1654 3706 alienos
1695 3651 1886 3719 quibus
1926 3653 2130 3705 servie-

562 3755 687 3798 runt
720 3755 900 3814 patres
926 3746 1091 3800 vestri
1126 3754 1274 3798 trans
1302 3743 1522 3796 fluvium
1557 3754 1612 3798 et
1656 3744 1708 3798 in
1760 3742 2024 3813 Egypto,
2067 3758 2130 3797 ac

559 3840 760 3894 servile
793 3839 1016 3892 Domino
1044 3837 1109 3892 ³’.
1151 3857 1167 3889 ι
1205 3837 1474 3904 Principio
1500 3836 1644 3889 enim
1675 3851 1797 3888 cum
1831 3835 2002 3904 prima
2032 3851 2128 3886 vo-

560 3930 645 3986 bis
672 3940 854 3984 essent
891 3930 1010 3985 ftdei
1040 3929 1343 3984 rudimenta
1371 3927 1654 3993 tradenda,
1685 3927 1809 3995 jure
1839 3927 1945 3980 dici
1981 3926 2130 3979 vobis

561 4025 735 4093 potuit
767 4037 782 4075 :
823 4039 840 4074 ι
881 4023 972 4077 Siti
998 4033 1175 4076 autem
1199 4022 1351 4074 vobis
1375 4035 1479 4074 non
1511 4019 1685 4088 placet
1711 4020 1918 4074 servire
1948 4018 2131 4071 Domi-

562 4131 654 4178 no,
686 4115 866 4183 eligite
899 4115 1049 4169 vobis
1075 4117 1160 4169 cui
1191 4113 1446 4168 servituri
1486 4112 1604 4178 sitis
1631 4151 1646 4176 ,
1691 4127 1757 4165 an
1790 4112 1892 4164 diis
1937 4112 2131 4179 quibus

562 4209 865 4260 servierunt
888 4219 1066 4276 patres
1089 4211 1253 4264 vestri
1281 4221 1432 4264 trans
1454 4188 1699 4269 ﬂuvium,
1722 4220 1789 4258 an
1815 4205 1916 4258 diis
1941 4205 2132 4256 Amor-

566 4300 832 4351 rhworum
864 4299 914 4352 in
941 4315 1170 4367 quorum
1203 4310 1345 4356 terra
1382 4299 1639 4353 habitatis
1666 4297 1751 4362 ³³;
1791 4317 1810 4349 ι
1853 4297 2006 4364 isque
2038 4296 2129 4362 qui

625 4817 670 4849 ³⁸
705 4815 864 4873 Hebr.
901 4837 974 4884 tv,
1014 4822 1100 4876 12.
1179 4821 1219 4853 ’ί
1255 4820 1442 4874 Matth.
1466 4834 1618 4884 xxtt,
1646 4817 1716 4871 30
1745 4827 1799 4873 et
1830 4817 1996 4873 Marc.
2030 4833 2128 4871 xui

2233 4837 2264 4865 ι.
2342 4813 2385 4844 ³³
2421 4811 2534 4866 Jos.
2573 4827 2732 4874 xxw,
2770 4810 2856 4864 H.
2935 4809 2978 4840 ³³
3010 4809 3141 4865 lbid.
3180 4808 3270 4864 15.
3344 4808 3390 4844 ⁸⁸
3420 4807 3554 4864 Ibid.
3591 4809 3674 4864 16.

564 4982 898 5039 sessiouibus
928 4979 1159 5049 applicat
1185 4994 1198 5030 :
1231 4993 1420 5045 nempe
1441 4977 1542 5049 alia
1567 4976 1706 5030 bona
1737 4989 1857 5049 esse
1881 4975 2134 5049 αἰσθητά,

571 5072 590 5105 ι
632 5052 934 5112 sensibilia,
963 5047 1141 5116 aqua:
1165 5049 1435 5110 sensibus;
1469 5047 1569 5100 alia
1593 5047 1780 5117 νοητά,
1820 5047 2137 5117 rintelligi-

565 5123 720 5185 bilia,
780 5141 798 5172 ι
843 5136 963 5187 qua:
1015 5115 1127 5172 sola
1171 5129 1348 5172 mente
1384 5115 1786 5186 percipiuntur;
1830 5115 1920 5169 illa
1965 5118 2136 5169 ferme

565 5204 691 5247 sunt
721 5209 740 5243 ι
781 5190 1084 5258 corporalia
1121 5198 1172 5240 et
1205 5198 1440 5245 terrena;
1485 5206 1503 5239 ι
1554 5189 1652 5240 ista
1705 5205 1722 5235 ι
1763 5187 2028 5255 spiritalia
2082 5198 2134 5240 et

563 5263 830 5323 caelestia,
873 5281 888 5310 ι
937 5262 974 5312 ll
1007 5260 1131 5311 (lor.
1169 5275 1237 5318 tv,
1278 5260 1362 5315 18.
1408 5258 1796 5312 WETSTENtUs.

635 5331 748 5400 (85)
774 5330 960 5395 Αὐτὸς
1001 5330 1371 5396 ἐπιστρέψαι.
1419 5329 1560 5397 Lego
1593 5330 1747 5390 ἀετὸς
1784 5324 2128 5397 ἐπιστρέψαι.

636 5399 747 5470 (86)
783 5404 878 5452 Ms.
909 5403 1101 5461 codex,
1123 5399 1403 5462 ποικίλοιο,
1435 5409 1710 5470 corrupte.

636 5464 747 5541 (δῖ)
778 5473 859 5524 Οὐ
881 5471 1419 5539 συγκατηρίθμηται
1441 5469 1508 5522 δὲ
1542 5464 1770 5533 τούτοις
1790 5465 1965 5535 γυνή.
1995 5464 2137 5541 Scri-

565 5536 778 5611 pturain
812 5541 886 5592 ait
916 5536 1254 5609 maiestatem
1283 5558 1434 5592 suam
1463 5542 1514 5592 in
1561 5542 1660 5592 hoc
1707 5552 1947 5611 servare,
1982 5536 2130 5604 quod

571 5607 840 5664 restitutio
865 5607 1146 5678 parentum
1173 5612 1524 5677 omniumque
1557 5611 1820 5662 bonorum
1853 5607 1905 5658 in
1946 5622 2132 5659 resur-

567 5681 805 5732 rectione
835 5682 1201 5750 promittatur,
1233 5695 1402 5734 uxore
1424 5749 1427 5750 ν
1449 5690 1657 5733 tantmn
1697 5688 1952 5750 excepta;
2003 5677 2127 5743 quia

565 5750 637 5818 pii
678 5749 878 5806 similes
916 5750 1086 5805 futuri
1121 5761 1248 5807 sunt
1281 5749 1504 5821 angelis.
1551 5751 1664 5816 Sic,
1697 5757 1757 5801 ut
1782 5749 2128 5802 observatmn

2245 4989 2382 5033 esta
2435 4977 2764 5037 Wetslenio,
2827 4977 3191 5030 Tertullianus
3243 4976 3334 5030 lib.
3390 4991 3407 5029 t
3451 4976 3532 5028 Ad
3580 4991 3850 5043 uxorem.

2243 5067 2365 5118 cap.
2406 5050 2427 5102 1
2471 5066 2484 5101 :
2520 5069 2537 5100 ι
2575 5049 2900 5102 Christianis
2929 5047 3127 5101 saeculo
3173 5045 3435 5118 digressis
3468 5047 3626 5118 nulla
3661 5051 3855 5099 resti-

2242 5117 2378 5174 tutio
2403 5121 2715 5186 nuptiarum
2749 5120 2802 5172 in
2831 5120 2915 5172 die
2945 5117 3366 5171 resurrectionis
3397 5117 3853 5186 repromittitur;

2242 5189 2518 5244 translatis
2542 5189 2751 5245 scilicet
2778 5191 2831 5240 in
2861 5190 3160 5258 angelicam
3195 5187 3513 5254 qualitatem
3539 5197 3595 5241 et
3617 5191 3855 5241 επινιξιὶ-

2241 5270 2429 5312 tatem.
2473 5279 2490 5310 ι
2527 5259 2674 5312 Nihil
2709 5261 2909 5322 verius,
2953 5271 3004 5312 at
3037 5258 3230 5311 mirum
3262 5274 3364 5311 cur
3395 5258 3598 5328 subdat
3623 5258 3852 5328 0rige~

2240 5345 2341 5401 nes
2370 5348 2384 5384 :
2409 5331 2482 5401 Οὐ
2517 5330 2626 5401 γὰρ
2661 5329 2902 5401 εἴρηταιο
2942 5330 3048 5401 πᾶς
3073 5328 3458 5401 δστιςάφῇκεν
3483 5326 3782 5401 ⁸άδελιῖδρίδς
3815 5331 3852 5400 ἦ

2238 5367 2518 5470 agam
2531 5367 2742 5468 es:
2755 5367 3052 5471 ιῖέκνιῑί
3073 5367 3855 5471 ῖπῖρἓὺῗὲτίῖεὲιίὲἒῗτξῗοὲλ

2234 5473 2394 5522 ναῖκα
2424 5467 2606 5525 ἕνεκεν
2628 5471 2718 5523 τοῦ
2743 5467 3003 5540 ὀνόματός
3025 5467 3148 5540 μου,
3164 5467 3621 5521 πολλαπλασίονα
3653 5467 3854 5539 λήψε-

2237 5555 2361 5592 ται·
2405 5541 2518 5594 liaec
2556 5543 2697 5595 enim
2743 5543 2920 5594 omnia
2949 5541 3148 5608 scripta
3184 5540 3424 5606 reperies
3467 5540 3519 5591 iu
3558 5548 3851 5594 omnibus

2238 5610 2398 5680 codd.
2444 5609 2650 5666 Grmcis
2699 5611 2912 5673 Matth.,
2965 5627 3092 5671 χιε,
3137 5609 3240 5674 9.9,
3276 5610 3322 5662 si
3363 5609 3525 5664 lllOdO
3572 5609 3854 5680 excipias

2236 5679 2419 5749 Carm,
2458 5684 2547 5736 tibi
2600 5692 2736 5737 teste
2763 5681 2928 5736 Millio
2961 5683 3112 5736 deest
3143 5679 3178 5750 ἢ
3221 5681 3480 5750 γυναῖκα.
