3962 6414
544 302 651 358 587

2028 294 2185 350 011113
2196 292 2349 347 EMS
3704 299 3796 355 583

546 427 802 497 plaudeut
831 438 989 478 manu
1022 440 1040 473 ι
1079 421 1130 475 in
1168 420 1398 490 idipsum
1432 420 1497 487 ³⁸,
1541 426 1597 473 et
1630 435 1649 469 ι
1683 425 1889 473 montes
1928 418 2099 473 exsul-

2213 418 2340 487 περὶ
2370 416 2797 488 Χριστιανισμοῦ
2842 417 3057 486 ἀγῶνα·
3095 419 3188 472 καὶ
3234 420 3351 491 ήτοι
3383 421 3433 473 οἱ
3468 422 3525 473 ἐν
3558 420 3799 491 οὐρανοῖς

549 519 764 582 tabunt,
803 524 857 570 et
891 514 1072 570 omnia
1098 512 1242 583 ligna
1270 510 1444 579 campi
1498 510 1666 565 ramis
1716 510 1833 565 suis
1885 508 2109 579 applau-

546 612 675 665 dcnt
706 610 782 674 ’9;
816 626 834 659 ι
870 606 976 669 vel,
1018 605 1161 674 quod
1199 604 1374 657 absit!
1416 600 1642 656 inferna:
1693 616 1811 670 qua:
1841 600 1998 655 malis
2026 600 2114 653 de-

546 705 833 765 lectantur,
870 708 1169 770 potestates
1200 696 1551 751 laetabuntur.
1582 695 1747 766 286
1780 693 1891 749 Nec
1924 693 2023 747 abs
2054 707 2113 747 re

544 797 651 851 erit
677 808 785 863 quo
823 791 994 861 magis
1038 788 1340 858 negationis
1372 786 1710 855 impietatem
1765 787 2111 849 horreamus,

542 903 609 943 ex
640 886 705 942 iis
734 898 855 955 qua:
880 881 1101 951 scripsit
1144 880 1311 934 Isaias
1347 879 1534 934 videre
1568 894 1816 948 quaenam
1851 881 1991 948 apud
2031 880 2113 933 in-

539 976 688 1031 feros
733 972 960 1029 dicenda
995 973 1105 1027 sint
1137 970 1296 1025 victis
1324 980 1379 1023 et
1417 986 1444 1023 a
1482 969 1690 1024 cmlesti
1730 969 1993 1039 martyrio
2028 969 2110 1023 la-

538 1069 669 1139 psis.
711 1067 851 1121 Puto
896 1065 1039 1120 enim
1090 1066 1206 1120 lucc
1237 1065 1284 1118 ei
1319 1064 1410 1132 qui
1441 1061 1717 1131 negaverit
1765 1061 1967 1116 dictum
2002 1060 2107 1115 iri:

543 1180 563 1214 ι
599 1161 853 1216 Inlcrnus
877 1159 1067 1214 subter
1100 1157 1463 1212 exacerbatus
1497 1164 1583 1210 est
1616 1169 1914 1210 occurrens
1972 1154 2106 1219 tibi;

536 1259 1010 1309 consurrexerunt
1042 1251 1138 1305 tibi
1185 1263 1374 1305 omnes
1405 1247 1652 1317 gigantes
1681 1244 1773 1315 qui
1828 1244 2111 1315 principa-

534 1344 735 1398 bantur
769 1354 946 1407 teme,
975 1344 1067 1413 qui
1099 1341 1413 1398 excitabant
1434 1340 1501 1394 de
1528 1337 1677 1395 soliis
1708 1352 1894 1393 eorum
1920 1352 2111 1392 omnes

538 1451 699 1505 reges
734 1436 1001 1505 gentium.
1062 1433 1317 1491 Universi
1368 1431 1777 1500 respondebunt
1828 1439 1882 1485 et
1926 1430 2113 1485 dicent

538 1527 637 1582 tibi
670 1527 737 1579 “.
780 1545 797 1578 ι
844 1525 982 1593 Quid
1008 1535 1186 1580 autem
1214 1524 1400 1579 dicent
1431 1524 1588 1579 victis
1618 1524 1773 1578 victa:
1813 1531 2111 1592 potestates

537 1632 591 1675 et
632 1636 660 1672 a
702 1619 918 1673 diabolo
945 1620 1085 1687 capti
1120 1619 1206 1673 his
1235 1618 1326 1689 qui
1350 1618 1404 1672 in
1434 1618 1721 1688 negatione
1748 1616 1890 1687 capti
1915 1616 2111 1670 erunt?

550 1730 568 1762 ι
605 1712 670 1764 Et
700 1721 753 1764 tu
787 1719 980 1779 captus
1012 1724 1072 1762 es
1097 1709 1241 1763 sicut
1274 1718 1329 1762 et
1372 1722 1472 1763 nos
1502 1708 1569 1761 “.
1604 1726 1624 1759 ι
1666 1706 1778 1761 Etsi
1831 1720 1959 1760 vero
1989 1707 2110 1774 quis

536 1818 747 1872 magna:
776 1812 831 1856 et
880 1802 1126 1873 gloriosa:
1169 1803 1222 1856 in
1261 1801 1372 1856 Deo
1416 1800 1529 1871 spei
1590 1800 1754 1853 fuerit
1785 1840 1800 1865 ,
1835 1808 2011 1853 tamen
2063 1800 2106 1853 si

535 1906 729 1966 p05tea
774 1911 868 1950 seu
903 1895 1195 1949 timiditate
1224 1909 1319 1949 seu
1349 1893 1577 1963 objectis
1628 1891 1903 1947 laboribus
1933 1892 2108 1946 victus

535 1988 664 2051 erit,
706 1987 821 2041 haec
865 2002 893 2041 a
933 1987 1040 2040 Deo
1093 1985 1317 2040 audiet:
1365 2004 1383 2037 ι
1442 1985 1737 2041 Descendit
1791 1984 1857 2039 ad
1906 1983 2108 2039 inferos

535 2078 707 2148 gloria
744 2088 855 2139 tua.
886 2078 1077 2132 subter
1105 2086 1155 2131 te
1184 2084 1462 2131 sternetur
1493 2076 1725 2146 putredo
1752 2116 1767 2141 ,
1827 2083 1882 2130 et
1931 2075 2108 2146 operi-

538 2180 782 2223 mentum
816 2179 963 2223 tuum
1012 2169 1117 2224 erit
1143 2170 1345 2224 vermis
1388 2169 1452 2223 δ’.
1494 2188 1512 2222 ι
1547 2170 1602 2224 Si
1634 2168 1756 2239 quis
1807 2169 1969 2222 etiam
2005 2167 2108 2222 l'ul-

539 2274 673 2331 gens
703 2260 755 2313 in
780 2259 1036 2314 Ecclesiis
1065 2275 1206 2328 saepe
1238 2269 1294 2313 ut
1329 2258 1549 2314 Lucifer
1576 2259 1845 2330 apparuit,
1879 2258 2107 2313 lucenti-

535 2352 638 2407 IIIIS
686 2352 942 2422 operibus
971 2350 1087 2420 ejus
1115 2351 1272 2406 bouis
1303 2359 1493 2406 coram‘
1530 2351 1865 2416 hominibus,
1913 2350 2106 2405 deinde

536 2458 735 2514 magno
773 2443 1057 2497 certamini
1095 2441 1421 2498 commissus
1452 2457 1482 2497 a
1510 2452 1653 2497 tanta
1685 2456 1886 2498 corona
1922 2451 2103 2496 tanto-

534 2550 640 2603 que
674 2534 812 2589 solio
844 2534 1128 2596 exciderit,
1163 2534 1351 2589 audiet
1385 2554 1397 2589 :
1446 2551 1466 2585 ι
1500 2534 1782 2600 Quomodo
1813 2534 2008 2589 cecidit
2038 2534 2103 2588 de

534 2629 675 2685 ειειο
722 2628 939 2682 Lucifer
970 2627 1059 2695 qui
1085 2642 1243 2683 mane
1272 2626 1593 2682 oriebatur?
1617 2627 1900 2682 Contritus
1928 2637 2012 2683 est
2048 2628 2100 2681 in

533 2733 737 2775 terram
771 2720 836 2774 ⁸³.
876 2740 894 2772 ι
934 2719 1057 2775 Ilaec
1090 2720 1256 2775 etiam
1292 2722 1360 2773 ad
1393 2734 1516 2774 eum
1552 2720 1801 2775 dicentur
1831 2735 1954 2775 cum
1986 2720 2103 2774 ἀίει-

528 2815 657 2870 bolo
708 2830 807 2884 per
850 2813 1193 2884 negationem
1242 2811 1436 2868 similis
1472 2811 1650 2867 factus
1683 2812 1827 2867 erit:
1870 2832 1889 2865 ι
1926 2813 2103 2882 Proji-

530 2910 744 2962 cientur
778 2908 831 2961 in
867 2907 1145 2962 montibus
1171 2946 1188 2974 ,
1239 2906 1379 2961 sicut
1412 2915 1658 2960 mortuus
1714 2906 2056 2961 abominatus
2081 2947 2096 2972 ,

526 3015 649 3055 eum
683 2999 867 3055 multis
900 2998 1171 3064 mortuis;
1209 2998 1667 3068 quemadmodum
1712 3000 2098 3055 vestimentum

2216 508 2433 577 ἄγγελοι
2459 509 2691 580 ἐφ’ήμῐν
2724 510 3209 581 εὐφρανθήσονται,
3246 512 3338 564 καὶ
3367 531 3385 561 ι
3422 513 3659 582 ποταμοὶ
3679 530 3799 584 κρο-

2216 600 2438 669 τήσουσι
2460 600 2600 670 χειρὶ
2633 620 2651 651 ι
2683 602 2777 653 ἐπὶ
2801 601 2860 654 τὸ
2883 603 3035 664 αὐτὸ,
3060 604 3152 656 καὶ
3186 622 3202 653 ι
3233 602 3298 655 τὰ
3328 603 3427 674 ὅρη
3454 605 3801 672 ἀγαλλιάσον-

2216 709 2325 757 ται,
2376 692 2472 744 καὶ
2506 692 2684 746 πάντα
2718 692 2785 745 τά
2811 693 2941 757 ξύλα
2974 694 3068 746 τοῦ
3104 694 3281 747 πεδίου
3315 697 3668 767 ἐπικροτήσει
3697 699 3801 761 τοῖς

2217 785 2428 849 κλάδοις
2446 803 2457 815 ’
2489 806 2506 837 I
2538 786 2592 857 ἢ,
2614 786 2641 838 ὂ
2670 788 2743 859 μὴ
2768 787 2879 858 sin!
2904 788 2959 839 αἱ
2984 788 3132 841 κάτω
3152 787 3406 859 δυνάμεις
3434 781 3491 842 αἱ
3520 793 3802 862 ἐπιχαιρηο

2217 879 2427 932 σίκακοι
2483 880 2965 951 εὐφρανθήσονται.
3025 881 3192 934 Οὐδὲν
3242 882 3299 934 δέ
3329 884 3532 937 ἄτοπον
3582 884 3710 936 ἰδεῖν
3741 887 3799 938 ἐκ

2214 972 2321 1023 τῶν
2348 970 2425 1041 τῷ
2463 972 2660 1042 Ἡσαΐᾳ
2692 973 3090 1044 γεγραμμένων
3142 974 3209 1027 τά
3266 974 3647 1046 λεχθησόμενα
3702 978 3800 1030 ὑπὸ

2214 1060 2320 1115 τῶν
2362 1063 2419 1113 ἐν
2465 1060 2589 1131 ᾅδου
2619 1064 2731 1124 τοῖς
2762 1064 3135 1134 νενικημένοις
3165 1065 3257 1117 καὶ
3291 1065 3399 1116 ἀπὸ
3424 1065 3516 1117 τοῦ
3555 1067 3800 1137 οὐρανίου

2218 1153 2513 1224 μαρτυρίου
2545 1155 3054 1218 καταπεπτωκόσιν,
3087 1156 3152 1208 ἵν’
3178 1156 3257 1209 ἔτι
3300 1156 3589 1229 φρίξωμεν
3619 1157 3717 1228 τὴν
3747 1161 3800 1211 ἐν

2213 1244 2289 1314 τῷ
2318 1244 2597 1315 ἀρνεῖσθαι
2633 1246 2909 1300 ἀσέϐειαν.
2930 1247 3303 1320 Λεχθήσεσθαι
3329 1248 3438 1319 γὰρ
3469 1246 3647 1320 οἶμαι,
3674 1252 3805 1322 πρὸς

2212 1336 2305 1389 τὸν
2333 1337 2710 1408 ἀρνησάμενον
2738 1336 2992 1391 τοιαῦτα·
3041 1358 3059 1389 ι
3103 1341 3159 1391 '0
3201 1341 3336 1411 ᾅδης
3382 1342 3632 1395 κάτωθεν
3686 1347 3801 1396 ἐπι-

2215 1424 2422 1496 κράνθη
2456 1427 2793 1497 συναντήσας
2830 1445 2936 1480 σοι’
2977 1429 3387 1501 συνηγέρθησάν
3414 1448 3496 1483 σοι
3523 1432 3728 1495 πάντες
3753 1434 3801 1485 οἱ

2214 1518 2463 1585 γίγαντες
2487 1518 2535 1569 οἱ
2570 1516 2833 1587 ἄρξαντες
2857 1520 2954 1590 τῆς
2984 1522 3085 1591 γῆς
3113 1538 3126 1551 ο
3163 1524 3209 1574 οἱ
3245 1523 3560 1592 ἐγείραντες
3602 1526 3667 1577 ἐκ
3698 1526 3801 1579 τῶν

2215 1608 2418 1679 θρόνων
2461 1609 2639 1662 αὐτῶν
2667 1611 2875 1676 πάντας
2915 1614 3153 1683 βασιλεῖς
3189 1616 3378 1669 ἐθνῶν.
3423 1617 3639 1678 Πάντες
3668 1620 3801 1672 άπο-

2214 1701 2582 1771 κριθήσονται,
2610 1706 2704 1758 καὶ
2727 1704 2909 1775 ἐροῦσί
2938 1723 3037 1758 σοι.
3077 1725 3093 1757 I
3118 1706 3247 1759 Τίνα
3267 1708 3324 1760 δὲ
3354 1708 3573 1779 ἐροῦσιν
3592 1711 3801 1763 αίνενι-

2212 1791 2445 1861 κημέναι
2472 1793 2730 1863 δυνάμεις
2771 1798 2882 1857 τοῖς
2926 1797 3326 1867 νενικημένοις,
3361 1799 3455 1851 καὶ
3476 1800 3525 1851 οἱ
3568 1799 3677 1852 ὑπὸ
3706 1800 3797 1853 τοῦ

2210 1881 2455 1935 διαϐόλου
2489 1884 2787 1948 ἐαλωκότες
2816 1890 2926 1949 τοῖς
2950 1888 3006 1941 ἐν
3046 1889 3268 1959 ἀρνήσει
3297 1890 3561 1943 ἑαλωκόσι
3586 1908 3600 1956 ;
3646 1910 3663 1941 ι
3688 1891 3797 1944 Καὶ

2212 1975 2275 2027 σὺ
2315 1977 2504 2040 ἐάλως,
2541 1978 2729 2050 ὥσπερ
2764 1980 2858 2034 καὶ
2897 1983 3075 2051 ήμεῖς.
3114 2001 3132 2033 ι
3182 1983 3305 2035 Ἐὰν
3338 1982 3395 2035 δέ
3423 1984 3517 2036 καὶ
3554 1984 3798 2054 μεγάλης

2208 2084 2291 2132 τις
2324 2068 2532 2133 ἐλπίδος
2563 2072 2846 2141 τυγχάνων
2888 2073 2981 2124 καὶ
3021 2073 3230 2139 ἐνδόξου
3258 2075 3356 2145 τῆς
3402 2075 3458 2129 ἐν
3510 2075 3662 2146 Θεῷ,
3694 2077 3796 2129 ὑπὸ

2207 2159 2406 2223 δειλίας
2437 2161 2468 2232 ἢ
2498 2163 2673 2215 πόνων
2700 2164 3119 2235 προσαγομένων
3157 2165 3426 2236 ἡττηθεὶς,
3452 2168 3508 2218 ἐν
3531 2167 3653 2237 Θεῷ
3686 2166 3794 2238 (99.)

2208 2250 2532 2305 ἀκούσεταισ
2568 2272 2585 2304 ι
2618 2254 2836 2326 Κατέϐη
2867 2256 2946 2318 είς
2968 2255 3094 2326 ᾅδου
3139 2258 3170 2327 ή
3203 2257 3329 2323 δόξα
3370 2275 3495 2310 σου·
3532 2260 3795 2313 ὑποκάτω

2209 2358 2300 2395 σου
2327 2342 2627 2415 στρώσουσι
2656 2346 2838 2416 σῆψιν,
2871 2348 2965 2400 καὶ
2998 2348 3058 2400 τὸ
3089 2349 3501 2420 κατακάλυμμά
3538 2368 3633 2403 σου
3662 2351 3795 2405 σκώο

2204 2432 2321 2504 ληξ.
2351 2452 2367 2484 ι
2386 2436 2448 2487 El
2477 2435 2533 2487 δὲ
2561 2437 2653 2488 καὶ
2678 2436 2884 2507 ἔλαμψέ
2905 2455 2986 2501 τις
3008 2440 3065 2491 ἐν
3086 2444 3204 2503 ταῖς
3231 2441 3583 2511 Ἐκκλησίαις
3606 2442 3795 2498 πολλά-

2204 2541 2310 2588 κις,
2342 2525 2417 2589 ὡς
2443 2528 2471 2578 6
2506 2528 2811 2599 Ἐωσφόρος
2844 2530 3264 2601 ἐπιφαινόμενος
3295 2534 3508 2597 αὐταῖς,
3539 2534 3791 2605 λαμψάν-

2203 2632 2308 2669 των
2336 2616 2501 2670 αὐτοῦ
2527 2618 2635 2671 τῶν
2666 2620 2845 2673 καλῶν
2889 2621 3064 2692 ἔργων
3093 2621 3405 2694 ἔμπροσθεν
3433 2625 3545 2677 τῶν
3579 2626 3792 2697 ἀνθρώ-

2205 2722 2342 2770 πων,
2376 2708 2468 2759 καὶ
2510 2708 2647 2778 μετὰ
2692 2710 2865 2764 ταῦτα
2912 2713 3008 2765 τὸν
3062 2713 3234 2783 μέγαν
3300 2715 3490 2782 ἀγῶνα
3525 2716 3795 2784 ἀγωνιζό-

2206 2814 2389 2864 μενος,
2432 2800 2521 2853 τὸν
2550 2802 2809 2870 στέφανον
2836 2803 3145 2858 ἀπολώλεκε
3167 2805 3259 2858 τοῦ
3296 2807 3541 2860 τοιούτου
3574 2809 3789 2879 θρόνου,

2204 2889 2517 2943 ἀκούσεται’
2546 2894 2707 2958 «Πῶς
2735 2894 2989 2959 ἐξέπεσεν
3022 2898 3085 2949 ἐκ
3113 2896 3206 2950 τοῦ
3237 2899 3469 2967 οὐρανοῦ
3496 2902 3524 2953 6
3562 2901 3795 2971 Ἑωσφό-

2202 3000 2313 3055 ρος,
2349 2986 2377 3036 6
2401 2985 2542 3057 πρωῒ
2567 2988 2903 3055 άνατέλλων;
2934 2991 3217 3063 συνετρίϐη
3237 2993 3328 3045 ἐπὶ
3360 2993 3461 3063 τὴν
3489 2993 3615 3064 γῆν.
3641 3013 3659 3045 ι
3685 2996 3794 3047 Καὶ

526 3094 794 3164 sanguine
830 3107 1183 3163 conspersum
1214 3108 1321 3148 non
1348 3093 1453 3147 erit
1495 3093 1783 3159 mundum,
1819 3094 1891 3148 ita
1921 3109 2099 3164 neque

2206 3074 2355 3128 τοῦτο
2372 3075 2428 3129 δὲ
2450 3078 2583 3148 πρὸς
2604 3079 2765 3132 αὐτὸν
2787 3079 3102 3152 λεχθήσεται
3126 3082 3202 3153 τῷ
3224 3084 3451 3155 διαϐόλῳ
3471 3085 3562 3139 διὰ
3575 3086 3678 3156 τῆς
3696 3088 3795 3157 ἀρ-

529 3198 585 3242 tu
613 3188 723 3243 eris
751 3186 988 3242 mundus
1015 3186 1083 3241 “.
1117 3205 1136 3238 ι
1172 3185 1455 3252 Quomodo
1491 3184 1633 3239 enim
1662 3187 1897 3242 mundus
1929 3196 2091 3253 esset,

525 3280 891 3334 abominanda
942 3277 1253 3349 negationis
1285 3276 1512 3342 scelere,
1553 3290 1648 3330 ceu
1678 3280 1825 3332 caede
1864 3288 1919 3333 et
1966 3294 2095 3334 san-

526 3372 695 3442 guine
722 3371 987 3442 pollutus,
1036 3379 1092 3425 et
1127 3379 1280 3424 tanto
1306 3369 1450 3424 malo
1481 3369 1841 3440 inquinatus?
1893 3369 2098 3426 Cavea-

526 3476 647 3517 qus
677 3477 743 3517 ne
785 3462 871 3517 vel
904 3462 1172 3518 dubitatio
1225 3475 1464 3531 unquam
1518 3462 1677 3517 nobis
1707 3462 1992 3518 oboriatur
2023 3478 2090 3519 an

525 3555 835 3624 negandum
857 3554 950 3620 sit,
980 3570 1049 3610 an
1071 3555 1472 3614 confitendum:
1496 3568 1564 3610 ne
1593 3564 1647 3609 et
1674 3556 1740 3610 ad
1764 3570 1861 3611 nos
1884 3557 2096 3612 dicatur

524 3646 616 3700 hic
649 3645 779 3700 Eliaa
831 3661 1013 3702 sermo
1042 3664 1057 3701 :
1116 3666 1133 3698 ι
1164 3646 1461 3717 Usquequo
1494 3646 1828 3702 claudicatis.
1871 3648 1924 3702 in
1958 3648 2095 3704 duas

522 3737 750 3805 partes?
782 3737 839 3791 Si
889 3737 1146 3794 Dominus
1176 3747 1261 3793 est
1291 3739 1455 3802 Deus,
1489 3739 1778 3808 sequimini
1818 3752 1940 3794 eum
1966 3742 2032 3797 “.
2066 3750 2086 3795 δ

2205 3169 2410 3238 νήσεως
2457 3170 2841 3242 ὡμοιωμένον·
2878 3192 2898 3226 ι
2945 3174 3287 3245 Ῥιφήσονται
3340 3178 3398 3231 ἐν
3430 3181 3549 3241 τοῖς
3585 3179 3788 3250 ὄρεσιν,

2203 3261 2279 3324 ὼς
2308 3262 2499 3333 νεκρὸς
2530 3263 2917 3335 ἐϐδελυγμένος
2960 3266 3099 3337 μετὰ
3154 3267 3360 3322 πολλῶν
3404 3271 3748 3341 τεθνηκότων
3776 3289 3790 3302 ·

2200 3353 2259 3405 ὃν
2292 3354 2491 3424 τρόπον
2524 3356 2738 3426 ἱμάτιον
2770 3359 2828 3411 ἐν
2864 3358 3061 3429 αἵματι
3106 3360 3454 3431 πεφυρμένον
3500 3364 3604 3415 οὐκ
3638 3363 3794 3416 ἔσται

2202 3444 2462 3516 καθαρὸν,
2480 3445 2652 3510 οὕτως
2667 3448 2787 3501 οὐδὲ
2810 3450 2873 3501 σὺ
2901 3450 2997 3521 ἔσῃ
3018 3452 3251 3522 καθαρός
3271 3470 3283 3482 ·
3309 3472 3327 3503 I
3356 3454 3474 3517 πῶς
3498 3456 3610 3526 γάρ
3639 3456 3794 3509 ἔσται

2202 3536 2459 3609 καθαρὸς,
2494 3540 2681 3610 αἵματι
2724 3542 2817 3594 καὶ
2850 3542 3027 3613 φόνῳ,
3062 3544 3139 3615 τῷ
3172 3543 3447 3617 βδελυκτῷ
3479 3547 3585 3617 τῆς
3624 3549 3795 3619 ἀρνή-

2204 3646 2339 3694 σεως
2358 3631 2657 3703 πταίσματι
2679 3635 3067 3705 μεμιασμένος,
3086 3638 3178 3690 καὶ
3198 3639 3625 3711 ἐμπεφυρμένος
3649 3640 3798 3712 τηλι-

2206 3722 2390 3794 κούτῳ
2420 3723 2613 3795 κακῷ;
2656 3726 2991 3798 Πρόσχωμεν
3014 3767 3030 3792 ,
3090 3729 3162 3799 μή
3195 3746 3325 3782 ποτε
3360 3729 3464 3784 κᾶν
3493 3731 3796 3802 δισταγμδς

522 3835 763 3907 περὶτοῦ
787 3835 1014 3907 πότερόν
1042 3853 1171 3888 ποτε
1200 3835 1490 3907 ἁρνητέον,
1523 3834 1555 3906 ἢ
1586 3835 1966 3908 ὁμολογητέον,
2009 3837 2233 3910 γένηται
2281 3844 2338 3895 ἐν
2388 3844 2549 3915 ἡμῖν·
2590 3844 2677 3898 ἵνα
2727 3845 2801 3916 μὴ
2856 3843 2948 3897 καὶ
2980 3844 3115 3916 πρὸς
3156 3846 3305 3915 ἡμᾶς
3354 3847 3383 3898 6
3439 3846 3537 3899 τοῦ
3608 3846 3790 3900 Ἠλίου

522 3930 684 4002 λεχθῇ
712 3931 887 3999 λόγος,
914 3931 1084 3995 οὕτως
1116 3932 1286 4001 ἔχων·
1329 3950 1347 3982 I
1390 3931 1534 3995 Ἕως
1570 3932 1701 3985 πότε
1754 3933 1914 4006 ὑμεῖς
1949 3934 2240 4005 χωλανεῖτε
2299 3939 2385 3991 ἐπ’
2432 3938 2769 4011 ἀμφοτέραις
2807 3943 2928 4003 ταῖς
2961 3940 3203 4009 ίγνύαις;
3252 3941 3302 3992 εἰ
3340 3939 3459 3993 ἐστι
3504 3939 3707 4011 Κύριος
3758 3942 3795 3994 ὁ

521 4020 672 4084 Θεὸς,
710 4022 1003 4093 πορεύεσθε
1031 4023 1207 4076 ὀπίσω
1252 4022 1438 4077 αὐτοῦ.
1477 4043 1494 4075 ι

594 4141 682 4198 19.
713 4138 1021 4195 Verisimile
1045 4151 1129 4197 est
1162 4150 1343 4196 autem
1396 4157 1495 4196 nos
1523 4150 1578 4196 et
1617 4143 2030 4199 subsanuandos
2063 4159 2091 4197 ο

520 4232 845 4302 quibusdam
876 4245 931 4290 et
961 4232 1254 4303 opprobrio
1287 4235 1571 4289 habendos
1604 4250 1631 4288 a
1658 4236 1853 4291 vicinis
1891 4239 2093 4292 nostris

516 4328 607 4395 qui
639 4335 766 4381 sunt
796 4327 846 4380 in
898 4326 1132 4382 circuitu
1166 4336 1351 4382 nostro
1382 4369 1397 4392 ,
1454 4328 1656 4399 quique
1692 4343 1854 4396 super
1885 4343 1982 4382 nos
2034 4338 2094 4382 ut

516 4433 679 4485 super
705 4419 987 4475 dementes
1010 4428 1175 4490 caput
1208 4420 1509 4475 movebunt
1534 4437 1547 4472 :
1583 4436 1704 4490 qua:
1729 4436 1849 4475 cum
1878 4422 2090 4475 accide-

517 4510 647 4571 rint,
677 4509 923 4564 dicamus
971 4512 1079 4566 Deo
1112 4528 1126 4565 :
1165 4529 1183 4561 ι
1213 4511 1448 4566 Posuisti
1487 4526 1584 4565 nos
1618 4512 1972 4581 opprobrium
2004 4511 2088 4578 vi-

516 4601 652 4655 cinis
684 4602 916 4667 nostris,
958 4604 1446 4659 subsanuationem
1491 4612 1546 4658 et
1595 4606 1832 4659 derisum
1874 4605 1960 4660 his
1994 4605 2085 4674 qui

515 4702 640 4745 sunt
677 4693 728 4746 in
766 4694 1001 4749 circuitu
1033 4704 1241 4749 nostro.
1280 4695 1520 4749 Posuisti
1560 4711 1659 4749 nos
1686 4696 1738 4749 in
1770 4695 2086 4749 similitudi—

516 4796 636 4835 uem
675 4785 928 4851 gentibus
956 4824 969 4847 ,
1006 4786 1431 4839 commotionem
1490 4786 1688 4853 capitis
1746 4786 1797 4838 iII
1851 4786 2085 4854 populis.

514 4874 648 4926 'J‘ota
676 4876 759 4929 die
790 4876 1111 4929 verecundia
1139 4890 1255 4928 mea
1287 4889 1475 4929 contra
1520 4890 1603 4927 me
1625 4887 1709 4930 est
1752 4889 1807 4929 et
1845 4878 2091 4932 confusio

512 4965 668 5018 t'aciei
701 4981 832 5019 meae
858 4965 1138 5033 cooperuit
1168 4980 1272 5026 me.
1297 4980 1325 5018 a
1356 4981 1485 5020 voce
1506 4967 1889 5034 exprobrantis
1916 4976 1968 5020 et
1996 4970 2095 5022 ob-

2271 4142 2433 4206 Είκὸς
2464 4142 2520 4196 δὲ
2552 4141 2697 4212 ὑμᾶς
2716 4142 2852 4213 (95),
2887 4142 2981 4197 καὶ
3009 4159 3184 4213 μυκτη
3197 4142 3551 4214 ρισθήσεσθαι
3576 4144 3681 4197 ὑπό
3699 4160 3789 4196 τι-

2199 4255 2304 4290 νων
2355 4236 2448 4289 καὶ
2497 4235 2955 4306 ὀνειδισθήσεσθαι
3011 4234 3115 4288 ὑπὸ
3142 4235 3402 4303 γειτόνων
3436 4234 3792 4288 κυκλούντων

2198 4328 2343 4397 ὑμᾶς
2368 4367 2381 4389 ,
2420 4326 2511 4378 καὶ
2563 4326 2661 4397 τὴν
2692 4325 2931 4397 κεφαλὴν
2964 4325 3039 4388 ὡς
3068 4325 3158 4378 ἐπὶ
3204 4326 3457 4395 ἀνοήτοις
3490 4325 3791 4380 κινούντων

2198 4418 2360 4487 ἡμῖν’
2400 4414 2535 4467 ἀλλά
2565 4414 2769 4483 τούτων
2815 4414 3220 4485 συμϐαινόντων
3247 4454 3260 4478 ,
3315 4416 3481 4485 ἡμεῖς
3536 4415 3791 4485 λέγωμεν

2200 4508 2332 4579 πρὸς
2358 4507 2491 4560 Θεόν
2516 4524 2528 4536 °
2566 4525 2584 4556 ι
2612 4506 2773 4559 Ἐθου
2803 4509 2949 4578 ἡμᾶς
2973 4506 3176 4569 ὄνειδος
3205 4510 3317 4569 τοῖς
3340 4508 3579 4575 γείτοσιν
3602 4507 3789 4577 ήμῶν,

2196 4599 2575 4670 μυκτηρισμὸν
2604 4600 2694 4651 καὶ
2724 4598 3027 4668 χλευασμὸν
3049 4602 3161 4661 τοῖς
3196 4598 3382 4669 κύκλῳ
3405 4600 3584 4669 ἡμῶν.
3618 4599 3791 4651 Ἔθςυ

2194 4694 2343 4762 ἡμᾶς
2372 4695 2450 4756 εἰς
2482 4694 2794 4764 παραϐολὴν
2829 4696 2883 4747 ἐν
2913 4696 3022 4756 τοῖς
3054 4693 3262 4758 ἔθνεσι,
3294 4693 3512 4763 κίνησιν
3540 4693 3793 4763 κεφαλῆς

2192 4786 2249 4838 ἐν
2278 4788 2389 4848 τοῖς
2418 4784 2585 4849 λαοῖς.
2623 4787 2789 4857 Ὅλην
2822 4786 2919 4857 τὴν
2950 4785 3161 4858 ἡμέραν
3184 4787 3217 4855 ή
3242 4786 3482 4856 ἐντροπή
3520 4804 3618 4856 μου
3656 4788 3794 4837 κατ’

2193 4876 2435 4931 ἐναντίον
2467 4895 2566 4947 μου
2598 4880 2732 4942 ἐστὶ,
2758 4880 2851 4931 καὶ
2875 4881 2906 4948 ἡ
2932 4877 3157 4947 αἰσχύνη
3188 4876 3282 4929 τοῦ
3344 4878 3634 4947 προσώπου
3670 4894 3795 4945 μου

2195 4965 2431 5038 ἐκάλυψε
2463 4986 2550 5039 με,
2580 4971 2688 5023 ἀπὸ
2712 4971 2892 5040 φωνῆς
2917 4967 3267 5032 ὀνειδίζοντος
3289 4971 3383 5022 καί
3412 4969 3795 5024 καταλαλοῦν-

2184 5075 2295 5122 τος,
2326 5059 2433 5112 ἀπὸ
2466 5061 2756 5131 προσώπου
2792 5060 2985 5132 ἐχθροῦ
3012 5061 3105 5114 καὶ
3144 5061 3520 5125 ὲκδιώκοντος.
3548 5082 3566 5114 I
3616 5060 3801 5114 Ἀλλὰ

2194 5154 2331 5224 πρὸς
2364 5153 2537 5207 ταῦτα
2568 5155 2647 5207 δεῖ
2675 5156 2773 5226 τὴν
2819 5153 2955 5225 μετὰ
3009 5154 3324 5223 παρρησίας
3353 5154 3448 5206 τοῦ
3492 5153 3797 5224 προφήτου

2191 5246 2595 5317 ἐπιφερομένην
2624 5245 2803 5315 φωνὴν
2834 5247 3004 5298 εἰπεῖν
3038 5243 3112 5313 τῷ
3144 5243 3263 5313 Θεῷ
3288 5262 3299 5273 ·
3339 5266 3355 5294 ι
3382 5246 3568 5298 Ταῦτα
3597 5244 3801 5296 πάντα

514 5055 785 5123 loquentis
810 5098 823 5121 ,
857 5073 885 5109 a
923 5057 1061 5109 facie
1093 5056 1296 5109 inimici
1322 5065 1375 5109 et
1406 5056 1775 5125 persequentis
1800 5056 1868 5110 ⁵⁸.
1906 5077 1924 5111 ι
1971 5057 2075 5112 Sed

511 5148 576 5199 ad
610 5149 724 5201 lucc
758 5149 1013 5202 utendum
1044 5158 1128 5202 est
1168 5146 1355 5203 liberis
1390 5149 1495 5204 illis
1529 5148 1816 5220 Propheta:
1851 5151 2032 5206 verbis
2072 5174 2083 5207 :

516 5258 533 5289 ‹
562 5237 686 5293 Haec
723 5241 905 5295 omnia
936 5250 1199 5297 venerunt
1232 5256 1395 5309 super
1427 5256 1528 5298 nos
1564 5258 1663 5298 nec
1704 5243 1856 5297 obliti
1887 5256 2077 5296 sumus

1260 5436 1303 5468 ³⁰
1340 5436 1440 5491 lsa.
1476 5455 1567 5503 ιν,
1636 5438 1726 5492 12.
1823 5440 1866 5468 ⁸ο
1920 5435 2024 5492 Isa.
2086 5455 2099 5490 ι

2253 5440 2305 5501 9,
2362 5440 2447 5493 10.
2550 5441 2591 5469 ⁸¹
2625 5437 2756 5495 Ibid.
2797 5442 2884 5499 10.
2987 5439 3032 5472 ⁸⁸
3065 5439 3197 5495 Ibid.
3242 5440 3328 5494 11.
3442 5440 3489 5470 “
3511 5438 3637 5497 Ibid.
3686 5440 3793 5493 12.

1620 5509 1665 5539 ’⁸⁸
1706 5508 1848 5561 I’sal.
1880 5525 2036 5573 XLIII,
2070 5510 2151 5572 14,
2195 5509 2282 5571 13,
2317 5510 2402 5563 16.

582 5436 626 5466 ³³
654 5436 794 5489 Psal.
856 5450 1038 5498 xcv",
1100 5436 1151 5490 9.
1260 5436 1303 5468 ³⁰
1340 5436 1567 5499 lsa.I.v,
1636 5438 1726 5492 12.
1823 5440 1866 5468 ¹⁶⁰
1920 5436 2024 5492 Isa.
2086 5455 2099 5490 ι

2253 5440 2305 5499 9,
2362 5440 2447 5493 10.
2550 5441 2591 5469 ⁸¹
2625 5437 2756 5495 Ibid.
2797 5442 2884 5499 10.

2987 5439 3032 5472 ⁸⁸
3065 5439 3197 5495 Ibid.
3242 5440 3328 5494 11.

513 5505 559 5536 ⁸⁸
594 5507 725 5559 Ibid.
772 5507 854 5561 I9.
932 5506 975 5537 ⁸⁸
1004 5507 1066 5560 ΙΙΙ
1099 5506 1231 5573 Iieg.
1265 5523 1416 5570 XVIII,
1452 5509 1539 5563 ill.
1620 5509 1665 5539 ’⁸⁸
1706 5508 1848 5561 I’sal.
1880 5525 2036 5573 XLIII,
2070 5512 2084 5559 l

2206 5509 2282 5571 l3,
2317 5510 2402 5563 16.
3216 5519 3225 5523 “

571 5686 679 5759 (θξί)
714 5685 1041 5754 ’Πττηθεὶρ,
1094 5688 1162 5755 ἐν
1190 5686 1329 5752 Θεῷ,
1382 5701 1481 5744 etc.
1519 5692 1679 5759 Lego,
1712 5687 1940 5757 ἡττηθῇ,
1976 5688 2081 5738 άπὸ

511 5689 679 5809 6‘9?)
714 5689 1041 5754 ἠττηθεὶρ.
1094 5689 1162 5755 ἐν
1190 5689 1329 5752 Θεῷ,
1382 5701 1481 5744 etc.
1519 5689 1940 5759 1.(δςςο,ἠττγ,θῇ,
1976 5689 2081 5738 άπὸ

557 5773 666 5810 εου.
698 5768 803 5810 CIC.

2260 5689 2372 5753 (93)
2417 5690 2618 5759 Ὑμᾱς.
2672 5692 2797 5769 ng.
2840 5696 3013 5763 ἡμᾶς,
3049 5694 3236 5764 sicque
3295 5694 3461 5763 paulo
3513 5702 3631 5765 post
3660 5707 3783 5745 κυ-

2206 5758 2455 5810 ςλούντων
2488 5764 2653 5810 ἡμεῖς.
2692 5778 2794 5810 non
2824 5765 2982 5810 ὑμᾶς-

557 5788 666 5821 ινα,
698 5788 803 5810 ιιι..

2189 5758 2455 5813 κλούντων
2488 5764 2653 5831 mag,
2692 5758 2794 5816 110⁷11
2824 5758 2983 5834 ὑμᾶς.
