3996 6524
176 374 266 429 589
1241 375 1693 432 EXHORTATIO
1732 377 1824 432 AD
1858 377 2303 436 MARTYRIUM.

3310 391 3415 447 590

172 491 313 564 ἦλθεν
347 490 432 560 ἐφ’
455 491 624 561 ἡμᾶς,
657 491 752 544 καὶ
784 492 884 544 οὐκ
910 491 1284 562 ἐπελαθόμεθά
1343 511 1456 558 σου,
1489 494 1584 548 καὶ
1629 494 1725 546 οὐκ

1835 504 1909 560 te,
1939 507 1988 550 et
2019 499 2185 568 287
2239 499 2424 570 inique
2460 515 2564 556 non
2593 502 2804 571 egimus
2833 504 2887 560 in
2937 514 3263 564 testamento
3298 522 3410 579 tuo,

172 584 481 655 ἠδικήσαμεν
515 584 574 635 ὲν
606 581 842 655 διαθήκῃ
887 600 1008 648 σου,
1047 584 1140 637 καὶ
1167 585 1268 638 οὐκ
1317 584 1524 655 ἀπέστη
1555 589 1634 650 είς
1662 587 1730 640 τὰ

173 676 324 729 ὀπίσω
351 676 384 745 ἡ
411 674 610 745 καρδία
645 673 823 745 ἡμῶν.
863 693 882 725 ›

230 766 680 836 Μνημονεύωμεν,
699 767 799 828 ὅτι,
821 768 877 819 ὲν
901 765 978 834 τῷ
1009 766 1108 838 βίῳ
1133 766 1304 838 τούτῳ
1349 770 1726 838 τυγχάνοντες,

174 860 250 911 καὶ
277 858 526 921 νοοῦντες.
554 860 654 923 τὰς
694 857 798 923 ἔξω
816 857 910 912 τοῦ
934 859 1048 928 βίου
1063 859 1234 924 ὁδοὺς,
1263 859 1342 930 τῷ
1375 861 1494 931 Θεῷ
1520 878 1723 932 φαμεν,

173 953 265 1004 ἔτι(
311 949 625 1015 Ἐξεκλινας
653 951 752 1013 τὰς
777 952 995 1023 τρίϐους
1015 951 1172 1022 ἡμῶν
1193 953 1299 1005 ἀπὸ
1313 952 1412 1022 τῆς
1435 954 1553 1006 ὁδοῦ
1579 972 1722 1008 σου.)

185 1043 688 1114 Ἀναμιίινήςκεσθαι
719 1045 818 1108 δεῖ,
848 1046 928 1097 ὅτι
957 1045 1119 1109 τόπος
1147 1045 1442 1110 κακώσειδέ
1483 1048 1598 1100 ἐστι
1630 1049 1728 1120 τῆς

173 1137 326 1206 ψυχῆς
346 1136 404 1188 τὸ
435 1137 634 1207 χωρίον
655 1135 832 1201 τοῦτο,
870 1139 926 1190 ὲν
952 1130 996 1204 ᾧ
1026 1136 1492 1208 τεταπεινὼμεθα,
1534 1138 1600 1190 ἵν’
1641 1140 1728 1191 εύ-

173 1230 361 1298 χόμενοι
393 1227 664 1299 λέγωμεν,
699 1229 781 1281 ὃτι
818 1249 835 1279 ι
881 1229 1281 1292 Ἐταπείνωσας
1319 1232 1468 1300 ἡμᾶς
1501 1233 1558 1284 ὲν
1578 1231 1728 1303 τόπῳ

173 1321 461 1386 κακώσεως,
509 1323 601 1374 καὶ
641 1321 982 1392 ἐπεκάλυψεν
1034 1325 1182 1394 ἡμᾶς
1221 1324 1348 1378 σκιά
1409 1324 1661 1378 θανάτου.
1702 1345 1720 1378 ι

172 1415 484 1486 Θαρροῦντες
527 1414 585 1467 δὲ
632 1414 881 1485 λέγωμεν
922 1415 1017 1468 καὶ
1071 1416 1151 1468 τόο
1191 1436 1208 1467 ι
1246 1417 1309 1470 Εἰ
1353 1417 1728 1489 ἔπελαθόμεθα

170 1507 250 1559 τοῦ
291 1507 548 1577 ὀνόματος
593 1507 686 1561 τοῦ
732 1508 868 1561 Θεοῦ
903 1508 1080 1580 ἡμῶν,
1116 1509 1210 1562 καὶ
1254 1511 1300 1563 εἰ
1330 1509 1726 1580 διεπετάσαμεν

172 1599 333 1668 χεῖρας
366 1596 521 1667 ἡμῶν
555 1596 693 1668 πρὸς
733 1596 852 1650 θεὸν
882 1597 1176 1670 ἀλλότριον,
1206 1599 1326 1671 οὐχὶ
1353 1601 1381 1653 ὁ
1401 1599 1532 1664 Θεὸς
1563 1602 1726 1672 ἐκζη-

169 1689 306 1758 τήσει
345 1687 556 1753 nam;
598 1708 617 1739 ι
689 1681 698 1688 ”

228 1781 308 1850 Μὴ
335 1779 403 1833 ’τὺ
435 1783 495 1833 ἐν
535 1780 755 1853 φανερῷ
785 1782 841 1835 δὲ
889 1783 1047 1853 μόνον
1092 1782 1201 1853 (94)
1241 1782 1556 1854 μαρτύριον,
1590 1783 1724 1838 ἀλλά

1833 598 1886 640 et
1916 605 2020 644 non
2050 593 2278 646 recessit
2313 602 2459 648 retro
2485 609 2581 650 cor
2611 605 2857 651 nostrum
2885 596 2976 653 δι’,
3009 618 3030 650 ι

1902 767 1992 821 9.0.
2021 767 2430 827 Meminerimus
2475 789 2572 829 nos
2605 775 2657 830 in
2704 777 2807 832 bac
2851 779 2962 835 vita
2996 785 3322 842 constitutos
3357 797 3412 845 et

1831 858 2132 927 Cogitantes
2155 859 2270 914 vias
2300 876 2416 930 quae
2455 873 2607 918 extra
2643 869 2810 922 vitam
2842 880 2986 938 sunt,
3019 874 3204 930 dicere
3258 878 3405 933 Deo:

1848 967 1866 999 ι
1909 949 2204 1007 Deciinasti
2249 957 2471 1012 semitas
2503 966 2720 1014 nostras
2759 977 2788 1014 a
2821 963 2903 1016 via
2934 972 3022 1018 tua
3056 966 3121 1022 ⁸⁷.
3163 987 3182 1019 ι
3220 968 3412 1026 Memi-

1834 1039 1981 1096 nisse
2021 1052 2237 1111 Oportet
2274 1047 2449 1102 locum
2490 1048 2798 1107 alllictionis
2846 1055 3039 1112 anima:
3066 1073 3188 1115 esse
3226 1061 3406 1118 locum

1831 1132 1991 1188 istum
2023 1135 2075 1188 in
2105 1153 2214 1206 quo
2252 1141 2524 1196 humiliati
2575 1159 2783 1210 sumus,
2823 1157 2880 1200 ut
2924 1149 2977 1203 in
3012 1153 3270 1220 precibus
3309 1171 3411 1212 no-

1829 1226 1958 1280 stris
1982 1227 2229 1285 dicamus
2257 1248 2272 1284 :
2306 1249 2325 1282 ¢
2363 1231 2671 1290 llumiliasti
2702 1253 2802 1292 nos
2835 1239 2888 1292 in
2931 1240 3049 1296 loco
3079 1244 3407 1314 afflictionis,

1832 1324 1887 1368 et
1914 1320 2194 1386 cooperuit
2223 1336 2322 1376 nos
2349 1325 2598 1379 umbram
2619 1325 2761 1381 ortis
2791 1327 2857 1380 ⁸⁸.
2889 1348 2907 1382 ›
2934 1329 3287 1392 Conlidenter
3307 1353 3407 1392 au-

1835 1415 1942 1461 tem
1970 1417 2023 1464 et
2051 1409 2179 1464 illud
2207 1413 2488 1468 dicamus:
2520 1434 2539 1467 ι
2588 1416 2645 1471 Si
2680 1418 2832 1474 obliti
2866 1435 3056 1479 sumus
3083 1441 3280 1481 nomen
3313 1429 3410 1486 Dei

1836 1499 2038 1564 nostri,
2074 1509 2128 1554 et
2165 1501 2210 1556 si
2258 1505 2618 1572 expandimus
2662 1522 2854 1565 manus
2883 1525 3099 1571 nostras
3133 1517 3199 1573 ad
3247 1517 3407 1576 deum

1829 1588 2087 1656 alienum,
2123 1607 2304 1649 nonne
2337 1595 2477 1652 Deus
2503 1599 2748 1669 requiret
2775 1603 2880 1658 ista
2907 1605 2988 1661 “?
3009 1621 3029 1654 ι

1896 1768 1987 1824 2|.
2019 1770 2134 1825 Non
2162 1782 2406 1842 apertum
2439 1778 2599 1834 modo
2627 1784 2976 1854 martyrium,
3016 1789 3111 1844 sed
3143 1799 3199 1845 et
3227 1793 3410 1848 occul-

169 1870 327 1922 καὶτὸ
364 1873 420 1922 ὲν
457 1871 684 1942 κρυπτῷ
724 1871 948 1936 τελείως
991 1873 1279 1926 ἀναλαϐεῖν
1307 1874 1721 1946 ἀγωνισώμεθα,

1832 1871 1941 1916 tum
1973 1863 2211 1931 perfecte
2231 1868 2511 1937 suscipere
2535 1875 2951 1943 contendamus,
2983 1887 3040 1932 ut
3073 1889 3128 1934 et
3154 1881 3252 1950 ipsi
3279 1899 3410 1954 apo-

169 1964 245 2014 ἵνα
269 1963 355 2015 καὶ
385 1964 538 2015 αὐτοὶ
563 1965 933 2028 ἀποστολικῶς
960 1964 1337 2037 φθεγξώμεθα·
1369 1986 1388 2018 ι
1421 1967 1590 2021 Τοῦτο
1619 1969 1727 2040 γάρ

173 2056 274 2107 ἐστι
313 2055 370 2108 τὸ
415 2055 676 2127 καύχημα
709 2057 866 2126 ἡμῶν
897 2057 957 2110 τὸ
1009 2058 1304 2128 μαρτύριον
1331 2059 1431 2129 τῆς
1487 2060 1727 2132 συνειδή-

173 2165 311 2212 σεως,
344 2150 422 2202 ὅτι
446 2151 503 2202 ἐν
534 2151 778 2222 ἁγιότητι
825 2152 921 2206 καὶ
951 2151 1269 2224 είλικρινεία
1299 2152 1432 2205 Θεοῦ
1461 2153 1726 2226 ἀνεστρά-

172 2257 330 2311 φημεν
351 2241 406 2292 ἐν
437 2241 513 2311 τῷ
534 2241 743 2314 κόσμῳ.
772 2262 790 2293 ι
820 2243 1186 2315 Συνάπτωμεν
1213 2243 1268 2296 δὲ
1293 2244 1370 2315 τῷ
1391 2244 1729 2317 ἀποστολικῷ

168 2332 218 2384 τὸ
249 2334 567 2403 προφητικὸν
601 2333 678 2386 τό·
716 2355 733 2384 ι
759 2334 929 2399 Αὐτὸς
949 2335 1002 2388 δὲ
1025 2335 1280 2404 γινώσκει
1306 2337 1374 2390 τὰ
1399 2336 1604 2408 κρύφια
1628 2337 1728 2408 τῆς

167 2426 368 2497 καρδίας
391 2444 404 2456 ·
436 2446 455 2478 ι
490 2429 583 2480 καὶ
613 2427 846 2499 μάλιστα
891 2427 986 2481 ἐὰν
1013 2430 1112 2498 τὴν
1133 2429 1226 2482 ἐπὶ
1255 2429 1467 2501 Θανάτῳ
1502 2429 1728 2499 ἀπαγώ-

171 2519 308 2589 μεθα,
329 2519 414 2571 ὅτε
450 2521 696 2589 φήσομεν
729 2520 788 2573 τὸ
823 2519 928 2573 ὑπὸ
964 2520 1138 2590 μόνων
1172 2520 1462 2592 μαρτύρων
1499 2521 1728 2592 λεγόμε-

166 2628 239 2663 νον
268 2612 341 2682 τῷ
373 2611 491 2682 ε’)εῷ
513 2629 526 2641 ο
555 2631 572 2661 ι
605 2613 724 2664 Ὅτι
751 2612 911 2665 ἕνεκά
943 2629 1036 2664 σου
1066 2611 1447 2683 θανατούμεθα
1475 2613 1601 2685 ὃλην
1631 2614 1728 2685 τὴν

167 2703 375 2774 ἡμέραν,
402 2703 760 2774 ἐλογίσθημεν
797 2704 873 2766 ὡς
904 2703 1149 2775 πρόϐατα
1183 2704 1418 2774 σφαγῆς.
1455 2723 1472 2754 ι
1520 2703 1641 2758 Ἐὰν
1671 2705 1729 2758 δέ

166 2811 274 2847 ποτε
305 2794 411 2848 ἀπὸ
441 2794 534 2847 τοῦ
583 2795 929 2866 φρονήματος
970 2794 1069 2864 τῆς
1118 2793 1319 2866 σαρκὸς
1361 2793 1729 2866 ὑποϐάλληται

166 2889 274 2954 ἡμῖν
299 2887 460 2956 φόϐος
483 2888 590 2940 τῶν
629 2886 995 2940 ἀπειλούντων
1022 2888 1153 2958 ἡμῖν
1177 2887 1407 2942 θάνατον
1437 2888 1725 2956 δικαστῶν,

163 2980 264 3032 τότε
277 2979 515 3050 εἴπωμεν
529 2982 712 3044 αὐτοῖς
731 2977 863 3051 (94⁸)
885 2979 946 3032 τὸ
965 2977 1075 3032 ἀπὸ
1087 2979 1193 3032 τῶν
1205 2979 1540 3051 Παροιμιῶν
1567 3001 1584 3031 ι
1611 2980 1726 3045 Tit,

164 3069 277 3140 τίμα
303 3071 395 3124 τὸν
415 3071 641 3142 Κύριον,
671 3070 763 3124 καὶ
797 3070 1055 3141 ἰσχύσεις
1089 3070 1226 3143 πλὴν
1254 3071 1312 3124 δὲ
1335 3068 1499 3124 αὐτοῦ
1527 3071 1604 3143 μὴ
1631 3088 1728 3140 φο·

165 3163 244 3218 6οὖ
269 3166 427 3220 ἄλλον
438 3208 452 3220 .
466 3187 483 3218 ι

1831 1953 2025 2008 stolico
2083 1970 2233 2010 more
2282 1957 2530 2036 dicamus
2564 1979 2577 2015 :
2612 1981 2631 2015 ι
2673 1963 2804 2020 Nam
2843 1968 3015 2036 gloria
3072 1982 3257 2028 nostra
3291 1953 3409 2030 base

1831 2053 1918 2098 est
1948 2046 2316 2102 testimonium
2353 2053 2724 2122 conscientia,
2778 2059 2922 2126 quod
2951 2060 3004 2114 in
3037 2064 3331 2120 sanctitate
3354 2077 3411 2121 et

1831 2133 2267 2192 sinceritate'Dei
2291 2146 2601 2198 convcrsati
2636 2162 2824 2203 sumus
2859 2149 2913 2205 in
2945 2152 3048 2208 hoc
3080 2157 3281 2211 mundo
3301 2158 3402 2212 ⁸⁸.»

1828 2224 2158 2293 Apostolicis
2183 2241 2361 2286 autem
2396 2235 2581 2292 verbis
2609 2236 2926 2308 pro'pbetica
2974 2243 3064 2298 illa
3115 2258 3410 2304 connecta-

1830 2333 1986 2376 mus:
2013 2341 2030 2372 ι
2051 2320 2171 2392 lpse
2196 2327 2346 2381 novit
2375 2328 2688 2386 abscondita
2720 2336 2902 2392 cordis
2922 2338 3005 2405 “;
3036 2359 3056 2393 ι
3089 2350 3137 2395 et
3174 2344 3410 2401 maxime

1831 2427 1953 2466 cum
1979 2415 2044 2466 ad
2079 2426 2309 2471 mortem
2365 2421 2650 2488 ducemur,
2691 2430 2914 2496 quando
2946 2431 3192 2490 dicemus
3227 2452 3346 2506 quae
3377 2453 3408 2494 a

1831 2502 1962 2557 solis
1989 2507 2321 2578 martyribus
2347 2509 2456 2566 Deo
2486 2513 2742 2571 dicuntur
2769 2534 2784 2570 :
2824 2537 2842 2570 ι
2878 2520 3144 2587 Quoniam
3180 2502 3408 2597 propter

1834 2599 1887 2646 te
1911 2594 2307 2650 mortificamur
2341 2608 2454 2655 tota
2479 2602 2863 2669 die,aestimati
2890 2623 3076 2666 sumus
3107 2594 3252 2669 sicut
3281 2594 3410 2672 oves

1831 2688 2122 2744 occisionis
2143 2688 2244 2744 ".I
2272 2691 2428 2758 Quod
2457 2694 2502 2748 si
2529 2695 2686 2750 nobis
2713 2713 2947 2768 unquam
2973 2705 3258 2771 prudentia
3287 2723 3409 2766 car-

1832 2780 1919 2833 nis
1975 2779 2184 2849 injiciat
2227 2795 2430 2840 metum
2484 2789 2806 2846 minantium
2854 2805 3084 2850 mortem
3133 2799 3406 2868 judicum,

1835 2878 1959 2924 tunc
2014 2871 2144 2927 illud
2198 2888 2229 2929 e
2265 2874 2580 2932 Proverbiis
2617 2879 2868 2937 dicamus
2905 2900 2919 2938 :
2958 2902 2976 2935 ι
3013 2885 3137 2950 Fili,
3193 2887 3405 2943 honora

1832 2962 2148 3031 Dominum,
2181 2974 2236 3022 et
2274 2966 2519 3035 valebis;
2550 2983 2753 3042 praeter
2780 2989 2904 3031 eum
2927 2990 3078 3047 vero,
3106 2994 3173 3036 ne
3213 2980 3408 3038 timeas

1833 3053 1994 3110 alium
2027 3057 2090 3111 ⁸³.
2130 3076 2153 3112 ι

220 3197 324 3312 VK;
352 3208 509 3313 τοῦ.το
539 3259 596 3313 δὲ
631 3260 768 3332 πρὸς
798 3258 869 3314 τὰ
901 3259 1239 3332 προκείμενα
1268 3259 1388 3314 ἐστι
1430 3259 1720 3332 χρήσιμον.

1897 3235 1988 3291 22.
2019 3235 2086 3290 Et
2110 3235 2240 3292 illud
2266 3240 2551 3309 proposito
2580 3241 2710 3297 utile
2731 3252 2832 3298 est.
2863 3243 2954 3300 Ait
2987 3246 3040 3301 in
3075 3247 3406 3307 Ecclesiaste

167 3351 316 3419 Φησὶν
359 3355 416 3404 ὲν
458 3351 536 3423 τῷ
585 3352 983 3423 Ἐκκλησιαπῇ
1035 3351 1316 3422 Σολομῶνο
1377 3370 1395 3402 ι
1457 3351 1723 3423 Ἐπῄνεσα

163 3441 257 3509 ἐγὼ
290 3445 499 3508 πάντας
532 3447 660 3509 τοὺς
684 3445 1012 3516 τεθνηκότας
1035 3446 1176 3517 ὑπὲρ
1211 3445 1338 3508 τοὺς
1356 3445 1586 3508 ζῶντας,
1608 3445 1722 3498 ὅσοι

163 3536 294 3589 αὐτοὶ
316 3538 481 3602 ζῶσιν
513 3538 620 3603 ἕως
652 3539 746 3592 τοῦ
777 3538 891 3593 νῦν.
929 3557 948 3590 ι
980 3538 1076 3603 Τίς
1115 3538 1159 3590 δ’
1189 3537 1256 3591 ἂν
1288 3537 1460 3602 οὕτως
1487 3538 1722 3607 εὐλόγως

133 3647 138 3652 ε
163 3625 410 3680 ἐπαινοῖτο
441 3627 740 3698 τεθνηκὼς,
769 3627 845 3692 ὡς
874 3627 903 3678 ὁ
930 3627 996 3680 αὐ
1012 3627 1415 3698 τοπροαιρέτως
1440 3628 1530 3681 τὸν
1558 3627 1722 3682 θάνα-

160 3733 239 3770 τον
260 3718 395 3790 ὑπὲρ
423 3719 706 3782 εὐσεϐείας
734 3718 1162 3790 ἀναδεξάμενος;
1203 3720 1413 3784 Ὀποῖος
1432 3715 1500 3790 ἦν
1539 3719 1723 3773 Ἐλεά-

163 3806 334 3880 Ceyx,
390 3828 409 3861 ι
450 3809 543 3863 τὸν
589 3810 703 3881 μετ’
740 3810 989 3874 εὐκλείας
1037 3809 1266 3863 θάνατον
1311 3807 1507 3880 μᾶλλον
1547 3809 1581 3882 ἢ
1630 3809 1723 3864 τὸν

163 3901 284 3970 μετὰ
310 3903 515 3974 μύσους
544 3901 660 3972 βίον
686 3902 1100 3974 ἀναδεξάμενος,
1132 3901 1226 3955 καὶ
1248 3901 1724 3974 αύτοπροαιρέτως

161 3994 241 4046 ἐπὶ
267 3995 323 4048 τὸ
336 3995 627 4066 τύμπανον
648 3997 926 4066 προάγων·
949 4014 968 4048 ›
995 3995 1161 4060 ὅστις,
1185 4014 1205 4046 ι
1228 3994 1484 4066 λογισμὸν
1511 3995 1724 4049 ἀστεῖον

159 4086 445 4154 ἀναλαϐὼν,
482 4086 629 4151 ἄξιον
660 4089 757 4157 τῆς
784 4087 1295 4159 ἐννενηκονταετοῦς
1317 4088 1480 4141 αὐτοῦ
1509 4087 1724 4158 ἡλικίας

161 4179 350 4250 καὶτῆς
370 4179 470 4234 τοῦ
493 4182 682 4253 γήρως
706 4179 1001 4251 ὑπεροχῆς,
1033 4180 1128 4233 καὶ
1157 4178 1258 4249 τῆς
1298 4176 1598 4248 ἐπιφανοῦς
1625 4195 1724 4231 πο-

159 4267 279 4332 λιᾶς,
301 4272 395 4325 καὶ
422 4272 523 4342 τῆς
549 4273 614 4326 ὲκ
640 4271 828 4335 παιδὸς
849 4271 1139 4342 καλλίστης
1165 4271 1495 4343 ἀνατροφῆς,
1523 4270 1723 4341 μᾶλλον

158 4361 204 4414 δὲ
243 4364 333 4433 τῆς
367 4365 533 4434 ἁγίας
567 4364 660 4418 καὶ
689 4363 998 4416 θεοκτίστου
1033 4363 1375 4435 νομοθεσίας,
1410 4357 1583 4427 εἶπεν,
1615 4363 1719 4415 ὅτι·

161 4453 257 4505 Οὔκ
289 4455 401 4508 ἔστι
439 4456 538 4526 τῆς
568 4454 845 4525 ἡμετερας
880 4453 1098 4524 ἡλικίας
1147 4453 1296 4520 ἄξιον
1339 4454 1721 4526 ὑποκριθῆναι,

1825 3327 2379 3386 SalomonuLaudavi
2403 3348 2504 3404 ego
2521 3336 2692 3405 magis
2714 3347 2944 3394 cunctos
2966 3349 3210 3399 mortuos
3239 3359 3404 3414 quam

1825 3421 2068 3478 viventes
2095 3424 2410 3496 quicunque
2453 3427 2646 3481 vivunt
2676 3443 2845 3497 usque
2895 3445 3041 3486 nunc
3076 3431 3143 3486 “.
3176 3451 3195 3486 ι
3229 3434 3405 3502 Quem

1825 3520 2004 3566 autem
2037 3514 2245 3583 aequius
2274 3525 2360 3570 est
2383 3527 2656 3572 mortuum
2692 3518 2898 3574 laudari
2927 3536 3088 3591 quam
3119 3524 3214 3593 qui
3258 3540 3407 3582 mor-

1824 3610 1934 3658 tem
1974 3614 2171 3674 sponte
2197 3621 2262 3662 ac
2294 3606 2466 3663 libere
2488 3623 2589 3678 pro
2629 3611 2894 3682 religione
2917 3617 3188 3683 oppetiit?
3217 3617 3406 3687 Qualis

1823 3695 1928 3752 fuit
1954 3697 2252 3754 Eleazarus
2275 3699 2394 3768 qui,
2423 3718 2442 3752 ι
2479 3702 2930 3774 gloriosissimam
2958 3718 3187 3764 mortem
3227 3712 3408 3782 magis

1823 3802 1986 3858 quam
2011 3789 2270 3846 odibilem
2307 3793 2470 3847 vitam
2512 3797 2905 3866 complectens,
2936 3800 3244 3858 voluntarie
3266 3817 3408 3874 pra:-

1825 3881 1941 3936 ibat
1957 3883 2023 3936 ad
2044 3885 2385 3955 supplicium,
2410 3905 2430 3938 ι
2449 3890 2649 3958 quique
2669 3909 2687 3941 ι
2709 3899 2986 3948 strenuam
3004 3909 3291 3951 assumens
3315 3911 3403 3951 ra-

1827 3973 2254 4042 tiocinationem,
2275 3976 2488 4047 dignam
2508 3988 2666 4036 aetate
2681 3996 2778 4036 sua
2793 3985 3159 4052 nonagenaria
3176 3996 3229 4041 et
3246 4001 3407 4044 sene-

1825 4067 1988 4122 ctutis
2013 4081 2124 4122 sua:
2141 4070 2463 4138 eminentia,
2491 4071 2797 4142 illustriqne
2825 4075 3048 4141 canitie,
3080 4089 3244 4149 atque
3266 4083 3404 4152 opti-

1826 4174 1911 4214 Ina
1943 4174 1972 4213 a
2001 4163 2232 4230 pueritia
2266 4164 2621 4230 educatione,
2647 4165 2883 4220 maxime
2909 4183 3040 4225 vero
3064 4183 3252 4228 sancta
3286 4184 3341 4230 et
3367 4191 3398 4232 a

1826 4251 1937 4307 Deo
1969 4254 2186 4309 condita
2221 4256 2361 4326 lege,
2399 4255 2536 4311 dixit
2567 4273 2582 4310 :
2616 4256 2735 4312 Non
2775 4268 2860 4313 est
2883 4267 3040 4318 tetate
3073 4264 3176 4320 hac
3213 4277 3399 4322 nostra

1828 4345 2046 4414 dignum
2104 4345 2311 4416 lingere
2340 4358 2400 4403 ut
2427 4349 2582 4403 multi
2631 4351 3010 4409 adolescentes
3058 4355 3397 4415 arbitrantes

1828 4435 2147 4490 Eleazarum
2181 4438 2479 4504 nonaginta
2521 4455 2784 4495 annorum
2832 4444 3094 4500 transisse
3124 4446 3192 4502 ad
3233 4449 3399 4504 vitam

160 4546 231 4598 ενα
259 4549 443 4602 πολλοὶ
463 4548 573 4601 τῶν
601 4549 758 4612 νέων,
791 4546 1262 4616 ὑπολαμϐάνοντες
1296 4546 1616 4618 Ἐλεάζαρον
1635 4545 1725 4598 τὸν

1833 4526 2284 4596 alienigenarum,
2319 4540 2374 4583 et
2403 4530 2503 4599 ipsi
2536 4541 2755 4599 promer
2778 4549 2974 4598 meam,
2997 4535 3402 4594 simulationem

159 4640 593 4712 ἑννενηκονταετῆ
632 4639 1058 4712 μεταϐεϐηκέναι
1082 4643 1161 4702 είς
1184 4638 1596 4707 ἀλλοφυλισμὸν,
1630 4637 1724 4690 καὶ

157 4733 290 4784 αὐτοὶ
315 4733 400 4787 διὰ
432 4733 531 4805 τὴν
558 4734 696 4805 ἐμὴν
721 4734 1027 4804 ὑπόκρισιν,
1065 4732 1158 4785 καὶ
1187 4729 1276 4784 διὰ
1313 4729 1372 4783 τὸ
1406 4729 1599 4800 μικρὸν
1630 4729 1723 4782 καὶ

160 4819 421 4894 ἀκαριαῖον
445 4825 586 4896 ζῇν,
622 4823 936 4895 πλανηθῶσι
965 4812 1032 4876 δίν
1067 4822 1187 4893 ἐμὲ,
1237 4820 1330 4875 καὶ
1375 4820 1578 4892 μῦσος,
1628 4820 1720 4872 καὶ

159 4914 325 4984 mare;
357 4909 453 4970 τοῦ
489 4917 680 4986 γήρως
702 4916 1136 4985 κατακτήσομαι·
1177 4913 1225 4964 εί
1251 4910 1359 4982 γὰρ
1387 4911 1478 4964 καὶ
1500 4911 1592 4964 ἐπὶ
1622 4909 1716 4962 τοῦ

158 5008 398 5073 stag/Sam;
429 5005 657 5075 ἐκφύγω
689 5006 789 5075 τὴν
817 5006 876 5071 ἐξ
909 5003 1213 5076 ἀνθρώπων
1262 5002 1552 5076 τιμωρίαν,
1584 5002 1720 5056 ἀλλὰ

155 5097 237 5162 τάς
267 5100 355 5153 eo?»
378 5099 828 5172 Παντοκράτορος
855 5101 1042 5170 χεῖρας
1071 5096 1195 5150 οὔτε
1236 5095 1364 5160 ζῶν,
1398 5094 1519 5149 οὗτε
1549 5095 1720 5148 θανὼν

155 5188 422 5259 φεύξομαι.
450 5189 673 5260 Διόπερ,
703 5188 960 5260 ἀνδρείως
983 5185 1077 5241 νῦν
1101 5185 1436 5257 μεταλλάξας
1468 5183 1557 5237 τὸν
1585 5183 1720 5253 βίον,
1766 5230 1779 5243 .,

151 5277 234 5330 τοῦ
262 5280 355 5349 μὲν
382 5281 573 5351 γήρως
624 5277 772 5343 ἄξιος
804 5278 1140 5347 φανήσομαι,
1169 5277 1283 5338 τοῖς
1317 5274 1375 5327 δὲ
1411 5274 1550 5337 νέοις
1589 5272 1720 5324 ὑπό-

151 5369 333 5439 δειγμα
381 5373 632 5438 γενναῖον
675 5366 1083 5431 καταλελοιπὼς
1135 5366 1248 5438 (95)
1294 5367 1374 5430 εἰς
1417 5364 1476 5417 τὸ
1522 5361 1723 5435 προθύο

213 5506 274 5538 “'
312 5508 461 5563 Psal.
495 5521 652 5571 XLIII,
682 5505 766 5561 18.
846 5505 890 5537 ⁸⁷
926 5505 1056 5559 Ibid.

154 5576 192 5605 "
221 5577 376 5631 Prov.
417 5594 515 5644 vII,
548 5579 604 5631 2.
686 5577 730 5608 “
761 5577 935 5631 Eccle.
994 5591 1067 5637 Iv,
1091 5575 1146 5629 2.

219 5720 322 5789 (94)
351 5720 425 5774 Δὲ
443 5721 654 5788 μόνον.
691 5716 790 5773 Ms.
820 5714 986 5772 codex
1030 5717 1286 5769 mendose
1309 5713 1491 5776 habet,
1529 5709 1716 5781 δαιμό-

123 5809 344 5930 v’mt’éi')
370 5859 533 5915 Forte
573 5860 858 5931 legendum
903 5857 1108 5923 αὐτοῖς,
1155 5865 1210 5908 ut
1251 5869 1438 5908 sensus
1467 5853 1534 5906 sit
1565 5871 1577 5907 :
1612 5869 1705 5905 no-

1138 5498 1340 5557 "lbid.
1372 5503 1460 5558 l9.
1534 5500 1581 5533 "
1611 5499 1740 5556 Ibid.
1767 5497 1858 5554 20.
1933 5497 2039 5556 "ll
2064 5498 2190 5556 Cor.
2217 5514 2256 5570 I,
2280 5501 2367 5555 l2.
2443 5499 2486 5532 ⁵⁸
2519 5500 2662 5556 Psal.
2696 5517 2850 5566 XLIII,
2886 5502 2976 5558 2|.

1832 4629 1886 4672 et
1916 4629 2139 4689 propter
2165 4621 2436 4675 modicum
2473 4623 2848 4693 corruptibilis
2874 4627 3000 4680 vita:
3024 4637 3232 4698 tempus
3256 4630 3405 4686 deci-

1831 4712 2050 4782 piantur
2078 4721 2300 4782 propter
2341 4729 2446 4781 me,
2479 4724 2534 4769 et
2563 4717 2996 4772 exsecrationem
3028 4729 3190 4790 atque
3221 4737 3405 4778 macu-

1832 4806 1938 4860 lam
1966 4807 2232 4862 senectuti
2263 4809 2584 4878 acquiram;
2617 4825 2740 4864 nam
2774 4813 2873 4867 etsi
2902 4812 2954 4866 in
2985 4813 3237 4882 prtesenli
3267 4823 3405 4870 tem-

1829 4915 1959 4969 pore
1995 4901 2271 4971 suppliciis
2302 4903 2579 4957 hominum
2614 4903 2839 4972 eripiar,
2868 4905 2960 4958 sed
2996 4919 3186 4960 manus
3214 4905 3406 4960 Omni-

1827 4995 2062 5062 pmentis
2092 5008 2190 5048 nec
2218 4978 2372 5049 vivus
2405 5011 2505 5049 nec
2526 4995 2809 5052 defunctus
2835 4996 3106 5068 ell‘ugiam.
3131 4997 3406 5063 Quamob-

1832 5100 1944 5138 rem
2009 5083 2228 5139 fortiter
2280 5088 2591 5141 exccdendo
2643 5089 2808 5159 288
2862 5099 3141 5145 senectute
3182 5091 3402 5160 quidem

1828 5177 2022 5246 dignus
2061 5179 2374 5246 apparebo;
2403 5179 2842 5236 adolescentibus
2879 5194 3056 5235 autem
3091 5183 3404 5250 exeinplmn

1784 5310 1790 5317 .
1827 5268 1968 5322 forte
2001 5268 2328 5338 relinquam,
2355 5279 2415 5325 ut
2440 5282 2693 5340 prompto
2734 5271 2918 5327 animo
2957 5287 3020 5327 ac
3063 5271 3275 5327 fortiter
3308 5287 3405 5341 pro

1830 5358 2166 5429 gravissimis
2199 5377 2263 5417 ac
2293 5363 2656 5419 sanctissimis
2687 5363 2896 5434 legibus
2940 5367 3167 5422 honesta
3219 5379 3402 5423 morte

3055 5503 3099 5535 ³⁸
3123 5502 3258 5558 Ibid.
3304 5503 3398 5557 22.

1827 5709 2010 5762 bismet
2049 5707 2178 5775 ipsis
2206 5705 2468 5760 dicamus.
2508 5705 2622 5760 Hoc
2650 5703 2797 5775 enim
2830 5718 3127 5775 pronomen
3160 5707 3225 5759 ad
3247 5703 3397 5775 judi-

1822 5795 1912 5832 crs
1943 5774 2132 5830 referri
2167 5792 2271 5830 non
2310 5787 2506 5846 potest.
2541 5777 2696 5829 Emr.
2728 5774 2966 5846 Parens.

1843 5879 1846 5881 λ
1893 5848 2002 5921 (95)
2041 5845 2514 5913 Καταλελοιετώς.
2551 5847 2675 5915 Ms,
2707 5845 3112 5910 καταλελοιπός.
