  <div class='ocr_page' id='page_1' title='image "/cluster/home/n/w/nwhite01/storage/ocr_20150623/11/hvd.32044024345175/301.png"; bbox 0 0 3962 6414; ppageno 0'>
   <div class='ocr_carea' id='block_1_1' title="bbox 546 335 2111 413">
    <p class='ocr_par' dir='ltr' id='par_1_1' title="bbox 546 337 2111 413">
     <span class='ocr_line' id='line_1_1' title="bbox 546 337 2111 413; baseline -0.013 -1"><span class='ocrx_word' id='word_1_1' title='bbox 546 358 641 413; x_wconf 72' lang='lat'><strong>59&#39;.</strong></span> <span class='ocrx_word' id='word_1_2' title='bbox 2007 337 2111 393; x_wconf 71' lang='grc' dir='ltr'><strong>ΟΒ]</strong></span> 
     </span>
    </p>
   </div>
   <div class='ocr_carea' id='block_1_2' title="bbox 2222 335 3794 413">
    <p class='ocr_par' dir='ltr' id='par_1_2' title="bbox 2222 335 3794 392">
     <span class='ocr_line' id='line_1_2' title="bbox 2222 335 3794 392; baseline 0 -2"><span class='ocrx_word' id='word_1_3' title='bbox 2222 337 2328 392; x_wconf 76' lang='lat' dir='ltr'><strong>.\&#39;lS</strong></span> <span class='ocrx_word' id='word_1_4' title='bbox 3703 335 3794 390; x_wconf 68' lang='grc' dir='ltr'><strong>ὅθ’-2</strong></span> 
     </span>
    </p>
   </div>
   <div class='ocr_carea' id='block_1_3' title="bbox 545 452 2111 547">
    <p class='ocr_par' dir='ltr' id='par_1_3' title="bbox 545 463 2111 547">
     <span class='ocr_line' id='line_1_3' title="bbox 545 463 2111 547; baseline -0.01 -17"><span class='ocrx_word' id='word_1_5' title='bbox 545 475 945 547; x_wconf 82' lang='lat' dir='ltr'><strong>perfungautur</strong></span> <span class='ocrx_word' id='word_1_6' title='bbox 974 471 1040 524; x_wconf 77' lang='grc'>⁸⁸.</span> <span class='ocrx_word' id='word_1_7' title='bbox 1076 491 1093 524; x_wconf 70' lang='grc' dir='ltr'><strong>ι</strong></span> <span class='ocrx_word' id='word_1_8' title='bbox 1132 468 1236 524; x_wconf 92' lang='lat' dir='ltr'><strong>Oro</strong></span> <span class='ocrx_word' id='word_1_9' title='bbox 1270 477 1447 522; x_wconf 87' lang='lat' dir='ltr'><strong>autem</strong></span> <span class='ocrx_word' id='word_1_10' title='bbox 1504 479 1599 521; x_wconf 89' lang='lat' dir='ltr'><strong>vos</strong></span> <span class='ocrx_word' id='word_1_11' title='bbox 1647 476 1771 518; x_wconf 89' lang='lat' dir='ltr'><strong>cum</strong></span> <span class='ocrx_word' id='word_1_12' title='bbox 1818 463 1883 516; x_wconf 87' lang='lat' dir='ltr'><strong>ad</strong></span> <span class='ocrx_word' id='word_1_13' title='bbox 1934 471 2111 530; x_wconf 83' lang='lat' dir='ltr'><strong>portas</strong></span> 
     </span>
    </p>
   </div>
   <div class='ocr_carea' id='block_1_4' title="bbox 2222 452 3794 547">
    <p class='ocr_par' dir='ltr' id='par_1_4' title="bbox 2224 452 3794 527">
     <span class='ocr_line' id='line_1_4' title="bbox 2224 452 3794 527; baseline 0 -19"><span class='ocrx_word' id='word_1_14' title='bbox 2224 473 2338 527; x_wconf 85' lang='grc' dir='ltr'><strong>μως</strong></span> <span class='ocrx_word' id='word_1_15' title='bbox 2396 455 2490 508; x_wconf 65' lang='grc' dir='ltr'><strong>καὶ</strong></span> <span class='ocrx_word' id='word_1_16' title='bbox 2549 455 2812 523; x_wconf 76' lang='grc' dir='ltr'><strong>γενναίως</strong></span> <span class='ocrx_word' id='word_1_17' title='bbox 2871 454 3008 525; x_wconf 78' lang='grc' dir='ltr'>ὑπὲρ</span> <span class='ocrx_word' id='word_1_18' title='bbox 3057 453 3165 506; x_wconf 87' lang='grc' dir='ltr'><strong>τῶν</strong></span> <span class='ocrx_word' id='word_1_19' title='bbox 3217 452 3432 523; x_wconf 81' lang='grc' dir='ltr'>σεμνῶν</span> <span class='ocrx_word' id='word_1_20' title='bbox 3481 452 3578 506; x_wconf 77' lang='grc' dir='ltr'>καὶ</span> <span class='ocrx_word' id='word_1_21' title='bbox 3636 454 3794 521; x_wconf 80' lang='grc' dir='ltr'>ἁγίων</span> 
     </span>
    </p>
   </div>
   <div class='ocr_carea' id='block_1_5' title="bbox 553 553 2118 632">
    <p class='ocr_par' dir='ltr' id='par_1_5' title="bbox 553 553 2118 632">
     <span class='ocr_line' id='line_1_5' title="bbox 553 553 2118 632; baseline -0.012 -9"><span class='ocrx_word' id='word_1_22' title='bbox 553 570 772 632; x_wconf 90' lang='lat' dir='ltr'><strong>mortis,</strong></span> <span class='ocrx_word' id='word_1_23' title='bbox 812 567 918 622; x_wconf 92' lang='lat' dir='ltr'><strong>imo</strong></span> <span class='ocrx_word' id='word_1_24' title='bbox 948 563 1214 619; x_wconf 76' lang='lat' dir='ltr'><strong>libertatis</strong></span> <span class='ocrx_word' id='word_1_25' title='bbox 1259 558 1544 616; x_wconf 90' lang='lat' dir='ltr'><strong>constituti</strong></span> <span class='ocrx_word' id='word_1_26' title='bbox 1583 557 1761 620; x_wconf 86' lang='lat' dir='ltr'><strong>eritis,</strong></span> <span class='ocrx_word' id='word_1_27' title='bbox 1812 554 2044 609; x_wconf 76' lang='lat' dir='ltr'><strong>maxime</strong></span> <span class='ocrx_word' id='word_1_28' title='bbox 2075 553 2118 605; x_wconf 90' lang='lat' dir='ltr'><strong>si</strong></span> 
     </span>
    </p>
   </div>
   <div class='ocr_carea' id='block_1_6' title="bbox 549 645 2119 722">
    <p class='ocr_par' dir='ltr' id='par_1_6' title="bbox 549 645 2119 722">
     <span class='ocr_line' id='line_1_6' title="bbox 549 645 2119 722; baseline -0.011 -10"><span class='ocrx_word' id='word_1_29' title='bbox 549 667 823 714; x_wconf 87' lang='lat' dir='ltr'><strong>tormenta</strong></span> <span class='ocrx_word' id='word_1_30' title='bbox 883 655 1230 722; x_wconf 87' lang='lat' dir='ltr'><strong>objicientur,</strong></span> <span class='ocrx_word' id='word_1_31' title='bbox 1275 652 1455 704; x_wconf 82' lang='lat' dir='ltr'><strong>dicere</strong></span> <span class='ocrx_word' id='word_1_32' title='bbox 1483 647 1709 702; x_wconf 89' lang='lat' dir='ltr'><strong>Domino</strong></span> <span class='ocrx_word' id='word_1_33' title='bbox 1755 645 1843 714; x_wconf 92' lang='lat' dir='ltr'><strong>qui</strong></span> <span class='ocrx_word' id='word_1_34' title='bbox 1882 652 2119 697; x_wconf 81' lang='lat' dir='ltr'><strong>sanctam</strong></span> 
     </span>
    </p>
   </div>
   <div class='ocr_carea' id='block_1_7' title="bbox 483 737 2117 807">
    <p class='ocr_par' dir='ltr' id='par_1_7' title="bbox 483 737 2117 807">
     <span class='ocr_line' id='line_1_7' title="bbox 483 737 2117 807; baseline -0.011 -1"><span class='ocrx_word' id='word_1_35' title='bbox 483 803 485 806; x_wconf 89' lang='lat'><strong>.</strong></span> <span class='ocrx_word' id='word_1_36' title='bbox 546 753 714 807; x_wconf 80' lang='lat' dir='ltr'><strong>habet</strong></span> <span class='ocrx_word' id='word_1_37' title='bbox 770 748 1043 804; x_wconf 81' lang='lat' dir='ltr'><strong>scientiam</strong></span> <span class='ocrx_word' id='word_1_38' title='bbox 1087 760 1105 797; x_wconf 90' lang='lat'><strong><em>:</em></strong></span> <span class='ocrx_word' id='word_1_39' title='bbox 1161 763 1180 795; x_wconf 76' lang='grc' dir='ltr'><strong>ι</strong></span> <span class='ocrx_word' id='word_1_40' title='bbox 1212 742 1550 796; x_wconf 78' lang='lat' dir='ltr'><strong>Manifestum</strong></span> <span class='ocrx_word' id='word_1_41' title='bbox 1600 747 1683 793; x_wconf 87' lang='lat' dir='ltr'><strong>est</strong></span> <span class='ocrx_word' id='word_1_42' title='bbox 1739 737 1864 806; x_wconf 83' lang='lat' dir='ltr'><strong>quia</strong></span> <span class='ocrx_word' id='word_1_43' title='bbox 1918 750 2039 790; x_wconf 84' lang='lat' dir='ltr'><strong>euut</strong></span> <span class='ocrx_word' id='word_1_44' title='bbox 2090 749 2117 788; x_wconf 86' lang='lat' dir='ltr'><strong>a</strong></span> 
     </span>
    </p>
   </div>
   <div class='ocr_carea' id='block_1_8' title="bbox 549 828 2116 910">
    <p class='ocr_par' dir='ltr' id='par_1_8' title="bbox 549 828 2116 910">
     <span class='ocr_line' id='line_1_8' title="bbox 549 828 2116 910; baseline -0.012 -11"><span class='ocrx_word' id='word_1_45' title='bbox 549 854 723 898; x_wconf 87' lang='lat' dir='ltr'><strong>morte</strong></span> <span class='ocrx_word' id='word_1_46' title='bbox 753 855 966 910; x_wconf 90' lang='lat' dir='ltr'><strong>possem</strong></span> <span class='ocrx_word' id='word_1_47' title='bbox 997 835 1244 899; x_wconf 88' lang='lat' dir='ltr'><strong>liberari,</strong></span> <span class='ocrx_word' id='word_1_48' title='bbox 1277 837 1440 890; x_wconf 89' lang='lat' dir='ltr'><strong>duros</strong></span> <span class='ocrx_word' id='word_1_49' title='bbox 1472 831 1719 900; x_wconf 90' lang='lat' dir='ltr'><strong>corporis</strong></span> <span class='ocrx_word' id='word_1_50' title='bbox 1742 829 1988 884; x_wconf 90' lang='lat' dir='ltr'><strong>sustineo</strong></span> <span class='ocrx_word' id='word_1_51' title='bbox 2017 828 2116 880; x_wconf 91' lang='lat' dir='ltr'><strong>do-</strong></span> 
     </span>
    </p>
   </div>
   <div class='ocr_carea' id='block_1_9' title="bbox 547 921 2116 999">
    <p class='ocr_par' dir='ltr' id='par_1_9' title="bbox 547 921 2116 999">
     <span class='ocr_line' id='line_1_9' title="bbox 547 921 2116 999; baseline -0.01 -11"><span class='ocrx_word' id='word_1_52' title='bbox 547 936 712 999; x_wconf 90' lang='lat' dir='ltr'><strong>lores,</strong></span> <span class='ocrx_word' id='word_1_53' title='bbox 763 932 1059 988; x_wconf 88' lang='lat' dir='ltr'><strong>secundum</strong></span> <span class='ocrx_word' id='word_1_54' title='bbox 1115 929 1352 982; x_wconf 86' lang='lat' dir='ltr'><strong>animam</strong></span> <span class='ocrx_word' id='word_1_55' title='bbox 1404 939 1534 980; x_wconf 88' lang='lat' dir='ltr'><strong>vero</strong></span> <span class='ocrx_word' id='word_1_56' title='bbox 1588 933 1811 994; x_wconf 83' lang='lat' dir='ltr'><strong>propter</strong></span> <span class='ocrx_word' id='word_1_57' title='bbox 1868 921 2116 976; x_wconf 87' lang='lat' dir='ltr'><strong>timorem</strong></span> 
     </span>
    </p>
   </div>
   <div class='ocr_carea' id='block_1_10' title="bbox 545 1012 2117 1095">
    <p class='ocr_par' dir='ltr' id='par_1_10' title="bbox 545 1012 2117 1095">
     <span class='ocr_line' id='line_1_10' title="bbox 545 1012 2117 1095; baseline -0.011 -13"><span class='ocrx_word' id='word_1_58' title='bbox 545 1029 662 1095; x_wconf 75' lang='lat' dir='ltr'><strong>ejus</strong></span> <span class='ocrx_word' id='word_1_59' title='bbox 692 1027 924 1082; x_wconf 85' lang='lat' dir='ltr'><strong>libenter</strong></span> <span class='ocrx_word' id='word_1_60' title='bbox 954 1026 1068 1079; x_wconf 67' lang='lat' dir='ltr'><strong>haec</strong></span> <span class='ocrx_word' id='word_1_61' title='bbox 1110 1022 1306 1091; x_wconf 85' lang='lat' dir='ltr'><strong>patior.</strong></span> <span class='ocrx_word' id='word_1_62' title='bbox 1347 1039 1365 1071; x_wconf 84' lang='grc'><strong>›</strong></span> <span class='ocrx_word' id='word_1_63' title='bbox 1402 1017 1552 1072; x_wconf 85' lang='lat' dir='ltr'><strong>Talis</strong></span> <span class='ocrx_word' id='word_1_64' title='bbox 1583 1031 1714 1086; x_wconf 87' lang='lat' dir='ltr'><strong>ergo</strong></span> <span class='ocrx_word' id='word_1_65' title='bbox 1743 1015 1842 1068; x_wconf 90' lang='lat' dir='ltr'><strong>fuit</strong></span> <span class='ocrx_word' id='word_1_66' title='bbox 1868 1012 2117 1069; x_wconf 89' lang='lat' dir='ltr'><strong>Eleazari</strong></span> 
     </span>
    </p>
   </div>
   <div class='ocr_carea' id='block_1_11' title="bbox 545 1107 2120 1186">
    <p class='ocr_par' dir='ltr' id='par_1_11' title="bbox 545 1107 2120 1186">
     <span class='ocr_line' id='line_1_11' title="bbox 545 1107 2120 1186; baseline -0.011 -14"><span class='ocrx_word' id='word_1_67' title='bbox 545 1134 716 1184; x_wconf 87' lang='lat' dir='ltr'><strong>mors,</strong></span> <span class='ocrx_word' id='word_1_68' title='bbox 743 1117 864 1186; x_wconf 70' lang='lat' dir='ltr'><strong>«qui</strong></span> <span class='ocrx_word' id='word_1_69' title='bbox 886 1130 990 1170; x_wconf 92' lang='lat' dir='ltr'><strong>non</strong></span> <span class='ocrx_word' id='word_1_70' title='bbox 1016 1113 1187 1170; x_wconf 87' lang='lat' dir='ltr'><strong>solum</strong></span> <span class='ocrx_word' id='word_1_71' title='bbox 1205 1111 1515 1180; x_wconf 83' lang='lat' dir='ltr'><strong>juvenibus,</strong></span> <span class='ocrx_word' id='word_1_72' title='bbox 1535 1110 1626 1163; x_wconf 88' lang='lat' dir='ltr'><strong>sed</strong></span> <span class='ocrx_word' id='word_1_73' title='bbox 1650 1116 1701 1162; x_wconf 90' lang='lat' dir='ltr'><strong>et</strong></span> <span class='ocrx_word' id='word_1_74' title='bbox 1721 1107 1987 1176; x_wconf 82' lang='lat' dir='ltr'><strong>plerisque</strong></span> <span class='ocrx_word' id='word_1_75' title='bbox 2009 1118 2120 1157; x_wconf 67' lang='lat' dir='ltr'><strong>suae</strong></span> 
     </span>
    </p>
   </div>
   <div class='ocr_carea' id='block_1_12' title="bbox 543 1197 2118 1279">
    <p class='ocr_par' dir='ltr' id='par_1_12' title="bbox 543 1197 2118 1279">
     <span class='ocr_line' id='line_1_12' title="bbox 543 1197 2118 1279; baseline -0.01 -15"><span class='ocrx_word' id='word_1_76' title='bbox 543 1211 718 1279; x_wconf 85' lang='lat' dir='ltr'><strong>gentis</strong></span> <span class='ocrx_word' id='word_1_77' title='bbox 753 1217 980 1262; x_wconf 89' lang='lat' dir='ltr'><strong>mortem</strong></span> <span class='ocrx_word' id='word_1_78' title='bbox 1013 1221 1166 1260; x_wconf 89' lang='lat' dir='ltr'><strong>suam</strong></span> <span class='ocrx_word' id='word_1_79' title='bbox 1208 1201 1516 1271; x_wconf 82' lang='lat' dir='ltr'><strong>exemplum</strong></span> <span class='ocrx_word' id='word_1_80' title='bbox 1547 1197 1890 1255; x_wconf 81' lang='lat' dir='ltr'><strong>fortitudinis</strong></span> <span class='ocrx_word' id='word_1_81' title='bbox 1917 1205 1970 1251; x_wconf 91' lang='lat' dir='ltr'><strong>et</strong></span> <span class='ocrx_word' id='word_1_82' title='bbox 2007 1211 2118 1249; x_wconf 88' lang='lat' dir='ltr'><strong>nte-</strong></span> 
     </span>
    </p>
   </div>
   <div class='ocr_carea' id='block_1_13' title="bbox 545 1297 1425 1366">
    <p class='ocr_par' dir='ltr' id='par_1_13' title="bbox 545 1297 1425 1366">
     <span class='ocr_line' id='line_1_13' title="bbox 545 1297 1425 1366; baseline -0.011 -9"><span class='ocrx_word' id='word_1_83' title='bbox 545 1303 771 1358; x_wconf 82' lang='lat' dir='ltr'><strong>utoriale</strong></span> <span class='ocrx_word' id='word_1_84' title='bbox 795 1301 1014 1356; x_wconf 87' lang='lat' dir='ltr'><strong>virtutis</strong></span> <span class='ocrx_word' id='word_1_85' title='bbox 1054 1298 1275 1366; x_wconf 79' lang='lat' dir='ltr'><strong>reliquit</strong></span> <span class='ocrx_word' id='word_1_86' title='bbox 1299 1297 1365 1348; x_wconf 75' lang='lat'><strong>&quot;.</strong></span> <span class='ocrx_word' id='word_1_87' title='bbox 1407 1315 1425 1347; x_wconf 79' lang='grc' dir='ltr'><strong>ι</strong></span> 
     </span>
    </p>
   </div>
   <div class='ocr_carea' id='block_1_14' title="bbox 615 1554 2120 1635">
    <p class='ocr_par' dir='ltr' id='par_1_14' title="bbox 615 1554 2120 1635">
     <span class='ocr_line' id='line_1_14' title="bbox 615 1554 2120 1635; baseline -0.011 -13"><span class='ocrx_word' id='word_1_88' title='bbox 615 1568 708 1622; x_wconf 73' lang='grc'>2³5.</span> <span class='ocrx_word' id='word_1_89' title='bbox 752 1566 968 1635; x_wconf 83' lang='lat' dir='ltr'><strong>Septem</strong></span> <span class='ocrx_word' id='word_1_90' title='bbox 999 1565 1161 1619; x_wconf 89' lang='lat' dir='ltr'><strong>etiam</strong></span> <span class='ocrx_word' id='word_1_91' title='bbox 1197 1561 1270 1615; x_wconf 91' lang='lat' dir='ltr'><strong>illi</strong></span> <span class='ocrx_word' id='word_1_92' title='bbox 1319 1560 1517 1614; x_wconf 82' lang='lat' dir='ltr'><strong>fratres</strong></span> <span class='ocrx_word' id='word_1_93' title='bbox 1547 1572 1708 1627; x_wconf 89' lang='lat' dir='ltr'><strong>quos,</strong></span> <span class='ocrx_word' id='word_1_94' title='bbox 1737 1567 1794 1610; x_wconf 95' lang='lat' dir='ltr'><strong>ut</strong></span> <span class='ocrx_word' id='word_1_95' title='bbox 1836 1556 1957 1610; x_wconf 84' lang='lat' dir='ltr'><strong>libri</strong></span> <span class='ocrx_word' id='word_1_96' title='bbox 2005 1554 2120 1608; x_wconf 79' lang='lat' dir='ltr'><strong>Ma-</strong></span> 
     </span>
    </p>
   </div>
   <div class='ocr_carea' id='block_1_15' title="bbox 548 1652 2115 1720">
    <p class='ocr_par' dir='ltr' id='par_1_15' title="bbox 548 1652 2115 1720">
     <span class='ocr_line' id='line_1_15' title="bbox 548 1652 2115 1720; baseline -0.008 -6"><span class='ocrx_word' id='word_1_97' title='bbox 548 1660 888 1714; x_wconf 68' lang='lat' dir='ltr'><strong>chabazorum</strong></span> <span class='ocrx_word' id='word_1_98' title='bbox 927 1655 1258 1720; x_wconf 76' lang='lat' dir='ltr'><strong>referunt”,</strong></span> <span class='ocrx_word' id='word_1_99' title='bbox 1297 1654 1351 1706; x_wconf 89' lang='lat' dir='ltr'><strong>in</strong></span> <span class='ocrx_word' id='word_1_100' title='bbox 1392 1652 1658 1720; x_wconf 84' lang='lat' dir='ltr'><strong>religione</strong></span> <span class='ocrx_word' id='word_1_101' title='bbox 1700 1660 2115 1720; x_wconf 80' lang='lat' dir='ltr'><strong>perseverantes</strong></span> 
     </span>
    </p>
   </div>
   <div class='ocr_carea' id='block_1_16' title="bbox 545 1741 2113 1820">
    <p class='ocr_par' dir='ltr' id='par_1_16' title="bbox 545 1741 2113 1820">
     <span class='ocr_line' id='line_1_16' title="bbox 545 1741 2113 1820; baseline -0.006 -16"><span class='ocrx_word' id='word_1_102' title='bbox 545 1750 729 1820; x_wconf 86' lang='lat' dir='ltr'><strong>ﬂagris</strong></span> <span class='ocrx_word' id='word_1_103' title='bbox 774 1758 828 1802; x_wconf 89' lang='lat' dir='ltr'><strong>et</strong></span> <span class='ocrx_word' id='word_1_104' title='bbox 869 1747 1074 1801; x_wconf 90' lang='lat' dir='ltr'><strong>taureis</strong></span> <span class='ocrx_word' id='word_1_105' title='bbox 1107 1746 1379 1802; x_wconf 83' lang='lat' dir='ltr'><strong>cruciavit</strong></span> <span class='ocrx_word' id='word_1_106' title='bbox 1427 1744 1751 1808; x_wconf 83' lang='lat' dir='ltr'><strong>Antiochus,</strong></span> <span class='ocrx_word' id='word_1_107' title='bbox 1810 1741 2113 1811; x_wconf 88' lang='lat' dir='ltr'><strong>pulcherri-</strong></span> 
     </span>
    </p>
   </div>
   <div class='ocr_carea' id='block_1_17' title="bbox 2221 544 3794 618">
    <p class='ocr_par' dir='ltr' id='par_1_17' title="bbox 2221 544 3794 618">
     <span class='ocr_line' id='line_1_17' title="bbox 2221 544 3794 618; baseline -0.001 -18"><span class='ocrx_word' id='word_1_108' title='bbox 2221 549 2400 618; x_wconf 88' lang='grc' dir='ltr'>νόμων</span> <span class='ocrx_word' id='word_1_109' title='bbox 2440 546 2827 610; x_wconf 79' lang='grc' dir='ltr'>εὐθανατίζειν.</span> <span class='ocrx_word' id='word_1_110' title='bbox 2871 566 2887 596; x_wconf 71' lang='grc' dir='ltr'>ι</span> <span class='ocrx_word' id='word_1_111' title='bbox 2927 546 3169 616; x_wconf 79' lang='grc' dir='ltr'>Εῦχομαι</span> <span class='ocrx_word' id='word_1_112' title='bbox 3206 545 3261 598; x_wconf 85' lang='grc' dir='ltr'>δὲ</span> <span class='ocrx_word' id='word_1_113' title='bbox 3296 547 3463 616; x_wconf 81' lang='grc' dir='ltr'>ὑμᾶς,</span> <span class='ocrx_word' id='word_1_114' title='bbox 3500 544 3657 617; x_wconf 85' lang='grc' dir='ltr'><strong>παρά</strong></span> <span class='ocrx_word' id='word_1_115' title='bbox 3687 550 3794 610; x_wconf 86' lang='grc' dir='ltr'>ταῖς</span> 
     </span>
    </p>
   </div>
   <div class='ocr_carea' id='block_1_18' title="bbox 2223 639 3794 714">
    <p class='ocr_par' dir='ltr' id='par_1_18' title="bbox 2223 639 3794 714">
     <span class='ocr_line' id='line_1_18' title="bbox 2223 639 3794 714; baseline 0.001 -22"><span class='ocrx_word' id='word_1_116' title='bbox 2223 641 2415 714; x_wconf 85' lang='grc' dir='ltr'>θύραις</span> <span class='ocrx_word' id='word_1_117' title='bbox 2444 639 2537 694; x_wconf 88' lang='grc' dir='ltr'><strong>τοῦ</strong></span> <span class='ocrx_word' id='word_1_118' title='bbox 2569 641 2820 701; x_wconf 85' lang='grc' dir='ltr'>θανάτου,</span> <span class='ocrx_word' id='word_1_119' title='bbox 2871 640 3067 709; x_wconf 81' lang='grc' dir='ltr'>μᾶλλον</span> <span class='ocrx_word' id='word_1_120' title='bbox 3091 640 3148 693; x_wconf 85' lang='grc' dir='ltr'>δὲ</span> <span class='ocrx_word' id='word_1_121' title='bbox 3175 640 3275 710; x_wconf 73' lang='grc' dir='ltr'>τῆς</span> <span class='ocrx_word' id='word_1_122' title='bbox 3309 639 3627 712; x_wconf 73' lang='grc' dir='ltr'><strong>ἐλευθερίας</strong></span> <span class='ocrx_word' id='word_1_123' title='bbox 3656 658 3794 709; x_wconf 86' lang='grc' dir='ltr'>γενο-</span> 
     </span>
    </p>
   </div>
   <div class='ocr_carea' id='block_1_19' title="bbox 2226 729 3796 802">
    <p class='ocr_par' dir='ltr' id='par_1_19' title="bbox 2226 729 3796 802">
     <span class='ocr_line' id='line_1_19' title="bbox 2226 729 3796 802; baseline 0.001 -18"><span class='ocrx_word' id='word_1_124' title='bbox 2226 733 2438 802; x_wconf 82' lang='grc' dir='ltr'>μένους,</span> <span class='ocrx_word' id='word_1_125' title='bbox 2475 729 2705 802; x_wconf 87' lang='grc' dir='ltr'>μάλιστα</span> <span class='ocrx_word' id='word_1_126' title='bbox 2729 732 2776 782; x_wconf 87' lang='grc' dir='ltr'>εἰ</span> <span class='ocrx_word' id='word_1_127' title='bbox 2807 731 2956 782; x_wconf 87' lang='grc' dir='ltr'>πόνοι</span> <span class='ocrx_word' id='word_1_128' title='bbox 2990 730 3334 801; x_wconf 84' lang='grc' dir='ltr'>προάγοιντο,</span> <span class='ocrx_word' id='word_1_129' title='bbox 3381 732 3553 784; x_wconf 81' lang='grc' dir='ltr'>εἰπεῖν</span> <span class='ocrx_word' id='word_1_130' title='bbox 3576 730 3654 802; x_wconf 85' lang='grc' dir='ltr'><strong>τῷ</strong></span> <span class='ocrx_word' id='word_1_131' title='bbox 3695 735 3796 785; x_wconf 82' lang='grc' dir='ltr'><strong>Κυ-</strong></span> 
     </span>
    </p>
   </div>
   <div class='ocr_carea' id='block_1_20' title="bbox 2224 821 3793 895">
    <p class='ocr_par' dir='ltr' id='par_1_20' title="bbox 2224 821 3793 895">
     <span class='ocr_line' id='line_1_20' title="bbox 2224 821 3793 895; baseline 0 -19"><span class='ocrx_word' id='word_1_132' title='bbox 2224 825 2342 895; x_wconf 82' lang='grc' dir='ltr'>ρίῳ,</span> <span class='ocrx_word' id='word_1_133' title='bbox 2365 822 2440 894; x_wconf 81' lang='grc' dir='ltr'><strong>τῷ</strong></span> <span class='ocrx_word' id='word_1_134' title='bbox 2465 843 2482 873; x_wconf 78' lang='grc' dir='ltr'><strong>ι</strong></span> <span class='ocrx_word' id='word_1_135' title='bbox 2519 823 2616 892; x_wconf 80' lang='grc' dir='ltr'>τὴν</span> <span class='ocrx_word' id='word_1_136' title='bbox 2645 822 2806 891; x_wconf 80' lang='grc' dir='ltr'>ἁγίαν</span> <span class='ocrx_word' id='word_1_137' title='bbox 2826 822 3023 889; x_wconf 88' lang='grc' dir='ltr'>γνῶσιν</span> <span class='ocrx_word' id='word_1_138' title='bbox 3051 843 3067 871; x_wconf 76' lang='grc' dir='ltr'><strong>ι</strong></span> <span class='ocrx_word' id='word_1_139' title='bbox 3099 821 3291 891; x_wconf 83' lang='grc' dir='ltr'>ἔχοντι·</span> <span class='ocrx_word' id='word_1_140' title='bbox 3319 841 3336 871; x_wconf 78' lang='grc' dir='ltr'><strong>ι</strong></span> <span class='ocrx_word' id='word_1_141' title='bbox 3372 822 3610 893; x_wconf 82' lang='grc' dir='ltr'>Φανερόν</span> <span class='ocrx_word' id='word_1_142' title='bbox 3639 825 3793 886; x_wconf 77' lang='grc' dir='ltr'>ἐστιν,</span> 
     </span>
    </p>
   </div>
   <div class='ocr_carea' id='block_1_21' title="bbox 2221 909 3793 984">
    <p class='ocr_par' dir='ltr' id='par_1_21' title="bbox 2221 909 3793 984">
     <span class='ocr_line' id='line_1_21' title="bbox 2221 909 3793 984; baseline -0.001 -16"><span class='ocrx_word' id='word_1_143' title='bbox 2221 917 2302 968; x_wconf 84' lang='grc' dir='ltr'><strong>ὅτι</strong></span> <span class='ocrx_word' id='word_1_144' title='bbox 2345 914 2638 984; x_wconf 88' lang='grc' dir='ltr'>δυνάμενος</span> <span class='ocrx_word' id='word_1_145' title='bbox 2685 909 3020 981; x_wconf 83' lang='grc' dir='ltr'>ἀπολυθῆναι</span> <span class='ocrx_word' id='word_1_146' title='bbox 3070 912 3164 964; x_wconf 90' lang='grc' dir='ltr'><strong>τοῦ</strong></span> <span class='ocrx_word' id='word_1_147' title='bbox 3230 911 3497 976; x_wconf 87' lang='grc' dir='ltr'>θανάτου,</span> <span class='ocrx_word' id='word_1_148' title='bbox 3560 913 3793 984; x_wconf 74' lang='grc' dir='ltr'>σκληρὰς</span> 
     </span>
    </p>
   </div>
   <div class='ocr_carea' id='block_1_22' title="bbox 2223 1002 3796 1075">
    <p class='ocr_par' dir='ltr' id='par_1_22' title="bbox 2223 1002 3796 1075">
     <span class='ocr_line' id='line_1_22' title="bbox 2223 1002 3796 1075; baseline 0 -17"><span class='ocrx_word' id='word_1_149' title='bbox 2223 1005 2479 1075; x_wconf 83' lang='grc' dir='ltr'>ὑποφέρω</span> <span class='ocrx_word' id='word_1_150' title='bbox 2513 1004 2652 1057; x_wconf 83' lang='grc' dir='ltr'><strong>κατά</strong></span> <span class='ocrx_word' id='word_1_151' title='bbox 2683 1003 2840 1073; x_wconf 85' lang='grc' dir='ltr'>σῶμα</span> <span class='ocrx_word' id='word_1_152' title='bbox 2865 1003 3158 1073; x_wconf 73' lang='grc' dir='ltr'>ἀλγηδόνας</span> <span class='ocrx_word' id='word_1_153' title='bbox 3182 1002 3640 1074; x_wconf 81' lang='grc' dir='ltr'><strong>μαστιγούμενος·</strong></span> <span class='ocrx_word' id='word_1_154' title='bbox 3668 1004 3796 1058; x_wconf 82' lang='grc' dir='ltr'><strong>κατά</strong></span> 
     </span>
    </p>
   </div>
   <div class='ocr_carea' id='block_1_23' title="bbox 2219 1091 3790 1163">
    <p class='ocr_par' dir='ltr' id='par_1_23' title="bbox 2219 1091 3790 1163">
     <span class='ocr_line' id='line_1_23' title="bbox 2219 1091 3790 1163; baseline 0 -19"><span class='ocrx_word' id='word_1_155' title='bbox 2219 1093 2394 1163; x_wconf 76' lang='grc' dir='ltr'>ψυχὴν</span> <span class='ocrx_word' id='word_1_156' title='bbox 2425 1091 2482 1143; x_wconf 78' lang='grc' dir='ltr'><strong>δὲ</strong></span> <span class='ocrx_word' id='word_1_157' title='bbox 2517 1092 2683 1162; x_wconf 80' lang='grc' dir='ltr'>ἡδέως</span> <span class='ocrx_word' id='word_1_158' title='bbox 2725 1091 2812 1142; x_wconf 77' lang='grc' dir='ltr'>διὰ</span> <span class='ocrx_word' id='word_1_159' title='bbox 2847 1091 2937 1144; x_wconf 83' lang='grc' dir='ltr'><strong>τὸν</strong></span> <span class='ocrx_word' id='word_1_160' title='bbox 2965 1091 3129 1144; x_wconf 86' lang='grc' dir='ltr'>αὐτοῦ</span> <span class='ocrx_word' id='word_1_161' title='bbox 3159 1091 3322 1159; x_wconf 90' lang='grc' dir='ltr'>φόϐον</span> <span class='ocrx_word' id='word_1_162' title='bbox 3346 1092 3520 1145; x_wconf 86' lang='grc' dir='ltr'>ταῦτα</span> <span class='ocrx_word' id='word_1_163' title='bbox 3546 1095 3790 1163; x_wconf 76' lang='grc' dir='ltr'>πάσχω.»</span> 
     </span>
    </p>
   </div>
   <div class='ocr_carea' id='block_1_24' title="bbox 2220 1181 3796 1256">
    <p class='ocr_par' dir='ltr' id='par_1_24' title="bbox 2220 1181 3796 1256">
     <span class='ocr_line' id='line_1_24' title="bbox 2220 1181 3796 1256; baseline 0.001 -20"><span class='ocrx_word' id='word_1_164' title='bbox 2220 1185 2469 1247; x_wconf 86' lang='grc' dir='ltr'>Τοιοῦτος</span> <span class='ocrx_word' id='word_1_165' title='bbox 2509 1185 2570 1256; x_wconf 83' lang='grc' dir='ltr'>δὴ</span> <span class='ocrx_word' id='word_1_166' title='bbox 2603 1188 2629 1237; x_wconf 83' lang='grc' dir='ltr'><strong>ὁ</strong></span> <span class='ocrx_word' id='word_1_167' title='bbox 2677 1185 2901 1247; x_wconf 79' lang='grc' dir='ltr'>Θάνατος</span> <span class='ocrx_word' id='word_1_168' title='bbox 2944 1183 3247 1255; x_wconf 77' lang='grc' dir='ltr'>Ἐλιεζέρου</span> <span class='ocrx_word' id='word_1_169' title='bbox 3291 1185 3399 1255; x_wconf 85' lang='grc'><strong>(96)</strong></span> <span class='ocrx_word' id='word_1_170' title='bbox 3436 1181 3539 1256; x_wconf 81' lang='grc' dir='ltr'>ἦν,</span> <span class='ocrx_word' id='word_1_171' title='bbox 3571 1185 3647 1248; x_wconf 85' lang='grc' dir='ltr'>ὼς</span> <span class='ocrx_word' id='word_1_172' title='bbox 3684 1205 3700 1234; x_wconf 76' lang='grc' dir='ltr'><strong>ι</strong></span> <span class='ocrx_word' id='word_1_173' title='bbox 3741 1186 3796 1238; x_wconf 79' lang='grc' dir='ltr'><strong>ού</strong></span> 
     </span>
    </p>
   </div>
   <div class='ocr_carea' id='block_1_25' title="bbox 2223 1276 3794 1348">
    <p class='ocr_par' dir='ltr' id='par_1_25' title="bbox 2223 1276 3794 1348">
     <span class='ocr_line' id='line_1_25' title="bbox 2223 1276 3794 1348; baseline -0.002 -17"><span class='ocrx_word' id='word_1_174' title='bbox 2223 1278 2381 1348; x_wconf 88' lang='grc' dir='ltr'>μόνον</span> <span class='ocrx_word' id='word_1_175' title='bbox 2412 1282 2525 1341; x_wconf 87' lang='grc' dir='ltr'>τοῖς</span> <span class='ocrx_word' id='word_1_176' title='bbox 2557 1277 2727 1341; x_wconf 88' lang='grc' dir='ltr'>νέοις,</span> <span class='ocrx_word' id='word_1_177' title='bbox 2768 1276 2902 1331; x_wconf 85' lang='grc' dir='ltr'><strong>ἀλλά</strong></span> <span class='ocrx_word' id='word_1_178' title='bbox 2948 1276 3042 1330; x_wconf 74' lang='grc' dir='ltr'>καὶ</span> <span class='ocrx_word' id='word_1_179' title='bbox 3089 1280 3200 1340; x_wconf 84' lang='grc' dir='ltr'>τοῖς</span> <span class='ocrx_word' id='word_1_180' title='bbox 3242 1277 3520 1339; x_wconf 72' lang='grc' dir='ltr'>πλείστοις</span> <span class='ocrx_word' id='word_1_181' title='bbox 3557 1277 3670 1346; x_wconf 83' lang='grc'><strong>(97)</strong></span> <span class='ocrx_word' id='word_1_182' title='bbox 3708 1276 3794 1329; x_wconf 89' lang='grc' dir='ltr'><strong>τοῦ</strong></span> 
     </span>
    </p>
   </div>
   <div class='ocr_carea' id='block_1_26' title="bbox 2218 1369 3797 1439">
    <p class='ocr_par' dir='ltr' id='par_1_26' title="bbox 2218 1369 3797 1439">
     <span class='ocr_line' id='line_1_26' title="bbox 2218 1369 3797 1439; baseline -0.001 -17"><span class='ocrx_word' id='word_1_183' title='bbox 2218 1370 2403 1434; x_wconf 77' lang='grc' dir='ltr'>ἔθνους</span> <span class='ocrx_word' id='word_1_184' title='bbox 2419 1371 2506 1424; x_wconf 81' lang='grc' dir='ltr'><strong>τὸν</strong></span> <span class='ocrx_word' id='word_1_185' title='bbox 2533 1369 2721 1424; x_wconf 79' lang='grc' dir='ltr'>ἑαυτοῦ</span> <span class='ocrx_word' id='word_1_186' title='bbox 2745 1369 2971 1423; x_wconf 85' lang='grc' dir='ltr'>θάνατον</span> <span class='ocrx_word' id='word_1_187' title='bbox 2988 1371 3364 1439; x_wconf 75' lang='grc' dir='ltr'>γενναιότητος</span> <span class='ocrx_word' id='word_1_188' title='bbox 3388 1370 3694 1439; x_wconf 83' lang='grc' dir='ltr'>ὑπόδειγμα</span> <span class='ocrx_word' id='word_1_189' title='bbox 3709 1369 3797 1422; x_wconf 77' lang='grc' dir='ltr'><strong>καὶ</strong></span> 
     </span>
    </p>
   </div>
   <div class='ocr_carea' id='block_1_27' title="bbox 2223 1461 3235 1534">
    <p class='ocr_par' dir='ltr' id='par_1_27' title="bbox 2223 1461 3235 1534">
     <span class='ocr_line' id='line_1_27' title="bbox 2223 1461 3235 1534; baseline -0.001 -19"><span class='ocrx_word' id='word_1_190' title='bbox 2223 1463 2564 1534; x_wconf 85' lang='grc' dir='ltr'>μνημόσυνον</span> <span class='ocrx_word' id='word_1_191' title='bbox 2589 1463 2788 1534; x_wconf 82' lang='grc' dir='ltr'>ἀρετῆς</span> <span class='ocrx_word' id='word_1_192' title='bbox 2817 1461 3190 1514; x_wconf 80' lang='grc' dir='ltr'>καταλέλοιπε.</span> <span class='ocrx_word' id='word_1_193' title='bbox 3216 1481 3235 1514; x_wconf 71' lang='grc' dir='ltr'><strong>ι</strong></span> 
     </span>
    </p>
   </div>
   <div class='ocr_carea' id='block_1_28' title="bbox 2290 1553 3798 1626">
    <p class='ocr_par' dir='ltr' id='par_1_28' title="bbox 2290 1553 3798 1626">
     <span class='ocr_line' id='line_1_28' title="bbox 2290 1553 3798 1626; baseline 0 -20"><span class='ocrx_word' id='word_1_194' title='bbox 2290 1555 2395 1607; x_wconf 74' lang='grc' dir='ltr'>Καὶ</span> <span class='ocrx_word' id='word_1_195' title='bbox 2434 1557 2481 1608; x_wconf 81' lang='grc' dir='ltr'>οἱ</span> <span class='ocrx_word' id='word_1_196' title='bbox 2513 1553 2652 1607; x_wconf 80' lang='grc' dir='ltr'><strong>ἐπτά</strong></span> <span class='ocrx_word' id='word_1_197' title='bbox 2690 1554 2744 1607; x_wconf 80' lang='grc' dir='ltr'>δὲ</span> <span class='ocrx_word' id='word_1_198' title='bbox 2777 1557 2832 1607; x_wconf 81' lang='grc' dir='ltr'><strong>ἐν</strong></span> <span class='ocrx_word' id='word_1_199' title='bbox 2864 1557 2974 1617; x_wconf 76' lang='grc' dir='ltr'>τοῖς</span> <span class='ocrx_word' id='word_1_200' title='bbox 3019 1553 3433 1616; x_wconf 85' lang='grc' dir='ltr'>Μακκαϐαῖκοῖς</span> <span class='ocrx_word' id='word_1_201' title='bbox 3464 1554 3798 1626; x_wconf 71' lang='grc' dir='ltr'>ἀναγραφέν-</span> 
     </span>
    </p>
   </div>
   <div class='ocr_carea' id='block_1_29' title="bbox 2223 1641 3794 1716">
    <p class='ocr_par' dir='ltr' id='par_1_29' title="bbox 2223 1641 3794 1716">
     <span class='ocr_line' id='line_1_29' title="bbox 2223 1641 3794 1716; baseline 0 -18"><span class='ocrx_word' id='word_1_202' title='bbox 2223 1663 2312 1708; x_wconf 85' lang='grc' dir='ltr'><strong>τες</strong></span> <span class='ocrx_word' id='word_1_203' title='bbox 2363 1645 2582 1714; x_wconf 75' lang='grc' dir='ltr'>ἀδελφοὶ</span> <span class='ocrx_word' id='word_1_204' title='bbox 2626 1644 2757 1714; x_wconf 83' lang='grc'>(98),</span> <span class='ocrx_word' id='word_1_205' title='bbox 2801 1644 2892 1707; x_wconf 78' lang='grc' dir='ltr'><strong>οὒς</strong></span> <span class='ocrx_word' id='word_1_206' title='bbox 2946 1641 3160 1715; x_wconf 80' lang='grc' dir='ltr'>μάστιξι</span> <span class='ocrx_word' id='word_1_207' title='bbox 3190 1645 3283 1699; x_wconf 70' lang='grc' dir='ltr'><strong>καὶ</strong></span> <span class='ocrx_word' id='word_1_208' title='bbox 3317 1643 3533 1716; x_wconf 82' lang='grc' dir='ltr'>νεύροις</span> <span class='ocrx_word' id='word_1_209' title='bbox 3571 1645 3794 1714; x_wconf 73' lang='grc' dir='ltr'>ᾐκίσατο</span> 
     </span>
    </p>
   </div>
   <div class='ocr_carea' id='block_1_30' title="bbox 2233 1734 3797 1807">
    <p class='ocr_par' dir='ltr' id='par_1_30' title="bbox 2233 1734 3797 1807">
     <span class='ocr_line' id='line_1_30' title="bbox 2233 1734 3797 1807; baseline 0.002 -21"><span class='ocrx_word' id='word_1_210' title='bbox 2233 1735 2504 1805; x_wconf 85' lang='grc' dir='ltr'>Ἀντίοχος</span> <span class='ocrx_word' id='word_1_211' title='bbox 2542 1736 2876 1804; x_wconf 81' lang='grc' dir='ltr'>ἐμμένοντας</span> <span class='ocrx_word' id='word_1_212' title='bbox 2909 1738 2974 1805; x_wconf 81' lang='grc' dir='ltr'>τῇ</span> <span class='ocrx_word' id='word_1_213' title='bbox 3008 1734 3303 1806; x_wconf 77' lang='grc' dir='ltr'>θεοσεϐείᾳ,</span> <span class='ocrx_word' id='word_1_214' title='bbox 3345 1735 3667 1807; x_wconf 79' lang='grc' dir='ltr'>δυνήσονται</span> <span class='ocrx_word' id='word_1_215' title='bbox 3698 1754 3797 1789; x_wconf 83' lang='grc' dir='ltr'>πα-</span> 
     </span>
    </p>
   </div>
   <div class='ocr_carea' id='block_1_31' title="bbox 547 1821 2111 1910">
    <p class='ocr_par' dir='ltr' id='par_1_31' title="bbox 547 1835 2111 1910">
     <span class='ocr_line' id='line_1_31' title="bbox 547 1835 2111 1910; baseline -0.006 -14"><span class='ocrx_word' id='word_1_216' title='bbox 547 1858 693 1896; x_wconf 90' lang='lat' dir='ltr'><strong>mum</strong></span> <span class='ocrx_word' id='word_1_217' title='bbox 723 1840 1010 1895; x_wconf 90' lang='lat' dir='ltr'><strong>fortissimi</strong></span> <span class='ocrx_word' id='word_1_218' title='bbox 1044 1839 1292 1910; x_wconf 89' lang='lat' dir='ltr'><strong>martyrii</strong></span> <span class='ocrx_word' id='word_1_219' title='bbox 1323 1837 1631 1906; x_wconf 85' lang='lat' dir='ltr'><strong>exemplum</strong></span> <span class='ocrx_word' id='word_1_220' title='bbox 1666 1843 1923 1905; x_wconf 87' lang='lat' dir='ltr'><strong>poterunt</strong></span> <span class='ocrx_word' id='word_1_221' title='bbox 1954 1835 2111 1890; x_wconf 88' lang='lat' dir='ltr'><strong>cuili-</strong></span> 
     </span>
    </p>
   </div>
   <div class='ocr_carea' id='block_1_32' title="bbox 2222 1821 3798 1910">
    <p class='ocr_par' dir='ltr' id='par_1_32' title="bbox 2223 1823 3798 1901">
     <span class='ocr_line' id='line_1_32' title="bbox 2223 1823 3798 1901; baseline 0.001 -21"><span class='ocrx_word' id='word_1_222' title='bbox 2223 1828 2489 1898; x_wconf 88' lang='grc' dir='ltr'>ράδειγμα</span> <span class='ocrx_word' id='word_1_223' title='bbox 2519 1827 2803 1880; x_wconf 87' lang='grc' dir='ltr'>κάλλιστον</span> <span class='ocrx_word' id='word_1_224' title='bbox 2831 1823 2966 1880; x_wconf 80' lang='grc' dir='ltr'>εἶναι</span> <span class='ocrx_word' id='word_1_225' title='bbox 2995 1826 3276 1896; x_wconf 75' lang='grc' dir='ltr'>ῥωμαλέον</span> <span class='ocrx_word' id='word_1_226' title='bbox 3305 1830 3607 1901; x_wconf 81' lang='grc' dir='ltr'>μαρτυρίου</span> <span class='ocrx_word' id='word_1_227' title='bbox 3641 1830 3798 1882; x_wconf 77' lang='grc' dir='ltr'>παντὶ</span> 
     </span>
    </p>
   </div>
   <div class='ocr_carea' id='block_1_33' title="bbox 547 1927 2115 2000">
    <p class='ocr_par' dir='ltr' id='par_1_33' title="bbox 547 1927 2115 2000">
     <span class='ocr_line' id='line_1_33' title="bbox 547 1927 2115 2000; baseline -0.004 -13"><span class='ocrx_word' id='word_1_228' title='bbox 547 1936 638 1988; x_wconf 89' lang='lat' dir='ltr'><strong>bet</strong></span> <span class='ocrx_word' id='word_1_229' title='bbox 682 1949 826 1998; x_wconf 89' lang='lat' dir='ltr'><strong>esse,</strong></span> <span class='ocrx_word' id='word_1_230' title='bbox 866 1948 990 1987; x_wconf 90' lang='lat' dir='ltr'><strong>cum</strong></span> <span class='ocrx_word' id='word_1_231' title='bbox 1044 1931 1377 2000; x_wconf 83' lang='lat' dir='ltr'><strong>reputaverit</strong></span> <span class='ocrx_word' id='word_1_232' title='bbox 1422 1945 1489 1984; x_wconf 89' lang='lat' dir='ltr'><strong>an</strong></span> <span class='ocrx_word' id='word_1_233' title='bbox 1524 1928 1754 1982; x_wconf 83' lang='lat' dir='ltr'><strong>inferior</strong></span> <span class='ocrx_word' id='word_1_234' title='bbox 1801 1927 1936 1980; x_wconf 89' lang='lat' dir='ltr'><strong>velit</strong></span> <span class='ocrx_word' id='word_1_235' title='bbox 1993 1943 2115 1982; x_wconf 77' lang='lat' dir='ltr'><strong>esse</strong></span> 
     </span>
    </p>
   </div>
   <div class='ocr_carea' id='block_1_34' title="bbox 547 2021 2114 2096">
    <p class='ocr_par' dir='ltr' id='par_1_34' title="bbox 547 2021 2114 2096">
     <span class='ocr_line' id='line_1_34' title="bbox 547 2021 2114 2096; baseline -0.003 -18"><span class='ocrx_word' id='word_1_236' title='bbox 547 2027 751 2096; x_wconf 90' lang='lat' dir='ltr'><strong>pueris,</strong></span> <span class='ocrx_word' id='word_1_237' title='bbox 787 2026 880 2094; x_wconf 90' lang='lat' dir='ltr'><strong>qui</strong></span> <span class='ocrx_word' id='word_1_238' title='bbox 906 2040 1014 2078; x_wconf 91' lang='lat' dir='ltr'><strong>non</strong></span> <span class='ocrx_word' id='word_1_239' title='bbox 1037 2023 1240 2093; x_wconf 83' lang='lat' dir='ltr'><strong>singuli</strong></span> <span class='ocrx_word' id='word_1_240' title='bbox 1274 2038 1373 2078; x_wconf 87' lang='lat' dir='ltr'><strong>sua</strong></span> <span class='ocrx_word' id='word_1_241' title='bbox 1401 2030 1609 2077; x_wconf 89' lang='lat' dir='ltr'><strong>tantum</strong></span> <span class='ocrx_word' id='word_1_242' title='bbox 1644 2030 1915 2074; x_wconf 90' lang='lat' dir='ltr'><strong>tormenta</strong></span> <span class='ocrx_word' id='word_1_243' title='bbox 1948 2021 2114 2074; x_wconf 86' lang='lat' dir='ltr'><strong>susti-</strong></span> 
     </span>
    </p>
   </div>
   <div class='ocr_carea' id='block_1_35' title="bbox 549 2111 2112 2182">
    <p class='ocr_par' dir='ltr' id='par_1_35' title="bbox 549 2111 2112 2182">
     <span class='ocr_line' id='line_1_35' title="bbox 549 2111 2112 2182; baseline -0.003 -11"><span class='ocrx_word' id='word_1_244' title='bbox 549 2119 789 2182; x_wconf 89' lang='lat' dir='ltr'><strong>nuerint,</strong></span> <span class='ocrx_word' id='word_1_245' title='bbox 829 2117 922 2172; x_wconf 89' lang='lat' dir='ltr'><strong>sed</strong></span> <span class='ocrx_word' id='word_1_246' title='bbox 962 2116 1198 2171; x_wconf 82' lang='lat' dir='ltr'><strong>fratrum</strong></span> <span class='ocrx_word' id='word_1_247' title='bbox 1240 2114 1404 2168; x_wconf 88' lang='lat' dir='ltr'><strong>etiam</strong></span> <span class='ocrx_word' id='word_1_248' title='bbox 1457 2111 1735 2168; x_wconf 89' lang='lat' dir='ltr'><strong>cruciatus</strong></span> <span class='ocrx_word' id='word_1_249' title='bbox 1785 2111 2112 2181; x_wconf 90' lang='lat' dir='ltr'><strong>spectando,</strong></span> 
     </span>
    </p>
   </div>
   <div class='ocr_carea' id='block_1_36' title="bbox 548 2202 2115 2274">
    <p class='ocr_par' dir='ltr' id='par_1_36' title="bbox 548 2202 2115 2274">
     <span class='ocr_line' id='line_1_36' title="bbox 548 2202 2115 2274; baseline -0.006 -12"><span class='ocrx_word' id='word_1_250' title='bbox 548 2210 872 2264; x_wconf 87' lang='lat' dir='ltr'><strong>acerrimum</strong></span> <span class='ocrx_word' id='word_1_251' title='bbox 907 2216 961 2264; x_wconf 87' lang='lat' dir='ltr'><strong>et</strong></span> <span class='ocrx_word' id='word_1_252' title='bbox 983 2205 1408 2262; x_wconf 91' lang='lat' dir='ltr'><strong>intensissimum</strong></span> <span class='ocrx_word' id='word_1_253' title='bbox 1445 2205 1497 2258; x_wconf 91' lang='lat' dir='ltr'><strong>in</strong></span> <span class='ocrx_word' id='word_1_254' title='bbox 1525 2203 1846 2274; x_wconf 84' lang='lat' dir='ltr'><strong>religionem</strong></span> <span class='ocrx_word' id='word_1_255' title='bbox 1873 2202 2115 2256; x_wconf 90' lang='lat' dir='ltr'><strong>animum</strong></span> 
     </span>
    </p>
   </div>
   <div class='ocr_carea' id='block_1_37' title="bbox 547 2295 2116 2366">
    <p class='ocr_par' dir='ltr' id='par_1_37' title="bbox 547 2295 2116 2366">
     <span class='ocr_line' id='line_1_37' title="bbox 547 2295 2116 2366; baseline -0.006 -11"><span class='ocrx_word' id='word_1_256' title='bbox 547 2303 910 2357; x_wconf 74' lang='lat' dir='ltr'><strong>exhibuerint.</strong></span> <span class='ocrx_word' id='word_1_257' title='bbox 948 2300 1190 2366; x_wconf 87' lang='lat' dir='ltr'><strong>Quorum</strong></span> <span class='ocrx_word' id='word_1_258' title='bbox 1227 2313 1386 2365; x_wconf 88' lang='lat' dir='ltr'><strong>unus,</strong></span> <span class='ocrx_word' id='word_1_259' title='bbox 1436 2305 1498 2351; x_wconf 87' lang='lat' dir='ltr'><strong>ut</strong></span> <span class='ocrx_word' id='word_1_260' title='bbox 1545 2296 1764 2366; x_wconf 88' lang='lat' dir='ltr'><strong>quidem</strong></span> <span class='ocrx_word' id='word_1_261' title='bbox 1830 2295 2116 2365; x_wconf 87' lang='lat' dir='ltr'><strong>Scriptura</strong></span> 
     </span>
    </p>
   </div>
   <div class='ocr_carea' id='block_1_38' title="bbox 551 2387 2116 2462">
    <p class='ocr_par' dir='ltr' id='par_1_38' title="bbox 551 2387 2116 2462">
     <span class='ocr_line' id='line_1_38' title="bbox 551 2387 2116 2462; baseline -0.004 -15"><span class='ocrx_word' id='word_1_262' title='bbox 551 2394 867 2458; x_wconf 80' lang='lat' dir='ltr'><strong>nominavit,</strong></span> <span class='ocrx_word' id='word_1_263' title='bbox 903 2394 1132 2462; x_wconf 88' lang='lat' dir='ltr'><strong>primus,</strong></span> <span class='ocrx_word' id='word_1_264' title='bbox 1165 2391 1243 2445; x_wconf 84' lang='lat' dir='ltr'><strong>ait</strong></span> <span class='ocrx_word' id='word_1_265' title='bbox 1291 2391 1358 2445; x_wconf 90' lang='lat' dir='ltr'><strong>ad</strong></span> <span class='ocrx_word' id='word_1_266' title='bbox 1415 2399 1706 2460; x_wconf 88' lang='lat' dir='ltr'><strong>tyrannum</strong></span> <span class='ocrx_word' id='word_1_267' title='bbox 1743 2406 1756 2441; x_wconf 87' lang='lat'><strong>:</strong></span> <span class='ocrx_word' id='word_1_268' title='bbox 1805 2405 1822 2439; x_wconf 80' lang='grc' dir='ltr'><strong>ι</strong></span> <span class='ocrx_word' id='word_1_269' title='bbox 1865 2387 2004 2454; x_wconf 89' lang='lat' dir='ltr'><strong>Quid</strong></span> <span class='ocrx_word' id='word_1_270' title='bbox 2035 2389 2116 2441; x_wconf 90' lang='lat' dir='ltr'><strong>vis</strong></span> 
     </span>
    </p>
   </div>
   <div class='ocr_carea' id='block_1_39' title="bbox 549 2480 2116 2557">
    <p class='ocr_par' dir='ltr' id='par_1_39' title="bbox 549 2480 2116 2557">
     <span class='ocr_line' id='line_1_39' title="bbox 549 2480 2116 2557; baseline -0.003 -18"><span class='ocrx_word' id='word_1_271' title='bbox 549 2503 794 2557; x_wconf 65' lang='lat' dir='ltr'><strong>quaerere</strong></span> <span class='ocrx_word' id='word_1_272' title='bbox 822 2496 876 2542; x_wconf 91' lang='lat' dir='ltr'><strong>et</strong></span> <span class='ocrx_word' id='word_1_273' title='bbox 903 2485 1150 2542; x_wconf 87' lang='lat' dir='ltr'><strong>discere?</strong></span> <span class='ocrx_word' id='word_1_274' title='bbox 1176 2483 1358 2538; x_wconf 84' lang='lat' dir='ltr'><strong>Parati</strong></span> <span class='ocrx_word' id='word_1_275' title='bbox 1390 2483 1748 2556; x_wconf 15' lang='lat' dir='ltr'><strong>enimtsumus</strong></span> <span class='ocrx_word' id='word_1_276' title='bbox 1774 2480 1908 2534; x_wconf 90' lang='lat' dir='ltr'><strong>mori</strong></span> <span class='ocrx_word' id='word_1_277' title='bbox 1945 2480 2116 2548; x_wconf 87' lang='lat' dir='ltr'><strong>magis</strong></span> 
     </span>
    </p>
   </div>
   <div class='ocr_carea' id='block_1_40' title="bbox 547 2571 2116 2648">
    <p class='ocr_par' dir='ltr' id='par_1_40' title="bbox 547 2571 2116 2648">
     <span class='ocr_line' id='line_1_40' title="bbox 547 2571 2116 2648; baseline -0.005 -17"><span class='ocrx_word' id='word_1_278' title='bbox 547 2596 710 2648; x_wconf 88' lang='lat' dir='ltr'><strong>quam</strong></span> <span class='ocrx_word' id='word_1_279' title='bbox 741 2579 946 2648; x_wconf 89' lang='lat' dir='ltr'><strong>patrias</strong></span> <span class='ocrx_word' id='word_1_280' title='bbox 969 2577 1114 2646; x_wconf 85' lang='lat' dir='ltr'><strong>leges</strong></span> <span class='ocrx_word' id='word_1_281' title='bbox 1143 2573 1525 2644; x_wconf 72' lang='lat' dir='ltr'><strong>transgredi-“9.</strong></span> <span class='ocrx_word' id='word_1_282' title='bbox 1558 2592 1577 2625; x_wconf 73' lang='grc' dir='ltr'><strong>ι</strong></span> <span class='ocrx_word' id='word_1_283' title='bbox 1602 2571 1739 2639; x_wconf 86' lang='lat' dir='ltr'><strong>Quid</strong></span> <span class='ocrx_word' id='word_1_284' title='bbox 1775 2579 1954 2625; x_wconf 90' lang='lat' dir='ltr'><strong>autem</strong></span> <span class='ocrx_word' id='word_1_285' title='bbox 1977 2585 2116 2639; x_wconf 89' lang='lat' dir='ltr'><strong>opus</strong></span> 
     </span>
    </p>
   </div>
   <div class='ocr_carea' id='block_1_41' title="bbox 545 2661 2117 2738">
    <p class='ocr_par' dir='ltr' id='par_1_41' title="bbox 545 2661 2117 2738">
     <span class='ocr_line' id='line_1_41' title="bbox 545 2661 2117 2738; baseline -0.004 -16"><span class='ocrx_word' id='word_1_286' title='bbox 545 2681 629 2724; x_wconf 89' lang='lat' dir='ltr'><strong>est</strong></span> <span class='ocrx_word' id='word_1_287' title='bbox 660 2671 839 2725; x_wconf 89' lang='lat' dir='ltr'><strong>dicere</strong></span> <span class='ocrx_word' id='word_1_288' title='bbox 877 2669 1060 2738; x_wconf 89' lang='lat' dir='ltr'><strong>qualia</strong></span> <span class='ocrx_word' id='word_1_289' title='bbox 1091 2666 1478 2730; x_wconf 87' lang='lat' dir='ltr'><strong>sustinuerint,</strong></span> <span class='ocrx_word' id='word_1_290' title='bbox 1517 2663 1886 2734; x_wconf 87' lang='lat' dir='ltr'><strong>sartaginibus</strong></span> <span class='ocrx_word' id='word_1_291' title='bbox 1912 2672 1966 2718; x_wconf 90' lang='lat' dir='ltr'><strong>et</strong></span> <span class='ocrx_word' id='word_1_292' title='bbox 1995 2661 2117 2716; x_wconf 87' lang='lat' dir='ltr'><strong>ollis</strong></span> 
     </span>
    </p>
   </div>
   <div class='ocr_carea' id='block_1_42' title="bbox 546 2751 2114 2830">
    <p class='ocr_par' dir='ltr' id='par_1_42' title="bbox 546 2751 2114 2830">
     <span class='ocr_line' id='line_1_42' title="bbox 546 2751 2114 2830; baseline -0.008 -13"><span class='ocrx_word' id='word_1_293' title='bbox 546 2761 710 2817; x_wconf 83' lang='lat' dir='ltr'><strong>aeneis</strong></span> <span class='ocrx_word' id='word_1_294' title='bbox 738 2759 938 2830; x_wconf 89' lang='lat' dir='ltr'><strong>quibus</strong></span> <span class='ocrx_word' id='word_1_295' title='bbox 955 2759 1338 2815; x_wconf 89' lang='lat' dir='ltr'><strong>cruciarentur</strong></span> <span class='ocrx_word' id='word_1_296' title='bbox 1355 2756 1658 2820; x_wconf 89' lang='lat' dir='ltr'><strong>succensis,</strong></span> <span class='ocrx_word' id='word_1_297' title='bbox 1684 2770 1804 2809; x_wconf 87' lang='lat' dir='ltr'><strong>eum</strong></span> <span class='ocrx_word' id='word_1_298' title='bbox 1833 2753 1981 2808; x_wconf 87' lang='lat' dir='ltr'><strong>varia</strong></span> <span class='ocrx_word' id='word_1_299' title='bbox 2005 2751 2114 2820; x_wconf 83' lang='lat' dir='ltr'><strong>jam</strong></span> 
     </span>
    </p>
   </div>
   <div class='ocr_carea' id='block_1_43' title="bbox 545 2843 2114 2920">
    <p class='ocr_par' dir='ltr' id='par_1_43' title="bbox 545 2843 2114 2920">
     <span class='ocr_line' id='line_1_43' title="bbox 545 2843 2114 2920; baseline -0.008 -13"><span class='ocrx_word' id='word_1_300' title='bbox 545 2851 748 2920; x_wconf 78' lang='lat' dir='ltr'><strong>singuli</strong></span> <span class='ocrx_word' id='word_1_301' title='bbox 773 2859 1043 2906; x_wconf 89' lang='lat' dir='ltr'><strong>tormenta</strong></span> <span class='ocrx_word' id='word_1_302' title='bbox 1072 2847 1502 2904; x_wconf 83' lang='lat' dir='ltr'><strong>sustinuissent?</strong></span> <span class='ocrx_word' id='word_1_303' title='bbox 1521 2846 1690 2912; x_wconf 76' lang='lat' dir='ltr'><strong>Quem</strong></span> <span class='ocrx_word' id='word_1_304' title='bbox 1715 2844 1856 2900; x_wconf 88' lang='lat' dir='ltr'><strong>enim</strong></span> <span class='ocrx_word' id='word_1_305' title='bbox 1884 2843 2114 2913; x_wconf 89' lang='lat' dir='ltr'><strong>primum</strong></span> 
     </span>
    </p>
   </div>
   <div class='ocr_carea' id='block_1_44' title="bbox 547 2933 2115 3011">
    <p class='ocr_par' dir='ltr' id='par_1_44' title="bbox 547 2933 2115 3011">
     <span class='ocr_line' id='line_1_44' title="bbox 547 2933 2115 3011; baseline -0.007 -13"><span class='ocrx_word' id='word_1_306' title='bbox 547 2945 812 3009; x_wconf 81' lang='lat' dir='ltr'><strong>nominat,</strong></span> <span class='ocrx_word' id='word_1_307' title='bbox 837 2943 886 2997; x_wconf 91' lang='lat' dir='ltr'><strong>ei</strong></span> <span class='ocrx_word' id='word_1_308' title='bbox 931 2941 1196 3011; x_wconf 91' lang='lat' dir='ltr'><strong>principio</strong></span> <span class='ocrx_word' id='word_1_309' title='bbox 1240 2948 1516 3009; x_wconf 87' lang='lat' dir='ltr'><strong>amputata</strong></span> <span class='ocrx_word' id='word_1_310' title='bbox 1553 2938 1738 3007; x_wconf 84' lang='lat' dir='ltr'><strong>lingua</strong></span> <span class='ocrx_word' id='word_1_311' title='bbox 1775 2945 1880 3000; x_wconf 89' lang='lat' dir='ltr'><strong>est,</strong></span> <span class='ocrx_word' id='word_1_312' title='bbox 1919 2933 2115 2989; x_wconf 87' lang='lat' dir='ltr'><strong>deinde</strong></span> 
     </span>
    </p>
   </div>
   <div class='ocr_carea' id='block_1_45' title="bbox 547 3027 2116 3104">
    <p class='ocr_par' dir='ltr' id='par_1_45' title="bbox 547 3027 2116 3104">
     <span class='ocr_line' id='line_1_45' title="bbox 547 3027 2116 3104; baseline -0.007 -12"><span class='ocrx_word' id='word_1_313' title='bbox 547 3038 688 3092; x_wconf 90' lang='lat' dir='ltr'><strong>cutis</strong></span> <span class='ocrx_word' id='word_1_314' title='bbox 723 3035 918 3104; x_wconf 86' lang='lat' dir='ltr'><strong>capitis</strong></span> <span class='ocrx_word' id='word_1_315' title='bbox 967 3034 1285 3098; x_wconf 85' lang='lat' dir='ltr'><strong>abstracta;</strong></span> <span class='ocrx_word' id='word_1_316' title='bbox 1339 3048 1502 3102; x_wconf 89' lang='lat' dir='ltr'><strong>quatn</strong></span> <span class='ocrx_word' id='word_1_317' title='bbox 1541 3029 1972 3086; x_wconf 88' lang='lat' dir='ltr'><strong>decalvationem</strong></span> <span class='ocrx_word' id='word_1_318' title='bbox 2034 3027 2116 3081; x_wconf 90' lang='lat' dir='ltr'><strong>sic</strong></span> 
     </span>
    </p>
   </div>
   <div class='ocr_carea' id='block_1_46' title="bbox 546 3118 2115 3192">
    <p class='ocr_par' dir='ltr' id='par_1_46' title="bbox 546 3118 2115 3192">
     <span class='ocr_line' id='line_1_46' title="bbox 546 3118 2115 3192; baseline -0.008 -10"><span class='ocrx_word' id='word_1_319' title='bbox 546 3129 636 3184; x_wconf 90' lang='lat' dir='ltr'><strong>ille</strong></span> <span class='ocrx_word' id='word_1_320' title='bbox 669 3128 812 3191; x_wconf 91' lang='lat' dir='ltr'><strong>tulit,</strong></span> <span class='ocrx_word' id='word_1_321' title='bbox 861 3135 919 3180; x_wconf 92' lang='lat' dir='ltr'><strong>ut</strong></span> <span class='ocrx_word' id='word_1_322' title='bbox 965 3124 1053 3178; x_wconf 87' lang='lat' dir='ltr'><strong>alii</strong></span> <span class='ocrx_word' id='word_1_323' title='bbox 1108 3125 1289 3178; x_wconf 90' lang='lat' dir='ltr'><strong>divina</strong></span> <span class='ocrx_word' id='word_1_324' title='bbox 1341 3123 1460 3192; x_wconf 80' lang='lat' dir='ltr'><strong>lege</strong></span> <span class='ocrx_word' id='word_1_325' title='bbox 1497 3120 1705 3190; x_wconf 86' lang='lat' dir='ltr'><strong>jussam</strong></span> <span class='ocrx_word' id='word_1_326' title='bbox 1743 3118 2115 3174; x_wconf 81' lang='lat' dir='ltr'><strong>circumcisio-</strong></span> 
     </span>
    </p>
   </div>
   <div class='ocr_carea' id='block_1_47' title="bbox 2220 1917 3799 1991">
    <p class='ocr_par' dir='ltr' id='par_1_47' title="bbox 2220 1917 3799 1991">
     <span class='ocr_line' id='line_1_47' title="bbox 2220 1917 3799 1991; baseline 0.003 -23"><span class='ocrx_word' id='word_1_327' title='bbox 2220 1917 2565 1989; x_wconf 78' lang='grc' dir='ltr'>λογισαμένῳ</span> <span class='ocrx_word' id='word_1_328' title='bbox 2590 1918 2676 1983; x_wconf 85' lang='grc' dir='ltr'><strong>ἂν,</strong></span> <span class='ocrx_word' id='word_1_329' title='bbox 2709 1920 2790 1971; x_wconf 78' lang='grc' dir='ltr'><strong>ὅτι</strong></span> <span class='ocrx_word' id='word_1_330' title='bbox 2840 1921 2886 1971; x_wconf 88' lang='grc' dir='ltr'><strong>εί</strong></span> <span class='ocrx_word' id='word_1_331' title='bbox 2924 1918 3103 1988; x_wconf 82' lang='grc' dir='ltr'>μέλλει</span> <span class='ocrx_word' id='word_1_332' title='bbox 3138 1919 3438 1991; x_wconf 81' lang='grc' dir='ltr'>παιδαρίων</span> <span class='ocrx_word' id='word_1_333' title='bbox 3471 1917 3612 1973; x_wconf 77' lang='grc' dir='ltr'>εἶναι</span> <span class='ocrx_word' id='word_1_334' title='bbox 3650 1921 3799 1974; x_wconf 78' lang='grc' dir='ltr'>ἐλάτ-</span> 
     </span>
    </p>
   </div>
   <div class='ocr_carea' id='block_1_48' title="bbox 2219 2009 3798 2082">
    <p class='ocr_par' dir='ltr' id='par_1_48' title="bbox 2219 2009 3798 2082">
     <span class='ocr_line' id='line_1_48' title="bbox 2219 2009 3798 2082; baseline 0.002 -20"><span class='ocrx_word' id='word_1_335' title='bbox 2219 2027 2325 2062; x_wconf 89' lang='grc' dir='ltr'><strong>των</strong></span> <span class='ocrx_word' id='word_1_336' title='bbox 2352 2009 2411 2063; x_wconf 76' lang='grc' dir='ltr'><strong>οὑ</strong></span> <span class='ocrx_word' id='word_1_337' title='bbox 2440 2009 2561 2062; x_wconf 81' lang='grc' dir='ltr'>καθ’</span> <span class='ocrx_word' id='word_1_338' title='bbox 2584 2010 2678 2062; x_wconf 83' lang='grc' dir='ltr'>’ένα</span> <span class='ocrx_word' id='word_1_339' title='bbox 2705 2012 2862 2080; x_wconf 87' lang='grc' dir='ltr'>μόνον</span> <span class='ocrx_word' id='word_1_340' title='bbox 2898 2009 3159 2080; x_wconf 78' lang='grc' dir='ltr'>βασάνους</span> <span class='ocrx_word' id='word_1_341' title='bbox 3189 2011 3632 2082; x_wconf 67' lang='grc' dir='ltr'>ὑπομεινάντων,</span> <span class='ocrx_word' id='word_1_342' title='bbox 3668 2011 3798 2066; x_wconf 77' lang='grc' dir='ltr'>ἀλλὰ</span> 
     </span>
    </p>
   </div>
   <div class='ocr_carea' id='block_1_49' title="bbox 2220 2100 3799 2176">
    <p class='ocr_par' dir='ltr' id='par_1_49' title="bbox 2220 2100 3799 2176">
     <span class='ocr_line' id='line_1_49' title="bbox 2220 2100 3799 2176; baseline 0.003 -22"><span class='ocrx_word' id='word_1_343' title='bbox 2220 2103 2310 2154; x_wconf 79' lang='grc' dir='ltr'>καὶ</span> <span class='ocrx_word' id='word_1_344' title='bbox 2340 2100 2419 2171; x_wconf 83' lang='grc' dir='ltr'><strong>τῷ</strong></span> <span class='ocrx_word' id='word_1_345' title='bbox 2443 2103 2542 2173; x_wconf 81' lang='grc' dir='ltr'>τὴν</span> <span class='ocrx_word' id='word_1_346' title='bbox 2568 2103 2751 2155; x_wconf 83' lang='grc' dir='ltr'>αἰκίαν</span> <span class='ocrx_word' id='word_1_347' title='bbox 2785 2104 2888 2155; x_wconf 88' lang='grc' dir='ltr'><strong>τῶν</strong></span> <span class='ocrx_word' id='word_1_348' title='bbox 2915 2103 3156 2172; x_wconf 84' lang='grc' dir='ltr'>ἀδελφῶν</span> <span class='ocrx_word' id='word_1_349' title='bbox 3181 2104 3603 2174; x_wconf 76' lang='grc' dir='ltr'>τεθεωρηκέναι,</span> <span class='ocrx_word' id='word_1_350' title='bbox 3627 2106 3799 2176; x_wconf 85' lang='grc' dir='ltr'>παρά-</span> 
     </span>
    </p>
   </div>
   <div class='ocr_carea' id='block_1_50' title="bbox 2221 2191 3799 2267">
    <p class='ocr_par' dir='ltr' id='par_1_50' title="bbox 2221 2191 3799 2267">
     <span class='ocr_line' id='line_1_50' title="bbox 2221 2191 3799 2267; baseline 0.001 -21"><span class='ocrx_word' id='word_1_351' title='bbox 2221 2211 2399 2264; x_wconf 86' lang='grc' dir='ltr'>στημα</span> <span class='ocrx_word' id='word_1_352' title='bbox 2435 2194 2647 2247; x_wconf 72' lang='grc' dir='ltr'>εὔτονον</span> <span class='ocrx_word' id='word_1_353' title='bbox 2690 2195 2968 2260; x_wconf 73' lang='grc' dir='ltr'>εὐσεϐείας</span> <span class='ocrx_word' id='word_1_354' title='bbox 3015 2197 3454 2267; x_wconf 78' lang='grc' dir='ltr'>ἐπιδειξαμένων·</span> <span class='ocrx_word' id='word_1_355' title='bbox 3498 2197 3591 2264; x_wconf 84' lang='grc' dir='ltr'>ἀφ’</span> <span class='ocrx_word' id='word_1_356' title='bbox 3623 2191 3696 2250; x_wconf 82' lang='grc' dir='ltr'>ὧν</span> <span class='ocrx_word' id='word_1_357' title='bbox 3720 2191 3799 2259; x_wconf 75' lang='grc' dir='ltr'>εἷς</span> 
     </span>
    </p>
   </div>
   <div class='ocr_carea' id='block_1_51' title="bbox 2219 2281 3799 2359">
    <p class='ocr_par' dir='ltr' id='par_1_51' title="bbox 2219 2281 3799 2359">
     <span class='ocr_line' id='line_1_51' title="bbox 2219 2281 3799 2359; baseline 0.005 -26"><span class='ocrx_word' id='word_1_358' title='bbox 2219 2281 2527 2352; x_wconf 88' lang='grc' dir='ltr'>γενόμενος,</span> <span class='ocrx_word' id='word_1_359' title='bbox 2564 2283 2637 2345; x_wconf 81' lang='grc' dir='ltr'>ὡς</span> <span class='ocrx_word' id='word_1_360' title='bbox 2662 2284 2694 2352; x_wconf 81' lang='grc' dir='ltr'>ὴ</span> <span class='ocrx_word' id='word_1_361' title='bbox 2717 2285 2904 2355; x_wconf 80' lang='grc' dir='ltr'>Γραφὴ</span> <span class='ocrx_word' id='word_1_362' title='bbox 2923 2283 3199 2356; x_wconf 84' lang='grc' dir='ltr'>ὠνόμασε,</span> <span class='ocrx_word' id='word_1_363' title='bbox 3242 2286 3477 2359; x_wconf 84' lang='grc' dir='ltr'>πρῶτος,</span> <span class='ocrx_word' id='word_1_364' title='bbox 3515 2283 3636 2341; x_wconf 82' lang='grc' dir='ltr'>εἷπε</span> <span class='ocrx_word' id='word_1_365' title='bbox 3667 2289 3799 2359; x_wconf 71' lang='grc' dir='ltr'>πρὸς</span> 
     </span>
    </p>
   </div>
   <div class='ocr_carea' id='block_1_52' title="bbox 2217 2372 3796 2449">
    <p class='ocr_par' dir='ltr' id='par_1_52' title="bbox 2217 2372 3796 2449">
     <span class='ocr_line' id='line_1_52' title="bbox 2217 2372 3796 2449; baseline 0.005 -24"><span class='ocrx_word' id='word_1_366' title='bbox 2217 2372 2307 2426; x_wconf 77' lang='grc' dir='ltr'><strong>τὸν</strong></span> <span class='ocrx_word' id='word_1_367' title='bbox 2330 2374 2590 2445; x_wconf 89' lang='grc' dir='ltr'>τύραννον</span> <span class='ocrx_word' id='word_1_368' title='bbox 2618 2394 2630 2406; x_wconf 75' lang='grc' dir='ltr'><strong>ο</strong></span> <span class='ocrx_word' id='word_1_369' title='bbox 2665 2396 2683 2427; x_wconf 86' lang='grc'><strong><em>‹</em></strong></span> <span class='ocrx_word' id='word_1_370' title='bbox 2718 2379 2781 2430; x_wconf 94' lang='grc' dir='ltr'><strong>Τί</strong></span> <span class='ocrx_word' id='word_1_371' title='bbox 2819 2377 3030 2448; x_wconf 86' lang='grc' dir='ltr'>μέλλεις</span> <span class='ocrx_word' id='word_1_372' title='bbox 3064 2379 3273 2449; x_wconf 76' lang='grc' dir='ltr'>ἐρωτᾷν</span> <span class='ocrx_word' id='word_1_373' title='bbox 3320 2381 3412 2432; x_wconf 72' lang='grc' dir='ltr'><strong>καὶ</strong></span> <span class='ocrx_word' id='word_1_374' title='bbox 3465 2380 3796 2449; x_wconf 84' lang='grc' dir='ltr'>μανθάνειν;</span> 
     </span>
    </p>
   </div>
   <div class='ocr_carea' id='block_1_53' title="bbox 2218 2466 3798 2542">
    <p class='ocr_par' dir='ltr' id='par_1_53' title="bbox 2218 2466 3798 2542">
     <span class='ocr_line' id='line_1_53' title="bbox 2218 2466 3798 2542; baseline 0.005 -24"><span class='ocrx_word' id='word_1_375' title='bbox 2218 2466 2422 2536; x_wconf 78' lang='grc' dir='ltr'>ἕτοιμοι</span> <span class='ocrx_word' id='word_1_376' title='bbox 2450 2466 2557 2538; x_wconf 80' lang='grc' dir='ltr'>γὰρ</span> <span class='ocrx_word' id='word_1_377' title='bbox 2589 2468 2948 2539; x_wconf 76' lang='grc' dir='ltr'>ἀποθνήσκειν</span> <span class='ocrx_word' id='word_1_378' title='bbox 2980 2471 3165 2540; x_wconf 78' lang='grc' dir='ltr'>ἐσμὲν,</span> <span class='ocrx_word' id='word_1_379' title='bbox 3213 2469 3246 2540; x_wconf 80' lang='grc' dir='ltr'>ἢ</span> <span class='ocrx_word' id='word_1_380' title='bbox 3276 2469 3638 2542; x_wconf 80' lang='grc' dir='ltr'>παραϐαίνειν</span> <span class='ocrx_word' id='word_1_381' title='bbox 3677 2474 3798 2536; x_wconf 81' lang='grc' dir='ltr'>τοὺς</span> 
     </span>
    </p>
   </div>
   <div class='ocr_carea' id='block_1_54' title="bbox 2219 2557 3794 2633">
    <p class='ocr_par' dir='ltr' id='par_1_54' title="bbox 2219 2557 3794 2633">
     <span class='ocr_line' id='line_1_54' title="bbox 2219 2557 3794 2633; baseline 0.005 -26"><span class='ocrx_word' id='word_1_382' title='bbox 2219 2557 2480 2627; x_wconf 85' lang='grc' dir='ltr'>πατρίους</span> <span class='ocrx_word' id='word_1_383' title='bbox 2514 2558 2728 2628; x_wconf 88' lang='grc' dir='ltr'>νόμους.</span> <span class='ocrx_word' id='word_1_384' title='bbox 2762 2579 2778 2610; x_wconf 74' lang='grc' dir='ltr'><strong>ι</strong></span> <span class='ocrx_word' id='word_1_385' title='bbox 2818 2561 2882 2612; x_wconf 93' lang='grc' dir='ltr'>Τί</span> <span class='ocrx_word' id='word_1_386' title='bbox 2914 2562 2970 2613; x_wconf 82' lang='grc' dir='ltr'>δὲ</span> <span class='ocrx_word' id='word_1_387' title='bbox 2991 2561 3071 2614; x_wconf 87' lang='grc' dir='ltr'><strong>δεῖ</strong></span> <span class='ocrx_word' id='word_1_388' title='bbox 3086 2560 3262 2629; x_wconf 82' lang='grc' dir='ltr'>λέγειν</span> <span class='ocrx_word' id='word_1_389' title='bbox 3288 2563 3446 2614; x_wconf 81' lang='grc' dir='ltr'>ὁποῖα</span> <span class='ocrx_word' id='word_1_390' title='bbox 3480 2563 3794 2633; x_wconf 84' lang='grc' dir='ltr'>ὑπέμειναν,</span> 
     </span>
    </p>
   </div>
   <div class='ocr_carea' id='block_1_55' title="bbox 2220 2647 3799 2724">
    <p class='ocr_par' dir='ltr' id='par_1_55' title="bbox 2220 2647 3799 2724">
     <span class='ocr_line' id='line_1_55' title="bbox 2220 2647 3799 2724; baseline 0.005 -25"><span class='ocrx_word' id='word_1_391' title='bbox 2220 2647 2468 2716; x_wconf 81' lang='grc' dir='ltr'>τηγάνων</span> <span class='ocrx_word' id='word_1_392' title='bbox 2499 2649 2593 2702; x_wconf 73' lang='grc' dir='ltr'><strong>καὶ</strong></span> <span class='ocrx_word' id='word_1_393' title='bbox 2632 2649 2870 2721; x_wconf 79' lang='grc' dir='ltr'>λεϐήτων</span> <span class='ocrx_word' id='word_1_394' title='bbox 2903 2651 3347 2724; x_wconf 81' lang='grc' dir='ltr'>ὲκπυρουμένων,</span> <span class='ocrx_word' id='word_1_395' title='bbox 3386 2653 3474 2705; x_wconf 84' lang='grc' dir='ltr'><strong>ἵνα</strong></span> <span class='ocrx_word' id='word_1_396' title='bbox 3523 2656 3581 2706; x_wconf 85' lang='grc' dir='ltr'><strong>ἐν</strong></span> <span class='ocrx_word' id='word_1_397' title='bbox 3617 2656 3799 2717; x_wconf 71' lang='grc' dir='ltr'>αὐτοῖς</span> 
     </span>
    </p>
   </div>
   <div class='ocr_carea' id='block_1_56' title="bbox 2221 2741 3800 2820">
    <p class='ocr_par' dir='ltr' id='par_1_56' title="bbox 2221 2741 3800 2820">
     <span class='ocr_line' id='line_1_56' title="bbox 2221 2741 3800 2820; baseline 0.005 -27"><span class='ocrx_word' id='word_1_398' title='bbox 2221 2741 2599 2810; x_wconf 85' lang='grc' dir='ltr'>βασανισθῶσι,</span> <span class='ocrx_word' id='word_1_399' title='bbox 2623 2743 2992 2815; x_wconf 82' lang='grc' dir='ltr'>προπαθόντες</span> <span class='ocrx_word' id='word_1_400' title='bbox 3025 2745 3251 2808; x_wconf 77' lang='grc' dir='ltr'>ἕκαστος</span> <span class='ocrx_word' id='word_1_401' title='bbox 3290 2747 3562 2818; x_wconf 80' lang='grc' dir='ltr'>διάφορα;</span> <span class='ocrx_word' id='word_1_402' title='bbox 3603 2748 3661 2800; x_wconf 85' lang='grc'><strong>’0</strong></span> <span class='ocrx_word' id='word_1_403' title='bbox 3695 2751 3800 2820; x_wconf 79' lang='grc' dir='ltr'><strong>γὰρ</strong></span> 
     </span>
    </p>
   </div>
   <div class='ocr_carea' id='block_1_57' title="bbox 2217 2832 3796 2911">
    <p class='ocr_par' dir='ltr' id='par_1_57' title="bbox 2217 2832 3796 2911">
     <span class='ocr_line' id='line_1_57' title="bbox 2217 2832 3796 2911; baseline 0.005 -27"><span class='ocrx_word' id='word_1_404' title='bbox 2217 2832 2534 2904; x_wconf 75' lang='grc' dir='ltr'>ὀνομασθεὶς</span> <span class='ocrx_word' id='word_1_405' title='bbox 2577 2834 2727 2905; x_wconf 81' lang='grc' dir='ltr'>αὐτῷ</span> <span class='ocrx_word' id='word_1_406' title='bbox 2775 2836 3008 2907; x_wconf 87' lang='grc' dir='ltr'>πρῶτος,</span> <span class='ocrx_word' id='word_1_407' title='bbox 3069 2837 3526 2910; x_wconf 83' lang='grc' dir='ltr'>ὲγλωσσοτομήθη</span> <span class='ocrx_word' id='word_1_408' title='bbox 3560 2840 3796 2911; x_wconf 85' lang='grc' dir='ltr'>πρῶτον,</span> 
     </span>
    </p>
   </div>
   <div class='ocr_carea' id='block_1_58' title="bbox 2217 2922 3800 3001">
    <p class='ocr_par' dir='ltr' id='par_1_58' title="bbox 2217 2922 3800 3001">
     <span class='ocr_line' id='line_1_58' title="bbox 2217 2922 3800 3001; baseline 0.005 -24"><span class='ocrx_word' id='word_1_409' title='bbox 2217 2922 2334 2978; x_wconf 83' lang='grc' dir='ltr'>εἶτα</span> <span class='ocrx_word' id='word_1_410' title='bbox 2384 2926 2802 2998; x_wconf 89' lang='grc' dir='ltr'>περιεσκυτίσθη</span> <span class='ocrx_word' id='word_1_411' title='bbox 2852 2927 2962 2998; x_wconf 81' lang='lat'>(99}</span> <span class='ocrx_word' id='word_1_412' title='bbox 3011 2929 3108 2999; x_wconf 83' lang='grc' dir='ltr'>τὴν</span> <span class='ocrx_word' id='word_1_413' title='bbox 3151 2929 3391 3001; x_wconf 85' lang='grc' dir='ltr'>κεφαλήν</span> <span class='ocrx_word' id='word_1_414' title='bbox 3416 2947 3430 2960; x_wconf 81' lang='lat'><strong><em>°</em></strong></span> <span class='ocrx_word' id='word_1_415' title='bbox 3488 2931 3584 2984; x_wconf 76' lang='grc' dir='ltr'><strong>καὶ</strong></span> <span class='ocrx_word' id='word_1_416' title='bbox 3627 2932 3800 2994; x_wconf 76' lang='grc' dir='ltr'>οὕτως</span> 
     </span>
    </p>
   </div>
   <div class='ocr_carea' id='block_1_59' title="bbox 2220 3019 3799 3098">
    <p class='ocr_par' dir='ltr' id='par_1_59' title="bbox 2220 3019 3799 3098">
     <span class='ocr_line' id='line_1_59' title="bbox 2220 3019 3799 3098; baseline 0.004 -27"><span class='ocrx_word' id='word_1_417' title='bbox 2220 3019 2418 3089; x_wconf 67' lang='grc' dir='ltr'>ἤνεγκε</span> <span class='ocrx_word' id='word_1_418' title='bbox 2446 3020 2536 3073; x_wconf 86' lang='grc' dir='ltr'><strong>τὸν</strong></span> <span class='ocrx_word' id='word_1_419' title='bbox 2564 3023 3011 3093; x_wconf 86' lang='grc' dir='ltr'>περισκυτισμὸν,</span> <span class='ocrx_word' id='word_1_420' title='bbox 3035 3024 3109 3087; x_wconf 85' lang='grc' dir='ltr'><strong>ὡς</strong></span> <span class='ocrx_word' id='word_1_421' title='bbox 3129 3024 3278 3079; x_wconf 81' lang='grc' dir='ltr'>ἄλλοι</span> <span class='ocrx_word' id='word_1_422' title='bbox 3302 3027 3400 3098; x_wconf 79' lang='grc' dir='ltr'><strong>τὴν</strong></span> <span class='ocrx_word' id='word_1_423' title='bbox 3427 3025 3515 3080; x_wconf 82' lang='grc' dir='ltr'><strong>διά</strong></span> <span class='ocrx_word' id='word_1_424' title='bbox 3541 3026 3632 3079; x_wconf 82' lang='grc' dir='ltr'><strong>τὸν</strong></span> <span class='ocrx_word' id='word_1_425' title='bbox 3659 3025 3799 3080; x_wconf 81' lang='grc' dir='ltr'>θεῖον</span> 
     </span>
    </p>
   </div>
   <div class='ocr_carea' id='block_1_60' title="bbox 2217 3112 3799 3190">
    <p class='ocr_par' dir='ltr' id='par_1_60' title="bbox 2217 3112 3799 3190">
     <span class='ocr_line' id='line_1_60' title="bbox 2217 3112 3799 3190; baseline 0.006 -26"><span class='ocrx_word' id='word_1_426' title='bbox 2217 3112 2378 3183; x_wconf 85' lang='grc' dir='ltr'>νόμον</span> <span class='ocrx_word' id='word_1_427' title='bbox 2432 3116 2767 3187; x_wconf 84' lang='grc' dir='ltr'>περιτομήν’</span> <span class='ocrx_word' id='word_1_428' title='bbox 2838 3113 3073 3186; x_wconf 85' lang='grc' dir='ltr'>νομίζων</span> <span class='ocrx_word' id='word_1_429' title='bbox 3107 3117 3202 3171; x_wconf 79' lang='grc' dir='ltr'>καὶ</span> <span class='ocrx_word' id='word_1_430' title='bbox 3239 3121 3296 3171; x_wconf 85' lang='grc' dir='ltr'>ὲν</span> <span class='ocrx_word' id='word_1_431' title='bbox 3331 3119 3510 3190; x_wconf 81' lang='grc' dir='ltr'>τούτῳ</span> <span class='ocrx_word' id='word_1_432' title='bbox 3557 3117 3799 3190; x_wconf 81' lang='grc' dir='ltr'>πληροῦν</span> 
     </span>
    </p>
   </div>
   <div class='ocr_carea' id='block_1_61' title="bbox 545 3179 2111 3286">
    <p class='ocr_par' dir='ltr' id='par_1_61' title="bbox 545 3214 2111 3286">
     <span class='ocr_line' id='line_1_61' title="bbox 545 3214 2111 3286; baseline -0.008 -10"><span class='ocrx_word' id='word_1_433' title='bbox 545 3237 704 3286; x_wconf 87' lang='lat' dir='ltr'><strong>nem;</strong></span> <span class='ocrx_word' id='word_1_434' title='bbox 740 3219 794 3275; x_wconf 93' lang='lat' dir='ltr'><strong>in</strong></span> <span class='ocrx_word' id='word_1_435' title='bbox 828 3219 932 3274; x_wconf 87' lang='lat' dir='ltr'><strong>hoc</strong></span> <span class='ocrx_word' id='word_1_436' title='bbox 961 3217 1127 3273; x_wconf 88' lang='lat' dir='ltr'><strong>etiam</strong></span> <span class='ocrx_word' id='word_1_437' title='bbox 1153 3231 1212 3272; x_wconf 88' lang='lat' dir='ltr'><strong>se</strong></span> <span class='ocrx_word' id='word_1_438' title='bbox 1244 3219 1480 3272; x_wconf 88' lang='lat' dir='ltr'><strong>credens</strong></span> <span class='ocrx_word' id='word_1_439' title='bbox 1524 3216 1692 3270; x_wconf 87' lang='lat' dir='ltr'><strong>divini</strong></span> <span class='ocrx_word' id='word_1_440' title='bbox 1741 3214 1962 3270; x_wconf 76' lang='lat' dir='ltr'><strong>fmdcris</strong></span> <span class='ocrx_word' id='word_1_441' title='bbox 1993 3228 2111 3265; x_wconf 64' lang='lat' dir='ltr'><strong>ver.</strong></span> 
     </span>
    </p>
   </div>
   <div class='ocr_carea' id='block_1_62' title="bbox 2222 3179 3802 3286">
    <p class='ocr_par' dir='ltr' id='par_1_62' title="bbox 2222 3179 3802 3280">
     <span class='ocr_line' id='line_1_62' title="bbox 2222 3179 3802 3280; baseline 0.004 -24"><span class='ocrx_word' id='word_1_442' title='bbox 2222 3179 2373 3272; x_wconf 80' lang='grc' dir='ltr'>λόγον</span> <span class='ocrx_word' id='word_1_443' title='bbox 2404 3179 2668 3278; x_wconf 31' lang='grc' dir='ltr'>διαθήκη-ς</span> <span class='ocrx_word' id='word_1_444' title='bbox 2691 3179 2855 3260; x_wconf 57' lang='grc' dir='ltr'>θεοῦ.</span> <span class='ocrx_word' id='word_1_445' title='bbox 2894 3179 3008 3260; x_wconf 70' lang='grc' dir='ltr'>ίςάι</span> <span class='ocrx_word' id='word_1_446' title='bbox 3039 3208 3138 3260; x_wconf 77' lang='grc' dir='ltr'><strong>οὐκ</strong></span> <span class='ocrx_word' id='word_1_447' title='bbox 3174 3179 3558 3280; x_wconf 52' lang='grc' dir='ltr'>ἀρκεσθείξγε</span> <span class='ocrx_word' id='word_1_448' title='bbox 3591 3179 3802 3263; x_wconf 76' lang='grc' dir='ltr'>τούτων</span> 
     </span>
    </p>
   </div>
   <div class='ocr_carea' id='block_1_63' title="bbox 546 3308 2114 3382">
    <p class='ocr_par' dir='ltr' id='par_1_63' title="bbox 546 3308 2114 3382">
     <span class='ocr_line' id='line_1_63' title="bbox 546 3308 2114 3382; baseline -0.006 -13"><span class='ocrx_word' id='word_1_449' title='bbox 546 3317 670 3369; x_wconf 88' lang='lat' dir='ltr'><strong>bum</strong></span> <span class='ocrx_word' id='word_1_450' title='bbox 711 3312 962 3382; x_wconf 86' lang='lat' dir='ltr'><strong>implere.</strong></span> <span class='ocrx_word' id='word_1_451' title='bbox 999 3308 1095 3364; x_wconf 81' lang='lat' dir='ltr'><strong>liis</strong></span> <span class='ocrx_word' id='word_1_452' title='bbox 1140 3325 1247 3364; x_wconf 93' lang='lat' dir='ltr'><strong>non</strong></span> <span class='ocrx_word' id='word_1_453' title='bbox 1284 3317 1579 3364; x_wconf 90' lang='lat' dir='ltr'><strong>contentus</strong></span> <span class='ocrx_word' id='word_1_454' title='bbox 1607 3308 1932 3373; x_wconf 81' lang='lat' dir='ltr'><strong>Antiochus,</strong></span> <span class='ocrx_word' id='word_1_455' title='bbox 1964 3321 2114 3362; x_wconf 90' lang='lat' dir='ltr'><strong>sum-</strong></span> 
     </span>
    </p>
   </div>
   <div class='ocr_carea' id='block_1_64' title="bbox 546 3400 2111 3476">
    <p class='ocr_par' dir='ltr' id='par_1_64' title="bbox 546 3400 2111 3476">
     <span class='ocr_line' id='line_1_64' title="bbox 546 3400 2111 3476; baseline -0.007 -15"><span class='ocrx_word' id='word_1_456' title='bbox 546 3422 663 3461; x_wconf 91' lang='lat' dir='ltr'><strong>mas</strong></span> <span class='ocrx_word' id='word_1_457' title='bbox 712 3419 930 3476; x_wconf 85' lang='lat' dir='ltr'><strong>quoque</strong></span> <span class='ocrx_word' id='word_1_458' title='bbox 969 3419 1161 3459; x_wconf 88' lang='lat' dir='ltr'><strong>manus</strong></span> <span class='ocrx_word' id='word_1_459' title='bbox 1218 3411 1276 3458; x_wconf 87' lang='lat' dir='ltr'><strong>et</strong></span> <span class='ocrx_word' id='word_1_460' title='bbox 1326 3401 1578 3471; x_wconf 87' lang='lat' dir='ltr'><strong>pedes-ei</strong></span> <span class='ocrx_word' id='word_1_461' title='bbox 1617 3400 2111 3470; x_wconf 66' lang='lat' dir='ltr'><strong>praescindijmsit,</strong></span> 
     </span>
    </p>
   </div>
   <div class='ocr_carea' id='block_1_65' title="bbox 545 3494 2115 3570">
    <p class='ocr_par' dir='ltr' id='par_1_65' title="bbox 545 3494 2115 3570">
     <span class='ocr_line' id='line_1_65' title="bbox 545 3494 2115 3570; baseline -0.003 -16"><span class='ocrx_word' id='word_1_462' title='bbox 545 3500 755 3554; x_wconf 68' lang='lat' dir='ltr'><strong>czeteris</strong></span> <span class='ocrx_word' id='word_1_463' title='bbox 786 3498 904 3570; x_wconf 84' lang='lat' dir='ltr'><strong>ejus</strong></span> <span class='ocrx_word' id='word_1_464' title='bbox 950 3497 1217 3554; x_wconf 85' lang='lat' dir='ltr'><strong>fratribus</strong></span> <span class='ocrx_word' id='word_1_465' title='bbox 1246 3505 1300 3551; x_wconf 92' lang='lat' dir='ltr'><strong>et</strong></span> <span class='ocrx_word' id='word_1_466' title='bbox 1330 3505 1503 3550; x_wconf 89' lang='lat' dir='ltr'><strong>matre</strong></span> <span class='ocrx_word' id='word_1_467' title='bbox 1549 3494 1977 3564; x_wconf 88' lang='lat' dir='ltr'><strong>inspicientibus,</strong></span> <span class='ocrx_word' id='word_1_468' title='bbox 2009 3494 2115 3549; x_wconf 89' lang='lat' dir='ltr'><strong>hoc</strong></span> 
     </span>
    </p>
   </div>
   <div class='ocr_carea' id='block_1_66' title="bbox 543 3589 2112 3660">
    <p class='ocr_par' dir='ltr' id='par_1_66' title="bbox 543 3589 2112 3660">
     <span class='ocr_line' id='line_1_66' title="bbox 543 3589 2112 3660; baseline -0.004 -15"><span class='ocrx_word' id='word_1_469' title='bbox 543 3601 769 3660; x_wconf 85' lang='lat' dir='ltr'><strong>aspectu</strong></span> <span class='ocrx_word' id='word_1_470' title='bbox 805 3589 1040 3660; x_wconf 87' lang='lat' dir='ltr'><strong>puniens</strong></span> <span class='ocrx_word' id='word_1_471' title='bbox 1072 3589 1272 3644; x_wconf 89' lang='lat' dir='ltr'><strong>fratres</strong></span> <span class='ocrx_word' id='word_1_472' title='bbox 1298 3597 1355 3643; x_wconf 93' lang='lat' dir='ltr'><strong>et</strong></span> <span class='ocrx_word' id='word_1_473' title='bbox 1384 3596 1637 3653; x_wconf 88' lang='lat' dir='ltr'><strong>matrem,</strong></span> <span class='ocrx_word' id='word_1_474' title='bbox 1681 3600 1746 3641; x_wconf 89' lang='lat' dir='ltr'><strong>ac</strong></span> <span class='ocrx_word' id='word_1_475' title='bbox 1776 3595 1976 3656; x_wconf 86' lang='lat' dir='ltr'><strong>putans</strong></span> <span class='ocrx_word' id='word_1_476' title='bbox 2001 3599 2058 3640; x_wconf 88' lang='lat' dir='ltr'><strong>se</strong></span> <span class='ocrx_word' id='word_1_477' title='bbox 2082 3601 2112 3638; x_wconf 90' lang='lat' dir='ltr'><strong>a</strong></span> 
     </span>
    </p>
   </div>
   <div class='ocr_carea' id='block_1_67' title="bbox 545 3677 2111 3753">
    <p class='ocr_par' dir='ltr' id='par_1_67' title="bbox 545 3677 2111 3753">
     <span class='ocr_line' id='line_1_67' title="bbox 545 3677 2111 3753; baseline -0.004 -17"><span class='ocrx_word' id='word_1_478' title='bbox 545 3682 828 3753; x_wconf 88' lang='lat' dir='ltr'><strong>proposito</strong></span> <span class='ocrx_word' id='word_1_479' title='bbox 857 3696 954 3753; x_wconf 89' lang='lat' dir='ltr'><strong>per</strong></span> <span class='ocrx_word' id='word_1_480' title='bbox 992 3681 1107 3736; x_wconf 63' lang='lat' dir='ltr'><strong>haec</strong></span> <span class='ocrx_word' id='word_1_481' title='bbox 1153 3694 1275 3749; x_wconf 86' lang='lat' dir='ltr'><strong>quae</strong></span> <span class='ocrx_word' id='word_1_482' title='bbox 1320 3679 1621 3734; x_wconf 86' lang='lat' dir='ltr'><strong>creduntur</strong></span> <span class='ocrx_word' id='word_1_483' title='bbox 1655 3677 1789 3731; x_wconf 89' lang='lat' dir='ltr'><strong>adeo</strong></span> <span class='ocrx_word' id='word_1_484' title='bbox 1823 3677 2111 3740; x_wconf 87' lang='lat' dir='ltr'><strong>terribilia,</strong></span> 
     </span>
    </p>
   </div>
   <div class='ocr_carea' id='block_1_68' title="bbox 544 3767 2111 3843">
    <p class='ocr_par' dir='ltr' id='par_1_68' title="bbox 544 3767 2111 3843">
     <span class='ocr_line' id='line_1_68' title="bbox 544 3767 2111 3843; baseline -0.005 -15"><span class='ocrx_word' id='word_1_485' title='bbox 544 3775 667 3830; x_wconf 87' lang='lat' dir='ltr'><strong>illos</strong></span> <span class='ocrx_word' id='word_1_486' title='bbox 695 3784 1024 3828; x_wconf 90' lang='lat' dir='ltr'><strong>amoturum.</strong></span> <span class='ocrx_word' id='word_1_487' title='bbox 1055 3770 1148 3828; x_wconf 90' lang='lat' dir='ltr'><strong>Sic</strong></span> <span class='ocrx_word' id='word_1_488' title='bbox 1181 3772 1345 3843; x_wconf 79' lang='lat' dir='ltr'><strong>igitur</strong></span> <span class='ocrx_word' id='word_1_489' title='bbox 1366 3769 1697 3832; x_wconf 83' lang='lat' dir='ltr'><strong>Antiochus,</strong></span> <span class='ocrx_word' id='word_1_490' title='bbox 1736 3767 1823 3824; x_wconf 88' lang='lat' dir='ltr'><strong>his</strong></span> <span class='ocrx_word' id='word_1_491' title='bbox 1846 3783 1952 3823; x_wconf 89' lang='lat' dir='ltr'><strong>non</strong></span> <span class='ocrx_word' id='word_1_492' title='bbox 1978 3783 2111 3822; x_wconf 72' lang='lat' dir='ltr'><strong>con-</strong></span> 
     </span>
    </p>
   </div>
   <div class='ocr_carea' id='block_1_69' title="bbox 547 3863 2113 3935">
    <p class='ocr_par' dir='ltr' id='par_1_69' title="bbox 547 3863 2113 3935">
     <span class='ocr_line' id='line_1_69' title="bbox 547 3863 2113 3935; baseline -0.001 -15"><span class='ocrx_word' id='word_1_493' title='bbox 547 3876 749 3933; x_wconf 82' lang='lat' dir='ltr'><strong>tenlus,</strong></span> <span class='ocrx_word' id='word_1_494' title='bbox 783 3866 929 3920; x_wconf 93' lang='lat' dir='ltr'><strong>illum</strong></span> <span class='ocrx_word' id='word_1_495' title='bbox 977 3865 1090 3935; x_wconf 86' lang='lat' dir='ltr'><strong>jam</strong></span> <span class='ocrx_word' id='word_1_496' title='bbox 1140 3865 1383 3920; x_wconf 89' lang='lat' dir='ltr'><strong>inutilem</strong></span> <span class='ocrx_word' id='word_1_497' title='bbox 1434 3872 1700 3934; x_wconf 85' lang='lat' dir='ltr'><strong>quantum</strong></span> <span class='ocrx_word' id='word_1_498' title='bbox 1749 3863 1817 3918; x_wconf 88' lang='lat' dir='ltr'><strong>ad</strong></span> <span class='ocrx_word' id='word_1_499' title='bbox 1864 3863 2113 3931; x_wconf 84' lang='lat' dir='ltr'><strong>corporis</strong></span> 
     </span>
    </p>
   </div>
   <div class='ocr_carea' id='block_1_70' title="bbox 543 3953 2110 4027">
    <p class='ocr_par' dir='ltr' id='par_1_70' title="bbox 543 3953 2110 4027">
     <span class='ocr_line' id='line_1_70' title="bbox 543 3953 2110 4027; baseline -0.004 -15"><span class='ocrx_word' id='word_1_500' title='bbox 543 3966 871 4012; x_wconf 89' lang='lat' dir='ltr'><strong>structuram</strong></span> <span class='ocrx_word' id='word_1_501' title='bbox 910 3971 1007 4026; x_wconf 88' lang='lat' dir='ltr'><strong>per</strong></span> <span class='ocrx_word' id='word_1_502' title='bbox 1033 3973 1094 4012; x_wconf 88' lang='lat' dir='ltr'><strong>ea</strong></span> <span class='ocrx_word' id='word_1_503' title='bbox 1132 3972 1251 4027; x_wconf 81' lang='lat' dir='ltr'><strong>quae</strong></span> <span class='ocrx_word' id='word_1_504' title='bbox 1283 3957 1435 4025; x_wconf 90' lang='lat' dir='ltr'><strong>prius</strong></span> <span class='ocrx_word' id='word_1_505' title='bbox 1485 3970 1678 4026; x_wconf 89' lang='lat' dir='ltr'><strong>passus</strong></span> <span class='ocrx_word' id='word_1_506' title='bbox 1715 3964 1851 4024; x_wconf 89' lang='lat' dir='ltr'><strong>erat,</strong></span> <span class='ocrx_word' id='word_1_507' title='bbox 1885 3953 2110 4018; x_wconf 80' lang='lat' dir='ltr'><strong>factum,</strong></span> 
     </span>
    </p>
   </div>
   <div class='ocr_carea' id='block_1_71' title="bbox 536 4045 2109 4119">
    <p class='ocr_par' dir='ltr' id='par_1_71' title="bbox 536 4045 2109 4119">
     <span class='ocr_line' id='line_1_71' title="bbox 536 4045 2109 4119; baseline -0.003 -16"><span class='ocrx_word' id='word_1_508' title='bbox 536 4049 698 4119; x_wconf 84' lang='lat' dir='ltr'><strong>jussit</strong></span> <span class='ocrx_word' id='word_1_509' title='bbox 734 4049 841 4119; x_wconf 87' lang='lat' dir='ltr'><strong>igni</strong></span> <span class='ocrx_word' id='word_1_510' title='bbox 865 4049 957 4118; x_wconf 90' lang='lat' dir='ltr'><strong>qui</strong></span> <span class='ocrx_word' id='word_1_511' title='bbox 990 4049 1044 4102; x_wconf 91' lang='lat' dir='ltr'><strong>in</strong></span> <span class='ocrx_word' id='word_1_512' title='bbox 1077 4047 1444 4115; x_wconf 83' lang='lat' dir='ltr'><strong>sartaginibus</strong></span> <span class='ocrx_word' id='word_1_513' title='bbox 1467 4055 1521 4101; x_wconf 92' lang='lat' dir='ltr'><strong>et</strong></span> <span class='ocrx_word' id='word_1_514' title='bbox 1555 4045 1681 4101; x_wconf 90' lang='lat' dir='ltr'><strong>ollis</strong></span> <span class='ocrx_word' id='word_1_515' title='bbox 1721 4052 1860 4112; x_wconf 88' lang='lat' dir='ltr'><strong>erat,</strong></span> <span class='ocrx_word' id='word_1_516' title='bbox 1895 4045 2109 4115; x_wconf 88' lang='lat' dir='ltr'><strong>spiran-</strong></span> 
     </span>
    </p>
   </div>
   <div class='ocr_carea' id='block_1_72' title="bbox 544 4138 2108 4206">
    <p class='ocr_par' dir='ltr' id='par_1_72' title="bbox 544 4138 2108 4206">
     <span class='ocr_line' id='line_1_72' title="bbox 544 4138 2108 4206; baseline -0.001 -12"><span class='ocrx_word' id='word_1_517' title='bbox 544 4152 650 4196; x_wconf 89' lang='lat' dir='ltr'><strong>tem</strong></span> <span class='ocrx_word' id='word_1_518' title='bbox 696 4141 970 4197; x_wconf 87' lang='lat' dir='ltr'><strong>admoveri</strong></span> <span class='ocrx_word' id='word_1_519' title='bbox 993 4150 1048 4196; x_wconf 86' lang='lat' dir='ltr'><strong>et</strong></span> <span class='ocrx_word' id='word_1_520' title='bbox 1082 4141 1300 4194; x_wconf 88' lang='lat' dir='ltr'><strong>torreri.</strong></span> <span class='ocrx_word' id='word_1_521' title='bbox 1335 4138 1404 4193; x_wconf 87' lang='lat' dir='ltr'><strong>Ut</strong></span> <span class='ocrx_word' id='word_1_522' title='bbox 1433 4140 1589 4194; x_wconf 87' lang='lat' dir='ltr'><strong>nidor</strong></span> <span class='ocrx_word' id='word_1_523' title='bbox 1636 4140 1947 4206; x_wconf 82' lang='lat' dir='ltr'><strong>exhalabat,</strong></span> <span class='ocrx_word' id='word_1_524' title='bbox 1984 4155 2108 4194; x_wconf 89' lang='lat' dir='ltr'><strong>cum</strong></span> 
     </span>
    </p>
   </div>
   <div class='ocr_carea' id='block_1_73' title="bbox 541 4230 2112 4304">
    <p class='ocr_par' dir='ltr' id='par_1_73' title="bbox 541 4230 2112 4304">
     <span class='ocr_line' id='line_1_73' title="bbox 541 4230 2112 4304; baseline -0.002 -15"><span class='ocrx_word' id='word_1_525' title='bbox 541 4235 610 4289; x_wconf 83' lang='lat' dir='ltr'><strong>ab</strong></span> <span class='ocrx_word' id='word_1_526' title='bbox 643 4234 863 4288; x_wconf 85' lang='lat' dir='ltr'><strong>immani</strong></span> <span class='ocrx_word' id='word_1_527' title='bbox 897 4243 1128 4304; x_wconf 87' lang='lat' dir='ltr'><strong>tyranno</strong></span> <span class='ocrx_word' id='word_1_528' title='bbox 1157 4231 1560 4302; x_wconf 78' lang='lat' dir='ltr'><strong>generosissimi</strong></span> <span class='ocrx_word' id='word_1_529' title='bbox 1588 4230 1864 4299; x_wconf 84' lang='lat' dir='ltr'><strong>religionis</strong></span> <span class='ocrx_word' id='word_1_530' title='bbox 1895 4232 2112 4286; x_wconf 77' lang='lat' dir='ltr'><strong>athleta:</strong></span> 
     </span>
    </p>
   </div>
   <div class='ocr_carea' id='block_1_74' title="bbox 539 4321 2108 4389">
    <p class='ocr_par' dir='ltr' id='par_1_74' title="bbox 539 4321 2108 4389">
     <span class='ocr_line' id='line_1_74' title="bbox 539 4321 2108 4389; baseline -0.001 -11"><span class='ocrx_word' id='word_1_531' title='bbox 539 4338 736 4378; x_wconf 90' lang='lat' dir='ltr'><strong>carnes</strong></span> <span class='ocrx_word' id='word_1_532' title='bbox 757 4331 1102 4389; x_wconf 83' lang='lat' dir='ltr'><strong>assarentur,</strong></span> <span class='ocrx_word' id='word_1_533' title='bbox 1125 4338 1146 4373; x_wconf 77' lang='grc' dir='ltr'><strong>ι</strong></span> <span class='ocrx_word' id='word_1_534' title='bbox 1175 4321 1359 4376; x_wconf 84' lang='lat' dir='ltr'><strong>caeteri</strong></span> <span class='ocrx_word' id='word_1_535' title='bbox 1392 4335 1498 4374; x_wconf 91' lang='lat' dir='ltr'><strong>una</strong></span> <span class='ocrx_word' id='word_1_536' title='bbox 1528 4334 1650 4374; x_wconf 89' lang='lat' dir='ltr'><strong>cum</strong></span> <span class='ocrx_word' id='word_1_537' title='bbox 1680 4327 1855 4374; x_wconf 86' lang='lat' dir='ltr'><strong>matre</strong></span> <span class='ocrx_word' id='word_1_538' title='bbox 1878 4323 2108 4376; x_wconf 90' lang='lat' dir='ltr'><strong>invicem</strong></span> 
     </span>
    </p>
   </div>
   <div class='ocr_carea' id='block_1_75' title="bbox 539 4409 2110 4483">
    <p class='ocr_par' dir='ltr' id='par_1_75' title="bbox 539 4409 2110 4483">
     <span class='ocr_line' id='line_1_75' title="bbox 539 4409 2110 4483; baseline 0.001 -16"><span class='ocrx_word' id='word_1_539' title='bbox 539 4429 599 4468; x_wconf 85' lang='lat' dir='ltr'><strong>se</strong></span> <span class='ocrx_word' id='word_1_540' title='bbox 629 4415 988 4470; x_wconf 83' lang='lat' dir='ltr'><strong>hortabantur</strong></span> <span class='ocrx_word' id='word_1_541' title='bbox 1022 4412 1188 4483; x_wconf 72' lang='lat'><strong>289</strong></span> <span class='ocrx_word' id='word_1_542' title='bbox 1223 4412 1360 4466; x_wconf 91' lang='lat' dir='ltr'><strong>mori</strong></span> <span class='ocrx_word' id='word_1_543' title='bbox 1391 4409 1608 4466; x_wconf 90' lang='lat' dir='ltr'><strong>fortiter</strong></span> <span class='ocrx_word' id='word_1_544' title='bbox 1640 4411 1711 4476; x_wconf 72' lang='grc'><strong>⁵⁵,</strong></span> <span class='ocrx_word' id='word_1_545' title='bbox 1741 4430 1760 4464; x_wconf 74' lang='grc' dir='ltr'><strong>ι</strong></span> <span class='ocrx_word' id='word_1_546' title='bbox 1799 4412 2008 4480; x_wconf 89' lang='lat' dir='ltr'><strong>hacque</strong></span> <span class='ocrx_word' id='word_1_547' title='bbox 2052 4428 2110 4468; x_wconf 77' lang='lat' dir='ltr'><strong>se</strong></span> 
     </span>
    </p>
   </div>
   <div class='ocr_carea' id='block_1_76' title="bbox 2214 3296 3801 3370">
    <p class='ocr_par' dir='ltr' id='par_1_76' title="bbox 2214 3296 3801 3370">
     <span class='ocr_line' id='line_1_76' title="bbox 2214 3296 3801 3370; baseline 0.003 -22"><span class='ocrx_word' id='word_1_548' title='bbox 2214 3297 2243 3349; x_wconf 86' lang='grc' dir='ltr'>ὁ</span> <span class='ocrx_word' id='word_1_549' title='bbox 2285 3296 2572 3367; x_wconf 86' lang='grc' dir='ltr'>Ἀντίοχος,</span> <span class='ocrx_word' id='word_1_550' title='bbox 2603 3299 3020 3370; x_wconf 73' lang='grc' dir='ltr'>ἠκρωτηρίασεν</span> <span class='ocrx_word' id='word_1_551' title='bbox 3057 3300 3240 3364; x_wconf 80' lang='grc' dir='ltr'>αὐτὸν,</span> <span class='ocrx_word' id='word_1_552' title='bbox 3271 3300 3378 3353; x_wconf 89' lang='grc' dir='ltr'><strong>τῶν</strong></span> <span class='ocrx_word' id='word_1_553' title='bbox 3408 3301 3613 3354; x_wconf 87' lang='grc' dir='ltr'>λοιπῶν</span> <span class='ocrx_word' id='word_1_554' title='bbox 3648 3301 3801 3355; x_wconf 86' lang='grc' dir='ltr'>ἀδελ-</span> 
     </span>
    </p>
   </div>
   <div class='ocr_carea' id='block_1_77' title="bbox 2215 3386 3802 3466">
    <p class='ocr_par' dir='ltr' id='par_1_77' title="bbox 2215 3386 3802 3466">
     <span class='ocr_line' id='line_1_77' title="bbox 2215 3386 3802 3466; baseline 0.005 -27"><span class='ocrx_word' id='word_1_555' title='bbox 2215 3386 2331 3455; x_wconf 89' lang='grc' dir='ltr'><strong>φῶν</strong></span> <span class='ocrx_word' id='word_1_556' title='bbox 2363 3387 2458 3440; x_wconf 72' lang='grc' dir='ltr'><strong>καὶ</strong></span> <span class='ocrx_word' id='word_1_557' title='bbox 2483 3389 2582 3460; x_wconf 80' lang='grc' dir='ltr'><strong>τῆς</strong></span> <span class='ocrx_word' id='word_1_558' title='bbox 2611 3390 2815 3461; x_wconf 80' lang='grc' dir='ltr'>μητρὸς</span> <span class='ocrx_word' id='word_1_559' title='bbox 2844 3390 3210 3463; x_wconf 87' lang='grc' dir='ltr'>συνορώντων,</span> <span class='ocrx_word' id='word_1_560' title='bbox 3231 3395 3298 3464; x_wconf 79' lang='grc' dir='ltr'>τῇ</span> <span class='ocrx_word' id='word_1_561' title='bbox 3324 3392 3422 3466; x_wconf 79' lang='grc' dir='ltr'><strong>θέᾳ</strong></span> <span class='ocrx_word' id='word_1_562' title='bbox 3454 3393 3531 3465; x_wconf 80' lang='grc'><strong>(1)</strong></span> <span class='ocrx_word' id='word_1_563' title='bbox 3554 3392 3802 3457; x_wconf 72' lang='grc' dir='ltr'>κολάζων</span> 
     </span>
    </p>
   </div>
   <div class='ocr_carea' id='block_1_78' title="bbox 2215 3478 3801 3556">
    <p class='ocr_par' dir='ltr' id='par_1_78' title="bbox 2215 3478 3801 3556">
     <span class='ocr_line' id='line_1_78' title="bbox 2215 3478 3801 3556; baseline 0.004 -26"><span class='ocrx_word' id='word_1_564' title='bbox 2215 3478 2342 3540; x_wconf 81' lang='grc' dir='ltr'>τοὺς</span> <span class='ocrx_word' id='word_1_565' title='bbox 2388 3479 2650 3549; x_wconf 83' lang='grc' dir='ltr'>ἀδελφοὺς</span> <span class='ocrx_word' id='word_1_566' title='bbox 2695 3481 2792 3535; x_wconf 63' lang='grc' dir='ltr'><strong>καὶ⁵</strong></span> <span class='ocrx_word' id='word_1_567' title='bbox 2824 3481 2926 3553; x_wconf 79' lang='grc' dir='ltr'>τὴν</span> <span class='ocrx_word' id='word_1_568' title='bbox 2963 3481 3196 3554; x_wconf 88' lang='grc' dir='ltr'>μητέρα,</span> <span class='ocrx_word' id='word_1_569' title='bbox 3246 3485 3341 3538; x_wconf 77' lang='grc' dir='ltr'>καὶ</span> <span class='ocrx_word' id='word_1_570' title='bbox 3396 3485 3649 3556; x_wconf 70' lang='grc' dir='ltr'>οἰόμενος</span> <span class='ocrx_word' id='word_1_571' title='bbox 3698 3483 3801 3554; x_wconf 78' lang='grc' dir='ltr'>τὴν</span> 
     </span>
    </p>
   </div>
   <div class='ocr_carea' id='block_1_79' title="bbox 2215 3567 3803 3648">
    <p class='ocr_par' dir='ltr' id='par_1_79' title="bbox 2215 3567 3803 3648">
     <span class='ocr_line' id='line_1_79' title="bbox 2215 3567 3803 3648; baseline 0.007 -29"><span class='ocrx_word' id='word_1_572' title='bbox 2215 3567 2469 3633; x_wconf 87' lang='grc' dir='ltr'>πρόθεσιν</span> <span class='ocrx_word' id='word_1_573' title='bbox 2494 3568 2671 3623; x_wconf 80' lang='grc' dir='ltr'>αὐτῶν</span> <span class='ocrx_word' id='word_1_574' title='bbox 2687 3569 2774 3624; x_wconf 80' lang='grc' dir='ltr'><strong>διὰ</strong></span> <span class='ocrx_word' id='word_1_575' title='bbox 2805 3571 2912 3626; x_wconf 86' lang='grc' dir='ltr'><strong>τῶν</strong></span> <span class='ocrx_word' id='word_1_576' title='bbox 2945 3572 3115 3637; x_wconf 70' lang='grc' dir='ltr'>οὕτως</span> <span class='ocrx_word' id='word_1_577' title='bbox 3147 3573 3522 3647; x_wconf 78' lang='grc' dir='ltr'>νομιζομένων</span> <span class='ocrx_word' id='word_1_578' title='bbox 3549 3575 3803 3648; x_wconf 82' lang='grc' dir='ltr'>φοϐερῶν</span> 
     </span>
    </p>
   </div>
   <div class='ocr_carea' id='block_1_80' title="bbox 2213 3660 3799 3739">
    <p class='ocr_par' dir='ltr' id='par_1_80' title="bbox 2213 3660 3799 3739">
     <span class='ocr_line' id='line_1_80' title="bbox 2213 3660 3799 3739; baseline 0.005 -28"><span class='ocrx_word' id='word_1_579' title='bbox 2213 3661 2473 3731; x_wconf 84' lang='grc' dir='ltr'>κινήσειν.</span> <span class='ocrx_word' id='word_1_580' title='bbox 2490 3660 2675 3725; x_wconf 79' lang='grc' dir='ltr'>Οὕτως</span> <span class='ocrx_word' id='word_1_581' title='bbox 2692 3661 2756 3733; x_wconf 87' lang='grc' dir='ltr'>δὴ</span> <span class='ocrx_word' id='word_1_582' title='bbox 2773 3664 2800 3715; x_wconf 83' lang='grc' dir='ltr'><strong>ὁ</strong></span> <span class='ocrx_word' id='word_1_583' title='bbox 2827 3663 3115 3734; x_wconf 86' lang='grc' dir='ltr'>Ἀντίοχος,</span> <span class='ocrx_word' id='word_1_584' title='bbox 3144 3664 3355 3729; x_wconf 79' lang='grc' dir='ltr'>τούτοις</span> <span class='ocrx_word' id='word_1_585' title='bbox 3383 3665 3460 3738; x_wconf 81' lang='grc' dir='ltr'>μὴ</span> <span class='ocrx_word' id='word_1_586' title='bbox 3484 3667 3799 3739; x_wconf 74' lang='grc' dir='ltr'>ἀρκεσθεὶς,</span> 
     </span>
    </p>
   </div>
   <div class='ocr_carea' id='block_1_81' title="bbox 2213 3751 3804 3828">
    <p class='ocr_par' dir='ltr' id='par_1_81' title="bbox 2213 3751 3804 3828">
     <span class='ocr_line' id='line_1_81' title="bbox 2213 3751 3804 3828; baseline 0.004 -24"><span class='ocrx_word' id='word_1_587' title='bbox 2213 3751 2483 3822; x_wconf 79' lang='grc' dir='ltr'>ἄχρηστον</span> <span class='ocrx_word' id='word_1_588' title='bbox 2517 3751 2591 3823; x_wconf 73' lang='grc'><strong>(2)</strong></span> <span class='ocrx_word' id='word_1_589' title='bbox 2628 3753 2700 3818; x_wconf 77' lang='grc' dir='ltr'>ὡς</span> <span class='ocrx_word' id='word_1_590' title='bbox 2721 3754 2856 3825; x_wconf 80' lang='grc' dir='ltr'>πρὸς</span> <span class='ocrx_word' id='word_1_591' title='bbox 2881 3755 2983 3826; x_wconf 82' lang='grc' dir='ltr'>τὴν</span> <span class='ocrx_word' id='word_1_592' title='bbox 3013 3755 3107 3809; x_wconf 88' lang='grc' dir='ltr'><strong>τοῦ</strong></span> <span class='ocrx_word' id='word_1_593' title='bbox 3165 3755 3418 3828; x_wconf 84' lang='grc' dir='ltr'>σώματος</span> <span class='ocrx_word' id='word_1_594' title='bbox 3447 3758 3804 3828; x_wconf 78' lang='grc' dir='ltr'>κατασκευὴν</span> 
     </span>
    </p>
   </div>
   <div class='ocr_carea' id='block_1_82' title="bbox 2213 3839 3804 3921">
    <p class='ocr_par' dir='ltr' id='par_1_82' title="bbox 2213 3839 3804 3921">
     <span class='ocr_line' id='line_1_82' title="bbox 2213 3839 3804 3921; baseline 0.006 -26"><span class='ocrx_word' id='word_1_595' title='bbox 2213 3843 2503 3915; x_wconf 88' lang='grc' dir='ltr'>γενόμενον</span> <span class='ocrx_word' id='word_1_596' title='bbox 2537 3844 2603 3898; x_wconf 87' lang='grc' dir='ltr'>δι’</span> <span class='ocrx_word' id='word_1_597' title='bbox 2646 3839 2721 3900; x_wconf 85' lang='grc' dir='ltr'>ὧν</span> <span class='ocrx_word' id='word_1_598' title='bbox 2761 3846 2976 3916; x_wconf 90' lang='grc' dir='ltr'>πρῶτον</span> <span class='ocrx_word' id='word_1_599' title='bbox 3002 3847 3289 3914; x_wconf 75' lang='grc' dir='ltr'>ἐκόλασεν,</span> <span class='ocrx_word' id='word_1_600' title='bbox 3329 3848 3585 3904; x_wconf 75' lang='grc' dir='ltr'>ἐκέλευσε</span> <span class='ocrx_word' id='word_1_601' title='bbox 3629 3854 3696 3921; x_wconf 83' lang='grc' dir='ltr'>τῇ</span> <span class='ocrx_word' id='word_1_602' title='bbox 3741 3853 3804 3905; x_wconf 80' lang='grc' dir='ltr'>ἐν</span> 
     </span>
    </p>
   </div>
   <div class='ocr_carea' id='block_1_83' title="bbox 2212 3937 3804 4013">
    <p class='ocr_par' dir='ltr' id='par_1_83' title="bbox 2212 3937 3804 4013">
     <span class='ocr_line' id='line_1_83' title="bbox 2212 3937 3804 4013; baseline 0.003 -25"><span class='ocrx_word' id='word_1_603' title='bbox 2212 3937 2322 3998; x_wconf 85' lang='grc' dir='ltr'>τοῖς</span> <span class='ocrx_word' id='word_1_604' title='bbox 2375 3937 2629 4006; x_wconf 85' lang='grc' dir='ltr'>τηγάνοις</span> <span class='ocrx_word' id='word_1_605' title='bbox 2695 3937 2791 3991; x_wconf 77' lang='grc' dir='ltr'><strong>καὶ</strong></span> <span class='ocrx_word' id='word_1_606' title='bbox 2852 3940 2964 4000; x_wconf 83' lang='grc' dir='ltr'>τοῖς</span> <span class='ocrx_word' id='word_1_607' title='bbox 3020 3937 3211 4009; x_wconf 84' lang='grc' dir='ltr'>λέϐησι</span> <span class='ocrx_word' id='word_1_608' title='bbox 3267 3942 3420 4011; x_wconf 78' lang='grc' dir='ltr'>πυρᾷ</span> <span class='ocrx_word' id='word_1_609' title='bbox 3489 3941 3804 4013; x_wconf 80' lang='grc' dir='ltr'>προσάγειν</span> 
     </span>
    </p>
   </div>
   <div class='ocr_carea' id='block_1_84' title="bbox 2212 4027 3804 4104">
    <p class='ocr_par' dir='ltr' id='par_1_84' title="bbox 2212 4027 3804 4104">
     <span class='ocr_line' id='line_1_84' title="bbox 2212 4027 3804 4104; baseline 0.005 -26"><span class='ocrx_word' id='word_1_610' title='bbox 2212 4027 2468 4097; x_wconf 76' lang='grc' dir='ltr'>ἔμπνουν,</span> <span class='ocrx_word' id='word_1_611' title='bbox 2497 4027 2592 4081; x_wconf 77' lang='grc' dir='ltr'>καὶ</span> <span class='ocrx_word' id='word_1_612' title='bbox 2627 4027 2936 4098; x_wconf 78' lang='grc' dir='ltr'>τηγανίςειν</span> <span class='ocrx_word' id='word_1_613' title='bbox 2968 4029 3148 4083; x_wconf 85' lang='grc' dir='ltr'>αὐτόν.</span> <span class='ocrx_word' id='word_1_614' title='bbox 3194 4029 3280 4093; x_wconf 84' lang='grc' dir='ltr'>Ὠς</span> <span class='ocrx_word' id='word_1_615' title='bbox 3304 4031 3362 4084; x_wconf 87' lang='grc' dir='ltr'>δὲ</span> <span class='ocrx_word' id='word_1_616' title='bbox 3401 4033 3436 4102; x_wconf 75' lang='grc' dir='ltr'>ἡ</span> <span class='ocrx_word' id='word_1_617' title='bbox 3480 4032 3644 4104; x_wconf 77' lang='grc' dir='ltr'>ἀτμὶς</span> <span class='ocrx_word' id='word_1_618' title='bbox 3668 4034 3804 4086; x_wconf 86' lang='grc' dir='ltr'>ἀνε-</span> 
     </span>
    </p>
   </div>
   <div class='ocr_carea' id='block_1_85' title="bbox 2211 4119 3805 4194">
    <p class='ocr_par' dir='ltr' id='par_1_85' title="bbox 2211 4119 3805 4194">
     <span class='ocr_line' id='line_1_85' title="bbox 2211 4119 3805 4194; baseline 0.003 -22"><span class='ocrx_word' id='word_1_619' title='bbox 2211 4119 2400 4185; x_wconf 87' lang='grc' dir='ltr'>δίδοτο,</span> <span class='ocrx_word' id='word_1_620' title='bbox 2438 4120 2546 4174; x_wconf 76' lang='grc' dir='ltr'><strong>ὑπὸ</strong></span> <span class='ocrx_word' id='word_1_621' title='bbox 2578 4122 2676 4192; x_wconf 83' lang='grc' dir='ltr'><strong>τῆς</strong></span> <span class='ocrx_word' id='word_1_622' title='bbox 2715 4121 2995 4192; x_wconf 79' lang='grc' dir='ltr'>ὠμότητος</span> <span class='ocrx_word' id='word_1_623' title='bbox 3034 4121 3128 4175; x_wconf 86' lang='grc' dir='ltr'><strong>τοῦ</strong></span> <span class='ocrx_word' id='word_1_624' title='bbox 3167 4123 3434 4194; x_wconf 87' lang='grc' dir='ltr'>τυράννου</span> <span class='ocrx_word' id='word_1_625' title='bbox 3461 4124 3805 4194; x_wconf 85' lang='grc' dir='ltr'>ὀπτωμένων</span> 
     </span>
    </p>
   </div>
   <div class='ocr_carea' id='block_1_86' title="bbox 2211 4214 3805 4289">
    <p class='ocr_par' dir='ltr' id='par_1_86' title="bbox 2211 4214 3805 4289">
     <span class='ocr_line' id='line_1_86' title="bbox 2211 4214 3805 4289; baseline 0.003 -22"><span class='ocrx_word' id='word_1_626' title='bbox 2211 4214 2317 4268; x_wconf 89' lang='grc' dir='ltr'><strong>τῶν</strong></span> <span class='ocrx_word' id='word_1_627' title='bbox 2347 4214 2441 4268; x_wconf 89' lang='grc' dir='ltr'><strong>τοῦ</strong></span> <span class='ocrx_word' id='word_1_628' title='bbox 2458 4215 2835 4284; x_wconf 83' lang='grc' dir='ltr'>γενναιοτάτου</span> <span class='ocrx_word' id='word_1_629' title='bbox 2855 4214 3085 4287; x_wconf 81' lang='grc' dir='ltr'>ἀθλητοῦ</span> <span class='ocrx_word' id='word_1_630' title='bbox 3119 4215 3218 4286; x_wconf 80' lang='grc' dir='ltr'>τῆς</span> <span class='ocrx_word' id='word_1_631' title='bbox 3239 4215 3522 4280; x_wconf 85' lang='grc' dir='ltr'>εὐσεϐείας</span> <span class='ocrx_word' id='word_1_632' title='bbox 3551 4218 3805 4289; x_wconf 84' lang='grc' dir='ltr'>σαρκῶν,</span> 
     </span>
    </p>
   </div>
   <div class='ocr_carea' id='block_1_87' title="bbox 2217 4307 3808 4381">
    <p class='ocr_par' dir='ltr' id='par_1_87' title="bbox 2217 4307 3808 4381">
     <span class='ocr_line' id='line_1_87' title="bbox 2217 4307 3808 4381; baseline 0.003 -21"><span class='ocrx_word' id='word_1_633' title='bbox 2217 4326 2236 4359; x_wconf 86' lang='grc'><strong>‹</strong></span> <span class='ocrx_word' id='word_1_634' title='bbox 2268 4309 2317 4360; x_wconf 90' lang='grc' dir='ltr'><strong>οί</strong></span> <span class='ocrx_word' id='word_1_635' title='bbox 2350 4307 2528 4362; x_wconf 69' lang='grc' dir='ltr'>λοιποὶ</span> <span class='ocrx_word' id='word_1_636' title='bbox 2573 4308 2912 4380; x_wconf 86' lang='grc' dir='ltr'>παρεκάλουν</span> <span class='ocrx_word' id='word_1_637' title='bbox 2951 4307 3208 4378; x_wconf 83' lang='grc' dir='ltr'>ἀλλήλους</span> <span class='ocrx_word' id='word_1_638' title='bbox 3242 4310 3338 4362; x_wconf 81' lang='grc' dir='ltr'><strong>σὺν</strong></span> <span class='ocrx_word' id='word_1_639' title='bbox 3361 4310 3428 4380; x_wconf 83' lang='grc' dir='ltr'>τῇ</span> <span class='ocrx_word' id='word_1_640' title='bbox 3471 4309 3641 4381; x_wconf 74' lang='grc' dir='ltr'>μητρὶ</span> <span class='ocrx_word' id='word_1_641' title='bbox 3669 4327 3808 4379; x_wconf 85' lang='grc' dir='ltr'>γεν-</span> 
     </span>
    </p>
   </div>
   <div class='ocr_carea' id='block_1_88' title="bbox 2213 4399 3811 4474">
    <p class='ocr_par' dir='ltr' id='par_1_88' title="bbox 2213 4399 3811 4474">
     <span class='ocr_line' id='line_1_88' title="bbox 2213 4399 3811 4474; baseline 0.003 -22"><span class='ocrx_word' id='word_1_642' title='bbox 2213 4399 2376 4464; x_wconf 88' lang='grc' dir='ltr'>ναίως</span> <span class='ocrx_word' id='word_1_643' title='bbox 2419 4399 2706 4472; x_wconf 81' lang='grc' dir='ltr'>τελευτᾷν,</span> <span class='ocrx_word' id='word_1_644' title='bbox 2742 4420 2760 4452; x_wconf 78' lang='grc' dir='ltr'><strong>ι</strong></span> <span class='ocrx_word' id='word_1_645' title='bbox 2800 4399 3283 4472; x_wconf 88' lang='grc' dir='ltr'>παραμυθούμενοι</span> <span class='ocrx_word' id='word_1_646' title='bbox 3321 4402 3552 4466; x_wconf 80' lang='grc' dir='ltr'>ἑαυτοὺς</span> <span class='ocrx_word' id='word_1_647' title='bbox 3600 4402 3682 4474; x_wconf 80' lang='grc' dir='ltr'><strong>τῷ</strong></span> <span class='ocrx_word' id='word_1_648' title='bbox 3713 4403 3811 4456; x_wconf 79' lang='grc' dir='ltr'>λο-</span> 
     </span>
    </p>
   </div>
   <div class='ocr_carea' id='block_1_89' title="bbox 537 4490 2111 4583">
    <p class='ocr_par' dir='ltr' id='par_1_89' title="bbox 537 4501 2108 4574">
     <span class='ocr_line' id='line_1_89' title="bbox 537 4501 2108 4574; baseline -0.004 -14"><span class='ocrx_word' id='word_1_649' title='bbox 537 4506 866 4574; x_wconf 86' lang='lat' dir='ltr'><strong>cogitatioue</strong></span> <span class='ocrx_word' id='word_1_650' title='bbox 893 4504 1232 4569; x_wconf 86' lang='lat' dir='ltr'><strong>solabantur,</strong></span> <span class='ocrx_word' id='word_1_651' title='bbox 1270 4501 1438 4558; x_wconf 89' lang='lat' dir='ltr'><strong>Deum</strong></span> <span class='ocrx_word' id='word_1_652' title='bbox 1464 4501 1578 4555; x_wconf 65' lang='lat' dir='ltr'><strong>haec</strong></span> <span class='ocrx_word' id='word_1_653' title='bbox 1599 4501 1784 4557; x_wconf 87' lang='lat' dir='ltr'><strong>videre</strong></span> <span class='ocrx_word' id='word_1_654' title='bbox 1815 4516 1830 4554; x_wconf 90' lang='lat'><strong>:</strong></span> <span class='ocrx_word' id='word_1_655' title='bbox 1857 4502 1936 4556; x_wconf 89' lang='lat' dir='ltr'><strong>eis</strong></span> <span class='ocrx_word' id='word_1_656' title='bbox 1963 4505 2108 4557; x_wconf 90' lang='lat' dir='ltr'><strong>enim</strong></span> 
     </span>
    </p>
   </div>
   <div class='ocr_carea' id='block_1_90' title="bbox 2222 4490 3808 4583">
    <p class='ocr_par' dir='ltr' id='par_1_90' title="bbox 2222 4490 3808 4567">
     <span class='ocr_line' id='line_1_90' title="bbox 2222 4490 3808 4567; baseline 0.004 -26"><span class='ocrx_word' id='word_1_657' title='bbox 2222 4490 2399 4560; x_wconf 82' lang='grc' dir='ltr'>γισμῷ</span> <span class='ocrx_word' id='word_1_658' title='bbox 2420 4492 2512 4544; x_wconf 90' lang='grc' dir='ltr'><strong>τοῦ</strong></span> <span class='ocrx_word' id='word_1_659' title='bbox 2536 4493 2737 4564; x_wconf 80' lang='grc' dir='ltr'>έφορᾷν</span> <span class='ocrx_word' id='word_1_660' title='bbox 2773 4492 2945 4548; x_wconf 88' lang='grc' dir='ltr'>ταῦτα</span> <span class='ocrx_word' id='word_1_661' title='bbox 2975 4493 3066 4548; x_wconf 77' lang='grc' dir='ltr'><strong>τὸν</strong></span> <span class='ocrx_word' id='word_1_662' title='bbox 3099 4493 3248 4547; x_wconf 87' lang='grc' dir='ltr'>Θεόν·</span> <span class='ocrx_word' id='word_1_663' title='bbox 3279 4495 3441 4566; x_wconf 69' lang='grc' dir='ltr'>ἢρκει</span> <span class='ocrx_word' id='word_1_664' title='bbox 3465 4495 3571 4567; x_wconf 85' lang='grc' dir='ltr'><strong>γάρ</strong></span> <span class='ocrx_word' id='word_1_665' title='bbox 3605 4497 3808 4560; x_wconf 80' lang='grc' dir='ltr'>αὐτοῖς</span> 
     </span>
    </p>
   </div>
   <div class='ocr_carea' id='block_1_91' title="bbox 538 4591 2109 4666">
    <p class='ocr_par' dir='ltr' id='par_1_91' title="bbox 538 4591 2109 4666">
     <span class='ocr_line' id='line_1_91' title="bbox 538 4591 2109 4666; baseline -0.003 -16"><span class='ocrx_word' id='word_1_666' title='bbox 538 4598 603 4651; x_wconf 88' lang='lat' dir='ltr'><strong>ad</strong></span> <span class='ocrx_word' id='word_1_667' title='bbox 623 4599 936 4666; x_wconf 86' lang='lat' dir='ltr'><strong>patientiam</strong></span> <span class='ocrx_word' id='word_1_668' title='bbox 967 4599 1102 4652; x_wconf 91' lang='lat' dir='ltr'><strong>satis</strong></span> <span class='ocrx_word' id='word_1_669' title='bbox 1125 4605 1243 4650; x_wconf 89' lang='lat' dir='ltr'><strong>erat</strong></span> <span class='ocrx_word' id='word_1_670' title='bbox 1269 4596 1385 4650; x_wconf 69' lang='lat' dir='ltr'><strong>hzec</strong></span> <span class='ocrx_word' id='word_1_671' title='bbox 1416 4593 1723 4663; x_wconf 89' lang='lat' dir='ltr'><strong>persuasio,</strong></span> <span class='ocrx_word' id='word_1_672' title='bbox 1750 4591 1990 4646; x_wconf 90' lang='lat' dir='ltr'><strong>divinum</strong></span> <span class='ocrx_word' id='word_1_673' title='bbox 2017 4609 2109 4662; x_wconf 83' lang='lat' dir='ltr'><strong>pa-</strong></span> 
     </span>
    </p>
   </div>
   <div class='ocr_carea' id='block_1_92' title="bbox 540 4686 2108 4751">
    <p class='ocr_par' dir='ltr' id='par_1_92' title="bbox 540 4686 2108 4751">
     <span class='ocr_line' id='line_1_92' title="bbox 540 4686 2108 4751; baseline -0.001 -9"><span class='ocrx_word' id='word_1_674' title='bbox 540 4692 799 4751; x_wconf 77' lang='lat' dir='ltr'><strong>tientibus</strong></span> <span class='ocrx_word' id='word_1_675' title='bbox 843 4689 1038 4745; x_wconf 89' lang='lat' dir='ltr'><strong>adesse</strong></span> <span class='ocrx_word' id='word_1_676' title='bbox 1069 4689 1312 4746; x_wconf 87' lang='lat' dir='ltr'><strong>oculum.</strong></span> <span class='ocrx_word' id='word_1_677' title='bbox 1367 4687 1430 4742; x_wconf 87' lang='lat' dir='ltr'><strong>Et</strong></span> <span class='ocrx_word' id='word_1_678' title='bbox 1488 4702 1620 4740; x_wconf 90' lang='lat' dir='ltr'><strong>sane</strong></span> <span class='ocrx_word' id='word_1_679' title='bbox 1668 4686 1987 4740; x_wconf 85' lang='lat' dir='ltr'><strong>consolatur</strong></span> <span class='ocrx_word' id='word_1_680' title='bbox 2015 4702 2108 4740; x_wconf 85' lang='lat' dir='ltr'><strong>eos</strong></span> 
     </span>
    </p>
   </div>
   <div class='ocr_carea' id='block_1_93' title="bbox 605 4851 1252 4918">
    <p class='ocr_par' dir='ltr' id='par_1_93' title="bbox 605 4851 1252 4918">
     <span class='ocr_line' id='line_1_93' title="bbox 605 4851 1252 4918; baseline -0.005 -11"><span class='ocrx_word' id='word_1_681' title='bbox 605 4856 648 4886; x_wconf 80' lang='grc'><strong>⁵⁵</strong></span> <span class='ocrx_word' id='word_1_682' title='bbox 676 4853 717 4907; x_wconf 84' lang='lat' dir='ltr'><strong>li</strong></span> <span class='ocrx_word' id='word_1_683' title='bbox 747 4854 921 4908; x_wconf 76' lang='lat' dir='ltr'><strong>Much.</strong></span> <span class='ocrx_word' id='word_1_684' title='bbox 955 4868 1030 4918; x_wconf 78' lang='lat' dir='ltr'><strong>vr,</strong></span> <span class='ocrx_word' id='word_1_685' title='bbox 1062 4851 1252 4908; x_wconf 68' lang='lat'><strong>19-28.</strong></span> 
     </span>
    </p>
   </div>
   <div class='ocr_carea' id='block_1_94' title="bbox 609 5010 2110 5088">
    <p class='ocr_par' dir='ltr' id='par_1_94' title="bbox 609 5010 2110 5088">
     <span class='ocr_line' id='line_1_94' title="bbox 609 5010 2110 5088; baseline -0.001 -17"><span class='ocrx_word' id='word_1_686' title='bbox 609 5016 720 5088; x_wconf 86' lang='lat'><strong>(96)</strong></span> <span class='ocrx_word' id='word_1_687' title='bbox 773 5015 1111 5085; x_wconf 80' lang='grc' dir='ltr'>Ἐλιεζέρου,</span> <span class='ocrx_word' id='word_1_688' title='bbox 1140 5025 1247 5072; x_wconf 91' lang='lat' dir='ltr'><strong>etc.</strong></span> <span class='ocrx_word' id='word_1_689' title='bbox 1281 5015 1446 5086; x_wconf 88' lang='lat' dir='ltr'><strong>Lego,</strong></span> <span class='ocrx_word' id='word_1_690' title='bbox 1492 5011 1810 5087; x_wconf 80' lang='grc' dir='ltr'>Ἐλεαζάρου</span> <span class='ocrx_word' id='word_1_691' title='bbox 1840 5010 1929 5085; x_wconf 82' lang='grc' dir='ltr'>ἦν,</span> <span class='ocrx_word' id='word_1_692' title='bbox 1955 5015 2012 5080; x_wconf 81' lang='grc' dir='ltr'>ὃς</span> <span class='ocrx_word' id='word_1_693' title='bbox 2050 5018 2110 5070; x_wconf 81' lang='grc' dir='ltr'><strong>ού</strong></span> 
     </span>
    </p>
   </div>
   <div class='ocr_carea' id='block_1_95' title="bbox 612 5104 718 5141">
    <p class='ocr_par' dir='ltr' id='par_1_95' title="bbox 612 5104 718 5141">
     <span class='ocr_line' id='line_1_95' title="bbox 612 5104 718 5141; baseline -0.019 0"><span class='ocrx_word' id='word_1_694' title='bbox 612 5104 718 5141; x_wconf 84' lang='grc' dir='ltr'>νον.</span> 
     </span>
    </p>
   </div>
   <div class='ocr_carea' id='block_1_96' title="bbox 539 5089 2117 5283">
    <p class='ocr_par' dir='ltr' id='par_1_96' title="bbox 539 5089 2117 5283">
     <span class='ocr_line' id='line_1_96' title="bbox 539 5089 2117 5283; baseline -0.011 -67"><span class='ocrx_word' id='word_1_695' title='bbox 764 5155 1100 5223; x_wconf 77' lang='grc' dir='ltr'>Πλείστοις.</span> <span class='ocrx_word' id='word_1_696' title='bbox 1128 5157 1226 5213; x_wconf 84' lang='lat' dir='ltr'><strong>Ms.</strong></span> <span class='ocrx_word' id='word_1_697' title='bbox 1252 5160 1423 5212; x_wconf 86' lang='lat' dir='ltr'><strong>codex</strong></span> <span class='ocrx_word' id='word_1_698' title='bbox 1456 5158 1642 5220; x_wconf 88' lang='lat' dir='ltr'><strong>habet,</strong></span> <span class='ocrx_word' id='word_1_699' title='bbox 1669 5155 1948 5220; x_wconf 83' lang='grc' dir='ltr'>πλάστοις,</span> <span class='ocrx_word' id='word_1_700' title='bbox 1969 5171 2117 5210; x_wconf 90' lang='lat' dir='ltr'><strong>men.</strong></span> 
     </span>
     <span class='ocr_line' id='line_1_97' title="bbox 575 5243 2038 5282; baseline -0.019 0"><span class='ocrx_word' id='word_1_701' title='bbox 575 5243 687 5282; x_wconf 89' lang='lat' dir='ltr'><strong>ose.</strong></span> <span class='ocrx_word' id='word_1_702' title='bbox 2034 5274 2038 5279; x_wconf 27' lang='grc'><strong><em>1</em></strong></span> 
     </span>
    </p>
   </div>
   <div class='ocr_carea' id='block_1_97' title="bbox 575 5243 2038 5282">
    <p class='ocr_par' dir='ltr' id='par_1_97' title="bbox 575 5243 2038 5282">
     <span class='ocr_line' id='line_1_98' title="bbox 575 5243 2038 5282; baseline -0.002 0"><span class='ocrx_word' id='word_1_703' title='bbox 575 5243 687 5282; x_wconf 72' lang='lat'><strong>036.</strong></span> <span class='ocrx_word' id='word_1_704' title='bbox 2034 5274 2038 5279; x_wconf 90' lang='lat'><strong>.</strong></span> 
     </span>
    </p>
   </div>
   <div class='ocr_carea' id='block_1_98' title="bbox 609 5295 2108 5368">
    <p class='ocr_par' dir='ltr' id='par_1_98' title="bbox 609 5295 2108 5368">
     <span class='ocr_line' id='line_1_99' title="bbox 609 5295 2108 5368; baseline 0 -18"><span class='ocrx_word' id='word_1_705' title='bbox 609 5297 720 5368; x_wconf 84' lang='lat'><strong>(98)</strong></span> <span class='ocrx_word' id='word_1_706' title='bbox 743 5300 821 5351; x_wconf 73' lang='lat'><strong>~02</strong></span> <span class='ocrx_word' id='word_1_707' title='bbox 853 5296 1002 5368; x_wconf 75' lang='grc' dir='ltr'>ἑπτὰ</span> <span class='ocrx_word' id='word_1_708' title='bbox 1022 5297 1090 5350; x_wconf 69' lang='grc' dir='ltr'>ἐν</span> <span class='ocrx_word' id='word_1_709' title='bbox 1111 5295 1234 5363; x_wconf 83' lang='grc' dir='ltr'>τοῖς</span> <span class='ocrx_word' id='word_1_710' title='bbox 1257 5297 1711 5368; x_wconf 16' lang='grc' dir='ltr'>νγῌακκαϐίιῖκοῖς</span> <span class='ocrx_word' id='word_1_711' title='bbox 1734 5297 2108 5366; x_wconf 60' lang='grc' dir='ltr'>ἀναγραφέν-</span> 
     </span>
    </p>
   </div>
   <div class='ocr_carea' id='block_1_99' title="bbox 534 5366 2102 5437">
    <p class='ocr_par' dir='ltr' id='par_1_99' title="bbox 534 5366 2102 5437">
     <span class='ocr_line' id='line_1_100' title="bbox 534 5366 2102 5437; baseline 0 -16"><span class='ocrx_word' id='word_1_712' title='bbox 534 5366 633 5434; x_wconf 62' lang='lat' dir='ltr'><strong>rec}</strong></span> <span class='ocrx_word' id='word_1_713' title='bbox 655 5366 926 5437; x_wconf 65' lang='grc' dir='ltr'>ἀδελφοί.</span> <span class='ocrx_word' id='word_1_714' title='bbox 957 5367 1224 5423; x_wconf 88' lang='lat' dir='ltr'><strong>Observat</strong></span> <span class='ocrx_word' id='word_1_715' title='bbox 1251 5366 1585 5423; x_wconf 85' lang='lat' dir='ltr'><strong>Wetstenius</strong></span> <span class='ocrx_word' id='word_1_716' title='bbox 1654 5370 1793 5424; x_wconf 84' lang='lat' dir='ltr'><strong>hanc</strong></span> <span class='ocrx_word' id='word_1_717' title='bbox 1821 5370 2102 5423; x_wconf 80' lang='lat' dir='ltr'><strong>historiam</strong></span> 
     </span>
    </p>
   </div>
   <div class='ocr_carea' id='block_1_100' title="bbox 539 5437 2103 5509">
    <p class='ocr_par' dir='ltr' id='par_1_100' title="bbox 539 5437 2103 5509">
     <span class='ocr_line' id='line_1_101' title="bbox 539 5437 2103 5509; baseline 0.001 -19"><span class='ocrx_word' id='word_1_718' title='bbox 539 5439 782 5509; x_wconf 86' lang='lat' dir='ltr'><strong>martyrii</strong></span> <span class='ocrx_word' id='word_1_719' title='bbox 809 5447 1011 5508; x_wconf 83' lang='lat' dir='ltr'><strong>septem</strong></span> <span class='ocrx_word' id='word_1_720' title='bbox 1047 5438 1275 5509; x_wconf 70' lang='lat' dir='ltr'><strong>fratrum</strong></span> <span class='ocrx_word' id='word_1_721' title='bbox 1317 5438 1748 5509; x_wconf 69' lang='lat' dir='ltr'><strong>Machabreorum</strong></span> <span class='ocrx_word' id='word_1_722' title='bbox 1783 5437 1984 5509; x_wconf 87' lang='lat' dir='ltr'><strong>ubique</strong></span> <span class='ocrx_word' id='word_1_723' title='bbox 2008 5439 2103 5509; x_wconf 77' lang='lat' dir='ltr'><strong>de~</strong></span> 
     </span>
    </p>
   </div>
   <div class='ocr_carea' id='block_1_101' title="bbox 537 5507 2101 5575">
    <p class='ocr_par' dir='ltr' id='par_1_101' title="bbox 537 5507 2101 5575">
     <span class='ocr_line' id='line_1_102' title="bbox 537 5507 2101 5575; baseline -0.002 -14"><span class='ocrx_word' id='word_1_724' title='bbox 537 5507 744 5561; x_wconf 70' lang='lat' dir='ltr'><strong>carnari</strong></span> <span class='ocrx_word' id='word_1_725' title='bbox 774 5523 802 5560; x_wconf 87' lang='lat' dir='ltr'><strong>a</strong></span> <span class='ocrx_word' id='word_1_726' title='bbox 836 5507 1040 5562; x_wconf 82' lang='lat' dir='ltr'><strong>sanctis</strong></span> <span class='ocrx_word' id='word_1_727' title='bbox 1069 5507 1324 5562; x_wconf 81' lang='lat' dir='ltr'><strong>Patribus</strong></span> <span class='ocrx_word' id='word_1_728' title='bbox 1349 5526 1364 5562; x_wconf 90' lang='lat'><strong>:</strong></span> <span class='ocrx_word' id='word_1_729' title='bbox 1398 5507 1694 5563; x_wconf 83' lang='lat' dir='ltr'><strong>Prudentio</strong></span> <span class='ocrx_word' id='word_1_730' title='bbox 1721 5507 2101 5575; x_wconf 67' lang='grc' dir='ltr'>Περὶστεεριίο</span> 
     </span>
    </p>
   </div>
   <div class='ocr_carea' id='block_1_102' title="bbox 534 5577 2102 5649">
    <p class='ocr_par' dir='ltr' id='par_1_102' title="bbox 534 5577 2102 5649">
     <span class='ocr_line' id='line_1_103' title="bbox 534 5577 2102 5649; baseline 0.001 -21"><span class='ocrx_word' id='word_1_731' title='bbox 534 5593 659 5649; x_wconf 66' lang='grc' dir='ltr'>νων</span> <span class='ocrx_word' id='word_1_732' title='bbox 689 5579 889 5649; x_wconf 88' lang='lat' dir='ltr'><strong>hymno</strong></span> <span class='ocrx_word' id='word_1_733' title='bbox 910 5579 1003 5642; x_wconf 71' lang='lat'><strong>10;</strong></span> <span class='ocrx_word' id='word_1_734' title='bbox 1031 5577 1201 5632; x_wconf 78' lang='lat' dir='ltr'><strong>Mario</strong></span> <span class='ocrx_word' id='word_1_735' title='bbox 1233 5579 1774 5649; x_wconf 85' lang='lat' dir='ltr'><strong>Victorinorhctor.;</strong></span> <span class='ocrx_word' id='word_1_736' title='bbox 1801 5580 2102 5645; x_wconf 84' lang='lat' dir='ltr'><strong>Augustino</strong></span> 
     </span>
    </p>
   </div>
   <div class='ocr_carea' id='block_1_103' title="bbox 536 5647 2102 5719">
    <p class='ocr_par' dir='ltr' id='par_1_103' title="bbox 536 5647 2102 5719">
     <span class='ocr_line' id='line_1_104' title="bbox 536 5647 2102 5719; baseline -0.001 -20"><span class='ocrx_word' id='word_1_737' title='bbox 536 5647 630 5719; x_wconf 85' lang='lat' dir='ltr'><strong>lib.</strong></span> <span class='ocrx_word' id='word_1_738' title='bbox 669 5647 798 5703; x_wconf 73' lang='lat' dir='ltr'><strong>xvttt</strong></span> <span class='ocrx_word' id='word_1_739' title='bbox 828 5648 904 5702; x_wconf 86' lang='lat' dir='ltr'><strong>De</strong></span> <span class='ocrx_word' id='word_1_740' title='bbox 941 5650 1081 5703; x_wconf 77' lang='lat' dir='ltr'><strong>civit.</strong></span> <span class='ocrx_word' id='word_1_741' title='bbox 1131 5649 1247 5714; x_wconf 80' lang='lat' dir='ltr'><strong>Dei,</strong></span> <span class='ocrx_word' id='word_1_742' title='bbox 1287 5664 1338 5702; x_wconf 90' lang='lat' dir='ltr'><strong>c.</strong></span> <span class='ocrx_word' id='word_1_743' title='bbox 1365 5649 1433 5702; x_wconf 82' lang='grc'><strong>56</strong></span> <span class='ocrx_word' id='word_1_744' title='bbox 1462 5666 1474 5711; x_wconf 87' lang='grc'>;</span> <span class='ocrx_word' id='word_1_745' title='bbox 1507 5648 1895 5719; x_wconf 84' lang='lat' dir='ltr'><strong>Chrysostotno</strong></span> <span class='ocrx_word' id='word_1_746' title='bbox 1929 5649 2102 5719; x_wconf 72' lang='lat' dir='ltr'><strong>tribus</strong></span> 
     </span>
    </p>
   </div>
   <div class='ocr_carea' id='block_1_104' title="bbox 537 5717 2096 5789">
    <p class='ocr_par' dir='ltr' id='par_1_104' title="bbox 537 5717 2096 5789">
     <span class='ocr_line' id='line_1_105' title="bbox 537 5717 2096 5789; baseline 0 -20"><span class='ocrx_word' id='word_1_747' title='bbox 537 5717 776 5772; x_wconf 85' lang='lat' dir='ltr'><strong>huutiliis</strong></span> <span class='ocrx_word' id='word_1_748' title='bbox 799 5735 813 5783; x_wconf 87' lang='lat'><strong>;</strong></span> <span class='ocrx_word' id='word_1_749' title='bbox 835 5721 1023 5789; x_wconf 86' lang='lat' dir='ltr'><strong>Cyrill.</strong></span> <span class='ocrx_word' id='word_1_750' title='bbox 1042 5719 1306 5773; x_wconf 81' lang='lat' dir='ltr'><strong>Alexand.</strong></span> <span class='ocrx_word' id='word_1_751' title='bbox 1329 5717 1699 5789; x_wconf 47' lang='lat' dir='ltr'><strong>Contnteiiliin</strong></span> <span class='ocrx_word' id='word_1_752' title='bbox 1726 5717 1864 5789; x_wconf 72' lang='lat' dir='ltr'><strong>J_oel,</strong></span> <span class='ocrx_word' id='word_1_753' title='bbox 1891 5732 1944 5784; x_wconf 91' lang='lat' dir='ltr'><strong>p.</strong></span> <span class='ocrx_word' id='word_1_754' title='bbox 1971 5717 2096 5789; x_wconf 71' lang='lat' dir='ltr'><strong>2M,</strong></span> 
     </span>
    </p>
   </div>
   <div class='ocr_carea' id='block_1_105' title="bbox 537 5783 2096 5861">
    <p class='ocr_par' dir='ltr' id='par_1_105' title="bbox 537 5783 2096 5861">
     <span class='ocr_line' id='line_1_106' title="bbox 537 5783 2096 5861; baseline -0.001 -19"><span class='ocrx_word' id='word_1_755' title='bbox 537 5789 702 5845; x_wconf 83' lang='lat' dir='ltr'><strong>Suida</strong></span> <span class='ocrx_word' id='word_1_756' title='bbox 733 5789 788 5845; x_wconf 86' lang='lat' dir='ltr'><strong>in</strong></span> <span class='ocrx_word' id='word_1_757' title='bbox 841 5783 1140 5861; x_wconf 78' lang='grc' dir='ltr'>’Ᾱντίοχος;</span> <span class='ocrx_word' id='word_1_758' title='bbox 1171 5789 1413 5859; x_wconf 86' lang='lat' dir='ltr'><strong>Sulpicio</strong></span> <span class='ocrx_word' id='word_1_759' title='bbox 1441 5786 1639 5842; x_wconf 88' lang='lat' dir='ltr'><strong>Severo</strong></span> <span class='ocrx_word' id='word_1_760' title='bbox 1661 5786 1719 5841; x_wconf 91' lang='lat' dir='ltr'><strong>S.</strong></span> <span class='ocrx_word' id='word_1_761' title='bbox 1744 5783 1973 5852; x_wconf 64' lang='lat' dir='ltr'><strong>&quot;istan,</strong></span> <span class='ocrx_word' id='word_1_762' title='bbox 2004 5787 2096 5840; x_wconf 89' lang='lat' dir='ltr'><strong>lib.</strong></span> 
     </span>
    </p>
   </div>
   <div class='ocr_carea' id='block_1_106' title="bbox 2216 4581 3812 4656">
    <p class='ocr_par' dir='ltr' id='par_1_106' title="bbox 2216 4581 3812 4656">
     <span class='ocr_line' id='line_1_107' title="bbox 2216 4581 3812 4656; baseline 0.004 -24"><span class='ocrx_word' id='word_1_763' title='bbox 2216 4582 2297 4644; x_wconf 84' lang='grc' dir='ltr'><strong>εἰς</strong></span> <span class='ocrx_word' id='word_1_764' title='bbox 2328 4581 2603 4652; x_wconf 82' lang='grc' dir='ltr'>ὑπομονὴν</span> <span class='ocrx_word' id='word_1_765' title='bbox 2643 4584 2675 4652; x_wconf 84' lang='grc' dir='ltr'><strong>ἡ</strong></span> <span class='ocrx_word' id='word_1_766' title='bbox 2711 4582 2880 4636; x_wconf 90' lang='grc' dir='ltr'>πειθὼ</span> <span class='ocrx_word' id='word_1_767' title='bbox 2910 4583 3002 4636; x_wconf 90' lang='grc' dir='ltr'><strong>τοῦ</strong></span> <span class='ocrx_word' id='word_1_768' title='bbox 3034 4586 3285 4656; x_wconf 85' lang='grc' dir='ltr'>παρεῖναι</span> <span class='ocrx_word' id='word_1_769' title='bbox 3319 4587 3432 4648; x_wconf 87' lang='grc' dir='ltr'>τοῖς</span> <span class='ocrx_word' id='word_1_770' title='bbox 3462 4585 3812 4656; x_wconf 77' lang='grc' dir='ltr'>ὑπομένουσι</span> 
     </span>
    </p>
   </div>
   <div class='ocr_carea' id='block_1_107' title="bbox 2215 4669 3816 4746">
    <p class='ocr_par' dir='ltr' id='par_1_107' title="bbox 2215 4669 3816 4746">
     <span class='ocr_line' id='line_1_108' title="bbox 2215 4669 3816 4746; baseline 0.005 -24"><span class='ocrx_word' id='word_1_771' title='bbox 2215 4669 2306 4724; x_wconf 84' lang='grc' dir='ltr'><strong>τὸν</strong></span> <span class='ocrx_word' id='word_1_772' title='bbox 2346 4669 2441 4724; x_wconf 91' lang='grc' dir='ltr'><strong>τοῦ</strong></span> <span class='ocrx_word' id='word_1_773' title='bbox 2480 4672 2615 4725; x_wconf 78' lang='grc' dir='ltr'>Θεοῦ</span> <span class='ocrx_word' id='word_1_774' title='bbox 2649 4672 2940 4744; x_wconf 87' lang='grc' dir='ltr'>ὀφθαλμόν.</span> <span class='ocrx_word' id='word_1_775' title='bbox 2995 4676 3104 4728; x_wconf 76' lang='grc' dir='ltr'><strong>Καὶ</strong></span> <span class='ocrx_word' id='word_1_776' title='bbox 3156 4675 3463 4746; x_wconf 88' lang='grc' dir='ltr'>παρακαλεί</span> <span class='ocrx_word' id='word_1_777' title='bbox 3520 4676 3733 4740; x_wconf 77' lang='grc' dir='ltr'>αὐτοὺς</span> <span class='ocrx_word' id='word_1_778' title='bbox 3784 4678 3816 4730; x_wconf 77' lang='grc' dir='ltr'>ὁ</span> 
     </span>
    </p>
   </div>
   <div class='ocr_carea' id='block_1_108' title="bbox 1330 4847 2111 4924">
    <p class='ocr_par' dir='ltr' id='par_1_108' title="bbox 1330 4847 2105 4909">
     <span class='ocr_line' id='line_1_109' title="bbox 1330 4847 2105 4909; baseline -0.003 -5"><span class='ocrx_word' id='word_1_779' title='bbox 1330 4852 1374 4882; x_wconf 79' lang='grc'><strong>⁸⁸</strong></span> <span class='ocrx_word' id='word_1_780' title='bbox 1407 4851 1539 4904; x_wconf 80' lang='lat' dir='ltr'><strong>Ibi-1.</strong></span> <span class='ocrx_word' id='word_1_781' title='bbox 1575 4848 1666 4909; x_wconf 79' lang='grc'><strong>50,</strong></span> <span class='ocrx_word' id='word_1_782' title='bbox 1699 4849 1793 4902; x_wconf 78' lang='grc'><strong>51.</strong></span> <span class='ocrx_word' id='word_1_783' title='bbox 1869 4848 1914 4880; x_wconf 84' lang='grc'><strong>⁵⁷</strong></span> <span class='ocrx_word' id='word_1_784' title='bbox 1947 4847 1987 4901; x_wconf 87' lang='lat' dir='ltr'><strong>ll</strong></span> <span class='ocrx_word' id='word_1_785' title='bbox 2027 4849 2105 4902; x_wconf 83' lang='lat' dir='ltr'><strong>Ma</strong></span> 
     </span>
    </p>
   </div>
   <div class='ocr_carea' id='block_1_109' title="bbox 2222 4847 3307 4924">
    <p class='ocr_par' dir='ltr' id='par_1_109' title="bbox 2231 4849 3307 4924">
     <span class='ocr_line' id='line_1_110' title="bbox 2231 4849 3307 4924; baseline 0.006 -23"><span class='ocrx_word' id='word_1_786' title='bbox 2231 4867 2332 4916; x_wconf 87' lang='lat' dir='ltr'><strong>vn,</strong></span> <span class='ocrx_word' id='word_1_787' title='bbox 2357 4853 2405 4916; x_wconf 75' lang='lat' dir='ltr'><strong>i,</strong></span> <span class='ocrx_word' id='word_1_788' title='bbox 2454 4869 2571 4924; x_wconf 87' lang='lat' dir='ltr'><strong>seq.</strong></span> <span class='ocrx_word' id='word_1_789' title='bbox 2647 4854 2692 4885; x_wconf 79' lang='grc'><strong>⁵³</strong></span> <span class='ocrx_word' id='word_1_790' title='bbox 2719 4851 2852 4909; x_wconf 82' lang='lat' dir='ltr'><strong>ibid.</strong></span> <span class='ocrx_word' id='word_1_791' title='bbox 2884 4854 2938 4908; x_wconf 74' lang='lat'><strong>9..</strong></span> <span class='ocrx_word' id='word_1_792' title='bbox 3012 4852 3058 4887; x_wconf 70' lang='grc'>⁵³</span> <span class='ocrx_word' id='word_1_793' title='bbox 3089 4851 3223 4910; x_wconf 84' lang='lat' dir='ltr'><strong>ibid.</strong></span> <span class='ocrx_word' id='word_1_794' title='bbox 3252 4849 3307 4907; x_wconf 84' lang='lat'><strong>6.</strong></span> 
     </span>
    </p>
   </div>
   <div class='ocr_carea' id='block_1_110' title="bbox 2221 5019 3824 5092">
    <p class='ocr_par' dir='ltr' id='par_1_110' title="bbox 2221 5019 3824 5092">
     <span class='ocr_line' id='line_1_111' title="bbox 2221 5019 3824 5092; baseline 0 -18"><span class='ocrx_word' id='word_1_795' title='bbox 2221 5037 2279 5082; x_wconf 85' lang='grc' dir='ltr'><strong>ιι,</strong></span> <span class='ocrx_word' id='word_1_796' title='bbox 2307 5038 2358 5085; x_wconf 89' lang='lat' dir='ltr'><strong>p.</strong></span> <span class='ocrx_word' id='word_1_797' title='bbox 2383 5021 2510 5087; x_wconf 62' lang='grc'>540,</span> <span class='ocrx_word' id='word_1_798' title='bbox 2544 5033 2594 5092; x_wconf 79' lang='lat' dir='ltr'><strong>et</strong></span> <span class='ocrx_word' id='word_1_799' title='bbox 2621 5022 2777 5090; x_wconf 86' lang='lat' dir='ltr'><strong>epist.</strong></span> <span class='ocrx_word' id='word_1_800' title='bbox 2803 5023 2857 5087; x_wconf 74' lang='grc'>2,</span> <span class='ocrx_word' id='word_1_801' title='bbox 2895 5024 2960 5075; x_wconf 85' lang='lat' dir='ltr'><strong>ad</strong></span> <span class='ocrx_word' id='word_1_802' title='bbox 2986 5019 3173 5076; x_wconf 85' lang='lat' dir='ltr'><strong>Aurel.</strong></span> <span class='ocrx_word' id='word_1_803' title='bbox 3207 5021 3374 5086; x_wconf 87' lang='lat' dir='ltr'><strong>diae.,</strong></span> <span class='ocrx_word' id='word_1_804' title='bbox 3406 5038 3462 5092; x_wconf 88' lang='lat' dir='ltr'><strong>p.</strong></span> <span class='ocrx_word' id='word_1_805' title='bbox 3498 5020 3640 5087; x_wconf 79' lang='lat'><strong>505;</strong></span> <span class='ocrx_word' id='word_1_806' title='bbox 3667 5022 3824 5075; x_wconf 66' lang='lat' dir='ltr'><strong>Am-</strong></span> 
     </span>
    </p>
   </div>
   <div class='ocr_carea' id='block_1_111' title="bbox 2220 5091 3821 5163">
    <p class='ocr_par' dir='ltr' id='par_1_111' title="bbox 2220 5091 3821 5163">
     <span class='ocr_line' id='line_1_112' title="bbox 2220 5091 3821 5163; baseline -0.001 -19"><span class='ocrx_word' id='word_1_807' title='bbox 2220 5094 2402 5163; x_wconf 83' lang='lat' dir='ltr'><strong>brosio</strong></span> <span class='ocrx_word' id='word_1_808' title='bbox 2425 5093 2460 5146; x_wconf 91' lang='lat' dir='ltr'><strong>l.</strong></span> <span class='ocrx_word' id='word_1_809' title='bbox 2496 5109 2510 5147; x_wconf 90' lang='lat' dir='ltr'><strong>l</strong></span> <span class='ocrx_word' id='word_1_810' title='bbox 2551 5091 2802 5163; x_wconf 75' lang='lat' dir='ltr'><strong>Oﬁicior.,</strong></span> <span class='ocrx_word' id='word_1_811' title='bbox 2826 5108 2882 5163; x_wconf 10' lang='lat' dir='ltr'><strong>re.</strong></span> <span class='ocrx_word' id='word_1_812' title='bbox 2915 5093 3011 5157; x_wconf 75' lang='grc'><strong>41,</strong></span> <span class='ocrx_word' id='word_1_813' title='bbox 3036 5103 3090 5145; x_wconf 88' lang='lat' dir='ltr'><strong>et</strong></span> <span class='ocrx_word' id='word_1_814' title='bbox 3113 5093 3312 5163; x_wconf 88' lang='lat' dir='ltr'><strong>passim</strong></span> <span class='ocrx_word' id='word_1_815' title='bbox 3353 5108 3380 5145; x_wconf 83' lang='lat' dir='ltr'><strong>a</strong></span> <span class='ocrx_word' id='word_1_816' title='bbox 3415 5092 3651 5161; x_wconf 79' lang='lat' dir='ltr'><strong>Grcgor.</strong></span> <span class='ocrx_word' id='word_1_817' title='bbox 3694 5094 3821 5146; x_wconf 73' lang='lat' dir='ltr'><strong>Nn-</strong></span> 
     </span>
    </p>
   </div>
   <div class='ocr_carea' id='block_1_112' title="bbox 2220 5162 3827 5224">
    <p class='ocr_par' dir='ltr' id='par_1_112' title="bbox 2220 5162 3827 5224">
     <span class='ocr_line' id='line_1_113' title="bbox 2220 5162 3827 5224; baseline 0.001 -10"><span class='ocrx_word' id='word_1_818' title='bbox 2220 5162 2396 5214; x_wconf 85' lang='lat' dir='ltr'><strong>zianz.</strong></span> <span class='ocrx_word' id='word_1_819' title='bbox 2424 5174 2570 5217; x_wconf 88' lang='lat' dir='ltr'><strong>orat.</strong></span> <span class='ocrx_word' id='word_1_820' title='bbox 2601 5162 2702 5224; x_wconf 58' lang='grc' dir='ltr'><strong>νε,</strong></span> <span class='ocrx_word' id='word_1_821' title='bbox 2739 5162 2790 5216; x_wconf 94' lang='lat' dir='ltr'><strong>in</strong></span> <span class='ocrx_word' id='word_1_822' title='bbox 2823 5162 3252 5216; x_wconf 70' lang='lat' dir='ltr'><strong>lilachabzeorutn</strong></span> <span class='ocrx_word' id='word_1_823' title='bbox 3291 5162 3510 5216; x_wconf 90' lang='lat' dir='ltr'><strong>laudem</strong></span> <span class='ocrx_word' id='word_1_824' title='bbox 3540 5167 3827 5219; x_wconf 81' lang='lat' dir='ltr'><strong>conscri-</strong></span> 
     </span>
    </p>
   </div>
   <div class='ocr_carea' id='block_1_113' title="bbox 2218 5232 3823 5301">
    <p class='ocr_par' dir='ltr' id='par_1_113' title="bbox 2218 5232 3823 5301">
     <span class='ocr_line' id='line_1_114' title="bbox 2218 5232 3823 5301; baseline 0.003 -18"><span class='ocrx_word' id='word_1_825' title='bbox 2218 5239 2326 5299; x_wconf 87' lang='lat' dir='ltr'><strong>pta.</strong></span> <span class='ocrx_word' id='word_1_826' title='bbox 2359 5232 2452 5286; x_wconf 88' lang='lat' dir='ltr'><strong>Die</strong></span> <span class='ocrx_word' id='word_1_827' title='bbox 2477 5235 2643 5287; x_wconf 88' lang='lat' dir='ltr'><strong>etiam</strong></span> <span class='ocrx_word' id='word_1_828' title='bbox 2673 5233 2897 5286; x_wconf 85' lang='lat' dir='ltr'><strong>solemni</strong></span> <span class='ocrx_word' id='word_1_829' title='bbox 2921 5234 3156 5301; x_wconf 87' lang='lat' dir='ltr'><strong>ipsorum</strong></span> <span class='ocrx_word' id='word_1_830' title='bbox 3181 5233 3361 5301; x_wconf 86' lang='lat' dir='ltr'><strong>passio</strong></span> <span class='ocrx_word' id='word_1_831' title='bbox 3383 5233 3668 5288; x_wconf 85' lang='lat' dir='ltr'><strong>celebrata</strong></span> <span class='ocrx_word' id='word_1_832' title='bbox 3701 5246 3823 5288; x_wconf 62' lang='lat' dir='ltr'><strong>esu</strong></span> 
     </span>
    </p>
   </div>
   <div class='ocr_carea' id='block_1_114' title="bbox 2223 5301 3826 5371">
    <p class='ocr_par' dir='ltr' id='par_1_114' title="bbox 2223 5301 3826 5371">
     <span class='ocr_line' id='line_1_115' title="bbox 2223 5301 3826 5371; baseline 0.001 -16"><span class='ocrx_word' id='word_1_833' title='bbox 2223 5302 2354 5355; x_wconf 78' lang='lat' dir='ltr'><strong>Vide</strong></span> <span class='ocrx_word' id='word_1_834' title='bbox 2395 5301 2596 5356; x_wconf 86' lang='lat' dir='ltr'><strong>Bedant</strong></span> <span class='ocrx_word' id='word_1_835' title='bbox 2641 5303 2692 5355; x_wconf 92' lang='lat' dir='ltr'><strong>in</strong></span> <span class='ocrx_word' id='word_1_836' title='bbox 2723 5302 2997 5371; x_wconf 81' lang='lat' dir='ltr'><strong>Mariyrol.</strong></span> <span class='ocrx_word' id='word_1_837' title='bbox 3037 5304 3104 5356; x_wconf 89' lang='lat' dir='ltr'><strong>ad</strong></span> <span class='ocrx_word' id='word_1_838' title='bbox 3135 5301 3256 5356; x_wconf 85' lang='lat' dir='ltr'><strong>Kal.</strong></span> <span class='ocrx_word' id='word_1_839' title='bbox 3295 5305 3436 5370; x_wconf 78' lang='lat' dir='ltr'><strong>Aug.</strong></span> <span class='ocrx_word' id='word_1_840' title='bbox 3470 5313 3532 5371; x_wconf 89' lang='lat' dir='ltr'><strong>et</strong></span> <span class='ocrx_word' id='word_1_841' title='bbox 3556 5301 3826 5357; x_wconf 76' lang='lat' dir='ltr'><strong>Bernar-</strong></span> 
     </span>
    </p>
   </div>
   <div class='ocr_carea' id='block_1_115' title="bbox 2218 5370 3825 5441">
    <p class='ocr_par' dir='ltr' id='par_1_115' title="bbox 2218 5370 3825 5441">
     <span class='ocr_line' id='line_1_116' title="bbox 2218 5370 3825 5441; baseline 0.002 -18"><span class='ocrx_word' id='word_1_842' title='bbox 2218 5373 2341 5423; x_wconf 83' lang='lat' dir='ltr'><strong>duni</strong></span> <span class='ocrx_word' id='word_1_843' title='bbox 2372 5372 2680 5440; x_wconf 76' lang='lat' dir='ltr'><strong>epist.3l5.</strong></span> <span class='ocrx_word' id='word_1_844' title='bbox 2730 5370 3056 5426; x_wconf 87' lang='lat' dir='ltr'><strong>Christianis</strong></span> <span class='ocrx_word' id='word_1_845' title='bbox 3099 5372 3336 5427; x_wconf 84' lang='lat' dir='ltr'><strong>addatur</strong></span> <span class='ocrx_word' id='word_1_846' title='bbox 3382 5373 3462 5427; x_wconf 84' lang='lat' dir='ltr'><strong>Fl.</strong></span> <span class='ocrx_word' id='word_1_847' title='bbox 3513 5370 3825 5441; x_wconf 81' lang='lat' dir='ltr'><strong>Josephns</strong></span> 
     </span>
    </p>
   </div>
   <div class='ocr_carea' id='block_1_116' title="bbox 2212 5442 3148 5510">
    <p class='ocr_par' dir='ltr' id='par_1_116' title="bbox 2212 5442 3148 5510">
     <span class='ocr_line' id='line_1_117' title="bbox 2212 5442 3148 5510; baseline 0.005 -19"><span class='ocrx_word' id='word_1_848' title='bbox 2212 5443 2685 5510; x_wconf 51' lang='lat' dir='ltr'><strong>peculiar-[libello</strong></span> <span class='ocrx_word' id='word_1_849' title='bbox 2712 5444 2775 5495; x_wconf 82' lang='lat' dir='ltr'><strong>de</strong></span> <span class='ocrx_word' id='word_1_850' title='bbox 2803 5442 3148 5497; x_wconf 81' lang='lat' dir='ltr'><strong>Machaha-is.</strong></span> 
     </span>
    </p>
   </div>
   <div class='ocr_carea' id='block_1_117' title="bbox 2281 5509 3829 5582">
    <p class='ocr_par' dir='ltr' id='par_1_117' title="bbox 2281 5509 3829 5582">
     <span class='ocr_line' id='line_1_118' title="bbox 2281 5509 3829 5582; baseline 0.002 -18"><span class='ocrx_word' id='word_1_851' title='bbox 2281 5512 2390 5582; x_wconf 70' lang='lat'><strong>(‘99)</strong></span> <span class='ocrx_word' id='word_1_852' title='bbox 2432 5509 2576 5567; x_wconf 81' lang='grc' dir='ltr'>Εἶτα</span> <span class='ocrx_word' id='word_1_853' title='bbox 2609 5514 3092 5581; x_wconf 80' lang='grc' dir='ltr'>περιεσκυτίσθη.</span> <span class='ocrx_word' id='word_1_854' title='bbox 3154 5512 3254 5567; x_wconf 82' lang='lat' dir='ltr'><strong>Ms.</strong></span> <span class='ocrx_word' id='word_1_855' title='bbox 3305 5511 3476 5566; x_wconf 81' lang='lat' dir='ltr'><strong>codex</strong></span> <span class='ocrx_word' id='word_1_856' title='bbox 3529 5515 3829 5567; x_wconf 80' lang='lat' dir='ltr'><strong>mendose</strong></span> 
     </span>
    </p>
   </div>
   <div class='ocr_carea' id='block_1_118' title="bbox 2212 5582 3742 5654">
    <p class='ocr_par' dir='ltr' id='par_1_118' title="bbox 2212 5582 3742 5654">
     <span class='ocr_line' id='line_1_119' title="bbox 2212 5582 3742 5654; baseline 0.031 -20"><span class='ocrx_word' id='word_1_857' title='bbox 2212 5582 2396 5654; x_wconf 78' lang='lat' dir='ltr'><strong>habet,</strong></span> <span class='ocrx_word' id='word_1_858' title='bbox 2422 5587 2471 5654; x_wconf 78' lang='grc' dir='ltr'><strong>εί</strong></span> <span class='ocrx_word' id='word_1_859' title='bbox 2513 5585 2949 5654; x_wconf 80' lang='grc' dir='ltr'>περιεσυνθίσθη.</span> <span class='ocrx_word' id='word_1_860' title='bbox 3077 5653 3085 5654; x_wconf 21' lang='grc' dir='ltr'>ί</span> <span class='ocrx_word' id='word_1_861' title='bbox 3336 5652 3345 5654; x_wconf 76' lang='lat'><strong>-</strong></span> <span class='ocrx_word' id='word_1_862' title='bbox 3376 5653 3381 5654; x_wconf 43' lang='grc' dir='ltr'><strong>κ</strong></span> <span class='ocrx_word' id='word_1_863' title='bbox 3739 5597 3742 5600; x_wconf 10' lang='grc' dir='ltr'><strong>ί</strong></span> 
     </span>
    </p>
   </div>
   <div class='ocr_carea' id='block_1_119' title="bbox 2281 5652 3408 5722">
    <p class='ocr_par' dir='ltr' id='par_1_119' title="bbox 2281 5652 3408 5722">
     <span class='ocr_line' id='line_1_120' title="bbox 2281 5652 3408 5722; baseline 0.001 -17"><span class='ocrx_word' id='word_1_864' title='bbox 2281 5653 2357 5720; x_wconf 55' lang='grc' dir='ltr'><strong>(,Ι)</strong></span> <span class='ocrx_word' id='word_1_865' title='bbox 2401 5653 2536 5720; x_wconf 77' lang='grc' dir='ltr'>Θέᾳ.</span> <span class='ocrx_word' id='word_1_866' title='bbox 2573 5652 2624 5706; x_wconf 32' lang='grc' dir='ltr'>Ι-ιι</span> <span class='ocrx_word' id='word_1_867' title='bbox 2661 5672 2760 5708; x_wconf 81' lang='lat' dir='ltr'><strong>ttts.</strong></span> <span class='ocrx_word' id='word_1_868' title='bbox 2790 5652 3046 5722; x_wconf 77' lang='lat' dir='ltr'><strong>citt&#39;t‘ttple</strong></span> <span class='ocrx_word' id='word_1_869' title='bbox 3076 5653 3297 5721; x_wconf 85' lang='lat' dir='ltr'><strong>legitur,</strong></span> <span class='ocrx_word' id='word_1_870' title='bbox 3327 5652 3408 5706; x_wconf 79' lang='grc' dir='ltr'><strong>θέ.</strong></span> 
     </span>
    </p>
   </div>
   <div class='ocr_carea' id='block_1_120' title="bbox 2279 5723 3827 5796">
    <p class='ocr_par' dir='ltr' id='par_1_120' title="bbox 2279 5723 3827 5796">
     <span class='ocr_line' id='line_1_121' title="bbox 2279 5723 3827 5796; baseline 0.003 -22"><span class='ocrx_word' id='word_1_871' title='bbox 2279 5723 2353 5791; x_wconf 73' lang='lat'><strong>(2)</strong></span> <span class='ocrx_word' id='word_1_872' title='bbox 2395 5725 2748 5793; x_wconf 77' lang='grc' dir='ltr'>Ἀχρηστον.</span> <span class='ocrx_word' id='word_1_873' title='bbox 2789 5727 2970 5780; x_wconf 76' lang='lat' dir='ltr'><strong>Codex</strong></span> <span class='ocrx_word' id='word_1_874' title='bbox 3010 5741 3109 5778; x_wconf 88' lang='lat' dir='ltr'><strong>ms.</strong></span> <span class='ocrx_word' id='word_1_875' title='bbox 3164 5739 3472 5794; x_wconf 79' lang='lat' dir='ltr'><strong>perperam,</strong></span> <span class='ocrx_word' id='word_1_876' title='bbox 3505 5723 3827 5796; x_wconf 69' lang='grc' dir='ltr'>ἄχρω-τον.</span> 
     </span>
    </p>
   </div>
  </div>
