3962 6414
202 335 290 392 595

1315 333 1766 388 EXIIORTATIO
1806 331 1896 386 AD
1932 330 2372 388 MARTYRIL‘M.

3378 335 3482 390 59-5

197 455 535 528 ἀγωνοθέτης
570 457 698 511 τῶν
728 458 835 530 τῆς
869 457 1137 521 εὐσεϐείας
1159 456 1430 530 ἀθλητῶν³
1457 456 1764 528 παρακαλοῦ

1872 471 2102 525 ,ρινιοεοε
2137 456 2466 512 certantium
2503 452 2854 524 propietatc,
2895 453 3021 510 dum
3069 452 3189 523 ipse
3227 453 3478 510 consola-

200 569 356 622 μενος,
407 551 514 603 καὶ
577 550 653 605 ἵν’
690 550 874 616 οὕτως
920 551 1181 621 ὀνομάσω,
1231 550 1658 623 εὐφραινόμενος
1708 549 1800 602 ἐπὶ

194 646 289 706 τοῖς
303 641 894 714 κατεξανισταμένοις
916 641 1018 696 τῶν
1034 639 1365 713 τηλικούτων
1387 641 1582 695 πόνων.
1602 639 1800 694 Εὔκαι-

198 752 273 808 ρον
290 735 330 788 δ’
357 735 427 788 ἂν
449 736 547 810 εἴη
571 735 684 788 καὶ
715 737 869 806 ἡμᾶς
893 737 948 789 ἐν
985 734 1239 798 τοιούτοις
1266 734 1592 805 γενομένους
1621 735 1798 788 εἰπεῖν

193 828 301 890 τοὺς
318 826 558 880 ἐκείνων
593 826 806 896 λόγους
824 827 958 898 πρὸς
983 827 1223 891 ἑαυτοὺς,
1241 825 1430 880 τοῦτον
1457 824 1679 897 ἔχοντας
1707 827 1797 880 τὸν

192 920 388 990 τρόπον,
425 918 628 983 οὕτως
647 937 665 952 ·
703 939 724 972 «
758 921 963 992 Κύριος
993 921 1021 972 6
1045 919 1176 983 Θεὸς
1209 919 1381 990 ἐφορᾷ
1405 921 1500 974 καὶ
1518 921 1638 984 ταῖς
1665 919 1798 989 ἀλη-

192 1011 342 1074 θείαις
369 1012 459 1080 ἐφ’
499 1013 654 1082 ἡμῖν
691 1013 1111 1084 παρακαλεῖται.
1150 1031 1170 1064 ι

247 1103 343 1157 Τοῦ
379 1102 628 1177 πρώτου
655 1104 858 1159 τοῦτον
885 1105 972 1158 τὸν
998 1105 1193 1176 τρόπον
1221 1103 1636 1174 δοκιμασθέντος
1675 1123 1693 1154 «
1718 1103 1792 1167 ὼς

187 1195 531 1264 δοκιμάζεται
565 1194 789 1267 χρυσὸς
819 1195 878 1247 ὲν
906 1194 1305 1265 χωνευτηρίῳ,ι
1328 1197 1356 1248 ό
1378 1193 1629 1266 δεύτερος
1657 1213 1674 1245 «
1700 1195 1792 1248 ἐπὶ

187 1287 261 1339 τὸν
305 1285 654 1356 ὲμπαιγμὸν
691 1286 772 1358 (5)
813 1287 1007 1356 ἧγετοο
1065 1286 1156 1339 καὶ
1198 1285 1258 1339 τὸ
1303 1285 1479 1357 δέρμα
1530 1286 1624 1338 σὺν
1670 1288 1790 1349 ταῖς

185 1377 308 1449 θριξὶ
355 1378 846 1449 περισύραντες»
907 1380 954 1431 οἱ
1013 1378 1246 1431 διάκονοι
1297 1377 1397 1447 τῆς
1459 1378 1789 1448 τυραννικῆς

184 1470 446 1540 ὠμότητος
469 1507 484 1529 ,
549 1468 660 1520 ἐπὶ
715 1469 1006 1539 μετάνοιαν
1041 1469 1282 1526 ,ἐκάλουν
1335 1467 1426 1521 τὸν
1459 1468 1784 1531 πεπονθότα,

188 1558 657 1629 ιὲπερωτῶντες,
707 1558 761 1610 εί
804 1557 1036 1626 φάγεται
1083 1555 1193 1608 τῶν
1226 1554 1611 1618 εἰδωλοθύτων,
1656 1555 1785 1626 πρὶν

181 1649 550 1722 τιμωρηθῆναι
583 1650 656 1702 τὸ
698 1648 869 1719 σῶμα
901 1648 1038 1702 κατὰ
1067 1647 1226 1720 μέλος
1255 1645 1457 1716 αὐτῷ.»
1507 1646 1595 1709 Ὠς
1619 1645 1663 1698 δ’
1694 1647 1786 1716 ἡρ-

178 1739 355 1809 νήσατο
386 1739 493 1810 τὴν
535 1738 875 1808 μετάνοιαν,
903 1756 922 1788 «
951 1737 1040 1789 ἐπὶ
1056 1736 1153 1807 τὴν
1175 1736 1299 1807 ἑξῆς
1318 1735 1457 1806 ἢχθη
1477 1735 1729 1806 βάσανον,
1757 1755 1777 1788 ι

175 1829 334 1900 τηρῶν
363 1829 464 1900 τὴν
523 1829 809 1882 ἔνστασιν
860 1829 1019 1900 μέχρι
1066 1829 1166 1898 τῆς
1200 1829 1436 1898 ἐσχάτης
1485 1828 1776 1900 ἀναπνοῆς.

174 1919 434 1990 Μηδαμῶς
467 1919 590 1990 γὰρ
651 1919 993 1991 θραυσθεὶς,
1056 1919 1190 1990 μηδὲ
1235 1918 1417 1982 ἐνδοὺς
1471 1919 1604 1990 πρὸς
1651 1922 1778 1986 τοὺς

175 2010 379 2073 πόνους,
430 2010 631 2065 ταῦτα
661 2007 794 2063 εἷπε
841 2010 977 2082 πρὸς
1007 2011 1097 2063 τὸν
1131 2010 1336 2081 ἀσεϐῆ·
1393 2030 1411 2062 «
1438 2011 1509 2063 Σὺ
1557 2011 1776 2082 μᾶλλον,

170 2102 406 2175 ἀλάστορ,
444 2105 518 2156 ἐκ
554 2103 665 2156 τοῦ
698 2103 974 2176 παρόντος
1013 2104 1162 2174 ἡμᾶς
1206 2102 1303 2174 ζῇν
1331 2101 1614 2166 ἀπολύεις·
1661 2106 1690 2157 6
1721 2105 1778 2157 δὲ

168 2194 246 2248 τοῦ
293 2197 502 2267 κόσμου
563 2195 845 2266 βασιλεὺς
893 2193 1257 2258 ἀποθανόντας
1302 2197 1448 2265 ἡμᾶς
1497 2195 1636 2266 ὑπὲρ
1668 2194 1777 2248 τῶν

165 2287 308 2340 αὐτοῦ
325 2288 508 2358 νόμιον
545 2290 639 2352 εἰς
668 2287 898 2342 αἰώνιον
928 2285 1219 2341 ἀναϐίωσιν
1241 2287 1386 2358 ζωῆς
1409 2288 1722 2358 ἀναστήσει.
1750 2306 1768 2338 ι

223 2381 323 2434 Καὶ
345 2383 374 2434 6
397 2379 601 2454 τρίτος
636 2380 700 2434 δὲ
734 2382 796 2436 ὲν
829 2380 1004 2434 οὐδενὶ
1029 2380 1127 2445 τὰς
1150 2379 1448 2451 ἀλγηδόνας
1471 2379 1771 2452 τιθέμενος,

163 2471 242 2527 καὶ
259 2472 344 2526 διά
373 2474 474 2544 τὴν
500 2473 662 2545 πρὸς
689 2472 792 2527 τὸν
816 2472 950 2526 Θεὸν
972 2473 1191 2544 ἀγάπην
1225 2472 1556 2526 καταπατιῖω
1579 2473 1770 2537 αύτάς,

164 2565 283 2635 ιτὴν
313 2566 577 2634 γλῶσσαν
616 2563 918 2636 αἰτηθεὶς,
950 2565 1158 2635 ταχέως
1195 2564 1460 2636 προέϐαλε
1481 2605 1496 2629 ,
1533 2567 1627 2619 καὶ
1673 2566 1771 2630 τάς

159 2660 326 2730 χεῖρας
353 2658 662 2731 εὐθαρσῶς
697 2658 1046 2730 προέτεινεν,
1085 2652 1205 2711 εἶπέ
1243 2675 1302 2710 τε
1325 2674 1338 2688 ⁸
1370 2657 1469 2712 Διὰ
1511 2659 1638 2722 τοὺς
1675 2658 1768 2712 τοῦ

157 2753 274 2806 Θεοῦ
319 2754 517 2826 νόμους
549 2774 570 2806 ι
614 2752 812 2808 ταῦτα
844 2751 1177 2816 καταλιπὼν,
1219 2772 1237 2804 «
1261 2752 1466 2817 ἐλπίζω
1493 2751 1633 2807 αύτά
1660 2753 1769 2806 ἀπὸ

155 2844 274 2897 Θεοῦ
306 2846 658 2916 κομίσασθαι
693 2865 714 2897 ι
755 2845 1003 2909 τοιαῦτα,
1040 2840 1127 2898 οἷα
1155 2844 1221 2899 ἂν
1248 2844 1464 2918 ἀποδῴη
1491 2845 1623 2908 Θεὸς
1650 2848 1769 2910 τοῖς

155 2936 242 3005 τῆς
269 2940 349 3002 εἰς
388 2939 560 2994 αὑτὸν
602 2937 911 3000 εὐσεϐείας
939 2936 1216 3008 ἀθληταῖς.
1258 2935 1531 3002 Ὡσαύτως
1571 2937 1627 2990 δὲ
1673 2937 1767 2992 καὶ

154 3029 176 3079 6
196 3029 442 3100 τέταρτος
465 3030 878 3093 ἐϐασανίζετο,
901 3028 1000 3092 τὰς
1023 3027 1204 3092 αἰκίας
1227 3030 1428 3100 φέρων,
1451 3030 1542 3083 καὶ
1567 3029 1762 3098 λέγων,

1907 548 2106 603 tionem
2152 549 2372 618 accipit,
2401 557 2474 614 et,
2507 555 2564 601 ut
2613 546 2688 601 ita
2718 546 2924 612 dicant,
2952 547 3156 616 gaudet
3195 562 3362 617 super
3393 548 3479 602 his

1903 641 1994 708 qui
2041 648 2224 695 tantos
2266 639 2481 695 labores
2533 647 2818 710 superant.
2871 639 3249 710 Opportunum
3297 650 3480 696 autem

1899 733 2005 788 erit
2043 742 2099 787 et
2127 748 2247 799 nos,
2275 749 2399 788 cum
2441 735 2630 789 eodem
2670 734 2873 790 erimus
2916 734 3059 799 loco,
3110 734 3326 789 illorum
3363 751 3480 790 ser-

1899 839 2088 880 mones
2112 825 2179 878 ad
2211 824 2572 896 nosmetipsos
2604 817 2784 880 dicere
2809 825 2901 894 qui
2933 826 3011 880 sic
3037 826 3241 882 habent
3268 845 3282 882 :
3321 846 3340 879 «
3375 827 3477 880 Do-

1898 914 2082 970 minus
2117 914 2260 969 Deus
2295 916 2507 985 aspicit,
2533 925 2588 972 et
2607 917 2930 973 veritatibus
2952 918 3066 974 suis
3082 919 3395 975 consolatur
3419 920 3474 975 in

1896 1007 2053 1062 nobis
2084 1007 2150 1062 5°.
2182 1027 2200 1058 ι

1967 1100 2057 1154 24.
2099 1099 2231 1156 Cum
2257 1100 2466 1172 primus
2485 1101 2587 1157 hoc
2612 1102 2772 1157 modo
2810 1103 3069 1169 probatus
3099 1116 3265 1169 esset.
3295 1125 3313 1159 «
3349 1115 3474 1160 tan-

1897 1207 2061 1262 quam
2083 1208 2272 1246 aurum
2300 1194 2353 1247 in
2380 1179 2654 1260 fornace,»
2684 1197 2959 1252 secundus
2981 1196 3384 1254 «deducebatur
3405 1200 3472 1253 ad

1895 1283 2254 1351 illudendnm,
2278 1296 2333 1340 et
2362 1294 2485 1342 cute
2512 1285 2632 1356 ejus
2653 1288 3006 1358 cumicapillis
3032 1291 3332 1358 abstracta,
3361 1311 3378 1344 ι
3403 1294 3471 1347 ad

1893 1375 2270 1444 penitentiam
2317 1376 2586 1431 vocabant
2635 1378 2933 1448 tyrannica;
2978 1379 3322 1434 crudelitatis
3366 1381 3470 1433 mi-

1892 1467 2054 1521 nistri
2077 1465 2509 1538 «interrogantes
2532 1467 2577 1522 si
2603 1468 2957 1525 manducaret
2974 1469 3276 1541 idolothyta
3299 1471 3472 1541 prius-

1891 1571 2052 1628 quam
2075 1564 2186 1613 toto
2205 1572 2434 1629 corpore
2451 1573 2549 1629 per
2565 1558 2809 1614 membra
2836 1559 3050 1630 singula
3069 1562 3428 1630 puniretur“.
3447 1583 3466 1614 ι

1892 1647 1958 1704 Ut
1984 1659 2166 1704 autem
2193 1649 2468 1719 poenitere
2497 1663 2558 1704 se
2589 1650 2826 1720 negavit,
2858 1649 2955 1705 «ad
2975 1650 3254 1720 sequentia
3277 1651 3471 1707 ductus

1888 1750 1972 1797 est
1990 1750 2261 1798 tormenta
2281 1761 2299 1795 ι
2320 1745 2591 1797 intensum
2610 1756 2785 1811 usque
2801 1742 2868 1797 ad
2891 1753 3195 1798 extremum
3215 1743 3467 1814 spiritum

1884 1835 2131 1890 animum
2168 1850 2417 1891 servans.
2459 1834 2816 1906 Nequaquam
2855 1837 3000 1892 enim
3049 1836 3256 1893 fractus
3291 1854 3468 1910 neque

1884 1929 2174 1985 tormentis
2215 1927 2414 1984 cedens
2455 1928 2570 1985 hzec
2601 1931 2668 1984 ad
2712 1929 2939 2001 impium
2989 1930 3136 1986 illum
3174 1935 3297 1988 ait:
3345 1933 3466 1988 «Tu

1881 2023 2125 2092 quidem,
2143 2023 2546 2085 scelestissime,
2570 2039 2892 2092 prmscntem
2912 2025 3018 2079 vita
3029 2041 3078 2079 ιιι
3101 2027 3256 2081 nobis
3274 2028 3462 2096 eripis.

1881 2113 1996 2170 Rex
2041 2127 2222 2171 autem
2267 2118 2450 2173 mundi
2491 2116 2785 2172 defunctos
2828 2131 2927 2171 nos
2970 2132 3069 2184 pro
3114 2119 3227 2172 suis
3257 2118 3466 2190 legibus

1881 2205 1936 2261 in
1965 2215 2182 2263 reterns:
2216 2207 2342 2262 vita:
2377 2209 2783 2264 resurrectione
2816 2207 3108 2263 suscitabit
3132 2208 3198 2260 δ’.
3227 2227 3247 2261 ι

1947 2385 2040 2442 25.
2084 2385 2321 2450 Tertius,
2365 2386 2584 2442 dolores
2614 2385 2772 2440 nihili
2799 2385 3009 2442 faciens
3032 2395 3087 2442 et
3128 2403 3240 2460 pra:
3268 2404 3461 2459 magna

1877 2477 1934 2531 in
1968 2479 2134 2533 Deum
2165 2477 2446 2533 charitatc
2467 2477 2828 2548 proculcans,
2859 2477 3129 2550 «linguam
3156 2481 3462 2550 postulatus

1877 2570 1986 2624 cito
2019 2570 2245 2639 protulit
2287 2579 2341 2625 et
2387 2585 2582 2626 manus
2613 2578 2934 2625 constanter
2968 2572 3214 2627 extendit
3246 2581 3301 2627 et
3337 2573 3413 2626 ait
3441 2591 3456 2628 :

1873 2663 2104 2735 Propter
2130 2664 2278 2735 leges
2301 2663 2395 2718 Dei
2418 2684 2436 2716 ι
2473 2666 2588 2721 tunc
2629 2665 2967 2736 relinquens,
2997 2685 3016 2720 «
3039 2667 3106 2721 ab
3135 2666 3252 2736 ipso
3276 2683 3362 2722 me
3393 2683 3456 2722 ea

1875 2765 2221 2824 recepturum
2247 2769 2406 2823 spero
2421 2754 2496 2807 ⁸³»
2523 2756 2649 2810 talia
2673 2757 2852 2826 qualia
2885 2757 3025 2812 Deus
3047 2773 3160 2813 sua:
3177 2758 3457 2830 religionis

1873 2846 2095 2900 athletis
2131 2847 2445 2902 redditurus
2479 2856 2584 2901 est.
2641 2848 2903 2903 Similiter
2952 2861 3007 2903 et
3054 2860 3286 2919 quartus
3322 2861 3451 2908 .tor-

1872 2941 2141 3009 quebatur
2166 2940 2548 3008 cruciatusque
2579 2939 2805 2995 ferendo
2823 2942 3044 2996 dicebat
3073 2960 3086 2996 :
3116 2961 3136 2994 «
3160 2943 3348 3000 Potius
3369 2957 3456 3000 est

1871 3032 1939 3088 ab
1977 3032 2294 3089 hominibus
2326 3033 2668 3088 discedentes
2698 3048 2853 3103 spem
2897 3044 3216 3104 exspectare
3247 3053 3274 3091 a
3317 3037 3449 3102 Deo,

151 3120 221 3172 ὅτι
250 3141 268 3172 «
288 3123 541 3193 Αἱρετὸν,
577 3120 1077 3193 μεταλλάσσοντας
1103 3122 1175 3193 (4)
1205 3123 1299 3176 ἀπ’
1321 3123 1642 3194 ἀνθρώπων,
1665 3123 1764 3188 τὰς

1872 3126 2066 3180 iterum
2093 3126 2161 3179 ab
2190 3126 2305 3194 ipso
2332 3127 2769 3180 resuscitandosr
2794 3128 3198 3184 resurreCtione
3215 3146 3319 3199 qua
3344 3147 3448 3185 non

152 3213 245 3264 ἀπὸ
272 3213 368 3266 τοῦ
396 3215 538 3268 Θεοῦ
580 3213 912 3286 προσδοκᾷν
937 3213 1158 3278 ἐλπίδας
1179 3217 1311 3283 ,καὶ
1329 3217 1418 3268 ὑπ’
1441 3215 1608 3269 αὐτοῦ
1634 3217 1764 3270 ἀνα-

153 3306 432 3374 στήσεσθαι
460 3327 478 3358 ι
522 3307 871 3369 ἀνάστασιν,
910 3306 975 3376 ἣν
999 3307 1097 3360 ούκ
1121 3309 1482 3379 ἀναστήσεται
1507 3311 1535 3361 6
1563 3309 1760 3382 τύραν-

149 3409 256 3456 νος·
324 3398 427 3450 (οὐ
473 3398 596 3468 γάρ
644 3398 734 3460 εἰς
771 3396 943 3466 ζωὴν,
977 3417 994 3448 ι
1050 3396 1164 3450 ἀλλ’
1197 3400 1276 3461 είς
1321 3400 1622 3470 ὀνειδισμὸν
1669 3402 1761 3453 καὶ

147 3488 393 3561 αἰσχύνην
425 3490 661 3543 αἰώνιον
701 3490 1093 3560 ἀναστήσεται.
1147 3490 1309 3562 Ἑξῆς
1347 3512 1363 3543 «
1389 3493 1480 3546 τὸν
1515 3493 1760 3563 πέμπτον

147 3581 381 3648 ᾐκίζοντο
406 3583 523 3654 (5)·
566 3603 583 3633 ι
643 3583 742 3648 ὃς,
794 3581 984 3634 ἐνιδὼν
1020 3583 1098 3653 τῷ
1142 3585 1430 3656 Ἀντιόχῳ,
1489 3586 1760 3639 ὠνείδισεν

149 3673 282 3744 πάτῴ
313 3675 373 3728 τὸ
411 3676 670 3746 φθαρτὸν
714 3675 794 3745 μὴ
836 3675 1100 3729 κολλούων
1127 3677 1202 3747 (6)
1237 3678 1402 3731 αὑτοῦ
1428 3678 1525 3750 τὴν
1549 3680 1758 3751 ὑπερη-

147 3768 345 3831 ςανίαν,
390 3767 730 3838 νομίζοντος
788 3765 1032 3836 μεγάλην
1075 3763 1212 3822 εἶναι
1263 3769 1510 3834 ἐξουσίαν
1559 3768 1656 3840 τὴν
1701 3770 1758 3822 ἐν

143 3857 336 3926 ὀλίγαις
357 3860 612 3930 ἡμέραις
637 3857 963 3928 τυραννίδα.
997 3858 1240 3925 Ἔφασκε
1265 3857 1321 3910 δὲ
1353 3859 1446 3911 καὶ
1473 3862 1528 3912 ἐν
1550 3860 1758 3924 τούτοις

142 3947 239 4012 ὢν,
299 3951 360 4003 τὸ
415 3951 578 4014 ἔθνος
645 3949 727 4021 μὴ
798 3949 1214 4019 καταλελεῖφθαι
1271 3953 1376 4004 ὑπὸ
1436 3953 1571 4005 Θεοῦ
1625 3954 1750 4018 τοῦ,

143 4037 254 4090 ὅσον
290 4039 541 4104 οὐδέπω,
597 4040 696 4092 τὸν
746 4038 1022 4108 Ἀντίοχον
1075 4040 1166 4091 καὶ
1214 4040 1274 4092 τὸ
1324 4042 1542 4112 σπέρμα
1590 4043 1753 4096 αὐτοῦ

143 4124 542 4194 βασανίσοντος.
617 4127 786 4183 Μετά
842 4129 1024 4183 τοῦτον
1072 4131 1225 4196 ’έκτος
1262 4133 1397 4203 πρὸς
1430 4133 1488 4185 τὸ
1519 4133 1756 4205 ἀποθνη-

145 4233 281 4272 σκειν
333 4223 644 4292 γενόμενος
672 4241 686 4252 ’
748 4240 768 4273 ι
800 4221 894 4292 Μὴ
949 4223 1153 4286 πλανῶ,
1187 4245 1203 4276 ι
1254 4222 1403 4278 εἶπεν
1430 4243 1442 4255 ·
1507 4229 1710 4296 «ἡμεῖς
1736 4271 1750 4294 ,

140 4311 267 4382 ὑπὲρ
301 4317 480 4385 ἡμετέ
493 4333 604 4388 ρων
644 4315 1070 4385 ἁμαρτημάτων
1093 4315 1245 4380 δίκας
1275 4317 1510 4381 τίνοντες
1531 4357 1543 4380 ,
1599 4319 1663 4370 ἵν’
1694 4321 1751 4371 ὲν

138 4407 236 4468 τοῖς
254 4408 441 4471 πόνοις
483 4406 895 4477 καθαρθῶμεν,
917 4407 1172 4472 ἑκουσίως
1199 4409 1373 4463 ταῦτα
1412 4411 1743 4482 πάσχομεν.»

1869 3216 2230 3272 suscitabitur
2280 3215 2645 3285 tyrannus“;
2696 3233 2716 3267 «
2748 3231 2852 3270 non
2905 3218 3053 3270 enim
3095 3219 3160 3272 ad
3203 3221 3363 3274 vitam
3390 3239 3445 3285 ,ι

1867 3311 1970 3364 sed
1997 3308 2064 3363 ad
2099 3306 2485 3362 contumeliam
2531 3316 2779 3377 resurget
2822 3306 3214 3378 infamiamque
3243 3314 3451 3381 sempi-

1871 3412 2099 3457 ternam.
2167 3399 2373 3453 Deinde
2409 3399 2697 3468 «quintum
2731 3400 3117 3454 vexabant“.i
3163 3402 3213 3457 Is
3269 3406 3446 3473 respi-

1864 3497 2016 3550 ciens
2048 3494 2400 3560 Antiochum,
2458 3493 2831 3558 exprobrabat
2871 3495 3015 3562 quod
3054 3495 3214 3550 homo
3257 3511 3450 3551 corru-

1867 3589 2042 3658 ptioni
2074 3584 2346 3641 obnoxius
2382 3583 2738 3638 nihilominus
2765 3585 3115 3652 superhiret,
3141 3593 3198 3640 et
3235 3586 3444 3642 dierum

1864 3695 2162 3750 paucorum
2190 3676 2530 3747 tyrannidem
2572 3689 2820 3745 magnam
2860 3686 3076 3745 putaret
3106 3693 3226 3732 esse
3255 3689 3447 3749 poten-

1867 3769 2017 3822 tiam.
2051 3767 2140 3819 Ait
2172 3766 2338 3820 etiam
2371 3778 2492 3818 cum
2533 3763 2586 3816 in
2619 3763 2702 3818 his
2737 3774 2885 3818 esset
2913 3765 3202 3833 angustiis,
3225 3778 3443 3837 gentem

1861 3878 2015 3917 suam
2054 3876 2160 3913 non
2189 3875 2311 3914 esse
2346 3859 2664 3914 derelictam
2694 3872 2723 3912 a
2753 3858 2862 3914 Deo
2902 3861 2992 3929 qui
3040 3863 3256 3918 insolito
3291 3881 3446 3920 more

1861 3966 1917 4007 et
1943 3950 2264 4007 Antiochum
2304 3959 2358 4004 et
2394 3960 2578 4002 semen
2611 3945 2731 4015 ejus
2763 3955 2882 4000 erat
2910 3949 3273 4005 cruciaturus.
3314 3950 3445 4006 Post

1860 4045 2007 4099 hunc
2038 4051 2228 4097 sextus
2262 4041 2397 4094 mori
2435 4039 2703 4108 incipiens
2729 4039 2808 4093 sic
2842 4038 2917 4094 ait
2956 4059 2970 4094 :
3020 4060 3038 4092 «
3064 4041 3180 4096 Noli
3217 4057 3438 4110 errare;

1858 4152 1960 4191 nos
1987 4144 2338 4206 peccatorum
2374 4141 2683 4186 nostrorum
2709 4149 2900 4202 ptenas
2927 4135 3121 4189 damus
3141 4177 3155 4203 ,
3187 4147 3352 4204 utque
3385 4137 3440 4190 in

1858 4229 2140 4298 suppliciis
2171 4240 2489 4298 purgentur,
2527 4225 2757 4280 libenter
2787 4229 2898 4281 haec
2927 4226 3154 4281 ferimus
3175 4227 3240 4281 “.
3273 4246 3292 4278 ι
3317 4227 3439 4281 Ait-

1857 4337 1963 4394 que
1991 4323 2057 4376 ad
2093 4324 2268 4388 ipsum
2295 4361 2310 4386 ,
2361 4334 2466 4372 non
2493 4319 2920 4390 existimandum
2949 4319 3050 4389 ipsi
3095 4321 3318 4389 impune
3351 4320 3438 4373 fu-

1863 4427 2043 4470 turum
2079 4411 2220 4481 quod
2248 4410 2414 4481 29o
2439 4419 2631 4465 contra
2665 4408 2830 4463 Deum
2870 4422 3110 4477 pugnare
3140 4418 3436 4471 tentasset;

142 4497 322 4567 Ἔλεγέ
366 4519 430 4554 τε
492 4502 685 4573 αὐτῷ,
761 4500 842 4562 ὡς
883 4499 990 4572 ἄρα
1037 4503 1096 4554 ού
1146 4503 1249 4576 χρὴ
1305 4505 1543 4576 νομίζειν
1587 4507 1748 4560 αὐτὸν

1872 4510 1951 4563 )ei
1993 4507 2138 4559 cnim
2194 4503 2540 4573 impugnator
2596 4501 2800 4571 estqui
2837 4515 2974 4570 quos
3007 4499 3248 4555 Verbum
3297 4501 3429 4555 deos

137 4588 294 4643 ἀθῶον
347 4593 620 4657 ἔσεσθαι,
681 4592 984 4663 θεομαχεῖν
1038 4597 1442 4667 ἐπιχειροῦντα·
1481 4599 1745 4670 θεομάχος

134 4685 232 4756 γὰρ
253 4689 282 4739 6
311 4693 428 4753 τοῖς
461 4691 574 4742 ἀπὸ
599 4689 702 4741 τοῦ
723 4687 903 4755 Λόγου
929 4686 1294 4760 θεοποιηθεῖσι
1315 4691 1390 4763 (7)
1417 4693 1740 4762 μαχόμενος.

195 4827 238 4859 ⁸⁸
275 4826 319 4882 Il
359 4830 545 4884 Mach.
590 4843 698 4894 vn,
736 4829 794 4879 0.
875 4825 917 4856 ‘“
950 4825 1080 4882 Ibid.
1116 4829 1166 4879 7.
1242 4831 1285 4862 θ’
1318 4829 1450 4884 Ibid.
1485 4831 1538 4884 9.

197 4965 270 5039 (ξ)
323 4968 742 5039 Ἐμπαιγμόν.
775 4964 957 5019 Codex
987 4983 1087 5039 ins.
1119 4983 1419 5036 perperam,
1449 4969 1737 5039 ἐπαιγμόν.

192 5036 268 5106 (4)
304 5036 923 5102 Μεταλλάσσοντας.
965 5037 1143 5090 Codex
1183 5055 1308 5103 tns.,
1347 5036 1742 5109 μεταλλάσσον-

123 5121 240 5166 ται,
284 5110 455 5162 male.

191 5177 267 5251 (5)
321 5179 685 5251 ’ﬂzlé‘orto.
721 5176 909 5251 Codex
943 5193 1044 5230 ms.
1071 5177 1209 5251 male
1230 5220 1248 5251 ,_
1274 5179 1572 5251 ᾐκίζοντος.

186 5247 262 5317 (6)
302 5245 410 5316 Μὴ
447 5250 808 5304 κολλούων.
863 5245 1003 5313 Lego
1057 5247 1131 5317 μὴ
1174 5245 1392 5303 κολοῦον
1458 5247 1740 5303 referendo

122 5318 341 5390 κολοῦον
375 5324 449 5372 ad
487 5321 552 5372 τὸ
578 5317 858 5390 φθαρτόν.
904 5319 1230 5374 Welstettius
1287 5331 1470 5374 autem
1495 5319 1736 5386 legebat,

121 5390 191 5458 μὴ
226 5389 546 5443 καλλύνων.

183 5457 261 5530 (7)
303 5459 769 5528 Θεοποιηθεῖσι.
849 5457 1216 5530 Θεοποιείσθαι
1280 5461 1418 5528 apud
1486 5472 1735 5517 auctores

117 5522 538 5586 ecclesiasticos
560 5522 846 5583 iiii-untur
878 5529 910 5580 ii
941 5522 1020 5590 οἷς
1049 5569 1062 5590 ,
1095 5540 1152 5583 ιιι
1186 5533 1263 5583 ait
1305 5522 1545 5586 joanttes
1573 5539 1613 5597 ι’,
1642 5533 1732 5597 12,

115 5601 314 5655 ἔδωκεν
353 5604 388 5654 6
446 5602 625 5669 Λόγος
655 5599 915 5670 ἐξουσίαν
962 5599 1124 5670 τέκνα
1163 5601 1295 5654 Θεοῦ
1327 5602 1611 5670 γενέσθαι,
1650 5606 1734 5657 vel

117 5675 204 5738 qui
237 5713 253 5736 ,
286 5682 350 5725 ut
410 5668 691 5741 scriptum
729 5678 818 5722 est
862 5668 903 5721 II
964 5668 1102 5724 Pelr.
1136 5687 1188 5733 1,
1241 5677 1274 5724 4
1299 5713 1312 5736 ,
1341 5668 1555 5727 ιιῑγίἰκις
1595 5690 1730 5728 con-

118 5753 293 5796 sortes
327 5743 476 5796 facti
509 5752 645 5796 sunt
667 5749 906 5811 natura),
927 5743 1168 5794 κοινωνοὶ⁸
1193 5743 1293 5811 τῆς
1319 5743 1468 5806 θείας
1493 5745 1726 5811 φύσεως.

117 5814 268 5878 Quod
303 5814 565 5869 illustris
589 5810 898 5868 continuat
941 5812 1214 5866 Athanasii
1276 5816 1424 5868 locus
1469 5810 1625 5883 epist.
1664 5815 1728 5867 ad

1616 4832 1660 4862 ⁵³
1684 4832 1814 4886 Ibid.
1851 4831 1937 4896 I0,
1974 4829 2058 4883 11.

1855 4599 2034 4654 effecit
2059 4637 2071 4659 ,
2115 4595 2412 4664 impugnat.

2137 4823 2339 4876 ειιιήιι.
2380 4822 2457 4876 ιι.
2540 4822 2582 4853 εδ
2611 4821 2741 4875 Ibid.
2781 4821 2860 4874 ιιι.
2947 4823 2991 4853 δ’
3024 4821 3158 4876 ibit.
3201 4822 3283 4875 l8.

1849 4967 2170 5035 Adelphium
2206 4983 2218 5018 :
2260 4963 2485 5035 Γέγονεν
2514 4961 2835 5035 ἄνθρωπος,Δ
2863 4960 2970 5035 ἵνα-
2995 4964 3144 5035 ἡμᾶς
3171 4963 3228 5014 ἐν
3258 4963 3436 5033 ἑαυτῷ

1850 5031 2142 5108 θεοποιήσῃ
2167 5078 2180 5099 ,
2220 5036 2312 5108 καὶ
2357 5031 2643 5108 γενώμεθα
2681 5031 2880 5108 ’λοιπὸν
2912 5031 3064 5108 γένος
3093 5033 3304 5108 μάγων,-
3343 5031 3434 5087 καὶ

1850 5096 2095 5162 κοινωνοὶ
2116 5096 2298 5184 ’θείας
2355 5096 2599 5184 (ῥύσεως,
2664 5102 2739 5167 ὡς
2793 5096 3032 5184 ἔγραψεν
3083 5096 3430 5184 όομακάριος

1850 5180 2074 5249 Πέτρος.
2143 5177 2384 5249 «Factus
2420 5186 2503 5249 est
2549 5177 2710 5228 homo
2744 5181 2801 5227 ut
2833 5190 2932 5227 nos
2969 5177 3022 5226 in
3070 5177 3252 5240 seipso
3297 5177 3427 5229 deos

1850 5246 2093 5312 faceret,
2129 5248 2432 5314 Iiamusque
2472 5246 2522 5298 in
2554 5255 2829 5313 posterum
2860 5258 3031 5314 genus
3061 5256 3334 5309 sanctum,
3370 5257 3426 5298 et

1849 5320 2043 5374 divina:
2087 5318 2375 5385 participes
2425 5323 2767 5385 naturac,__ttt
2827 5315 3047 5385 scripsit
3089 5316 3279 5368 beatus
3322 5317 3424 5368 Pe-

1851 5400 1981 5444 trus.
2017 5409 2034 5440 ι
2083 5382 2223 5441 Ideni
2252 5382 2330 5439 De
2355 5389 2616 5439 incarnat.
2664 5382 2815 5438 Verbi
2852 5384 3083 5451 idipsutn
3113 5385 3194 5438 sic
3221 5385 3375 5439 cllo-rt
3407 5406 3420 5438 :

1841 5459 2090 5515 Christus
2115 5460 2312 5510 dicitur
2345 5456 2666 5527 ’Ἄνθρωπος
2695 5454 3020 5527 γεγενῆσθαι
3062 5455 3236 5525 μένων
3268 5455 3420 5527 Θεὸς,

1841 5531 1926 5583 ἵνα
1953 5529 2079 5592 τοὺς
2107 5527 2424 5600 ἀνθρώπους
2451 5524 2604 5590 θεοὺς
2639 5524 2906 5600 ἀποδείξῃ
2926 5524 3186 5597 μένοντας
3215 5524 3425 5597 ἀνθρώ-

1841 5619 1975 5664 πους
1995 5639 2008 5662 ,
2055 5619 2072 5649 ι
2101 5599 2264 5652 hotno
2292 5599 2464 5652 Iactus
2492 5613 2614 5651 esse
2639 5612 2866 5650 manens
2894 5599 3058 5662 Deus,
3084 5608 3140 5650 ιιι
3173 5601 3420 5649 homines

1839 5673 1970 5725 deos
2013 5671 2214 5724 faceret
2259 5680 2536 5722 tttttttentes
2576 5668 2844 5721 homines.
2867 5686 2884 5718 ι
2944 5666 2998 5720 Id
3032 5677 3136 5731 est,
3168 5678 3226 5721 ttt
3259 5669 3418 5736 paulo

1839 5752 1997 5796 antea
2025 5740 2257 5808 explicat
2283 5755 2296 5790 :
2332 5739 2423 5801 Εἰς
2448 5739 2706 5808 ὁμοίωσιν
2739 5735 2835 5806 τὴν
2865 5736 3002 5806 πρὸς
3028 5739 3188 5791 αὑτὸν
3214 5735 3420 5792 arma.

1837 5829 1922 5889 γει
1971 5810 2164 5875 πάλιν,
2215 5808 2499 5880 ὁμοιωθεὶς
2544 5808 2622 5878 τῷ
2673 5808 2786 5877 ἰδίῳ
2827 5808 3112 5878 ποιήματι.
3170 5809 3418 5864 «Similis
