  <div class='ocr_page' id='page_1' title='image "/cluster/home/n/w/nwhite01/storage/ocr_20150623/11/hvd.32044024345175/303.png"; bbox 0 0 3962 6414; ppageno 0'>
   <div class='ocr_carea' id='block_1_1' title="bbox 528 413 634 468">
    <p class='ocr_par' dir='ltr' id='par_1_1' title="bbox 528 413 634 468">
     <span class='ocr_line' id='line_1_1' title="bbox 528 413 634 468; baseline 0 0"><span class='ocrx_word' id='word_1_1' title='bbox 528 413 634 468; x_wconf 75' lang='lat' dir='ltr'><strong>5J5</strong></span> 
     </span>
    </p>
   </div>
   <div class='ocr_carea' id='block_1_2' title="bbox 2006 399 2329 459">
    <p class='ocr_par' dir='ltr' id='par_1_2' title="bbox 2006 399 2329 459">
     <span class='ocr_line' id='line_1_2' title="bbox 2006 399 2329 459; baseline -0.015 0"><span class='ocrx_word' id='word_1_2' title='bbox 2006 399 2329 459; x_wconf 83' lang='lat' dir='ltr'><strong>ORIGENIS</strong></span> 
     </span>
    </p>
   </div>
   <div class='ocr_carea' id='block_1_3' title="bbox 3690 399 3786 458">
    <p class='ocr_par' dir='ltr' id='par_1_3' title="bbox 3690 399 3786 458">
     <span class='ocr_line' id='line_1_3' title="bbox 3690 399 3786 458; baseline -0.042 0"><span class='ocrx_word' id='word_1_3' title='bbox 3690 399 3786 458; x_wconf 80' lang='lat'><strong>596</strong></span> 
     </span>
    </p>
   </div>
   <div class='ocr_carea' id='block_1_4' title="bbox 604 491 2095 601">
    <p class='ocr_par' dir='ltr' id='par_1_4' title="bbox 604 527 2095 601">
     <span class='ocr_line' id='line_1_4' title="bbox 604 527 2095 601; baseline -0.006 -13"><span class='ocrx_word' id='word_1_4' title='bbox 604 533 698 588; x_wconf 74' lang='lat'><strong>26.</strong></span> <span class='ocrx_word' id='word_1_5' title='bbox 739 531 983 601; x_wconf 88' lang='lat' dir='ltr'><strong>Denique</strong></span> <span class='ocrx_word' id='word_1_6' title='bbox 1005 529 1493 586; x_wconf 89' lang='lat' dir='ltr'><strong>adolescentiorem</strong></span> <span class='ocrx_word' id='word_1_7' title='bbox 1517 527 1820 584; x_wconf 74' lang='lat' dir='ltr'><strong>Antiochus</strong></span> <span class='ocrx_word' id='word_1_8' title='bbox 1845 527 1895 581; x_wconf 91' lang='lat' dir='ltr'><strong>in</strong></span> <span class='ocrx_word' id='word_1_9' title='bbox 1923 542 2095 581; x_wconf 69' lang='lat' dir='ltr'><strong>manus</strong></span> 
     </span>
    </p>
   </div>
   <div class='ocr_carea' id='block_1_5' title="bbox 2203 491 3797 601">
    <p class='ocr_par' dir='ltr' id='par_1_5' title="bbox 2287 491 3797 588">
     <span class='ocr_line' id='line_1_5' title="bbox 2287 491 3797 588; baseline -0.009 -13"><span class='ocrx_word' id='word_1_10' title='bbox 2287 523 2606 575; x_wconf 87' lang='grc' dir='ltr'>Τελευταῖον</span> <span class='ocrx_word' id='word_1_11' title='bbox 2657 519 2714 572; x_wconf 85' lang='grc' dir='ltr'>δὲ</span> <span class='ocrx_word' id='word_1_12' title='bbox 2761 517 2851 571; x_wconf 82' lang='grc' dir='ltr'><strong>τὸν</strong></span> <span class='ocrx_word' id='word_1_13' title='bbox 2884 516 3143 588; x_wconf 87' lang='grc' dir='ltr'>νεώτερον</span> <span class='ocrx_word' id='word_1_14' title='bbox 3190 491 3462 584; x_wconf 80' lang='grc' dir='ltr'>Ἀντίοχος</span> <span class='ocrx_word' id='word_1_15' title='bbox 3493 515 3576 578; x_wconf 79' lang='grc' dir='ltr'><strong>είς</strong></span> <span class='ocrx_word' id='word_1_16' title='bbox 3618 513 3797 585; x_wconf 80' lang='grc' dir='ltr'>χεῖρας</span> 
     </span>
    </p>
   </div>
   <div class='ocr_carea' id='block_1_6' title="bbox 533 619 2107 693">
    <p class='ocr_par' dir='ltr' id='par_1_6' title="bbox 533 619 2107 693">
     <span class='ocr_line' id='line_1_6' title="bbox 533 619 2107 693; baseline -0.006 -12"><span class='ocrx_word' id='word_1_17' title='bbox 533 641 754 681; x_wconf 86' lang='lat' dir='ltr'><strong>sumens</strong></span> <span class='ocrx_word' id='word_1_18' title='bbox 804 638 1039 693; x_wconf 90' lang='lat' dir='ltr'><strong>eumque</strong></span> <span class='ocrx_word' id='word_1_19' title='bbox 1085 634 1424 693; x_wconf 80' lang='lat' dir='ltr'><strong>cognoscens</strong></span> <span class='ocrx_word' id='word_1_20' title='bbox 1464 621 1681 677; x_wconf 80' lang='lat' dir='ltr'><strong>illorum</strong></span> <span class='ocrx_word' id='word_1_21' title='bbox 1717 635 1846 676; x_wconf 88' lang='lat' dir='ltr'><strong>vere</strong></span> <span class='ocrx_word' id='word_1_22' title='bbox 1883 619 2107 673; x_wconf 77' lang='lat' dir='ltr'><strong>fratrem</strong></span> 
     </span>
    </p>
   </div>
   <div class='ocr_carea' id='block_1_7' title="bbox 531 712 2108 786">
    <p class='ocr_par' dir='ltr' id='par_1_7' title="bbox 531 712 2108 786">
     <span class='ocr_line' id='line_1_7' title="bbox 531 712 2108 786; baseline -0.003 -12"><span class='ocrx_word' id='word_1_23' title='bbox 531 734 657 774; x_wconf 91' lang='lat' dir='ltr'><strong>esse</strong></span> <span class='ocrx_word' id='word_1_24' title='bbox 687 720 778 786; x_wconf 87' lang='lat' dir='ltr'><strong>qui</strong></span> <span class='ocrx_word' id='word_1_25' title='bbox 811 714 1027 770; x_wconf 95' lang='lat' dir='ltr'><strong>dolores</strong></span> <span class='ocrx_word' id='word_1_26' title='bbox 1056 713 1324 783; x_wconf 82' lang='lat' dir='ltr'><strong>ejusmodi</strong></span> <span class='ocrx_word' id='word_1_27' title='bbox 1358 713 1514 770; x_wconf 84' lang='lat' dir='ltr'><strong>nihili</strong></span> <span class='ocrx_word' id='word_1_28' title='bbox 1552 713 1831 778; x_wconf 81' lang='lat' dir='ltr'><strong>facerent,</strong></span> <span class='ocrx_word' id='word_1_29' title='bbox 1854 712 2108 783; x_wconf 85' lang='lat' dir='ltr'><strong>idemque</strong></span> 
     </span>
    </p>
   </div>
   <div class='ocr_carea' id='block_1_8' title="bbox 529 805 2105 878">
    <p class='ocr_par' dir='ltr' id='par_1_8' title="bbox 529 805 2105 878">
     <span class='ocr_line' id='line_1_8' title="bbox 529 805 2105 878; baseline -0.002 -15"><span class='ocrx_word' id='word_1_30' title='bbox 529 825 598 863; x_wconf 89' lang='lat' dir='ltr'><strong>ac</strong></span> <span class='ocrx_word' id='word_1_31' title='bbox 629 808 748 863; x_wconf 91' lang='lat' dir='ltr'><strong>illos</strong></span> <span class='ocrx_word' id='word_1_32' title='bbox 775 808 1110 878; x_wconf 88' lang='lat' dir='ltr'><strong>propositum</strong></span> <span class='ocrx_word' id='word_1_33' title='bbox 1143 822 1400 872; x_wconf 87' lang='lat' dir='ltr'><strong>servarc,.</strong></span> <span class='ocrx_word' id='word_1_34' title='bbox 1424 805 1525 860; x_wconf 91' lang='lat' dir='ltr'><strong>alia</strong></span> <span class='ocrx_word' id='word_1_35' title='bbox 1551 807 1634 859; x_wconf 86' lang='lat' dir='ltr'><strong>via</strong></span> <span class='ocrx_word' id='word_1_36' title='bbox 1659 819 1949 876; x_wconf 74' lang='lat' dir='ltr'><strong>aggressus</strong></span> <span class='ocrx_word' id='word_1_37' title='bbox 1984 814 2105 870; x_wconf 89' lang='lat' dir='ltr'><strong>est,</strong></span> 
     </span>
    </p>
   </div>
   <div class='ocr_carea' id='block_1_9' title="bbox 527 898 2108 969">
    <p class='ocr_par' dir='ltr' id='par_1_9' title="bbox 527 898 2108 969">
     <span class='ocr_line' id='line_1_9' title="bbox 527 898 2108 969; baseline 0 -17"><span class='ocrx_word' id='word_1_38' title='bbox 527 909 728 968; x_wconf 88' lang='lat' dir='ltr'><strong>putans</strong></span> <span class='ocrx_word' id='word_1_39' title='bbox 759 914 883 952; x_wconf 90' lang='lat' dir='ltr'><strong>eum</strong></span> <span class='ocrx_word' id='word_1_40' title='bbox 907 910 962 952; x_wconf 93' lang='lat' dir='ltr'><strong>et</strong></span> <span class='ocrx_word' id='word_1_41' title='bbox 993 899 1177 953; x_wconf 82' lang='lat' dir='ltr'><strong>verbis</strong></span> <span class='ocrx_word' id='word_1_42' title='bbox 1209 898 1476 953; x_wconf 88' lang='lat' dir='ltr'><strong>hortando</strong></span> <span class='ocrx_word' id='word_1_43' title='bbox 1511 899 1839 966; x_wconf 86' lang='lat' dir='ltr'><strong>persuadere</strong></span> <span class='ocrx_word' id='word_1_44' title='bbox 1867 912 2024 969; x_wconf 88' lang='lat' dir='ltr'><strong>posse</strong></span> <span class='ocrx_word' id='word_1_45' title='bbox 2053 910 2108 954; x_wconf 91' lang='lat' dir='ltr'><strong>et</strong></span> 
     </span>
    </p>
   </div>
   <div class='ocr_carea' id='block_1_10' title="bbox 528 989 2106 1059">
    <p class='ocr_par' dir='ltr' id='par_1_10' title="bbox 528 989 2106 1059">
     <span class='ocr_line' id='line_1_10' title="bbox 528 989 2106 1059; baseline -0.001 -15"><span class='ocrx_word' id='word_1_46' title='bbox 528 1004 653 1044; x_wconf 91' lang='lat' dir='ltr'><strong>cum</strong></span> <span class='ocrx_word' id='word_1_47' title='bbox 706 989 1020 1059; x_wconf 74' lang='lat' dir='ltr'><strong>iuramento</strong></span> <span class='ocrx_word' id='word_1_48' title='bbox 1048 989 1372 1045; x_wconf 75' lang='lat' dir='ltr'><strong>affirmando</strong></span> <span class='ocrx_word' id='word_1_49' title='bbox 1418 1007 1436 1041; x_wconf 73' lang='grc' dir='ltr'><strong>ι</strong></span> <span class='ocrx_word' id='word_1_50' title='bbox 1457 1005 1515 1045; x_wconf 91' lang='lat' dir='ltr'><strong>se</strong></span> <span class='ocrx_word' id='word_1_51' title='bbox 1543 989 1763 1045; x_wconf 76' lang='lat' dir='ltr'><strong>divitem</strong></span> <span class='ocrx_word' id='word_1_52' title='bbox 1799 1000 1856 1045; x_wconf 87' lang='lat' dir='ltr'><strong>et</strong></span> <span class='ocrx_word' id='word_1_53' title='bbox 1887 991 2106 1045; x_wconf 88' lang='lat' dir='ltr'><strong>beatum</strong></span> 
     </span>
    </p>
   </div>
   <div class='ocr_carea' id='block_1_11' title="bbox 526 1083 2104 1155">
    <p class='ocr_par' dir='ltr' id='par_1_11' title="bbox 526 1083 2104 1155">
     <span class='ocr_line' id='line_1_11' title="bbox 526 1083 2104 1155; baseline 0.001 -18"><span class='ocrx_word' id='word_1_54' title='bbox 526 1084 799 1138; x_wconf 76' lang='lat' dir='ltr'><strong>facturum</strong></span> <span class='ocrx_word' id='word_1_55' title='bbox 844 1092 898 1139; x_wconf 89' lang='lat' dir='ltr'><strong>et</strong></span> <span class='ocrx_word' id='word_1_56' title='bbox 939 1083 1258 1139; x_wconf 88' lang='lat' dir='ltr'><strong>translatum</strong></span> <span class='ocrx_word' id='word_1_57' title='bbox 1309 1099 1337 1137; x_wconf 89' lang='lat' dir='ltr'><strong>a</strong></span> <span class='ocrx_word' id='word_1_58' title='bbox 1387 1084 1579 1154; x_wconf 91' lang='lat' dir='ltr'><strong>patriis</strong></span> <span class='ocrx_word' id='word_1_59' title='bbox 1621 1084 1831 1155; x_wconf 83' lang='lat' dir='ltr'><strong>legibus</strong></span> <span class='ocrx_word' id='word_1_60' title='bbox 1869 1087 2104 1140; x_wconf 87' lang='lat' dir='ltr'><strong>amicum</strong></span> 
     </span>
    </p>
   </div>
   <div class='ocr_carea' id='block_1_12' title="bbox 527 1174 2105 1246">
    <p class='ocr_par' dir='ltr' id='par_1_12' title="bbox 527 1174 2105 1246">
     <span class='ocr_line' id='line_1_12' title="bbox 527 1174 2105 1246; baseline -0.001 -15"><span class='ocrx_word' id='word_1_61' title='bbox 527 1174 843 1231; x_wconf 85' lang='lat' dir='ltr'><strong>habiturum</strong></span> <span class='ocrx_word' id='word_1_62' title='bbox 861 1215 876 1238; x_wconf 91' lang='lat'><strong>,</strong></span> <span class='ocrx_word' id='word_1_63' title='bbox 909 1184 966 1229; x_wconf 91' lang='lat' dir='ltr'><strong>et</strong></span> <span class='ocrx_word' id='word_1_64' title='bbox 995 1175 1213 1244; x_wconf 84' lang='lat' dir='ltr'><strong>negotia</strong></span> <span class='ocrx_word' id='word_1_65' title='bbox 1238 1175 1382 1246; x_wconf 84' lang='lat' dir='ltr'><strong>regia</strong></span> <span class='ocrx_word' id='word_1_66' title='bbox 1401 1176 1449 1230; x_wconf 89' lang='lat' dir='ltr'><strong>ei</strong></span> <span class='ocrx_word' id='word_1_67' title='bbox 1471 1175 1806 1231; x_wconf 87' lang='lat' dir='ltr'><strong>crediturum</strong></span> <span class='ocrx_word' id='word_1_68' title='bbox 1826 1176 1891 1231; x_wconf 76' lang='grc'><strong>⁸⁷.</strong></span> <span class='ocrx_word' id='word_1_69' title='bbox 1915 1195 1934 1227; x_wconf 69' lang='grc' dir='ltr'><strong>ι</strong></span> <span class='ocrx_word' id='word_1_70' title='bbox 1970 1176 2105 1231; x_wconf 89' lang='lat' dir='ltr'><strong>Cum</strong></span> 
     </span>
    </p>
   </div>
   <div class='ocr_carea' id='block_1_13' title="bbox 527 1266 2107 1337">
    <p class='ocr_par' dir='ltr' id='par_1_13' title="bbox 527 1266 2107 1337">
     <span class='ocr_line' id='line_1_13' title="bbox 527 1266 2107 1337; baseline 0.001 -17"><span class='ocrx_word' id='word_1_71' title='bbox 527 1277 712 1322; x_wconf 89' lang='lat' dir='ltr'><strong>autem</strong></span> <span class='ocrx_word' id='word_1_72' title='bbox 761 1267 896 1322; x_wconf 86' lang='lat' dir='ltr'><strong>nihil</strong></span> <span class='ocrx_word' id='word_1_73' title='bbox 931 1266 1250 1336; x_wconf 80' lang='lat' dir='ltr'><strong>proﬁceret,</strong></span> <span class='ocrx_word' id='word_1_74' title='bbox 1287 1282 1351 1322; x_wconf 89' lang='lat' dir='ltr'><strong>ac</strong></span> <span class='ocrx_word' id='word_1_75' title='bbox 1394 1281 1461 1322; x_wconf 90' lang='lat' dir='ltr'><strong>ne</strong></span> <span class='ocrx_word' id='word_1_76' title='bbox 1491 1267 1557 1321; x_wconf 91' lang='lat' dir='ltr'><strong>ab</strong></span> <span class='ocrx_word' id='word_1_77' title='bbox 1586 1267 1740 1322; x_wconf 91' lang='lat' dir='ltr'><strong>initio</strong></span> <span class='ocrx_word' id='word_1_78' title='bbox 1769 1267 1987 1337; x_wconf 88' lang='lat' dir='ltr'><strong>quidem</strong></span> <span class='ocrx_word' id='word_1_79' title='bbox 2025 1277 2107 1322; x_wconf 88' lang='lat' dir='ltr'><strong>at-</strong></span> 
     </span>
    </p>
   </div>
   <div class='ocr_carea' id='block_1_14' title="bbox 527 1360 2106 1432">
    <p class='ocr_par' dir='ltr' id='par_1_14' title="bbox 527 1360 2106 1432">
     <span class='ocr_line' id='line_1_14' title="bbox 527 1360 2106 1432; baseline 0.001 -18"><span class='ocrx_word' id='word_1_80' title='bbox 527 1361 780 1416; x_wconf 88' lang='lat' dir='ltr'><strong>tenderet</strong></span> <span class='ocrx_word' id='word_1_81' title='bbox 812 1360 1164 1425; x_wconf 83' lang='lat' dir='ltr'><strong>adolescens,</strong></span> <span class='ocrx_word' id='word_1_82' title='bbox 1200 1362 1398 1432; x_wconf 88' lang='lat' dir='ltr'><strong>quippe</strong></span> <span class='ocrx_word' id='word_1_83' title='bbox 1433 1361 1778 1416; x_wconf 85' lang='lat' dir='ltr'><strong>sermonibus</strong></span> <span class='ocrx_word' id='word_1_84' title='bbox 1829 1377 1858 1416; x_wconf 88' lang='lat' dir='ltr'><strong>a</strong></span> <span class='ocrx_word' id='word_1_85' title='bbox 1910 1377 2106 1431; x_wconf 86' lang='lat' dir='ltr'><strong>propo-</strong></span> 
     </span>
    </p>
   </div>
   <div class='ocr_carea' id='block_1_15' title="bbox 525 1453 2105 1524">
    <p class='ocr_par' dir='ltr' id='par_1_15' title="bbox 525 1453 2105 1524">
     <span class='ocr_line' id='line_1_15' title="bbox 525 1453 2105 1524; baseline -0.001 -16"><span class='ocrx_word' id='word_1_86' title='bbox 525 1454 635 1508; x_wconf 87' lang='lat' dir='ltr'><strong>sito</strong></span> <span class='ocrx_word' id='word_1_87' title='bbox 664 1470 764 1508; x_wconf 88' lang='lat' dir='ltr'><strong>suo</strong></span> <span class='ocrx_word' id='word_1_88' title='bbox 791 1453 952 1524; x_wconf 86' lang='lat' dir='ltr'><strong>plane</strong></span> <span class='ocrx_word' id='word_1_89' title='bbox 982 1453 1179 1508; x_wconf 89' lang='lat' dir='ltr'><strong>alienis</strong></span> <span class='ocrx_word' id='word_1_90' title='bbox 1201 1493 1218 1520; x_wconf 89' lang='lat'><strong>,</strong></span> <span class='ocrx_word' id='word_1_91' title='bbox 1247 1453 1464 1508; x_wconf 89' lang='lat' dir='ltr'><strong>vocavit</strong></span> <span class='ocrx_word' id='word_1_92' title='bbox 1496 1464 1726 1509; x_wconf 88' lang='lat' dir='ltr'><strong>matrem</strong></span> <span class='ocrx_word' id='word_1_93' title='bbox 1758 1464 1812 1508; x_wconf 90' lang='lat' dir='ltr'><strong>et</strong></span> <span class='ocrx_word' id='word_1_94' title='bbox 1838 1454 2105 1508; x_wconf 83' lang='lat' dir='ltr'><strong>suadebat</strong></span> 
     </span>
    </p>
   </div>
   <div class='ocr_carea' id='block_1_16' title="bbox 526 1545 2099 1603">
    <p class='ocr_par' dir='ltr' id='par_1_16' title="bbox 526 1545 2099 1603">
     <span class='ocr_line' id='line_1_16' title="bbox 526 1545 2099 1603; baseline 0 -3"><span class='ocrx_word' id='word_1_95' title='bbox 526 1546 578 1600; x_wconf 82' lang='lat' dir='ltr'><strong>ei</strong></span> <span class='ocrx_word' id='word_1_96' title='bbox 637 1556 696 1601; x_wconf 90' lang='lat' dir='ltr'><strong>ut</strong></span> <span class='ocrx_word' id='word_1_97' title='bbox 748 1546 1081 1602; x_wconf 88' lang='lat' dir='ltr'><strong>adolescenti</strong></span> <span class='ocrx_word' id='word_1_98' title='bbox 1118 1545 1402 1603; x_wconf 88' lang='lat' dir='ltr'><strong>consilium</strong></span> <span class='ocrx_word' id='word_1_99' title='bbox 1450 1546 1606 1601; x_wconf 88' lang='lat' dir='ltr'><strong>daret</strong></span> <span class='ocrx_word' id='word_1_100' title='bbox 1661 1549 1727 1600; x_wconf 88' lang='lat' dir='ltr'><strong>ad</strong></span> <span class='ocrx_word' id='word_1_101' title='bbox 1774 1547 2006 1600; x_wconf 88' lang='lat' dir='ltr'><strong>salutem</strong></span> <span class='ocrx_word' id='word_1_102' title='bbox 2035 1545 2099 1600; x_wconf 75' lang='grc'><strong>⁸³.</strong></span> 
     </span>
    </p>
   </div>
   <div class='ocr_carea' id='block_1_17' title="bbox 524 1634 2103 1707">
    <p class='ocr_par' dir='ltr' id='par_1_17' title="bbox 524 1634 2103 1707">
     <span class='ocr_line' id='line_1_17' title="bbox 524 1634 2103 1707; baseline 0.004 -21"><span class='ocrx_word' id='word_1_103' title='bbox 524 1634 658 1698; x_wconf 81' lang='lat' dir='ltr'><strong>Quae</strong></span> <span class='ocrx_word' id='word_1_104' title='bbox 692 1651 815 1692; x_wconf 91' lang='lat' dir='ltr'><strong>cum</strong></span> <span class='ocrx_word' id='word_1_105' title='bbox 853 1637 1191 1707; x_wconf 86' lang='lat' dir='ltr'><strong>promisisset</strong></span> <span class='ocrx_word' id='word_1_106' title='bbox 1236 1651 1524 1691; x_wconf 87' lang='lat' dir='ltr'><strong>suasuram</strong></span> <span class='ocrx_word' id='word_1_107' title='bbox 1569 1650 1627 1690; x_wconf 92' lang='lat' dir='ltr'><strong>se</strong></span> <span class='ocrx_word' id='word_1_108' title='bbox 1653 1635 1791 1689; x_wconf 76' lang='lat' dir='ltr'><strong>&#39;ﬁlio</strong></span> <span class='ocrx_word' id='word_1_109' title='bbox 1831 1650 1931 1690; x_wconf 91' lang='lat' dir='ltr'><strong>suo</strong></span> <span class='ocrx_word' id='word_1_110' title='bbox 1981 1651 2103 1706; x_wconf 68' lang='lat' dir='ltr'><strong>qua:</strong></span> 
     </span>
    </p>
   </div>
   <div class='ocr_carea' id='block_1_18' title="bbox 524 1726 2101 1801">
    <p class='ocr_par' dir='ltr' id='par_1_18' title="bbox 524 1726 2101 1801">
     <span class='ocr_line' id='line_1_18' title="bbox 524 1726 2101 1801; baseline 0.002 -20"><span class='ocrx_word' id='word_1_111' title='bbox 524 1730 718 1794; x_wconf 83' lang='lat' dir='ltr'><strong>vellet,</strong></span> <span class='ocrx_word' id='word_1_112' title='bbox 777 1728 1060 1785; x_wconf 71' lang='lat' dir='ltr'><strong>«irridens</strong></span> <span class='ocrx_word' id='word_1_113' title='bbox 1106 1739 1397 1801; x_wconf 85' lang='lat' dir='ltr'><strong>tyrannum</strong></span> <span class='ocrx_word' id='word_1_114' title='bbox 1417 1728 1462 1760; x_wconf 84' lang='grc'>⁸¹</span> <span class='ocrx_word' id='word_1_115' title='bbox 1494 1747 1512 1780; x_wconf 73' lang='grc' dir='ltr'><strong>ι</strong></span> <span class='ocrx_word' id='word_1_116' title='bbox 1551 1727 1720 1782; x_wconf 88' lang='lat' dir='ltr'><strong>multa</strong></span> <span class='ocrx_word' id='word_1_117' title='bbox 1762 1726 1875 1783; x_wconf 75' lang='lat' dir='ltr'><strong>tilio</strong></span> <span class='ocrx_word' id='word_1_118' title='bbox 1903 1727 1968 1784; x_wconf 87' lang='lat' dir='ltr'><strong>de</strong></span> <span class='ocrx_word' id='word_1_119' title='bbox 2002 1743 2101 1798; x_wconf 87' lang='lat' dir='ltr'><strong>pa-</strong></span> 
     </span>
    </p>
   </div>
   <div class='ocr_carea' id='block_1_19' title="bbox 524 1819 2101 1891">
    <p class='ocr_par' dir='ltr' id='par_1_19' title="bbox 524 1819 2101 1891">
     <span class='ocr_line' id='line_1_19' title="bbox 524 1819 2101 1891; baseline 0.002 -18"><span class='ocrx_word' id='word_1_120' title='bbox 524 1820 718 1874; x_wconf 82' lang='lat' dir='ltr'><strong>tientia</strong></span> <span class='ocrx_word' id='word_1_121' title='bbox 742 1819 906 1876; x_wconf 85' lang='lat' dir='ltr'><strong>verba</strong></span> <span class='ocrx_word' id='word_1_122' title='bbox 932 1820 1083 1887; x_wconf 77' lang='lat' dir='ltr'><strong>fecit,</strong></span> <span class='ocrx_word' id='word_1_123' title='bbox 1117 1822 1250 1876; x_wconf 87' lang='lat' dir='ltr'><strong>adeo</strong></span> <span class='ocrx_word' id='word_1_124' title='bbox 1273 1829 1330 1874; x_wconf 92' lang='lat' dir='ltr'><strong>ut</strong></span> <span class='ocrx_word' id='word_1_125' title='bbox 1354 1819 1575 1891; x_wconf 85' lang='lat' dir='ltr'><strong>juvenis</strong></span> <span class='ocrx_word' id='word_1_126' title='bbox 1600 1820 1804 1876; x_wconf 88' lang='lat' dir='ltr'><strong>intenta</strong></span> <span class='ocrx_word' id='word_1_127' title='bbox 1835 1821 2101 1890; x_wconf 78' lang='lat' dir='ltr'><strong>supplicia</strong></span> 
     </span>
    </p>
   </div>
   <div class='ocr_carea' id='block_1_20' title="bbox 523 1913 2105 1984">
    <p class='ocr_par' dir='ltr' id='par_1_20' title="bbox 523 1913 2105 1984">
     <span class='ocr_line' id='line_1_20' title="bbox 523 1913 2105 1984; baseline 0.002 -19"><span class='ocrx_word' id='word_1_128' title='bbox 523 1925 634 1965; x_wconf 90' lang='lat' dir='ltr'><strong>non</strong></span> <span class='ocrx_word' id='word_1_129' title='bbox 662 1914 1041 1983; x_wconf 62' lang='lat' dir='ltr'><strong>exspectaret;</strong></span> <span class='ocrx_word' id='word_1_130' title='bbox 1073 1913 1170 1968; x_wconf 90' lang='lat' dir='ltr'><strong>sed</strong></span> <span class='ocrx_word' id='word_1_131' title='bbox 1207 1922 1587 1982; x_wconf 60' lang='lat' dir='ltr'><strong>praeverteret,</strong></span> <span class='ocrx_word' id='word_1_132' title='bbox 1623 1922 1678 1969; x_wconf 91' lang='lat' dir='ltr'><strong>et</strong></span> <span class='ocrx_word' id='word_1_133' title='bbox 1714 1921 1949 1970; x_wconf 89' lang='lat' dir='ltr'><strong>tortores</strong></span> <span class='ocrx_word' id='word_1_134' title='bbox 1977 1929 2105 1984; x_wconf 87' lang='lat' dir='ltr'><strong>pro-</strong></span> 
     </span>
    </p>
   </div>
   <div class='ocr_carea' id='block_1_21' title="bbox 521 2002 2104 2074">
    <p class='ocr_par' dir='ltr' id='par_1_21' title="bbox 521 2002 2104 2074">
     <span class='ocr_line' id='line_1_21' title="bbox 521 2002 2104 2074; baseline 0.005 -21"><span class='ocrx_word' id='word_1_135' title='bbox 521 2011 750 2057; x_wconf 87' lang='lat' dir='ltr'><strong>vocaret</strong></span> <span class='ocrx_word' id='word_1_136' title='bbox 784 2002 1014 2059; x_wconf 90' lang='lat' dir='ltr'><strong>dicens:</strong></span> <span class='ocrx_word' id='word_1_137' title='bbox 1073 2003 1214 2071; x_wconf 84' lang='lat' dir='ltr'><strong>Quid</strong></span> <span class='ocrx_word' id='word_1_138' title='bbox 1247 2005 1614 2072; x_wconf 83' lang='lat' dir='ltr'><strong>cunctamini,</strong></span> <span class='ocrx_word' id='word_1_139' title='bbox 1668 2005 1798 2074; x_wconf 87' lang='lat' dir='ltr'><strong>quid</strong></span> <span class='ocrx_word' id='word_1_140' title='bbox 1835 2005 2104 2062; x_wconf 82' lang='lat' dir='ltr'><strong>cessatis?</strong></span> 
     </span>
    </p>
   </div>
   <div class='ocr_carea' id='block_1_22' title="bbox 523 2090 2105 2166">
    <p class='ocr_par' dir='ltr' id='par_1_22' title="bbox 523 2090 2105 2166">
     <span class='ocr_line' id='line_1_22' title="bbox 523 2090 2105 2166; baseline 0.003 -20"><span class='ocrx_word' id='word_1_141' title='bbox 523 2090 810 2147; x_wconf 86' lang='lat' dir='ltr'><strong>obedimus</strong></span> <span class='ocrx_word' id='word_1_142' title='bbox 841 2092 945 2164; x_wconf 79' lang='lat' dir='ltr'><strong>legi</strong></span> <span class='ocrx_word' id='word_1_143' title='bbox 973 2108 1006 2166; x_wconf 10' lang='lat' dir='ltr'><strong>Va</strong></span> <span class='ocrx_word' id='word_1_144' title='bbox 1031 2093 1143 2149; x_wconf 88' lang='lat' dir='ltr'><strong>Deo</strong></span> <span class='ocrx_word' id='word_1_145' title='bbox 1168 2095 1341 2163; x_wconf 72' lang='lat' dir='ltr'><strong>datas;</strong></span> <span class='ocrx_word' id='word_1_146' title='bbox 1373 2096 1576 2152; x_wconf 89' lang='lat' dir='ltr'><strong>divinis</strong></span> <span class='ocrx_word' id='word_1_147' title='bbox 1606 2096 1947 2153; x_wconf 89' lang='lat' dir='ltr'><strong>sermonibus</strong></span> <span class='ocrx_word' id='word_1_148' title='bbox 1973 2111 2105 2153; x_wconf 89' lang='lat' dir='ltr'><strong>eon-</strong></span> 
     </span>
    </p>
   </div>
   <div class='ocr_carea' id='block_1_23' title="bbox 523 2183 2102 2256">
    <p class='ocr_par' dir='ltr' id='par_1_23' title="bbox 523 2183 2102 2256">
     <span class='ocr_line' id='line_1_23' title="bbox 523 2183 2102 2256; baseline 0.004 -20"><span class='ocrx_word' id='word_1_149' title='bbox 523 2183 705 2238; x_wconf 72' lang='lat' dir='ltr'><strong>traria</strong></span> <span class='ocrx_word' id='word_1_150' title='bbox 726 2184 902 2240; x_wconf 89' lang='lat' dir='ltr'><strong>edicta</strong></span> <span class='ocrx_word' id='word_1_151' title='bbox 933 2184 1145 2241; x_wconf 87' lang='lat' dir='ltr'><strong>admitti</strong></span> <span class='ocrx_word' id='word_1_152' title='bbox 1176 2202 1282 2242; x_wconf 93' lang='lat' dir='ltr'><strong>non</strong></span> <span class='ocrx_word' id='word_1_153' title='bbox 1328 2187 1551 2244; x_wconf 88' lang='lat' dir='ltr'><strong>debent.</strong></span> <span class='ocrx_word' id='word_1_154' title='bbox 1595 2189 1904 2256; x_wconf 83' lang='lat' dir='ltr'><strong>Quinetiam</strong></span> <span class='ocrx_word' id='word_1_155' title='bbox 1937 2187 2102 2242; x_wconf 85' lang='lat' dir='ltr'><strong>veluti</strong></span> 
     </span>
    </p>
   </div>
   <div class='ocr_carea' id='block_1_24' title="bbox 523 2274 2101 2348">
    <p class='ocr_par' dir='ltr' id='par_1_24' title="bbox 523 2274 2101 2348">
     <span class='ocr_line' id='line_1_24' title="bbox 523 2274 2101 2348; baseline 0.004 -21"><span class='ocrx_word' id='word_1_156' title='bbox 523 2288 624 2328; x_wconf 77' lang='lat' dir='ltr'><strong>rex</strong></span> <span class='ocrx_word' id='word_1_157' title='bbox 657 2274 852 2344; x_wconf 88' lang='lat' dir='ltr'><strong>aliquis</strong></span> <span class='ocrx_word' id='word_1_158' title='bbox 885 2276 976 2347; x_wconf 90' lang='lat' dir='ltr'><strong>qui</strong></span> <span class='ocrx_word' id='word_1_159' title='bbox 1020 2276 1090 2332; x_wconf 91' lang='lat' dir='ltr'><strong>de</strong></span> <span class='ocrx_word' id='word_1_160' title='bbox 1123 2278 1358 2334; x_wconf 91' lang='lat' dir='ltr'><strong>subditis</strong></span> <span class='ocrx_word' id='word_1_161' title='bbox 1406 2279 1637 2348; x_wconf 88' lang='lat' dir='ltr'><strong>imperio</strong></span> <span class='ocrx_word' id='word_1_162' title='bbox 1680 2294 1779 2335; x_wconf 91' lang='lat' dir='ltr'><strong>suo</strong></span> <span class='ocrx_word' id='word_1_163' title='bbox 1827 2279 2101 2347; x_wconf 86' lang='lat' dir='ltr'><strong>ediceret,</strong></span> 
     </span>
    </p>
   </div>
   <div class='ocr_carea' id='block_1_25' title="bbox 518 2365 2103 2442">
    <p class='ocr_par' dir='ltr' id='par_1_25' title="bbox 518 2365 2103 2442">
     <span class='ocr_line' id='line_1_25' title="bbox 518 2365 2103 2442; baseline 0.004 -23"><span class='ocrx_word' id='word_1_164' title='bbox 518 2365 785 2435; x_wconf 84' lang='lat' dir='ltr'><strong>judicium</strong></span> <span class='ocrx_word' id='word_1_165' title='bbox 816 2367 872 2421; x_wconf 92' lang='lat' dir='ltr'><strong>in</strong></span> <span class='ocrx_word' id='word_1_166' title='bbox 906 2377 1194 2438; x_wconf 88' lang='lat' dir='ltr'><strong>tyrannum</strong></span> <span class='ocrx_word' id='word_1_167' title='bbox 1227 2369 1380 2424; x_wconf 91' lang='lat' dir='ltr'><strong>illum</strong></span> <span class='ocrx_word' id='word_1_168' title='bbox 1413 2372 1697 2441; x_wconf 87' lang='lat' dir='ltr'><strong>proposuit</strong></span> <span class='ocrx_word' id='word_1_169' title='bbox 1727 2371 1893 2442; x_wconf 74' lang='lat' dir='ltr'><strong>judex</strong></span> <span class='ocrx_word' id='word_1_170' title='bbox 1923 2372 2103 2441; x_wconf 89' lang='lat' dir='ltr'><strong>potius</strong></span> 
     </span>
    </p>
   </div>
   <div class='ocr_carea' id='block_1_26' title="bbox 524 2461 2102 2533">
    <p class='ocr_par' dir='ltr' id='par_1_26' title="bbox 524 2461 2102 2533">
     <span class='ocr_line' id='line_1_26' title="bbox 524 2461 2102 2533; baseline 0.006 -23"><span class='ocrx_word' id='word_1_171' title='bbox 524 2473 689 2524; x_wconf 84' lang='lat' dir='ltr'><strong>quam</strong></span> <span class='ocrx_word' id='word_1_172' title='bbox 734 2473 892 2525; x_wconf 90' lang='lat' dir='ltr'><strong>reus,</strong></span> <span class='ocrx_word' id='word_1_173' title='bbox 925 2469 981 2515; x_wconf 90' lang='lat' dir='ltr'><strong>et</strong></span> <span class='ocrx_word' id='word_1_174' title='bbox 1013 2461 1151 2517; x_wconf 86' lang='lat' dir='ltr'><strong>dixit</strong></span> <span class='ocrx_word' id='word_1_175' title='bbox 1196 2462 1314 2518; x_wconf 81' lang='lat' dir='ltr'><strong>fore</strong></span> <span class='ocrx_word' id='word_1_176' title='bbox 1359 2472 1418 2518; x_wconf 88' lang='lat' dir='ltr'><strong>ut</strong></span> <span class='ocrx_word' id='word_1_177' title='bbox 1471 2464 1730 2533; x_wconf 91' lang='lat' dir='ltr'><strong>quoniam</strong></span> <span class='ocrx_word' id='word_1_178' title='bbox 1781 2465 2102 2520; x_wconf 77' lang='lat' dir='ltr'><strong>cmleslibus</strong></span> 
     </span>
    </p>
   </div>
   <div class='ocr_carea' id='block_1_27' title="bbox 521 2555 2102 2630">
    <p class='ocr_par' dir='ltr' id='par_1_27' title="bbox 521 2555 2102 2630">
     <span class='ocr_line' id='line_1_27' title="bbox 521 2555 2102 2630; baseline 0.005 -22"><span class='ocrx_word' id='word_1_179' title='bbox 521 2555 712 2626; x_wconf 89' lang='lat' dir='ltr'><strong>pueris</strong></span> <span class='ocrx_word' id='word_1_180' title='bbox 745 2571 939 2610; x_wconf 89' lang='lat' dir='ltr'><strong>manus</strong></span> <span class='ocrx_word' id='word_1_181' title='bbox 967 2556 1260 2623; x_wconf 85' lang='lat' dir='ltr'><strong>intulerat,</strong></span> <span class='ocrx_word' id='word_1_182' title='bbox 1305 2577 1324 2610; x_wconf 83' lang='grc'>‹</span> <span class='ocrx_word' id='word_1_183' title='bbox 1349 2560 1737 2630; x_wconf 87' lang='lat' dir='ltr'><strong>omnipotentis</strong></span> <span class='ocrx_word' id='word_1_184' title='bbox 1773 2560 1866 2617; x_wconf 87' lang='lat' dir='ltr'><strong>Dei</strong></span> <span class='ocrx_word' id='word_1_185' title='bbox 1899 2572 1951 2617; x_wconf 90' lang='lat' dir='ltr'><strong>et</strong></span> <span class='ocrx_word' id='word_1_186' title='bbox 1983 2577 2102 2617; x_wconf 88' lang='lat' dir='ltr'><strong>om-</strong></span> 
     </span>
    </p>
   </div>
   <div class='ocr_carea' id='block_1_28' title="bbox 522 2651 1865 2726">
    <p class='ocr_par' dir='ltr' id='par_1_28' title="bbox 522 2651 1865 2726">
     <span class='ocr_line' id='line_1_28' title="bbox 522 2651 1865 2726; baseline 0.003 -22"><span class='ocrx_word' id='word_1_187' title='bbox 522 2651 616 2705; x_wconf 88' lang='lat' dir='ltr'><strong>nia</strong></span> <span class='ocrx_word' id='word_1_188' title='bbox 651 2651 991 2720; x_wconf 81' lang='lat' dir='ltr'><strong>inspicientis</strong></span> <span class='ocrx_word' id='word_1_189' title='bbox 1036 2653 1304 2723; x_wconf 87' lang='lat' dir='ltr'><strong>judicium</strong></span> <span class='ocrx_word' id='word_1_190' title='bbox 1337 2668 1444 2710; x_wconf 91' lang='lat' dir='ltr'><strong>non</strong></span> <span class='ocrx_word' id='word_1_191' title='bbox 1477 2653 1820 2726; x_wconf 76' lang='lat' dir='ltr'><strong>eﬂ‘ogeret&quot;.</strong></span> <span class='ocrx_word' id='word_1_192' title='bbox 1845 2674 1865 2708; x_wconf 76' lang='grc' dir='ltr'><strong>ι</strong></span> 
     </span>
    </p>
   </div>
   <div class='ocr_carea' id='block_1_29' title="bbox 588 2917 2097 2976">
    <p class='ocr_par' dir='ltr' id='par_1_29' title="bbox 588 2917 2097 2976">
     <span class='ocr_line' id='line_1_29' title="bbox 588 2917 2097 2976; baseline 0.003 -5"><span class='ocrx_word' id='word_1_193' title='bbox 588 2917 680 2972; x_wconf 74' lang='grc'><strong>27.</strong></span> <span class='ocrx_word' id='word_1_194' title='bbox 722 2917 943 2972; x_wconf 84' lang='lat' dir='ltr'><strong>Illorum</strong></span> <span class='ocrx_word' id='word_1_195' title='bbox 993 2919 1160 2974; x_wconf 88' lang='lat' dir='ltr'><strong>etiam</strong></span> <span class='ocrx_word' id='word_1_196' title='bbox 1210 2929 1440 2974; x_wconf 87' lang='lat' dir='ltr'><strong>matrem</strong></span> <span class='ocrx_word' id='word_1_197' title='bbox 1481 2919 1664 2975; x_wconf 89' lang='lat' dir='ltr'><strong>videre</strong></span> <span class='ocrx_word' id='word_1_198' title='bbox 1695 2930 1818 2975; x_wconf 84' lang='lat' dir='ltr'><strong>erat</strong></span> <span class='ocrx_word' id='word_1_199' title='bbox 1860 2921 2097 2976; x_wconf 79' lang='lat' dir='ltr'><strong>ﬁliorum</strong></span> 
     </span>
    </p>
   </div>
   <div class='ocr_carea' id='block_1_30' title="bbox 521 3015 2099 3086">
    <p class='ocr_par' dir='ltr' id='par_1_30' title="bbox 521 3015 2099 3086">
     <span class='ocr_line' id='line_1_30' title="bbox 521 3015 2099 3086; baseline 0.001 -17"><span class='ocrx_word' id='word_1_200' title='bbox 521 3015 798 3071; x_wconf 87' lang='lat' dir='ltr'><strong>cruciatus</strong></span> <span class='ocrx_word' id='word_1_201' title='bbox 844 3024 899 3070; x_wconf 87' lang='lat' dir='ltr'><strong>et</strong></span> <span class='ocrx_word' id='word_1_202' title='bbox 948 3028 1113 3070; x_wconf 88' lang='lat' dir='ltr'><strong>neces</strong></span> <span class='ocrx_word' id='word_1_203' title='bbox 1155 3015 1298 3070; x_wconf 89' lang='lat' dir='ltr'><strong>bono</strong></span> <span class='ocrx_word' id='word_1_204' title='bbox 1345 3017 1527 3070; x_wconf 89' lang='lat' dir='ltr'><strong>animo</strong></span> <span class='ocrx_word' id='word_1_205' title='bbox 1564 3015 1828 3078; x_wconf 81' lang='lat' dir='ltr'><strong>ferentem</strong></span> <span class='ocrx_word' id='word_1_206' title='bbox 1877 3024 2099 3086; x_wconf 87' lang='lat' dir='ltr'><strong>propter</strong></span> 
     </span>
    </p>
   </div>
   <div class='ocr_carea' id='block_1_31' title="bbox 521 3106 2096 3176">
    <p class='ocr_par' dir='ltr' id='par_1_31' title="bbox 521 3106 2096 3176">
     <span class='ocr_line' id='line_1_31' title="bbox 521 3106 2096 3176; baseline 0.001 -16"><span class='ocrx_word' id='word_1_207' title='bbox 521 3107 737 3161; x_wconf 86' lang='lat' dir='ltr'><strong>divinas</strong></span> <span class='ocrx_word' id='word_1_208' title='bbox 766 3121 926 3176; x_wconf 87' lang='lat' dir='ltr'><strong>spes;</strong></span> <span class='ocrx_word' id='word_1_209' title='bbox 973 3121 1064 3161; x_wconf 89' lang='lat' dir='ltr'><strong>ros</strong></span> <span class='ocrx_word' id='word_1_210' title='bbox 1110 3107 1254 3161; x_wconf 90' lang='lat' dir='ltr'><strong>enim</strong></span> <span class='ocrx_word' id='word_1_211' title='bbox 1293 3106 1510 3176; x_wconf 87' lang='lat' dir='ltr'><strong>pietatis</strong></span> <span class='ocrx_word' id='word_1_212' title='bbox 1541 3117 1596 3162; x_wconf 90' lang='lat' dir='ltr'><strong>et</strong></span> <span class='ocrx_word' id='word_1_213' title='bbox 1630 3124 1762 3161; x_wconf 87' lang='lat' dir='ltr'><strong>aura</strong></span> <span class='ocrx_word' id='word_1_214' title='bbox 1788 3107 2096 3162; x_wconf 85' lang='lat' dir='ltr'><strong>sanctitatis</strong></span> 
     </span>
    </p>
   </div>
   <div class='ocr_carea' id='block_1_32' title="bbox 520 3171 2095 3271">
    <p class='ocr_par' dir='ltr' id='par_1_32' title="bbox 520 3197 2094 3270">
     <span class='ocr_line' id='line_1_32' title="bbox 520 3197 2094 3270; baseline 0.001 -18"><span class='ocrx_word' id='word_1_215' title='bbox 520 3214 629 3253; x_wconf 90' lang='lat' dir='ltr'><strong>non</strong></span> <span class='ocrx_word' id='word_1_216' title='bbox 657 3199 871 3253; x_wconf 85' lang='lat' dir='ltr'><strong>sinebat</strong></span> <span class='ocrx_word' id='word_1_217' title='bbox 911 3199 964 3252; x_wconf 88' lang='lat' dir='ltr'><strong>in</strong></span> <span class='ocrx_word' id='word_1_218' title='bbox 989 3198 1288 3254; x_wconf 85' lang='lat' dir='ltr'><strong>visceribus</strong></span> <span class='ocrx_word' id='word_1_219' title='bbox 1323 3197 1443 3266; x_wconf 85' lang='lat' dir='ltr'><strong>ejus</strong></span> <span class='ocrx_word' id='word_1_220' title='bbox 1471 3199 1690 3254; x_wconf 77' lang='lat' dir='ltr'><strong>accendi</strong></span> <span class='ocrx_word' id='word_1_221' title='bbox 1729 3199 1908 3270; x_wconf 74' lang='lat' dir='ltr'><strong>ignem</strong></span> <span class='ocrx_word' id='word_1_222' title='bbox 1945 3197 2094 3254; x_wconf 90' lang='lat' dir='ltr'><strong>illum</strong></span> 
     </span>
    </p>
   </div>
   <div class='ocr_carea' id='block_1_33' title="bbox 2203 3171 3059 3271">
    <p class='ocr_par' dir='ltr' id='par_1_33' title="bbox 2203 3171 3059 3244">
     <span class='ocr_line' id='line_1_33' title="bbox 2203 3171 3059 3244; baseline -0.013 -10"><span class='ocrx_word' id='word_1_223' title='bbox 2203 3178 2484 3240; x_wconf 82' lang='grc' dir='ltr'>εὐσεϐείας</span> <span class='ocrx_word' id='word_1_224' title='bbox 2515 3176 2608 3229; x_wconf 72' lang='grc' dir='ltr'><strong>καὶ</strong></span> <span class='ocrx_word' id='word_1_225' title='bbox 2637 3172 2852 3244; x_wconf 89' lang='grc' dir='ltr'>πνεῦμα</span> <span class='ocrx_word' id='word_1_226' title='bbox 2878 3171 3059 3242; x_wconf 85' lang='grc' dir='ltr'>όσιότη</span> 
     </span>
    </p>
   </div>
   <div class='ocr_carea' id='block_1_34' title="bbox 521 3289 2096 3360">
    <p class='ocr_par' dir='ltr' id='par_1_34' title="bbox 521 3289 2096 3360">
     <span class='ocr_line' id='line_1_34' title="bbox 521 3289 2096 3360; baseline 0.001 -16"><span class='ocrx_word' id='word_1_227' title='bbox 521 3289 758 3344; x_wconf 82' lang='lat' dir='ltr'><strong>materni</strong></span> <span class='ocrx_word' id='word_1_228' title='bbox 785 3291 988 3345; x_wconf 90' lang='lat' dir='ltr'><strong>amoris</strong></span> <span class='ocrx_word' id='word_1_229' title='bbox 1025 3305 1134 3358; x_wconf 91' lang='lat' dir='ltr'><strong>quo</strong></span> <span class='ocrx_word' id='word_1_230' title='bbox 1165 3297 1368 3343; x_wconf 89' lang='lat' dir='ltr'><strong>matres</strong></span> <span class='ocrx_word' id='word_1_231' title='bbox 1406 3289 1590 3344; x_wconf 68' lang='lat' dir='ltr'><strong>multa:</strong></span> <span class='ocrx_word' id='word_1_232' title='bbox 1627 3289 1773 3346; x_wconf 89' lang='lat' dir='ltr'><strong>velut</strong></span> <span class='ocrx_word' id='word_1_233' title='bbox 1808 3290 1859 3343; x_wconf 92' lang='lat' dir='ltr'><strong>in</strong></span> <span class='ocrx_word' id='word_1_234' title='bbox 1885 3291 2096 3360; x_wconf 87' lang='lat' dir='ltr'><strong>gravis-</strong></span> 
     </span>
    </p>
   </div>
   <div class='ocr_carea' id='block_1_35' title="bbox 520 3379 2092 3451">
    <p class='ocr_par' dir='ltr' id='par_1_35' title="bbox 520 3379 2092 3451">
     <span class='ocr_line' id='line_1_35' title="bbox 520 3379 2092 3451; baseline -0.001 -16"><span class='ocrx_word' id='word_1_235' title='bbox 520 3381 674 3436; x_wconf 83' lang='lat' dir='ltr'><strong>simis</strong></span> <span class='ocrx_word' id='word_1_236' title='bbox 697 3381 852 3437; x_wconf 88' lang='lat' dir='ltr'><strong>malis</strong></span> <span class='ocrx_word' id='word_1_237' title='bbox 875 3380 1284 3451; x_wconf 83' lang='lat' dir='ltr'><strong>deﬂagrassent.</strong></span> <span class='ocrx_word' id='word_1_238' title='bbox 1317 3379 1570 3435; x_wconf 79' lang='lat' dir='ltr'><strong>Arbitror</strong></span> <span class='ocrx_word' id='word_1_239' title='bbox 1600 3394 1684 3434; x_wconf 94' lang='lat' dir='ltr'><strong>me</strong></span> <span class='ocrx_word' id='word_1_240' title='bbox 1708 3379 1993 3434; x_wconf 87' lang='lat' dir='ltr'><strong>utilissime</strong></span> <span class='ocrx_word' id='word_1_241' title='bbox 2022 3381 2092 3434; x_wconf 90' lang='lat' dir='ltr'><strong>ad</strong></span> 
     </span>
    </p>
   </div>
   <div class='ocr_carea' id='block_1_36' title="bbox 521 3467 2094 3541">
    <p class='ocr_par' dir='ltr' id='par_1_36' title="bbox 521 3467 2094 3541">
     <span class='ocr_line' id='line_1_36' title="bbox 521 3467 2094 3541; baseline 0.003 -20"><span class='ocrx_word' id='word_1_242' title='bbox 521 3472 862 3538; x_wconf 89' lang='lat' dir='ltr'><strong>propositum</strong></span> <span class='ocrx_word' id='word_1_243' title='bbox 912 3471 1028 3523; x_wconf 82' lang='lat' dir='ltr'><strong>haec</strong></span> <span class='ocrx_word' id='word_1_244' title='bbox 1066 3467 1307 3522; x_wconf 88' lang='lat' dir='ltr'><strong>breviter</strong></span> <span class='ocrx_word' id='word_1_245' title='bbox 1338 3483 1369 3522; x_wconf 91' lang='lat' dir='ltr'><strong>e</strong></span> <span class='ocrx_word' id='word_1_246' title='bbox 1414 3467 1700 3537; x_wconf 90' lang='lat' dir='ltr'><strong>Scriptura</strong></span> <span class='ocrx_word' id='word_1_247' title='bbox 1746 3471 2094 3541; x_wconf 88' lang='lat' dir='ltr'><strong>proposuisse</strong></span> 
     </span>
    </p>
   </div>
   <div class='ocr_carea' id='block_1_37' title="bbox 522 3559 2092 3628">
    <p class='ocr_par' dir='ltr' id='par_1_37' title="bbox 522 3559 2092 3628">
     <span class='ocr_line' id='line_1_37' title="bbox 522 3559 2092 3628; baseline 0.003 -14"><span class='ocrx_word' id='word_1_248' title='bbox 522 3569 582 3614; x_wconf 94' lang='lat' dir='ltr'><strong>ut</strong></span> <span class='ocrx_word' id='word_1_249' title='bbox 615 3560 894 3614; x_wconf 86' lang='lat' dir='ltr'><strong>videamus</strong></span> <span class='ocrx_word' id='word_1_250' title='bbox 927 3560 1056 3628; x_wconf 90' lang='lat' dir='ltr'><strong>quid</strong></span> <span class='ocrx_word' id='word_1_251' title='bbox 1089 3559 1354 3616; x_wconf 83' lang='lat' dir='ltr'><strong>adversus</strong></span> <span class='ocrx_word' id='word_1_252' title='bbox 1386 3561 1667 3615; x_wconf 89' lang='lat' dir='ltr'><strong>cruciatus</strong></span> <span class='ocrx_word' id='word_1_253' title='bbox 1708 3562 2092 3618; x_wconf 85' lang='lat' dir='ltr'><strong>acerbissimos</strong></span> 
     </span>
    </p>
   </div>
   <div class='ocr_carea' id='block_1_38' title="bbox 519 3651 2088 3724">
    <p class='ocr_par' dir='ltr' id='par_1_38' title="bbox 519 3651 2088 3724">
     <span class='ocr_line' id='line_1_38' title="bbox 519 3651 2088 3724; baseline 0.003 -18"><span class='ocrx_word' id='word_1_254' title='bbox 519 3660 578 3706; x_wconf 91' lang='lat' dir='ltr'><strong>et</strong></span> <span class='ocrx_word' id='word_1_255' title='bbox 608 3651 927 3721; x_wconf 75' lang='lat' dir='ltr'><strong>gravissima</strong></span> <span class='ocrx_word' id='word_1_256' title='bbox 962 3662 1232 3708; x_wconf 89' lang='lat' dir='ltr'><strong>tormenta</strong></span> <span class='ocrx_word' id='word_1_257' title='bbox 1286 3654 1460 3724; x_wconf 91' lang='lat' dir='ltr'><strong>possit</strong></span> <span class='ocrx_word' id='word_1_258' title='bbox 1495 3654 1671 3722; x_wconf 91' lang='lat' dir='ltr'><strong>pietas</strong></span> <span class='ocrx_word' id='word_1_259' title='bbox 1711 3663 1766 3708; x_wconf 91' lang='lat' dir='ltr'><strong>et</strong></span> <span class='ocrx_word' id='word_1_260' title='bbox 1814 3670 1967 3709; x_wconf 91' lang='lat' dir='ltr'><strong>amor</strong></span> <span class='ocrx_word' id='word_1_261' title='bbox 2001 3657 2088 3711; x_wconf 87' lang='lat' dir='ltr'><strong>Dei</strong></span> 
     </span>
    </p>
   </div>
   <div class='ocr_carea' id='block_1_39' title="bbox 520 3743 1462 3816">
    <p class='ocr_par' dir='ltr' id='par_1_39' title="bbox 520 3743 1462 3816">
     <span class='ocr_line' id='line_1_39' title="bbox 520 3743 1462 3816; baseline 0.004 -20"><span class='ocrx_word' id='word_1_262' title='bbox 520 3745 716 3814; x_wconf 90' lang='lat' dir='ltr'><strong>quovis</strong></span> <span class='ocrx_word' id='word_1_263' title='bbox 753 3758 940 3800; x_wconf 89' lang='lat' dir='ltr'><strong>amore</strong></span> <span class='ocrx_word' id='word_1_264' title='bbox 979 3743 1139 3816; x_wconf 76' lang='lat' dir='ltr'><strong>longe</strong></span> <span class='ocrx_word' id='word_1_265' title='bbox 1169 3746 1462 3816; x_wconf 90' lang='lat' dir='ltr'><strong>potentior.</strong></span> 
     </span>
    </p>
   </div>
   <div class='ocr_carea' id='block_1_40' title="bbox 588 3983 2087 4064">
    <p class='ocr_par' dir='ltr' id='par_1_40' title="bbox 588 3983 2087 4064">
     <span class='ocr_line' id='line_1_40' title="bbox 588 3983 2087 4064; baseline 0.007 -26"><span class='ocrx_word' id='word_1_266' title='bbox 588 3983 680 4040; x_wconf 77' lang='lat'><strong>28.</strong></span> <span class='ocrx_word' id='word_1_267' title='bbox 750 3984 918 4052; x_wconf 83' lang='lat' dir='ltr'><strong>Quale</strong></span> <span class='ocrx_word' id='word_1_268' title='bbox 981 4003 1114 4044; x_wconf 89' lang='lat' dir='ltr'><strong>vero</strong></span> <span class='ocrx_word' id='word_1_269' title='bbox 1182 3989 1256 4044; x_wconf 86' lang='lat' dir='ltr'><strong>sit</strong></span> <span class='ocrx_word' id='word_1_270' title='bbox 1316 3994 1638 4062; x_wconf 86' lang='lat' dir='ltr'><strong>martyrium</strong></span> <span class='ocrx_word' id='word_1_271' title='bbox 1704 4002 1760 4048; x_wconf 90' lang='lat' dir='ltr'><strong>et</strong></span> <span class='ocrx_word' id='word_1_272' title='bbox 1827 4003 2087 4064; x_wconf 89' lang='lat' dir='ltr'><strong>quantam</strong></span> 
     </span>
    </p>
   </div>
   <div class='ocr_carea' id='block_1_41' title="bbox 517 4079 2089 4154">
    <p class='ocr_par' dir='ltr' id='par_1_41' title="bbox 517 4079 2089 4154">
     <span class='ocr_line' id='line_1_41' title="bbox 517 4079 2089 4154; baseline 0.006 -21"><span class='ocrx_word' id='word_1_273' title='bbox 517 4093 640 4133; x_wconf 87' lang='lat' dir='ltr'><strong>cum</strong></span> <span class='ocrx_word' id='word_1_274' title='bbox 696 4079 806 4134; x_wconf 89' lang='lat' dir='ltr'><strong>Deo</strong></span> <span class='ocrx_word' id='word_1_275' title='bbox 871 4081 1061 4150; x_wconf 75' lang='lat' dir='ltr'><strong>agendi</strong></span> <span class='ocrx_word' id='word_1_276' title='bbox 1137 4081 1446 4138; x_wconf 89' lang='lat' dir='ltr'><strong>libertatem</strong></span> <span class='ocrx_word' id='word_1_277' title='bbox 1519 4087 1762 4154; x_wconf 89' lang='lat' dir='ltr'><strong>tribuat,</strong></span> <span class='ocrx_word' id='word_1_278' title='bbox 1838 4098 1893 4143; x_wconf 92' lang='lat' dir='ltr'><strong>et</strong></span> <span class='ocrx_word' id='word_1_279' title='bbox 1958 4089 2089 4143; x_wconf 88' lang='lat' dir='ltr'><strong>hinc</strong></span> 
     </span>
    </p>
   </div>
   <div class='ocr_carea' id='block_1_42' title="bbox 517 4173 2086 4248">
    <p class='ocr_par' dir='ltr' id='par_1_42' title="bbox 517 4173 2086 4248">
     <span class='ocr_line' id='line_1_42' title="bbox 517 4173 2086 4248; baseline 0.006 -22"><span class='ocrx_word' id='word_1_280' title='bbox 517 4173 772 4241; x_wconf 83' lang='lat' dir='ltr'><strong>cegnosci</strong></span> <span class='ocrx_word' id='word_1_281' title='bbox 843 4183 1042 4243; x_wconf 88' lang='lat' dir='ltr'><strong>potest.</strong></span> <span class='ocrx_word' id='word_1_282' title='bbox 1116 4175 1251 4231; x_wconf 89' lang='lat' dir='ltr'><strong>Cum</strong></span> <span class='ocrx_word' id='word_1_283' title='bbox 1313 4177 1461 4232; x_wconf 89' lang='lat' dir='ltr'><strong>vinci</strong></span> <span class='ocrx_word' id='word_1_284' title='bbox 1527 4179 1660 4233; x_wconf 89' lang='lat' dir='ltr'><strong>nolit</strong></span> <span class='ocrx_word' id='word_1_285' title='bbox 1715 4180 1807 4248; x_wconf 92' lang='lat' dir='ltr'><strong>qui</strong></span> <span class='ocrx_word' id='word_1_286' title='bbox 1864 4189 2086 4235; x_wconf 86' lang='lat' dir='ltr'><strong>sanctus</strong></span> 
     </span>
    </p>
   </div>
   <div class='ocr_carea' id='block_1_43' title="bbox 516 4265 2084 4341">
    <p class='ocr_par' dir='ltr' id='par_1_43' title="bbox 516 4265 2084 4341">
     <span class='ocr_line' id='line_1_43' title="bbox 516 4265 2084 4341; baseline 0.005 -22"><span class='ocrx_word' id='word_1_287' title='bbox 516 4275 638 4329; x_wconf 89' lang='lat' dir='ltr'><strong>est,</strong></span> <span class='ocrx_word' id='word_1_288' title='bbox 710 4265 950 4336; x_wconf 89' lang='lat' dir='ltr'><strong>velitque</strong></span> <span class='ocrx_word' id='word_1_289' title='bbox 1013 4269 1271 4324; x_wconf 82' lang='lat' dir='ltr'><strong>beneﬁcia</strong></span> <span class='ocrx_word' id='word_1_290' title='bbox 1353 4272 1652 4339; x_wconf 86' lang='lat' dir='ltr'><strong>rependere</strong></span> <span class='ocrx_word' id='word_1_291' title='bbox 1709 4272 1903 4341; x_wconf 90' lang='lat' dir='ltr'><strong>quibus</strong></span> <span class='ocrx_word' id='word_1_292' title='bbox 1960 4287 2084 4327; x_wconf 89' lang='lat' dir='ltr'><strong>eum</strong></span> 
     </span>
    </p>
   </div>
   <div class='ocr_carea' id='block_1_44' title="bbox 517 4357 2085 4432">
    <p class='ocr_par' dir='ltr' id='par_1_44' title="bbox 517 4357 2085 4432">
     <span class='ocr_line' id='line_1_44' title="bbox 517 4357 2085 4432; baseline 0.005 -19"><span class='ocrx_word' id='word_1_293' title='bbox 517 4357 676 4429; x_wconf 79' lang='lat'><strong>291</strong></span> <span class='ocrx_word' id='word_1_294' title='bbox 711 4357 856 4414; x_wconf 88' lang='lat' dir='ltr'><strong>Deus</strong></span> <span class='ocrx_word' id='word_1_295' title='bbox 888 4361 1186 4429; x_wconf 75' lang='lat' dir='ltr'><strong>pmvenit,</strong></span> <span class='ocrx_word' id='word_1_296' title='bbox 1217 4362 1414 4431; x_wconf 66' lang='lat' dir='ltr'><strong>qumrit</strong></span> <span class='ocrx_word' id='word_1_297' title='bbox 1461 4362 1591 4432; x_wconf 89' lang='lat' dir='ltr'><strong>quid</strong></span> <span class='ocrx_word' id='word_1_298' title='bbox 1642 4363 1874 4420; x_wconf 90' lang='lat' dir='ltr'><strong>Domino</strong></span> <span class='ocrx_word' id='word_1_299' title='bbox 1921 4365 2085 4421; x_wconf 83' lang='lat' dir='ltr'><strong>faciat</strong></span> 
     </span>
    </p>
   </div>
   <div class='ocr_carea' id='block_1_45' title="bbox 512 4450 2085 4525">
    <p class='ocr_par' dir='ltr' id='par_1_45' title="bbox 512 4450 2085 4525">
     <span class='ocr_line' id='line_1_45' title="bbox 512 4450 2085 4525; baseline 0.004 -22"><span class='ocrx_word' id='word_1_300' title='bbox 512 4463 612 4519; x_wconf 88' lang='lat' dir='ltr'><strong>pro</strong></span> <span class='ocrx_word' id='word_1_301' title='bbox 646 4450 918 4506; x_wconf 84' lang='lat' dir='ltr'><strong>universis</strong></span> <span class='ocrx_word' id='word_1_302' title='bbox 949 4466 1070 4520; x_wconf 68' lang='lat' dir='ltr'><strong>quae</strong></span> <span class='ocrx_word' id='word_1_303' title='bbox 1098 4455 1166 4506; x_wconf 92' lang='lat' dir='ltr'><strong>ab</strong></span> <span class='ocrx_word' id='word_1_304' title='bbox 1193 4451 1286 4506; x_wconf 91' lang='lat' dir='ltr'><strong>illo</strong></span> <span class='ocrx_word' id='word_1_305' title='bbox 1316 4454 1567 4522; x_wconf 88' lang='lat' dir='ltr'><strong>accepit;</strong></span> <span class='ocrx_word' id='word_1_306' title='bbox 1620 4469 1720 4509; x_wconf 90' lang='lat' dir='ltr'><strong>nec</strong></span> <span class='ocrx_word' id='word_1_307' title='bbox 1759 4454 1900 4509; x_wconf 86' lang='lat' dir='ltr'><strong>aliud</strong></span> <span class='ocrx_word' id='word_1_308' title='bbox 1934 4456 2085 4525; x_wconf 88' lang='lat' dir='ltr'><strong>quid-</strong></span> 
     </span>
    </p>
   </div>
   <div class='ocr_carea' id='block_1_46' title="bbox 512 4541 2085 4615">
    <p class='ocr_par' dir='ltr' id='par_1_46' title="bbox 512 4541 2085 4615">
     <span class='ocr_line' id='line_1_46' title="bbox 512 4541 2085 4615; baseline 0.006 -23"><span class='ocrx_word' id='word_1_309' title='bbox 512 4555 675 4611; x_wconf 83' lang='lat' dir='ltr'><strong>quam</strong></span> <span class='ocrx_word' id='word_1_310' title='bbox 724 4541 931 4596; x_wconf 87' lang='lat' dir='ltr'><strong>invenit</strong></span> <span class='ocrx_word' id='word_1_311' title='bbox 981 4543 1130 4612; x_wconf 88' lang='lat' dir='ltr'><strong>quod</strong></span> <span class='ocrx_word' id='word_1_312' title='bbox 1180 4543 1352 4613; x_wconf 92' lang='lat' dir='ltr'><strong>possit</strong></span> <span class='ocrx_word' id='word_1_313' title='bbox 1394 4545 1558 4599; x_wconf 83' lang='lat' dir='ltr'><strong>homo</strong></span> <span class='ocrx_word' id='word_1_314' title='bbox 1606 4555 1794 4615; x_wconf 87' lang='lat' dir='ltr'><strong>gratus</strong></span> <span class='ocrx_word' id='word_1_315' title='bbox 1830 4546 1936 4600; x_wconf 89' lang='lat' dir='ltr'><strong>Deo</strong></span> <span class='ocrx_word' id='word_1_316' title='bbox 1965 4547 2085 4602; x_wconf 87' lang='lat' dir='ltr'><strong>red-</strong></span> 
     </span>
    </p>
   </div>
   <div class='ocr_carea' id='block_1_47' title="bbox 513 4633 2087 4709">
    <p class='ocr_par' dir='ltr' id='par_1_47' title="bbox 513 4633 2087 4709">
     <span class='ocr_line' id='line_1_47' title="bbox 513 4633 2087 4709; baseline 0.004 -22"><span class='ocrx_word' id='word_1_317' title='bbox 513 4633 643 4688; x_wconf 88' lang='lat' dir='ltr'><strong>dere</strong></span> <span class='ocrx_word' id='word_1_318' title='bbox 691 4649 792 4689; x_wconf 90' lang='lat' dir='ltr'><strong>ceu</strong></span> <span class='ocrx_word' id='word_1_319' title='bbox 861 4637 1068 4705; x_wconf 60' lang='lat' dir='ltr'><strong>atquale</strong></span> <span class='ocrx_word' id='word_1_320' title='bbox 1130 4636 1442 4701; x_wconf 84' lang='lat' dir='ltr'><strong>beneﬁciis,</strong></span> <span class='ocrx_word' id='word_1_321' title='bbox 1495 4652 1657 4706; x_wconf 86' lang='lat' dir='ltr'><strong>quam</strong></span> <span class='ocrx_word' id='word_1_322' title='bbox 1711 4637 1764 4691; x_wconf 88' lang='lat' dir='ltr'><strong>in</strong></span> <span class='ocrx_word' id='word_1_323' title='bbox 1824 4639 2087 4709; x_wconf 80' lang='lat' dir='ltr'><strong>martyrio</strong></span> 
     </span>
    </p>
   </div>
   <div class='ocr_carea' id='block_1_48' title="bbox 512 4725 2084 4795">
    <p class='ocr_par' dir='ltr' id='par_1_48' title="bbox 512 4725 2084 4795">
     <span class='ocr_line' id='line_1_48' title="bbox 512 4725 2084 4795; baseline 0.004 -18"><span class='ocrx_word' id='word_1_324' title='bbox 512 4725 674 4779; x_wconf 89' lang='lat' dir='ltr'><strong>mori.</strong></span> <span class='ocrx_word' id='word_1_325' title='bbox 709 4725 983 4795; x_wconf 89' lang='lat' dir='ltr'><strong>Scriptum</strong></span> <span class='ocrx_word' id='word_1_326' title='bbox 1036 4737 1120 4782; x_wconf 91' lang='lat' dir='ltr'><strong>est</strong></span> <span class='ocrx_word' id='word_1_327' title='bbox 1163 4727 1342 4782; x_wconf 89' lang='lat' dir='ltr'><strong>enim:</strong></span> <span class='ocrx_word' id='word_1_328' title='bbox 1392 4745 1410 4779; x_wconf 76' lang='grc' dir='ltr'><strong>ι</strong></span> <span class='ocrx_word' id='word_1_329' title='bbox 1450 4728 1589 4795; x_wconf 89' lang='lat' dir='ltr'><strong>Quid</strong></span> <span class='ocrx_word' id='word_1_330' title='bbox 1632 4730 1933 4785; x_wconf 89' lang='lat' dir='ltr'><strong>retribuam</strong></span> <span class='ocrx_word' id='word_1_331' title='bbox 1979 4731 2084 4784; x_wconf 88' lang='lat' dir='ltr'><strong>Do-</strong></span> 
     </span>
    </p>
   </div>
   <div class='ocr_carea' id='block_1_49' title="bbox 509 4813 2080 4886">
    <p class='ocr_par' dir='ltr' id='par_1_49' title="bbox 509 4813 2080 4886">
     <span class='ocr_line' id='line_1_49' title="bbox 509 4813 2080 4886; baseline 0.006 -20"><span class='ocrx_word' id='word_1_332' title='bbox 509 4813 661 4869; x_wconf 89' lang='lat' dir='ltr'><strong>mino</strong></span> <span class='ocrx_word' id='word_1_333' title='bbox 695 4831 796 4884; x_wconf 90' lang='lat' dir='ltr'><strong>pro</strong></span> <span class='ocrx_word' id='word_1_334' title='bbox 826 4817 1081 4872; x_wconf 90' lang='lat' dir='ltr'><strong>omnibus</strong></span> <span class='ocrx_word' id='word_1_335' title='bbox 1110 4831 1231 4886; x_wconf 85' lang='lat' dir='ltr'><strong>quae</strong></span> <span class='ocrx_word' id='word_1_336' title='bbox 1261 4818 1516 4873; x_wconf 88' lang='lat' dir='ltr'><strong>retribuit</strong></span> <span class='ocrx_word' id='word_1_337' title='bbox 1542 4819 1673 4873; x_wconf 88' lang='lat' dir='ltr'><strong>mihi</strong></span> <span class='ocrx_word' id='word_1_338' title='bbox 1700 4819 1722 4872; x_wconf 70' lang='grc' dir='ltr'><strong>ἲ</strong></span> <span class='ocrx_word' id='word_1_339' title='bbox 1751 4837 1768 4870; x_wconf 77' lang='grc' dir='ltr'><strong>ι</strong></span> <span class='ocrx_word' id='word_1_340' title='bbox 1802 4818 1867 4874; x_wconf 83' lang='grc' dir='ltr'>Ει</span> <span class='ocrx_word' id='word_1_341' title='bbox 1892 4819 2041 4873; x_wconf 89' lang='lat' dir='ltr'><strong>addit</strong></span> <span class='ocrx_word' id='word_1_342' title='bbox 2067 4839 2080 4875; x_wconf 89' lang='lat'><strong>:</strong></span> 
     </span>
    </p>
   </div>
   <div class='ocr_carea' id='block_1_50' title="bbox 512 4903 2083 4976">
    <p class='ocr_par' dir='ltr' id='par_1_50' title="bbox 512 4903 2083 4976">
     <span class='ocr_line' id='line_1_50' title="bbox 512 4903 2083 4976; baseline 0.006 -21"><span class='ocrx_word' id='word_1_343' title='bbox 512 4921 535 4955; x_wconf 71' lang='grc' dir='ltr'><strong>ι</strong></span> <span class='ocrx_word' id='word_1_344' title='bbox 579 4903 814 4960; x_wconf 88' lang='lat' dir='ltr'><strong>Calicem</strong></span> <span class='ocrx_word' id='word_1_345' title='bbox 858 4907 1115 4962; x_wconf 89' lang='lat' dir='ltr'><strong>salutaris</strong></span> <span class='ocrx_word' id='word_1_346' title='bbox 1153 4907 1458 4976; x_wconf 84' lang='lat' dir='ltr'><strong>accipiam,</strong></span> <span class='ocrx_word' id='word_1_347' title='bbox 1506 4917 1562 4960; x_wconf 88' lang='lat' dir='ltr'><strong>et</strong></span> <span class='ocrx_word' id='word_1_348' title='bbox 1613 4923 1812 4964; x_wconf 90' lang='lat' dir='ltr'><strong>nomen</strong></span> <span class='ocrx_word' id='word_1_349' title='bbox 1869 4910 2083 4966; x_wconf 89' lang='lat' dir='ltr'><strong>Domini</strong></span> 
     </span>
    </p>
   </div>
   <div class='ocr_carea' id='block_1_51' title="bbox 508 4997 2083 5072">
    <p class='ocr_par' dir='ltr' id='par_1_51' title="bbox 508 4997 2083 5072">
     <span class='ocr_line' id='line_1_51' title="bbox 508 4997 2083 5072; baseline 0.004 -22"><span class='ocrx_word' id='word_1_350' title='bbox 508 4997 775 5052; x_wconf 88' lang='lat' dir='ltr'><strong>invocabo</strong></span> <span class='ocrx_word' id='word_1_351' title='bbox 798 4999 864 5050; x_wconf 82' lang='lat'><strong>&quot;.</strong></span> <span class='ocrx_word' id='word_1_352' title='bbox 894 5017 914 5051; x_wconf 75' lang='grc' dir='ltr'><strong>ι</strong></span> <span class='ocrx_word' id='word_1_353' title='bbox 955 4997 1108 5054; x_wconf 90' lang='lat' dir='ltr'><strong>Solet</strong></span> <span class='ocrx_word' id='word_1_354' title='bbox 1137 5011 1319 5055; x_wconf 88' lang='lat' dir='ltr'><strong>autem</strong></span> <span class='ocrx_word' id='word_1_355' title='bbox 1353 5000 1673 5072; x_wconf 89' lang='lat' dir='ltr'><strong>martyrium</strong></span> <span class='ocrx_word' id='word_1_356' title='bbox 1710 5019 1729 5052; x_wconf 75' lang='grc' dir='ltr'><strong>ι</strong></span> <span class='ocrx_word' id='word_1_357' title='bbox 1761 5003 1900 5056; x_wconf 77' lang='lat' dir='ltr'><strong>calix</strong></span> <span class='ocrx_word' id='word_1_358' title='bbox 1936 5004 2083 5057; x_wconf 87' lang='lat' dir='ltr'><strong>salu-</strong></span> 
     </span>
    </p>
   </div>
   <div class='ocr_carea' id='block_1_52' title="bbox 508 5087 2078 5163">
    <p class='ocr_par' dir='ltr' id='par_1_52' title="bbox 508 5087 2078 5163">
     <span class='ocr_line' id='line_1_52' title="bbox 508 5087 2078 5163; baseline 0.004 -22"><span class='ocrx_word' id='word_1_359' title='bbox 508 5087 640 5142; x_wconf 87' lang='lat' dir='ltr'><strong>taris</strong></span> <span class='ocrx_word' id='word_1_360' title='bbox 677 5106 696 5141; x_wconf 69' lang='grc' dir='ltr'><strong>ι</strong></span> <span class='ocrx_word' id='word_1_361' title='bbox 740 5091 965 5155; x_wconf 88' lang='lat' dir='ltr'><strong>vocari,</strong></span> <span class='ocrx_word' id='word_1_362' title='bbox 1022 5097 1080 5144; x_wconf 89' lang='lat' dir='ltr'><strong>ut</strong></span> <span class='ocrx_word' id='word_1_363' title='bbox 1128 5090 1182 5145; x_wconf 91' lang='lat' dir='ltr'><strong>in</strong></span> <span class='ocrx_word' id='word_1_364' title='bbox 1227 5089 1522 5163; x_wconf 75' lang='lat' dir='ltr'><strong>Evangelia</strong></span> <span class='ocrx_word' id='word_1_365' title='bbox 1568 5094 1890 5160; x_wconf 86' lang='lat' dir='ltr'><strong>reperimus.</strong></span> <span class='ocrx_word' id='word_1_366' title='bbox 1944 5093 2078 5148; x_wconf 89' lang='lat' dir='ltr'><strong>Cum</strong></span> 
     </span>
    </p>
   </div>
   <div class='ocr_carea' id='block_1_53' title="bbox 2219 602 3798 677">
    <p class='ocr_par' dir='ltr' id='par_1_53' title="bbox 2219 602 3798 677">
     <span class='ocr_line' id='line_1_53' title="bbox 2219 602 3798 677; baseline -0.008 -9"><span class='ocrx_word' id='word_1_367' title='bbox 2219 613 2423 677; x_wconf 87' lang='grc' dir='ltr'>λαϐὼν,</span> <span class='ocrx_word' id='word_1_368' title='bbox 2455 611 2550 665; x_wconf 79' lang='grc' dir='ltr'><strong>καὶ</strong></span> <span class='ocrx_word' id='word_1_369' title='bbox 2576 609 2820 674; x_wconf 76' lang='grc' dir='ltr'>πεισθεὶς</span> <span class='ocrx_word' id='word_1_370' title='bbox 2849 609 2942 662; x_wconf 71' lang='grc' dir='ltr'><strong>καὶ</strong></span> <span class='ocrx_word' id='word_1_371' title='bbox 2961 608 3150 662; x_wconf 88' lang='grc' dir='ltr'>τοῦτον</span> <span class='ocrx_word' id='word_1_372' title='bbox 3183 602 3322 663; x_wconf 82' lang='grc' dir='ltr'>εἶναι</span> <span class='ocrx_word' id='word_1_373' title='bbox 3354 605 3580 675; x_wconf 79' lang='grc' dir='ltr'>ἀδελφὸν</span> <span class='ocrx_word' id='word_1_374' title='bbox 3610 604 3719 656; x_wconf 81' lang='grc' dir='ltr'><strong>τῶν</strong></span> <span class='ocrx_word' id='word_1_375' title='bbox 3745 606 3798 657; x_wconf 84' lang='grc' dir='ltr'>ὲν</span> 
     </span>
    </p>
   </div>
   <div class='ocr_carea' id='block_1_54' title="bbox 2216 693 3797 774">
    <p class='ocr_par' dir='ltr' id='par_1_54' title="bbox 2216 693 3797 774">
     <span class='ocr_line' id='line_1_54' title="bbox 2216 693 3797 774; baseline -0.008 -16"><span class='ocrx_word' id='word_1_376' title='bbox 2216 704 2392 758; x_wconf 77' lang='grc' dir='ltr'>οὐδενὶ</span> <span class='ocrx_word' id='word_1_377' title='bbox 2423 701 2755 774; x_wconf 80' lang='grc' dir='ltr'><strong>τηλικαύτας</strong></span> <span class='ocrx_word' id='word_1_378' title='bbox 2782 699 3079 770; x_wconf 84' lang='grc' dir='ltr'><strong>ἀλγηδόνας</strong></span> <span class='ocrx_word' id='word_1_379' title='bbox 3106 697 3370 770; x_wconf 80' lang='grc' dir='ltr'><strong>θεμένων,</strong></span> <span class='ocrx_word' id='word_1_380' title='bbox 3392 696 3485 749; x_wconf 69' lang='grc' dir='ltr'><strong>καὶ</strong></span> <span class='ocrx_word' id='word_1_381' title='bbox 3511 695 3611 766; x_wconf 78' lang='grc' dir='ltr'>τὴν</span> <span class='ocrx_word' id='word_1_382' title='bbox 3635 693 3797 766; x_wconf 79' lang='grc' dir='ltr'>αὐτὴν</span> 
     </span>
    </p>
   </div>
   <div class='ocr_carea' id='block_1_55' title="bbox 2215 777 3794 866">
    <p class='ocr_par' dir='ltr' id='par_1_55' title="bbox 2215 777 3794 866">
     <span class='ocr_line' id='line_1_55' title="bbox 2215 777 3794 866; baseline -0.009 -17"><span class='ocrx_word' id='word_1_383' title='bbox 2215 795 2359 866; x_wconf 80' lang='grc' dir='ltr'>ἔχειν</span> <span class='ocrx_word' id='word_1_384' title='bbox 2408 795 2635 857; x_wconf 89' lang='grc' dir='ltr'>ἐκείνοις</span> <span class='ocrx_word' id='word_1_385' title='bbox 2671 792 3021 863; x_wconf 89' lang='grc' dir='ltr'>προαίρεσιν,</span> <span class='ocrx_word' id='word_1_386' title='bbox 3071 789 3189 843; x_wconf 75' lang='grc' dir='ltr'>ἀλλ’</span> <span class='ocrx_word' id='word_1_387' title='bbox 3222 787 3430 856; x_wconf 82' lang='grc' dir='ltr'>ἐφόδοις</span> <span class='ocrx_word' id='word_1_388' title='bbox 3460 785 3535 856; x_wconf 88' lang='grc'><strong>(8)</strong></span> <span class='ocrx_word' id='word_1_389' title='bbox 3570 777 3794 857; x_wconf 78' lang='grc' dir='ltr'>ἐχρῆτο·</span> 
     </span>
    </p>
   </div>
   <div class='ocr_carea' id='block_1_56' title="bbox 2213 875 3795 959">
    <p class='ocr_par' dir='ltr' id='par_1_56' title="bbox 2213 875 3795 959">
     <span class='ocr_line' id='line_1_56' title="bbox 2213 875 3795 959; baseline -0.011 -17"><span class='ocrx_word' id='word_1_390' title='bbox 2213 884 2452 959; x_wconf 79' lang='grc' dir='ltr'>νομίζων</span> <span class='ocrx_word' id='word_1_391' title='bbox 2479 885 2639 938; x_wconf 86' lang='grc' dir='ltr'>αὐτὸν</span> <span class='ocrx_word' id='word_1_392' title='bbox 2671 881 3048 954; x_wconf 77' lang='grc' dir='ltr'>παρακλήσεσι</span> <span class='ocrx_word' id='word_1_393' title='bbox 3089 877 3514 949; x_wconf 79' lang='grc' dir='ltr'>πεισθήσεσθαι,</span> <span class='ocrx_word' id='word_1_394' title='bbox 3547 875 3641 928; x_wconf 88' lang='grc' dir='ltr'><strong>καί</strong></span> <span class='ocrx_word' id='word_1_395' title='bbox 3682 877 3795 939; x_wconf 83' lang='grc' dir='ltr'>ταῖς</span> 
     </span>
    </p>
   </div>
   <div class='ocr_carea' id='block_1_57' title="bbox 2211 967 3796 1050">
    <p class='ocr_par' dir='ltr' id='par_1_57' title="bbox 2211 967 3796 1050">
     <span class='ocr_line' id='line_1_57' title="bbox 2211 967 3796 1050; baseline -0.01 -17"><span class='ocrx_word' id='word_1_396' title='bbox 2211 979 2282 1032; x_wconf 88' lang='grc' dir='ltr'>δι’</span> <span class='ocrx_word' id='word_1_397' title='bbox 2305 980 2485 1050; x_wconf 81' lang='grc' dir='ltr'>ὅρκων</span> <span class='ocrx_word' id='word_1_398' title='bbox 2513 974 2808 1030; x_wconf 82' lang='grc' dir='ltr'>πιστώσεσι</span> <span class='ocrx_word' id='word_1_399' title='bbox 2834 973 2960 1044; x_wconf 77' lang='grc' dir='ltr'>περὶ</span> <span class='ocrx_word' id='word_1_400' title='bbox 2992 971 3085 1025; x_wconf 90' lang='grc' dir='ltr'><strong>τοῦ</strong></span> <span class='ocrx_word' id='word_1_401' title='bbox 3125 990 3142 1022; x_wconf 85' lang='grc'><em>‹</em></span> <span class='ocrx_word' id='word_1_402' title='bbox 3172 969 3425 1022; x_wconf 75' lang='grc' dir='ltr'>πλούσιον</span> <span class='ocrx_word' id='word_1_403' title='bbox 3457 968 3621 1020; x_wconf 77' lang='grc' dir='ltr'>αὐτὸν</span> <span class='ocrx_word' id='word_1_404' title='bbox 3649 967 3796 1037; x_wconf 83' lang='grc' dir='ltr'>ποιή-</span> 
     </span>
    </p>
   </div>
   <div class='ocr_carea' id='block_1_58' title="bbox 2213 1058 3794 1142">
    <p class='ocr_par' dir='ltr' id='par_1_58' title="bbox 2213 1058 3794 1142">
     <span class='ocr_line' id='line_1_58' title="bbox 2213 1058 3794 1142; baseline -0.009 -17"><span class='ocrx_word' id='word_1_405' title='bbox 2213 1088 2326 1125; x_wconf 83' lang='grc' dir='ltr'>σειν</span> <span class='ocrx_word' id='word_1_406' title='bbox 2379 1071 2473 1124; x_wconf 69' lang='lat' dir='ltr'><strong>mi.</strong></span> <span class='ocrx_word' id='word_1_407' title='bbox 2519 1066 2856 1142; x_wconf 83' lang='grc' dir='ltr'>μακαριστὸν</span> <span class='ocrx_word' id='word_1_408' title='bbox 2901 1062 3265 1136; x_wconf 80' lang='grc' dir='ltr'>μεταθέμενόν</span> <span class='ocrx_word' id='word_1_409' title='bbox 3295 1080 3355 1115; x_wconf 90' lang='grc' dir='ltr'><strong>τε</strong></span> <span class='ocrx_word' id='word_1_410' title='bbox 3397 1061 3506 1115; x_wconf 65' lang='grc' dir='ltr'>ἀπὸ</span> <span class='ocrx_word' id='word_1_411' title='bbox 3555 1058 3664 1112; x_wconf 81' lang='grc' dir='ltr'>τῶν</span> <span class='ocrx_word' id='word_1_412' title='bbox 3692 1075 3794 1112; x_wconf 86' lang='grc' dir='ltr'>πα-</span> 
     </span>
    </p>
   </div>
   <div class='ocr_carea' id='block_1_59' title="bbox 2209 1151 3796 1234">
    <p class='ocr_par' dir='ltr' id='par_1_59' title="bbox 2209 1151 3796 1234">
     <span class='ocr_line' id='line_1_59' title="bbox 2209 1151 3796 1234; baseline -0.007 -20"><span class='ocrx_word' id='word_1_413' title='bbox 2209 1162 2394 1234; x_wconf 87' lang='grc' dir='ltr'>τρίων,</span> <span class='ocrx_word' id='word_1_414' title='bbox 2433 1165 2508 1226; x_wconf 78' lang='grc' dir='ltr'><strong>είς</strong></span> <span class='ocrx_word' id='word_1_415' title='bbox 2548 1160 2734 1230; x_wconf 87' lang='grc' dir='ltr'>φίλους</span> <span class='ocrx_word' id='word_1_416' title='bbox 2761 1157 3264 1228; x_wconf 82' lang='grc' dir='ltr'>ἐγκαταταχθῆναι,</span> <span class='ocrx_word' id='word_1_417' title='bbox 3299 1154 3394 1208; x_wconf 66' lang='grc' dir='ltr'><strong>καλ¹</strong></span> <span class='ocrx_word' id='word_1_418' title='bbox 3433 1154 3623 1226; x_wconf 82' lang='grc' dir='ltr'>χρείας</span> <span class='ocrx_word' id='word_1_419' title='bbox 3651 1151 3796 1222; x_wconf 79' lang='grc' dir='ltr'>βασι-</span> 
     </span>
    </p>
   </div>
   <div class='ocr_carea' id='block_1_60' title="bbox 2209 1243 3794 1324">
    <p class='ocr_par' dir='ltr' id='par_1_60' title="bbox 2209 1243 3794 1324">
     <span class='ocr_line' id='line_1_60' title="bbox 2209 1243 3794 1324; baseline -0.006 -18"><span class='ocrx_word' id='word_1_420' title='bbox 2209 1252 2367 1318; x_wconf 88' lang='grc' dir='ltr'>λικὰς</span> <span class='ocrx_word' id='word_1_421' title='bbox 2409 1251 2892 1324; x_wconf 80' lang='grc' dir='ltr'>ἐμπιστευθῆναι.»</span> <span class='ocrx_word' id='word_1_422' title='bbox 2947 1250 3034 1312; x_wconf 84' lang='grc' dir='ltr'>Ὡς</span> <span class='ocrx_word' id='word_1_423' title='bbox 3065 1247 3108 1300; x_wconf 87' lang='grc' dir='ltr'>δ’</span> <span class='ocrx_word' id='word_1_424' title='bbox 3134 1248 3285 1300; x_wconf 82' lang='grc' dir='ltr'>οὐδὲν</span> <span class='ocrx_word' id='word_1_425' title='bbox 3316 1247 3467 1316; x_wconf 72' lang='grc' dir='ltr'>ἤνυε,</span> <span class='ocrx_word' id='word_1_426' title='bbox 3492 1245 3591 1316; x_wconf 86' lang='grc' dir='ltr'><strong>τὴν</strong></span> <span class='ocrx_word' id='word_1_427' title='bbox 3626 1243 3794 1316; x_wconf 78' lang='grc' dir='ltr'>ἀρχὴν</span> 
     </span>
    </p>
   </div>
   <div class='ocr_carea' id='block_1_61' title="bbox 2213 1333 3796 1416">
    <p class='ocr_par' dir='ltr' id='par_1_61' title="bbox 2213 1333 3796 1416">
     <span class='ocr_line' id='line_1_61' title="bbox 2213 1333 3796 1416; baseline -0.009 -18"><span class='ocrx_word' id='word_1_428' title='bbox 2213 1345 2348 1416; x_wconf 85' lang='grc' dir='ltr'><strong>μηδέ</strong></span> <span class='ocrx_word' id='word_1_429' title='bbox 2397 1344 2756 1416; x_wconf 81' lang='grc' dir='ltr'>προσέχοντος</span> <span class='ocrx_word' id='word_1_430' title='bbox 2797 1339 2891 1392; x_wconf 91' lang='grc' dir='ltr'><strong>τοῦ</strong></span> <span class='ocrx_word' id='word_1_431' title='bbox 2946 1337 3157 1392; x_wconf 83' lang='grc' dir='ltr'>νεανίου</span> <span class='ocrx_word' id='word_1_432' title='bbox 3211 1335 3286 1400; x_wconf 82' lang='grc' dir='ltr'>ὡς</span> <span class='ocrx_word' id='word_1_433' title='bbox 3346 1333 3648 1404; x_wconf 69' lang='grc' dir='ltr'>ἀλλοτρίοις</span> <span class='ocrx_word' id='word_1_434' title='bbox 3699 1333 3796 1402; x_wconf 81' lang='grc' dir='ltr'><strong>τῆς</strong></span> 
     </span>
    </p>
   </div>
   <div class='ocr_carea' id='block_1_62' title="bbox 2210 1423 3796 1507">
    <p class='ocr_par' dir='ltr' id='par_1_62' title="bbox 2210 1423 3796 1507">
     <span class='ocr_line' id='line_1_62' title="bbox 2210 1423 3796 1507; baseline -0.009 -19"><span class='ocrx_word' id='word_1_435' title='bbox 2210 1434 2404 1491; x_wconf 82' lang='grc' dir='ltr'>ἑαυτοῦ</span> <span class='ocrx_word' id='word_1_436' title='bbox 2450 1433 2820 1507; x_wconf 81' lang='grc' dir='ltr'>προαιρέσεως</span> <span class='ocrx_word' id='word_1_437' title='bbox 2864 1433 2974 1494; x_wconf 85' lang='grc' dir='ltr'>τοῖς</span> <span class='ocrx_word' id='word_1_438' title='bbox 3028 1427 3376 1498; x_wconf 79' lang='grc' dir='ltr'>λεγομένοις,</span> <span class='ocrx_word' id='word_1_439' title='bbox 3423 1423 3796 1495; x_wconf 80' lang='grc' dir='ltr'>προσκαλεσάο</span> 
     </span>
    </p>
   </div>
   <div class='ocr_carea' id='block_1_63' title="bbox 2210 1514 3793 1596">
    <p class='ocr_par' dir='ltr' id='par_1_63' title="bbox 2210 1514 3793 1596">
     <span class='ocr_line' id='line_1_63' title="bbox 2210 1514 3793 1596; baseline -0.008 -17"><span class='ocrx_word' id='word_1_440' title='bbox 2210 1541 2370 1596; x_wconf 88' lang='grc' dir='ltr'>μενος</span> <span class='ocrx_word' id='word_1_441' title='bbox 2405 1525 2508 1595; x_wconf 78' lang='grc' dir='ltr'><strong>τὴν</strong></span> <span class='ocrx_word' id='word_1_442' title='bbox 2540 1523 2792 1594; x_wconf 79' lang='grc' dir='ltr'>μητέρα,</span> <span class='ocrx_word' id='word_1_443' title='bbox 2838 1520 3068 1591; x_wconf 75' lang='grc' dir='ltr'>παρῄνει</span> <span class='ocrx_word' id='word_1_444' title='bbox 3093 1516 3336 1587; x_wconf 87' lang='grc' dir='ltr'>γίνεσθαι</span> <span class='ocrx_word' id='word_1_445' title='bbox 3373 1514 3469 1569; x_wconf 93' lang='grc' dir='ltr'><strong>τοῦ</strong></span> <span class='ocrx_word' id='word_1_446' title='bbox 3510 1514 3793 1586; x_wconf 83' lang='grc' dir='ltr'>μειρακίου</span> 
     </span>
    </p>
   </div>
   <div class='ocr_carea' id='block_1_64' title="bbox 2210 1605 3792 1688">
    <p class='ocr_par' dir='ltr' id='par_1_64' title="bbox 2210 1605 3792 1688">
     <span class='ocr_line' id='line_1_64' title="bbox 2210 1605 3792 1688; baseline -0.006 -19"><span class='ocrx_word' id='word_1_447' title='bbox 2210 1615 2510 1688; x_wconf 86' lang='grc' dir='ltr'>σύμϐουλον</span> <span class='ocrx_word' id='word_1_448' title='bbox 2562 1614 2656 1667; x_wconf 77' lang='grc' dir='ltr'><strong>ἐπὶ</strong></span> <span class='ocrx_word' id='word_1_449' title='bbox 2702 1611 2962 1684; x_wconf 79' lang='grc' dir='ltr'>σωτηρίᾳ.</span> <span class='ocrx_word' id='word_1_450' title='bbox 3033 1612 3096 1664; x_wconf 84' lang='grc' dir='ltr'><em>Ἡ</em></span> <span class='ocrx_word' id='word_1_451' title='bbox 3144 1609 3238 1675; x_wconf 83' lang='grc' dir='ltr'>δὲ,</span> <span class='ocrx_word' id='word_1_452' title='bbox 3298 1607 3688 1677; x_wconf 81' lang='grc' dir='ltr'>ἐπιδειξαμένη</span> <span class='ocrx_word' id='word_1_453' title='bbox 3719 1605 3792 1675; x_wconf 78' lang='grc'><strong>(9)</strong></span> 
     </span>
    </p>
   </div>
   <div class='ocr_carea' id='block_1_65' title="bbox 2205 1696 3794 1778">
    <p class='ocr_par' dir='ltr' id='par_1_65' title="bbox 2205 1696 3794 1778">
     <span class='ocr_line' id='line_1_65' title="bbox 2205 1696 3794 1778; baseline -0.008 -16"><span class='ocrx_word' id='word_1_454' title='bbox 2205 1707 2416 1762; x_wconf 84' lang='grc' dir='ltr'>πείσειν</span> <span class='ocrx_word' id='word_1_455' title='bbox 2447 1706 2576 1778; x_wconf 79' lang='grc' dir='ltr'>περὶ</span> <span class='ocrx_word' id='word_1_456' title='bbox 2600 1698 2674 1758; x_wconf 81' lang='grc' dir='ltr'>ὧν</span> <span class='ocrx_word' id='word_1_457' title='bbox 2709 1703 2867 1776; x_wconf 77' lang='grc' dir='ltr'>ἧθελε</span> <span class='ocrx_word' id='word_1_458' title='bbox 2899 1702 2991 1756; x_wconf 81' lang='grc' dir='ltr'><strong>τὸν</strong></span> <span class='ocrx_word' id='word_1_459' title='bbox 3020 1701 3155 1765; x_wconf 81' lang='grc' dir='ltr'>υἱὸν,</span> <span class='ocrx_word' id='word_1_460' title='bbox 3185 1699 3276 1754; x_wconf 72' lang='grc' dir='ltr'><strong>καὶ</strong></span> <span class='ocrx_word' id='word_1_461' title='bbox 3313 1717 3332 1751; x_wconf 69' lang='grc' dir='ltr'><strong>ι</strong></span> <span class='ocrx_word' id='word_1_462' title='bbox 3357 1699 3672 1770; x_wconf 89' lang='grc' dir='ltr'>χλευάσασα</span> <span class='ocrx_word' id='word_1_463' title='bbox 3702 1696 3794 1750; x_wconf 80' lang='grc' dir='ltr'><strong>τὸν</strong></span> 
     </span>
    </p>
   </div>
   <div class='ocr_carea' id='block_1_66' title="bbox 2207 1790 3795 1871">
    <p class='ocr_par' dir='ltr' id='par_1_66' title="bbox 2207 1790 3795 1871">
     <span class='ocr_line' id='line_1_66' title="bbox 2207 1790 3795 1871; baseline -0.008 -18"><span class='ocrx_word' id='word_1_464' title='bbox 2207 1799 2488 1871; x_wconf 85' lang='grc' dir='ltr'>τύραννον,</span> <span class='ocrx_word' id='word_1_465' title='bbox 2514 1817 2532 1849; x_wconf 84' lang='grc'>›</span> <span class='ocrx_word' id='word_1_466' title='bbox 2564 1795 2792 1860; x_wconf 79' lang='grc' dir='ltr'>πολλοὺς</span> <span class='ocrx_word' id='word_1_467' title='bbox 2823 1793 2901 1866; x_wconf 83' lang='grc' dir='ltr'>τῷ</span> <span class='ocrx_word' id='word_1_468' title='bbox 2930 1791 3031 1864; x_wconf 84' lang='grc' dir='ltr'>υίῷ</span> <span class='ocrx_word' id='word_1_469' title='bbox 3067 1791 3233 1846; x_wconf 79' lang='grc' dir='ltr'>ἐκίνει</span> <span class='ocrx_word' id='word_1_470' title='bbox 3263 1791 3456 1861; x_wconf 84' lang='grc' dir='ltr'>λόγους</span> <span class='ocrx_word' id='word_1_471' title='bbox 3496 1790 3627 1862; x_wconf 76' lang='grc' dir='ltr'>περὶ</span> <span class='ocrx_word' id='word_1_472' title='bbox 3662 1790 3795 1843; x_wconf 84' lang='grc' dir='ltr'>ὐπο-</span> 
     </span>
    </p>
   </div>
   <div class='ocr_carea' id='block_1_67' title="bbox 2135 1876 3795 1966">
    <p class='ocr_par' dir='ltr' id='par_1_67' title="bbox 2135 1876 3795 1966">
     <span class='ocr_line' id='line_1_67' title="bbox 2135 1876 3795 1966; baseline -0.007 -19"><span class='ocrx_word' id='word_1_473' title='bbox 2135 1876 2180 1933; x_wconf 80' lang='grc' dir='ltr'><strong>Β</strong></span> <span class='ocrx_word' id='word_1_474' title='bbox 2213 1893 2379 1966; x_wconf 85' lang='grc' dir='ltr'>μονῆς</span> <span class='ocrx_word' id='word_1_475' title='bbox 2397 1909 2411 1923; x_wconf 91' lang='grc'><strong>·</strong></span> <span class='ocrx_word' id='word_1_476' title='bbox 2456 1890 2530 1955; x_wconf 86' lang='grc' dir='ltr'>ὡς</span> <span class='ocrx_word' id='word_1_477' title='bbox 2555 1889 2648 1944; x_wconf 79' lang='grc' dir='ltr'><strong>τὸν</strong></span> <span class='ocrx_word' id='word_1_478' title='bbox 2666 1888 2904 1953; x_wconf 87' lang='grc' dir='ltr'>νεανίαν,</span> <span class='ocrx_word' id='word_1_479' title='bbox 2941 1886 3017 1958; x_wconf 80' lang='grc' dir='ltr'>μὴ</span> <span class='ocrx_word' id='word_1_480' title='bbox 3056 1885 3449 1957; x_wconf 84' lang='grc' dir='ltr'>περιμείναντα</span> <span class='ocrx_word' id='word_1_481' title='bbox 3479 1883 3578 1955; x_wconf 79' lang='grc' dir='ltr'>τὴν</span> <span class='ocrx_word' id='word_1_482' title='bbox 3605 1884 3795 1952; x_wconf 87' lang='grc' dir='ltr'>ἐπιφε-</span> 
     </span>
    </p>
   </div>
   <div class='ocr_carea' id='block_1_68' title="bbox 2213 1975 3797 2058">
    <p class='ocr_par' dir='ltr' id='par_1_68' title="bbox 2213 1975 3797 2058">
     <span class='ocr_line' id='line_1_68' title="bbox 2213 1975 3797 2058; baseline -0.007 -20"><span class='ocrx_word' id='word_1_483' title='bbox 2213 1983 2446 2058; x_wconf 80' lang='grc' dir='ltr'>ρομένην</span> <span class='ocrx_word' id='word_1_484' title='bbox 2489 1980 2732 2046; x_wconf 84' lang='grc' dir='ltr'>κόλασιν,</span> <span class='ocrx_word' id='word_1_485' title='bbox 2789 1977 3124 2052; x_wconf 89' lang='grc' dir='ltr'>προλαϐόντα</span> <span class='ocrx_word' id='word_1_486' title='bbox 3173 1975 3618 2050; x_wconf 78' lang='grc' dir='ltr'>προκαλέσασθαι</span> <span class='ocrx_word' id='word_1_487' title='bbox 3669 1976 3797 2038; x_wconf 79' lang='grc' dir='ltr'><strong>τούς</strong></span> 
     </span>
    </p>
   </div>
   <div class='ocr_carea' id='block_1_69' title="bbox 2205 2064 3796 2147">
    <p class='ocr_par' dir='ltr' id='par_1_69' title="bbox 2205 2064 3796 2147">
     <span class='ocr_line' id='line_1_69' title="bbox 2205 2064 3796 2147; baseline -0.008 -19"><span class='ocrx_word' id='word_1_488' title='bbox 2205 2074 2432 2147; x_wconf 86' lang='grc' dir='ltr'>δημίους</span> <span class='ocrx_word' id='word_1_489' title='bbox 2450 2114 2464 2138; x_wconf 85' lang='grc'><strong>,</strong></span> <span class='ocrx_word' id='word_1_490' title='bbox 2492 2071 2748 2140; x_wconf 75' lang='grc' dir='ltr'>λέγονταο</span> <span class='ocrx_word' id='word_1_491' title='bbox 2777 2069 2842 2123; x_wconf 90' lang='grc' dir='ltr'><strong>Τί</strong></span> <span class='ocrx_word' id='word_1_492' title='bbox 2873 2068 3093 2140; x_wconf 81' lang='grc' dir='ltr'>μέλλετε</span> <span class='ocrx_word' id='word_1_493' title='bbox 3122 2067 3216 2122; x_wconf 70' lang='grc' dir='ltr'><strong>καὶ</strong></span> <span class='ocrx_word' id='word_1_494' title='bbox 3245 2065 3572 2140; x_wconf 75' lang='grc' dir='ltr'>βραδύνετες</span> <span class='ocrx_word' id='word_1_495' title='bbox 3602 2064 3796 2118; x_wconf 82' lang='grc' dir='ltr'>ἀκούο-</span> 
     </span>
    </p>
   </div>
   <div class='ocr_carea' id='block_1_70' title="bbox 2209 2156 3794 2236">
    <p class='ocr_par' dir='ltr' id='par_1_70' title="bbox 2209 2156 3794 2236">
     <span class='ocr_line' id='line_1_70' title="bbox 2209 2156 3794 2236; baseline -0.005 -18"><span class='ocrx_word' id='word_1_496' title='bbox 2209 2182 2308 2236; x_wconf 85' lang='grc' dir='ltr'><strong>μεν</strong></span> <span class='ocrx_word' id='word_1_497' title='bbox 2338 2164 2448 2236; x_wconf 87' lang='grc' dir='ltr'><strong>γάρ</strong></span> <span class='ocrx_word' id='word_1_498' title='bbox 2478 2164 2644 2235; x_wconf 90' lang='grc' dir='ltr'>νόμου</span> <span class='ocrx_word' id='word_1_499' title='bbox 2675 2161 2770 2215; x_wconf 88' lang='grc' dir='ltr'><strong>τοῦ</strong></span> <span class='ocrx_word' id='word_1_500' title='bbox 2795 2160 3035 2224; x_wconf 80' lang='grc' dir='ltr'>δοθέντος</span> <span class='ocrx_word' id='word_1_501' title='bbox 3077 2159 3185 2213; x_wconf 84' lang='grc' dir='ltr'><strong>ἀπὸ</strong></span> <span class='ocrx_word' id='word_1_502' title='bbox 3216 2157 3350 2211; x_wconf 89' lang='grc' dir='ltr'>Θεοῦ</span> <span class='ocrx_word' id='word_1_503' title='bbox 3370 2175 3384 2187; x_wconf 89' lang='grc'><strong>·</strong></span> <span class='ocrx_word' id='word_1_504' title='bbox 3421 2157 3482 2210; x_wconf 92' lang='grc' dir='ltr'><strong>οὐ</strong></span> <span class='ocrx_word' id='word_1_505' title='bbox 3511 2156 3794 2228; x_wconf 80' lang='grc' dir='ltr'>προσιέναι</span> 
     </span>
    </p>
   </div>
   <div class='ocr_carea' id='block_1_71' title="bbox 2204 2248 3794 2330">
    <p class='ocr_par' dir='ltr' id='par_1_71' title="bbox 2204 2248 3794 2330">
     <span class='ocr_line' id='line_1_71' title="bbox 2204 2248 3794 2330; baseline -0.007 -18"><span class='ocrx_word' id='word_1_506' title='bbox 2204 2259 2286 2312; x_wconf 86' lang='grc' dir='ltr'><strong>δεῖ</strong></span> <span class='ocrx_word' id='word_1_507' title='bbox 2331 2257 2657 2330; x_wconf 84' lang='grc' dir='ltr'>πρόσταγμα</span> <span class='ocrx_word' id='word_1_508' title='bbox 2697 2254 3104 2323; x_wconf 75' lang='grc' dir='ltr'>ἐναντιούμενον</span> <span class='ocrx_word' id='word_1_509' title='bbox 3147 2249 3311 2311; x_wconf 81' lang='grc' dir='ltr'>θείοις</span> <span class='ocrx_word' id='word_1_510' title='bbox 3346 2248 3549 2317; x_wconf 80' lang='grc' dir='ltr'>λόγοις.</span> <span class='ocrx_word' id='word_1_511' title='bbox 3628 2248 3794 2302; x_wconf 77' lang='grc' dir='ltr'>Ἀλλά</span> 
     </span>
    </p>
   </div>
   <div class='ocr_carea' id='block_1_72' title="bbox 2204 2343 3793 2421">
    <p class='ocr_par' dir='ltr' id='par_1_72' title="bbox 2204 2343 3793 2421">
     <span class='ocr_line' id='line_1_72' title="bbox 2204 2343 3793 2421; baseline -0.006 -17"><span class='ocrx_word' id='word_1_512' title='bbox 2204 2351 2300 2404; x_wconf 76' lang='grc' dir='ltr'>καὶ</span> <span class='ocrx_word' id='word_1_513' title='bbox 2337 2349 2576 2421; x_wconf 74' lang='grc' dir='ltr'>ὡσπερεὶ</span> <span class='ocrx_word' id='word_1_514' title='bbox 2619 2347 2867 2417; x_wconf 84' lang='grc' dir='ltr'>βασιλεὺς</span> <span class='ocrx_word' id='word_1_515' title='bbox 2901 2344 3330 2414; x_wconf 78' lang='grc' dir='ltr'>ἀποφαινόμενος</span> <span class='ocrx_word' id='word_1_516' title='bbox 3380 2343 3526 2396; x_wconf 87' lang='grc' dir='ltr'><strong>κατά</strong></span> <span class='ocrx_word' id='word_1_517' title='bbox 3559 2343 3670 2396; x_wconf 84' lang='grc' dir='ltr'><strong>τῶν</strong></span> <span class='ocrx_word' id='word_1_518' title='bbox 3702 2343 3793 2395; x_wconf 77' lang='grc' dir='ltr'>ὑπ’</span> 
     </span>
    </p>
   </div>
   <div class='ocr_carea' id='block_1_73' title="bbox 2205 2433 3794 2514">
    <p class='ocr_par' dir='ltr' id='par_1_73' title="bbox 2205 2433 3794 2514">
     <span class='ocr_line' id='line_1_73' title="bbox 2205 2433 3794 2514; baseline -0.006 -15"><span class='ocrx_word' id='word_1_519' title='bbox 2205 2443 2353 2514; x_wconf 85' lang='grc' dir='ltr'>αὐτῷ</span> <span class='ocrx_word' id='word_1_520' title='bbox 2386 2441 2779 2512; x_wconf 79' lang='grc' dir='ltr'>δικαζομένων,</span> <span class='ocrx_word' id='word_1_521' title='bbox 2825 2439 3140 2510; x_wconf 83' lang='grc' dir='ltr'>ἀπεφήνατο</span> <span class='ocrx_word' id='word_1_522' title='bbox 3184 2437 3364 2508; x_wconf 81' lang='grc' dir='ltr'>κρίσιν</span> <span class='ocrx_word' id='word_1_523' title='bbox 3391 2436 3491 2506; x_wconf 81' lang='grc' dir='ltr'>τὴν</span> <span class='ocrx_word' id='word_1_524' title='bbox 3523 2437 3669 2489; x_wconf 82' lang='grc' dir='ltr'><strong>κατά</strong></span> <span class='ocrx_word' id='word_1_525' title='bbox 3698 2433 3794 2490; x_wconf 84' lang='grc' dir='ltr'><strong>τοῦ</strong></span> 
     </span>
    </p>
   </div>
   <div class='ocr_carea' id='block_1_74' title="bbox 2202 2525 3792 2606">
    <p class='ocr_par' dir='ltr' id='par_1_74' title="bbox 2202 2525 3792 2606">
     <span class='ocr_line' id='line_1_74' title="bbox 2202 2525 3792 2606; baseline -0.006 -18"><span class='ocrx_word' id='word_1_526' title='bbox 2202 2535 2488 2606; x_wconf 89' lang='grc' dir='ltr'>τυράννου,</span> <span class='ocrx_word' id='word_1_527' title='bbox 2539 2528 2772 2594; x_wconf 79' lang='grc' dir='ltr'>δικάζων</span> <span class='ocrx_word' id='word_1_528' title='bbox 2811 2529 3006 2600; x_wconf 76' lang='grc' dir='ltr'>μᾶλλον</span> <span class='ocrx_word' id='word_1_529' title='bbox 3033 2527 3195 2581; x_wconf 84' lang='grc' dir='ltr'>αὐτὸν</span> <span class='ocrx_word' id='word_1_530' title='bbox 3231 2528 3376 2597; x_wconf 72' lang='grc' dir='ltr'>ἥπερ</span> <span class='ocrx_word' id='word_1_531' title='bbox 3405 2525 3792 2596; x_wconf 77' lang='grc' dir='ltr'>δικαζόμενος,</span> 
     </span>
    </p>
   </div>
   <div class='ocr_carea' id='block_1_75' title="bbox 2204 2618 3793 2695">
    <p class='ocr_par' dir='ltr' id='par_1_75' title="bbox 2204 2618 3793 2695">
     <span class='ocr_line' id='line_1_75' title="bbox 2204 2618 3793 2695; baseline -0.008 -13"><span class='ocrx_word' id='word_1_532' title='bbox 2204 2628 2299 2682; x_wconf 74' lang='grc' dir='ltr'>καὶ</span> <span class='ocrx_word' id='word_1_533' title='bbox 2330 2627 2586 2695; x_wconf 72' lang='grc' dir='ltr'>ἔφασκεν,</span> <span class='ocrx_word' id='word_1_534' title='bbox 2626 2623 2698 2686; x_wconf 82' lang='grc' dir='ltr'><strong>ὡς</strong></span> <span class='ocrx_word' id='word_1_535' title='bbox 2734 2623 2842 2693; x_wconf 84' lang='grc' dir='ltr'>ἄρα</span> <span class='ocrx_word' id='word_1_536' title='bbox 2878 2621 2969 2673; x_wconf 70' lang='grc' dir='ltr'>ἐπὶ</span> <span class='ocrx_word' id='word_1_537' title='bbox 3002 2621 3126 2683; x_wconf 78' lang='grc' dir='ltr'>τοὺς</span> <span class='ocrx_word' id='word_1_538' title='bbox 3153 2619 3437 2692; x_wconf 78' lang='grc' dir='ltr'>οὐρανίους</span> <span class='ocrx_word' id='word_1_539' title='bbox 3459 2618 3571 2690; x_wconf 77' lang='grc'><strong>(10)</strong></span> <span class='ocrx_word' id='word_1_540' title='bbox 3597 2619 3793 2682; x_wconf 74' lang='grc' dir='ltr'>παῖδας</span> 
     </span>
    </p>
   </div>
   <div class='ocr_carea' id='block_1_76' title="bbox 2203 2711 3794 2791">
    <p class='ocr_par' dir='ltr' id='par_1_76' title="bbox 2203 2711 3794 2791">
     <span class='ocr_line' id='line_1_76' title="bbox 2203 2711 3794 2791; baseline -0.006 -17"><span class='ocrx_word' id='word_1_541' title='bbox 2203 2720 2475 2791; x_wconf 86' lang='grc' dir='ltr'>ἀράμενος</span> <span class='ocrx_word' id='word_1_542' title='bbox 2525 2720 2747 2787; x_wconf 88' lang='grc' dir='ltr'>χεῖρας,</span> <span class='ocrx_word' id='word_1_543' title='bbox 2790 2736 2808 2765; x_wconf 71' lang='grc' dir='ltr'><strong>ι</strong></span> <span class='ocrx_word' id='word_1_544' title='bbox 2840 2715 2941 2768; x_wconf 90' lang='grc' dir='ltr'><strong>οὐκ</strong></span> <span class='ocrx_word' id='word_1_545' title='bbox 2984 2711 3302 2781; x_wconf 83' lang='grc' dir='ltr'>ἐκφεύξεται</span> <span class='ocrx_word' id='word_1_546' title='bbox 3334 2711 3432 2783; x_wconf 75' lang='grc' dir='ltr'>τὴν</span> <span class='ocrx_word' id='word_1_547' title='bbox 3466 2713 3562 2766; x_wconf 86' lang='grc' dir='ltr'><strong>τοῦ</strong></span> <span class='ocrx_word' id='word_1_548' title='bbox 3595 2729 3794 2765; x_wconf 81' lang='grc' dir='ltr'>παντο-</span> 
     </span>
    </p>
   </div>
   <div class='ocr_carea' id='block_1_77' title="bbox 2203 2804 3180 2883">
    <p class='ocr_par' dir='ltr' id='par_1_77' title="bbox 2203 2804 3180 2883">
     <span class='ocr_line' id='line_1_77' title="bbox 2203 2804 3180 2883; baseline -0.01 -19"><span class='ocrx_word' id='word_1_549' title='bbox 2203 2811 2468 2883; x_wconf 86' lang='grc' dir='ltr'>κράτορος</span> <span class='ocrx_word' id='word_1_550' title='bbox 2492 2808 2726 2864; x_wconf 84' lang='grc' dir='ltr'>ἐπόπτου</span> <span class='ocrx_word' id='word_1_551' title='bbox 2756 2804 2890 2859; x_wconf 86' lang='grc' dir='ltr'>Θεοῦ</span> <span class='ocrx_word' id='word_1_552' title='bbox 2927 2804 3125 2876; x_wconf 86' lang='grc' dir='ltr'>κρίσιν.</span> <span class='ocrx_word' id='word_1_553' title='bbox 3163 2822 3180 2854; x_wconf 77' lang='grc' dir='ltr'><strong>ι</strong></span> 
     </span>
    </p>
   </div>
   <div class='ocr_carea' id='block_1_78' title="bbox 2271 2890 3794 2968">
    <p class='ocr_par' dir='ltr' id='par_1_78' title="bbox 2271 2890 3794 2968">
     <span class='ocr_line' id='line_1_78' title="bbox 2271 2890 3794 2968; baseline -0.009 -13"><span class='ocrx_word' id='word_1_554' title='bbox 2271 2896 2380 2955; x_wconf 89' lang='grc' dir='ltr'>Ἦν</span> <span class='ocrx_word' id='word_1_555' title='bbox 2418 2900 2476 2954; x_wconf 85' lang='grc' dir='ltr'>δὲ</span> <span class='ocrx_word' id='word_1_556' title='bbox 2507 2899 2630 2952; x_wconf 87' lang='grc' dir='ltr'>τότε</span> <span class='ocrx_word' id='word_1_557' title='bbox 2663 2896 2761 2968; x_wconf 83' lang='grc' dir='ltr'>τὴν</span> <span class='ocrx_word' id='word_1_558' title='bbox 2809 2895 3018 2967; x_wconf 80' lang='grc' dir='ltr'>μητέρα</span> <span class='ocrx_word' id='word_1_559' title='bbox 3049 2893 3157 2946; x_wconf 81' lang='grc' dir='ltr'>τῶν</span> <span class='ocrx_word' id='word_1_560' title='bbox 3189 2891 3459 2946; x_wconf 75' lang='grc' dir='ltr'>τοσούτων</span> <span class='ocrx_word' id='word_1_561' title='bbox 3505 2891 3655 2958; x_wconf 77' lang='grc' dir='ltr'>ἰδεῖν,</span> <span class='ocrx_word' id='word_1_562' title='bbox 3699 2890 3794 2944; x_wconf 85' lang='grc' dir='ltr'>εὐ-</span> 
     </span>
    </p>
   </div>
   <div class='ocr_carea' id='block_1_79' title="bbox 2200 2985 3789 3066">
    <p class='ocr_par' dir='ltr' id='par_1_79' title="bbox 2200 2985 3789 3066">
     <span class='ocr_line' id='line_1_79' title="bbox 2200 2985 3789 3066; baseline -0.007 -17"><span class='ocrx_word' id='word_1_563' title='bbox 2200 2995 2387 3066; x_wconf 75' lang='grc' dir='ltr'>ψύχως</span> <span class='ocrx_word' id='word_1_564' title='bbox 2411 2992 2518 3064; x_wconf 84' lang='grc' dir='ltr'><strong>(Η)</strong></span> <span class='ocrx_word' id='word_1_565' title='bbox 2549 2992 2818 3063; x_wconf 81' lang='grc' dir='ltr'>φέρουσαν</span> <span class='ocrx_word' id='word_1_566' title='bbox 2845 2987 2932 3041; x_wconf 74' lang='grc' dir='ltr'><strong>διὰ</strong></span> <span class='ocrx_word' id='word_1_567' title='bbox 2960 2986 3058 3050; x_wconf 82' lang='grc' dir='ltr'>τὰς</span> <span class='ocrx_word' id='word_1_568' title='bbox 3091 2986 3182 3038; x_wconf 75' lang='grc' dir='ltr'><strong>ἐπὶ</strong></span> <span class='ocrx_word' id='word_1_569' title='bbox 3214 2985 3304 3038; x_wconf 80' lang='grc' dir='ltr'>τὸν</span> <span class='ocrx_word' id='word_1_570' title='bbox 3347 2985 3480 3037; x_wconf 82' lang='grc' dir='ltr'>Θεὸν</span> <span class='ocrx_word' id='word_1_571' title='bbox 3529 2985 3752 3048; x_wconf 77' lang='grc' dir='ltr'>ἐλπίδας</span> <span class='ocrx_word' id='word_1_572' title='bbox 3773 3028 3789 3051; x_wconf 91' lang='grc'><strong>,</strong></span> 
     </span>
    </p>
   </div>
   <div class='ocr_carea' id='block_1_80' title="bbox 2200 3075 3793 3152">
    <p class='ocr_par' dir='ltr' id='par_1_80' title="bbox 2200 3075 3793 3152">
     <span class='ocr_line' id='line_1_80' title="bbox 2200 3075 3793 3152; baseline -0.009 -11"><span class='ocrx_word' id='word_1_573' title='bbox 2200 3089 2330 3152; x_wconf 80' lang='grc' dir='ltr'>τοὺς</span> <span class='ocrx_word' id='word_1_574' title='bbox 2364 3086 2558 3147; x_wconf 89' lang='grc' dir='ltr'>πόνους</span> <span class='ocrx_word' id='word_1_575' title='bbox 2591 3083 2683 3136; x_wconf 80' lang='grc' dir='ltr'><strong>καὶ</strong></span> <span class='ocrx_word' id='word_1_576' title='bbox 2714 3082 2840 3144; x_wconf 88' lang='grc' dir='ltr'><strong>τούς</strong></span> <span class='ocrx_word' id='word_1_577' title='bbox 2867 3078 3124 3140; x_wconf 84' lang='grc' dir='ltr'>θανάτους</span> <span class='ocrx_word' id='word_1_578' title='bbox 3147 3076 3255 3129; x_wconf 80' lang='grc' dir='ltr'><strong>τῶν</strong></span> <span class='ocrx_word' id='word_1_579' title='bbox 3280 3075 3440 3128; x_wconf 75' lang='grc' dir='ltr'>υἱῶνο</span> <span class='ocrx_word' id='word_1_580' title='bbox 3476 3077 3658 3148; x_wconf 85' lang='grc' dir='ltr'>δρόσοι</span> <span class='ocrx_word' id='word_1_581' title='bbox 3681 3077 3793 3147; x_wconf 86' lang='grc' dir='ltr'><strong>γάρ</strong></span> 
     </span>
    </p>
   </div>
   <div class='ocr_carea' id='block_1_81' title="bbox 3065 3169 3791 3232">
    <p class='ocr_par' dir='ltr' id='par_1_81' title="bbox 3065 3169 3791 3232">
     <span class='ocr_line' id='line_1_81' title="bbox 3065 3169 3791 3232; baseline 0.001 -10"><span class='ocrx_word' id='word_1_582' title='bbox 3065 3187 3152 3232; x_wconf 90' lang='grc' dir='ltr'><strong>τος</strong></span> <span class='ocrx_word' id='word_1_583' title='bbox 3176 3169 3275 3222; x_wconf 91' lang='grc' dir='ltr'><strong>οὐκ</strong></span> <span class='ocrx_word' id='word_1_584' title='bbox 3300 3171 3425 3222; x_wconf 76' lang='grc' dir='ltr'>εἴων</span> <span class='ocrx_word' id='word_1_585' title='bbox 3453 3169 3791 3224; x_wconf 77' lang='grc' dir='ltr'>ἀνάπτεσθαι</span> 
     </span>
    </p>
   </div>
   <div class='ocr_carea' id='block_1_82' title="bbox 2200 3261 3790 3339">
    <p class='ocr_par' dir='ltr' id='par_1_82' title="bbox 2200 3261 3790 3339">
     <span class='ocr_line' id='line_1_82' title="bbox 2200 3261 3790 3339; baseline -0.008 -13"><span class='ocrx_word' id='word_1_586' title='bbox 2200 3275 2258 3326; x_wconf 85' lang='grc' dir='ltr'><strong>ἐν</strong></span> <span class='ocrx_word' id='word_1_587' title='bbox 2280 3275 2391 3336; x_wconf 86' lang='grc' dir='ltr'>τοῖς</span> <span class='ocrx_word' id='word_1_588' title='bbox 2417 3269 2745 3339; x_wconf 84' lang='grc' dir='ltr'>σπλάγχνοις</span> <span class='ocrx_word' id='word_1_589' title='bbox 2778 3265 2947 3334; x_wconf 81' lang='grc' dir='ltr'>αὐτῆς</span> <span class='ocrx_word' id='word_1_590' title='bbox 2968 3263 3030 3316; x_wconf 82' lang='grc' dir='ltr'><strong>τὸ</strong></span> <span class='ocrx_word' id='word_1_591' title='bbox 3065 3261 3324 3334; x_wconf 80' lang='grc' dir='ltr'>μητρικδν</span> <span class='ocrx_word' id='word_1_592' title='bbox 3353 3262 3448 3315; x_wconf 75' lang='grc' dir='ltr'><strong>καὶ</strong></span> <span class='ocrx_word' id='word_1_593' title='bbox 3483 3262 3540 3316; x_wconf 82' lang='grc' dir='ltr'><strong>ἐν</strong></span> <span class='ocrx_word' id='word_1_594' title='bbox 3566 3261 3790 3327; x_wconf 59' lang='lat' dir='ltr'><strong>nonat;</strong></span> 
     </span>
    </p>
   </div>
   <div class='ocr_carea' id='block_1_83' title="bbox 2193 3355 3791 3434">
    <p class='ocr_par' dir='ltr' id='par_1_83' title="bbox 2193 3355 3791 3434">
     <span class='ocr_line' id='line_1_83' title="bbox 2193 3355 3791 3434; baseline -0.007 -16"><span class='ocrx_word' id='word_1_595' title='bbox 2193 3363 2628 3434; x_wconf 75' lang='grc' dir='ltr'>ἀναφλεγόμενον</span> <span class='ocrx_word' id='word_1_596' title='bbox 2669 3360 2742 3422; x_wconf 84' lang='grc' dir='ltr'>ὡς</span> <span class='ocrx_word' id='word_1_597' title='bbox 2774 3358 2865 3410; x_wconf 76' lang='grc' dir='ltr'><strong>ἐπὶ</strong></span> <span class='ocrx_word' id='word_1_598' title='bbox 2902 3355 3222 3427; x_wconf 81' lang='grc' dir='ltr'>βαρυτάτοις</span> <span class='ocrx_word' id='word_1_599' title='bbox 3266 3358 3460 3418; x_wconf 84' lang='grc' dir='ltr'>κακοῖς</span> <span class='ocrx_word' id='word_1_600' title='bbox 3493 3355 3624 3424; x_wconf 83' lang='grc' dir='ltr'>πῦρ.</span> <span class='ocrx_word' id='word_1_601' title='bbox 3681 3355 3791 3408; x_wconf 76' lang='lat' dir='ltr'><strong>No-</strong></span> 
     </span>
    </p>
   </div>
   <div class='ocr_carea' id='block_1_84' title="bbox 2195 3448 3790 3529">
    <p class='ocr_par' dir='ltr' id='par_1_84' title="bbox 2195 3448 3790 3529">
     <span class='ocr_line' id='line_1_84' title="bbox 2195 3448 3790 3529; baseline -0.01 -17"><span class='ocrx_word' id='word_1_602' title='bbox 2195 3458 2338 3529; x_wconf 84' lang='grc' dir='ltr'>μίζω</span> <span class='ocrx_word' id='word_1_603' title='bbox 2360 3457 2416 3510; x_wconf 86' lang='grc' dir='ltr'><strong>δέ</strong></span> <span class='ocrx_word' id='word_1_604' title='bbox 2446 3455 2540 3509; x_wconf 77' lang='grc' dir='ltr'><strong>καὶ</strong></span> <span class='ocrx_word' id='word_1_605' title='bbox 2577 3453 2747 3506; x_wconf 86' lang='grc' dir='ltr'>ταῦτα</span> <span class='ocrx_word' id='word_1_606' title='bbox 2790 3449 3181 3523; x_wconf 85' lang='grc' dir='ltr'>χρησιμώτατα</span> <span class='ocrx_word' id='word_1_607' title='bbox 3213 3449 3351 3519; x_wconf 88' lang='grc' dir='ltr'>πρὸς</span> <span class='ocrx_word' id='word_1_608' title='bbox 3388 3449 3448 3501; x_wconf 87' lang='grc' dir='ltr'><strong>τὸ</strong></span> <span class='ocrx_word' id='word_1_609' title='bbox 3490 3448 3790 3519; x_wconf 85' lang='grc' dir='ltr'>προκείμε-</span> 
     </span>
    </p>
   </div>
   <div class='ocr_carea' id='block_1_85' title="bbox 2191 3539 3786 3620">
    <p class='ocr_par' dir='ltr' id='par_1_85' title="bbox 2191 3539 3786 3620">
     <span class='ocr_line' id='line_1_85' title="bbox 2191 3539 3786 3620; baseline -0.007 -18"><span class='ocrx_word' id='word_1_610' title='bbox 2191 3566 2278 3603; x_wconf 93' lang='grc' dir='ltr'><strong>νον</strong></span> <span class='ocrx_word' id='word_1_611' title='bbox 2305 3546 2623 3620; x_wconf 86' lang='grc' dir='ltr'>ἐπιτεμόνος</span> <span class='ocrx_word' id='word_1_612' title='bbox 2655 3543 2765 3617; x_wconf 72' lang='lat'><strong>(19.)</strong></span> <span class='ocrx_word' id='word_1_613' title='bbox 2797 3543 2905 3596; x_wconf 84' lang='grc' dir='ltr'><strong>ἀπὸ</strong></span> <span class='ocrx_word' id='word_1_614' title='bbox 2946 3543 3041 3613; x_wconf 75' lang='grc' dir='ltr'><strong>τῆς</strong></span> <span class='ocrx_word' id='word_1_615' title='bbox 3076 3541 3300 3613; x_wconf 82' lang='grc' dir='ltr'>Γραφῆς</span> <span class='ocrx_word' id='word_1_616' title='bbox 3331 3539 3786 3612; x_wconf 76' lang='grc' dir='ltr'>παρατεθεῖσθαι,</span> 
     </span>
    </p>
   </div>
   <div class='ocr_carea' id='block_1_86' title="bbox 2199 3630 3791 3709">
    <p class='ocr_par' dir='ltr' id='par_1_86' title="bbox 2199 3630 3791 3709">
     <span class='ocr_line' id='line_1_86' title="bbox 2199 3630 3791 3709; baseline -0.006 -16"><span class='ocrx_word' id='word_1_617' title='bbox 2199 3640 2264 3693; x_wconf 82' lang='grc' dir='ltr'>ἵν’</span> <span class='ocrx_word' id='word_1_618' title='bbox 2300 3639 2517 3709; x_wconf 78' lang='grc' dir='ltr'>ἴδωμεν,</span> <span class='ocrx_word' id='word_1_619' title='bbox 2559 3638 2682 3690; x_wconf 83' lang='grc' dir='ltr'>ὅσον</span> <span class='ocrx_word' id='word_1_620' title='bbox 2723 3634 2945 3688; x_wconf 77' lang='grc' dir='ltr'>δύναται</span> <span class='ocrx_word' id='word_1_621' title='bbox 2980 3631 3120 3686; x_wconf 88' lang='grc' dir='ltr'><strong>κατά</strong></span> <span class='ocrx_word' id='word_1_622' title='bbox 3151 3631 3261 3685; x_wconf 83' lang='grc' dir='ltr'><strong>τῶν</strong></span> <span class='ocrx_word' id='word_1_623' title='bbox 3299 3632 3654 3702; x_wconf 84' lang='grc' dir='ltr'>τραχυτάτων</span> <span class='ocrx_word' id='word_1_624' title='bbox 3686 3630 3791 3684; x_wconf 78' lang='grc' dir='ltr'>πό-</span> 
     </span>
    </p>
   </div>
   <div class='ocr_carea' id='block_1_87' title="bbox 2198 3716 3787 3795">
    <p class='ocr_par' dir='ltr' id='par_1_87' title="bbox 2198 3716 3787 3795">
     <span class='ocr_line' id='line_1_87' title="bbox 2198 3716 3787 3795; baseline -0.008 -14"><span class='ocrx_word' id='word_1_625' title='bbox 2198 3744 2302 3781; x_wconf 91' lang='grc' dir='ltr'><strong>νων</strong></span> <span class='ocrx_word' id='word_1_626' title='bbox 2359 3727 2452 3780; x_wconf 73' lang='grc' dir='ltr'><strong>καὶ</strong></span> <span class='ocrx_word' id='word_1_627' title='bbox 2501 3724 2608 3778; x_wconf 84' lang='grc' dir='ltr'><strong>τῶν</strong></span> <span class='ocrx_word' id='word_1_628' title='bbox 2661 3723 2975 3795; x_wconf 86' lang='grc' dir='ltr'>βαρυτάτων</span> <span class='ocrx_word' id='word_1_629' title='bbox 3024 3721 3272 3792; x_wconf 85' lang='grc' dir='ltr'>βασάνων</span> <span class='ocrx_word' id='word_1_630' title='bbox 3315 3721 3566 3774; x_wconf 77' lang='grc' dir='ltr'>εὐσέϐεια</span> <span class='ocrx_word' id='word_1_631' title='bbox 3599 3716 3787 3774; x_wconf 75' lang='grc' dir='ltr'>καὶτὸ</span> 
     </span>
    </p>
   </div>
   <div class='ocr_carea' id='block_1_88' title="bbox 2198 3811 3786 3891">
    <p class='ocr_par' dir='ltr' id='par_1_88' title="bbox 2198 3811 3786 3891">
     <span class='ocr_line' id='line_1_88' title="bbox 2198 3811 3786 3891; baseline -0.006 -18"><span class='ocrx_word' id='word_1_632' title='bbox 2198 3820 2336 3891; x_wconf 79' lang='grc' dir='ltr'>πρὸς</span> <span class='ocrx_word' id='word_1_633' title='bbox 2371 3818 2502 3871; x_wconf 84' lang='grc' dir='ltr'>Θεὸν</span> <span class='ocrx_word' id='word_1_634' title='bbox 2532 3817 2782 3887; x_wconf 77' lang='grc' dir='ltr'>φίλτρον,</span> <span class='ocrx_word' id='word_1_635' title='bbox 2819 3815 3020 3878; x_wconf 84' lang='grc' dir='ltr'>παντὸς</span> <span class='ocrx_word' id='word_1_636' title='bbox 3063 3813 3284 3886; x_wconf 80' lang='grc' dir='ltr'>φίλτρου</span> <span class='ocrx_word' id='word_1_637' title='bbox 3318 3813 3441 3866; x_wconf 86' lang='grc' dir='ltr'>καθ’</span> <span class='ocrx_word' id='word_1_638' title='bbox 3477 3811 3786 3884; x_wconf 73' lang='grc' dir='ltr'>ὑπερϐολὴν</span> 
     </span>
    </p>
   </div>
   <div class='ocr_carea' id='block_1_89' title="bbox 2197 3909 2728 3980">
    <p class='ocr_par' dir='ltr' id='par_1_89' title="bbox 2197 3909 2728 3980">
     <span class='ocr_line' id='line_1_89' title="bbox 2197 3909 2728 3980; baseline -0.008 -14"><span class='ocrx_word' id='word_1_639' title='bbox 2197 3913 2380 3966; x_wconf 88' lang='grc' dir='ltr'>πλεῖον</span> <span class='ocrx_word' id='word_1_640' title='bbox 2413 3909 2728 3980; x_wconf 89' lang='grc' dir='ltr'>δυνάμενον.</span> 
     </span>
    </p>
   </div>
   <div class='ocr_carea' id='block_1_90' title="bbox 2279 3997 3783 4070">
    <p class='ocr_par' dir='ltr' id='par_1_90' title="bbox 2279 3997 3783 4070">
     <span class='ocr_line' id='line_1_90' title="bbox 2279 3997 3783 4070; baseline -0.007 -14"><span class='ocrx_word' id='word_1_641' title='bbox 2279 4003 2490 4055; x_wconf 81' lang='grc' dir='ltr'>Ὀποίον</span> <span class='ocrx_word' id='word_1_642' title='bbox 2525 4000 2570 4053; x_wconf 86' lang='grc' dir='ltr'>δ’</span> <span class='ocrx_word' id='word_1_643' title='bbox 2603 4001 2720 4052; x_wconf 73' lang='grc' dir='ltr'>ἐστὶ</span> <span class='ocrx_word' id='word_1_644' title='bbox 2768 4000 2828 4052; x_wconf 80' lang='grc' dir='ltr'>τὺ</span> <span class='ocrx_word' id='word_1_645' title='bbox 2872 3997 3197 4070; x_wconf 80' lang='grc' dir='ltr'>μαρτύριον,</span> <span class='ocrx_word' id='word_1_646' title='bbox 3231 3997 3326 4051; x_wconf 78' lang='grc' dir='ltr'>καὶ</span> <span class='ocrx_word' id='word_1_647' title='bbox 3361 3997 3532 4067; x_wconf 81' lang='grc' dir='ltr'>πόσην</span> <span class='ocrx_word' id='word_1_648' title='bbox 3565 3997 3783 4065; x_wconf 68' lang='grc' dir='ltr'>παρρη-</span> 
     </span>
    </p>
   </div>
   <div class='ocr_carea' id='block_1_91' title="bbox 2197 4084 3782 4161">
    <p class='ocr_par' dir='ltr' id='par_1_91' title="bbox 2197 4084 3782 4161">
     <span class='ocr_line' id='line_1_91' title="bbox 2197 4084 3782 4161; baseline -0.005 -15"><span class='ocrx_word' id='word_1_649' title='bbox 2197 4092 2316 4146; x_wconf 87' lang='grc' dir='ltr'>σίαν</span> <span class='ocrx_word' id='word_1_650' title='bbox 2369 4089 2628 4160; x_wconf 75' lang='grc' dir='ltr'>ἐμποιοῦν</span> <span class='ocrx_word' id='word_1_651' title='bbox 2673 4088 2807 4161; x_wconf 78' lang='grc' dir='ltr'>πρὸς</span> <span class='ocrx_word' id='word_1_652' title='bbox 2857 4089 2947 4141; x_wconf 81' lang='grc' dir='ltr'><strong>τὸν</strong></span> <span class='ocrx_word' id='word_1_653' title='bbox 2997 4087 3161 4150; x_wconf 80' lang='grc' dir='ltr'>Θεὸν,</span> <span class='ocrx_word' id='word_1_654' title='bbox 3215 4087 3307 4140; x_wconf 73' lang='grc' dir='ltr'>καὶ</span> <span class='ocrx_word' id='word_1_655' title='bbox 3364 4085 3612 4140; x_wconf 88' lang='grc' dir='ltr'>ἐντεῦθεν</span> <span class='ocrx_word' id='word_1_656' title='bbox 3664 4084 3782 4138; x_wconf 76' lang='grc' dir='ltr'>ἔστι</span> 
     </span>
    </p>
   </div>
   <div class='ocr_carea' id='block_1_92' title="bbox 2194 4173 3783 4250">
    <p class='ocr_par' dir='ltr' id='par_1_92' title="bbox 2194 4173 3783 4250">
     <span class='ocr_line' id='line_1_92' title="bbox 2194 4173 3783 4250; baseline -0.005 -16"><span class='ocrx_word' id='word_1_657' title='bbox 2194 4180 2551 4250; x_wconf 82' lang='grc' dir='ltr'>καταμαθεῖν.</span> <span class='ocrx_word' id='word_1_658' title='bbox 2618 4177 2901 4249; x_wconf 81' lang='grc' dir='ltr'>Φιλότιμός</span> <span class='ocrx_word' id='word_1_659' title='bbox 2956 4194 3038 4240; x_wconf 85' lang='grc' dir='ltr'><strong>τις</strong></span> <span class='ocrx_word' id='word_1_660' title='bbox 3078 4179 3106 4230; x_wconf 92' lang='grc' dir='ltr'><strong>ό</strong></span> <span class='ocrx_word' id='word_1_661' title='bbox 3139 4175 3292 4245; x_wconf 74' lang='grc' dir='ltr'>ἅγιος</span> <span class='ocrx_word' id='word_1_662' title='bbox 3338 4177 3439 4240; x_wconf 80' lang='grc' dir='ltr'>ὢν,</span> <span class='ocrx_word' id='word_1_663' title='bbox 3490 4175 3584 4228; x_wconf 81' lang='grc' dir='ltr'><strong>καὶ</strong></span> <span class='ocrx_word' id='word_1_664' title='bbox 3621 4173 3783 4244; x_wconf 83' lang='grc' dir='ltr'>ἀμεί-</span> 
     </span>
    </p>
   </div>
   <div class='ocr_carea' id='block_1_93' title="bbox 2191 4267 3780 4345">
    <p class='ocr_par' dir='ltr' id='par_1_93' title="bbox 2191 4267 3780 4345">
     <span class='ocr_line' id='line_1_93' title="bbox 2191 4267 3780 4345; baseline -0.005 -17"><span class='ocrx_word' id='word_1_665' title='bbox 2191 4273 2392 4345; x_wconf 76' lang='grc' dir='ltr'>ψασθαι</span> <span class='ocrx_word' id='word_1_666' title='bbox 2419 4271 2587 4326; x_wconf 78' lang='grc' dir='ltr'>θέλων</span> <span class='ocrx_word' id='word_1_667' title='bbox 2613 4271 2710 4334; x_wconf 79' lang='grc' dir='ltr'>τὰς</span> <span class='ocrx_word' id='word_1_668' title='bbox 2733 4269 3016 4339; x_wconf 85' lang='grc' dir='ltr'>φθασάσας</span> <span class='ocrx_word' id='word_1_669' title='bbox 3040 4269 3119 4331; x_wconf 81' lang='grc' dir='ltr'><strong>εἰς</strong></span> <span class='ocrx_word' id='word_1_670' title='bbox 3141 4267 3302 4322; x_wconf 79' lang='grc' dir='ltr'>αὐτὸν</span> <span class='ocrx_word' id='word_1_671' title='bbox 3324 4268 3641 4340; x_wconf 77' lang='grc' dir='ltr'>εὐεργεσίας</span> <span class='ocrx_word' id='word_1_672' title='bbox 3667 4267 3780 4321; x_wconf 81' lang='grc' dir='ltr'><strong>ἀπὸ</strong></span> 
     </span>
    </p>
   </div>
   <div class='ocr_carea' id='block_1_94' title="bbox 2193 4359 3775 4435">
    <p class='ocr_par' dir='ltr' id='par_1_94' title="bbox 2193 4359 3775 4435">
     <span class='ocr_line' id='line_1_94' title="bbox 2193 4359 3775 4435; baseline -0.004 -18"><span class='ocrx_word' id='word_1_673' title='bbox 2193 4364 2349 4429; x_wconf 86' lang='grc' dir='ltr'>Θεοῦ,</span> <span class='ocrx_word' id='word_1_674' title='bbox 2386 4362 2536 4435; x_wconf 80' lang='grc' dir='ltr'><strong>ζητεί</strong></span> <span class='ocrx_word' id='word_1_675' title='bbox 2579 4363 2631 4415; x_wconf 91' lang='grc' dir='ltr'><strong>τί</strong></span> <span class='ocrx_word' id='word_1_676' title='bbox 2669 4362 2734 4415; x_wconf 83' lang='grc' dir='ltr'><strong>ἂν</strong></span> <span class='ocrx_word' id='word_1_677' title='bbox 2777 4362 2995 4433; x_wconf 84' lang='grc' dir='ltr'>ποιήσαι</span> <span class='ocrx_word' id='word_1_678' title='bbox 3039 4359 3116 4431; x_wconf 78' lang='grc' dir='ltr'>τῷ</span> <span class='ocrx_word' id='word_1_679' title='bbox 3145 4360 3337 4432; x_wconf 82' lang='grc' dir='ltr'>Κυρίῳ</span> <span class='ocrx_word' id='word_1_680' title='bbox 3373 4360 3505 4432; x_wconf 73' lang='grc' dir='ltr'>περὶ</span> <span class='ocrx_word' id='word_1_681' title='bbox 3533 4359 3775 4422; x_wconf 82' lang='grc' dir='ltr'>πάντων,</span> 
     </span>
    </p>
   </div>
   <div class='ocr_carea' id='block_1_95' title="bbox 2191 4449 3777 4525">
    <p class='ocr_par' dir='ltr' id='par_1_95' title="bbox 2191 4449 3777 4525">
     <span class='ocr_line' id='line_1_95' title="bbox 2191 4449 3777 4525; baseline -0.004 -15"><span class='ocrx_word' id='word_1_682' title='bbox 2191 4449 2265 4510; x_wconf 82' lang='grc' dir='ltr'>ὦν</span> <span class='ocrx_word' id='word_1_683' title='bbox 2295 4457 2386 4508; x_wconf 86' lang='grc' dir='ltr'>ἀπ’</span> <span class='ocrx_word' id='word_1_684' title='bbox 2412 4453 2577 4508; x_wconf 86' lang='grc' dir='ltr'>αὐτοῦ</span> <span class='ocrx_word' id='word_1_685' title='bbox 2613 4455 2801 4525; x_wconf 82' lang='grc' dir='ltr'>εἴληφε</span> <span class='ocrx_word' id='word_1_686' title='bbox 2821 4469 2834 4482; x_wconf 76' lang='grc'><strong><em>⁸</em></strong></span> <span class='ocrx_word' id='word_1_687' title='bbox 2869 4455 2962 4505; x_wconf 76' lang='grc' dir='ltr'>καὶ</span> <span class='ocrx_word' id='word_1_688' title='bbox 2988 4453 3136 4506; x_wconf 83' lang='grc' dir='ltr'>οὐδὲν</span> <span class='ocrx_word' id='word_1_689' title='bbox 3165 4451 3293 4506; x_wconf 83' lang='grc' dir='ltr'>ἄλλο</span> <span class='ocrx_word' id='word_1_690' title='bbox 3332 4451 3575 4522; x_wconf 84' lang='grc' dir='ltr'>εὑρίσκει</span> <span class='ocrx_word' id='word_1_691' title='bbox 3610 4453 3777 4505; x_wconf 75' lang='grc' dir='ltr'>οἱονεὶ</span> 
     </span>
    </p>
   </div>
   <div class='ocr_carea' id='block_1_96' title="bbox 2188 4543 3773 4620">
    <p class='ocr_par' dir='ltr' id='par_1_96' title="bbox 2188 4543 3773 4620">
     <span class='ocr_line' id='line_1_96' title="bbox 2188 4543 3773 4620; baseline -0.004 -19"><span class='ocrx_word' id='word_1_692' title='bbox 2188 4549 2476 4620; x_wconf 75' lang='grc' dir='ltr'>ἰσόρροπον</span> <span class='ocrx_word' id='word_1_693' title='bbox 2510 4549 2630 4610; x_wconf 80' lang='grc' dir='ltr'>ταῖς</span> <span class='ocrx_word' id='word_1_694' title='bbox 2654 4545 2996 4617; x_wconf 87' lang='grc' dir='ltr'>εὐεργεσίαις</span> <span class='ocrx_word' id='word_1_695' title='bbox 3023 4545 3318 4614; x_wconf 83' lang='grc' dir='ltr'>δυνάμενον</span> <span class='ocrx_word' id='word_1_696' title='bbox 3345 4545 3454 4597; x_wconf 81' lang='grc' dir='ltr'><strong>ἀπὸ</strong></span> <span class='ocrx_word' id='word_1_697' title='bbox 3483 4543 3773 4615; x_wconf 79' lang='grc' dir='ltr'>ἀνθρώπου</span> 
     </span>
    </p>
   </div>
   <div class='ocr_carea' id='block_1_97' title="bbox 2185 4633 3773 4708">
    <p class='ocr_par' dir='ltr' id='par_1_97' title="bbox 2185 4633 3773 4708">
     <span class='ocr_line' id='line_1_97' title="bbox 2185 4633 3773 4708; baseline -0.003 -19"><span class='ocrx_word' id='word_1_698' title='bbox 2185 4637 2583 4708; x_wconf 73' lang='grc' dir='ltr'>εὐπροαιρὲτου</span> <span class='ocrx_word' id='word_1_699' title='bbox 2610 4634 2933 4705; x_wconf 78' lang='grc' dir='ltr'>ἀποδοθῆναι</span> <span class='ocrx_word' id='word_1_700' title='bbox 2979 4633 3096 4704; x_wconf 86' lang='grc' dir='ltr'>Θεῴ</span> <span class='ocrx_word' id='word_1_701' title='bbox 3115 4675 3128 4698; x_wconf 93' lang='grc'><strong>,</strong></span> <span class='ocrx_word' id='word_1_702' title='bbox 3158 4633 3234 4696; x_wconf 84' lang='grc' dir='ltr'>ὡς</span> <span class='ocrx_word' id='word_1_703' title='bbox 3260 4633 3359 4704; x_wconf 77' lang='grc' dir='ltr'>τὴν</span> <span class='ocrx_word' id='word_1_704' title='bbox 3396 4637 3454 4688; x_wconf 86' lang='grc' dir='ltr'><strong>ἐν</strong></span> <span class='ocrx_word' id='word_1_705' title='bbox 3487 4634 3773 4705; x_wconf 48' lang='lat' dir='ltr'><strong>pag-.2959)</strong></span> 
     </span>
    </p>
   </div>
   <div class='ocr_carea' id='block_1_98' title="bbox 2183 4725 3776 4798">
    <p class='ocr_par' dir='ltr' id='par_1_98' title="bbox 2183 4725 3776 4798">
     <span class='ocr_line' id='line_1_98' title="bbox 2183 4725 3776 4798; baseline -0.018 6"><span class='ocrx_word' id='word_1_706' title='bbox 2183 4727 2456 4798; x_wconf 73' lang='grc' dir='ltr'><strong>τελευτήν·</strong></span> <span class='ocrx_word' id='word_1_707' title='bbox 2492 4727 2803 4798; x_wconf 73' lang='grc' dir='ltr'><strong>Γέγραπται</strong></span> <span class='ocrx_word' id='word_1_708' title='bbox 2832 4725 2940 4797; x_wconf 84' lang='grc' dir='ltr'><strong>γάρ</strong></span> <span class='ocrx_word' id='word_1_709' title='bbox 2967 4743 2979 4754; x_wconf 89' lang='grc'><strong>’</strong></span> <span class='ocrx_word' id='word_1_710' title='bbox 3016 4745 3033 4776; x_wconf 73' lang='grc' dir='ltr'><strong>ι</strong></span> <span class='ocrx_word' id='word_1_711' title='bbox 3069 4726 3131 4779; x_wconf 90' lang='grc' dir='ltr'>Τί</span> <span class='ocrx_word' id='word_1_712' title='bbox 3156 4727 3522 4781; x_wconf 78' lang='grc' dir='ltr'>ἀνταποδώσω</span> <span class='ocrx_word' id='word_1_713' title='bbox 3547 4727 3621 4796; x_wconf 72' lang='grc' dir='ltr'><strong>τῷ</strong></span> <span class='ocrx_word' id='word_1_714' title='bbox 3657 4730 3776 4778; x_wconf 66' lang='grc' dir='ltr'><strong>Κυ-</strong></span> 
     </span>
    </p>
   </div>
   <div class='ocr_carea' id='block_1_99' title="bbox 2189 4812 3773 4891">
    <p class='ocr_par' dir='ltr' id='par_1_99' title="bbox 2189 4812 3773 4891">
     <span class='ocr_line' id='line_1_99' title="bbox 2189 4812 3773 4891; baseline 0.001 -22"><span class='ocrx_word' id='word_1_715' title='bbox 2189 4819 2288 4891; x_wconf 84' lang='grc' dir='ltr'>ρίῳ</span> <span class='ocrx_word' id='word_1_716' title='bbox 2319 4820 2444 4891; x_wconf 77' lang='grc' dir='ltr'>περὶ</span> <span class='ocrx_word' id='word_1_717' title='bbox 2487 4820 2701 4873; x_wconf 80' lang='grc' dir='ltr'>πάντων</span> <span class='ocrx_word' id='word_1_718' title='bbox 2735 4812 2808 4871; x_wconf 80' lang='grc' dir='ltr'>ὧν</span> <span class='ocrx_word' id='word_1_719' title='bbox 2842 4817 3188 4871; x_wconf 81' lang='grc' dir='ltr'>ἀντοιπέδωκέ</span> <span class='ocrx_word' id='word_1_720' title='bbox 3219 4834 3343 4888; x_wconf 90' lang='grc' dir='ltr'>μοι;</span> <span class='ocrx_word' id='word_1_721' title='bbox 3377 4837 3395 4870; x_wconf 76' lang='grc' dir='ltr'><strong>ι</strong></span> <span class='ocrx_word' id='word_1_722' title='bbox 3437 4818 3541 4871; x_wconf 73' lang='grc' dir='ltr'>Καὶ</span> <span class='ocrx_word' id='word_1_723' title='bbox 3572 4817 3773 4885; x_wconf 79' lang='grc' dir='ltr'>ἐπάγει</span> 
     </span>
    </p>
   </div>
   <div class='ocr_carea' id='block_1_100' title="bbox 2189 4911 3773 4984">
    <p class='ocr_par' dir='ltr' id='par_1_100' title="bbox 2189 4911 3773 4984">
     <span class='ocr_line' id='line_1_100' title="bbox 2189 4911 3773 4984; baseline 0 -18"><span class='ocrx_word' id='word_1_724' title='bbox 2189 4914 2361 4982; x_wconf 77' lang='grc' dir='ltr'>λέγων</span> <span class='ocrx_word' id='word_1_725' title='bbox 2382 4931 2395 4944; x_wconf 88' lang='grc'><strong>·</strong></span> <span class='ocrx_word' id='word_1_726' title='bbox 2429 4933 2446 4964; x_wconf 85' lang='grc'><em>‹</em></span> <span class='ocrx_word' id='word_1_727' title='bbox 2481 4914 2746 4984; x_wconf 85' lang='grc' dir='ltr'>Ποτήριον</span> <span class='ocrx_word' id='word_1_728' title='bbox 2777 4911 3336 4984; x_wconf 66' lang='grc' dir='ltr'>σωτηρίουλήψομαι,</span> <span class='ocrx_word' id='word_1_729' title='bbox 3369 4915 3462 4966; x_wconf 80' lang='grc' dir='ltr'><strong>καὶ</strong></span> <span class='ocrx_word' id='word_1_730' title='bbox 3495 4913 3554 4964; x_wconf 85' lang='grc' dir='ltr'><strong>τὸ</strong></span> <span class='ocrx_word' id='word_1_731' title='bbox 3598 4913 3773 4984; x_wconf 76' lang='grc' dir='ltr'>ὄνομα</span> 
     </span>
    </p>
   </div>
   <div class='ocr_carea' id='block_1_101' title="bbox 2189 5004 3773 5077">
    <p class='ocr_par' dir='ltr' id='par_1_101' title="bbox 2189 5004 3773 5077">
     <span class='ocr_line' id='line_1_101' title="bbox 2189 5004 3773 5077; baseline -0.002 -17"><span class='ocrx_word' id='word_1_732' title='bbox 2189 5005 2392 5077; x_wconf 82' lang='grc' dir='ltr'>Κυρίου</span> <span class='ocrx_word' id='word_1_733' title='bbox 2408 5005 2820 5077; x_wconf 83' lang='grc' dir='ltr'>ἐπικαλέσομαι.</span> <span class='ocrx_word' id='word_1_734' title='bbox 2837 5024 2957 5057; x_wconf 73' lang='grc' dir='ltr'>ι-ι</span> <span class='ocrx_word' id='word_1_735' title='bbox 2971 5005 3231 5076; x_wconf 80' lang='grc' dir='ltr'>Ποτήριον</span> <span class='ocrx_word' id='word_1_736' title='bbox 3246 5004 3303 5057; x_wconf 83' lang='grc' dir='ltr'>δὲ</span> <span class='ocrx_word' id='word_1_737' title='bbox 3322 5004 3587 5076; x_wconf 83' lang='grc' dir='ltr'>σωτηρίου</span> <span class='ocrx_word' id='word_1_738' title='bbox 3609 5024 3626 5057; x_wconf 77' lang='grc' dir='ltr'><strong>ι</strong></span> <span class='ocrx_word' id='word_1_739' title='bbox 3647 5006 3773 5068; x_wconf 77' lang='grc' dir='ltr'>ἔθος</span> 
     </span>
    </p>
   </div>
   <div class='ocr_carea' id='block_1_102' title="bbox 2186 5095 3770 5169">
    <p class='ocr_par' dir='ltr' id='par_1_102' title="bbox 2186 5095 3770 5169">
     <span class='ocr_line' id='line_1_102' title="bbox 2186 5095 3770 5169; baseline 0.001 -20"><span class='ocrx_word' id='word_1_740' title='bbox 2186 5097 2543 5168; x_wconf 74' lang='grc' dir='ltr'>ὀνομάζεσθαι</span> <span class='ocrx_word' id='word_1_741' title='bbox 2571 5098 2630 5150; x_wconf 88' lang='grc' dir='ltr'><strong>τὸ</strong></span> <span class='ocrx_word' id='word_1_742' title='bbox 2657 5096 2951 5169; x_wconf 81' lang='grc' dir='ltr'>μαρτύριον</span> <span class='ocrx_word' id='word_1_743' title='bbox 2992 5097 3122 5169; x_wconf 78' lang='grc'><strong>(15),</strong></span> <span class='ocrx_word' id='word_1_744' title='bbox 3153 5095 3228 5159; x_wconf 84' lang='grc' dir='ltr'>ὡς</span> <span class='ocrx_word' id='word_1_745' title='bbox 3252 5099 3310 5150; x_wconf 89' lang='grc' dir='ltr'><strong>ἐν</strong></span> <span class='ocrx_word' id='word_1_746' title='bbox 3341 5096 3420 5168; x_wconf 82' lang='grc' dir='ltr'>τῷ</span> <span class='ocrx_word' id='word_1_747' title='bbox 3449 5097 3770 5167; x_wconf 71' lang='grc' dir='ltr'>Εὐαγγελίῳ</span> 
     </span>
    </p>
   </div>
   <div class='ocr_carea' id='block_1_103' title="bbox 579 5195 2095 5272">
    <p class='ocr_par' dir='ltr' id='par_1_103' title="bbox 579 5195 2095 5270">
     <span class='ocr_line' id='line_1_103' title="bbox 579 5195 2095 5270; baseline 0.006 -20"><span class='ocrx_word' id='word_1_748' title='bbox 579 5195 624 5229; x_wconf 79' lang='grc'><strong>⁸⁷</strong></span> <span class='ocrx_word' id='word_1_749' title='bbox 658 5195 704 5251; x_wconf 84' lang='lat' dir='ltr'><strong>Il</strong></span> <span class='ocrx_word' id='word_1_750' title='bbox 738 5197 911 5255; x_wconf 88' lang='lat' dir='ltr'><strong>Mach.</strong></span> <span class='ocrx_word' id='word_1_751' title='bbox 955 5217 1052 5270; x_wconf 84' lang='lat' dir='ltr'><strong>vn,</strong></span> <span class='ocrx_word' id='word_1_752' title='bbox 1081 5201 1175 5256; x_wconf 75' lang='grc'><strong>24.</strong></span> <span class='ocrx_word' id='word_1_753' title='bbox 1251 5201 1297 5235; x_wconf 79' lang='grc'>⁸⁸</span> <span class='ocrx_word' id='word_1_754' title='bbox 1324 5201 1458 5258; x_wconf 91' lang='lat' dir='ltr'><strong>lbid.</strong></span> <span class='ocrx_word' id='word_1_755' title='bbox 1505 5202 1596 5257; x_wconf 70' lang='lat'><strong>25.</strong></span> <span class='ocrx_word' id='word_1_756' title='bbox 1674 5203 1716 5235; x_wconf 72' lang='lat'><strong>&#39;9</strong></span> <span class='ocrx_word' id='word_1_757' title='bbox 1745 5203 1878 5258; x_wconf 85' lang='lat' dir='ltr'><strong>lbid.</strong></span> <span class='ocrx_word' id='word_1_758' title='bbox 1926 5205 2016 5259; x_wconf 69' lang='lat' dir='ltr'><strong>Q7.</strong></span> <span class='ocrx_word' id='word_1_759' title='bbox 2094 5209 2095 5219; x_wconf 83' lang='lat'>‘</span> 
     </span>
    </p>
   </div>
   <div class='ocr_carea' id='block_1_104' title="bbox 2203 5195 3052 5272">
    <p class='ocr_par' dir='ltr' id='par_1_104' title="bbox 2203 5208 3052 5272">
     <span class='ocr_line' id='line_1_104' title="bbox 2203 5208 3052 5272; baseline 0.002 -11"><span class='ocrx_word' id='word_1_760' title='bbox 2203 5208 2300 5262; x_wconf 67' lang='lat' dir='ltr'><strong>aid.</strong></span> <span class='ocrx_word' id='word_1_761' title='bbox 2347 5208 2436 5262; x_wconf 77' lang='grc'><strong>55.</strong></span> <span class='ocrx_word' id='word_1_762' title='bbox 2512 5208 2557 5240; x_wconf 71' lang='grc'>⁷³</span> <span class='ocrx_word' id='word_1_763' title='bbox 2587 5208 2734 5263; x_wconf 90' lang='lat' dir='ltr'><strong>Psal.</strong></span> <span class='ocrx_word' id='word_1_764' title='bbox 2775 5223 2912 5272; x_wconf 79' lang='lat' dir='ltr'><strong>cxv,</strong></span> <span class='ocrx_word' id='word_1_765' title='bbox 2967 5209 3052 5263; x_wconf 70' lang='grc'><strong>1⁸2.</strong></span> 
     </span>
    </p>
   </div>
   <div class='ocr_carea' id='block_1_105' title="bbox 503 5289 2080 5370">
    <p class='ocr_par' dir='ltr' id='par_1_105' title="bbox 503 5289 2080 5370">
     <span class='ocr_line' id='line_1_105' title="bbox 503 5289 2080 5370; baseline 0.009 -26"><span class='ocrx_word' id='word_1_766' title='bbox 503 5289 1020 5370; x_wconf 21' lang='lat' dir='ltr'><strong>factus‘creaturig,</strong></span> <span class='ocrx_word' id='word_1_767' title='bbox 1050 5313 1169 5352; x_wconf 90' lang='lat' dir='ltr'><strong>eam</strong></span> <span class='ocrx_word' id='word_1_768' title='bbox 1203 5299 1269 5354; x_wconf 90' lang='lat' dir='ltr'><strong>ad</strong></span> <span class='ocrx_word' id='word_1_769' title='bbox 1317 5298 1728 5354; x_wconf 87' lang='lat' dir='ltr'><strong>similitudinem</strong></span> <span class='ocrx_word' id='word_1_770' title='bbox 1765 5315 1887 5370; x_wconf 72' lang='lat' dir='ltr'><strong>quae</strong></span> <span class='ocrx_word' id='word_1_771' title='bbox 1935 5302 1988 5355; x_wconf 92' lang='lat' dir='ltr'><strong>in</strong></span> <span class='ocrx_word' id='word_1_772' title='bbox 2022 5317 2080 5358; x_wconf 90' lang='lat' dir='ltr'><strong>se</strong></span> 
     </span>
    </p>
   </div>
   <div class='ocr_carea' id='block_1_106' title="bbox 503 5366 1322 5426">
    <p class='ocr_par' dir='ltr' id='par_1_106' title="bbox 503 5366 1322 5426">
     <span class='ocr_line' id='line_1_106' title="bbox 503 5366 1322 5426; baseline 0.011 -10"><span class='ocrx_word' id='word_1_773' title='bbox 503 5373 587 5418; x_wconf 90' lang='lat' dir='ltr'><strong>est</strong></span> <span class='ocrx_word' id='word_1_774' title='bbox 621 5366 851 5420; x_wconf 88' lang='lat' dir='ltr'><strong>reducit.</strong></span> <span class='ocrx_word' id='word_1_775' title='bbox 884 5386 902 5418; x_wconf 75' lang='grc' dir='ltr'><strong>ι</strong></span> <span class='ocrx_word' id='word_1_776' title='bbox 931 5367 1322 5426; x_wconf 69' lang='lat' dir='ltr'><strong>Wmsrsnws.</strong></span> 
     </span>
    </p>
   </div>
   <div class='ocr_carea' id='block_1_107' title="bbox 574 5437 1865 5510">
    <p class='ocr_par' dir='ltr' id='par_1_107' title="bbox 574 5437 1865 5510">
     <span class='ocr_line' id='line_1_107' title="bbox 574 5437 1865 5510; baseline 0.002 -20"><span class='ocrx_word' id='word_1_777' title='bbox 574 5437 655 5510; x_wconf 77' lang='grc'><strong>(8)</strong></span> <span class='ocrx_word' id='word_1_778' title='bbox 705 5437 872 5510; x_wconf 48' lang='grc' dir='ltr'><strong>ῘΑλλΪ</strong></span> <span class='ocrx_word' id='word_1_779' title='bbox 907 5439 1166 5510; x_wconf 61' lang='grc' dir='ltr'>ἐφόδοις.</span> <span class='ocrx_word' id='word_1_780' title='bbox 1220 5439 1374 5510; x_wconf 54' lang='lat' dir='ltr'><strong>ng&quot;</strong></span> <span class='ocrx_word' id='word_1_781' title='bbox 1421 5440 1607 5506; x_wconf 83' lang='grc' dir='ltr'>ἄλλαις</span> <span class='ocrx_word' id='word_1_782' title='bbox 1636 5440 1865 5510; x_wconf 81' lang='grc' dir='ltr'>ἐφόδοις.</span> 
     </span>
    </p>
   </div>
   <div class='ocr_carea' id='block_1_108' title="bbox 597 5505 2076 5582">
    <p class='ocr_par' dir='ltr' id='par_1_108' title="bbox 597 5505 2076 5582">
     <span class='ocr_line' id='line_1_108' title="bbox 597 5505 2076 5582; baseline 0.003 -21"><span class='ocrx_word' id='word_1_783' title='bbox 597 5511 674 5582; x_wconf 32' lang='grc' dir='ltr'><strong>θ).</strong></span> <span class='ocrx_word' id='word_1_784' title='bbox 705 5505 1177 5582; x_wconf 71' lang='grc' dir='ltr'>Ἐπιδειξαμένῃ.</span> <span class='ocrx_word' id='word_1_785' title='bbox 1241 5505 1406 5582; x_wconf 70' lang='lat' dir='ltr'><strong>Forte</strong></span> <span class='ocrx_word' id='word_1_786' title='bbox 1452 5505 1643 5573; x_wconf 87' lang='lat' dir='ltr'><strong>scrib.,</strong></span> <span class='ocrx_word' id='word_1_787' title='bbox 1681 5505 2076 5582; x_wconf 58' lang='grc' dir='ltr'>’ἐπιδεξαμὲνψ</span> 
     </span>
    </p>
   </div>
   <div class='ocr_carea' id='block_1_109' title="bbox 599 5577 2077 5651">
    <p class='ocr_par' dir='ltr' id='par_1_109' title="bbox 599 5577 2077 5651">
     <span class='ocr_line' id='line_1_109' title="bbox 599 5577 2077 5651; baseline 0.004 -20"><span class='ocrx_word' id='word_1_788' title='bbox 599 5577 683 5651; x_wconf 67' lang='lat' dir='ltr'><strong>to)</strong></span> <span class='ocrx_word' id='word_1_789' title='bbox 724 5577 1078 5651; x_wconf 76' lang='grc' dir='ltr'>Οὐρανίοὺς.</span> <span class='ocrx_word' id='word_1_790' title='bbox 1110 5579 1215 5651; x_wconf 56' lang='lat' dir='ltr'><strong>bis.</strong></span> <span class='ocrx_word' id='word_1_791' title='bbox 1258 5579 1426 5651; x_wconf 81' lang='lat' dir='ltr'><strong>codex</strong></span> <span class='ocrx_word' id='word_1_792' title='bbox 1467 5583 1752 5644; x_wconf 89' lang='lat' dir='ltr'><strong>mendose,</strong></span> <span class='ocrx_word' id='word_1_793' title='bbox 1796 5577 2077 5651; x_wconf 72' lang='grc' dir='ltr'>οὐρανούς.</span> 
     </span>
    </p>
   </div>
   <div class='ocr_carea' id='block_1_110' title="bbox 601 5647 1834 5720">
    <p class='ocr_par' dir='ltr' id='par_1_110' title="bbox 601 5647 1834 5720">
     <span class='ocr_line' id='line_1_110' title="bbox 601 5647 1834 5720; baseline 0.002 -19"><span class='ocrx_word' id='word_1_794' title='bbox 601 5647 686 5720; x_wconf 64' lang='grc' dir='ltr'><strong>η)</strong></span> <span class='ocrx_word' id='word_1_795' title='bbox 727 5650 1048 5718; x_wconf 50' lang='lat' dir='ltr'><strong>Eoo-:5qu.</strong></span> <span class='ocrx_word' id='word_1_796' title='bbox 1109 5649 1232 5720; x_wconf 69' lang='lat' dir='ltr'><strong>Ms.,</strong></span> <span class='ocrx_word' id='word_1_797' title='bbox 1260 5648 1532 5720; x_wconf 83' lang='grc' dir='ltr'>εὐχύχως,</span> <span class='ocrx_word' id='word_1_798' title='bbox 1563 5661 1834 5719; x_wconf 68' lang='lat' dir='ltr'><strong>corrupte.</strong></span> 
     </span>
    </p>
   </div>
   <div class='ocr_carea' id='block_1_111' title="bbox 605 5717 2080 5791">
    <p class='ocr_par' dir='ltr' id='par_1_111' title="bbox 605 5717 2080 5791">
     <span class='ocr_line' id='line_1_111' title="bbox 605 5717 2080 5791; baseline 0.004 -22"><span class='ocrx_word' id='word_1_799' title='bbox 605 5717 686 5790; x_wconf 73' lang='lat' dir='ltr'><strong>I2)</strong></span> <span class='ocrx_word' id='word_1_800' title='bbox 743 5717 1138 5791; x_wconf 71' lang='grc' dir='ltr'>Ἐπιτὲμόνος.</span> <span class='ocrx_word' id='word_1_801' title='bbox 1196 5717 1357 5773; x_wconf 81' lang='lat' dir='ltr'><strong>Forte</strong></span> <span class='ocrx_word' id='word_1_802' title='bbox 1395 5717 1746 5775; x_wconf 47' lang='lat' dir='ltr'><strong>&#39;SCribetitltttti</strong></span> <span class='ocrx_word' id='word_1_803' title='bbox 1774 5761 1787 5782; x_wconf 85' lang='lat'><strong>,</strong></span> <span class='ocrx_word' id='word_1_804' title='bbox 1825 5723 2080 5791; x_wconf 80' lang='grc' dir='ltr'>ἐπιτεμό·</span> 
     </span>
    </p>
   </div>
   <div class='ocr_carea' id='block_1_112' title="bbox 501 5789 2073 5861">
    <p class='ocr_par' dir='ltr' id='par_1_112' title="bbox 501 5789 2073 5861">
     <span class='ocr_line' id='line_1_112' title="bbox 501 5789 2073 5861; baseline 0.005 -23"><span class='ocrx_word' id='word_1_805' title='bbox 501 5803 609 5861; x_wconf 77' lang='grc' dir='ltr'><strong>νως</strong></span> <span class='ocrx_word' id='word_1_806' title='bbox 641 5790 795 5861; x_wconf 86' lang='lat' dir='ltr'><strong>quasi</strong></span> <span class='ocrx_word' id='word_1_807' title='bbox 827 5789 1103 5860; x_wconf 84' lang='grc' dir='ltr'>ἐπιτόμως</span> <span class='ocrx_word' id='word_1_808' title='bbox 1122 5830 1136 5853; x_wconf 92' lang='grc'><strong>,</strong></span> <span class='ocrx_word' id='word_1_809' title='bbox 1172 5809 1188 5840; x_wconf 78' lang='grc' dir='ltr'><strong>ι</strong></span> <span class='ocrx_word' id='word_1_810' title='bbox 1212 5792 1562 5861; x_wconf 85' lang='lat' dir='ltr'><strong>compendio;</strong></span> <span class='ocrx_word' id='word_1_811' title='bbox 1589 5811 1608 5845; x_wconf 75' lang='grc' dir='ltr'><strong>ι</strong></span> <span class='ocrx_word' id='word_1_812' title='bbox 1646 5802 1740 5846; x_wconf 89' lang='lat' dir='ltr'><strong>aut</strong></span> <span class='ocrx_word' id='word_1_813' title='bbox 1767 5789 2073 5861; x_wconf 76' lang='lat' dir='ltr'><strong>legendum,</strong></span> 
     </span>
    </p>
   </div>
   <div class='ocr_carea' id='block_1_113' title="bbox 503 5858 1564 5932">
    <p class='ocr_par' dir='ltr' id='par_1_113' title="bbox 503 5858 1564 5932">
     <span class='ocr_line' id='line_1_113' title="bbox 503 5858 1564 5932; baseline 0.007 -22"><span class='ocrx_word' id='word_1_814' title='bbox 503 5858 884 5932; x_wconf 69' lang='grc' dir='ltr'>ἐπιστημόνως</span> <span class='ocrx_word' id='word_1_815' title='bbox 910 5899 925 5925; x_wconf 86' lang='grc'><strong>,</strong></span> <span class='ocrx_word' id='word_1_816' title='bbox 962 5858 1160 5930; x_wconf 59' lang='lat' dir='ltr'><strong>(scite,</strong></span> <span class='ocrx_word' id='word_1_817' title='bbox 1189 5860 1504 5932; x_wconf 86' lang='lat' dir='ltr'><strong>prudenter.</strong></span> <span class='ocrx_word' id='word_1_818' title='bbox 1546 5884 1564 5917; x_wconf 73' lang='grc' dir='ltr'><strong>ι</strong></span> 
     </span>
    </p>
   </div>
   <div class='ocr_carea' id='block_1_114' title="bbox 646 6013 1392 6094">
    <p class='ocr_par' dir='ltr' id='par_1_114' title="bbox 646 6013 1392 6094">
     <span class='ocr_line' id='line_1_114' title="bbox 646 6013 1392 6094; baseline -0.001 -46"><span class='ocrx_word' id='word_1_819' title='bbox 646 6027 658 6048; x_wconf 67' lang='grc' dir='ltr'><strong>ε</strong></span> <span class='ocrx_word' id='word_1_820' title='bbox 819 6031 831 6072; x_wconf 50' lang='grc' dir='ltr'><strong>η</strong></span> <span class='ocrx_word' id='word_1_821' title='bbox 977 6031 1006 6084; x_wconf 34' lang='lat' dir='ltr'><strong>ﬁ</strong></span> <span class='ocrx_word' id='word_1_822' title='bbox 1175 6067 1212 6094; x_wconf 39' lang='grc' dir='ltr'><strong><em>λ</em></strong></span> <span class='ocrx_word' id='word_1_823' title='bbox 1264 6055 1316 6092; x_wconf 32' lang='lat' dir='ltr'><strong>tl</strong></span> <span class='ocrx_word' id='word_1_824' title='bbox 1389 6055 1392 6058; x_wconf 44' lang='grc'><strong>,</strong></span> 
     </span>
    </p>
   </div>
   <div class='ocr_carea' id='block_1_115' title="bbox 2263 5303 3767 5379">
    <p class='ocr_par' dir='ltr' id='par_1_115' title="bbox 2263 5303 3767 5379">
     <span class='ocr_line' id='line_1_115' title="bbox 2263 5303 3767 5379; baseline 0.001 -23"><span class='ocrx_word' id='word_1_825' title='bbox 2263 5303 2372 5379; x_wconf 78' lang='lat' dir='ltr'><strong>(l5)</strong></span> <span class='ocrx_word' id='word_1_826' title='bbox 2405 5303 2696 5379; x_wconf 67' lang='grc' dir='ltr'>Ποτήριον</span> <span class='ocrx_word' id='word_1_827' title='bbox 2711 5304 2791 5379; x_wconf 64' lang='grc' dir='ltr'><strong>Δδὲ</strong></span> <span class='ocrx_word' id='word_1_828' title='bbox 2815 5304 3112 5379; x_wconf 70' lang='grc' dir='ltr'>σωτηρίου</span> <span class='ocrx_word' id='word_1_829' title='bbox 3135 5305 3272 5379; x_wconf 73' lang='grc' dir='ltr'>ἔθος</span> <span class='ocrx_word' id='word_1_830' title='bbox 3293 5303 3680 5379; x_wconf 61' lang='grc' dir='ltr'>όνοέεᾴζεσθαι</span> <span class='ocrx_word' id='word_1_831' title='bbox 3699 5305 3767 5359; x_wconf 80' lang='grc' dir='ltr'>τὸ</span> 
     </span>
    </p>
   </div>
   <div class='ocr_carea' id='block_1_116' title="bbox 2185 5375 3761 5445">
    <p class='ocr_par' dir='ltr' id='par_1_116' title="bbox 2185 5375 3761 5445">
     <span class='ocr_line' id='line_1_116' title="bbox 2185 5375 3761 5445; baseline 0.001 -19"><span class='ocrx_word' id='word_1_832' title='bbox 2185 5377 2533 5445; x_wconf 63' lang='grc' dir='ltr'>μαρτύριον.</span> <span class='ocrx_word' id='word_1_833' title='bbox 2563 5375 2819 5429; x_wconf 79' lang='lat' dir='ltr'><strong>Poculum</strong></span> <span class='ocrx_word' id='word_1_834' title='bbox 2852 5375 3127 5438; x_wconf 83' lang='lat' dir='ltr'><strong>salutaris,</strong></span> <span class='ocrx_word' id='word_1_835' title='bbox 3163 5376 3342 5445; x_wconf 86' lang='lat' dir='ltr'><strong>inquit</strong></span> <span class='ocrx_word' id='word_1_836' title='bbox 3390 5375 3761 5437; x_wconf 44' lang='lat' dir='ltr'><strong>&#39;Wetstenins,</strong></span> 
     </span>
    </p>
   </div>
   <div class='ocr_carea' id='block_1_117' title="bbox 2188 5444 3767 5514">
    <p class='ocr_par' dir='ltr' id='par_1_117' title="bbox 2188 5444 3767 5514">
     <span class='ocr_line' id='line_1_117' title="bbox 2188 5444 3767 5514; baseline 0.001 -15"><span class='ocrx_word' id='word_1_837' title='bbox 2188 5444 2454 5514; x_wconf 81' lang='lat' dir='ltr'><strong>Origenes</strong></span> <span class='ocrx_word' id='word_1_838' title='bbox 2487 5460 2591 5497; x_wconf 88' lang='lat' dir='ltr'><strong>non</strong></span> <span class='ocrx_word' id='word_1_839' title='bbox 2625 5446 2760 5498; x_wconf 72' lang='lat' dir='ltr'><strong>dicit</strong></span> <span class='ocrx_word' id='word_1_840' title='bbox 2797 5461 2889 5512; x_wconf 89' lang='lat' dir='ltr'><strong>per</strong></span> <span class='ocrx_word' id='word_1_841' title='bbox 2922 5444 3325 5510; x_wconf 83' lang='lat' dir='ltr'><strong>llebraismum,</strong></span> <span class='ocrx_word' id='word_1_842' title='bbox 3363 5447 3601 5512; x_wconf 81' lang='lat' dir='ltr'><strong>genitivo</strong></span> <span class='ocrx_word' id='word_1_843' title='bbox 3630 5449 3767 5501; x_wconf 81' lang='lat' dir='ltr'><strong>sub-</strong></span> 
     </span>
    </p>
   </div>
   <div class='ocr_carea' id='block_1_118' title="bbox 2189 5514 3766 5584">
    <p class='ocr_par' dir='ltr' id='par_1_118' title="bbox 2189 5514 3766 5584">
     <span class='ocr_line' id='line_1_118' title="bbox 2189 5514 3766 5584; baseline 0.001 -17"><span class='ocrx_word' id='word_1_844' title='bbox 2189 5515 2406 5567; x_wconf 80' lang='lat' dir='ltr'><strong>stantivi</strong></span> <span class='ocrx_word' id='word_1_845' title='bbox 2440 5530 2538 5583; x_wconf 84' lang='lat' dir='ltr'><strong>pro</strong></span> <span class='ocrx_word' id='word_1_846' title='bbox 2558 5514 2824 5581; x_wconf 77' lang='lat' dir='ltr'><strong>adjective</strong></span> <span class='ocrx_word' id='word_1_847' title='bbox 2850 5517 3571 5584; x_wconf 87' lang='lat' dir='ltr'><strong>sumpto:quemadmodum</strong></span> <span class='ocrx_word' id='word_1_848' title='bbox 3599 5517 3766 5584; x_wconf 87' lang='lat' dir='ltr'><strong>vulgo</strong></span> 
     </span>
    </p>
   </div>
   <div class='ocr_carea' id='block_1_119' title="bbox 2188 5585 3760 5652">
    <p class='ocr_par' dir='ltr' id='par_1_119' title="bbox 2188 5585 3760 5652">
     <span class='ocr_line' id='line_1_119' title="bbox 2188 5585 3760 5652; baseline 0.003 -16"><span class='ocrx_word' id='word_1_849' title='bbox 2188 5595 2426 5644; x_wconf 85' lang='lat' dir='ltr'><strong>vertunt.</strong></span> <span class='ocrx_word' id='word_1_850' title='bbox 2458 5585 2700 5652; x_wconf 79' lang='lat' dir='ltr'><strong>poculum</strong></span> <span class='ocrx_word' id='word_1_851' title='bbox 2723 5585 2909 5639; x_wconf 76' lang='lat' dir='ltr'><strong>salutis</strong></span> <span class='ocrx_word' id='word_1_852' title='bbox 2948 5587 3224 5650; x_wconf 79' lang='lat' dir='ltr'><strong>accipiant,</strong></span> <span class='ocrx_word' id='word_1_853' title='bbox 3255 5588 3305 5639; x_wconf 92' lang='lat' dir='ltr'><strong>id</strong></span> <span class='ocrx_word' id='word_1_854' title='bbox 3346 5597 3433 5641; x_wconf 88' lang='lat' dir='ltr'><strong>est</strong></span> <span class='ocrx_word' id='word_1_855' title='bbox 3478 5589 3760 5652; x_wconf 83' lang='lat' dir='ltr'><strong>salutare;</strong></span> 
     </span>
    </p>
   </div>
   <div class='ocr_carea' id='block_1_120' title="bbox 2187 5653 3762 5724">
    <p class='ocr_par' dir='ltr' id='par_1_120' title="bbox 2187 5653 3762 5724">
     <span class='ocr_line' id='line_1_120' title="bbox 2187 5653 3762 5724; baseline 0.003 -17"><span class='ocrx_word' id='word_1_856' title='bbox 2187 5657 2281 5707; x_wconf 64' lang='lat' dir='ltr'><strong>sed</strong></span> <span class='ocrx_word' id='word_1_857' title='bbox 2311 5653 2372 5705; x_wconf 77' lang='grc' dir='ltr'><strong>τὸ</strong></span> <span class='ocrx_word' id='word_1_858' title='bbox 2401 5656 2684 5724; x_wconf 82' lang='grc' dir='ltr'>σωτήριον,</span> <span class='ocrx_word' id='word_1_859' title='bbox 2717 5656 2983 5719; x_wconf 81' lang='lat' dir='ltr'><strong>salutare,</strong></span> <span class='ocrx_word' id='word_1_860' title='bbox 3009 5665 3303 5724; x_wconf 87' lang='lat' dir='ltr'><strong>usurpatur</strong></span> <span class='ocrx_word' id='word_1_861' title='bbox 3344 5657 3463 5711; x_wconf 88' lang='lat' dir='ltr'><strong>vice</strong></span> <span class='ocrx_word' id='word_1_862' title='bbox 3497 5659 3762 5711; x_wconf 82' lang='lat' dir='ltr'><strong>substan-</strong></span> 
     </span>
    </p>
   </div>
   <div class='ocr_carea' id='block_1_121' title="bbox 2190 5725 3758 5795">
    <p class='ocr_par' dir='ltr' id='par_1_121' title="bbox 2190 5725 3758 5795">
     <span class='ocr_line' id='line_1_121' title="bbox 2190 5725 3758 5795; baseline 0.003 -19"><span class='ocrx_word' id='word_1_863' title='bbox 2190 5725 2280 5776; x_wconf 86' lang='lat' dir='ltr'><strong>tivi</strong></span> <span class='ocrx_word' id='word_1_864' title='bbox 2314 5725 2576 5795; x_wconf 65' lang='grc' dir='ltr'>σωτηρία,</span> <span class='ocrx_word' id='word_1_865' title='bbox 2601 5734 2654 5778; x_wconf 86' lang='lat' dir='ltr'><strong>et</strong></span> <span class='ocrx_word' id='word_1_866' title='bbox 2681 5725 2768 5795; x_wconf 78' lang='lat' dir='ltr'><strong>hic</strong></span> <span class='ocrx_word' id='word_1_867' title='bbox 2793 5726 2985 5779; x_wconf 87' lang='lat' dir='ltr'><strong>iterum</strong></span> <span class='ocrx_word' id='word_1_868' title='bbox 3011 5727 3332 5780; x_wconf 77' lang='lat' dir='ltr'><strong>abstractum</strong></span> <span class='ocrx_word' id='word_1_869' title='bbox 3364 5741 3462 5795; x_wconf 86' lang='lat' dir='ltr'><strong>pro</strong></span> <span class='ocrx_word' id='word_1_870' title='bbox 3485 5739 3758 5793; x_wconf 76' lang='lat' dir='ltr'><strong>concreto,</strong></span> 
     </span>
    </p>
   </div>
   <div class='ocr_carea' id='block_1_122' title="bbox 2186 5792 3764 5864">
    <p class='ocr_par' dir='ltr' id='par_1_122' title="bbox 2186 5792 3764 5864">
     <span class='ocr_line' id='line_1_122' title="bbox 2186 5792 3764 5864; baseline 0.004 -19"><span class='ocrx_word' id='word_1_871' title='bbox 2186 5808 2377 5860; x_wconf 89' lang='lat' dir='ltr'><strong>nempe</strong></span> <span class='ocrx_word' id='word_1_872' title='bbox 2409 5792 2683 5848; x_wconf 74' lang='lat' dir='ltr'><strong>Sérvatorc</strong></span> <span class='ocrx_word' id='word_1_873' title='bbox 2721 5794 2859 5862; x_wconf 84' lang='lat' dir='ltr'><strong>ipso.</strong></span> <span class='ocrx_word' id='word_1_874' title='bbox 2892 5796 2968 5849; x_wconf 86' lang='lat' dir='ltr'><strong>lla</strong></span> <span class='ocrx_word' id='word_1_875' title='bbox 2998 5795 3216 5852; x_wconf 87' lang='lat' dir='ltr'><strong>Simeon</strong></span> <span class='ocrx_word' id='word_1_876' title='bbox 3245 5792 3560 5864; x_wconf 72' lang='lat' dir='ltr'><strong>complexus</strong></span> <span class='ocrx_word' id='word_1_877' title='bbox 3592 5792 3764 5852; x_wconf 77' lang='lat' dir='ltr'><strong>Chri-</strong></span> 
     </span>
    </p>
   </div>
   <div class='ocr_carea' id='block_1_123' title="bbox 2184 5863 3754 5938">
    <p class='ocr_par' dir='ltr' id='par_1_123' title="bbox 2184 5863 3754 5938">
     <span class='ocr_line' id='line_1_123' title="bbox 2184 5863 3754 5938; baseline 0 -21"><span class='ocrx_word' id='word_1_878' title='bbox 2184 5874 2326 5917; x_wconf 80' lang='lat' dir='ltr'><strong>stum</strong></span> <span class='ocrx_word' id='word_1_879' title='bbox 2364 5865 2572 5919; x_wconf 80' lang='lat' dir='ltr'><strong>Domini</strong></span> <span class='ocrx_word' id='word_1_880' title='bbox 2614 5875 2796 5919; x_wconf 83' lang='lat' dir='ltr'><strong>natum</strong></span> <span class='ocrx_word' id='word_1_881' title='bbox 2832 5865 2960 5921; x_wconf 80' lang='lat' dir='ltr'><strong>Luc.</strong></span> <span class='ocrx_word' id='word_1_882' title='bbox 2992 5883 3064 5934; x_wconf 87' lang='lat' dir='ltr'><strong>tt,</strong></span> <span class='ocrx_word' id='word_1_883' title='bbox 3093 5866 3161 5920; x_wconf 73' lang='lat'><strong>9.0</strong></span> <span class='ocrx_word' id='word_1_884' title='bbox 3187 5885 3198 5920; x_wconf 90' lang='lat'>:</span> <span class='ocrx_word' id='word_1_885' title='bbox 3228 5864 3351 5920; x_wconf 84' lang='grc' dir='ltr'>’Ὁτι</span> <span class='ocrx_word' id='word_1_886' title='bbox 3380 5863 3518 5920; x_wconf 75' lang='grc' dir='ltr'>εἶδον</span> <span class='ocrx_word' id='word_1_887' title='bbox 3561 5867 3610 5920; x_wconf 83' lang='grc' dir='ltr'>οἱ</span> <span class='ocrx_word' id='word_1_888' title='bbox 3653 5866 3754 5938; x_wconf 62' lang='grc' dir='ltr'>όφ-</span> 
     </span>
    </p>
   </div>
  </div>
