3962 6414
518 333 621 392 599

1989 316 2312 377 OBlGENlS

3669 316 3770 382 600

517 453 647 522 quid
702 449 866 521 igitur
904 465 1002 506 nos
1051 450 1218 505 lateat
1270 447 1370 502 hoc
1415 447 1555 512 loco,
1591 443 2070 502 demonStrativmr

2185 437 2368 492 τοῦτο·
2415 457 2432 489 ι
2469 436 2563 490 καὶ
2607 435 2716 491 ἀπὸ
2754 435 3004 522 ἀνδρείας
3048 437 3314 506 φάσκειν·
3351 455 3371 488 ι
3423 437 3548 492 Ἐὰν
3589 456 3768 510 παρα-

516 543 713 601 calicis
734 557 1034 612 pronomen
1052 542 1195 612 quod
1225 556 1255 596 a
1288 541 1462 597 tribus
1493 539 2085 612 evangelistisexpres-

515 652 637 695 sum
657 644 763 703 est,
791 635 1134 691 observabis.
1163 633 1448 688 Mattbaeus
1474 632 1619 688 enim
1647 631 1870 702 scripsit
1901 631 2085 688 dicen-

515 741 625 789 tem
657 731 944 788 Dominum
972 747 986 784 :
1027 747 1046 780 ι
1093 726 1253 782 Pater
1280 727 1374 790 mi,
1409 725 1455 781 si
1480 724 1739 796 possibile
1769 733 1873 792 est,
1905 730 2084 778 trans-

513 833 604 881 eat
646 838 676 878 a
717 836 803 878 me
837 821 978 877 calix
1010 821 1112 875 iste
1137 819 1222 887 ἠς
1265 837 1284 872 ι
1318 817 1494 874 Lucas
1524 832 1696 872 vero:
1737 835 1755 868 ι
1796 815 1992 880 Pater,
2034 815 2079 868 si

511 917 616 980 vis,
652 912 886 969 transfer
926 911 1151 968 calicem
1184 893 1349 979 is'tum
1382 924 1410 963 a
1448 923 1534 963 me
1559 908 1604 939 '"
1634 924 1650 973 ;
1680 927 1700 960 ι
1742 906 1959 961 Marcus
1988 921 2084 960 au-

512 1017 622 1062 tem
660 1020 676 1060 :
711 1024 730 1058 ι
772 1003 924 1060 Abba
976 1002 1173 1070 Pater,
1210 1000 1393 1056 omnia
1446 998 1543 1054 tibi
1592 997 1869 1068 possibilia
1910 1006 2076 1064 sunt;

513 1099 747 1154 transfer
781 1096 1006 1153 calicem
1054 1095 1201 1150 hunc
1241 1108 1270 1147 a
1315 1107 1404 1148 me
1424 1091 1490 1145 ⁷⁸.
1524 1109 1544 1144 ι
1582 1088 1719 1145 Vide
1766 1089 1964 1161 igitur,
2009 1104 2077 1142 an

507 1206 632 1246 cum
672 1202 836 1244 omne
884 1187 1204 1257 martyrium
1236 1193 1464 1240 vocetur
1511 1182 1580 1237 ab
1613 1181 1704 1237 illo
1731 1181 2076 1252 martyrium,

507 1295 830 1353 quacunque
855 1295 922 1336 ex
953 1293 1119 1335 causa
1150 1277 1277 1334 hinc
1309 1277 1640 1336 discederet.
1669 1274 1853 1332 dicere
1872 1275 2076 1345 possis,

501 1389 613 1430 non
657 1388 832 1443 genus
868 1371 1118 1442 martyrii
1163 1385 1288 1427 eum
1339 1381 1644 1436 recusasse,
1672 1383 1794 1424 cum
1827 1367 2074 1424 diceret:

508 1485 530 1522 ι
558 1466 876 1523 Transeata
899 1479 988 1521 me
1017 1462 1153 1520 calix
1187 1462 1289 1517 iste
1317 1479 1335 1514 ι
1356 1461 1602 1532 (dixisset
1620 1460 1792 1526 enim,
1811 1461 2077 1516 Transeat

503 1573 534 1614 a
567 1573 655 1614 me
678 1555 876 1628 calix),
912 1555 1007 1610 sed
1039 1554 1181 1609 forte
1215 1552 1452 1620 speciem
1497 1551 1648 1607 illam
1679 1550 1964 1621 refugisse.
2008 1551 2076 1605 Et

500 1647 722 1705 attende
750 1662 819 1701 an
853 1645 962 1701 dici
995 1644 1169 1714 possit
1195 1641 1533 1698 Salvatorem
1563 1643 1766 1709 varias,
1798 1651 1857 1697 ut
1885 1641 1960 1696 ita
1986 1642 2074 1698 di-

498 1753 643 1805 cam,
674 1737 908 1792 calieum
937 1735 1313 1806 inspicientem
1346 1735 1578 1806 species,
1606 1742 1662 1789 et
1706 1747 1827 1802 quae
1861 1746 1927 1788 ex
1960 1749 2070 1790 uno

497 1846 716 1904 quoque
732 1838 1112 1900 sequerentur,
1133 1843 1436 1900 eorumque
1457 1827 1786 1884 differentias
1800 1827 2065 1883 altissima

498 1925 736 1995 quadam
769 1923 1042 1994 sapientia
1077 1925 1596 1994 deprehendentem,
1625 1921 1768 1976 hanc
1793 1935 1892 1992 per
1919 1935 2069 1975 mar-

497 2018 697 2089 tyrium
733 2018 915 2073 exitus
947 2017 1189 2088 speciem
1221 2029 1505 2072 recusasse
1526 2059 1540 2084 ,
1573 2024 1626 2072 et
1651 2016 1811 2072 aliam
1841 2015 2072 2074 fortasse

496 2109 801 2180 graviorem
833 2109 999 2164 tacite
1027 2107 1363 2178 postulasse,
1403 2117 1462 2163 ut
1489 2122 1585 2178 per
1632 2108 1798 2164 alium
1840 2108 2068 2165 calicem

493 2200 861 2257 universalius
903 2201 1121 2270 aliquod
1152 2209 1207 2256 et
1237 2200 1305 2256 ad
1345 2200 1530 2270 plures
1561 2198 1885 2272 pertingens‘
1904 2202 2069 2257 bene-

493 2289 680 2346 ficium
721 2291 1035 2361 perﬁceret.
1077 2291 1235 2358 Quod
1279 2301 1342 2347 ut
1386 2291 1537 2348 fieret
1581 2293 1820 2348 nondum
1872 2310 2070 2350 conce-

492 2383 660 2440 debat
711 2385 1016 2455 sapientior
1075 2384 1352 2441 voluntate
1400 2385 1526 2440 Filii
1576 2387 1826 2443 voluntas
1863 2387 2064 2455 Patris,

491 2475 656 2530 aliter
684 2491 749 2530 ac
779 2476 996 2532 videbat
1041 2475 1314 2543 Salvator,
1357 2476 1440 2530 via
1473 2487 1526 2531 et
1553 2478 1743 2532 ordine
1780 2494 1868 2535 res
1893 2479 2066 2534 admi-

491 2567 803 2622 nistrantis.
833 2568 1032 2638 Aperte
1064 2579 1243 2622 autem
1285 2569 1338 2623 in
1374 2568 1606 2624 Psalmis
1641 2569 1940 2627 Salvatoris
1970 2587 2066 2628 ca-

490 2656 568 2710 lix
602 2667 902 2728 martyrum
922 2673 1070 2714 mors
1091 2669 1192 2714 est.
1222 2660 1404 2728 Quare
1423 2662 1506 2716 his
1529 2661 1706 2716 verbis
1731 2679 1744 2716 :
1777 2680 1795 2714 ι
1827 2661 2064 2719 Calicem

491 2749 750 2804 salutaris
791 2750 1096 2820 accipiant,
1129 2759 1183 2805 et
1216 2767 1412 2832 nomen
1449 2753 1660 2807 Domini
1708 2753 1996 2821 invocabo,
2041 2773 2060 2807 ι

489 2841 799 2896 subduntur
841 2842 944 2898 ista
989 2856 1004 2897 :
1058 2862 1075 2894 ι
1112 2843 1360 2899 Pretiosa
1407 2845 1459 2898 in
1512 2858 1807 2916 conspecm
1851 2846 2066 2903 Domini

490 2948 640 2988 mors
657 2944 970 2989 sanctorum
991 2934 1106 3002 ejus
1124 2936 1268 2990 7"”.
1295 2955 1313 2988 ι
1339 2936 1584 2992 Pretiosa
1611 2940 1773 3009 igitur
1795 2939 1951 2996 nobis
1971 2940 2066 2996 ad-

487 3023 640 3078 venit
667 3041 837 3092 mors,
876 3035 935 3079 ut
968 3028 1176 3082 sanctis
1219 3027 1342 3092 Dei,
1381 3043 1482 3083 nec
1518 3028 1607 3082 illo
1640 3029 1897 3099 indignis,
1939 3047 2063 3086 cum

2184 530 2415 602 τάξηται
2454 530 2539 583 ἐπ’
2579 528 2680 600 ἐμὲ
2715 513 3056 600 παρεμϐολὴ,
3085 528 3148 581 οὑ
3173 527 3539 600 φοϐηθήσεται
3572 531 3607 601 ἡ
3639 548 3771 604 καρ.

2184 622 2273 677 δία
2304 638 2426 693 μου.
2473 640 2490 672 ι
2523 618 2738 692 Μήποτ’
2768 615 2860 673 οὖν
2884 618 3122 691 λανθάνῃ
3149 635 3202 672 τι
3231 620 3378 689 ἡμᾶς
3405 620 3463 673 ἐν
3497 617 3576 690 τῷ
3595 620 3767 692 τόπῳ,

2184 715 2278 770 καὶ
2317 715 2632 785 ἐπιστήσεις
2663 711 2741 784 τῷ
2787 712 2930 783 παρὰ
2970 714 3082 776 τοῖς
3121 712 3296 783 τρισὶν
3342 711 3620 783 εἰρημένῳ
3661 711 3769 764 δει-

2183 808 2357 875 κτικῷ
2378 807 2471 862 τοῦ
2505 807 2786 878 ποτηρίου.
2831 805 2888 857 Ὁ
2925 804 3019 874 μὲν
3045 802 3154 874 γάρ
3181 802 3462 866 Ἀίατθαῖος
3493 802 3768 875 ἀνέγραψε

2181 900 2405 970 λέγοντα
2437 900 2526 953 τὸν
2559 898 2761 970 Κύριον
2783 914 2798 928 ο
2833 916 2851 949 ι
2891 896 3098 966 Πάτερ,
3135 897 3184 948 εί
3220 894 3447 948 δυνατόν
3470 895 3604 961 ἐστι,
3638 912 3769 965 παρ-

2181 993 2380 1046 ελθέτω
2422 992 2514 1046 ἀπ’
2539 990 2671 1062 ἐμοῦ
2698 989 2758 1043 τὸ
2789 991 3042 1060 ποτήριον
3069 987 3243 1041 τοῦτο
3263 1003 3278 1018 ο
3323 1006 3343 1038 ι
3372 989 3401 1041 6
3431 986 3488 1040 δὲ
3515 988 3730 1050 Λουκᾶς
3750 1005 3762 1018 ·

2187 1105 2204 1136 ι
2247 1083 2430 1156 Πάτερ
2454 1123 2467 1147 ,
2510 1084 2556 1136 εί
2594 1080 2803 1153 βούλει,
2839 1085 3142 1153 παρένεγκε
3183 1079 3243 1133 τὸ
3298 1080 3559 1151 ποτήριον
3592 1079 3767 1133 τοῦτο

2180 1179 2272 1232 ἀπ’
2308 1177 2475 1249 ἐμοῦο
2521 1196 2540 1229 ι
2578 1177 2606 1228 6
2645 1175 2704 1229 δὲ
2735 1174 2997 1247 Μάρκος·
3037 1192 3056 1225 ι
3110 1172 3312 1238 Ἀσδᾶ,
3350 1174 3379 1226 6
3421 1155 3648 1244 Πατήρι
3685 1172 3768 1225 δυ.

2178 1272 2314 1326 νατά
2362 1288 2442 1324 σοι
2490 1270 2682 1325 πάντα·
2715 1268 3018 1340 παρένεγκε
3059 1267 3118 1320 τὸ
3151 1267 3410 1338 ποτήριον
3460 1266 3638 1320 τοῦτο
3670 1268 3764 1321 ἀπ’

2177 1364 2332 1437 ἐμοῦ.
2369 1383 2388 1415 ι
2431 1365 2570 1436 Ὅρα
2603 1362 2780 1415 τοίνυν
2812 1363 2860 1414 εί
2905 1359 3168 1425 δύνασαι,
3205 1359 3410 1424 παντὸς
3458 1359 3764 1433 μαρτυρίου

2176 1457 2297 1512 καθ’
2325 1455 2606 1511 ὁποιανοῦν
2645 1454 2916 1528 πρόφασιν
2949 1451 3128 1519 ἐξόδου
3161 1453 3466 1525 μαρτυρίου
3499 1451 3767 1523 καλουμέ-

2175 1567 2300 1615 νου,
2343 1547 2503 1602 τοῦτο
2548 1548 2819 1618 φάσκειν,
2856 1539 2951 1600 ¹ὅτι
2994 1546 3056 1598 οὐ
3107 1543 3165 1598 τὺ
3207 1544 3362 1614 γένος
3408 1542 3504 1597 τοῦ
3556 1560 3763 1616 μαρτυο

2178 1643 2294 1715 ρίου
2325 1641 2437 1714 (18)
2465 1641 2779 1714 παρῃτεῖτο,
2819 1639 2992 1710 λέγων
3019 1657 3032 1670 ·
3075 1657 3093 1690 ι
3131 1635 3454 1709 Παρελθέτω
3497 1637 3595 1690 ἀπ’
3627 1638 3763 1708 ἐμοῦ

2173 1735 2235 1790 τὸ
2267 1735 2522 1806 ποτήριον
2553 1732 2711 1785 τοῦτο
2741 1750 2759 1783 t
2796 1729 3019 1803 (ἔφασκε
3053 1729 3160 1799 γὰρ
3183 1728 3269 1794 ἂν,
3311 1728 3640 1800 Παρελθέτω
3669 1729 3762 1783 ἀπ’

2099 1790 2142 1845 Β
2175 1827 2337 1900 ἐμοῦ·
2363 1790 2422 1882 τδ
2464 1826 2781 1898 ποτήριον),
2802 1790 2952 1878 κάλλᾶ
2993 1790 3144 1895 τάγα.
3174 1790 3424 1887 τὸεῖδος
3463 1823 3608 1876 τόδε.
3635 1795 3764 1877 ’Καὶ

2177 1921 2414 1992 πρόσχες
2434 1957 2448 1981 ,
2478 1919 2524 1971 εί
2555 1915 2775 1971 δυνατὸν
2805 1914 3072 1987 ἐνορῶντα
3101 1915 3192 1968 τὸν
3218 1913 3453 1985 Σωτῆρα
3477 1917 3591 1980 τοῖς
3627 1914 3765 1968 εῖδε-

2177 2029 2261 2070 σιν
2282 2051 2296 2077 ,
2334 2011 2399 2065 ἵν’
2426 2009 2598 2072 οὕτως
2624 2007 2906 2079 ὀνομάσω,
2950 2006 3056 2060 τῶν
3090 2005 3363 2078 ποτηρίων
3380 2045 3396 2071 ,
3431 2007 3529 2059 καὶ
3550 2008 3667 2072 τοῖς
3694 2005 3761 2058 δι’

2172 2104 2405 2158 ἕκαστον
2463 2100 2776 2173 γενομένοις
2807 2099 2906 2166 ἂν,
2953 2100 3046 2154 καὶ
3087 2099 3578 2170 καταλαμϐάνοντα
3621 2099 3764 2171 μετά

2172 2213 2317 2260 τινος
2360 2194 2671 2266 βαθυτάτης
2698 2193 2889 2262 σοφίας
2931 2191 3029 2255 τὰς
3059 2191 3342 2264 διαφορὰς,
3375 2191 3499 2244 τόδε
3531 2191 3595 2244 τὸ
3621 2186 3761 2255 εἶδος

2170 2291 2270 2362 τῆς
2293 2289 2472 2353 ἐξόδου
2493 2285 2877 2360 παραιτεῖσθαι
2903 2284 2997 2338 τοῦ
3024 2283 3344 2357 μαρτυρίου,
3365 2281 3504 2338 ἄλλα
3533 2283 3590 2337 δὲ
3617 2283 3761 2353 τάχα

2174 2383 2469 2456 βαρύτερον
2498 2383 2668 2434 αἰτεῖν
2721 2377 3058 2449 λεληθότως,
3105 2377 3191 2430 ἵνα
3233 2374 3670 2448 καθολικώτερον
3707 2377 3760 2429 τί

2172 2476 2264 2530 καὶ
2308 2475 2401 2528 ἐπὶ
2434 2473 2650 2536 πλείους
2694 2469 2893 2540 φθάνον
2922 2467 3266 2540 εὐεργέτημα
3293 2464 3500 2537 ἀνυσθῇ
3540 2465 3608 2519 δι’
3643 2467 3761 2518 έτέ-

2174 2586 2265 2641 ρου
2297 2565 2577 2637 ποτηρίου.
2616 2564 2791 2634 Ὅπερ
2823 2561 3033 2616 οὐδέπω
3065 2555 3133 2631 ῆν
3167 2558 3379 2629 θέλημα
3409 2557 3505 2611 τοῦ
3541 2557 3760 2630 Ila-.196;

2168 2658 2420 2730 γενέσθαι
2437 2655 2739 2727 σοφώτερον
2761 2652 2911 2724 παρὰ
2928 2651 2988 2704 τὸ
3012 2650 3256 2722 βούλημα
3271 2648 3364 2702 τοῦ
3382 2649 3593 2719 Υἱοῦ,(1
3607 2649 3760 2718 9)καὶ

2171 2754 2298 2824 παρ’
2328 2751 2356 2804 ὃ
2391 2749 2534 2822 ἐώρα
2563 2751 2590 2804 6
2621 2747 2810 2818 Σωτὴρ
2830 2785 2844 2810 ,
2876 2742 2983 2813 ὁδῷ
3017 2742 3110 2796 καὶ
3155 2741 3308 2806 τάξει
3341 2739 3760 2810 οίκονομοῦντος

2168 2846 2236 2899 τὰ
2268 2843 2586 2915 πράγματα.
2615 2837 2808 2907 Σαφῶς
2834 2837 2891 2890 δὲ
2923 2838 2980 2890 ἐν
3011 2833 3262 2904 Ψαλμοῖς
3288 2833 3350 2886 τὸ
3383 2831 3477 2885 τοῦ
3504 2831 3760 2902 Σωτῆρος

2168 2939 2425 3010 ποτήριον
2459 2938 2487 2988 6
2507 2933 2613 2989 τῶν
2643 2931 2935 3004 μαρτύρων
2964 2929 3077 3001 (ΞΟ)
3117 2929 3232 2983 ἐστὶ
3261 2928 3514 2992 θάνατος.
3548 2928 3754 3000 Διόπερ

2168 3029 2264 3100 τῷ,
2305 3046 2321 3080 ι
2360 3027 2625 3097 Ποτήριον
2661 3022 2928 3093 σωτηρίου
2955 3021 3215 3093 λήψομαι,
3244 3020 3422 3074 καὶτὸ
3446 3019 3619 3092 ὄνομα
3648 3021 3762 3072 Κυ-

487 3131 595 3168 non
657 3119 969 3183 communi,
1024 3129 1083 3173 ut
1135 3120 1206 3173 ita
1249 3119 1470 3184 dicam,
1523 3130 1578 3174 et
1638 3121 1837 3190 pietate
1898 3138 2064 3178 vacua

2177 3123 2287 3192 ρίου
2319 3118 2737 3188 ὲπικαλέσομαι,
2768 3135 2785 3167 ›
2814 3114 3132 3188 ἐπιφέρεται
3147 3113 3225 3166 τόο
3253 3132 3270 3163 ι
3297 3113 3493 3182 Τίμιος
3514 3112 3760 3164 ἐναντίον

491 3215 691 3267 morie,
765 3207 859 3262 sed
935 3209 1134 3263 eximia
1189 3209 1298 3262 illa
1376 3208 1722 3279 defuagimur
1777 3227 1898 3282 qua:
1936 3228 2062 3282 pro-

488 3305 611 3363 pter
685 3296 1057 3354 Christianam
1131 3301 1449 3372 religionem
1526 3302 1888 3374 pietatemque
1961 3307 2091 3360 iit-"-

489 3388 515 3439 ί·
549 3399 685 3443 rtur.

2170 3213 2376 3286 Κυρίου
2412 3213 2444 3264 6
2478 3210 2704 3273 θάνατος
2731 3207 2839 3262 τῶν
2875 3207 3036 3260 ὁσίων
3068 3205 3253 3259 αὐτοῦ.
3283 3225 3300 3257 ι
3343 3205 3539 3275 Τίμιος
3577 3204 3760 3257 τοίνυν

2170 3309 2301 3378 ἡμῖν
2350 3304 2639 3376 ἐπέρχεται
2689 3300 2954 3363 θάνατος,
3005 3297 3081 3361 ὼς
3121 3298 3290 3360 ὁσίοις
3338 3296 3436 3348 τοῦ
3477 3295 3610 3348 Θεοῦ
3663 3297 3762 3349 καὶ

2167 3401 2267 3452 οὐκ
2301 3397 2558 3462 ἀναξίοις,
2591 3397 2688 3448 οὐκ
2727 3394 2783 3449 ὲν
2813 3391 2888 3462 τῷ
2923 3391 3119 3457 κοινὸν,
3153 3391 3218 3444 ἵν’
3261 3388 3434 3454 οὕτως
3479 3389 3759 3460 ὀνομάσω,

487 3484 580 3537 καὶ
606 3486 774 3557 ἀργὸν
802 3487 1109 3547 Θεοσεὸείας
1138 3489 1360 3565 θάνατον
1393 3492 1700 3557 ἀποθανεῖν,
1733 3492 1868 3547 ἀλλά
1900 3511 2044 3559 τινος
2068 3495 2362 3567 ἐξαίρετον,
2384 3494 2476 3548 τὸν
2501 3492 2589 3546 διὰ
2610 3489 3034 3560 Χριστιανισμὸν
3060 3488 3151 3541 καὶ
3182 3487 3484 3540 εὐσέϐειαν.

561 3581 652 3636 50.
700 3582 1108 3639 Meminerimus
1130 3586 1295 3639 etiam
1330 3601 1427 3639 nos
1459 3602 1732 3654 peccasse,
1763 3605 1860 3642 nec
1892 3590 2055 3662 293

491 3689 654 3740 posse
711 3677 1084 3732 remissionem
1155 3686 1500 3746 peccatorum
1565 3680 1681 3734 sine
1728 3681 2060 3750 Baptismate

490 3767 694 3836 accipi:
727 3782 825 3823 nos
859 3779 1036 3823 autent
1087 3769 1240 3837 juxta
1275 3771 1618 3840 evangelicas
1675 3759 1818 3842 leges
1861 3775 2056 3830 iterum

559 3909 608 3940 "°
640 3909 832 3965 Matth.
869 3925 1019 3974 τινι,
1048 3909 1138 3964 59.
1213 3909 1255 3940 ⁷⁷
1290 3909 1584 3972 Luc.xxu,
1610 3910 1698 3965 42.
1775 3912 1824 3943 ⁷⁸
1856 3911 2024 3968 Marc.
2058 3931 2166 3982 xw,
2201 3915 2288 3970 36.

486 4061 648 4115 τητος
681 4042 858 4115 πάντα
889 4043 1224 4115 ὑπομένοντα
1250 4041 1318 4095 τά
1347 4044 1505 4115 παρὰ
1536 4041 1643 4115 τῶν
1688 4044 2063 4114 ἐμπαιζόντων

487 4113 904 4200 προσαγόμενοι,
947 4113 1235 4200 Ξίρηκέναι
1263 4114 1371 4200 άπὸ
1398 4113 1677 4200 ἀγεννείας
1867 4115 2065 4167 οἴονταί

486 4183 649 4255 τινες)
688 4183 782 4237 καὶ
823 4185 910 4250 τὸ,
936 4183 1150 4253 Πάτερ,
1185 4187 1237 4238 εὶ
1259 4183 1542 4255 δυνατόν.
1578 4201 1595 4234 ι
1632 4183 1747 4248 Qui
1770 4185 1931 4251 igitur
1956 4199 2065 4251 prie

487 4256 810 4309 fortitudine
843 4257 1012 4309 tacuit
1036 4258 1087 4308 in
1117 4255 1406 4324 supplicio,
1432 4254 1522 4322 qui
1550 4255 1730 4308 omnia
1761 4255 1861 4308 sibi
1891 4269 1920 4307 a
1947 4254 2062 4308 suis

487 4327 824 4381 derisoribus
850 4325 1054 4379 inflicta
1079 4323 1356 4387 sustinuit,
1386 4325 1429 4377 is
1460 4339 1566 4377 non
1603 4338 1714 4391 pra:
1739 4323 1971 4392 ignavia,
2007 4333 2066 4378 ut

485 4397 780 4464 opinantur
805 4395 1074 4459 nonnulli,
1111 4397 1247 4450 dixit
1279 4394 1423 4448 istud
1451 4410 1466 4448 :
1509 4393 1670 4447 Pater
1696 4434 1710 4458 ,
1738 4395 1781 4447 si
1813 4394 2057 4464 possibile

2245 3587 2712 3660 Ὑπομνησθῶμεν
2728 3587 2784 3640 δὲ
2801 3585 2893 3639 καὶ
2909 3578 2983 3638 ὧν
3005 3585 3037 3654 ἡ
3047 3583 3426 3654 μαρτήκαμενο
3445 3581 3540 3634 καὶ
3559 3581 3641 3633 ὅτι
3656 3581 3764 3634 οὐκ

2167 3684 2313 3737 ἔστιν
2345 3682 2535 3752 ἄφεσιν
2571 3678 2980 3751 ἁμαρτημάτων
3019 3676 3188 3747 χωρὶς
3215 3673 3606 3745 Βαπτίσματος
3639 3673 3744 3727 λα-

2165 3775 2278 3830 ϐεῖν
2301 3774 2412 3847 (21)
2433 3791 2446 3804 ·
2485 3774 2578 3828 καὶ
2609 3773 2690 3826 ὅτι
2723 3770 2824 3824 οὐκ
2847 3768 2962 3823 ἐστι
2993 3767 3212 3821 δυνατὸν
3246 3765 3388 3820 κατὰ
3416 3768 3543 3829 τοὺς
3571 3767 3745 3833 εὐαγ-

2366 3915 2484 3947 τθ·⁸⁰
2514 3913 2654 3968 Psal.
2688 3928 2811 3974 cxv,
2843 3911 2929 3965 l5.

2242 4047 2352 4118 (ΞΟ)
2389 4047 2735 4116 Μαρτύρων.
2767 4045 2822 4100 lu
2858 4044 3044 4100 codice
3071 4058 3176 4099 ms.
3221 4051 3481 4114 corrupte
3528 4043 3760 4116 legitur,

2589 4183 3511 4266 Egnati-ﬁgo,wa“dyapnyuirwr
3566 4186 3762 4266 χωρὶς

2171 4254 2592 4328 Βάπτῖσματος
2618 4254 3251 4328 .laé’eir.Tertttllianus,
3275 4257 3354 4309 De
3378 4257 3542 4322 bopt.,
3568 4270 3620 4308 c.
3642 4257 3716 4308 12
3741 4275 3756 4308 :

2183 4349 2201 4380 ι
2244 4324 2624 4383 Prmséribitur
2653 4325 2854 4379 nemini
2885 4324 3000 4377 sine
3027 4324 3297 4393 baptismo
3319 4335 3629 4393 competere
3659 4342 3762 4379 sa-

2179 4403 2364 4454 lutem.
2403 4414 2470 4451 ex
2500 4397 2590 4451 illa
2626 4398 2858 4449 maxime
2885 4397 3330 4462 pronuntiatione
3375 4395 3613 4458 Domini,
3653 4396 3758 4463 qui

484 4463 579 4519 εει.
601 4486 631 4549 ⁸ι
655 4465 798 4558 Idem
824 4468 1029 4558 passim
1048 4466 1309 4558 in‘culc‘a't,
1333 4465 1460 4532 quia
1486 4464 1854 4558 nequissimus
1870 4463 2062 4519 Celsus
2100 4504 2145 4558 Β
2176 4472 2253 4558 ait
2280 4487 2293 4558 ξ
2330 4466 2449 4549 Nisi
2480 4478 2896 4558 naiusrfxmqua
2917 4465 3034 4546 quis
3057 4465 3305 4545 cria-non
3324 4467 3488 4546 .Itoobet
3512 4467 3708 4558 vitam.l
3734 4484 3756 4516 ι

486 4538 684 4606 saepius
713 4533 1055 4603 hoc’objicit.
1085 4537 1184 4589 Adi
1215 4535 1337 4606 libr.
1372 4550 1409 4588 ιι
1442 4547 1624 4588 contra
1654 4533 1886 4606 Celsum.
1917 4550 2065 4606 num.

483 4602 588 4666 24⁷,
638 4607 710 4660 ~25
751 4625 763 4660 :
814 4602 1237 4676 Epiphaniusin
1270 4604 1633 4676 ίΑιιεΙιοιοςιιο,⁸
1656 4605 1734 4676 ait
1760 4620 1784 4676 εξ
1818 4602 2070 4676 Ὀείπὼν

484 4678 591 4747 πρὸ
623 4677 715 4729 τοῦ
753 4673 933 4747 θανεῖν
966 4677 1112 4747 περι
1152 4674 1381 4747 θανάτου
1405 4673 1569 4747 ,Ακᾶν
1613 4673 1704 4747 διά
1721 4674 1802 4747 ῂτὸ
1825 4673 1906 4747 ’μὴ
1938 4673 2072 4725 ὑπο-

484 4743 756 4818 amoma;
788 4745 1027 4818 ψευστὴν
1044 4743 1248 4818 ἀύτὸν,
1270 4745 1370 4796 οὐκ
1393 4743 1623 4818 ἠδυνατο
1651 4743 1905 4818 εὔξασθαι
1931 4759 2073 4818 παρ-

483 4813 662 4869 ελθεῖν
694 4817 772 4887 ,τὸ
806 4813 1098 4887 ποτήριον,
1110 4814 1254 4887 *ἀλλὰ
1277 4813 1629 4887 προκαλεῖται
1662 4814 1750 4887 διά
1778 4813 1871 4887 τοῦ
1901 4813 2077 4887 τοιού-

483 4904 577 4939 του
608 4886 809 4956 τρόπου
843 4882 1250 4938 τὸν”άντίδικον
1271 4926 1286 4949 ,
1319 4882 1406 4956 ίνα
1427 4925 1440 4947 ,
1473 4884 1680 4937 ἐκείνου
1715 4882 2075 4956 ὑπολαϐόντος

483 4954 712 5010 δεδιέναι
759 4955 850 5007 τὸν
893 4956 1120 5026 Σωτῆρα
1168 4956 1258 5008 τὸν
1315 4954 1575 5026 θάνατον,
1626 4957 1877 5026 ἐπαγάγῃ
1927 4954 2074 5026 αὐτῷ

484 5027 714 5080 θάνατον
757 5027 839 5096 εἰς
892 5023 1165 5096 σωτηρίαν
1211 5028 1322 5088 τοῖς
1360 5025 1653 5096 θνήσκουσι
1693 5023 1780 5076 διὰ
1801 5023 1898 5094 τῆς
1929 5023 2074 5096 οἰκος

485 5097 698 5168 νομίας.
745 5114 762 5146 ι
796 5095 896 5161 Qui
933 5093 1060 5168 ante
1087 5105 1315 5168 mortem
1353 5093 1488 5148 dixit
1534 5096 1617 5168 de
1645 5102 1821 5168 morte
1853 5093 1958 5162 (vel
2001 5095 2072 5168 ob

487 5164 588 5221 hoc
627 5169 800 5234 ipsum
834 5180 903 5219 ne
924 5164 1427 5232 deprehenderetur
1460 5166 1714 5228 mendax)
1754 5180 1860 5217 non
1891 5165 2070 5231 potuit

484 5237 733 5306 preCari,
776 5245 835 5290 ut
881 5235 1140 5288 transiret
1190 5236 1477 5302 poculum,
1533 5235 1627 5288 sed
1677 5245 1932 5306 provocat
1977 5249 2073 5306 per

484 5305 632 5362 hunc
689 5307 910 5359 modum
963 5319 1124 5358 suum
1174 5306 1544 5358 adversarium
1588 5320 1780 5372 :quo,
1831 5305 1922 5358 illo
1948 5305 2070 5372 opi-

487 5389 653 5431 nante
702 5378 899 5429 timere
945 5374 1285 5429 Salvatorem
1333 5385 1561 5428 mortem
1592 5415 1606 5438 ,
1653 5376 1932 5428 induceret
1969 5374 2070 5441 ipsi

487 5457 745 5508 mortem,
773 5447 837 5498 ad
879 5447 1110 5499 salutem
1146 5447 1541 5508 morientibus,
1579 5461 1676 5512 per
1711 5447 2071 5514 dispensatio-

486 5533 628 5571 nem.
663 5534 680 5565 ι
722 5516 1112 5575 Wmsrsstvs.

559 5587 670 5658 (18)
721 5589 801 5639 Οὐ
850 5586 1138 5658 τὸγένος
1188 5584 1293 5637 τοῦ
1317 5586 1668 5658 μαρτυρίου,
1723 5596 1829 5658 ctc.
1873 5584 2073 5641 Confer

487 5654 609 5722 qua:
641 5658 861 5725 scripsit
895 5654 992 5709 lii).
1031 5672 1064 5708 ll
1097 5664 1281 5707 contra
1317 5654 1562 5717 Celsum,
1595 5672 1741 5712 num.
1775 5657 1845 5710 ί.ἶὸ
1877 5667 1929 5712 ct
1972 5658 2065 5711 lib.

487 5741 560 5780 vn
594 5737 782 5779 contra
813 5729 1085 5786 ennulem,
1120 5741 1247 5776 nunt
1301 5725 1388 5779 ἐῢ.

558 5796 672 5868 (19)
700 5794 837 5853 Vide
864 5797 956 5852 lib.
989 5809 1028 5849 tt
1057 5793 1386 5864 Origenian.,
1425 5812 1478 5864 ιι.
1506 5797 1556 5850 2.

2174 4538 2516 4599 Ambrosius,
2554 4536 2592 4593 ι.
2630 4535 2707 4588 De
2730 4539 2815 4597 iis,
2845 4537 2933 4604 qui
2964 4535 3226 4603 mysteriis
3259 4535 3556 4604 initiantur,
3587 4541 3640 4588 c'.
3676 4537 3716 4589 4
3741 4555 3758 4590 :

2183 4628 2202 4657 ι
2251 4609 2436 4662 Credit
2475 4608 2639 4660 etiam
2698 4603 3120 4661 catechumcnus
3167 4606 3217 4658 in
3267 4621 3483 4658 crucem
3530 4603 3759 4660 Domini

2175 4678 2326 4742 Jesu,
2355 4693 2460 4747 qua
2487 4687 2541 4730 et
2566 4679 2677 4747 ipse
2701 4677 2998 4747 signatu_r_;_
3018 4676 3134 4740 sed,
3156 4675 3604 4747 iiisi_baplizatus
3631 4677 3768 4729 fuco

2176 4751 2246 4802 rit
2274 4749 2323 4800 in
2367 4744 2586 4801 nomine
2618 4746 2792 4800 Patris
2821 4755 2874 4799 et
2903 4745 3022 4798 Filii
3053 4755 3108 4799 et
3150 4744 3390 4814 Spiritus
3423 4744 3615 4809 sancti,
3655 4761 3765 4798 re-

2176 4819 2489 4873 missionem
2543 4832 2650 4870 non
2695 4825 2872 4886 potest
2919 4817 3168 4883 accipere
3206 4825 3552 4886 peccatorum
3579 4856 3594 4878 ,
3643 4831 3765 4872 nec

2176 4889 2432 4956 spiritalis
2483 4889 2669 4955 gratia:
2701 4885 2897 4940 munus
2935 4886 3174 4939 haurire.
3224 4905 3243 4937 ι
3284 4885 3528 4939 llemittit
3557 4895 3764 4942 tamen

2176 4961 2300 5013 alibi
2346 4961 2412 5011 de
2449 4959 2550 5010 huc
2593 4958 2769 5025 rigore
2809 4957 3127 5011 Ambrosius
3174 4956 3448 5013 Consolat.
3491 4957 3552 5008 de
3594 4959 3763 5010 obitu
3815 5005 3823 5020 ,

2187 5027 2582 5091 Valentiniani,
2618 5043 2764 5082 tnnn.
2798 5025 2860 5080 51
2892 5045 2905 5080 :
2948 5044 2965 5077 ι
3005 5027 3181 5080 Audio
3212 5041 3309 5080 vos
3340 5025 3522 5079 dolere
3544 5066 3560 5092 ,
3599 5028 3769 5094 quod

2176 5115 2281 5152 non
2308 5099 2583 5167 acceperit
2609 5108 2950 5150 sacramenta
2989 5095 3551 5167 Baptismatis.Dicite
3584 5099 3764 5161 mihi,

2176 5170 2302 5237 quid
2340 5166 2486 5221 aliud
2533 5168 2584 5220 in
2617 5169 2772 5222 nobis
2808 5177 2887 5220 est
2917 5167 3192 5237 voluntas,
3224 5169 3326 5221 nisi
3358 5166 3591 5237 petitio?
3622 5167 3768 5222 Non

2175 5236 2339 5292 habet
2369 5252 2497 5307 ergo
2530 5238 2783 5305 gratiam,
2817 5253 2976 5304 quam
3004 5236 3372 5307 desideravit?
3407 5236 3520 5289 Non
3551 5237 3766 5303 habet,

2174 5324 2334 5376 quam
2384 5306 2674 5374 peposcit?
2717 5307 2876 5360 Certe
2927 5306 3368 5376 quiaipoposcit,
3404 5308 3634 5374 accepit.
3695 5310 3766 5362 Si

2175 5375 2473 5447 martyres,
2519 5378 2610 5444 qui
2643 5376 3015 5430 catechumeni
3051 5375 3279 5447 fuerint,
3312 5393 3412 5432 suo
3441 5377 3772 5432 abluuntur

2175 5446 2473 5517 sanguine,
2506 5457 2560 5499 et
2589 5447 2735 5500 hunc
2768 5461 2870 5517 sua
2893 5447 3062 5515 pietas
3107 5446 3278 5500 abluit
3323 5459 3377 5500 et
3405 5449 3685 5517 voluntas.
3739 5466 3763 5498 ι

2172 5515 2464 5587 Augustin.
2497 5517 2534 5570 Ι,
2573 5532 2623 5569 tv
2671 5528 2810 5570 cont.
2843 5516 3109 5572 Domum.
3137 5555 3153 5580 ,
3200 5533 3248 5572 c.
3291 5517 3362 5570 2‘2
3396 5536 3410 5571 :
3462 5534 3480 5566 ι
3515 5515 3768 5572 Invenio

2174 5586 2278 5639 non
2307 5599 2511 5640 tantum
2545 5588 2848 5654 passionem
2878 5602 2974 5656 pro
3000 5588 3216 5640 nomine
3238 5586 3464 5650 Christi,
3487 5588 3557 5647 id,
3587 5588 3767 5653 quod

2174 5672 2241 5710 ex
2277 5657 2544 5724 baptismo
2575 5657 2793 5720 deerat,
2827 5672 2984 5725 posse
3023 5657 3304 5724 supplere;
3344 5659 3436 5711 sed
3471 5656 3639 5708 etiam
3686 5659 3773 5710 ﬁ-

2175 5728 2293 5779 dem
2329 5727 2849 5794 conversionemque
2881 5727 3081 5793 cordis,
3104 5730 3148 5780 si
3182 5727 3321 5781 forte
3355 5729 3420 5781 ad
3450 5725 3770 5780 celebrau-

2175 5797 2298 5850 dum
2351 5796 2671 5866 mysterium
2717 5797 2978 5868 Baptismi
3029 5798 3081 5852 in
3132 5799 3398 5867 angustiis
3431 5807 3767 5864 temporum
