3996 6520
198 411 271 470 601

196 525 396 600 τελιιωὺς
412 520 592 590 νόμους
604 509 756 581 αὖθις
774 513 1137 586 βαπτίσασθαι
1151 515 1304 569 ὕδατι
1321 515 1415 569 καὶ
1431 515 1708 586 Πνεύματι
1738 521 1784 579 Α

197 626 256 685 εἰς
274 620 440 686 ᾶφεσιν
468 609 869 682 ἁμαρτημάτων
889 625 902 638 ’
938 608 1033 662 καὶ
1057 608 1139 661 ὅτι
1173 607 1463 678 βάπτισμαῖ
1488 608 1619 678 ἡμῖν
1643 606 1712 660 δι.

195 713 308 765 δοται
333 706 385 759 τὸ
409 703 497 756 τοῦ
540 700 833 773 μαρτυρίου
861 699 973 770 (22)
997 715 1011 729 ·
1047 698 1188 752 οὕτω
1231 698 1342 770 γὰρ
1379 697 1710 769 ὠνόμασται,

194 803 250 865 ὡς
280 798 410 870 δῆλον
450 797 511 849 ἐκ
556 793 648 846 τοῦ
699 791 1056 865 ἐπιφέρεσθαι
1109 790 1209 863 μὲν
1255 791 1363 863 τῷ⁶
1422 809 1441 843 ι
1475 789 1714 844 Δύνασθε

196 895 304 944 πιεῖν
339 889 393 941 τὸ
431 886 676 955 ποτήριον
715 884 744 938 ὅ
783 883 894 953 ἐγὼ
934 883 1106 948 πίνως
1149 901 1168 934 ι
1209 883 1305 937 τό·
1348 901 1367 935 ι
1408 883 1479 936 Ἦ
1517 882 1578 935 τὸ
1620 881 1716 952 βά-

195 997 377 1051 πτισμα,
401 978 427 1031 ὃ
451 974 557 1045 ἐγὼ
581 974 930 1046 βαπτίζομαι,
965 973 1358 1046 βαπτισθῆναις
1399 992 1418 1024 ι
1457 971 1714 1042 Ἀλλαχοῦ

193 1075 234 1126 δὲ
257 1074 469 1142 εἴρηται·
511 1087 529 1119 ι
555 1068 846 1138 Βάπτισμα
875 1066 931 1119 δὲ
965 1065 1073 1138 ἔχω
1120 1065 1514 1137 βαπτισθῆναι·
1547 1064 1640 1116 καὶ
1663 1063 1714 1116 τί

196 1164 434 1234 συνέχομαι
463 1161 565 1224 ἕως
593 1161 716 1214 ὅτου
747 1159 1007 1230 τελεσθῇς
1048 1178 1066 1211 ι
1111 1161 1223 1214 Καὶ
1251 1159 1564 1230 ἐπίστησον,
1591 1158 1717 1211 εἰτὸ

193 1255 300 1311 γαῖά
322 1255 374 1306 τὸ
401 1252 684 1324 μαρτύριον
718 1250 1022 1321 βάπτισμα,
1055 1250 1244 1322 ὥσπερ
1266 1252 1327 1304 τὸ
1349 1250 1442 1305 τοῦ
1467 1251 1717 1324 Σωτῆρος

193 1347 431 1418 καθάρσιον
455 1343 643 1414 γέγονε
668 1343 763 1396 τοῦ
800 1343 1030 1413 κόσμου,
1067 1344 1162 1396 καὶ
1199 1343 1331 1398 αὐτὸ
1370 1343 1464 1397 ἐπὶ
1508 1342 1717 1396 πολλῶν

192 1438 406 1510 Θεραπεία
445 1435 838 1507 καθαιρόμενον
867 1435 1098 1505 γίνεται.
1146 1435 1233 1499 Ὦς
1255 1434 1364 1506 γάρ
1410 1436 1461 1488 οἱ
1500 1434 1580 1506 τῷ
1606 1435 1715 1506 (25)

193 1528 298 1584 κατὰ
317 1527 394 1580 τὸν
413 1526 654 1591 Μωσέως
680 1525 843 1598 νόμον
867 1525 1238 1597 θυσιαστηρίῳ
1267 1524 1719 1596 προσεδρεύοντες

192 1619 408 1675 διακονεῖν
435 1617 649 1673 ἐδόκουν
665 1616 731 1672 δι’
744 1617 975 1688 αἵματος
997 1616 1214 1688 ταύρων
1239 1616 1332 1670 καὶ
1355 1617 1572 1688 τράγων
1588 1615 1720 1686 ἄφε-

194 1727 256 1764 σιν
277 1708 664 1781 ἁμαρτημάτων
696 1708 952 1774 ἐκείνοις,
986 1708 1164 1772 οὕτως
1195 1708 1252 1761 αἱ
1278 1707 1448 1779 ψυχαὶ
1480 1707 1588 1763 τῶν
1618 1724 1717 1760 πε-

191 1800 536 1871 πελεκισμένων
573 1798 687 1869 (24)
719 1797 904 1852 ἕνεκεν
934 1801 1033 1870 τῆς
1063 1799 1371 1872 μαρτυρίας
1412 1798 1607 1870 Ἰησοῦ,
1645 1799 1718 1871 μὴ

193 1892 328 1963 μάτην
362 1890 436 1962 τῷ
468 1893 526 1945 ὲν
559 1889 814 1961 οὐρανοῖς
863 1889 1232 1963 θυσιαστηρίῳ
1284 1891 1715 1965 παρεδρεύουσαι
1750 1870 1790 1924 Β

187 1983 436 2038 διακονοῦσι
492 1987 607 2050 τοῖς
665 1983 980 2055 εὐχομένοις
1037 1984 1229 2054 ἄφεσιν
1280 1985 1712 2057 ἁμαρτημάτων.

191 2078 307 2146 Ἅμα
339 2075 386 2129 δὲ
425 2077 516 2130 καὶ
555 2075 922 2147 γινώσκομεν,
969 2077 1073 2140 ὅτι,
1123 2075 1312 2148 ὥσπερ
1351 2079 1380 2130 6
1422 2076 1716 2150 ἀρχιερεὺς

190 2169 336 2221 Θυσίαν
353 2167 534 2222 ἑαυτὸν
557 2168 934 2240 προσήνεγκεν
970 2167 1177 2238 Ἰησοῦς
1201 2168 1228 2219 ὀ
1249 2169 1293 2220 Χ
1302 2168 1502 2238 ριστδς,
1547 2168 1718 2232 οὕτως

189 2261 223 2312 οξ
247 2262 398 2331 ἱερεῖς,
415 2254 484 2314 ὧν
514 2263 666 2314 ἐστιν
689 2261 999 2334 ἀρχιερεὺς,
1025 2260 1214 2314 θυσίαν
1241 2261 1463 2325 ἑαυτοὺς
1489 2260 1722 2332 προσφέ-

189 2369 323 2422 ρουσι,
346 2352 407 2406 δι’
429 2352 583 2424 ἦνὼς
613 2351 767 2424 παρὰ
795 2352 981 2423 οἰκείῳ
1005 2351 1155 2424 τόπῳ
1174 2351 1405 2424 ὁρῶνται
1436 2353 1515 2423 τῷ
1542 2350 1722 2406 θυσια-

190 2445 368 2515 στηρίῳ.
405 2445 560 2499 Ἀλλὰ
591 2444 703 2499 τῶν
741 2443 928 2516 ἱερέων
956 2446 1005 2498 οἱ
1041 2445 1141 2516 μὲν
1169 2444 1389 2516 ἄμωμοι
1434 2444 1529 2508 καὶ
1569 2443 1722 2515 ἀμώ-

193 2550 294 2603 μους
315 2535 704 2606 προσφέροντες
737 2534 928 2598 Θυσίας
957 2534 1289 2606 ἐθεράπευον
1324 2535 1384 2588 τὸ
1403 2535 1565 2588 θεῖον·
1589 2537 1639 2588 οἱ
1664 2534 1720 2587 δὲ.

191 2625 530 2695 μεμωμημένοι
562 2624 802 2696 μώμοις,
851 2625 946 2690 οὓς
990 2626 1266 2698 ἀνέγραψε
1311 2627 1516 2698 Μωσῆς
1556 2628 1613 2680 ὲν
1645 2625 1723 2697 τῷ

189 2717 423 2788 Λευῖτικῷ,
449 2717 772 2790 ὲξωρίζοντο
799 2719 906 2772 άπὸ
932 2717 1026 2772 τοῦ
1055 2717 1460 2791 θυσιαστηρίου.
1495 2718 1592 2782 Τίς
1619 2719 1674 2772 δὲ
1695 2720 1724 2771 6

189 2805 372 2876 ἄμωμος
399 2809 572 2879 ἱερεὺς
602 2809 836 2880 ἄμωμον
867 2812 1060 2882 ἱερεῖον
1094 2811 1440 2882 προσφέρων,
1474 2811 1505 2882 ἢ
1536 2813 1564 2863 6
1589 2829 1718 2882 κρα-

189 2895 268 2948 τῶν
293 2901 377 2970 τῆς
409 2901 724 2971 ὁμολογίας,
769 2903 862 2956 καὶ
905 2902 1128 2974 πληρῶν
1169 2903 1344 2956 πάντα
1377 2903 1627 2974 ἀριθμὸν,
1666 2901 1724 2955 ὃν

187 2990 364 3044 ἀπαιτεῖ
385 2995 410 3046 6
433 2993 522 3046 τοῦ
552 2995 860 3066 μαρτυρίου
893 2994 1050 3064 λόγος
1068 3013 1081 3025 ·
1113 2997 1240 3066 περὶ
1271 2990 1332 3050 οὗ
1361 2997 1418 3048 ὲν
1447 2997 1559 3060 τοῖς
1588 2996 1726 3049 άνω-

187 3082 298 3153 τέρω
323 3088 744 3159 προειρήκαμεν.

241 3177 314 3247 Μὴ
335 3175 695 3247 θαυμάζωμεν
723 3177 799 3239 δὲ,
832 3177 879 3229 εί
908 3175 1004 3248 τὴν
1028 3175 1358 3248 τηλικαύτην
1379 3175 1488 3231 τῶν
1517 3176 1725 3250 μαρτύ-
1754 3209 1796 3268 C

191 3286 272 3340 ρων
291 3269 652 3341 μακαριότητα
681 3269 947 3340 ἐσομένην
975 3271 1029 3321 ἐν
1054 3267 1241 3340 βαθείᾳ
1270 3270 1479 3342 εἰρήνῃ,
1512 3271 1604 3324 καὶ
1626 3286 1724 3338 γα-

187 3361 310 3431 λήνῃ,
339 3363 423 3414 καὶ
455 3361 608 3433 εὑδίᾳ
645 3361 726 3413 δεῖ
756 3360 1024 3432 ἄρξασθαι
1054 3361 1162 3413 ἀπό
1190 3379 1335 3424 τινος
1363 3361 1721 3432 νομιζομένου

191 3449 614 3522 σκεθρωποτέρου,
646 3452 758 3514 καὶ,
796 3451 862 3502 ἵν’
893 3450 1065 3514 οὕτως
1097 3452 1368 3522 ὀνομάσω,
1412 3452 1722 3522 χειμερινοῦ

188 3549 592 3617 καταστήματος-ο
640 3546 903 3616 πρότερον
935 3544 1042 3615 γὰρ
1089 3564 1107 3596 ι
1146 3545 1246 3614 τὴν
1290 3545 1478 3616 στενὴν
1517 3547 1610 3598 καὶ
1638 3563 1726 3598 τε-

189 3637 438 3708 θλιμμένην
465 3660 482 3691 ι
511 3639 772 3693 ὁδεύοντα
804 3639 860 3690 έν
892 3636 1118 3709 χειμῶνι
1151 3637 1330 3708 δεήσει
1355 3637 1724 3704 ἐπιδείξασθαι

187 3727 236 3796 ἠν
259 3731 496 3801 ἐκτήσατο
524 3731 761 3792 ἕκαστος
783 3729 892 3782 τῶν
934 3729 1217 3800 μακαρίων
1257 3728 1602 3801 κυϐέρνησιν,
1642 3729 1727 3781 ἵνα.

192 3822 299 3887 μετὰ
323 3824 483 3877 ταῦτα
507 3824 738 3893 γένηται
768 3821 829 3875 τὸ
863 3824 918 3874 ἐν
953 3821 1029 3892 τῷ
1059 3823 1297 3892 ’ᾼσματι
1327 3820 1435 3873 τῶν
1469 3821 1725 3892 ᾀσμάτων

190 3912 296 3980 πρὸς
333 3914 421 3985 τὴν
461 3915 551 3968 τὸν
599 3914 844 3986 χειμῶνα
897 3911 1294 3984 διανηξαμένην
1329 3910 1438 3983 (‘25)
1471 3911 1718 3981 νύμφην·

243 4025 278 4058 ⁶¹
304 4027 452 4085 Marc.
479 4047 535 4095 ιι,
572 4029 668 4084 58,
744 4029 788 4060 ⁸³
817 4027 952 4083 Luc.
988 4043 1086 4093 xu,
1119 4027 1208 4081 5t).

189 4125 394 4177 succurri
429 4141 532 4180 non
568 4132 770 4194 potest.
810 4142 828 4194 ι
857 4121 1192 4194 llis_i'ltto_bn_s
1223 4119 1410 4174 fulcris
1442 4121 1494 4194 in
1527 4119 1719 4194 p_ritn_i_s

191 4194 342 4246 nititur
367 4190 676 4248 Bernardns
697 4234 711 4256 ,
748 4193 904 4261 epist.
935 4191 999 4243 77
1027 4192 1093 4245 ad
1129 4191 1407 4259 llugonem
1447 4191 1511 4243 de
1541 4190 1598 4244 S.
1635 4190 1719 4261 Vi-

191 4274 336 4329 ctore,
367 4281 464 4332 qua
497 4260 809 4320 absolutam
845 4261 1105 4330 Baptismi
1140 4261 1520 4332 necessitatem
1551 4260 1721 4332 solide

189 4345 231 4386 et
254 4328 351 4388 fuse
379 4328 684 4402 impugnat.
719 4328 951 4388 Consule
972 4332 1166 4402 iVossii
1207 4331 1413 4402 diSput.
1448 4329 1499 4394 7,
1531 4332 1601 4402 de
1625 4328 1726 4402 Bn-

189 4405 362 4465 ιιὶειιιο.
392 4400 764 4472 (Σαξιει-οιιιιίη,
799 4405 938 4472 apud
969 4401 1156 4456 Patres
1180 4400 1466 4472 Africanos
1492 4400 1728 4472 obtinuit

189 4487 330 4528 canon
363 4493 376 4528 :
422 4495 438 4526 ι
471 4471 976 4530 Ριτιιιίεείιιιοιοιιο
1000 4511 1016 4535 ,
1061 4481 1114 4524 el
1159 4471 1464 4524 nullatenus
1493 4471 1724 4529 dubites,

193 4559 276 4596 non
323 4547 482 4599 solum
545 4547 801 4599 homines
831 4545 942 4612 jam
991 4543 1203 4612 ratione
1252 4551 1487 4604 utentes,
1539 4554 1726 4612 verum

192 4617 323 4684 etiam
367 4617 660 4684 parvulos,
699 4616 790 4684 qui
833 4609 953 4668 Sive
991 4611 1043 4665 in
1081 4613 1252 4684 uteris
1284 4620 1514 4684 matrum
1548 4609 1730 4684 virere
1767 4612 1806 4665 Ι)

192 4681 422 4754 incipiunt
454 4698 510 4740 et
551 4687 630 4741 ibi
666 4681 972 4754 tnoriuntnr
1001 4723 1016 4745 ,
1048 4683 1176 4754 rsive
1207 4697 1328 4754 cum
1359 4681 1424 4733 de
1445 4681 1730 4754 matribus

194 4751 413 4812 nati'sine
433 4765 785 4812 sacramento
815 4755 875 4807 ὃ.
905 4753 1260 4820 Baptismatis
1292 4751 1454 4818 (quod
1487 4752 1646 4820 datur
1681 4751 1729 4801 in

195 4826 376 4882 nomine
420 4829 604 4881 Patris
653 4836 709 4880 et
744 4825 865 4879 Filii
908 4835 956 4876 et
987 4819 1238 4891 Spiritus
1264 4820 1491 4890 sancti),
1532 4821 1596 4872 dc
1633 4819 1734 4872 hoc

195 4899 360 4950 siculo
402 4908 712 4958 transerunt,
765 4896 904 4965 ignis
958 4893 1144 4965 interni
1196 4891 1731 4965 suppliciopunien-

195 4966 289 5026 ιῑοδ,
314 4979 412 5021 etc.
455 4989 471 5019 ι
505 4969 584 5021 Ex
627 4969 660 5020 l.
695 4967 768 5018 De
788 4959 910 5032 vlidi:
941 4966 1008 5017 ad
1043 4963 1156 5014 l’et.
1188 4959 1353 5023 diac.,
1387 4978 1435 5014 c.
1467 4959 1556 5011 ‘27.
1595 4959 1736 5013 Inte-

195 5035 273 5085 riin
300 5052 386 5103 per
418 5039 745 5109 martyrium
792 5035 1030 5109 suppleri
1066 5033 1411 5109 baptismatis
1441 5032 1731 5088 delectum,

193 5102 462 5163 statuerunt
499 5124 514 5161 :
545 5102 670 5162 eod.
703 5110 764 5169 l.,
797 5102 915 5174 cap.
950 5107 1018 5159 30
1045 5117 1059 5156 :
1090 5122 1106 5152 ι
1145 5102 1480 5155 Fit'inissime
1510 5109 1738 5174 tenta-et

194 5173 460 5234 nullatenus
507 5178 764 5244 dubites,
795 5170 1036 5242 exceptis
1083 5173 1187 5226 illis
1209 5213 1224 5238 ,
1263 5174 1354 5244 qni
1397 5186 1492 5239 pro
1523 5170 1738 5244 nomine

192 5245 363 5301 Christi
394 5266 492 5304 suo
519 5240 786 5318 sanguine
819 5240 1197 5318 baptizantur,
1219 5240 1438 5318 nullum
1465 5240 1736 5318 hominem

193 5327 508 5385 accepturum
563 5309 729 5372 vit'am
781 5309 1064 5377 aeternam,
1098 5316 1190 5382 qui
1239 5329 1343 5366 non
1388 5313 1475 5365 hie
1519 5327 1548 5362 a
1583 5309 1740 5362 malis

192 5388 288 5440 suis
305 5391 458 5443 fuerit
497 5405 596 5460 per
622 5387 1006 5460 paenitentiam
1041 5387 1310 5460 “denique
1338 5396 1659 5460 conycrsus,
1686 5389 1742 5433 et

192 5469 273 5525 per
301 5453 696 5514 sacramentum
748 5458 870 5512 tidei
922 5467 976 5510 et
1023 5455 1375 5525 pwnitentites
1413 5453 1463 5525 id
1520 5460 1736 5525 εει-ΡΨ

199 5523 527 5596 Βςιιιιίειιιιιιιι,
561 5531 843 5584 liberatus.
884 5547 902 5579 ι
934 5519 1247 5581 Gennadius
1273 5524 1458 5592 paucis
1490 5543 1531 5596 :__
1555 5540 1574 5572 ι
1613 5519 1742 5596 Nul-

194 5595 284 5672 lum
309 5593 756 5655 catechumenum
778 5641 792 5666 ,
826 5598 1075 5672 quamvis
1105 5597 1156 5648 in
1185 5597 1340 5672 bonis
1367 5593 1621 5661 operibus
1651 5593 1739 5645 de-

195 5666 435 5735 functum,
470 5673 636 5724 vitam
667 5666 926 5724 :cternam
959 5667 1160 5720 habere
1185 5666 1482 5729 credimus,
1510 5671 1743 5735 excepto

196 5733 449 5809 martyrio,
471 5742 561 5793 tibi
579 5751 690 5794 tota
710 5739 962 5809 baptismi
983 5733 1702 5809 saeramentadcontpl‘entur.
1720 5753 1738 5784 ι

203 5803 331 5879 ιδὼς
355 5803 441 5863 De
471 5812 647 5879 dogm.
700 5803 856 5867 εεέι..
905 5805 1398 5879 (ξαιιηῗιξε-(Συιιίοτ
1437 5804 1654 5874 Origen.
1689 5805 1741 5856 in

195 5873 310 5933 Luc.
346 5895 461 5949 cap.
493 5873 565 5947 ιι,
589 5881 777 5939 homil.
816 5880 902 5944 li,
935 5873 1077 5934 nied.
1110 5877 1495 5932 Wsrsrsstrs.

1215 397 1672 455 EXHOBTATIO
1711 398 1804 453 AD
1840 397 2280 456 MARTYRIUM.

1287 4027 1330 4058 ⁸³
1365 4025 1554 4080 Matth.
1583 4041 1654 4079 vn
1676 4064 1690 4089 ,
1718 4022 1806 4078 l4.

3280 393 3386 448 603

1813 533 1918 573 non
1951 533 2112 588 posse
2133 515 2399 588 baptizari
2436 530 2576 586 aqua
2599 521 2657 571 et
2687 511 2895 585 Spiritu
2924 513 2977 569 in
3017 513 3384 569 remissionem

1815 620 2192 682 peccatorum,
2247 612 2343 664 sed
2381 607 2570 662 datum
2619 608 2776 662 nobis
2825 620 2946 662 esse
2991 605 3235 675 martyrii
3285 607 3385 660 ba—

1815 704 2050 775 ptisma;
2089 703 2170 758 sic
2206 702 2350 758 enim
2386 711 2632 766 vocatur,
2673 710 2731 755 ut
2756 716 2822 756 ex
2862 697 3107 768 co‘patet
3129 700 3271 768 quod
3303 699 3388 754 his

1815 793 2031 848 verbis:
2065 810 2085 844 ι
2125 791 2356 848 Potestis
2387 791 2571 848 bibere
2591 791 2814 848 ealicem
2842 805 3000 860 quem
3037 804 3136 858 ego
3164 788 3326 844 bibo?
3361 808 3380 843 ι

1819 884 2206 956 subiungitur:
2248 904 2267 938 ι
2319 885 2430 940 Aut
2492 884 2761 954 baptismo
2809 898 2914 953 quo
2949 889 3050 952 ego
3106 882 3387 952 baptizor,

1817 977 2185 1047 baptizari“?
2220 996 2240 1030 ι
2292 976 2432 1032 Alibi
2473 976 2635 1032 etiam
2670 975 2870 1031 dictum
2905 986 3026 1032 est:
3061 994 3080 1028 ι
3111 975 3389 1046 Baptismo

1818 1070 1994 1125 babeo
2051 1068 2314 1138 baptizari
2357 1077 2413 1122 et
2447 1067 2719 1137 quomodo
2749 1077 3000 1122 coaretor
3052 1080 3222 1134 usque
3261 1065 3386 1118 dum

1824 1161 2245 1233 perﬁciatur“?
2279 1179 2297 1213 ι
2324 1161 2555 1216 Attende
2588 1160 2754 1215 etiam
2780 1175 2907 1213 num
2935 1157 3179 1227 martyrii
3220 1156 3390 1210 nostri

1820 1255 2121 1324 baptisma,
2168 1262 2227 1307 ut
2272 1252 2399 1306 illud
2450 1252 2650 1307 Christi
2701 1250 2886 1306 mundi
2951 1249 3198 1320 purgatio
3264 1247 3388 1312 fuit,

1819 1346 2112 1400 multorum
2145 1345 2215 1400 sit
2245 1346 2408 1400 etiam
2439 1344 2529 1413 qui
2559 1357 2656 1412 per
2683 1343 2733 1397 id
2764 1343 3084 1404 lustrentur,
3117 1339 3379 1409 purgatio.

1821 1436 1892 1493 Ut
1929 1435 2072 1492 enim
2108 1434 2200 1504 qui
2248 1434 2542 1490 secundum
2596 1431 2793 1503 Moysis
2841 1431 3013 1501 legem
3062 1428 3392 1485 assistebant

1819 1529 1978 1584 altari
2018 1543 2117 1599 per
2138 1527 2458 1598 sanguinem
2493 1535 2774 1582 taurormn
2797 1534 2852 1582 et
2889 1526 3164 1580 hircorum
3202 1523 3393 1578 remis-

1819 1623 2025 1678 sionem
2095 1619 2408 1675 ininistrare
2460 1628 2803 1690 peccatorum
2877 1617 3238 1682 videbantur;
3311 1615 3395 1670 sic

1821 1728 2009 1769 eorum
2050 1713 2247 1767 anima:
2270 1712 2359 1780 qui
2387 1721 2608 1781 propter
2640 1709 3008 1764 testimonium
3053 1707 3179 1764 Jesu
3213 1707 3394 1762 securi

1821 1805 2060 1876 percussi
2109 1813 2257 1869 sunt,
2310 1804 2517 1860 etelesti
2567 1804 2722 1859 altari
2775 1818 2879 1858 non
2932 1809 3114 1856 astant
3164 1798 3393 1864 frustra,

1818 1899 1913 1954 sed
1932 1898 2282 1967 precantibus
2300 1895 2678 1950 remissionem
2702 1903 3046 1966 peccatorum
3065 1891 3394 1948 ministrant.

1819 1989 1993 2044 Simul
2037 1987 2199 2042 etiam
2253 1985 2521 2048 novimus,
2555 1995 2615 2039 ut
2654 1997 2900 2039 summus
2949 1981 3194 2052 pontifex
3239 1977 3399 2034 Jesns

1819 2082 2070 2138 Christus
2115 2080 2351 2149 seipsum
2396 2077 2629 2134 hostiam
2674 2076 2894 2140 obtulit,
2950 2074 3030 2128 sic
3059 2072 3396 2137 sacerdotes,

1821 2175 1963 2228 inter
1980 2187 2116 2240 quos
2142 2172 2232 2226 ille
2255 2185 2500 2226 summus
2529 2179 2633 2236 est,
2655 2169 2864 2238 seipsos
2896 2167 3130 2222 hostiam
3177 2164 3396 2230 oﬂerre,

1823 2280 1886 2319 ac
1936 2272 2223 2334 propterea
2253 2261 2409 2332 juxta
2443 2259 2614 2315 altare
2659 2269 2718 2314 ut
2764 2259 2818 2313 in
2854 2257 3072 2328 proprio
3103 2256 3222 2310 loco
3263 2270 3400 2310 eon~

1822 2356 1977 2427 spici.
1997 2354 2068 2409 At
2098 2370 2128 2410 e
2149 2353 2525 2409 sacerdotibus
2550 2352 2641 2407 alii
2672 2351 2780 2406 Deo
2809 2349 3196 2404 ministrabant
3218 2348 3310 2418 qui
3345 2357 3403 2402 et

1822 2441 2156 2498 immaculati
2177 2452 2333 2497 erant
2355 2451 2409 2496 et
2436 2439 2814 2496 immaculatas
2833 2439 3038 2494 hostias
3065 2437 3397 2504 oliercbant;

1823 2535 2009 2590 infecti
2035 2548 2165 2589 vero
2193 2533 2259 2588 iis
2305 2531 2532 2588 maculis
2581 2545 2716 2600 quas
2752 2533 2804 2585 in
2836 2530 3081 2587 Levitico
3112 2529 3403 2599 descripsit

1825 2628 2061 2700 Moyses,
2093 2629 2422 2682 arcebantur
2452 2625 2519 2680 ab
2553 2624 2733 2680 altari.
2760 2625 2894 2692 Quis
2926 2607 3106 2680 autem
3132 2625 3400 2680 immacu-

1826 2721 1966 2775 latus
2015 2721 2106 2774 ille
2161 2719 2420 2775 sacerdos
2460 2726 2543 2773 est
2594 2720 2682 2788 qui
2734 2717 2966 2773 hostiam
2997 2716 3398 2772 immaculatam

1825 2812 2039 2876 oll‘erat,
2063 2811 2166 2867 nisi
2199 2811 2288 2880 qui
2317 2820 2635 2866 constanter
2665 2809 2975 2876 conﬁtetur,
2997 2818 3051 2865 et
3083 2809 3400 2880 martyrium

1826 2903 2040 2972 perﬁcit
2083 2904 2196 2958 suis
2244 2904 2499 2958 omnibus
2567 2905 2810 2958 numeris
2869 2901 3199 2966 absolutum,
3244 2898 3404 2969 quale

1827 3009 1988 3064 supra
2020 2995 2326 3051 retulimus.

1899 3172 1988 3230 5i.
2013 3171 2092 3226 Nc
2119 3171 2378 3226 miremur
2405 3178 2582 3227 autem
2611 3179 2814 3226 tantam
2838 3171 2986 3225 illam
3017 3169 3402 3225 beatitudinem

1830 3277 2131 3337 martyrum
2184 3280 2304 3334 qua:
2339 3265 2390 3319 in
2425 3264 2687 3318 altissima
2739 3278 2874 3334 pace
2925 3271 2980 3318 et
3015 3261 3406 3330 tranquillitate

1831 3375 1893 3414 ac
1927 3357 2222 3414 serenitate
2269 3371 2481 3411 summa
2523 3354 2706 3408 futura
2760 3365 2862 3421 est,
2915 3355 2982 3408 ab
3013 3353 3295 3422 asperiori,
3349 3361 3408 3406 ut

1830 3451 2066 3514 videtur,
2089 3461 2143 3504 et
2177 3448 2421 3511 hiberna,
2459 3457 2518 3500 ut
2572 3447 2644 3500 ita
2678 3447 2874 3509 dicam,
2919 3453 3236 3513 tempestate
3273 3441 3407 3494 inci-

1829 3545 2081 3612 piendam
2116 3557 2255 3596 esse.
2307 3539 2464 3594 Prius
2495 3540 2638 3594 enim
2699 3557 2718 3590 ‹
2747 3547 2976 3607 angusta
3017 3545 3072 3591 ct
3117 3546 3266 3588 arcta
3318 3532 3407 3586 via

1833 3637 1880 3668 ⁸³
1919 3655 1936 3687 ι
1971 3635 2150 3690 hieme
2177 3633 2422 3689 obeunda
2459 3640 2561 3694 est,
2598 3641 2656 3684 ut
2687 3647 2806 3686 cum
2839 3631 2928 3684 hic
2957 3630 3234 3684 beatorum
3259 3626 3409 3694 quis-

1836 3743 1938 3796 que
1965 3725 2294 3790 ostenderit,
2332 3737 2441 3792 quo
2467 3732 2622 3790 pacto
2662 3719 2826 3792 294
2855 3721 2906 3774 in
2936 3735 3034 3774 sua
3065 3733 3124 3774 se
3168 3716 3407 3770 admini-

1834 3814 2096 3869 stratione
2121 3821 2291 3881 gerat,
2324 3809 2451 3862 illud
2477 3809 2692 3862 eveniat
2713 3808 2904 3862 deinde
2931 3807 3072 3874 quod
3108 3804 3161 3857 in
3185 3803 3408 3858 Cantieo

1833 3906 2167 3961 canticorum
2197 3903 2264 3956 ad
2297 3916 2551 3973 sponsam
2583 3916 2706 3969 qnze
2732 3900 2960 3954 hietnem
3002 3905 3253 3952 evaserat
3278 3894 3411 3950 dici-

1900 4112 2010 4182 (2:2)
2052 4105 2468 4182 Βαπτίᾳασθαι
2502 4103 2672 4182 ζῦδᾳτι
2694 4101 2803 4182 fani
2841 4102 3129 4182 πνεύματι
3157 4097 3412 4182 signfies-

1829 4169 1932 4236 σιίο
1960 4169 2391 4248 ἁμαρτημάτων
2421 4174 2517 4248 secti
2556 4171 2988 4248 circﬂtiszrtaya
3014 4169 3156 4237 ἡμῖν
3183 4169 3412 4248 ﬂeor-at

1839 4253 1903 4306 τὸ
1935 4241 2044 4304 τεῦ
2065 4241 2416 4317 iracundae.
2445 4245 2582 4317 Nnta
2603 4245 2707 4317 illa
2737 4243 3014 4317 distinctio
3053 4241 3320 4317 baptismi,
3349 4241 3408 4317 in

1837 4311 2166 4392 baptismum
2192 4311 2448 4378 ﬂuminis,
2474 4314 2726 4392 (laminis,
2753 4312 3097 4392 etsangninis
3128 4311 3213 4362 hie
3241 4311 3410 4392 tradi-

1841 4378 1943 4446 tur.
1997 4388 2304 4458 liaptismus
2356 4384 2640 4458 sanguinis
2687 4381 3203 4458 Tcrlltillallongall.
3237 4379 3302 4432 15
3333 4378 3410 4458 ρο

1837 4449 2089 4531 patientia
2134 4465 2215 4531 est
2245 4449 2768 4531 secunda'intinctio;
2800 4463 2855 4503 et
2887 4467 3006 4519 cap.
3038 4450 3108 4502 2'2
3137 4449 3213 4502 De
3249 4451 3408 4518 pudi-

1837 4523 1982 4590 citia,
2013 4528 2158 4580 aliud
2184 4527 2463 4590 baptisma.
2506 4523 2888 4576 WETSTENIUS.

1911 4588 2020 4666 (‘25)
2069 4597 2172 4660 Τῷ.
2209 4588 2347 4646 Male
2376 4597 2426 4646 in
2463 4594 2650 4666 codice
2687 4607 2787 4643 ms.
2828 4590 3088 4657 scriptum
3113 4597 3231 4666 .est,
3280 4588 3408 4641 τῶν.

1907 4657 2020 4739 {‘26}
2055 4657 2252 4730 Οὕτως
2278 4657 3268 4739 αἱγψςιοχαγίμζῶν,πεῖτελεκισμέννωῃ
3301 4670 3408 4712 etc.

1839 4731 1969 4796 Vide
2003 4731 2123 4808 qum
2160 4740 2318 4808 docet
2350 4731 2488 4808 intra
2523 4734 2662 4786 [ilius
2689 4731 2991 4808 .Amhrosii,
3030 4734 3071 4782 si
3117 4732 3277 4808 modo
3315 4745 3408 4782 co.

1841 4799 2034 4866 ronani
2063 4807 2309 4876 martyrii
2347 4804 2614 4876 obtineat,
2649 4800 2881 4876 plusab
2914 4806 3030 4867 ipso
3063 4811 3180 4876 post
3206 4799 3411 4876 ejusex

1837 4887 1939 4936 hac
1965 4882 2074 4932 vita
2111 4869 2398 4930 excessum
2432 4875 2680 4940 ndjntum
2730 4871 2792 4924 iri
2844 4885 3004 4938 quam
3051 4871 3094 4923 si
3139 4885 3260 4940 cum
3307 4869 3413 4920 illis

1837 4949 2225 5022 permansisset
2255 4965 2316 5022 ιν
2335 4938 2677 5022 ξοὶθδειιιιιι,
2704 4942 2898 5022 inquit.
2921 4952 3046 4993 tunc
3068 4938 3256 5022 melins
3277 4954 3416 5006 quo-

1839 5009 1999 5077 inodo
2035 5018 2292 5084 diligendi
2320 5017 2448 5080 sint,
2479 5027 2531 5068 et
2555 5029 2672 5080 qua:
2705 5014 2834 5084 ipsis
2865 5012 3132 5079 precanda
3165 5009 3275 5061 sint
3305 5025 3416 5061 ine-

1839 5093 1943 5146 lins
1983 5082 2278 5152 intelliges,
2311 5089 2355 5138 si
2389 5085 2709 5155 cognmeris
2757 5082 2896 5155 lilios
2923 5088 3067 5155 tuos
3113 5095 3253 5140 esse,
3310 5095 3413 5132 non

1841 5177 2022 5218 semen
2057 5148 2317 5212 tantum.»
2355 5148 2492 5221 Quin
2527 5166 2580 5207 et
2609 5155 2793 5206 homil.
2832 5154 2894 5203 lii
2923 5151 2972 5202 in
3004 5148 3164 5202 Josue
3194 5165 3296 5200 non
3329 5164 3417 5200 so-

1841 5234 1952 5286 ltnn
1978 5241 2246 5298 martyres
2269 5227 2564 5298 proinohis,
2593 5225 2756 5298 sedet
2780 5237 2969 5275 onmes
2991 5221 3211 5298 oinnino
3236 5231 3418 5298 patres

1841 5317 2000 5358 orare
2035 5289 2224 5354 statuit
2257 5289 2281 5352 ς’
2309 5313 2328 5348 ι
2363 5297 2474 5365 Ego
2503 5297 2582 5349 sie
2612 5294 2870 5356 arbitror,
2913 5291 3054 5359 quod
3096 5305 3286 5365 omnes
3317 5289 3416 5349 illi,

1844 5374 1935 5444 qui
1961 5370 2306 5444 dormierunt
2341 5360 2596 5444 antenos
2625 5376 2830 5442 patres,
2867 5369 3104 5444 pugnent
3135 5360 3418 5444 nobisenm

1844 5429 1897 5498 έι
1933 5441 2189 5509 adjuvent
2221 5456 2316 5491 nos
2343 5429 2684 5509 orationibus
2714 5431 3132 5509 suis._i_l$tt_his
3166 5429 3418 5509 omnibus

1844 5502 2016 5583 liqnei
2042 5512 2198 5578 longe
2228 5510 2471 5583 abfuisse
2501 5508 2792 5583 Origeuem
2821 5506 2888 5555 ab
2915 5503 3298 5583 hodiernoruni
3327 5502 3421 5552 he-

1849 5573 2237 5636 tei'odoxorum
2277 5579 2536 5647 opinione
2569 5573 2660 5644 qui
2688 5576 2809 5628 ideo
2844 5573 3078 5647 maxime
3103 5579 3416 5624 sanctorum

1848 5655 2249 5708 invocationem
2284 5645 2592 5716 repudiarit,
2621 5647 2762 5715 quod
2798 5645 3075 5699 orationes
3104 5651 3320 5694 nostras
3340 5655 3420 5692 eis

1847 5728 2057 5794 ignotas
2077 5738 2198 5774 esse
2230 5723 2585 5794 arbitrentur.

1919 5794 2031 5862 (25)
2073 5791 2540 5862 Διαιηιξαμένην.
2582 5790 2834 5844 Μοιιόοδο
2865 5789 3036 5841 codex
3086 5799 3188 5838 ms.
3236 5781 3418 5845 habet,

1847 5863 2222 5936 δινυξαμένην.
