3962 6414
499 305 605 363 605

1942 272 2299 368 lomceivi's‘

3662 285 3757 340 σοι

500 431 629 477 tur:
665 441 683 474 ι
711 420 791 475 En
821 421 1049 476 dilectus
1072 432 1224 474 meus
1251 416 1496 487 loquitur
1526 417 1656 471 mihi
1680 434 1692 470 :
1720 415 1913 486 Surge,
1959 430 2059 469 ven

2192 432 2210 464 ι
2264 411 2639 484 ’Λποκρίνεται
2663 411 2790 485 γὰρ,
2813 409 2998 482 φησιν,
3023 409 3306 480 ἀδελφιδός
3346 425 3469 478 μου,
3501 406 3598 461 καὶ
3619 407 3756 476 λέγει

499 514 678 570 vicina
705 527 846 579 mea,
893 511 1125 566 formosa
1159 524 1299 575 mea,
1333 509 1581 564 columba
1616 523 1766 574 mea;
1791 507 1902 576 jam
1928 508 2072 562 enim

501 605 676 659 hiems
709 603 946 665 transiit,
1007 603 1179 656 imber
1209 601 1343 655 abiit
1386 609 1442 655 et
1501 600 1812 654 recessit“.
1843 619 1861 652 ι
1895 599 2076 655 Etvos

500 697 677 751 adhuc
713 694 1038 750 meministis
1065 708 1169 748 non
1213 694 1379 748 aliter
1403 693 1590 747 audire
1616 707 1711 747 vos
1731 709 1886 758 posse
1909 694 2071 748 illud:

504 807 525 839 ε
553 786 737 840 Hiems
761 786 994 849 transiit,
1022 803 1041 836 ι
1068 785 1170 839 nisi
1190 794 1508 854 praesentem
1532 787 1673 840 hanc
1701 796 2072 855 tempestatem

499 877 715 932 fortiter
776 884 1210 945 constanterque
1262 877 1652 931 sustinueritis.
1704 876 1837 931 Cum
1893 877 2071 933 autem

499 969 782 1024 transierit
817 971 996 1024 hiems
1028 977 1082 1024 et
1104 969 1278 1024 imber
1327 969 1633 1034 recesserit,
1656 969 1818 1025 ﬂores
1853 986 2076 1040 appare-

496 1060 648 1115 bunt.
683 1077 702 1111 ι
742 1059 981 1113 Plantati
1031 1059 1177 1114 enim
1233 1059 1286 1114 in
1344 1060 1502 1116 domo
1552 1060 1794 1128 Domini,
1826 1063 1878 1117 in
1921 1063 2074 1118 atriis

496 1151 684 1206 donms
717 1151 806 1206 Dei
836 1152 1003 1206 nostri
1028 1151 1298 1207 ﬂorebunt
1328 1153 1396 1208 ⁸⁸.
1427 1171 1446 1205 ι

482 1437 486 1442 ’
564 1445 655 1500 52.
689 1445 821 1500 Illud
842 1445 1005 1500 etiam
1035 1444 1307 1509 novimus,
1337 1457 1458 1497 cum
1501 1441 1656 1497 nobis
1670 1439 1826 1497 Jesus
1854 1451 2074 1510 persua-

492 1537 628 1592 serit
670 1535 810 1592 idola
864 1547 920 1591 et
959 1536 1184 1601 impium
1230 1535 1522 1588 multorum
1589 1533 1817 1588 deorum
1867 1531 2072 1588 cultum

495 1628 829 1698 relinquere,
880 1629 1115 1684 suadere
1171 1625 1328 1682 nobis
1382 1624 1744 1680 idololatriam
1795 1625 2072 1680 inimicum

493 1733 603 1776 non
640 1733 822 1789 posse,
850 1722 946 1774 sed
981 1732 1175 1789 cogere
1212 1716 1365 1772 velle.
1398 1715 1475 1772 Ea
1506 1731 1670 1773 causa
1700 1723 1785 1772 est
1813 1731 1914 1771 cur
1944 1715 2069 1770 talia

495 1811 552 1866 in
586 1826 682 1866 eos
713 1821 970 1868 exerceat
991 1813 1044 1866 in
1077 1825 1213 1882 quos
1254 1820 1496 1882 potestas
1531 1809 1634 1879 ipsi
1677 1808 1857 1872 datur,
1891 1817 1946 1862 et
1986 1807 2074 1863 vel

490 1912 760 1974 martyres
790 1919 887 1960 eos
922 1905 1016 1974 qui
1054 1913 1358 1968 tentantur,
1377 1901 1592 1968 eﬂicial,
1624 1901 1710 1957 vel
1741 1900 2079 1957 idololatras.

493 1995 649 2065 Saepe
675 1999 839 2051 etiam
891 2011 1037 2051 nunc
1065 1997 1197 2051 dicit
1227 2015 1240 2051 :
1282 2015 1299 2047 ι
1328 1995 1452 2050 Haec
1495 1993 1674 2048 omnia
1701 1993 1793 2048 tibi
1827 1993 1986 2061 dabo,
2030 1993 2075 2049 si

489 2089 688 2142 cadens
711 2087 1026 2143 adoraveris
1058 2101 1144 2143 me
1167 2087 1242 2140 ⁸⁸.
1276 2105 1296 2139 ι
1321 2086 1625 2141 Caveamus
1649 2084 1815 2155 igitur
1841 2101 1906 2139 ne
1934 2084 2075 2140 idola

491 2178 738 2235 colamus
809 2195 1069 2249 unquam,
1106 2187 1162 2235 et
1211 2193 1311 2232 nos
1361 2176 1642 2232 daemoniis
1691 2175 2068 2244 subjiciamus;

491 2271 632 2326 idola
668 2278 813 2326 enim
845 2281 972 2327 sunt
999 2271 1245 2343 gentium
1272 2269 1559 2325 daemonia.
1585 2267 1754 2335 Quale
1778 2281 1861 2323 est
1892 2277 2074 2322 autem

490 2363 800 2434 relinquere
835 2379 998 2419 suave
1028 2363 1228 2418 Christi
1265 2364 1451 2434 jngum
1480 2373 1534 2418 et
1574 2362 1690 2416 leve
1729 2376 1866 2416 onus
1918 2361 2056 2427 ejus,

489 2463 550 2510 ut
581 2471 678 2510 nos
724 2455 916 2510 iterum
949 2455 1251 2509 daemonum
1277 2455 1407 2526 jugo
1451 2467 1823 2524 supponamus
1853 2460 1907 2506 et
1939 2466 2071 2520 grav

488 2546 697 2600 vissimi
753 2546 959 2614 peccati
1015 2554 1295 2616 portemus
1349 2560 1508 2609 onus,
1563 2544 1726 2612 idque
1781 2553 2069 2612 postquam

486 2638 845 2703 cognovimus
899 2637 1136 2692 cinerem
1181 2651 1301 2693 esse
1351 2652 1448 2694 cor
1495 2636 1656 2692 idolis
1715 2634 2069 2690 servientium

483 2729 882 2798 vitamqueluto
905 2729 1197 2799 turpiorem
1215 2730 1262 2762 ⁸⁷
1281 2729 1699 2798 diximusque‘pa
1712 2736 1819 2780 tres
1853 2735 2069 2780 nostros

483 2815 619 2870 falsa
677 2819 932 2874 habuisse
965 2818 1235 2887 sculptilia
1268 2829 1324 2875 et
1362 2837 1382 2870 ι
1439 2833 1546 2874 non
1595 2832 1715 2874 esse
1761 2817 1815 2871 in
1859 2816 1940 2872 eis
1973 2815 2066 2886 qui

482 2908 668 2975 pluunt
693 2908 754 2961 ⁸⁸.
796 2924 817 2962 3

2181 521 2302 576 μοι·
2350 504 2602 570 Ἀνάστα,
2640 503 2762 557 ἐλθὲ
2793 506 2825 574 ἡ
2860 503 3088 579 πλησίον
3122 519 3245 573 μου,
3270 500 3411 571 καλή
3447 517 3571 571 μου,
3605 515 3757 570 περι-

2180 596 2346 668 στερά
2397 613 2531 667 μουο
2586 597 2667 650 ὅτι
2714 595 2822 649 ἰδοὺ
2872 597 2900 649 ὁ
2947 592 3152 665 χειμὼν
3187 592 3495 664 παρῆλθενο
3549 594 3578 646 6
3611 591 3759 655 ὑετὸς

2175 688 2438 759 ἀπῆλθεν,
2460 687 2726 760 ἐπορεύθη
2750 686 2947 758 ἑαυτῷ.
2986 707 3004 739 ι
3035 687 3145 741 Καὶ
3173 687 3334 758 ὑμεῖς
3355 685 3434 738 ἔτι
3458 683 3754 755 μέμνησθε,

2175 781 2256 832 ὅτι
2279 779 2378 833 οὐκ
2406 778 2578 844 άλλως
2605 779 2752 832 ἔστιν
2777 778 3007 832 ἀκοῦσαι
3028 777 3144 842 τοῦ,
3179 796 3196 828 ι
3243 777 3302 829 '0
3326 775 3534 847 χειμὼν
3557 775 3758 846 παρῆλ-

2175 869 2286 934 θεν,
2320 891 2338 922 ι
2377 871 2471 924 ἐὰν
2509 870 2582 942 μὴ
2618 871 2708 924 τὸν
2743 870 2987 943 παρόντα
3019 869 3264 940 χειμῶνα
3304 867 3632 940 ἐρρωμένως
3669 867 3758 920 καὶ

2176 961 2408 1025 εὐτόνως
2443 961 2801 1033 ἀγωνίσησθε.
2839 961 2995 1016 Μετά
3024 962 3081 1015 δὲ
3110 962 3172 1014 τὸ
3207 959 3503 1032 παρελθεῖν
3533 958 3625 1011 τὸν
3653 975 3760 1028 χει-

2179 1053 2354 1123 μῶνα,
2399 1055 2491 1107 καί
2521 1054 2614 1107 τὸν
2640 1053 2795 1108 ὑετὸν
2823 1053 3099 1119 ἀπελθεῖν,
3134 1053 3229 1107 καὶ
3270 1050 3608 1124 πορευθῆναι
3640 1053 3760 1104 ἑαυ-

2173 1145 2271 1216 τῷ,
2313 1145 2381 1198 τὰ
2419 1145 2553 1217 ἄνθη
2583 1145 2917 1216 όφθήσεται’
2963 1165 2981 1197 ι
3017 1145 3422 1215 Πεφυτευμένοι
3455 1143 3566 1215 γὰρ
3600 1146 3656 1196 ὲν
3685 1145 3760 1214 τῷ

2173 1236 2306 1306 οἴκῳ
2339 1235 2432 1288 τοῦ
2458 1236 2683 1308 Κυρίου,
2708 1239 2765 1291 ὲν
2793 1241 2917 1301 ταῖς
2941 1237 3128 1301 αὐλαῖς
3151 1235 3246 1290 τοῦ
3271 1234 3407 1290 Θεοῦ
3432 1235 3588 1305 ήμῶν
3613 1234 3760 1301 ἐξαν-

2174 1327 2418 1399 θήσουσι.
2455 1346 2472 1379 ι

2243 1438 2356 1492 Καὶ
2401 1438 2562 1492 τοῦτο
2606 1438 2662 1492 δὲ
2713 1440 3072 1512 γινώσκομεν,
3119 1441 3201 1494 ὅτι
3244 1439 3572 1502 πεισθέντας
3616 1440 3760 1510 ἡμᾶς

2174 1528 2279 1582 ὑπὸ
2321 1530 2493 1601 Ἰησοῦ
2530 1530 2853 1586 καταλιπεῖν
2900 1532 2969 1586 τὰ
2998 1531 3191 1587 εἴδωλα
3221 1532 3318 1586 καί
3347 1531 3442 1585 τὸν
3469 1530 3760 1584 πολυθεοα-

2174 1623 2406 1695 θεότητα
2437 1623 2569 1696 (26),
2626 1627 2810 1680 πεῖσαι
2853 1623 2954 1696 μὲν
2987 1625 3014 1679 6
3045 1624 3239 1698 ἐχθρὸς
3274 1625 3335 1678 οὑ
3369 1624 3595 1679 δύναται
3629 1625 3760 1696 πρὸς

2173 1715 2241 1769 τὸ
2287 1715 2715 1788 εἰδωλολατρεῖν,
2776 1717 3066 1788 βιάσασθαι
3119 1718 3176 1771 δὲ
3224 1715 3494 1788 βούλεται.
3538 1717 3650 1771 Καὶ
3675 1717 3764 1770 διὰ

2180 1806 2338 1862 τοῦτο
2383 1808 2505 1862 καθ’
2528 1801 2602 1863 ὧν
2638 1808 2904 1880 λαμϐάνει
2946 1809 3211 1876 ἐξουσίαν,
3261 1810 3478 1881 ἐνεργεῖ
3509 1808 3758 1864 τοιαῦτα·

2182 1900 2276 1953 καὶ
2303 1900 2422 1971 ήτοι
2450 1900 2734 1971 μάρτυρας
2762 1900 2794 1972 ἢ
2825 1900 3213 1971 εἰδωλολάτρας
3249 1902 3468 1974 ποιήσει
3492 1900 3620 1964 τοὺς
3649 1917 3767 1954 πει-

2183 1990 2532 2064 ραζομένους.
2561 1992 2828 2056 Πολλάκις
2857 1992 2913 2045 δὲ
2944 1993 3038 2046 καί
3069 1992 3164 2046 νῦν
3189 1993 3369 2062 λέγει·
3408 2012 3427 2045 ι
3463 1993 3650 2047 Ταῦτά
3682 2011 3766 2046 σοι

2178 2083 2356 2138 πάντα
2394 2083 2570 2148 δώσω,
2604 2083 2698 2137 ἐὰν
2732 2083 2912 2136 πεσὼν
2947 2087 3331 2158 προσκυνήσῃς
3360 2103 3471 2155 μοι.
3507 2105 3526 2137 ι
3559 2086 3768 2158 Προσέ-

2177 2193 2362 2246 χωμεν
2394 2169 2508 2242 οὖν,
2543 2176 2752 2246 μήποτε
2777 2175 3349 2248 εἰδωλολατρήσωμεν,
3383 2176 3481 2230 καί
3510 2179 3623 2240 τοῖς
3655 2177 3769 2230 δαι-

2181 2268 2382 2337 μονίοις
2405 2268 2631 2331 ἑαυτοὺς
2659 2266 3036 2339 ὑποτάξωμενο
3072 2268 3140 2321 τὰ
3165 2268 3274 2340 γὰρ
3297 2267 3496 2322 εἴδωλα
3525 2268 3636 2340 (27)
3659 2269 3767 2322 τῶν

2176 2354 2344 2409 ἐθνῶν
2390 2355 2661 2426 δαιμόνια.
2715 2351 2838 2409 Οἶον
2877 2357 2934 2410 δέ
2976 2359 3091 2410 ἐστι
3124 2359 3204 2423 τὸ,
3252 2359 3629 2413 καταλιπόντα
3675 2360 3768 2414 τὸν

2174 2448 2410 2521 χρηστὸν
2435 2449 2674 2521 Χριστοῦ
2702 2449 2866 2518 ζυγὸν
2891 2451 2982 2504 καὶ
3003 2451 3063 2504 τὸ
3080 2452 3313 2525 ἐλαφρὸν
3333 2452 3499 2506 αὐτοῦ
3523 2455 3765 2525 φορτίον,

2175 2540 2336 2593 πάλιν
2367 2541 2559 2594 ἑαυτὸν
2585 2541 2875 2596 ὑποϐαλεῖν
2909 2541 3055 2615 ζυγῷ
3085 2544 3376 2616 δαιμόνων,
3410 2545 3509 2599 καὶ
3546 2545 3767 2617 φορτίον

2173 2631 2436 2701 βαστάξαι
2488 2632 2799 2706 βαρυτάτης
2844 2635 3138 2707 ἁμαρτίας,
3191 2638 3329 2708 μετὰ
3374 2637 3437 2690 τὸ
3466 2639 3767 2706 ἐγνωκέναι

2171 2725 2341 2796 ήμᾶς,
2360 2725 2441 2778 ὅτι
2472 2723 2662 2788 σποδὸς
2685 2724 2794 2797 (28)
2817 2728 2850 2798 ή
2872 2727 3069 2798 καρδία
3095 2726 3204 2780 τῶν
3225 2726 3466 2791 εἰδώλοις
3487 2726 3771 2799 λατρευὸν-

2167 2833 2297 2881 των,
2347 2817 2440 2870 καὶ
2487 2817 2751 2888 πολύ(29)
2799 2819 3124 2892 ἀτιμότερος
3169 2822 3198 2872 6
3253 2819 3367 2890 βίος
3408 2820 3614 2884 αὐτῶν,
3669 2824 3767 2875 καὶ

2172 2906 2312 2978 μετὰ
2332 2909 2390 2960 τὸ
2413 2909 2692 2980 εἰρηκέναι
2719 2911 2866 2980 ἡμᾶς
2896 2909 2971 2974 ὡς
3002 2910 3168 2983 ψευδῆ
3193 2913 3496 2985 ἐκτήσαντο
3521 2915 3569 2966 οἰ
3597 2914 3768 2967 πατέ-

2173 3017 2261 3071 ρες
2287 2999 2442 3071 ήμῶν
2465 3000 2676 3066 είδωλα,
2705 3001 2799 3055 καί⁵
2831 3020 2851 3054 ‹
2880 3003 2980 3056 οὐκ
3004 3003 3147 3058 ἔστιν
3168 3005 3226 3057 ἐν
3252 3005 3713 3076 αὐτοῖςσύετίζειν.
3744 3027 3762 3058 ι

551 3088 644 3143 ⁵53.
679 3086 795 3143 Non
823 3088 955 3144 olim
993 3097 1202 3145 tantum
1233 3099 1468 3147 statuam
1517 3105 1740 3145 auream
1780 3089 2059 3144 Nabucho-

2245 3091 2320 3143 Οὐ
2355 3090 2522 3144 πάλαι
2560 3089 2718 3160 μόνον
2752 3091 2872 3162 ἵστη
2907 3091 3004 3162 τήν
3033 3095 3239 3164 χρυσῆν
3269 3094 3456 3147 εἰκόνα
3487 3095 3772 3166 Ναϐουχο-

482 3180 721 3234 donosor
751 3181 950 3248 erexit,
981 3196 1160 3250 neque
1185 3190 1313 3238 tunc
1350 3183 1524 3239 solum
1571 3183 1814 3248 Ananiae,
1857 3181 2066 3236 Azarize

482 3280 539 3325 et
563 3270 764 3325 Misaeli
783 3271 1020 3328 minatus
1047 3283 1131 3328 est
1147 3289 1260 3341 eos,
1283 3274 1335 3328 ni
1358 3276 1675 3340 adorarent,
1704 3275 1755 3329 in
1788 3273 2062 3327 caminum

483 3363 626 3433 ignis
700 3364 1055 3435 injiciendos;
1129 3367 1224 3421 sed
1279 3376 1333 3421 et
1387 3383 1531 3422 nunc
1579 3367 1719 3420 alius
1773 3365 2061 3420 Nabucho-

479 3452 718 3509 donosor
779 3457 920 3511 idem
960 3459 1092 3512 dicit
1143 3460 1299 3514 nobis
1338 3461 1426 3528 qui
1485 3459 1780 3513 transimus
1831 3466 1887 3512 et
1935 3471 2064 3512 vere

480 3544 687 3601 Hebraei
755 3563 960 3604 sumus.
1022 3547 1130 3605 Nos
1191 3558 1374 3605 autem
1433 3561 1493 3605 ut
1558 3551 1836 3606 caelestem
1883 3564 2060 3604 rorem

477 3639 826 3705 experiamur
863 3641 955 3710 qui
985 3655 1199 3696 omnem
1239 3657 1268 3695 a
1321 3642 1479 3698 nobis
1523 3643 1698 3713 ignem
1748 3643 2061 3710 exstinguat

481 3740 538 3784 et
565 3733 890 3801 praecipuam
917 3736 1112 3790 animm
1154 3743 1357 3790 nostra:
1387 3744 1594 3806 partem
1619 3744 1845 3800 recreet,
1874 3749 2061 3790 sacros

480 3820 606 3875 illos
647 3824 920 3880 imitemur
949 3824 1198 3894 juvenes.
1240 3825 1404 3882 Forte
1442 3836 1496 3880 et
1545 3841 1689 3880 nunc
1722 3841 1818 3881 vos
1858 3826 2060 3881 alteros

479 3911 849 3969 Mardochaeos
895 3915 1069 3970 Aman
1117 3917 1351 3972 adorare
1386 3931 1446 3972 se
1485 3916 1662 3980 volet;
1708 3915 1802 3971 sed
1864 3916 2058 3971 dicite:

481 4022 502 4056 ι
543 4003 657 4058 Νοη
687 4020 881 4074 ponam
913 4007 1136 4077 gloriam
1167 4009 1450 4064 hominum
1487 4024 1649 4076 supra
1672 4008 1904 4077 gloriam
1954 4008 2046 4062 Dei

475 4098 662 4156 Israel.
703 4121 722 4155 ι
742 4102 1067 4158 Evertamus
1098 4102 1192 4156 Bel
1222 4104 1387 4157 verbo
1412 4101 1528 4168 Dei,
1551 4100 1713 4172 295
1736 4102 2054 4157 draconem-

2171 3181 2410 3253 δονόσορ’
2469 3181 2588 3234 οὐδὲ
2626 3181 2747 3235 τότε
2799 3183 2959 3252 μόνον
3009 3184 3225 3253 ἠπείλει
3265 3185 3344 3255 τῷ
3400 3185 3624 3258 Ἀνανίᾳ
3672 3189 3769 3241 καὶ

2188 3273 2417 3346 Ἀζαρία
2461 3275 2556 3328 καί.
2596 3275 2850 3346 Μισαήλ,
2886 3277 2935 3329 εἰ
2975 3275 3051 3348 μὴ
3085 3279 3546 3350 προσκυνήσαιεν,
3594 3281 3771 3350 ἐμϐα-

2169 3364 2280 3418 λεῖν
2306 3364 2504 3429 αὐτοὺς
2539 3369 2618 3429 εἰς
2642 3367 2740 3438 τὴν
2768 3367 2999 3438 κάμινον
3029 3367 3121 3421 τοῦ
3147 3369 3336 3441 πυρός·
3373 3369 3512 3423 ἀλλὰ
3545 3372 3640 3424 καί¹
3669 3371 3768 3424 νῦν

2168 3459 2197 3511 6
2230 3458 2703 3531 Ναϐουχοδονόσορ
2739 3461 2806 3514 τὰ
2847 3461 2987 3515 αὑτά
3015 3462 3162 3531 λέγει
3191 3465 3345 3534 ἡμῖν,
3380 3467 3497 3530 τοῖς
3535 3484 3767 3538 περατι-

2168 3553 2285 3614 κοῖς
2317 3551 2413 3604 καὶ
2444 3551 2719 3621 ἀληθινοῖς
2762 3553 3053 3625 Ἑϐραίοις.
3095 3554 3255 3608 Ἀλλά
3290 3559 3474 3627 ἡμεῖς,
3513 3559 3600 3612 ἵνα
3637 3559 3764 3629 δρό-

2170 3659 2264 3695 σου
2293 3644 2544 3714 οὐρανίου
2577 3645 2948 3718 πειραθῶμεν,
2983 3647 3346 3719 σϐεννυοὺσης
3382 3652 3494 3705 πᾶν
3520 3651 3630 3723 πῦρ
3666 3655 3763 3721 ἀφ’

2170 3734 2348 3806 ήμῶν,
2394 3737 2490 3790 καί
2533 3738 2956 3810 καταψυχούσης
2988 3739 3143 3811 ἡμῶν
3165 3739 3227 3793 τὸ
3256 3743 3607 3813 ἡγεμονικὸν,
3638 3747 3766 3809 τοὺς

2165 3828 2347 3898 ἰερούς
2370 3829 2611 3894 ἐκείνους
2641 3829 3030 3902 μιμησώμεθα.
3054 3833 3280 3903 Μήποτε
3299 3834 3396 3887 καί
3415 3835 3511 3888 νῦν
3533 3837 3561 3888 6
3589 3837 3764 3907 Ἀμὰν

2166 3919 2295 3992 θέλῃ
2319 3922 2446 3984 τοὺς
2471 3923 2850 3994 Μαρδοχαίους
2874 3926 3020 3995 ὑμᾶς
3053 3928 3433 3999 προσκυνῆσαι
3455 3929 3621 3999 αὐτῷ’
3644 3929 3761 3983 ἀλλ’

2165 4010 2324 4080 ὑμεῖς
2361 4011 2548 4066 εἴπατε
2571 4030 2583 4042 ·
2622 4033 2642 4064 ι
2684 4015 2758 4066 Οὐ
2792 4015 2941 4086 θήσω
2971 4017 3125 4083 δόξαν
3166 4016 3475 4088 ἀνθρώπων
3504 4021 3763 4091 ὑπεράνω

2160 4097 2317 4170 δόξης
2361 4101 2496 4154 Θεοῦ
2548 4104 2783 4176 Ἰσραήλ.
2826 4122 2844 4155 ι
2890 4105 2993 4158 Τὸν
3035 4104 3144 4176 Βὴλ
3179 4104 3257 4177 τῷ
3300 4106 3447 4177 λόγῳ
3487 4108 3579 4161 τοῦ
3621 4108 3760 4162 Θεοῦ

546 4277 592 4309 ³⁸
626 4277 780 4333 Cant.
815 4295 873 4343 ll,
903 4279 990 4334 l0.
1067 4279 1114 4312 ⁸⁵
1138 4278 1261 4335 Psal
1297 4294 1400 4350 xei,
1474 4280 1562 4336 Μ.
1638 4283 1684 4314 ⁸⁸
1714 4280 1907 4338 Matth.
1947 4298 2024 4349 ιν,
2054 4290 2059 4336 1

2184 4283 2228 4316 ⁸⁷
2251 4283 2376 4354 Sap.
2406 4298 2497 4351 xv,
2528 4283 2614 4337 10.
2692 4285 2735 4316 ⁸⁸
2765 4283 2964 4340 Jercm.
2993 4301 3110 4352 xlv,
3134 4285 3228 4340 22.

543 4457 656 4545 (26)
694 4463 1284 4545 Πολυθεραθεότητα.
1321 4460 1442 4545 υηο
1478 4463 1744 4545 vocabulo
1777 4465 2054 4545 eleganter

2171 4465 2570 4545 I‘lieodqrAetus,
2590 4475 2722 4545 tom‘.
2743 4466 3029 4545 lV,_seI_-m.
3062 4469 3115 4532 '5,
3142 4486 3196 4540 p.
3222 4470 3328 4526 506
3357 4491 3370 4526 :
3397 4474 3513 4527 Οὐκ
3536 4469 3628 4528 οὖν
3659 4475 3760 4545 μό-

471 4527 742 4604 iritegram
770 4527 1497 4602 complectitutVsenteutiatn
1528 4549 1544 4588 :
1573 4537 1714 4604 quod
1739 4538 1828 4604 qui
1854 4527 2055 4591 multos

471 4599 605 4668 deos
635 4602 837 4667 colunt,
891 4599 1103 4656 nullum
1145 4619 1331 4657 revera
1369 4599 1768 4668 co|:_tu|.‘ldeo,—
1792 4606 1829 4661 Ι.
1865 4623 1878 4658 ι
1909 4619 2051 4659 cont.

472 4667 632 4744 Qels.,
679 4676 898 4744 linunt,
943 4673 1100 4726 ἄθεον
1136 4673 1525 4744 πολυθεότητα,
1569 4667 2051 4730 [idemtitulun-nm

475 4737 721 4812 deorum,
760 4741 866 4793 Deo
897 4754 1158 4812 carentem
1189 4737 1520 4812 appellavit.
1541 4745 1594 4798 In
1642 4745 1800 4799 hunc.
1832 4762 2051 4800 sensum

471 4806 1086 4885 éthenagorasLLegat.
1118 4806 1462 4885 pro-Christ”
1492 4830 1539 4883 ι).
1571 4815 1660 4880 24,
1687 4817 1761 4868 ait
1786 4816 1853 4867 de
1878 4818 2054 4885 poetis

472 4874 790 4956 grumorum
816 4898 828 4932 :
867 4881 962 4943 Τίς
976 4874 1092 4956 ίούκ
1118 4874 1196 4956 ’ἂν
1226 4886 1351 4956 τοὺς
1387 4874 1616 4948 ἐπί’τοῖς
1651 4874 1919 4949 ’τοιούτοίς
1949 4887 2051 4956 μύ-

471 4945 585 5027 θοις
604 4946 922 5027 ξριλοθέους,
938 4951 1134 5027 μᾶλλον
1156 4953 1211 5005 δὲ
1237 4945 1448 5018 ἀθέους,
1478 4956 1577 5024 τῆς
1597 4945 1851 5027 ἀμαθίας
1887 4945 2054 5010 κοίτα-

475 5016 782 5096 μέμςζιαιτυ
826 5040 847 5096 ι
888 5016 1018 5096 Quis
1052 5037 1180 5096 vero
1216 5041 1319 5096 non
1345 5016 1714 5096 redargueret
1747 5016 1936 5081 eorum
1968 5030 2052 5080 in-

472 5089 711 5149 scitiam,
759 5089 849 5158 qui
887 5090 1014 5143 dum
1066 5094 1178 5146 suis
1208 5093 1408 5150 fabulis
1442 5089 1668 5150 deorum
1713 5112 1771 5151 se
1808 5110 2052 5152 amantes

472 5167 781 5228 monstrare
824 5163 1033 5228 volunt,
1068 5165 1303 5217 maxime
1334 5180 1390 5218 se
1422 5167 1598 5220 nullos
1646 5167 1775 5222 deos
1825 5171 2052 5221 credere

470 5227 796 5306 produnt?)
836 5227 1188 5299 Prudentius,
1214 5233 1251 5285 Ι.
1287 5250 1347 5299 ιι,
1376 5247 1518 5289 cont.
1553 5237 1954 5306 Symmachum,
1987 5240 2051 5292 de

472 5307 654 5353 mente
694 5300 1025 5356 atheorum:
1113 5314 1126 5320 ‘

508 5455 649 5533 ῌαξς
668 5467 841 5526 putat,
867 5474 985 5533 esse
1009 5459 1172 5513 Deum
1205 5461 1441 5527 nullum;
1478 5481 1700 5533 namque
1723 5469 1896 5519 onmiu
1925 5469 2050 5521 verti

448 5575 453 5600 ξ
507 5527 752 5600 (gruibus,
791 5540 838 5600 et
874 5530 1018 5583 nullo
1052 5532 1146 5584 sub
1191 5535 1415 5600 prwside
1450 5537 1586 5587 secta
1614 5527 1800 5588 'mmn.

449 5599 453 5603 ’
510 5594 626 5671 l_l_oc
660 5598 766 5671 iter
791 5594 1201 5668 haudquaquam
1240 5618 1427 5671 magno
1459 5607 1762 5660 discrimine
1789 5609 1948 5662 distat

510 5664 672 5742 Iliaca
703 5669 818 5730 viis,
862 5664 990 5742 quas
1022 5664 1106 5723 vos
1137 5664 1347 5737 teritisf
1365 5676 1455 5740 qui
1497 5679 1713 5728 nuntina
1754 5679 1939 5742 multa,

514 5733 578 5786 Et
611 5733 884 5808 portenta,
911 5739 1081 5813 Deum
1124 5733 1407 5812 summurn,
1446 5761 1748 5810 numerosa,
1777 5733 2000 5816 putatis.

2159 4553 2238 4611 voc
2272 4553 2336 4604 γε
2365 4536 2512 4611 ἄθεοι
2525 4538 2810 4611 Αιαγόρας
2838 4539 2865 4590 6
2893 4536 3158 4611 Μιλήσιος
3183 4559 3238 4596 κ.
3274 4560 3325 4595 τ.
3361 4561 3410 4598 ε.
3442 4536 3759 4600 παντάπασι

2159 4607 2356 4684 φάντες
2373 4603 2634 4684 ’μὴ-εἰναι
2657 4603 2856 4684 ⁷θεοὺς·Δ
2878 4603 3120 4665 ἀλλὰκαὶ
3145 4613 3294 4684 Ὅμη
3307 4632 3416 4684 ρος,
3443 4617 3538 4668 καὶ
3579 4617 3760 4669 Ἠσίο-

2154 4678 2262 4756 δος,
2436 4680 2489 4730 αἰ
2519 4677 2633 4756 τῷν
2674 4679 2977 4756 φιλοσόφων
3000 4677 3346 4756 συμμορίάὶ,
3379 4677 3759 4756 παμπόλλους

2159 4747 2258 4831 μὲν
2300 4747 2436 4800 θεῶν
2480 4747 2943 4831 μυθολογήσαντες
2989 4747 3285 4831 ὁρμαθούς,
3323 4747 3758 4828 ἀνδραποδώδεις

2153 4818 2210 4896 δέ
2240 4818 2557 4896 τινας,υκαί
2595 4818 2785 4872 παθῶν
2815 4818 3172 4896 ἀνθρωπείων
3211 4818 3596 4896 ἀποφήναντες
3631 4818 3758 4880 δούξ

2156 4886 2324 4968 λρυς.⁸
2345 4908 2363 4939 ι
2405 4887 2518 4943 Non
2547 4891 2853 4968 itaque-soli
2885 4886 3030 4946 aihei
3067 4894 3304 4968 habendi
3333 4886 3465 4950 sunt
3491 4886 3758 4968 Diagoras

2157 4957 2420 5038 Milesius,
2465 4969 2596 5025 etc.,
2640 4957 2778 5014 deos
2808 4975 2945 5038 esse
2971 4963 3196 5038 penitus
3235 4957 3619 5038 abnegauites‘?
3652 4972 3755 5024 sed

2156 5027 2425 5108 Homerus
2473 5039 2758 5108 praeterea,
2813 5041 2873 5108 et_
2905 5027 3206 5108 llesiodus,
3234 5045 3289 5089 et
3322 5027 3542 5094 familia:
3576 5041 3752 5108 philo-

2158 5099 2476 5177 sophorum,
2499 5103 2591 5168 qui
2622 5102 2820 5177 multos
2844 5102 3067 5177 deorum
3086 5105 3314 5177 ordines
3338 5108 3561 5163 fabulati
3576 5099 3749 5177 'sunt;

2157 5179 2206 5220 et
2243 5170 2435 5221 horum
2481 5173 2769 5236 quosdam,
2808 5173 3200 5241 mancipiorum
3240 5176 3438 5240 instar,
3475 5170 3748 5233 humana;

2154 5253 2273 5314 runt
2314 5241 2811 5314 perturbationum
2840 5258 3030 5314 servos
3058 5258 3183 5299 esse
3235 5251 3685 5314 pronuntiarunt.
3727 5270 3747 5302 ι

2162 5307 2812 5385 yideanturhzlpoiogetici
2835 5313 3036 5368 advers.
3056 5307 3420 5384 gent.,L‘lem.
3445 5320 3749 5385 Alexand.,

2154 5376 2366 5432 Minutii
2390 5376 3086 5452 Felic.,Tertull.,Arnob.',
3105 5376 3220 5441 etc.
3243 5385 3628 5448 Wersmmus.

2226 5469 2348 5550 (27).
2386 5470 2466 5524 Τὰ
2493 5471 2604 5550 Tag
2634 5473 2871 5550 εἴδωλα,
2909 5487 3019 5532 etc.
3079 5478 3473 5544 Tertullianus,
3519 5483 3598 5537 De
3619 5501 3735 5550 spe-

2155 5546 2395 5602 ctaculis,
2448 5557 2497 5596 c.
2538 5543 2648 5595 1‘2:
2688 5561 2706 5594 ι
2751 5545 2806 5597 In
2851 5557 3186 5603 mortuorum
3243 5551 3412 5605 idolis
3466 5543 3741 5610 daetuottia

2156 5613 2481 5664 consistunt.
2515 5633 2533 5664 υ
2567 5613 2948 5674 Wmsreaws.

2377 5682 2630 5760 {39669
2663 5683 2912 5760 Mendose
2937 5689 3099 5760 codex
3135 5706 3260 5758 ms.,
3285 5691 3467 5760 ποδός.

2231 5749 2339 5818 (ευ)
2377 5754 2560 5806 Πολύ.
2605 5754 2772 5824 L030,
2812 5753 3006 5827 πηλοῦ·
