3996 6580
211 477 303 531 605

1291 472 1742 559 ΕΧΗΟΒΤᾼΤΙΟ
1775 473 1866 528 AD
1901 471 2337 530 MARTYRlUM.

3351 472 3455 529 606

209 596 662 669 καταστρέψωμεν
687 596 822 669 (50),
845 597 940 651 καὶ
970 597 1062 650 τὸν
1091 596 1360 670 δράκοντα
1387 598 1525 668 μετά
1550 598 1644 652 τοῦ
1677 601 1757 652 Δαι

1879 613 1986 667 que
2025 612 2146 652 cum
2209 597 2424 651 Dauiele
2474 596 2809 663 occidamus,
2847 606 2909 652 ut
2945 598 3012 650 ad
3086 610 3181 652 ora
3234 595 3450 652 leonum

209 688 313 759 νιήλ
352 689 785 759 ἀποκτείνωμεν,
837 688 943 753 ἵνα,
997 688 1227 758 στόμασι
1273 689 1500 742 λεόντων
1547 690 1776 761 πλησιά-

211 779 392 844 ζοντες,
435 779 608 849 μηδὲν
653 781 742 832 ἀπ’
773 778 950 832 αὐτῶν
992 778 1183 832 παθεῖν
1212 779 1559 850 δυνηθῶμεν·
1602 781 1775 850 μόνων

208 873 298 924 τῶν
312 872 492 923 αἰτίων
511 874 648 941 ἡμῖν
669 871 758 924 τοῦ
778 872 1040 944 παρόντος
1058 872 1265 941 ἀγῶνος
1283 872 1455 926 καταὸ
1461 873 1672 944 ρωθησο
1679 873 1773 942 μέ-

207 980 295 1015 νων
316 962 415 1014 ὑπὸ
446 963 555 1014 τῶν
587 966 735 1034 ἡμᾶς
764 964 838 1036 μὴ
869 965 1178 1037 δυναμένων
1209 969 1496 1020 καταπιεῖν
1522 964 1768 1018 λεόντων.

265 1058 363 1108 Καὶ
387 1055 544 1109 τοῦτο
569 1057 632 1109 δὲ
665 1060 1259 1130 παρατηρήσωμεν,ὅτι
1279 1060 1378 1112 οὐκ
1409 1061 1467 1111 ἐν
1496 1063 1606 1123 τοῖς
1635 1063 1770 1135 πρὸς

205 1150 312 1210 τοὺς
371 1146 604 1211 πολλοὺς
656 1149 832 1217 λόγοις
893 1149 961 1203 τὰ
1019 1151 1146 1222 περὶ
1201 1151 1499 1222 μαρτυρίου
1558 1168 1771 1224 προφη-

205 1241 394 1292 τεύεται
433 1240 540 1292 ὑπὸ
588 1241 687 1294 τοῦ
743 1243 1016 1315 Σωτῆρος,
1044 1243 1158 1296 ἀλλ’
1203 1246 1260 1296 ὲν
1291 1247 1402 1307 τοῖς
1461 1244 1596 1316 πρὸς
1644 1247 1768 1310 τοὺς

205 1332 528 1395 ἀποστόλους.
562 1334 973 1406 Προειρημένου
1001 1337 1108 1408 γάρ
1131 1353 1144 1366 ·
1183 1354 1201 1388 ι
1240 1337 1472 1399 Τούτους
1505 1338 1628 1400 τοὺς
1663 1336 1767 1390 δώ-

205 1426 313 1478 δεκα
342 1425 662 1478 ἀπέστειλεν
683 1428 711 1478 ὁ
753 1427 980 1498 Ἰησοῦς,
1010 1429 1384 1499 παραγγείλας
1410 1429 1592 1492 αὐτοῖς
1612 1448 1625 1460 ·
1674 1430 1768 1493 Εἰς

205 1517 300 1569 ὁδὸν
333 1518 495 1570 ἐθνῶν
526 1518 606 1590 μὴ
642 1519 935 1590 ἀπέλθητε,
975 1541 992 1572 ι
1030 1523 1124 1576 καὶ
1154 1522 1220 1576 τὰ
1250 1522 1377 1592 ἑξῆς
1397 1539 1410 1552 ·
1449 1523 1767 1594 ἐπιφέρεται

311 1628 328 1660 r
363 1611 679 1682 Προσέχετε
734 1612 840 1665 ἀπὸ
877 1615 986 1666 τῶν
1022 1614 1352 1687 ἀνθρώπων·
1388 1615 1766 1687 παραδώσουσι

205 1701 292 1772 γὰρ
319 1703 456 1772 ὑμᾶς
502 1705 587 1766 εἰς
637 1705 908 1777 συνέδρια,
940 1707 1035 1760 καὶ
1065 1709 1124 1760 ὲν
1161 1709 1282 1771 ταῖς
1309 1711 1648 1777 συναγωγαῖς
1673 1709 1768 1762 αὐ-

207 1793 293 1846 τῶν
325 1793 763 1864 μαστιγώσουσιν
795 1797 971 1868 ὑμᾶς·
1001 1800 1096 1853 καὶ
1124 1800 1218 1853 ἐπὶ
1249 1801 1524 1872 ἡγεμόνας
1553 1801 1644 1854 καὶ
1671 1801 1767 1872 βα-

205 1886 343 1949 σιλεῖς
368 1887 678 1957 ἀχθήσεσθε
718 1889 903 1944 ἕνεκεν
933 1891 1068 1962 ἐμοῦ
1112 1894 1191 1956 εἰς
1250 1892 1546 1964 μαρτύριον
1581 1895 1764 1959 αὐτοῖς

1878 693 2200 746 accedentes
2235 691 2367 745 nihil
2388 691 2455 746 ab
2489 692 2568 744 eis
2600 691 2706 760 pati
2735 691 3026 758 possimus,
3056 691 3149 745 sed
3177 690 3208 744 ii
3246 699 3449 744 tantum

1877 785 1968 854 qui
2011 784 2167 852 hujus
2207 785 2362 841 nobis
2411 785 2729 840 certaminis
2757 800 2931 840 causae
2957 793 3103 850 sunt,
3144 774 3217 839 ab
3258 783 3448 838 iisdem

1877 876 2244 945 deglutiantur
2291 875 2538 931 leonibus
2579 875 2668 945 qui
2713 877 2975 931 devorare
3022 891 3122 931 nos
3160 891 3265 930 non
3324 891 3450 945 pos-

1875 977 2020 1023 sunt.

1945 1058 2408 1116 51.0bservcmus
2429 1061 2530 1116 hoc
2548 1061 2734 1127 etiam,
2751 1075 2870 1129 qua:
2886 1060 2953 1114 ad
2981 1056 3301 1130 martyrium
3322 1072 3446 1128 per-

1874 1154 2065 1220 tinent,
2083 1169 2150 1208 ea
2178 1169 2282 1207 non
2316 1154 2381 1208 iis
2399 1155 2741 1208 sermonibus
2767 1152 3086 1222 prmdixisse
3106 1150 3442 1204 Salvatorem

1869 1261 2005 1314 quos
2043 1247 2109 1300 ad
2155 1245 2370 1315 vulgum
2425 1247 2700 1310 habebat,
2735 1245 2829 1302 sed
2859 1260 2994 1314 quos
3035 1245 3100 1298 ad
3137 1244 3438 1314 apostolos.

1870 1340 2160 1409 Postquam
2187 1338 2331 1395 enim
2361 1340 2567 1394 dictum
2595 1347 2723 1394 est:
2769 1357 2786 1390 ι
2811 1337 2920 1392 Hos
2961 1337 3244 1392 duodecim
3292 1339 3444 1392 misit

1868 1432 2026 1486 Jesus
2049 1472 2064 1498 ,
2118 1431 2437 1501 praecipiens
2471 1443 2525 1486 et
2565 1431 2786 1486 dicens:
2820 1430 2876 1484 ln
2907 1431 3046 1484 viam
3096 1431 3334 1499 gentium
3375 1446 3445 1484 ne

1870 1521 2113 1577 abieritis
2141 1522 2248 1588 δυ,
2282 1543 2301 1576 ι
2338 1534 2394 1577 et
2426 1522 2633 1592 reliqua
2669 1538 2685 1586 ;
2729 1523 2830 1576 hoc
2873 1521 3094 1576 additur
3125 1539 3140 1576 :
3194 1540 3212 1572 ι
3248 1521 3444 1575 Cavete

1869 1624 2044 1668 autem
2078 1613 2146 1668 ab
2171 1615 2526 1679 hominibus;
2563 1614 2782 1668 tradent
2808 1613 2951 1669 enim
2986 1629 3078 1668 vos
3110 1614 3162 1667 in
3197 1612 3445 1668 conciliis

1868 1707 1992 1760 etin
2017 1706 2313 1776 synagogis
2339 1702 2452 1761 suis
2478 1705 2825 1776 flagellabunt
2845 1721 2984 1772 vos;
3013 1714 3070 1761 et
3090 1707 3156 1760 ad
3183 1704 3444 1775 praesides

1867 1811 1922 1858 et
1949 1802 2015 1856 ad
2040 1815 2198 1872 reges
2240 1800 2510 1856 ducemiui
2555 1809 2780 1871 propter
2819 1814 2942 1864 me,
2968 1799 3023 1854 in
3073 1798 3441 1855 testimonium

1869 1893 1973 1949 illis
1997 1903 2052 1948 et
2072 1891 2344 1963 gentibus.
2375 1891 2512 1947 Cum
2543 1903 2726 1947 autem
2757 1893 2975 1948 tradent
3001 1906 3125 1957 vos,
3156 1892 3325 1947 nolite
3347 1907 3442 1946 co-

207 1976 281 2029 καὶ
307 1954 435 2040 τοῖς
459 1954 702 2033 ἔθνεσιν.
736 1981 904 2035 Ὅταν
1062 1954 1462 2055 παραδώσουσιν
1489 1983 1652 2054 ὑμᾶς,
1686 1954 1757 2056 μή

1863 1984 2038 2057 gitare
2070 1954 2343 2054 quomodo
2377 1993 2472 2038 aut
2509 1985 2638 2054 quid
2666 1983 2963 2054 loquamini
2994 2005 3008 2039 :
3038 1954 3257 2038 dabitur
3293 1983 3437 2039 enim

208 2070 574 2141 μεριμνήσητε,
609 2072 751 2137 πιῖις,
773 2072 807 2144 ἦ
833 2074 886 2126 τί
918 2073 1177 2146 λαλήσετε
1195 2093 1208 2106 ·
1241 2077 1301 2128 οὐ
1327 2075 1433 2148 γὰρ
1457 2077 1613 2147 ὑμεῖς
1637 2079 1760 2131 ἐστε

207 2161 244 2212 οἱ
265 2159 550 2239 λαλοῦντες,
583 2162 725 2216 ἀλλά
756 2164 817 2217 τὸ
842 2165 1067 2236 Πνεῦμα
1094 2166 1186 2222 τοῦ
1216 2168 1450 2240 Πατρὺς,
1477 2169 1539 2222 τὸ
1565 2169 1760 2224 λαλοῦν

207 2253 251 2303 ὲν
280 2252 411 2319 ὑμῖν.
441 2254 775 2326 Παραδώσει
815 2256 871 2309 δὲ
911 2257 1138 2328 ἀδελφὸς
1160 2260 1382 2330 ἀδελφὸν
1403 2264 1483 2324 εἰς
1509 2261 1756 2329 θάνατον,

208 2343 283 2396 καὶ
329 2344 502 2417 πατὴρ
559 2347 756 2402 τέκνον
780 2366 794 2380 ν
831 2350 925 2403 καὶ
963 2351 1428 2424 ἐπαναστήσονται
1470 2354 1635 2409 τέκνα
1666 2355 1758 2408 ἐπὶ

207 2437 368 2500 γονεῖς,
403 2438 493 2488 καὶ
526 2437 939 2493 θανατώσουσιν
976 2443 1172 2506 αὐτοὺς
1191 2483 1206 2507 ,
1236 2444 1329 2496 καὶ
1355 2444 1541 2498 ἔσεσθε
1569 2445 1756 2515 μισού-

212 2544 333 2596 μενοι
360 2528 456 2582 ύπὺ
486 2530 718 2583 πάντων
745 2531 830 2586 διὰ
860 2532 920 2585 τὸ
943 2533 1110 2604 ὄνομα
1146 2553 1244 2605 μου
1268 2553 1281 2565 ·
1317 2537 1344 2588 ὁ
1373 2537 1758 2608 δὲ⁶ὑπομείνας

208 2619 270 2679 εἰς
289 2617 444 2685 τέλος,
473 2615 630 2684 οὗτος
660 2622 985 2693 σωθήσεται.
1021 2624 1186 2678 Ὅταν
1215 2625 1270 2677 δὲ
1300 2625 1566 2680 διώκωσιν
1613 2629 1757 2698 ὑμᾶς

209 2704 252 2756 ὲν
279 2710 333 2776 τῇ
373 2709 518 2762 πόλει
560 2711 767 2785 ταύτῃ,
799 2713 1026 2782 φεύγετε
1060 2718 1139 2780 εἰς
1167 2717 1266 2788 τὴν
1295 2719 1488 2790 ἑτέραν
1509 2737 1521 2749 ·
1557 2720 1660 2772 κᾶν
1692 2723 1756 2773 ἐκ

209 2797 373 2867 ταύτης
424 2800 688 2867 διώκωσι,
728 2804 953 2873 φεύγετε
993 2808 1070 2869 είς
1102 2807 1198 2877 τὴν
1232 2808 1412 2881 ἄλλην.
1445 2811 1614 2882 Ἀμὴν
1646 2812 1755 2883 γὰρ

210 2887 323 2956 λέῒω
363 2891 506 2961 ὑμῖν,
536 2895 597 2946 οὗ
637 2895 716 2964 μὴ
765 2895 1006 2949 τελέσετε
1034 2897 1130 2960 τὰς
1170 2899 1352 2963 πόλεις
1380 2900 1470 2954 τοῦ
1519 2903 1752 2974 Ἰσραὴλ,

209 2979 292 3042 ἕως
315 2981 519 3056 ἀνέλθῃ
547 2985 577 3036 ὁ
606 2985 745 3048 Υἱὸς
801 2987 894 3039 τοῦ
933 2987 1238 3060 ἀνθρώπου.
1277 3010 1294 3042 ι
1334 2993 1442 3045 Καὶ
1474 2993 1502 3044 ὁ
1541 2995 1755 3058 Λουκᾶς

209 3069 252 3120 δὲ
276 3072 470 3127 τοιαῦτα
499 3077 848 3148 ἀναγράφει·
891 3098 908 3130 ι
943 3081 1109 3133 Ὅταν
1138 3081 1193 3134 δὲ
1229 3083 1464 3154 φέρωσιν
1489 3085 1632 3155 ὑμᾶς
1662 3087 1752 3138 ἐπὶ

211 3163 287 3226 τὰς
337 3169 674 3237 συναγωγὰς,
706 3171 800 3222 καλ¹
853 3171 952 3234 τὰς
977 3173 1151 3245 ἀρχὰς
1180 3175 1312 3245 (51),
1334 3175 1427 3228 καὶ
1471 3176 1570 3240 τὰς
1599 3177 1750 3243 ἐξου-

214 3254 322 3318 σίας,
359 3258 426 3328 μὴ
459 3261 837 3333 μεριμνήσητε
887 3263 1005 3327 πῶς
1036 3265 1442 3338 ἀπολογήσησθε
1510 3267 1544 3338 ἤ
1590 3268 1643 3320 τί
1676 3268 1752 3320 εἴ·
1778 3294 1821 3349 C

215 3364 349 3415 πητε·
381 3350 434 3402 τὸ
457 3351 562 3422 γὰρ
604 3353 766 3421 ἅγιον
810 3354 1035 3426 Πνεῦμα
1073 3357 1270 3423 διδάξει
1315 3352 1478 3429 ὑμὶἰς,
1504 3357 1539 3412 ἃ.
1565 3359 1648 3414 δεῖ
1673 3363 1750 3414 εἰ·

212 3441 323 3492 πεῖν.
350 3460 366 3492 ι
388 3444 489 3496 Καὶ
522 3445 646 3515 μεθ’
680 3445 846 3518 ἕτερα
865 3465 877 3478 ⁸
916 3467 934 3498 ‹
973 3448 1146 3502 Θέσθε
1170 3446 1261 3503 οὖν
1292 3453 1371 3514 εἰς
1400 3451 1500 3514 τὰς
1524 3452 1751 3523 καρδίας

215 3530 334 3599 ὑμῶν
381 3534 446 3604 μὴ
499 3537 739 3610 μελετᾷν
780 3539 1213 3612 ἀπολογηθῆναι·
1270 3539 1381 3610 ἐγὼ
1433 3542 1543 3615 γὰρ
1596 3543 1751 3597 δώσω

218 3623 318 3691 ὗμῖν
341 3628 499 3697 στόμα
529 3631 624 3683 καὶ
662 3631 872 3700 σοφίαν,
967 3633 1028 3684 ού
1051 3632 1367 3703 δυνήσονται
1415 3635 1746 3704 ἀντιστῆναι,

215 3715 501 3784 ῆάντειπεῖν
532 3723 742 3785 πάντες
772 3726 819 3776 οἱ
846 3725 1207 3795 ἀντικείμενοι
1255 3726 1402 3795 ὑμῖν.
1436 3726 1750 3798 Παραδοθή-

218 3808 341 3860 σεσθε
379 3810 430 3863 δὲ
474 3813 563 3866 καὶ
599 3814 712 3866 ὑπὸ
742 3815 963 3882 γονέων,
996 3817 1089 3869 καὶ
1115 3817 1414 3885 συγγενῶν.
1437 3818 1528 3870 καὶ
1558 3817 1746 3886 φίλων,

219 3899 290 3951 καὶ
327 3901 580 3973 ἀδελφῶν·
613 3907 716 3961 καὶ
761 3906 1161 3961 θανατώσουσιν
1196 3907 1255 3973 ἐξ
1289 3907 1468 3978 ὑμῶν·
1501 3910 1591 3962 καὶ
1629 3909 1747 3962 ἔσε-

219 3989 288 4042 σθε
309 3996 593 4067 μισούμενοι
616 3999 730 4052 ὑπὸ
756 4000 967 4053 πάντων
983 3999 1069 4052 διὰ
1089 4000 1149 4052 τὸ
1165 4000 1334 4071 ὄνομά
1358 4018 1478 4072 μου·
1508 4003 1600 4055 καὶ
1628 4002 1747 4073 θρὶξ

219 4081 268 4134 ἐκ
290 4084 368 4155 τῆς
403 4090 646 4160 κεφαλῆς
673 4090 825 4161 ὑμῶν
866 4093 926 4144 ού
963 4092 1037 4163 μὴ
1067 4093 1356 4165 ἀπόληται.
1405 4094 1491 4146 Ἐν
1519 4096 1583 4164 τῇ
1612 4095 1746 4146 υπο-

221 4175 322 4243 μονῇ
363 4174 498 4245 ὑμῶν
526 4179 802 4249 κτήσεσθε
839 4181 938 4243 τὰς
969 4180 1146 4251 ψυχὰς
1173 4181 1343 4252 ὑμῶν.
1383 4202 1400 4233 ι
1434 4182 1668 4236 Τοιαῦτα
1692 4183 1746 4237 δὲ

220 4265 333 4318 καὶὸ
358 4269 566 4339 Μάρκος
596 4271 768 4342 φησίν
787 4289 802 4302 ·
840 4291 857 4323 ι
900 4275 1066 4326 Ὅταν
1093 4273 1148 4326 δὲ
1175 4273 1379 4343 ἄγωσιν
1403 4276 1547 4344 ὑμᾶς
1569 4291 1747 4346 παρα-

219 4353 418 4426 διδόντες,
454 4364 523 4436 μὴ
557 4366 998 4436 προμεριμνᾶτε,
1029 4367 1163 4437 μηδὲ
1192 4367 1562 4439 προμελετᾶτε
1586 4385 1599 4397 ·
1631 4368 1742 4420 ἀλλ’

220 4448 338 4504 ὃὲὰν
370 4452 482 4525 δοθῇ
515 4457 649 4527 ὑμῖν
712 4457 894 4528 ἐκείνῃ
927 4460 992 4527 τῇ
1021 4456 1160 4530 ὥρᾳ,
1203 4459 1374 4510 ἐκεῖνο
1403 4458 1610 4510 λαλεῖτε
1630 4475 1645 4492 ·
1681 4460 1742 4511 ού

220 4542 300 4612 γάρ
345 4547 450 4599 ἐστε
492 4549 653 4619 ὑμεῖς
694 4550 743 4602 οἱ
785 4549 1088 4613 λαλοῦντες,
1125 4550 1263 4603 ἀλλά
1310 4552 1372 4604 τὸ
1420 4551 1644 4622 Πνεῦμα
1684 4552 1742 4604 τὸ

1860 2075 2016 2130 vobis
2039 2075 2092 2129 in
2133 2075 2224 2129 illa
2271 2075 2406 2130 hora
2447 2073 2576 2144 quid
2625 2074 2946 2144 loquamini.
2997 2074 3113 2130 Non
3152 2079 3295 2130 enim
3341 2089 3438 2128 vos

1862 2170 1994 2226 estis
2029 2168 2118 2238 qui
2155 2167 2458 2237 loquimini,
2491 2168 2584 2223 sed
2615 2167 2853 2237 Spiritus
2899 2167 3077 2223 Patris
3118 2168 3301 2233 vestri,
3344 2169 3435 2236 qui

1860 2259 2101 2330 loquitur
2127 2261 2178 2314 in
2224 2260 2396 2315 vobis.
2438 2259 2638 2313 Tradet
2667 2269 2849 2315 autem
2896 2258 3062 2313 frater
3103 2259 3325 2314 fratrem
3379 2260 3433 2314 in

1861 2363 2114 2416 mortem,
2143 2362 2197 2406 et
2225 2362 2381 2422 pater
2405 2351 2604 2416 filium;
2632 2360 2690 2406 et
2719 2351 3002 2422 insui-gent
3030 2351 3122 2404 lilii
3151 2351 3204 2405 in
3231 2365 3433 2419 parcn-

1859 2452 1964 2509 tes,
1998 2453 2053 2498 et
2097 2454 2271 2499 morte
2293 2459 2384 2500 eos
2429 2443 2664 2498 aﬂicient
2689 2462 2704 2510 ;
2733 2454 2787 2499 et
2829 2443 2983 2498 eritis
3018 2443 3145 2499 odio
3185 2443 3435 2500 omnibus

1860 2547 2078 2608 propter
2125 2553 2324 2592 nomen
2371 2553 2577 2603 meum;
2623 2537 2713 2607 qui
2761 2547 2942 2590 autem
3002 2520 3433 2604 perseveraverit

1859 2644 2028 2698 usque
2059 2630 2109 2682 in
2149 2631 2330 2696 finem,
2364 2630 2450 2684 hic
2481 2629 2661 2684 salvus
2685 2628 2811 2682 erit.
2846 2628 2979 2682 Cum
3021 2636 3198 2680 autem
3243 2643 3432 2697 perse-

1859 2729 2094 2789 quentur
2114 2736 2209 2776 vos
2232 2723 2284 2775 in
2314 2722 2534 2776 civitate
2563 2723 2682 2788 ista,
2714 2721 2878 2788 fugite
2906 2722 2956 2774 in
2989 2721 3148 2774 aliam
3171 2737 3186 2786 ;
3209 2730 3263 2773 et
3291 2719 3336 2773 si
3364 2734 3433 2772 ex

1856 2810 1958 2864 hac
1990 2826 2084 2864 vos
2116 2811 2380 2880 persecuti
2425 2810 2645 2876 fuerint,
2680 2809 2848 2880 fugite
2877 2811 2928 2864 in
2960 2809 3206 2863 alteram.
3253 2810 3424 2863 Amen

1857 2901 1980 2955 dico
2013 2901 2184 2965 vobis,
2216 2917 2321 2954 non
2356 2902 2808 2956 consummabilis
2838 2901 3084 2955 civitates
3117 2900 3301 2966 lsrael,
3332 2901 3422 2954 do-

1857 3008 1953 3048 nec
1985 2995 2165 3048 veniat
2192 2993 2360 3048 Filius
2396 2993 2632 3048 hominis
2662 2994 2729 3046 ⁸⁸.
2756 3013 2774 3046 ι
2805 2992 2976 3048 Lucas
3017 2993 3182 3048 etiam
3227 2992 3426 3047 similia

1856 3083 2081 3138 scribit:
2119 3103 2137 3136 ι
2161 3083 2292 3139 Cum
2325 3094 2504 3140 autem
2533 3085 2784 3140 inducent
2816 3099 2911 3138 vos
2945 3083 2997 3138 in
3029 3099 3330 3154 synagogas
3359 3093 3414 3137 et

1856 3174 2202 3243 magistratus
2225 3184 2278 3229 et
2309 3183 2628 3244 potestates,
2649 3176 2814 3232 nolite
2851 3177 3066 3231 solliciti
3111 3190 3229 3229 esse
3261 3174 3423 3242 quale

1856 3262 1937 3316 vel
1960 3263 2086 3330 quid
2111 3265 2480 3333 respondeatis
2504 3275 2596 3319 aut
2619 3267 2744 3336 quid
2770 3267 2998 3321 dicatis:
3021 3265 3251 3335 Spiritus
3273 3267 3418 3318 enim

1855 3363 2077 3409 sanctus
2124 3354 2337 3409 docebit
2369 3371 2463 3412 vos
2509 3357 2638 3426 quid
2667 3368 2916 3428 Oporteat
2959 3373 3054 3413 vos
3099 3359 3276 3412 dicere
3302 3358 3370 3411 ⁸ο.
3399 3377 3418 3408 ι

1853 3445 1923 3499 Ει
1957 3454 2077 3515 post
2107 3446 2248 3500 alia:
2301 3466 2319 3498 ι
2347 3447 2535 3502 Ponite
2567 3463 2696 3514 ergo
2721 3449 2772 3502 in
2798 3450 3046 3503 cordibus
3077 3450 3274 3504 vestris
3313 3465 3418 3502 nou

1851 3537 2212 3606 praemeditari
2241 3539 2692 3606 quemadmodum
2718 3540 3111 3608 respondeatis.
3141 3538 3252 3608 Ego
3277 3539 3422 3591 enim

1852 3630 1989 3683 dabo
2015 3630 2166 3684 vobis
2194 3645 2256 3684 os
2287 3639 2341 3683 et
2362 3631 2685 3699 sapientiam
2735 3632 2822 3686 cui
2857 3647 2960 3684 non
2998 3640 3250 3700 poterunt
3281 3632 3422 3684 resi-

1851 3729 1994 3775 stere
2015 3731 2070 3776 et
2096 3721 2465 3775 contradicere
2491 3736 2676 3775 omnes
2699 3721 2994 3775 adversarii
3021 3720 3419 3776 vestri.Trade-

1851 3811 1982 3865 mini
2029 3819 2208 3865 autem
2245 3828 2273 3865 a
2306 3811 2645 3881 parentibus,
2677 3820 2733 3864 et
2764 3809 3041 3874 fratribus,
3074 3820 3126 3863 et
3157 3811 3422 3880 cognatis,

1850 3911 1902 3957 et
1931 3904 2154 3969 amicis;
2181 3914 2236 3958 et
2265 3913 2438 3958 morte
2470 3903 2702 3957 aﬂicient
2724 3918 2789 3957 ex
2815 3903 3003 3968 vobis;
3042 3914 3096 3957 et
3118 3903 3275 3957 eritis
3299 3903 3422 3956 odio

1849 3996 2098 4050 omnibus
2137 4005 2356 4063 propter
2393 4010 2587 4050 nomen
2613 4011 2825 4060 meum;
2862 4004 2918 4048 et
2956 3995 3185 4065 capillus
3225 3995 3291 4050 de
3332 4011 3423 4049 ca-

1850 4089 1956 4154 pite
1983 4098 2166 4142 vestro
2200 4104 2302 4142 non
2337 4089 2558 4156 peribit.
2588 4088 2644 4141 ιιι
2675 4088 2932 4158 patientia
2965 4097 3144 4141 vestra
3180 4089 3424 4158 posside-

1849 4180 1975 4234 bitis
2004 4179 2212 4234 animas
2237 4190 2448 4234 vestras
2475 4181 2543 4234 ⁸⁸.
2583 4199 2602 4232 ›
2643 4179 2852 4234 Similia
2885 4188 2939 4232 et
2968 4179 3181 4234 Marcus
3215 4181 3377 4234 habet
3403 4193 3418 4232 :

1854 4287 1872 4321 ι
1903 4270 1968 4324 Ει
1997 4286 2116 4324 ουιιι
2150 4269 2400 4324 duxerint
2432 4284 2524 4324 vos
2556 4269 2852 4333 tradentes,
2902 4269 3066 4324 nolite
3093 4271 3419 4339 praecogita-

1847 4377 1905 4417 re
1931 4363 2058 4430 quid
2087 4361 2420 4429 loquamini;
2453 4361 2548 4415 sed
2581 4361 2722 4428 quod
2766 4362 2952 4415 datum
2985 4361 3138 4415 vobis
3176 4360 3330 4415 fuerit
3367 4362 3419 4414 in

1846 4455 1933 4509 illa
1964 4456 2118 4519 hora,
2148 4455 2198 4507 id
2227 4453 2540 4522 loquimini;
2577 4469 2680 4507 non
2714 4454 2857 4507 enim
2888 4468 2981 4506 vos
3024 4453 3156 4507 estis
3196 4453 3421 4522 loquen-

1849 4556 1946 4608 tes.
1981 4545 2072 4599 sed
2105 4544 2342 4613 Spiritus
2371 4555 2610 4598 sanctus.
2651 4543 2851 4596 Tradet
2881 4551 3057 4596 autem
3093 4543 3266 4597 frater
3307 4544 3420 4598 fra-

221 4631 353 4698 ἆγιον.
369 4638 673 4709 Παραδώσει
689 4639 745 4692 δὲ
776 4639 999 4709 ἀδελφὸς
1023 4640 1248 4709 ἀδελφὺν
1274 4644 1352 4704 εἰς
1377 4640 1622 4707 θάνατον,
1648 4643 1741 4694 καὶ

1858 4653 1981 4692 ιιειιι
2008 4637 2062 4690 in
2094 4646 2342 4700 mortem,
2371 4646 2424 4688 et
2455 4645 2610 4704 pater
2645 4635 2814 4688 filium
2839 4652 2854 4701 ;
2879 4642 2932 4686 et
2959 4645 3292 4702 consurgent
3322 4636 3416 4690 filii

221 4725 361 4795 πατὴρ
383 4729 580 4782 τέκνον⁸
609 4730 707 4782 καὶ
736 4733 1198 4801 ἐπαναστήσονται
1231 4732 1394 4784 τέκνα
1425 4733 1516 4785 επὶ
1543 4736 1737 4800 γονεῖς,

220 4815 289 4864 καὶ
330 4817 708 4876 θανατώσουσιν
757 4823 969 4886 αὐτούς.
1008 4825 1116 4877 Καὶ
1180 4823 1364 4876 ἔσεσθε
1426 4814 1741 4894 μισούμενοι

221 4905 300 4959 ὑπὸ
320 4912 504 4966 πάντων
535 4915 626 4968 διὰ
659 4915 722 4968 τὸ
747 4913 917 4986 ὄνομά
948 4933 1069 4986 μου.
1127 4916 1184 4968 Ὀ
1218 4917 1275 4969 δὲ
1317 4915 1615 4986 ὑπομείνας
1660 4918 1740 4980 εἰς

221 4997 351 5064 τέλος,
377 4998 516 5068 οὗτος
553 5006 880 5078 σωθήσεται.
922 5027 939 5059 ι
988 5009 1099 5062 Καὶ
1147 5007 1318 5062 ταῦτα
1368 5008 1423 5060 δὲ
1468 5008 1617 5080 παρά
1662 5008 1739 5078 τῷ

222 5087 430 5166 Ματθαίῳ
469 5099 556 5151 ἐπὶ
612 5098 912 5170 μαρτύριον
972 5099 1386 5170 προτρεπόμενα
1414 5139 1429 5163 ,
1473 5099 1534 5151 οὺ
1603 5098 1740 5170 πρὸς

222 5180 369 5248 ἄλλως
395 5188 422 5258 ἢ
448 5193 565 5256 τοὺς
590 5191 799 5246 δώδεκα
823 5191 1036 5265 εἴρηται
1058 5210 1068 5223 ·
1100 5186 1174 5245 ὧν
1204 5183 1419 5245 ἀκούειν
1440 5193 1586 5263 ἡμᾶς
1616 5192 1738 5263 δεή-

225 5287 301 5337 σει,
330 5279 376 5331 ὲν
405 5281 473 5351 τῷ
498 5285 714 5338 ἀκούειν
742 5285 1034 5355 ἐσομένους
1063 5282 1324 5352 ἀδελφοὺς
1341 5283 1449 5336 τῶν
1479 5283 1739 5336 ἀκουσάν-

222 5380 303 5416 των
339 5371 625 5429 ἀποστόλων
667 5377 760 5429 καὶ
804 5375 1124 5439 ἀποστόλοις
1164 5374 1740 5447 συγκαταριθμηθησο-

226 5455 391 5523 μένους.
423 5464 498 5516 Τὰ
525 5466 581 5518 δε
610 5466 749 5536 ρητά
777 5465 1098 5536 οὖτωςέχει·
1141 5484 1158 5516 ‹
1195 5465 1287 5536 Μὴ
1329 5465 1598 5536 φοϐηθῆτε
1629 5465 1738 5518 ἀπὸ

222 5544 304 5598 τῶν
327 5552 721 5612 ἀποκτεινόντων
749 5559 809 5611 τὸ
833 5558 1014 5628 σῶμα,
1054 5558 1154 5629 τὴν
1189 5557 1245 5610 δὲ
1275 5557 1452 5628 ψυχήν
1480 5559 1552 5629 μὴ
1581 5558 1738 5612 δυνα-

276 5709 510 5767 ⁶³⁶διοιιιι.
539 5733 594 5780 x,
614 5717 662 5770 5.
739 5720 782 5750 '9
812 5719 941 5772 Ibid.
983 5718 1166 5772 17-24.

1270 5718 1315 5750 9°
1344 5716 1475 5772 Luc.
1508 5734 1606 5783 xu,
1641 5717 1727 5781 ll,
1759 5718 1844 5772 12.

1849 4732 1900 4785 in
1940 4737 2210 4799 parentes,
2246 4736 2299 4780 et
2341 4737 2515 4781 morte
2561 4725 2794 4779 aﬂicient
2843 4742 2959 4781 eos.
3003 4725 3069 4778 Et
3096 4727 3248 4779 eritis
3291 4727 3416 4779 odio

1845 4820 2095 4875 omnibus
2120 4828 2338 4888 propter
2363 4833 2556 4871 nomen
2585 4833 2780 4870 mcum.
2799 4817 2899 4882 Qui
2932 4828 3111 4871 autem
3140 4819 3415 4871 sustinue-

1845 4913 1916 4966 rit
1948 4912 2001 4964 in
2059 4912 2242 4974 tinent,
2288 4909 2377 4964 hic
2415 4909 2598 4964 salvus
2636 4910 2742 4963 erit
2766 4910 2834 4962 θ’.
2871 4927 2891 4960 ι
2954 4909 3044 4963 lite
3097 4925 3314 4980 quoque
3351 4911 3416 4964 ad

1845 5004 2164 5074 martyrium
2207 5002 2616 5057 adhortationes
2644 5015 2764 5070 quae
2794 5002 2934 5070 apud
2970 5000 3281 5056 Matthacum
3315 5002 3415 5057 ha-

1846 5097 2063 5159 bentur,
2111 5111 2214 5148 non
2247 5095 2312 5148 ad
2352 5094 2485 5148 alios
2510 5108 2675 5162 quam
2711 5093 2776 5146 ad
2804 5093 3088 5148 duodecim
3141 5098 3414 5164 apostolos

1844 5188 1999 5242 factae
2016 5201 2166 5242 sunt:
2195 5202 2328 5256 quas
2355 5188 2538 5241 audire
2555 5187 2720 5260 296
2749 5202 2846 5242 nos
2868 5188 3181 5257 oportebit;
3209 5189 3414 5244 erimus

1843 5282 2008 5344 enim,
2034 5281 2076 5335 si
2107 5296 2198 5336 eas
2223 5281 2574 5344 audierimus,
2606 5279 2973 5350 apostolorum
3007 5282 3095 5350 qui
3122 5281 3413 5336 audierunt

1847 5375 2070 5439 fratres,
2099 5383 2156 5428 et
2196 5373 2457 5447 apostolis
2496 5373 3037 5428 connumerabimur.
3078 5373 3194 5443 Ipsa
3231 5382 3410 5428 autem

1846 5467 2008 5518 verba
2042 5466 2120 5519 sic
2158 5465 2387 5518 habent:
2434 5483 2452 5516 ι
2483 5464 2656 5519 Nolite
2690 5465 2882 5520 timere
2910 5480 3006 5520 eos
3032 5467 3122 5536 qui
3154 5466 3414 5521 occidunt

1845 5571 2064 5626 corpus,
2114 5557 2347 5611 animam
2386 5565 2563 5612 autem
2597 5573 2701 5612 non
2745 5568 2970 5626 possunt
3003 5559 3275 5624 occidere,
3317 5559 3413 5612 sed

1921 5718 1962 5750 ⁹¹
1994 5718 2120 5771 Luc.
2143 5733 2255 5781 xm,
2284 5717 2465 5772 14-20.
2543 5718 2588 5748 θ’
2621 5716 2789 5773 Marc.
2819 5733 2938 5782 xm,
2979 5718 3065 5784 ll,
3099 5717 3187 5786 12,
3217 5713 3306 5773 13.

402 5852 912 5929 ΚιιταστΓέέ-ωμεν.
954 5857 1087 5911 Male
1116 5860 1282 5912 codex
1316 5875 1439 5920 lllS.,
1467 5856 1914 5929 καταθρέιᾷωμεν.

285 5915 376 5987 (3i)
425 5915 638 5993 Ἅι)χάςῖ
677 5915 1068 5998 ΠεΪταραχάς,
1107 5931 1264 5984 male.
