3962 6414
487 377 591 432 607

1973 363 2299 424 ORIGENIS

3651 359 3754 416 608

490 501 670 571 potius
713 497 896 553 timete
937 507 1060 548 eum
1088 491 1178 560 qui
1220 497 1400 560 potest
1433 497 1486 542 et
1518 489 1752 542 animam
1786 493 1840 543 et
1870 499 2071 557 corpus

2198 483 2359 537 ιένων
2405 481 2743 537 ἀποκτεῖναι.
2776 478 3052 552 Φοϐηθῆτε
3095 478 3151 532 δέ
3182 477 3380 550 μᾶλλον
3407 477 3500 530 τὸν
3531 477 3762 548 δυνάμε-

491 593 713 662 perdere
737 590 790 643 in
819 586 1120 658 gehennam
1149 583 1215 637 θ’.
1249 600 1267 634 ι
1324 581 1450 635 Post
1481 581 1595 634 lucc
1629 595 1727 634 nos
1768 579 1926 636 docet
1962 579 2066 634 Do-

493 683 671 736 minus
701 680 964 734 neminem
1001 675 1205 745 absque
1234 673 1576 742 providentia
1610 673 1794 728 divina
1824 673 1890 726 ad
1919 686 2065 726 mar-

496 775 614 844 tyrii
663 781 937 828 certamen
972 767 1276 838 pervenire.
1333 766 1547 820 Dicitur
1574 765 1720 820 enim
1761 782 1774 818 :
1817 782 1835 816 ι
1880 763 2069 820 Nonne

493 863 596 915 duo
621 872 866 923 passeres
897 870 1018 910 asse
1053 864 1306 918 veneunt,
1341 864 1395 910 et
1429 871 1570 909 unus
1597 869 1661 908 ex
1701 855 1808 909 illis
1839 870 1946 908 non
1977 869 2066 908 ca-

493 955 584 1004 det
609 963 771 1017 super
800 955 999 1000 terram
1027 947 1146 1001 sine
1174 945 1336 1000 Patre
1364 947 1455 1014 qui
1487 945 1540 999 in
1570 946 1722 1000 cmlis
1746 947 1868 1001 est?
1893 945 2070 1000 Vestri

493 1052 670 1097 autem
712 1039 893 1110 capilli
914 1039 1113 1107 capitis
1143 1053 1335 1094 omnes
1379 1039 1650 1092 numerati
1696 1047 1842 1092 sunt.
1896 1037 2074 1092 Nolite

494 1148 623 1202 ergo
648 1131 881 1186 timere:
921 1129 1106 1184 multis
1145 1128 1458 1197 passeribus
1500 1128 1754 1184 meliores
1787 1128 1919 1181 estis
1953 1143 2071 1183 vos.

495 1222 683 1278 Omnis
704 1206 848 1291 ergo
880 1221 971 1290 qui
1011 1219 1365 1275 confitebitur
1402 1233 1489 1274 me
1518 1233 1706 1272 coram
1741 1219 2074 1284 hominibus,

496 1313 794 1369 confitebor
823 1325 878 1368 et
899 1327 999 1384 ego
1029 1327 1156 1368 eum
1185 1327 1370 1367 coram
1396 1311 1559 1366 Patre
1589 1323 1709 1364 meo
1735 1309 1829 1380 qui
1858 1310 1914 1364 in
1964 1324 2077 1366 ca:-

498 1405 563 1460 lis
585 1414 701 1470 est;
730 1403 823 1474 qui
855 1411 1036 1458 autem
1083 1401 1362 1472 negaverit
1401 1415 1487 1456 me
1516 1415 1703 1455 coram
1736 1399 2074 1462 hominibus,

498 1495 710 1562 negabo
753 1503 807 1548 et
837 1508 936 1563 ego
969 1507 1094 1548 eum
1130 1508 1316 1547 coram
1347 1491 1510 1545 Patre
1546 1505 1664 1546 meo
1701 1491 1791 1561 qui
1825 1491 1876 1546 in
1925 1491 2080 1548 etnlis

499 1585 697 1641 αξιοι.»
719 1585 980 1641 Eumdem
1008 1584 1209 1639 habent
1232 1598 1452 1639 sensum
1479 1593 1534 1636 et
1565 1595 1686 1652 quae
1711 1583 1851 1652 apud
1877 1581 2080 1638 Lucam

500 1689 666 1734 sunt:
699 1697 718 1730 ι
750 1677 880 1732 Dico
911 1685 1089 1730 autem
1143 1676 1298 1732 vobis
1323 1676 1517 1728 amicis
1549 1675 1685 1730 meis
1713 1691 1727 1729 :
1753 1674 1831 1730 Ne
1879 1684 2083 1729 terrea-

501 1769 633 1824 mini
683 1770 752 1822 ab
786 1769 871 1824 his
911 1769 1002 1838 qui
1049 1767 1306 1822 Occidunt
1353 1781 1574 1837 corpus,
1600 1775 1797 1836 etpost
1827 1765 1942 1821 haec
1975 1782 2081 1819 non

2169 595 2261 631 vov
2298 575 2476 648 ψυχὴν
2506 574 2600 629 καὶ
2629 573 2786 644 σῶμα
2813 572 3079 627 ἀπολέσαι
3101 573 3159 626 ἐν
3185 572 3384 643 γεέννῃ
3404 613 3416 624 .
3457 591 3476 622 ι
3502 571 3616 624 Καὶ
3638 571 3763 642 ἑξῆς

2172 668 2384 732 τούτοις
2412 667 2654 721 διδάσκει
2699 667 2846 736 ἡμᾶς
2873 666 2901 718 ὁ
2943 663 3169 733 Κύριος,
3199 663 3275 727 ὼς
3313 663 3414 716 οὐκ
3457 662 3590 716 ἄνευ
3637 681 3766 734 προ-

2171 762 2320 824 νοίας
2346 759 2565 831 ἔρχεταί
2596 777 2680 822 τις
2707 757 2800 812 ἐπὶ
2829 757 2922 810 τὸν
2956 756 3052 810 τοῦ
3086 757 3388 828 μαρτυρίου
3426 755 3638 824 ἀγῶνα.
3661 755 3770 808 Λέέ

2171 870 2328 922 γεται
2369 852 2512 923 γάρ’
2562 870 2581 904 ‹
2620 851 2754 921 Οὐχὶ
2785 849 2880 903 δύο
2909 847 3166 922 στρουθία
3202 847 3314 919 (52)
3349 847 3616 919 ἀσσαρίου
3656 866 3768 902 πω-

2174 947 2367 1011 λεῖται,
2397 945 2492 999 καὶ
2523 943 2581 998 ἓν
2613 941 2672 1009 ἐξ
2707 943 2890 998 αὐτῶν
2911 943 2972 996 οὐ
3007 943 3252 995 πεσεῖται
3277 943 3357 1005 είς
3385 940 3484 1013 τὴν
3507 941 3615 1010 γῆν
3644 942 3768 995 ἄνευ

2173 1037 2268 1090 τοῦ
2310 1036 2524 1107 Πατρὸς
2569 1035 2662 1089 τοῦ
2690 1037 2747 1090 ὲν
2777 1038 2889 1099 τοῖς
2926 1035 3206 1107 οὐρανοῖςς
3236 1033 3391 1104 ὑμῶν
3415 1032 3472 1086 δὲ
3499 1034 3556 1085 at
3589 1033 3771 1103 τρίχες

2177 1131 2275 1200 τῆς
2310 1129 2555 1199 κεφαλῆς
2589 1130 2759 1183 πᾶσαι
2789 1127 3162 1200 ἠριθμημέναι
3188 1127 3329 1180 εἰσί.
3355 1126 3448 1198 Μὴ
3473 1122 3566 1180 οὖν
3591 1125 3772 1196 φοϐεῖ-

2179 1221 2307 1275 σθε’
2339 1220 2548 1275 πολλῶν
2595 1221 2896 1293 στρουθίων
2939 1221 3224 1292 διαφέρετε
3285 1222 3458 1293 ὑμεῖς.
3515 1221 3635 1283 Πᾶς
3681 1215 3775 1275 οὖν

2178 1312 2327 1374 ὅστις
2371 1311 2693 1384 ὁμολογήσει
2720 1311 2777 1364 ἐν
2806 1311 2932 1382 ἐμοὶ
2960 1310 3267 1383 ἔμπροσθεν
3295 1310 3401 1365 τῶν
3445 1310 3544 1364 ἀνθ
3552 1309 3774 1381 ρώπων,

2180 1403 2500 1474 ὁμολογήσω
2528 1401 2683 1472 κάγὼ
2711 1403 2768 1457 ἐν
2797 1401 2949 1473 αὐτῷ
2970 1401 3278 1476 ἔμπροσθεν
3306 1401 3400 1455 τοῦ
3426 1401 3644 1473 Πατρός
3677 1419 3776 1472 μου

2182 1493 2277 1547 τοῦ
2317 1495 2376 1547 ἐν
2406 1495 2656 1566 οὐρανοῖς
2675 1511 2690 1526 ο
2729 1495 2881 1558 ὅστις
2903 1495 2948 1548 δ’
2968 1494 3033 1550 ἂν
3060 1493 3444 1566 ἀπαρνήσηταί
3472 1511 3541 1565 με
3574 1493 3775 1564 ἐμπρο·

2185 1585 2311 1639 σθεν
2333 1587 2439 1640 τῶν
2462 1587 2558 1641 ἀνθ
2568 1585 2787 1658 ρώπων,
2809 1588 3197 1660 ἀπαρνήσομαι
3218 1587 3379 1640 αὑτὸν
3396 1585 3555 1655 κάγὼ
3575 1586 3783 1658 ἔμπρο-

2186 1679 2310 1733 σθεν
2344 1679 2438 1732 τοῦ
2482 1679 2700 1750 Πατρός
2734 1697 2836 1750 μου
2864 1678 2956 1732 τοῦ
2987 1681 3044 1730 ἐν
3071 1679 3339 1750 οὐρανοῖς.
3375 1698 3394 1729 ι
3445 1679 3782 1750 ’ἶσοδυναμεῖ

2184 1771 2240 1824 δὲ
2275 1770 2484 1835 τούτοις
2498 1771 2566 1824 τὰ
2591 1771 2741 1843 παρά
2781 1769 2860 1840 τῷ
2882 1771 3092 1840 Λουκᾷ·
3132 1788 3151 1821 t
3190 1769 3377 1822 Ταῦτα
3405 1770 3462 1824 δὲ
3487 1771 3634 1838 λέγω
3657 1771 3785 1840 ὑμῖν

505 1864 704 1918 habent
734 1862 967 1934 amplius
991 1861 1119 1931 quid
1150 1861 1373 1916 faciant.
1403 1861 1697 1917 Ostendam
1722 1866 1904 1916 autem
1929 1860 2083 1915 vobis

2198 1865 2300 1926 τοῖς
2347 1862 2520 1932 φίλοις
2553 1878 2683 1934 μου·
2714 1862 2806 1932 Μὴ
2847 1860 3122 1932 φοϐηθῆτε
3171 1860 3283 1914 ἀπὸ
3308 1861 3416 1913 τῶν
3444 1861 3790 1914 ἀποκτεινόν-

503 1969 664 2024 quem
697 1953 970 2020 timeatis;
1009 1953 1193 2008 timete
1217 1967 1340 2008 eum
1367 1953 1458 2021 qui
1484 1961 1771 2023 postquam
1797 1951 2082 2015 occiderit,

504 2045 670 2101 habet
700 2053 1028 2116 potestatem
1077 2043 1328 2098 mittendi
1357 2045 1408 2098 in
1444 2045 1788 2114 gehennam:
1828 2044 1902 2098 ita
1959 2043 2085 2099 dico

507 2137 682 2202 vobis,
715 2140 862 2193 inme
903 2139 1110 2192 timete.
1168 2137 1364 2192 Nonne
1410 2139 1648 2208 quinque
1697 2152 1947 2206 passeres
1991 2152 2086 2192 ve-

508 2237 679 2283 neunt
706 2228 980 2297 dipondio,
999 2238 1052 2283 et
1075 2244 1217 2284 unus
1245 2244 1312 2284 ex
1343 2229 1451 2285 illis
1483 2244 1586 2286 non
1616 2237 1701 2285 est
1725 2230 1780 2283 in
1807 2228 2086 2285 oblivione

509 2335 694 2376 coram
730 2321 873 2376 Deo?
901 2317 1006 2374 Sed
1042 2331 1098 2376 et
1127 2321 1308 2391 capilli
1336 2323 1532 2391 capitis
1564 2323 1730 2378 vestri
1758 2337 1950 2378 omnes
1984 2339 2084 2378 nu-

512 2410 706 2466 merati
739 2421 884 2466 sunt.
915 2409 1094 2468 Nolite
1122 2427 1251 2485 ergo
1282 2415 1512 2469 timere:
1547 2414 1733 2470 multis
1778 2415 2092 2486 passeribus

513 2505 685 2574 pluris
711 2507 845 2562 estis
873 2521 989 2562 vos.
1049 2507 1177 2562 Dico
1205 2517 1385 2562 autem
1416 2507 1570 2563 vobis
1600 2526 1614 2562 :
1645 2507 1834 2565 Omnis
1857 2512 2091 2580 quicun-

512 2613 618 2666 que
641 2598 923 2654 confessus
946 2599 1108 2654 fuerit
1136 2615 1222 2656 me
1250 2615 1435 2655 coram
1471 2602 1803 2668 hominibus,
1832 2612 1886 2657 et
1909 2602 2083 2656 Filius

515 2689 754 2743 hominis
785 2691 1136 2746 confitebitur
1170 2692 1322 2746 illunt
1359 2708 1543 2748 coram
1577 2694 1788 2765 angelis
1818 2695 1912 2750 Dei
1943 2711 1958 2759 ;
1989 2697 2080 2766 qui

515 2793 698 2836 autem
752 2784 1032 2852 negaverit
1062 2799 1149 2838 me
1204 2799 1392 2840 coram
1427 2787 1759 2851 hominibus,
1810 2790 2097 2857 negabitur

513 2889 696 2929 coram
729 2876 932 2946 angelis
971 2876 1066 2932 Dei
1097 2879 1164 2935 ⁸⁸.
1203 2898 1222 2931 ι
1265 2879 1332 2934 Ει
1364 2880 1471 2934 alio
1509 2880 1560 2934 in
1598 2880 1751 2936 loco:
1795 2901 1812 2934 ι
1837 2882 1969 2936 Nam
2005 2884 2094 2951 qui

514 2981 602 3021 me
624 2969 901 3024 erubuerit
925 2979 978 3024 et
1010 2986 1160 3026 meos
1191 2987 1497 3037 sermones,
1543 2973 1690 3029 hunc
1730 2974 1894 3030 Filius
1924 2976 2098 3030 homi-

518 3061 600 3114 nis
626 3062 911 3118 erubescet
950 3077 1072 3117 cum
1104 3053 1309 3118 venerit
1345 3065 1396 3118 in
1427 3066 1709 3133 majestate
1741 3082 1860 3132 sua,
1893 3074 1946 3121 et
1990 3067 2095 3120 Pa-

517 3155 640 3221 tris,
669 3165 722 3208 et
752 3165 1062 3209 sanctorum
1098 3157 1414 3225 angelorum
1445 3158 1512 3211 ⁸⁸.
1551 3178 1568 3210 ι
1616 3159 1716 3224 Qui
1746 3176 1841 3215 nos
1887 3162 2091 3216 interfi-

519 3245 689 3308 ciunt,
716 3245 878 3298 vitam
910 3247 1156 3314 corporis
1183 3249 1478 3320 occidunt(
1510 3250 1614 3304 tale
1647 3260 1728 3305 est
1752 3253 1894 3306 enim
1925 3254 2052 3306 illud
2080 3271 2095 3308 :

524 3331 704 3387 Nolite
753 3336 938 3390 timere
972 3353 1060 3390 eos
1119 3339 1209 3408 qui
1256 3341 1502 3393 occidunt
1554 3358 1784 3410 corpus;
1830 3345 1970 3413 quod
2009 3346 2099 3397 iis-

522 3427 643 3478 dem
709 3428 885 3482 verbis
923 3444 951 3481 a
991 3429 1242 3483 Mattlueo
1272 3443 1326 3485 et
1368 3448 1398 3486 a
1446 3431 1588 3484 Luca
1621 3435 1821 3488 dictum
1847 3448 1926 3490 est
1965 3437 2006 3505 ),
2049 3449 2102 3490 et

528 3523 809 3584 postquam
840 3528 1036 3584 corpus
1057 3517 1370 3584 occiderint,
1403 3539 1420 3572 ‹
1445 3520 1698 3583 animam,
1731 3539 1749 3571 ι
1778 3525 1877 3576 etsi
1908 3528 2090 3591 velint,

534 3625 552 3656 ‹
575 3605 820 3661 occidere
842 3621 948 3659 non
974 3618 1229 3676 possunt;
1253 3611 1346 3665 sed
1370 3628 1471 3666 nec
1491 3613 1693 3668 habent
1712 3617 1940 3686 amplius
1963 3618 2090 3686 quid

533 3697 753 3756 faciant.
791 3719 810 3752 ι
845 3701 1124 3767 Quomodo
1150 3703 1294 3756 enim
1321 3705 1495 3760 occidi
1526 3717 1704 3776 posset
1733 3710 1914 3764 anima
1943 3728 2102 3779 quam

525 3790 639 3860 ipsa
680 3791 951 3848 confessio
994 3794 1178 3850 vivere
1211 3796 1375 3862 facit;
1414 3813 1535 3853 cum
1583 3810 1828 3856 mutuum
1864 3805 1910 3857 ei
1952 3808 2104 3860 testi-

528 3884 764 3936 monium
824 3885 912 3938 det
955 3885 1044 3953 qui
1094 3901 1193 3939 nos
1233 3887 1298 3939 ad
1351 3892 1672 3960 martyrium
1725 3895 1864 3962 apud
1912 3895 2102 3950 Isaiam

528 3970 778 4026 hortatur
810 3985 864 4028 et
892 3975 1024 4044 ipse,
1056 3985 1110 4030 et
1159 3976 1328 4032 Filius
1367 3977 1505 4047 ejus,
1539 3982 1626 4034 ubi
1679 3985 1934 4053 scriptum
1973 3999 2054 4041 est
2087 4007 2100 4044 :

535 4081 552 4110 ι
586 4060 774 4118 Estote
810 4065 936 4118 mihi
975 4075 1159 4131 testes,
1203 4082 1256 4121 et
1290 4084 1389 4138 ego
1430 4072 1581 4125 testis
1633 4073 1892 4130 Dominus
1940 4078 2103 4146 Deus,

527 4163 583 4207 et
613 4154 752 4210 Puer
782 4171 931 4212 meus
975 4175 1133 4228 quem
1171 4161 1307 4232 elegi
1339 4163 1406 4219 9".
1446 4182 1464 4215 ι
1493 4163 1557 4216 Et
1593 4165 1695 4220 hoc
1724 4169 1969 4237 observa,
2003 4190 2104 4226 non

527 4249 700 4302 servis
721 4247 870 4316 Jesu,
901 4252 991 4304 sed
1021 4251 1213 4305 amicis
1234 4254 1351 4322 ejus
1381 4254 1560 4307 dattnn
1589 4270 1709 4310 esse
1733 4271 2059 4330 praeceptum
2090 4284 2102 4319 :

534 4359 550 4390 ι
589 4339 665 4395 Ne
691 4344 1005 4398 terreamini
1036 4346 1102 4397 ab
1147 4345 1230 4400 his
1253 4346 1344 4414 qui
1375 4348 1625 4403 occidunt
1647 4367 1867 4420 corpus,
1900 4366 1953 4408 et
1987 4369 2108 4424 post

529 4433 642 4488 haec
670 4449 774 4488 non
804 4434 1001 4488 habent
1023 4434 1186 4506 297
1219 4437 1448 4506 amplius
1481 4441 1607 4508 quid
1638 4440 1839 4496 faciant
1862 4445 1926 4498 ⁸⁸.
1964 4466 1980 4498 ι
2011 4449 2106 4503 'l‘i.

2187 1972 2297 2008 των
2327 1955 2389 2008 τὸ
2427 1953 2610 2025 σῶμα,
2644 1953 2739 2008 καὶ
2771 1952 2910 2024 μετά
2938 1952 3112 2007 ταῦτα
3145 1952 3218 2024 μὴ
3251 1953 3484 2024 ἐχόντων
3533 1952 3789 2022 περισσό-

2188 2047 2348 2120 τερόν
2369 2065 2420 2100 τι
2451 2047 2692 2118 ποιῆσαι.
2729 2045 3024 2110 ’Υποδείξω
3064 2045 3121 2099 δέ
3157 2046 3288 2116 ὑμῖν
3315 2045 3439 2098 τίνα
3467 2043 3748 2113 φοϐηθῆτε
3773 2061 3784 2072 ·

2191 2138 2463 2210 φοϐηθῆτε
2508 2139 2601 2193 τὸν
2653 2137 2791 2210 μετά
2831 2137 2893 2190 τὸ
2939 2139 3253 2190 ἀποκτεῖναι
3293 2135 3489 2208 ἔχοντα
3537 2135 3790 2202 ἐξουσίαν

2191 2232 2448 2303 ἐμϐαλεῖν
2487 2234 2568 2295 είς
2619 2230 2866 2300 γέενναν.
2897 2231 3006 2284 Nai.
3034 2229 3175 2300 λέγω
3205 2231 3354 2302 ὑμῖν,
3388 2228 3584 2283 τοῦτον
3620 2229 3789 2299 φοϐη-

2193 2324 2346 2395 θῆτε.
2383 2323 2519 2395 Οὐχὶ
2552 2324 2714 2378 πέντε
2745 2323 3001 2396 στρουθία
3057 2321 3150 2376 δύο
3184 2321 3469 2394 ἀσσαρίων
3499 2320 3788 2384 πωλεῖται,

2195 2419 2289 2471 καὶ
2317 2417 2374 2472 ἓν
2401 2417 2460 2482 ἐξ
2485 2417 2662 2471 αὐτῶν
2683 2419 2782 2471 οὐκ
2804 2417 2951 2470 ἐστιν
2979 2415 3400 2488 ἐπιλελησμένον
3433 2414 3670 2469 ἐνώπιον
3697 2413 3791 2466 τοῦ

2197 2508 2368 2576 Θεοῦ;
2400 2510 2650 2565 ἀλλὰκαὶ
2680 2511 2734 2563 at
2776 2509 2962 2581 τρίχες
3007 2509 3104 2580 τῆς
3141 2507 3384 2578 κεφαλῆς
3415 2505 3575 2578 ὑμῶν
3620 2508 3792 2560 πᾶσαι

2195 2602 2548 2674 ἠρίθμηνται.
2596 2601 2688 2673 Μὴ
2733 2597 2825 2655 οὖν
2864 2599 3166 2672 φοϐηθῆτεο
3215 2598 3430 2653 πολλῶν
3487 2597 3793 2669 στρουθίων

2197 2695 2501 2768 διαφέρετε.
2539 2695 2699 2763 Λέγω
2738 2693 2793 2746 δὲ
2828 2695 2989 2764 ὑμῖν
3025 2694 3142 2756 Πᾶς
3169 2693 3228 2756 ὃς
3265 2691 3330 2746 ἂν
3372 2691 3690 2762 ὁμολογήσῃ
3738 2691 3795 2744 ἐν

2199 2788 2320 2858 ἐμοὶ
2364 2785 2672 2858 ἔμπροσθεν
2700 2785 2808 2838 τῶν
2842 2783 3164 2857 ἀνθρώπων,
3204 2785 3298 2838 καὶ
3341 2786 3370 2836 ὁ
3404 2784 3536 2847 Υἱὸς
3577 2784 3671 2837 τοῦ
3704 2786 3795 2836 ἀν-

2199 2876 2418 2950 θρώπου
2445 2877 2768 2949 ὁμολογήσει
2798 2879 2855 2930 ἐν
2890 2876 3038 2948 αὑτῷ
3072 2876 3380 2948 ἔμπροσθεν
3404 2876 3514 2929 τῶν
3542 2877 3794 2945 ἀγγέλων

2199 2967 2290 3022 τοῦ
2312 2967 2478 3021 Θεοῦ·
2508 2970 2537 3022 ὁ
2569 2967 2626 3020 δὲ
2667 2968 3047 3040 ἀρνησάμενός
3081 2985 3146 3038 με
3183 2964 3414 3020 ἐνώπιον
3439 2965 3550 3019 τῶν
3582 2966 3792 3038 ἀνθρὼ-

2202 3079 2342 3125 πων,
2357 3060 2802 3132 ἀπαρνηθήσεται
2824 3060 3052 3114 ἐνώπιον
3067 3059 3175 3112 τῶν
3205 3059 3454 3128 ἀγγέλων
3478 3058 3574 3112 τοῦ
3592 3059 3748 3112 Θεοῦ.
3773 3079 3791 3111 ι

2202 3153 2311 3207 Καὶ⁵
2344 3155 2400 3205 ἐν
2423 3151 2566 3223 ἄλλῳ
2594 3153 2772 3224 τόπῳ·
2820 3170 2838 3203 ι
2883 3154 2976 3214 Ὃς
3008 3151 3115 3222 γὰρ
3141 3151 3402 3222 αἰσχυνθῇ
3439 3169 3507 3221 με
3549 3153 3646 3204 καὶ
3673 3153 3798 3214 τοὺς

2205 3243 2369 3314 ἐμοὺς
2401 3243 2610 3312 λόγους,
2630 3243 2817 3296 τοῦτον
2848 3245 2876 3296 ὁ
2907 3241 3033 3305 Υἱὸς
3056 3241 3147 3294 τοῦ
3180 3241 3472 3312 ἀνθρώπου
3504 3244 3800 3314 ἐπαισχυν-

2206 3335 2450 3407 θήσεται,
2479 3338 2603 3390 ὂταν
2626 3335 2750 3406 ἔλθῃ
2776 3337 2832 3388 ἐν
2851 3338 2914 3406 τῇ
2955 3334 3081 3407 δόξῃ
3099 3333 3285 3399 αὐτοῦ,
3319 3335 3414 3388 καὶ
3439 3334 3536 3387 τοῦ
3563 3336 3797 3407 Πατρὶς,

2205 3428 2435 3482 καὶτῶν
2493 3429 2663 3496 ἁγίων
2715 3427 2981 3496 ἀγγέλων.
3047 3448 3064 3479 ι
3111 3429 3172 3479 Οἱ
3229 3426 3590 3498 ἀναιροῦντες
3631 3430 3797 3498 ἡμᾶς,

2207 3520 2457 3590 σώματος
2488 3519 2632 3592 ζωὴν
2660 3520 3068 3574 ἀποκτείνουσιο
3102 3519 3362 3590 (τοιοῦτον
3397 3518 3510 3591 γάρ
3547 3522 3665 3572 ἐστι
3709 3521 3796 3573 τό·

2205 3611 2302 3679 Μὴ
2337 3610 2636 3680 φοϐηθῆτε
2673 3612 2791 3666 ἀπὸ
2831 3611 2950 3666 τῶν
2983 3614 3468 3666 ἀποκτεινόντων
3502 3613 3570 3665 τὸ
3609 3611 3800 3682 σῶμα,

2207 3708 2398 3769 αὑταῖς
2421 3705 2628 3770 λέξεσιν
2667 3705 2770 3757 ὑπὸ
2801 3704 3078 3758 Ματθαίου
3108 3705 3201 3757 καὶ
3234 3705 3423 3758 Λουκᾶ
3459 3707 3802 3776 εἰρημένον),

2208 3799 2302 3852 καὶ
2337 3798 2475 3868 μετά
2508 3798 2566 3850 τὸ
2601 3799 2918 3852 ἀποκτεῖναι
2952 3797 3012 3848 τὸ
3047 3795 3223 3866 σῶμα,
3264 3796 3367 3850 κᾶν
3400 3795 3652 3860 θέλωσιν,
3680 3818 3697 3847 ‹
3741 3797 3800 3849 οὐ

2208 3889 2458 3942 δύνανται
2507 3889 2606 3960 τὴν
2654 3887 2831 3958 ψυχὴν
2878 3890 3230 3941 ἀποκτεῖναιο
3286 3886 3402 3940 ἀλλ’
3449 3889 3575 3941 οὐδὲ
3621 3888 3802 3957 έχουσι

2213 3983 2602 4054 περισσότερόν
2639 3999 2691 4033 τι
2726 3982 2982 4051 ποιῆσαι.
3023 4001 3040 4032 ›
3079 3980 3203 4044 Πῶς
3237 3980 3345 4053 γὰρ
3382 3982 3610 4035 δυνατὸν
3643 3984 3801 4034 ἀναι-

2214 4075 2430 4146 ρεθῆναι
2465 4076 2642 4147 ψυχὴν
2686 4075 2776 4128 ὑπ’
2805 4075 2974 4146 αὐτῆς
2999 4075 3096 4146 τῆς
3129 4075 3419 4146 ὁμολογίας
3449 4074 3806 4143 ζωοποιηθεῖ-

2214 4182 2346 4228 σαν;
2401 4163 2932 4236 ἀντιμαρτυροῦντος
2961 4165 3104 4235 αὑτῇ
3132 4164 3246 4235 (55)
3279 4163 3372 4216 τοῦ
3423 4163 3807 4236 προτρεπομέ-

2212 4273 2304 4308 νου
2358 4259 2506 4327 ἡμᾶς
2559 4258 2652 4310 ἐπὶ
2691 4257 2750 4309 τὸ
2805 4257 3101 4328 μαρτύριον
3155 4257 3214 4309 ἐν
3285 4255 3361 4326 τῷ
3424 4257 3642 4327 Ἡσαΐᾳ,
3709 4257 3806 4308 καὶ

2213 4347 2307 4401 τοῦ
2356 4349 2550 4414 Παιδὸς
2583 4347 2768 4413 αὐτοῦ,
2833 4349 2961 4404 ἔνθα
2987 4349 3298 4420 γέγραπται
3322 4365 3333 4377 ’
3367 4368 3386 4400 ‹
3423 4349 3462 4400 Γ
3468 4349 3651 4401 ένεσθέ
3704 4366 3800 4418 μοι

2220 4441 2513 4513 μάρτυρες,
2551 4441 2706 4510 κάγὼ
2738 4443 2946 4514 μάρτυς
2978 4443 3181 4514 Κύριος
3218 4443 3246 4494 ὁ
3273 4441 3407 4504 Θεὸς
3427 4481 3440 4504 ,
3477 4443 3572 4494 καὶ
3604 4445 3632 4494 ὁ
3663 4442 3807 4504 Παῖς

529 4524 757 4579 tuendus
793 4535 880 4580 est
911 4524 1074 4595 igitur
1095 4545 1114 4577 ι
1146 4526 1237 4597 qui
1267 4535 1448 4596 putest
1471 4537 1524 4582 et
1556 4531 1791 4585 animam
1813 4541 1868 4588 et
1904 4551 2091 4605 corpus

2213 4534 2269 4586 ὃν
2305 4533 2652 4605 ἐξελεξάμην.
2698 4555 2715 4599 ι
2760 4535 2870 4588 Καὶ
2908 4533 3064 4588 τοῦτο
3087 4533 3144 4586 δὲ
3179 4534 3363 4605 τήρει,
3393 4534 3475 4586 ὅτι
3506 4534 3568 4586 οὐ
3595 4533 3810 4596 δούλοις

528 4617 751 4684 perdere
780 4619 832 4672 in
859 4619 1182 4689 gehennam.
1221 4639 1239 4672 ι
1281 4619 1376 4673 llic
1403 4620 1545 4673 enim
1579 4623 1744 4689 solus,
1777 4643 1796 4676 ι
1818 4637 2102 4698 postquam

529 4710 809 4773 occiderit,
835 4720 1154 4779 potestatem
1179 4714 1342 4768 habet
1362 4716 1614 4771 mittendi
1641 4719 1692 4772 in
1719 4721 2048 4787 gehennam.
2080 4745 2099 4778 ο

529 4799 594 4850 Et
638 4799 852 4866 quidem
919 4801 1172 4857 immittet
1214 4799 1307 4857 eos
1351 4804 1442 4872 qui
1489 4820 1777 4874 corporum
1827 4812 2106 4870 occisor-es

531 4889 828 4957 timuerint,
858 4907 957 4946 nec
986 4893 1262 4947 timuerint
1293 4912 1412 4950 eum
1446 4915 1464 4949 ‹
1496 4898 1584 4966 qui
1617 4907 1794 4967 potest
1829 4916 2026 4972 corpus
2052 4915 2108 4960 et

532 4985 766 5038 animam
821 4988 1048 5053 perdere
1095 4989 1146 5042 in
1201 4993 1524 5060 gehennam,
1577 4995 1770 5063 ctqui,
1820 5007 2104 5066 postquam

533 5074 810 5141 occiderit,
837 5085 1159 5144 poteStatem
1189 5083 1349 5136 habet
1375 5083 1618 5138 mittendi
1645 5085 1695 5138 in
1723 5087 2046 5154 gehennam.
2081 5109 2098 5142 ι

536 5166 762 5232 Quodsi
812 5168 1051 5238 cujusvis
1099 5173 1321 5227 alterius
1371 5175 1564 5245 capitis
1606 5178 1786 5245 capilli
1829 5181 2102 5235 numerati

534 5267 681 5320 sunt,
711 5269 766 5313 et
794 5273 980 5315 eorum
1015 5263 1260 5318 videlicet
1295 5268 1383 5336 qui
1416 5279 1635 5336 propter
1670 5267 1854 5324 Jesum
1884 5274 2105 5327 exscin-

535 5351 757 5415 dnntur,
789 5353 1166 5410 confitebimur
1205 5357 1396 5414 Filium
1420 5359 1516 5415 Dei
1549 5377 1732 5417 coram
1767 5362 1895 5426 Deo,
1924 5373 1978 5416 et
2012 5365 2108 5418 ho-

488 5488 491 5491 .
538 5441 793 5508 minibus,
847 5454 1043 5503 etnon
1087 5450 1212 5516 diis,
1249 5461 1302 5504 ut
1332 5453 1478 5508 vices
1516 5456 1669 5512 nobis
1714 5457 1981 5511 retribuat
2020 5457 2110 5512 ille

609 5561 657 5595 "
686 5562 874 5617 Matth.
908 5577 963 5625 κ.
986 5563 1074 5619 98.
1151 5563 1198 5596 “
1231 5565 1360 5619 ibid.
1393 5567 1579 5622 29-54.
1657 5570 1702 5601 ⁸⁸
1735 5569 1865 5624 Luc.
1895 5583 1990 5632 xu,
2020 5568 2132 5626 4-8.

541 5637 673 5691 Luc.
709 5651 807 5698 xu,
843 5634 895 5687 4.

610 5752 720 5822 (52)
751 5754 1056 5821 Στρουθία.
1083 5752 1179 5806 Ms.
1213 5755 1509 5822 στρουθίου,
1539 5759 1745 5810 vitiose.

607 5821 717 5892 (55)
753 5823 1084 5879 Wctstenius
1114 5821 1397 5896 legendum
1430 5836 1577 5894 putat
1607 5827 1800 5888 αὐτοῦ,
1844 5826 1934 5882 sed
1962 5835 2102 5879 stare

2212 4625 2305 4678 τοῦ
2351 4626 2545 4696 Ἰησοῦ,
2574 4626 2707 4679 ἀλλὰ
2745 4626 2914 4694 φίλοις
2944 4625 3106 4680 αὑτοῦ
3141 4625 3351 4678 δέδοται
3389 4626 3577 4697 ἐντολή
3601 4644 3614 4656 ο
3649 4645 3668 4676 ι
3714 4628 3811 4695 Μὴ

2217 4718 2482 4789 φοϐηθῆτε
2506 4719 2608 4771 ἀπὸ
2635 4717 2740 4770 τῶν
2781 4719 3207 4772 ἀποκτεινόντων
3239 4718 3298 4771 τὸ
3329 4718 3510 4789 σῶμα,
3540 4718 3631 4771 καὶ
3664 4718 3816 4782 μετά

2215 4811 2390 4864 ταῦτα
2412 4812 2484 4882 μὴ
2501 4812 2728 4882 ἐχόντων
2745 4810 3128 4883 περισσότερόν
3143 4829 3193 4864 τι
3213 4812 3455 4883 ποιῆσαι,
3482 4832 3500 4863 ι
3534 4811 3815 4882 Φοϐητέον

2216 4903 2389 4955 τοίνυν
2406 4904 2523 4955 «τὸν
2542 4902 2837 4973 δυνάμενον
2880 4903 2974 4956 καὶ
3003 4903 3180 4973 ψυχὴν
3217 4904 3309 4956 καὶ
3345 4904 3507 4974 σῶμα
3537 4903 3813 4957 ἀπολέσαι

2215 4993 2272 5045 ὲν
2297 4993 2487 5066 γεέννῃ
2510 5011 2522 5024 ·
2560 5013 2577 5045 ι
2600 4987 2755 5056 οὗτος
2785 4993 2892 5066 γὰρ
2929 4995 3103 5065 μόνος,
3142 5013 3160 5045 ι
3195 4995 3334 5066 μετά
3361 4995 3424 5048 τὸ
3457 4997 3813 5058 ἀποκτεῖναι,

2216 5086 2326 5157 ἔχει
2364 5087 2609 5153 ἐξουσίαν
2651 5085 2902 5157 ἐμϐαλεῖν
2935 5089 3012 5150 εἰς
3053 5086 3300 5156 γέενναν.
3361 5108 3379 5141 ›
3419 5089 3530 5141 Καὶ
3573 5089 3820 5158 ἐμϐαλεῖ

2215 5196 2278 5246 γε
2308 5181 2431 5242 τοὺς
2463 5177 2795 5249 φοϐηθέντας
2823 5179 2930 5232 ἀπὸ
2957 5179 3062 5232 τῶν
3082 5179 3517 5234 ἀποκτεινόντων
3538 5181 3596 5232 τὸ
3617 5180 3816 5250 σῶμα,

2217 5271 2309 5323 καὶ
2338 5272 2463 5334 τοὺς
2505 5271 2578 5342 μὴ
2607 5269 2940 5341 φοϐηθέντας
2978 5288 2996 5321 t
3035 5269 3124 5323 τὸν
3157 5270 3457 5341 δυνάμενον
3490 5273 3582 5326 καὶ
3617 5272 3813 5345 ψυχὴν

2217 5364 2310 5416 καὶ
2339 5364 2495 5434 σῶμα
2526 5363 2786 5416 ἀπολέσαι
2817 5365 2874 5415 ἐν
2905 5363 3117 5434 γεέννῃ,
3150 5363 3244 5416 καὶ
3268 5364 3358 5416 τὸν
3391 5363 3532 5434 μετά
3559 5364 3620 5416 τὸ
3657 5366 3817 5416 ἁπο-

2217 5456 2420 5507 κτεῖναι
2469 5454 2658 5525 ἔχοντα
2710 5453 2958 5519 ἐξουσίαν
2988 5453 3245 5524 ἐμϐαλεῖν
3277 5455 3358 5517 εἰς
3391 5455 3633 5523 γέενναν.
3679 5475 3702 5506 ι
3749 5456 3823 5509 Εῐ

2209 5570 2255 5601 9⁸
2282 5569 2410 5624 Luc.
2446 5587 2516 5634 Ix,
2549 5571 2636 5625 26.
2713 5576 2755 5605 ’⁷
2786 5575 2888 5629 lsa.
2925 5591 3054 5630 xtttt
3076 5618 3089 5643 ,
3131 5579 3215 5635 l0.
3294 5583 3340 5613 ’⁸
3371 5582 3560 5638 Matth.
3593 5603 3650 5648 Χ.
3685 5587 3808 5656 '33;

2209 5764 2386 5840 potest
2412 5759 2572 5840 αὐτῇ.
2602 5759 2801 5814 Ibidem
2833 5764 3088 5840 mendose
3114 5764 3167 5818 in
3198 5765 3385 5824 codice
3417 5770 3807 5840 manuscripto

2213 5833 2466 5895 scriptum
2498 5838 2577 5884 est
2613 5833 3126 5903 προτετρεπομένου.
