3962 6414
176 353 264 407 609

1249 345 1700 402 EXHORTATIO
1739 347 1829 400 AD
1865 322 2304 404 MARTYRIUNI.

3313 352 3416 407 (ill)

174 489 295 532 τινος
323 471 376 522 δὲ
414 468 576 524 ἄλλου
627 469 730 542 τῆς
780 469 1019 541 κεφαλῆς
1051 471 1104 523 αἱ
1146 468 1330 540 τρίχες
1366 469 1732 540 ἠριθμημέναι

1846 485 2004 538 quem
2039 471 2268 525 confessi
2295 470 2517 534 erimus,
2551 486 2673 526 cum
2713 471 3062 527 confitebitur
3085 488 3185 528 nos
3227 488 3412 528 coram

172 563 280 623 εἰσὶ,
318 560 587 623 κάκείνοις
618 561 888 630 δηλονότι,
919 563 1027 623 τοῖς
1081 559 1168 612 διὰ
1223 559 1312 612 τὸν
1348 559 1552 629 Ἰησοῦν
1600 561 1736 612 ἀπο-

172 653 510 724 τεμνομένοις,
532 652 950 723 ὁμολογήσομεν
1002 654 1058 704 ὲν
1091 651 1166 722 τῷ
1196 650 1329 721 me,
1357 651 1450 704 τοῦ
1468 650 1623 714 Θεοῦ,
1646 652 1738 704 καὶ

1848 561 1955 615 Deo
1985 570 2040 615 et
2088 560 2248 616 Patre
2273 577 2372 616 suo
2411 572 2464 616 et
2505 563 2851 618 confitebitur
2880 567 2930 618 in
2971 565 3123 619 caelis
3152 579 3276 621 eum
3325 567 3407 636 qui

1844 666 1905 704 se
1936 653 1989 703 in
2031 661 2170 706 terra
2213 653 2494 707 confessus
2527 655 2707 709 fuerit.

173 745 260 817 τῶν
304 743 626 817 ἀνθρώπων,
680 747 777 798 καὶ
809 746 869 798 οὑ
899 743 1034 798 θεῶν
1065 742 1374 814 ἔμπροσθεν
1402 743 1533 813 (54),
1565 744 1629 796 ἵν’
1664 744 1810 814 ἡμᾶς
1839 744 2135 814 ἀμείψηται
2179 747 2207 798 6
2245 746 2614 816 ὁμολογηθεὶς,
2647 749 2982 820 ὁμολογήσας
3012 752 3157 821 ἡμᾶς
3209 750 3402 824 ἔμπρο⁶

173 838 274 889 σθεν
309 834 396 888 τοῦ
428 833 592 899 Θεοῦ,
622 837 721 887 καὶ
749 835 961 904 Πατρὸς
994 835 1207 896 ἑαυτοῦ,
1244 835 1338 887 καὶ
1373 833 1711 903 ὁμολογήσας
1754 833 1842 885 τὸν
1895 834 2302 906 ὁμολογήσαντα
2330 837 2493 890 αὑτὸν
2530 839 2621 891 ἐπὶ
2652 840 2753 910 γῆς
2799 841 2959 905 αὐτὸς
2986 845 3042 895 ἐν
3066 845 3332 916 οὐρανοῖς.

228 934 308 996 Τίς
335 931 375 983 δ’
403 930 489 994 ἂν,
524 931 896 1002 λογισάμενος
921 931 988 983 τὰ
1016 931 1256 993 τοιαῦτα,
1277 931 1376 982 οὑκ
1409 927 1742 998 ἐπιφθέγξη-

171 1045 239 1080 ται
266 1026 320 1078 τὸ
347 1024 710 1078 ἀποστολικὸν
749 1026 946 1086 ἐκεῖνο,
979 1024 1066 1076 τό·
1104 1041 1122 1074 ‹
1152 1023 1265 1076 Οὐκ
1301 1021 1426 1086 ἀξια
1465 1021 1532 1074 τὰ
1559 1019 1738 1091 παθη--

173 1136 291 1189 ματα
319 1117 404 1170 τοῦ
438 1117 534 1170 νῦν
550 1116 756 1187 καιροῦ
784 1116 920 1187 πρὸς
935 1117 1030 1188 τὴν
1049 1116 1340 1188 μέλλουσαν
1361 1114 1516 1181 δόξαν
1533 1115 1741 1167 ἀποκα-

172 1211 403 1280 λυφθῆναι
432 1211 513 1274 είς
546 1212 704 1281 ἡμᾶς
726 1227 741 1276 ;
786 1229 804 1261 ι
827 1210 951 1272 Πῶς
974 1209 1079 1280 γὰρ
1094 1208 1154 1260 οὑ
1178 1207 1354 1278 πολλῷ
1390 1206 1588 1276 μείζων
1608 1208 1739 1276 ὁμο-

169 1302 320 1368 λογίας
341 1301 436 1371 τῆς
459 1301 788 1372 ἔμπροσθεν
815 1301 910 1354 ἀνθ
920 1299 1111 1366 ρώπων
1132 1302 1163 1370 ἡ
1194 1297 1500 1370 ἔμπροσθεν
1515 1297 1608 1350 τοῦ
1625 1299 1734 1352 Ila-

169 1376 568 1464 τῷςὸμολογίω
605 1393 738 1456 Πῶς
763 1393 809 1445 δ’
829 1393 887 1444 οὐ
917 1391 1036 1444 καθ’
1055 1390 1357 1462 ὑπερϐολὴν
1391 1389 1734 1462 ὑπερέχουσα

169 1486 247 1553 τῆς
273 1486 354 1537 ἐπὶ
376 1487 478 1556 γῆς
511 1485 855 1556 ὁμολογίας,
894 1485 959 1555 ῆν
987 1484 1260 1555 μάρτυρες
1288 1482 1610 1554 ὁμολογοῦσι
1643 1481 1758 1545 τὸν(

170 1578 268 1632 Υἱδν
279 1577 361 1632 τοῦ
374 1578 532 1643 Θεοῦ,
548 1581 608 1632 ὲν
624 1581 691 1631 οὑ
701 1581 888 1651 ρανοῖς
902 1577 992 1631 τοῦ
1009 1576 1428 1648 ὁμολογηθέντος
1451 1577 1734 1646 ὁμολογίας

169 1671 496 1740 Λογισάμενος
518 1671 578 1724 δέ
599 1689 692 1734 τις
717 1670 1062 1743 ἀρνήσασθαι
1081 1669 1385 1742 ἔμπροσθεν
1403 1669 1510 1722 τῶν
1533 1667 1737 1740 ἀνθρώ-

1914 929 2005 983 55.
2045 931 2179 996 Quis
2206 940 2386 986 autem
2416 932 2526 986 haec
2555 943 2842 1000 reputans,
2873 935 3000 989 illud
3027 941 3269 1006 Apostoli
3299 958 3408 995 non

1843 1023 2177 1077 exclamabit
2211 1040 2224 1076 :
2266 1041 2285 1073 ι
2315 1021 2432 1077 Νοιι
2463 1034 2588 1078 sunt
2622 1025 2904 1095 condigna:
2934 1029 3214 1096 passiones
3249 1031 3413 1098 hujus

1847 1116 2108 1184 temporis
2143 1119 2209 1169 ad
2246 1115 2491 1171 futuram
2535 1117 2760 1188 gloriam
2810 1134 2930 1188 une
2977 1121 3308 1176 revelabitur
3358 1126 3409 1177 in

1848 1208 2005 1262 nobis
2035 1208 2080 1239 ⁹⁰
2111 1208 2134 1261 ?
2162 1228 2180 1260 ι
2213 1209 2332 1276 Quo
2375 1220 2532 1280 pacto
2575 1211 2719 1265 enim
2765 1227 2867 1265 non
2924 1213 3078 1283 longe
3127 1215 3298 1282 major
3343 1219 3414 1272 sit

1843 1299 2190 1355 confessione
2221 1317 2342 1370 qua:
2371 1317 2554 1356 coram
2585 1303 2897 1360 hominibus
2931 1305 3017 1368 ﬁt,
3054 1307 3142 1360 illa
3171 1323 3288 1376 qum
3319 1324 3414 1363 co—

1845 1407 1958 1444 ram
1990 1392 2148 1448 Patre
2177 1392 2267 1448 ﬁet
2295 1395 2308 1446 !
2355 1392 2634 1460 Quomodo
2663 1395 3062 1451 confessionem
3111 1414 3214 1467 qua
3265 1416 3412 1454 mar-

1843 1493 1986 1553 tyres
2023 1485 2076 1538 in
2111 1494 2253 1539 terra
2287 1485 2484 1540 Filium
2523 1485 2612 1540 Dei
2649 1487 2996 1552 conﬁtentur,
3029 1490 3191 1560 longo
3239 1492 3412 1546 inter-

1843 1575 1987 1631 vallo
2035 1592 2145 1630 non
2199 1577 2548 1648 superaverit
2598 1579 2903 1644 confessio,
2954 1596 3114 1649 quam
3164 1582 3209 1636 is
3249 1598 3409 1652 quem

1843 1667 2077 1722 confessi
2110 1676 2270 1731 sunt,
2300 1669 2352 1722 in
2399 1669 2556 1724 cmlis
2587 1670 2781 1725 reddet
2808 1671 2831 1723 ?
2863 1671 2918 1724 Si
2953 1673 3072 1740 quis
3109 1683 3287 1728 autem
3323 1687 3414 1727 ne-

167 1763 671 1834 πια›ν,ὑπομιμνησκέ
682 1763 802 1826 σθω
829 1761 922 1815 τοῦ
946 1761 1190 1831 ἀψευδῶς
1215 1761 1475 1824 εἰπόντος·
1501 1779 1520 1812 ι
1543 1760 1732 1829 Ἀπαρ-

1845 1772 1974 1826 gare
2004 1773 2187 1812 coram
2218 1760 2532 1816 hominibus
2561 1761 2801 1828 cogitat,
2834 1763 3142 1817 meminerit
3171 1762 3287 1830 ejus
3316 1764 3409 1832 qui

166 1858 355 1926 νήσομαι
385 1854 540 1923 κάγὼ
557 1855 735 1912 αὑτὸν
753 1853 1060 1927 ἔμπροσθεν
1085 1851 1178 1907 τοῦ
1197 1853 1409 1924 Πατρός
1433 1870 1533 1924 μου
1565 1853 1655 1906 τοῦ
1677 1854 1733 1904 ὲν

165 1949 389 2019 οὐρανοῖς.
416 1967 434 2000 ι
468 1948 593 2001 Ἔτι
612 1947 674 2000 δὲ
705 1949 807 2000 καὶ
831 1946 986 2000 τοῦτο
1009 1946 1330 2018 θεωρητέον,
1353 1947 1435 1998 ὅτι
1455 1947 1482 1998 6
1501 1944 1598 2015 μὲν
1614 1945 1736 2014 ὁμο-

164 2040 302 2108 λογῶν
328 2043 380 2092 ὲν
409 2039 485 2110 τῷ
505 2039 628 2110 Υίῷ
664 2038 985 2111 ἔμπροσθεν
1019 2037 1126 2090 τῶν
1166 2036 1487 2110 ἀνθρώπων,
1515 2037 1577 2089 τὸ
1609 2037 1734 2089 ὅσον

163 2131 227 2198 ἐφ’
250 2131 428 2201 ἐαυτῷ,
457 2131 760 2200 συνίστησι
794 2128 1236 2202 Χριστιανισμὸν,
1271 2130 1366 2182 καὶ
1390 2127 1479 2182 τὸν
1520 2127 1733 2197 πατέρα

164 2223 544 2294 Χριστιανισμοῦ
574 2223 810 2288 τούτου,
858 2224 940 2290 ἐφ’
966 2218 1040 2274 ὧν
1084 2221 1361 2292 όμολογείο
1395 2223 1422 2273 6
1451 2221 1509 2274 δὲ
1545 2217 1735 2289 ὁμολο-

162 2315 380 2385 γούμενος
424 2315 530 2368 ὑπὸ
577 2312 687 2367 τοῦ
739 2313 926 2384 πάσης
964 2313 1190 2377 κτίσεως
1244 2312 1590 2384 πρωτοτόκου
1639 2311 1733 2364 καὶ

159 2407 230 2458 τοῦ
253 2407 364 2459 Υἰοῦ
397 2407 490 2460 τοῦ
524 2405 864 2479 ἀνθρώπου,
900 2405 1210 2457 συνίσταται
1242 2403 1328 2457 διὰ
1351 2404 1450 2474 τῆς
1473 2402 1566 2456 τοῦ
1597 2401 1728 2455 Υἱοῦ

158 2497 231 2548 τοῦ
256 2497 396 2564 Θεοῦ,
430 2499 528 2552 καὶ
561 2497 671 2551 τοῦ
700 2496 839 2549 Υίοῦ
869 2494 962 2548 τοῦ
1010 2494 1294 2566 ἀνθρώπου
1322 2496 1630 2566 ὁμολογίας,
1655 2494 1732 2566 τῷ

159 2591 201 2640 ὲν
222 2592 444 2662 οὐρανοῖς
478 2591 676 2662 Πατρὶ
706 2591 808 2643 καὶ
840 2592 952 2651 τοῖς
976 2587 1224 2656 ἀγγέλοις
1253 2589 1344 2642 τοῦ
1373 2587 1529 2642 Θεοῦ.
1559 2589 1731 2662 Εἴπερ

229 2700 243 2729 ι
268 2683 354 2751 οὐχ
379 2683 405 2733 ό
431 2681 639 2735 ἑαυτὸν
689 2679 1028 2734 συνιστάνων
1078 2679 1277 2742 ἐκεῖνός
1319 2680 1434 2732 ἐστι
1490 2679 1730 2750 δόκιμος,

157 2773 244 2824 ἀλλ’
269 2774 321 2826 ὃν
347 2776 373 2826 6
398 2774 620 2846 Κύριος
660 2772 972 2841 συνίστησι,
1022 2789 1040 2821 ι
1078 2770 1194 2834 πῶς
1224 2772 1284 2824 οὑ
1340 2771 1445 2841 χρὴ
1495 2771 1732 2841 νομίζειν

160 2861 268 2918 εἶναι
307 2866 546 2937 δόκιμον,
612 2866 713 2918 τὸν
768 2863 918 2928 ἀξιον
968 2861 1220 2932 κριθέντα
1252 2859 1358 2933 τῆς
1376 2861 1511 2934 πρὸς
1548 2862 1639 2915 τὸν
1675 2864 1732 2916 ὲν

157 2959 366 3029 οὐρανοῖς
421 2960 664 3030 Πατέρα
718 2956 945 3026 καὶτῆς
983 2955 1118 3026 πρὸς
1174 2955 1298 3018 τοὺς
1341 2955 1605 3023 ἀγγέλους
1638 2953 1731 3008 τοῦ

154 3052 260 3104 Θεοῦ
294 3053 677 3116 condicam;-
707 3050 777 3102 Εί
831 3048 888 3102 δὲ
941 3047 1159 3118 δόκιμος
1188 3047 1297 3119 (55)
1334 3043 1509 3112 οὗτος,
1542 3047 1638 3102 καὶ⁹
1679 3047 1730 3101 oi

153 3145 479 3216 παραπλήσιοι
519 3140 716 3213 αὐτῷ,
747 3139 845 3203 οὓς
878 3159 895 3190 ι
935 3139 1008 3203 ὡς
1025 3139 1223 3212 χρυσὸν
1249 3140 1305 3193 ὲν
1327 3138 1681 3214 χωνευτηρίῳ
1703 3156 1724 3192 ι

153 3241 244 3300 ταῖς
273 3237 513 3308 βασάνοις
533 3236 641 3289 καὶ
675 3236 803 3298 ταῖς
835 3231 1142 3299 ὲξετάσεσιν
1164 3251 1183 3284 ι
1207 3231 1526 3302 ἐδοκίμασεν
1559 3233 1588 3284 6
1620 3230 1732 3284 Κύ-

153 3345 259 3398 ριος,
284 3328 367 3382 καὶ
399 3329 475 3392 ὡς
509 3324 923 3397 ὁλοκάρπωμα
964 3323 1150 3388 θυσίας
1184 3321 1574 3396 προσεδέξατο·
1621 3341 1640 3374 ι
1677 3319 1730 3373 τί

151 3419 234 3491 χρὴ
265 3420 428 3490 λέγειν
458 3420 605 3492 περὶ
637 3418 756 3472 τῶν
803 3415 1163 3486 ἐλεγχθέντων
1197 3417 1255 3468 ὲν
1295 3418 1364 3486 τῇ
1398 3413 1613 3485 καμίνῳ
1639 3411 1730 3465 τοῦ

151 3513 438 3584 πειρασμοῦ,
473 3513 582 3566 καὶ
618 3507 1049 3582 ἀρνησαμένων,
1081 3506 1176 3570 οὓς
1201 3505 1278 3570 ὡς
1307 3504 1598 3576 ἀδοκίμους
1629 3505 1729 3574 ἀρ-

150 3609 288 3660 νεῖται
316 3605 641 3679 ἐμπροσθεν
672 3602 774 3658 τοῦ
826 3605 886 3655 ὲν
910 3602 1159 3673 οὐρανοῖς
1197 3597 1430 3670 Πατρδς,
1458 3597 1553 3650 καὶ
1595 3593 1730 3648 ἐνώ-

149 3716 246 3751 πιον
284 3700 382 3754 τῶν
430 3697 706 3769 ἀγγέλων
740 3693 853 3760 ἶτοῦ
894 3691 1052 3759 Θεοῦ,
1089 3693 1119 3744 6
1149 3691 1242 3744 τὸν
1273 3687 1422 3754 ἀξιον
1451 3688 1732 3760 ἀρνήσεως

151 3793 284 3861 ἀρνού
293 3811 442 3864 μενος
461 3810 477 3858 ;

203 3886 298 3939 Καὶ
333 3886 392 3938 οὑ
427 3885 601 3956 μόνον
636 3897 708 3950 γε
758 3877 900 3948 πρὸς
943 3874 1004 3927 τὸ
1047 3872 1121 3945 μὴ
1159 3871 1497 3944 ἀρνήσασθαι
1529 3871 1730 3939 ἀγωνι-

149 3978 293 4042 στέον,
316 3978 449 4032 ἀλλὰ
475 3976 584 4030 καὶ
609 3972 760 4044 πρὸς
790 3969 853 4023 τὺ
889 3968 1022 4040 μηδὲ
1037 3969 1136 4039 τὴν
1159 3967 1332 4038 ἀρχὴν
1355 3964 1728 4036 αἰσχυνθῆναι,

147 4068 458 4141 νομιζόμενον
529 4066 701 4138 παρὰ
761 4065 878 4125 τοῖς
934 4059 1232 4132 ἀλλοτρίοις
1283 4057 1419 4113 Θεοῦ
1469 4055 1730 4126 αἰσχύνης

146 4161 249 4227 ἄξια
273 4164 533 4236 πάσχεινο
575 4161 682 4214 καλ⁵
744 4156 982 4228 μάλιστα
1013 4156 1060 4207 εἰ
1099 4150 1376 4217 δοξασθεὶς
1418 4151 1511 4205 καὶ
1540 4148 1731 4204 ἀποδε-

147 4256 268 4323 χθεὶς
300 4258 399 4311 ὑπὸ
426 4255 719 4310 πλείστων
755 4252 899 4304 ὅσων
932 4247 1157 4310 πόλεων,
1190 4244 1284 4298 νῦν
1307 4244 1546 4316 ὡσπερεὶ
1589 4259 1730 4312 πομ-

145 4348 319 4414 πεύεις,
345 4351 522 4422 αἴρων
562 4327 664 4399 τὸν
696 4339 936 4410 σταυρὸν
972 4337 1065 4392 τοῦ
1105 4337 1299 4407 Ἰησοῦ,
1343 4336 1456 4407 ίερὲ
1494 4335 1728 4406 Ἀμϐρό-

1840 1863 1964 1903 vere
1992 1850 2130 1904 dixit
2161 1866 2175 1904 :
2211 1869 2228 1902 ι
2264 1849 2486 1923 Negabo
2514 1861 2567 1906 et
2593 1867 2693 1922 ego
2721 1867 2845 1907 eum
2873 1869 3056 1908 coram
3094 1854 3256 1910 Patre
3288 1871 3410 1908 meo

1839 1941 1932 2006 qui
1966 1941 2017 1996 in
2049 1942 2203 1997 caelis
2235 1951 2340 1996 est.
2371 1961 2388 1994 ι
2422 1943 2557 1999 Illud
2585 1945 2750 1999 etiam
2783 1947 3133 2014 spectandum
3162 1955 3244 2001 est
3273 1964 3284 2001 :
3315 1948 3407 2015 qui

1840 2031 2044 2085 Filium
2082 2047 2265 2087 coram
2291 2033 2603 2088 hominibus
2650 2037 2960 2102 confitetur,
3007 2037 3409 2099 Christianam.

1841 2134 2106 2194 quantum
2139 2126 2189 2180 in
2222 2142 2281 2181 se
2311 2137 2433 2193 est,
2461 2129 2775 2200 religionem
2804 2133 3176 2196 commendat,
3207 2142 3261 2186 et
3288 2133 3410 2201 ejus

1842 2217 2126 2286 religionis
2171 2229 2454 2287 parentem
2497 2236 2658 2289 quam
2723 2223 3031 2277 conﬁtetur.
3077 2227 3243 2290 Quem
3279 2240 3412 2279 vero

1841 2310 2130 2362 confitetur
2156 2310 2558 2378 primogenitus
2603 2313 2781 2367 omnis
2824 2325 3093 2367 creaturae
3138 2324 3192 2369 et
3237 2313 3410 2368 Filius

1837 2398 2112 2462 hominis,
2145 2403 2566 2456 commendatur
2593 2417 2690 2470 per
2730 2402 2927 2458 Filium
2978 2406 3073 2460 Dei
3113 2414 3166 2460 et
3211 2406 3407 2460 Filium

1838 2489 2080 2545 hominis
2109 2492 2246 2560 apud
2275 2492 2560 2547 caelestem
2607 2492 2824 2548 Patrem
2854 2505 2911 2550 et
2940 2497 3160 2567 angelos
3185 2496 3301 2550 Dei.
3347 2497 3406 2550 Si

1829 2589 2020 2640 autem
2053 2600 2071 2633 ι
2103 2598 2210 2637 ηοιι
2243 2584 2333 2652 qui
2359 2585 2602 2653 seipsum
2633 2587 2978 2641 commendat
3009 2588 3098 2642 ille
3143 2588 3408 2653 probatus

1835 2685 1961 2740 est,
2018 2677 2112 2732 sed
2161 2692 2322 2746 quem
2372 2677 2516 2734 Deus
2565 2682 3002 2736 commendat‘:
3035 2701 3053 2733 ι
3081 2682 3205 2751 quis
3249 2680 3405 2735 illum

1835 2769 2122 2838 probatum
2183 2785 2289 2824 non
2337 2781 2558 2826 censeat
2609 2773 2701 2842 qui
2753 2774 2948 2843 dignus
2993 2771 3269 2841 judicatus
3323 2783 3409 2827 est

1836 2861 2208 2916 commendari
2258 2864 2400 2931 apud
2448 2864 2726 2920 caelestem
2773 2864 2988 2920 Patrem
3030 2875 3086 2920 et
3125 2865 3264 2934 apud
3311 2880 3410 2918 au-

1835 2952 1985 3022 gelos
2021 2953 2162 3007 Dei?
2195 2952 2352 3020 Quod
2385 2955 2428 3009 si
2460 2957 2726 3024 probatus
2761 2965 2842 3010 est
2873 2966 2930 3010 et
2964 2955 3083 3022 ille,
3116 2965 3170 3010 et
3209 2957 3301 3026 qui
3334 2956 3406 3010 si-

1837 3044 1990 3100 miles
2028 3045 2107 3102 illi
2154 3055 2314 3111 sunt,
2343 3061 2480 3116 quos
2502 3065 2521 3099 ι
2545 3061 2803 3118 tanquam
2829 3063 3021 3102 aurum
3050 3047 3104 3103 in
3133 3047 3356 3104 fornace
3381 3067 3402 3101 ι

1836 3135 2122 3190 tormentis
2163 3144 2219 3191 et
2267 3138 2666 3206 quaestionibus
2693 3156 2711 3190 ι
2746 3137 3000 3209 probavit
3042 3139 3306 3195 Dominus
3353 3148 3409 3194 et

1833 3219 1988 3296 quasi
2023 3227 2333 3284 holocausti
2381 3229 2616 3285 hostiam
2665 3231 2876 3300 accepit
2904 3232 2924 3262 ²
2949 3244 2964 3283 :
2991 3249 3010 3284 ι
3035 3231 3166 3300 quid
3200 3232 3265 3284 de
3299 3230 3410 3285 illis

1833 3318 2118 3374 dicendum
2151 3327 2236 3375 est
2271 3319 2362 3389 qui
2399 3322 2452 3374 in
2491 3322 2813 3377 tentationis
2854 3322 3073 3377 fornace
3111 3321 3406 3377 examinati

1834 3421 2203 3482 negaverunt,
2233 3425 2372 3480 quos
2404 3420 2463 3467 ut
2486 3415 2752 3483 reprobos
2776 3428 2962 3469 coram
2996 3413 3162 3469 Patre
3187 3412 3400 3469 caelesti

1831 3513 1886 3559 et
1921 3518 2104 3559 coram
2134 3502 2347 3574 angelis
2391 3503 2484 3562 Dei
2525 3515 2686 3577 negat
2731 3505 2822 3561 ille
2860 3507 2955 3576 qui
3001 3507 3286 3576 negatione
3325 3503 3408 3558 di—

1831 3611 1995 3665 gnum
2027 3607 2187 3666 negat
2215 3599 2238 3652 ?

1903 3863 1995 3918 36.
2048 3863 2156 3919 Nec
2189 3879 2255 3919 eo
2291 3872 2500 3918 tantum
2532 3861 2850 3919 certandum
2883 3871 2968 3916 est
3000 3875 3068 3917 ne
3112 3877 3402 3932 negemus,

1829 3957 1923 4011 sed
1949 3971 2020 4012 ne
2043 3957 2270 4011 omnino
2291 3955 2683 4010 erubescamus
2700 3993 2716 4018 ,
2740 3968 2863 4009 cum
2894 3953 2988 4008 Dei
3017 3955 3200 4010 hostes
3227 3955 3402 4025 turpia

1830 4049 1941 4120 pati
1975 4063 2076 4104 nos
2103 4049 2460 4115 existimant,
2491 4056 2546 4101 et
2590 4045 2832 4100 maxime
2861 4045 3027 4116 298
3055 4045 3101 4102 si
3142 4061 3264 4101 cum
3309 4054 3364 4100 tu
3387 4087 3403 4111 ,

1837 4157 1994 4197 sacer
2019 4139 2276 4196 Ambrosi
2303 4179 2318 4203 ,
2349 4138 2598 4210 plurimis
2627 4138 2942 4193 civitatibus
2971 4138 3270 4193 honorifice
3298 4138 3402 4192 ha-

1829 4235 1978 4291 bitus
2015 4243 2070 4289 et
2099 4241 2360 4303 exceptus
2396 4231 2474 4286 sis
2496 4273 2513 4297 ,
2555 4246 2700 4286 nunc
2731 4232 2782 4285 in
2817 4245 3012 4300 pompa
3046 4245 3145 4285 ceu
3180 4231 3404 4285 victima

1829 4327 2058 4381 ducaris
2086 4335 2308 4396 portans
2340 4339 2557 4380 crucem
2587 4322 2719 4380 Jesu
2749 4338 2981 4394 eumque
3027 4338 3262 4392 sequens
3307 4324 3402 4392 qui

147 4459 230 4505 σιε,
254 4445 340 4496 καὶ
389 4414 730 4497 ἀκολουθῶν
777 4430 950 4502 αὐτῷ,
997 4428 1290 4501 προάγοντι
1323 4427 1416 4480 ἐπὶ
1455 4427 1726 4498 ἡγεμόνας

1841 4429 1884 4474 te
1917 4419 1983 4473 ad
2011 4418 2273 4489 praesides
2323 4425 2378 4471 et
2427 4432 2583 4487 rcges
2625 4415 2931 4486 praecedat,
2983 4422 3042 4468 ut
3071 4423 3246 4469 tecum
3288 4414 3405 4484 ipse

143 4539 220 4590 καὶ
269 4537 528 4606 βασιλεῖς,
588 4532 706 4592 ἵνα,
764 4525 929 4588 αὑτός
975 4539 1055 4575 σοι
1100 4519 1518 4593 συμπορευθεὶς,
1569 4518 1730 4582 αὑτός

147 4641 212 4675 σοι
240 4625 308 4696 δῷ
341 4627 436 4678 καὶ
474 4620 666 4690 στόμα
694 4615 794 4671 κα)⁸
833 4612 1045 4681 σοφίαν,
1079 4611 1172 4664 καὶ
1204 4610 1286 4666 σοὶ
1334 4609 1411 4682 τῷ
1439 4626 1732 4678 συναγωνι-

251 4718 433 4781 αὑτοῦ,
489 4711 898 4788 Πρωτὼιτητε,
950 4705 1042 4758 καὶ
1075 4703 1556 4777 συμμαρτυροῦσιν
1599 4703 1729 4772 ἡμῖν

148 4810 405 4878 (58),ιτοῖς
417 4807 646 4876 ἀναπλη
658 4802 818 4876 ροῦσι
851 4798 921 4852 τὰ
949 4799 1298 4869 ὑστερήματα
1327 4796 1433 4850 τῶν
1473 4793 1732 4864 παθημά-

144 4919 230 4954 των
254 4905 340 4957 τοῦ
368 4899 646 4975 Χριστοῦ,
687 4915 707 4949 ι
750 4895 852 4947 σὺν
885 4892 1016 4962 ἡμῖν
1043 4890 1270 4961 γένηται
1315 4889 1407 4942 ἐπὶ
1441 4887 1534 4940 τὸν
1560 4885 1737 4958 παρά-

144 4991 293 5046 δεισον
339 4993 438 5048 τοῦ
498 4987 682 5052 Θεοῦ,
743 4981 1101 5045 ὑποδεικνὺς,
1149 4981 1264 5045 πῶς
1322 4979 1388 5033 ἂν
1443 4977 1729 5049 διαδῦσητε

146 5102 163 5134 ι
196 5085 256 5138 τὰ
284 5086 561 5159 χερουδὶμ
587 5081 690 5137 καὶ
719 5077 822 5150 τὴν
849 5075 1106 5145 φλογίνην
1137 5073 1430 5146 ῥομφαίαν,
1455 5071 1554 5142 τὴν
1581 5087 1734 5143 στρε-

143 5179 363 5250 ςομένην
417 5179 516 5232 καὶ
562 5172 956 5246 φυλάσσουσαν
996 5167 1094 5236 τὴν
1124 5166 1242 5222 ὁδὸν
1280 5164 1376 5219 τοῦ
1427 5163 1584 5229 ξύλου
1632 5163 1730 5232 τῆς

1833 4509 2097 4564 incedens
2137 4509 2252 4577 ipse
2297 4521 2359 4560 os
2391 4505 2486 4559 tibi
2529 4505 2620 4559 det
2651 4516 2704 4560 et
2731 4505 3053 4574 sapientiam
3083 4520 3100 4570 ;
3136 4503 3232 4560 tibi
3268 4518 3405 4572 quo-

1832 4618 1936 4672 que
1964 4599 2278 4656 certaminis
2305 4599 2546 4668 ejusdem
2578 4598 2750 4662 socio,
2773 4596 3102 4662 Protoctete,
3137 4605 3191 4650 et
3225 4604 3407 4649 vester

1834 4695 1885 4748 iu
1917 4691 2182 4762 martyrio
2205 4705 2436 4745 consors
2465 4706 2484 4740 ι
2515 4689 2604 4758 qui
2636 4685 2945 4755 adimpletis
2971 4700 3033 4739 ea
3059 4700 3182 4754 qua:
3210 4684 3408 4739 desunt

1835 4787 2145 4854 passionum
2196 4781 2406 4838 Christi
2441 4781 2462 4812 ³
2493 4802 2512 4834 ι
2543 4781 2824 4834 vobiscum
2871 4777 2944 4830 sit
2983 4776 3049 4829 ad
3092 4775 3405 4845 paradisum

1838 4879 1928 4932 Dei
1955 4917 1972 4944 ,
2003 4877 2296 4931 ostendens
2329 4873 2602 4944 quomodo
2649 4867 3044 4940 pertranseatis
3073 4887 3092 4919 ι
3122 4867 3405 4923 cherubim

1834 4981 1890 5027 et
1930 4971 2238 5026 ﬂammeum
2285 4967 2522 5038 gladium
2575 4971 2739 5029 atque
2782 4958 3096 5015 versatilem
3141 4968 3196 5014 et
3222 4966 3408 5012 custo-

1835 5067 2076 5122 dientem
2107 5063 2248 5117 viam
2283 5059 2412 5131 ligni
2445 5057 2568 5111 vitae
2598 5054 2642 5110 ⁸.
2674 5073 2694 5107 ι
2723 5055 2852 5109 Haec
2881 5053 3026 5109 enim
3061 5053 3225 5107 ambo
3248 5092 3264 5117 ,
3302 5050 3406 5104 etsi

1836 5157 1981 5210 viam
2023 5153 2154 5224 ligni
2197 5152 2326 5206 vitae
2365 5146 2711 5213 custodiunt,
2756 5145 2882 5199 ideo
2924 5145 3283 5208 custodiunt,
3342 5154 3411 5196 ne

207 5354 674 5420 "RonnvaB.
758 5349 778 5380 ⁸
812 5347 852 5401 ll
888 5346 1014 5403 Cor.
1043 5361 1097 5414 χ,
1134 5346 1220 5404 18.
1297 5346 1318 5376 ⁸
1346 5343 1472 5414 Sap.
1505 5358 1588 5409 ut,
1619 5339 1674 5396 6.

1845 5338 2009 5393 oloss.
2049 5351 2088 5398 ι,
2117 5334 2207 5388 24.
2285 5332 2307 5363 ⁸
2336 5331 2541 5387 Genes.
2580 5343 2666 5392 ιιι,
2697 5325 2795 5380 24.

201 5521 311 5590 (ὅτι)
344 5519 454 5574 Kal
507 5519 585 5571 οὐ
642 5510 803 5568 θεῶν
853 5509 1204 5578 ἔμπροσθεν.
1236 5506 1403 5561 Vocat
1452 5504 1512 5557 οὺ
1547 5501 1722 5590 θεοὺς,

143 5577 234 5666 ne}.
295 5577 476 5674 Iidem,
535 5607 686 5663 idola
753 5602 1016 5674 gentium.
1079 5599 1343 5674 llcbraice
1394 5577 1722 5674 D’mxs_5_.

139 5682 278 5735 lsaim
313 5698 432 5752 cap.
463 5667 810 5752 κωκυ-.-μα
857 5669 1055 5724 Confer
1100 5669 1388 5725 Deuteron.
1424 5684 1598 5730 xxx",
1638 5667 1723 5732 l7,

139 5755 226 5804 ctl
262 5745 396 5806 Cor:
428 5771 484 5814 ι,
523 5751 622 5805 20.
662 5745 1093 5814 Wars'rusmus.

203 5823 315 5890 (7.5)
351 5825 408 5877 Ei
445 5810 518 5876 δὲ
545 5819 829 5885 δόκιμος.
864 5811 916 5864 In
956 5826 1056 5865 ms.
1081 5811 1248 5874 deest,
1281 5810 1350 5862 εί.

1906 5520 2017 5589 (56)
2049 5512 2581 5589 Συμμαρτυροῦσιγ
2613 5511 2776 5580 ἡμῖν.
2827 5509 2972 5580 Lego
3004 5501 3416 5586 συμμαρτυρῷν

1834 5584 2281 5664 ὑμῖν.Ῥι’ωἰὲιο;ι
2311 5598 2502 5639 moneo
2538 5584 2850 5664 frequenter
2882 5597 2970 5664 me
3003 5590 3212 5658 mutare
3250 5584 3301 5664 t’n
3335 5589 3416 5664 in:

1836 5641 2220 5738 irZBieigiiiohg
2274 5671 2454 5738 voces.
2488 5641 2652 5733 ἡμᾶς,
2705 5652 2858 5722 ἡμῖν,
2921 5641 3414 5738 ἡμῖὺμΞ-ξιιηθμῗξξ

1835 5717 1999 5803 ὑμᾶς,
2029 5731 2154 5800 ὑμῖν
2189 5726 2362 5803 ὑμῶν,
2406 5733 2462 5777 et
2501 5717 2616 5803 vice
2649 5717 2827 5785 verSa,
2863 5717 3072 5791 quo’ties
3122 5717 3172 5772 id
3226 5722 3414 5768 sensus

1835 5794 2169 5858 commodior
2201 5794 2479 5864 requirere
2515 5794 2747 5848 videtur.
