3962 6414
513 321 608 377 GH

1993 312 2316 371 ORIGENIS

3681 316 3780 370 612

513 441 638 509 quis
667 439 922 510 indignus
954 441 1098 494 illam
1129 448 1477 510 pertranseat
1513 447 1566 493 et
1599 437 1664 492 ad
1710 437 1916 505 lignum
1959 436 2081 491 vita:

2191 433 2350 505 ζωῆς.
2393 453 2412 484 ι
2449 432 2633 487 Ταῦτα
2663 434 2771 506 γὰρ
2818 434 3118 505 ἀμφότερα,
3155 435 3204 487 εἰ
3245 435 3341 488 καὶ
3375 435 3640 504 φυλάσσει
3687 437 3781 508 τὴν

515 533 719 587 audeat
750 535 1037 588 accedere.
1069 531 1384 587 Flaunneus
1418 532 1562 586 enim
1601 531 1814 600 gladius
1843 543 1936 583 eos
1967 543 2089 597 pro-

515 623 726 679 hibebit
757 625 846 692 qui
880 643 898 675 ι
925 639 1087 692 super
1125 623 1540 678 fundamentum
1571 623 1712 692 quod
1744 621 1977 690 positum
2006 629 2090 674 est

512 713 699 769 Jesum
743 715 1012 769 Christum
1045 715 1604 783 supermdificaverint
1657 713 1841 784 ligna,
1869 713 2086 775 fenum,

515 811 607 854 aut
633 802 884 870 stipulam
915 802 939 833 ⁸
970 821 988 854 ι
1021 814 1075 856 et
1103 803 1246 870 quod
1275 803 1514 858 maxime
1546 805 1790 858 omnium
1818 812 1871 857 et
1900 803 1966 856 ad
2001 818 2092 856 ac-

513 892 848 945 cendendum
894 901 951 946 et
995 895 1061 945 ad
1107 895 1538 949 comhurendum
1593 896 1848 950 idoneum
1881 907 1993 962 est,
2027 895 2089 948 li-

513 997 712 1050 gnum,
762 993 820 1034 ut
867 983 938 1036 ita
987 983 1204 1052 loquar,
1251 987 1585 1055 negationis;
1634 987 1912 1041 cherubim
1961 1002 2089 1040 vero

511 1089 607 1126 eos
651 1073 739 1140 qui
775 1073 846 1127 ita
880 1077 1177 1144 comparati
1212 1092 1316 1130 non
1346 1088 1472 1130 sunt
1497 1086 1553 1130 ut
1581 1092 1608 1130 a
1636 1076 1885 1132 ﬂammeo
1910 1076 2088 1146 gladio

511 1174 894 1225 coerceantur,
929 1181 1051 1220 cum
1089 1168 1224 1220 nihil
1261 1167 1650 1222 a-dificavcrint
1692 1169 1832 1237 quod
1879 1169 1976 1237 ipsi
2010 1168 2086 1222 af-

511 1258 620 1311 fine
651 1259 759 1322 sit,
792 1260 1096 1328 suscipicnt
1128 1271 1184 1315 et
1214 1262 1520 1331 perducent
1549 1261 1614 1315 ad
1647 1261 1851 1331 lignum
1885 1261 2008 1315 vitae
2034 1267 2088 1313 et

510 1350 576 1403 ad
608 1365 669 1404 ea
699 1352 882 1406 omnia
915 1369 1038 1421 qua:
1070 1353 1332 1422 plantavit
1364 1353 1508 1408 Deus
1543 1354 1594 1407 in
1629 1355 1840 1408 oriente
1885 1353 2085 1422 produ-

511 1443 698 1512 xitque
731 1445 795 1498 de
830 1445 992 1500 humo
1020 1445 1062 1500 ⁸.
1093 1444 1222 1501 Jesu
1249 1455 1430 1501 autem
1461 1446 1566 1500 iter
1595 1447 1872 1500 vobiscum
1903 1446 1968 1500 ad
1998 1462 2088 1515 pa-

511 1533 754 1587 radisum
788 1533 1046 1600 faciente,
1077 1535 1438 1589 contemnetis
1461 1536 1879 1604 serpcntcmqui
1914 1536 2086 1589 victus

511 1634 597 1678 est
640 1635 694 1678 et
739 1625 1008 1679 contritus
1050 1626 1150 1680 sub
1199 1627 1426 1695 pedibus
1480 1625 1609 1681 Jesu
1636 1667 1649 1690 ,
1695 1635 1747 1680 et
1785 1641 1880 1697 per
1912 1627 2083 1696 ipsum

513 1715 677 1771 etiam
711 1716 811 1769 sub
841 1715 1070 1784 pedibus
1103 1719 1330 1771 vestris:
1363 1735 1379 1769 ι
1411 1732 1532 1771 cum
1579 1718 1788 1772 dederit
1816 1719 1973 1772 nobis
1999 1734 2087 1787 po-

2192 526 2309 578 ὁδὸν
2338 524 2432 577 τοῦ
2465 525 2620 591 ξύλου
2659 527 2754 596 τῆς
2792 526 2955 596 ζωῆς,
2996 525 3278 593 φυλάσσει,
3311 527 3396 578 ἵνα
3445 527 3637 598 μηδεὶς
3669 529 3784 580 ἀνά-

2195 615 2308 682 ξιος
2339 619 2617 690 ἐπιτραπῇ
2653 619 2750 690 τὴν
2792 619 2960 689 αὐτὴν
2993 618 3211 672 διελθὼν
3246 619 3420 672 ἐλθεῖν
3455 621 3550 673 ἐπὶ
3600 620 3662 672 τὸ
3707 620 3783 684 ξύ-

2191 710 2280 763 λον
2310 710 2408 780 τῆς
2443 709 2606 781 ζωῆς.
2647 712 2712 763 Ἠ
2749 711 2848 782 μὲν
2882 711 2988 784 γὰρ
3030 711 3253 782 φλογίνη
3289 713 3533 782 ῥομφαία
3569 713 3783 778 καθέξει

2197 820 2214 851 ι
2251 801 2377 863 τοὺς
2413 800 2941 870 ἐποικοδομήσαντας
2974 798 3052 869 τῷ
3079 799 3314 868 κειμένῳ
3340 799 3577 870 θεμελίῳ
3613 798 3782 870 Ἰησοῦ

2189 889 2410 962 Χριστῷ
2439 890 2591 956 ξύλα,
2625 889 2893 962 ἢχόρτον,
2923 889 2955 960 ἢ
2985 889 3258 960 καλάμην,
3295 909 3312 940 ι
3346 891 3442 942 καὶ
3494 889 3554 941 τὸ
3599 889 3783 942 εὐκαυ-

2192 984 2440 1036 στότατον
2471 983 2564 1034 καὶ
2595 981 2684 1034 ἐπὶ
2716 982 2899 1034 πλεῖον
2931 981 3216 1051 καιόμενον
3247 981 3403 1047 ξύλον
3439 982 3554 1051 τῆς,
3591 982 3657 1033 ἶν’
3689 981 3780 1033 οῦ-

2188 1092 2296 1138 τως
2347 1074 2620 1144 ὀνομάσω,
2653 1074 2968 1144 ἀρνήσεως·
3020 1073 3085 1126 τὰ
3125 1075 3181 1127 δέ
3231 1075 3499 1144 χερουθὶμ
3545 1075 3674 1138 τοὺς
3721 1076 3782 1128 ού

2189 1169 2499 1238 πεφυκότας
2541 1167 2856 1240 κρατεῖσθαι
2906 1167 3010 1220 ὑπὸ
3045 1168 3140 1238 τῆς
3176 1167 3435 1239 φλογίνης
3482 1168 3780 1240 ῥομφαίας,

2187 1261 2263 1332 τῷ
2317 1260 2479 1332 μηδὲν
2526 1261 2782 1329 συγγενὲς
2843 1261 2979 1330 αὐτῇ
3037 1259 3486 1330 ᾠκοδομηκέναι,
3546 1260 3782 1331 παραλαρ

2189 1352 2370 1416 δόντα,
2395 1351 2755 1424 παραπέμψει
2779 1351 2872 1404 ἐπὶ⁵
2892 1351 2954 1404 τὸ
2981 1351 3079 1421 τῆς
3105 1350 3252 1420 ζωῆς
3276 1349 3453 1414 ξύλον,
3472 1351 3566 1403 καὶ
3605 1351 3784 1404 πάντα

2189 1445 2224 1498 ἀ
2259 1444 2551 1513 ἐφύτευσεν
2579 1446 2608 1497 6
2639 1444 2772 1508 Θεὸς
2812 1446 2869 1496 ἐν
2896 1446 3014 1507 ταῖς
3045 1443 3351 1508 ἀνατολαῖς,
3387 1444 3483 1496 καὶ
3516 1444 3778 1507 ἐξανέτει-

2186 1535 2275 1589 λεν
2309 1539 2373 1590 ἐκ
2400 1537 2498 1608 τῆς
2523 1537 2644 1608 γῆς.
2686 1535 2862 1607 Ἰησοῦ
2902 1535 2960 1588 δέ
2994 1535 3365 1599 συνοδεύοντος
3400 1538 3531 1605 ὑμῖν
3567 1537 3661 1588 ἐπὶ
3693 1537 3784 1590 τὸν

2188 1632 2530 1703 παράδεισον,
2575 1632 3015 1702 καταφρονήσετε
3061 1629 3151 1682 τοῦ
3201 1630 3378 1698 ὄφεως
3424 1634 3783 1702 νενικημένου

2188 1725 2280 1777 καὶ
2316 1723 2689 1794 συντριϐέντος
2721 1722 2825 1776 ὑπὸ
2858 1724 2982 1786 τοὺς
3012 1721 3185 1792 Ἰησοῦ
3230 1723 3420 1787 πόδας,
3452 1725 3548 1777 καὶ
3594 1724 3659 1776 δι’
3689 1725 3788 1778 αὑ-

517 1816 770 1861 testatem
804 1806 1051 1862 calcandi
1083 1823 1246 1878 super
1278 1817 1560 1876 serpentes
1601 1817 1656 1862 et
1694 1808 2006 1877 scorpiones
2033 1819 2085 1864 et

2191 1816 2279 1868 τὸν
2316 1816 2423 1886 ('57)
2451 1787 2544 1868 καὶ
2575 1816 2678 1868 ὑπὸ
2735 1815 2860 1878 τοὺς
2893 1787 3223 1885 ἡμετέρους·
3269 1833 3287 1865 ι
3323 1814 3618 1878 δεδωκότος
3654 1817 3783 1885 ἡμῖν

511 1913 674 1967 super
691 1915 906 1954 omnem
935 1901 1192 1955 virtutem
1218 1900 1457 1968 inimici,
1485 1909 1543 1955 ut
1563 1899 1696 1955 nihil
1722 1902 1876 1956 vobis
1900 1917 2085 1957 eorum

511 2001 706 2046 noceat
758 1992 800 2044 ".
837 2006 858 2042 ι

580 2175 670 2229 57.
711 2174 897 2243 Neque
943 2173 1108 2242 igitur
1156 2175 1438 2241 negandus
1485 2179 1569 2228 est
1615 2171 1788 2226 Filius
1829 2171 1958 2236 Dei,
1991 2184 2092 2226 nec

511 2267 920 2321 erubescendos
966 2265 1115 2330 ipse,
1160 2274 1252 2319 aut
1302 2279 1588 2318 sermones
1622 2264 1783 2334 ejus;
1835 2264 1927 2318 sed
1959 2263 2089 2316 illud

514 2358 848 2412 audiendum
895 2365 979 2410 est
1009 2371 1023 2410 :
1058 2377 1074 2408 ι
1109 2356 1210 2423 Qui
1260 2355 1538 2426 negaverit
1584 2371 1669 2410 me
1703 2369 1888 2410 coram
1919 2354 2085 2408 homi-

514 2447 708 2516 nibus,
745 2449 952 2518 negabo
987 2459 1042 2502 et
1073 2464 1172 2518 ego
1212 2463 1336 2502 eum
1391 2462 1572 2501 coram
1620 2445 1785 2501 Patre
1832 2462 1952 2500 meo
1997 2447 2088 2516 qui

512 2541 566 2594 in
594 2541 748 2594 caalis
780 2551 864 2593 cst
896 2540 952 2606 ⁸;
986 2560 1004 2594 ι
1032 2550 1086 2595 et
1115 2541 1288 2594 illud:
1324 2558 1344 2591 ι
1379 2539 1509 2594 Nam
1540 2539 1635 2610 qui
1685 2555 1771 2595 me
1812 2539 2092 2594 erubuerit

509 2644 566 2688 et
594 2649 744 2688 meos
777 2648 1092 2697 sermones,
1121 2636 1265 2688 hunc
1295 2632 1463 2687 Filius
1493 2633 1730 2688 hominis
1759 2632 2089 2696 erubescet,

512 2741 633 2780 cum
681 2728 895 2781 venerit
944 2728 996 2780 in
1043 2727 1211 2795 gloria
1263 2742 1396 2792 sua,
1437 2735 1492 2779 et
1535 2725 1743 2790 Patris,
1787 2732 1842 2780 et
1871 2732 2091 2779 sancto-

511 2833 632 2870 rum
665 2817 979 2888 angelorum
1049 2818 1070 2849 °
1099 2835 1114 2884 ;
1155 2835 1173 2869 ι
1201 2827 1257 2872 et
1285 2833 1299 2872 :
1341 2835 1360 2870 ι
1393 2817 1551 2873 Jesus
1582 2817 1842 2872 sustinuit
1873 2832 2090 2871 crucem

513 2910 840 2965 confusione
889 2917 1229 2980 contempta,
1280 2919 1444 2980 atque
1495 2910 1616 2964 ideo
1647 2910 1700 2963 in
1733 2909 1960 2965 dextera
1994 2908 2090 2962 Dei

511 3003 662 3056 sedet
696 3002 785 3054 "z
821 3020 841 3054 ι
875 3010 928 3056 et
980 3001 1283 3056 imitatores
1325 3001 1440 3070 ejus
1486 3001 1804 3056 confusione
1846 3011 2092 3055 contem-

2191 1905 2437 1972 ἐξουσίαν
2484 1912 2670 1961 πατεῖν
2723 1907 2909 1960 ἐπάνω
2966 1908 3139 1975 ὄφεων
3183 1908 3278 1960 καὶ
3335 1909 3638 1979 σκορπίων,
3691 1910 3788 1961 καὶ

2191 2003 2282 2055 ἐπὶ
2331 2003 2508 2055 πᾶσαν
2534 2002 2631 2072 τὴν
2661 2000 2890 2070 δύναμιν
2921 2001 3014 2053 τοῦ
3043 1999 3261 2071 ἐχθροῦ,
3292 2001 3379 2055 ἵνα
3424 2001 3595 2071 μηδὲν
3641 2002 3789 2072 ὑμᾶς

2195 2096 2309 2168 (58)
2341 2095 2519 2149 αὐτῶν
2551 2096 2806 2166 ἀδικήσῃ.
2843 2114 2860 2146 ι

2263 2189 2388 2243 οῦτ’
2418 2187 2509 2243 οὗν
2539 2191 2801 2264 ἀρνητὲον
2833 2191 2924 2244 τὸν
2976 2189 3104 2244 Υἱὸν
3137 2191 3230 2244 τοῦ
3283 2191 3441 2255 Θεοῦ,
3471 2188 3600 2244 οὔτε
3637 2192 3791 2244 ἐπαι-

2193 2282 2445 2354 σχυντέον
2470 2283 2654 2345 αὑτὸν,
2685 2283 2716 2353 ἢ
2745 2283 2870 2346 τοὺς
2899 2281 3088 2351 λόγους
3125 2282 3313 2346 αὑτοῦ,
3340 2282 3458 2336 ἀλλ’
3490 2285 3788 2338 ἀκουστέον

2190 2374 2374 2427 τοῦδε·
2415 2393 2434 2425 ‹
2469 2375 2657 2438 Ὅστις
2705 2373 2749 2426 δ’
2792 2372 2858 2425 ἂν
2909 2374 3284 2444 ἀπαρνήσεταί
3345 2392 3411 2445 με
3473 2375 3791 2446 ἔμπροσθεν

2191 2470 2298 2521 τῶν
2328 2467 2649 2539 ἀνθρώπων,
2679 2468 3064 2539 ἀπαρνήσομαι
3097 2467 3250 2536 κάγὼ
3277 2469 3443 2521 αὐτὸν
3471 2469 3786 2542 ἔμπροσθεν

2192 2559 2286 2613 τοῦ
2314 2559 2526 2632 Πατρός
2567 2577 2666 2630 μου
2717 2558 2810 2612 τοῦ
2867 2562 2922 2612 ἐν
2967 2563 3080 2622 τοῖς
3129 2561 3416 2631 ούρανοῖς·
3461 2581 3479 2612 ι
3515 2559 3614 2614 καὶ
3656 2560 3784 2613 τοῦ·

2199 2672 2217 2704 ι
2263 2656 2357 2717 Ὃς
2389 2653 2496 2723 γὰρ
2525 2652 2590 2706 ἂν
2621 2652 2955 2723 ἐπαισχυνθῇ
3006 2653 3104 2723 ἐμὲ
3154 2653 3249 2705 καὶ
3286 2655 3408 2717 τοὺς
3452 2655 3625 2724 ἐμοὺς
3653 2654 3785 2723 (39),

2191 2745 2378 2798 τοῦτον
2407 2747 2436 2799 6
2475 2745 2600 2809 Υἱὸς
2644 2744 2738 2797 τοῦ
2773 2744 3060 2815 ἀνθρώπου
3109 2746 3634 2816 ἐπαισχυνθήσεται,
3657 2748 3789 2801 ὅταν

2192 2837 2318 2909 ἔλθῃ
2372 2839 2427 2890 ἐν
2475 2841 2542 2908 τῇ
2575 2834 2709 2909 ’δόξῃ
2755 2837 2940 2901 αὑτοῦ,
2991 2838 3082 2890 καὶ
3129 2835 3224 2890 τοῦ
3254 2839 3492 2910 Πατρὸς,
3531 2840 3628 2892 καὶ
3677 2839 3793 2892 τῶν

2192 2929 2360 2998 ἁγίων
2394 2930 2672 2999 ἀγγέλων·
2710 2949 2728 2981 ι
2765 2931 2860 2984 καὶ
2895 2948 2912 2980 ι
2945 2931 2972 2983 ὁ
3014 2929 3217 3001 Ἰησοῦς
3247 2931 3303 2983 δέ
3333 2948 3465 2983 ποτε
3522 2931 3790 3002 ὑπέμεινε

2196 3021 2449 3092 σταυρὸν,
2479 3021 2739 3091 αἰσχύνης
2762 3024 3198 3093 καταφρονήσας,
3217 3023 3310 3076 καὶ
3331 3023 3418 3076 διά
3439 3021 3603 3076 τοῦτο
3625 3023 3792 3078 ἐκάθ-

509 3101 602 3160 pta
634 3091 948 3146 assidebunt
984 3093 1031 3146 ei
1059 3131 1074 3156 ,
1108 3102 1163 3146 ct
1193 3107 1313 3146 cum
1343 3107 1409 3147 eo
1453 3092 1757 3160 regnabant
1800 3092 1854 3146 in
1899 3091 2085 3159 cmlis;

2197 3130 2308 3167 ισεν
2346 3114 2403 3166 ἐν
2449 3111 2600 3184 δεξιᾷ
2653 3111 2746 3165 τοῦ
2776 3112 2931 3166 Θεοῦ.
2973 3131 2990 3164 ι
3026 3113 3135 3166 Καὶ
3166 3115 3216 3166 οἱ
3250 3114 3490 3186 μιμηταὶ
3524 3114 3583 3168 δέ
3621 3115 3790 3169 αὑτοῦ

510 3200 632 3238 cum
680 3199 784 3251 eo,
843 3184 1062 3253 inquam
1095 3223 1109 3249 ,
1165 3185 1254 3254 qui
1289 3184 1492 3238 «venit
1552 3199 1656 3238 non
1712 3199 1899 3252 pacem
1955 3187 2081 3238 mit-

512 3285 628 3328 tere
689 3273 742 3327 in
807 3285 1054 3341 terram,
1122 3275 1218 3328 sed
1285 3273 1521 3345 gladium
1576 3274 1645 3328 “.
1687 3275 1872 3328 stium
1940 3275 2082 3329 enim

516 3382 535 3415 ι
573 3365 726 3418 vivus
766 3364 837 3418 sit
883 3379 1063 3419 sermo
1112 3364 1204 3418 Dei
1252 3373 1306 3420 et
1356 3365 1548 3420 ellicax
1597 3375 1653 3421 et
1697 3367 2084 3434 penetrabilior

510 3455 656 3509 omni
711 3455 892 3526 gladio
937 3455 1163 3524 ancipiti
1212 3465 1268 3510 et
1317 3457 1634 3526 pertingens
1682 3471 1853 3526 usque
1891 3458 1960 3512 ad
2003 3456 2084 3511 di-

510 3547 774 3604 visionem
829 3547 1026 3601 anima:
1078 3556 1133 3601 et
1182 3547 1450 3617 spiritus,
1498 3563 1823 3619 compagum
1870 3564 2084 3621 quoque

511 3653 577 3692 ac
604 3638 985 3704 medullarum,
1019 3650 1071 3694 et
1099 3639 1368 3695 discretor
1395 3640 1783 3711 cegitationum
1821 3649 1876 3696 et
1904 3642 2084 3696 intert-

512 3732 719 3786 tionum
761 3731 942 3786 cordis
971 3732 1018 3764 ¹²
1051 3748 1067 3797 ;
1101 3750 1118 3784 ι
1156 3731 1246 3786 hic
1278 3747 1420 3787 nunc
1452 3733 1692 3787 maxime
1735 3747 1922 3802 pacem
1965 3747 2086 3802 quae

511 3829 804 3892 exsuperat
865 3836 1084 3877 omnem
1146 3837 1372 3878 sensum
1433 3837 1597 3892 quam
1653 3822 1771 3878 suis
1827 3823 2086 3894 apostolis

511 3913 680 3984 299
709 3913 942 3982 reliquit,
981 3913 1263 3984 praemium
1314 3911 1600 3968 animabus
1633 3913 1837 3968 nostris
1886 3928 2088 3983 propo-

513 4006 625 4083 nit;
661 4005 896 4075 gladium
933 4015 1115 4058 autem
1167 4005 1317 4059 misit
1356 4005 1500 4060 inter
1534 4006 1827 4078 imaginem
1882 4008 2087 4063 terreni

511 4106 566 4151 et
612 4099 902 4168 imaginem
936 4098 1196 4165 caelestis,
1240 4109 1296 4154 ut
1340 4113 1460 4154 cum
1504 4099 1609 4154 hoc
1651 4109 1891 4168 tempore
1925 4099 2090 4155 cccle-

511 4199 646 4243 stem
696 4201 940 4244 uostrum
974 4192 1246 4246 hominem
1281 4193 1604 4262 susceperit,
1641 4208 1738 4248 nos
1769 4194 1962 4249 deinde
2001 4195 2090 4249 di--

510 4295 644 4349 gnos
673 4283 785 4353 jam
819 4299 922 4338 non
958 4285 1145 4348 dividi,
1179 4284 1343 4338 faciat
1378 4285 1599 4339 omnino
1649 4286 1923 4342 cmlestes.
1968 4285 2084 4342 Nec

509 4375 740 4444 gladium
781 4387 990 4432 tantum
1045 4377 1193 4431 venit
1239 4377 1456 4431 mittere
1507 4379 1558 4431 in
1609 4387 1806 4433 terram
1839 4419 1854 4443 ,
1909 4381 2000 4434 sed
2035 4389 2090 4433 et

2183 3204 2444 3276 αἰσχύνης
2481 3205 2966 3276 καταφρονοῦντες,
3000 3207 3454 3275 συγκαθεδοῦνται
3497 3209 3670 3279 αύτῷ,
3693 3210 3792 3263 καὶ

2187 3298 2702 3370 συμϐασιλεύσουσιν
2749 3300 2806 3353 ἐν
2846 3301 2956 3362 τοῖς
2991 3299 3241 3370 οὐρανοῖς
3276 3300 3354 3371 τῷ
3383 3321 3402 3353 ‹
3443 3301 3656 3356 ἐλθόντι
3689 3303 3790 3357 οὐκ

2185 3393 2413 3465 εἰρήνην
2445 3393 2537 3446 ἐπὶ
2562 3392 2659 3464 τὴν
2689 3393 2791 3461 γῆν
2823 3391 3024 3462 βαλεῖν,
3051 3393 3188 3447 ἀλλά
3229 3394 3525 3466 μάχαιραν.
3569 3416 3589 3447 ι
3635 3396 3790 3449 Ἐπεὶ

2184 3484 2292 3554 γὰρ
2313 3503 2330 3535 ι
2355 3485 2382 3537 6
2407 3483 2562 3552 λόγος
2577 3484 2670 3537 τοῦ
2692 3483 2828 3538 Θεοῦ
2853 3484 2959 3548 ζῶν
2981 3485 3073 3538 καὶ
3095 3485 3325 3556 ἐνεργὴς
3348 3487 3446 3539 καὶ
3469 3488 3790 3560 τομώτερος

2186 3575 2326 3648 ὑπὲρ
2373 3577 2551 3629 πᾶσαν
2609 3575 2884 3648 μάχαιραν
2931 3575 3204 3646 δίστομον,
3256 3577 3352 3630 καὶ
3407 3578 3791 3648 διικνούμενος

2185 3666 2311 3737 ἄχρι
2365 3665 2632 3738 μερισμοῦ
2687 3665 2867 3738 ψυχῆς
2916 3667 3008 3721 καὶ
3065 3665 3408 3738 πνεύματος,
3473 3669 3674 3740 ἁρμῶν
3727 3687 3790 3723 τε

2187 3759 2282 3811 καὶ
2329 3759 2562 3829 μυελῶν,
2600 3759 2694 3813 καὶ
2735 3759 2974 3831 κριτικὸς
3020 3759 3366 3831 ἐνθυμήσεων
3417 3760 3516 3813 καὶ
3570 3761 3789 3814 ἐννοιῶν

2187 3847 2446 3921 καρδίας·
2483 3867 2502 3900 ι
2534 3841 2688 3914 οὗτος
2715 3849 2946 3921 μάλιστα
2971 3847 3064 3903 νῦν
3095 3850 3317 3922 εἰρήνην
3349 3850 3451 3920 μὲν
3484 3848 3587 3920 τὴν
3614 3849 3789 3923 ὑπερ-

2191 3939 2416 4010 έχουσαν
2473 3942 2653 3995 πάντα
2705 3941 2864 4007 νοῦν,
2930 3941 2996 4011 ἣν
3058 3940 3255 4010 ἀφῆκε
3295 3941 3412 4004 τοῖς
3463 3939 3790 4004 ἀποστόλοις

2192 4031 2410 4095 ἐαυτοῦ,
2461 4031 2712 4104 βραϐεύει
2745 4035 2864 4094 ταῖς
2911 4030 3110 4101 ψυχαῖς
3158 4030 3345 4103 ἡμῶν·
3399 4032 3678 4103 μάχαιραν
3730 4029 3789 4083 δὲ

2191 4120 2350 4175 ἔϐαλε
2397 4120 2601 4192 μεταξὺ
2631 4123 2729 4192 τῆς
2771 4121 2863 4174 τοῦ
2893 4119 3076 4191 χοϊκοῦ
3121 4123 3329 4184 εἰκόνος
3359 4123 3454 4174 καὶ
3484 4121 3582 4175 τοῦ
3617 4123 3753 4175 ἐπου

2192 4215 2395 4287 ρανίου,
2444 4215 2510 4267 ἵν’
2543 4216 2634 4267 ἐπὶ
2664 4213 2756 4267 τοῦ
2813 4212 3076 4282 παρόντος
3117 4212 3208 4265 τὸν
3256 4214 3587 4285 ἐπουράνιον
3622 4212 3780 4284 ἡμῶν

2195 4301 2548 4373 παραλαϐὼν,
2597 4301 2819 4372 ὕστερον
2852 4301 3032 4364 ἀξίους
3075 4301 3403 4371 γενομένους
3436 4301 3534 4356 τοῦ
3583 4303 3657 4374 μή
3709 4302 3786 4355 δι-

2190 4393 2553 4464 χοτομηθῆναι
2609 4394 2775 4463 ήμᾶς,
2824 4391 2883 4456 ἐξ
2924 4391 3059 4444 ὅλων
3129 4395 3332 4466 ποιήσῃ
3399 4395 3783 4466 ἐπουρανίους.

509 4468 708 4537 ignem,
735 4470 800 4524 de
836 4486 942 4540 quo
973 4470 1152 4524 dixit:
1194 4487 1212 4521 ι
1241 4468 1379 4536 Quid
1418 4469 1538 4525 volo
1574 4471 1676 4524 nisi
1718 4481 1777 4524 ut
1809 4472 2078 4526 accenda-

2191 4485 2290 4538 Kal.
2335 4484 2393 4536 οὺ
2441 4483 2602 4552 μόνον
2660 4484 2934 4554 μάχαιραν
2978 4478 3107 4553 ἦλθε
3158 4482 3338 4552 βαλεῖν
3387 4485 3482 4536 ἐπί
3527 4486 3626 4555 τὴν
3656 4486 3784 4556 γῆν,

512 4560 747 4614 ιιιΓ¹³ἳι
797 4563 1143 4617 Accendatur
1190 4561 1356 4632 igitur
1403 4561 1491 4616 hic
1538 4562 1678 4632 ignis
1713 4571 1768 4617 et
1816 4563 1867 4616 in
1905 4565 2075 4628 vobis,

507 4651 788 4722 deleatque
819 4665 1062 4708 terrenas
1101 4669 1288 4709 omnes
1313 4663 1370 4708 et
1408 4657 1658 4726 corporis
1690 4657 1897 4710 amicas
1929 4656 2077 4725 cogi-

512 4746 758 4809 tationes,
786 4756 840 4800 et
868 4748 1136 4812 baptismo
1168 4762 1294 4815 quo,
1330 4761 1502 4816 usque
1537 4748 1664 4800 dum
1701 4746 2076 4814 perficeretur,

509 4838 887 4890 coarctabatur
913 4837 1092 4902 Jesus,
1119 4839 1476 4893 libentissime
1509 4838 1886 4906 baptizcmini.
1915 4839 1990 4891 Ac
2024 4849 2077 4891 tu

509 4929 727 4998 quidem
759 4929 850 4998 qui
880 4940 932 4984 et
961 4945 1185 4984 uxorem
1225 4931 1414 4995 habes,
1440 4940 1495 4983 et
1525 4931 1748 4993 liberos,
1777 4940 1833 4983 et
1862 4929 2076 4994 fratres,

508 5025 562 5072 et
605 5033 856 5084 sorores,
901 5031 1174 5076 memento
1231 5021 1385 5090 hujus
1435 5023 1745 5077 sermonis:
1788 5039 1807 5072 ‹
1852 5022 1906 5077 Si
1961 5023 2082 5088 quis

508 5111 662 5163 venit
691 5111 757 5164 ad
797 5126 901 5175 me,
934 5123 989 5167 et
1028 5129 1132 5168 non
1179 5117 1292 5168 odit
1325 5125 1571 5183 patrem,
1616 5123 1672 5169 et
1723 5125 1988 5177 matrem,
2029 5123 2081 5166 «ιι

510 5213 753 5264 uxorem,
781 5211 836 5255 et
867 5201 1087 5267 liberos,
1118 5215 1171 5259 et
1216 5205 1433 5271 fratres,
1477 5215 1531 5260 et
1565 5219 1808 5269 sorores,
1844 5220 1948 5256 non
1988 5220 2081 5272 po-

513 5300 615 5346 tc5t
657 5307 808 5348 meus
853 5308 973 5349 esse
1017 5295 1420 5365 discipulus“;
1448 5316 1467 5350 ι
1507 5297 1668 5352 ambo
1702 5308 1885 5350 autem
1937 5297 2080 5350 illius

578 5429 600 5461 '
625 5429 638 5482 l
665 5429 786 5485 Cor.
818 5449 903 5492 Ill.
934 5432 1014 5486 12.

1115 5437 1135 5467 ⁶
1164 5435 1361 5491 Genes.
1403 5453 1464 5500 ιι,
1497 5438 1551 5500 8,
1584 5437 1637 5490 9.

511 5497 552 5529 ¹¹
587 5499 775 5557 Mulill.
803 5506 960 5565 L51».

1040 5506 1082 5536 “
1116 5505 1276 5560 llehr.
1307 5522 1378 5572 tv,
1415 5509 1504 5561 12.
1582 5507 1625 5538 "
1661 5505 1790 5560 Luc.
1833 5521 1930 5570 xu,
1959 5507 2047 5561 49.

581 5638 692 5708 ('57)
718 5645 929 5696 Αὐτόν.
967 5644 1128 5697 Forte
1164 5645 1465 5711 legendum,
1496 5643 1682 5698 αὑτοῦ.

576 5711 690 5785 (ξοδ)
732 5713 920 5781 Ὑμᾶς.
954 5714 1117 5785 Forte
1147 5715 1446 5785 legendum,
1481 5718 1644 5785 ἡμᾶς.

580 5783 688 5853 (39)
727 5785 952 5855 Ἐμούς.
991 5784 1244 5854 Vulgatns
1286 5783 1442 5838 Luete
1484 5783 1662 5840 textus
1704 5783 1923 5838 Griecus
1965 5792 2085 5851 post

1738 5437 1756 5466 ⁷
1783 5435 1913 5488 Luc.
1948 5451 2000 5498 κ,
2051 5437 2136 5490 i9.

2186 4574 2436 4628 ἀλλὰκαὶ
2464 4573 2594 4646 πῦρ,
2626 4575 2752 4646 περὶ
2783 4569 2843 4628 οῦ
2875 4590 3035 4644 φησι·
3068 4591 3086 4623 ι
3116 4573 3268 4626 Θέλω
3302 4575 3350 4626 εἰ
3373 4574 3476 4646 ήδη
3506 4575 3780 4646 ἀνήφθη.»

2199 4666 2516 4737 Ἀναφθ-ήτω
2562 4665 2848 4737 τοιγαροῦν
2892 4665 3047 4718 τοῦτο
3096 4664 3156 4717 τὸ
3206 4665 3317 4736 πῦρ
3378 4666 3475 4718 καὶ
3524 4668 3581 4718 ἐν
3629 4667 3785 4737 ὑμῖν,

2185 4758 2504 4826 ἐξαφανίζον
2542 4757 2718 4810 πάντα
2760 4758 2942 4826 γήϊνον
2970 4757 3062 4809 καὶ
3101 4755 3480 4826 φιλοσώματον
3523 4757 3786 4828 λογισμὸν

2187 4850 2340 4920 ὑμῶν
2361 4867 2372 4879 ·
2411 4851 2503 4902 καὶ
2534 4850 2594 4902 τὸ
2624 4849 2906 4918 βάπτισμα
2936 4848 3061 4918 περὶ
3085 4841 3145 4900 οὗ
3187 4847 3214 4898 ό
3255 4845 3467 4916 Ἰησοῦς
3506 4847 3788 4918 συνείχετο

2184 4938 2290 5001 ἓως
2333 4938 2579 5010 τελεσθῇ,
2634 4938 2770 5008 μετά
2821 4936 3000 5007 πάσης
3045 4936 3356 5008 προθυμίας
3417 4936 3782 5007 βαπτίσασθε.

2187 5030 2298 5082 Καὶ
2329 5032 2398 5083 σὺ
2442 5032 2540 5100 μὲν
2572 5032 2600 5082 6
2630 5031 2765 5101 ἔχων
2815 5031 3066 5098 γυναῖκα,
3107 5029 3201 5082 καὶ
3239 5028 3431 5094 τέκνα,
3480 5032 3575 5084 καὶ
3627 5031 3786 5084 ἀδελ-

2189 5121 2354 5188 φοὺς,
2402 5123 2495 5174 καὶ
2531 5122 2785 5192 ἀδελφὰς,
2843 5122 3092 5192 μέμνησο
3143 5120 3268 5173 τοῦ·
3315 5139 3332 5172 ι
3363 5121 3541 5187 Εῖτις
3565 5123 3786 5194 ἔρχεται

2189 5211 2323 5281 πρὸς
2352 5212 2438 5282 μὲ,
2471 5216 2563 5266 καὶ
2601 5216 2662 5268 ού
2701 5218 2847 5285 μισεῖ
2872 5215 2962 5268 τὸν
2997 5214 3229 5285 πατέρα,
3268 5213 3361 5266 καὶ
3401 5215 3500 5286 τὴν
3545 5215 3782 5286 μητέρα,

2187 5305 2280 5356 καὶ
2308 5304 2406 5376 τὴν
2431 5308 2682 5373 γυναῖκα,
2717 5309 2810 5360 καὶ
2843 5306 2912 5360 τά
2938 5307 3126 5369 τέκνα,
3169 5307 3263 5359 καί
3309 5309 3437 5370 τοὺς
3484 5307 3781 5375 ἀδελφοὺς,

2243 5443 2264 5474 ⁸
2296 5443 2486 5501 Matth.
2524 5465 2582 5511 ι,
2615 5449 2702 5502 55.
2806 5450 2828 5481 ⁹
2853 5448 2985 5504 Luc.
3021 5465 3098 5517 ιιι,
3124 5448 3216 5502 26.

3311 5449 3352 5480 ¹⁰
3389 5449 3553 5506 llcbr.
3588 5466 3685 5514 xu,
3720 5452 3777 5503 ἓ.

2128 5509 2170 5540 ¹⁴
2197 5511 2330 5568 Luc.
2364 5532 2472 5581 xuv,
2503 5509 2592 5572 96‘.

2192 5651 2359 5721 ἐμούς
2389 5652 2535 5705 addit
2575 5653 2786 5721 λόγους,
2818 5656 2910 5707 sed
2945 5655 3093 5708 deest
3141 5653 3304 5707 etiam
3346 5654 3400 5707 in
3435 5655 3622 5710 codice
3656 5668 3781 5705 ma-

2200 5724 2476 5791 nuscripto
2511 5724 2961 5794 C:mtabrigicnsi.
