3962 6414
564 305 669 359 (iiii

2002 288 2328 348 ORIGENIS

3707 285 3804 342 616

562 431 655 480 eo;
696 415 946 484 quoniam
976 418 1150 469 ‘omne
1184 416 1326 485 quod
1371 424 1454 470 est
1506 415 1558 470 in
1605 414 1825 476 mundo,
1857 413 2111 484 'concupi-

2228 411 2414 482 ἀγάπη
2460 409 2552 463 τοῦ
2604 408 2814 481 Πατρὸς
2877 410 2937 462 ὲν
2985 407 3160 479 αύτῷ·
3216 409 3301 461 ὅτι
3360 409 3467 460 πᾶν
3513 405 3574 459 τὸ
3621 407 3680 459 ἐν
3732 407 3807 476 τῷ

560 509 764 561 scentia
799 509 978 561 carnis
1021 517 1106 561 cst
1136 515 1190 560 et
1235 506 1685 575 concupiscentia
1737 505 2022 561 oculorum
2071 518 2127 560 et

556 599 808 667 superbia
836 599 978 662 vitae,
1003 613 1122 666 quae
1151 612 1256 651 non
1281 607 1364 651 est
1392 613 1458 650 ex
1490 596 1671 662 Patre,
1703 598 1796 651 sed
1829 613 1893 652 ex
1928 598 2126 653 mundo

555 703 661 746 est.
697 691 760 744 Et
789 691 1014 744 mundus
1048 688 1268 753 transit,
1297 698 1352 742 et
1377 688 1816 757 concupiscentia
1860 687 1978 756 ejus
2004 688 2071 745 “.
2100 707 2118 741 ι

555 783 732 837 Nolite
763 783 923 851 igitur
954 797 1016 836 ea
1053 781 1278 850 diligere
1316 795 1442 849 qua:
1486 790 1790 844 transeunt,
1831 781 1926 834 sed
1966 781 2126 834 facile

555 875 885 929 voluntatem
919 874 1032 937 Dei,
1062 883 1118 927 ut
1147 873 1295 943 digni
1327 873 1448 927 sitis
1477 889 1643 926 unutn
1681 871 1796 926 fieri
1828 887 1954 926 cum
1987 871 2124 925 Filio

552 978 607 1021 et
643 968 800 1021 Patre
841 975 895 1020 et
927 966 1126 1034 Spiritu
1166 972 1356 1019 sancto
1380 964 1532 1032 juxta
1568 963 1868 1017 Salvatoris
1902 977 2122 1031 precem

552 1059 815 1113 dicentis:
852 1076 870 1108 ι
903 1058 1057 1111 Sicut
1091 1072 1191 1126 ego
1224 1065 1278 1111 et
1312 1066 1366 1110 tu
1397 1072 1561 1109 unum
1601 1069 1814 1118 sumus,
1851 1064 1908 1108 ut
1937 1064 1990 1110 et
2022 1056 2120 1124 ipsi

551 1150 605 1204 in
636 1151 790 1205 nobis
824 1165 988 1202 unum
1032 1151 1138 1203 sint
1163 1150 1229 1202 ’⁵.
1259 1167 1278 1200 ι
1310 1148 1454 1214 Quot
1499 1163 1628 1200 vero
1672 1147 1786 1200 dies
1820 1147 2124 1200 lucrabitur

553 1242 601 1295 is
629 1243 717 1311 qui
747 1241 1003 1296 dilexerit
1037 1241 1298 1293 mundum
1327 1251 1379 1293 et
1409 1253 1469 1292 ea
1503 1255 1624 1308 qua:
1657 1239 1710 1292 in
1744 1237 1946 1291 mundo
1975 1248 2118 1301 sunt,

553 1337 902 1403 animamque
932 1335 1209 1402 propriam
1239 1334 1433 1386 damno
1461 1331 1773 1385 aﬂeceritet
1807 1331 2119 1397 perdiderit,

557 1426 1057 1494 conscientiamque
1107 1423 1501 1479 circumtulerit
1549 1424 1849 1492 negationis
1917 1425 2122 1478 scelere

552 1519 696 1586 quod
737 1518 928 1580 quovis
973 1531 1139 1572 onere
1171 1515 1390 1584 gravius
1420 1525 1520 1579 est,
1551 1516 1902 1583 Oppressum?
1934 1515 2122 1569 Memi-

553 1611 793 1664 nerimus
831 1609 1026 1680 singuli
1059 1610 1274 1678 quoties
1309 1617 1483 1662 morte
1517 1609 1724 1675 vulgari
1775 1609 1997 1663 interire
2027 1624 2121 1674 pe-

551 1701 768 1755 riclitati
802 1701 1002 1764 simus;
1037 1699 1442 1766 cogitemusque
1472 1712 1597 1749 num
1629 1695 1768 1750 forte
1801 1697 1968 1750 simus
1997 1697 2117 1750 ideo

2228 502 2436 572 κόσμῳ,
2481 503 2513 572 ἡ
2557 500 2819 571 ἐπιθυμία
2864 501 2962 569 τῆς
2996 499 3214 571 σαρκὸς,
3251 501 3350 552 κα)¹
3391 497 3661 567 ἐπιθυμία
3701 497 3806 550 τῶν

2227 589 2535 660 ὀφθαλμῶν,
2568 591 2662 643 καὶ
2710 593 2742 659 ὴ
2777 587 3065 650 ἀλαζονεία
3105 587 3198 640 τοῦ
3252 587 3366 657 βίου
3404 587 3505 638 οὑκ
3552 585 3702 638 ἐστιν
3746 587 3807 637 ἐκ

2225 680 2317 732 τοῦ
2355 681 2587 751 Πατρός,
2623 679 2736 733 ἀλλ’
2763 681 2826 732 ἐκ
2854 679 2947 731 τοῦ
2979 679 3182 748 κόσμου
3229 679 3365 731 ἐστί.
3402 678 3514 730 Καὶ
3541 679 3570 730 ό
3607 677 3807 746 κόσμος

2227 773 2531 843 παράγεται
2572 774 2727 842 καὶὴ
2775 771 3062 842 ἐπιθυμία.
3092 792 3110 824 ι
3165 774 3258 843 Μὴ
3303 768 3394 825 οὖν
3445 771 3699 838 ἀγαπᾶτε
3742 768 3809 820 τὰ

2225 861 2600 932 παραγόμενοι,
2647 861 2802 924 ἀλλὰ,
2835 861 3115 925 ποιοῦντες
3165 863 3225 916 τὸ
3257 863 3472 932 θέλημα
3521 860 3616 914 τοῦ
3652 860 3804 922 Θεοῦ,

2224 953 2362 1019 ἄξιοι
2413 954 2629 1023 γίνεσθε
2660 953 2753 1008 τοῦ
2788 954 2846 1008 ἒν
2894 956 3147 1025 γενέσθαι
3193 957 3313 1028 ἅμα
3346 957 3459 1029 Υίῷ
3493 957 3590 1010 καὶ
3635 957 3808 1027 Πατρὶ

2224 1049 2318 1100 καὶ
2353 1047 2491 1118 ἁγίῳ
2530 1047 2833 1118 Πνεύματι,
2879 1050 3021 1103 κατά
3066 1050 3164 1120 τὴν
3213 1049 3307 1103 τοῦ
3359 1050 3614 1122 Σωτῆρος
3645 1053 3807 1121 εὐχὴν

2223 1135 2498 1206 λέγοντος·
2543 1156 2560 1187 ι
2604 1137 2690 1200 Ὠς
2724 1137 2832 1205 ἐγὼ
2865 1139 2957 1190 καὶ
2995 1141 3058 1192 σὺ
3092 1139 3150 1191 ἓν
3179 1141 3368 1210 ἐσμεν,
3393 1141 3482 1192 ἵνα
3517 1141 3617 1194 καὶ
3659 1142 3808 1194 αὐτοὶ

2223 1231 2280 1281 ἐν
2307 1231 2436 1300 ἡμῖν
2464 1228 2521 1282 ἒν
2537 1224 2658 1282 ὦσι.
2690 1249 2708 1281 ι
2739 1230 2916 1292 Πόσας
2937 1230 2993 1282 δὲ
3028 1232 3120 1284 καὶ
3152 1232 3366 1301 ἡμέρας
3402 1230 3519 1283 ἔστι
3542 1231 3809 1302 κερδῆσαι.

2222 1321 2587 1391 ἀγαπήσαντα
2624 1320 2713 1374 τὸν
2751 1316 3008 1390 κόσμονῆ
3045 1321 3112 1372 τά
3150 1322 3207 1372 ἐν
3237 1319 3315 1390 τῷ
3341 1321 3558 1392 κόσμῳ,
3591 1321 3685 1374 καὶ
3711 1321 3808 1391 τὴν

2222 1411 2414 1464 ἑαυτοῦ
2449 1411 2625 1482 ψυχὴν
2668 1411 3029 1482 ζημιούμενον
3063 1411 3096 1482 ἦ
3133 1411 3462 1477 ἀπολλύντα,
3506 1413 3603 1465 καὶ
3654 1429 3808 1483 περι-

2221 1504 2451 1574 φέροντα
2486 1503 2723 1566 συνειδὸς
2743 1503 3088 1574 ’βαρούμενον
3122 1504 3262 1574 ὑπὲρ
3291 1505 3508 1575 ιρορτίον
3541 1504 3681 1575 βαρὺ
3715 1504 3808 1557 καὶ

2221 1595 2326 1648 ὑπὸ
2360 1596 2457 1667 τῆς
2494 1596 2776 1667 ἀρνήσεως
2815 1594 3140 1664 πτώματος;
3180 1593 3655 1666 ’Υπομνησθῶμεν
3684 1595 3811 1648 ἐκα-

2223 1705 2367 1752 στος,
2420 1688 2612 1751 ὁσάκις
2659 1686 2955 1740 ἀποθανεῖν
3005 1687 3095 1740 τὸν
3143 1686 3322 1740 κοινὸν
3374 1687 3608 1739 θάνατον
3662 1689 3808 1741 ἐκινο

551 1794 752 1846 servati
797 1801 854 1846 ut
879 1791 1101 1862 praprio
1135 1787 1398 1854 sanguine
1427 1787 1595 1842 abluti
1624 1798 1678 1842 et
1705 1788 1852 1842 omni
1897 1802 2111 1856 peccato

2219 1780 2461 1842 δύνευσε,
2510 1780 2604 1833 καὶ
2649 1770 3024 1849 λογισώμεθα,
3067 1780 3279 1850 μήποτε
3337 1778 3426 1831 διὰ
3472 1778 3635 1832 τοῦτο
3681 1781 3808 1848 ἐτη-

554 1885 795 1938 iuundati
842 1886 984 1953 apud
1027 1885 1248 1940 caeleste
1281 1884 1450 1938 altare
1478 1898 1600 1938 cum
1655 1882 1722 1934 iis
1753 1881 1841 1950 qui
1874 1880 2121 1934 similiter

551 1979 896 2040 cet‘lat‘erint,
928 1993 1342 2033 convet'semur.

620 2255 708 2310 60.
749 2256 902 2322 Quod
933 2256 978 2312 si
1020 2256 1139 2325 quis
1181 2272 1376 2328 magno
1407 2258 1528 2312 vitae
1563 2271 1748 2312 amore
1793 2256 1972 2310 victus
2022 2261 2117 2308 aut

549 2349 794 2404 laborum
844 2350 1202 2418 impatientia,
1239 2359 1334 2404 aut
1366 2349 1709 2403 sermonibus
1750 2347 1842 2416 qui
1881 2357 2004 2416 apte
2049 2347 2115 2399 ad

547 2442 976 2511 persuadendum
1028 2443 1316 2496 videantur
1359 2442 1426 2494 ab
1489 2441 1554 2495 iis
1600 2440 1704 2494 dici
1755 2439 1846 2507 qui
1899 2452 1998 2492 nos
2047 2435 2116 2490 ad

548 2533 815 2588 deteriora
847 2545 1110 2589 conantur
1146 2534 1423 2600 inducere,
1467 2548 1632 2587 unum
1679 2533 1844 2585 Deum
1890 2528 2118 2600 ejusque

547 2626 818 2679 Christum
857 2626 1168 2694 negaverit,
1220 2624 1500 2680 confessus
1551 2634 1730 2679 autem
1786 2623 1950 2678 fuerit
2003 2623 2114 2677 daa-

548 2719 723 2772 monia
753 2727 844 2773 aut
887 2718 1154 2782 fortunas,
1186 2717 1324 2772 scito
1357 2717 1532 2782 illum,
1565 2717 1654 2786 qui
1689 2725 1846 2786 parat
1883 2715 2116 2770 daamoui

549 2825 791 2864 mensam
815 2819 869 2864 et
917 2811 1146 2865 fortuna:
1181 2811 1362 2863 viuum
1399 2810 1622 2876 miscet,
1676 2809 1963 2879 reliquisse
2006 2809 2115 2864 Do-

545 2901 778 2965 minum,
805 2911 1007 2956 etcum
1048 2905 1249 2958 montis
1282 2904 1458 2958 sancti
1503 2903 1622 2970 ejus
1667 2903 1866 2959 oblitus
1896 2903 1986 2969 sit,
2024 2917 2114 2957 rc-

545 2994 894 3060 prehensioni
928 2995 1002 3048 illi
1045 2995 1346 3062 subjectum
1387 2996 1450 3050 iri
1480 3012 1644 3065 quam
1691 2996 1862 3051 Isaias
1897 2996 2116 3066 scripsit

2223 1870 2488 1944 ρήθημεν,
2533 1872 2638 1935 ἵνα,
2685 1871 3078 1942 βαπισάμενοι
3109 1871 3188 1941 τῷ
3221 1870 3431 1925 ἑαυτῶν
3465 1871 3665 1942 αἵματι
3716 1873 3809 1925 καὶ

2220 1962 2650 2034 ἀπολουσάμενοι
2700 1964 2880 2016 πᾶσαν
2927 1962 3223 2033 ἁμαρτίαν,
3259 1962 3410 2034 παρά
3451 1962 3530 2034 τῷ
3558 1965 3616 2016 ἐν
3647 1965 3810 2034 ούρα-

2219 2054 2328 2114 νοῖς
2360 2051 2728 2124 θυσιαστηρίῳ
2767 2052 2866 2115 τὰς
2898 2051 3180 2124 διατριϐὰς
3220 2052 3359 2123 μετὰ
3399 2052 3510 2107 τῶν
3561 2070 3810 2122 συναγω-

2219 2143 2524 2213 νισαμένων
2551 2142 2926 2215 ποιησώμεθα.

2288 2258 2351 2310 Εἰ
2377 2255 2433 2310 δέ
2465 2274 2548 2320 τις
2579 2257 2762 2320 ἐνδοὺς
2789 2258 2896 2312 ἀπὸ
2925 2257 3122 2330 πολλῆς
3153 2257 3450 2328 φιλοζωῖας
3478 2259 3513 2328 ἦ
3545 2257 3647 2327 τῆς
3673 2258 3811 2329 πρὸς

2217 2347 2341 2412 τοὺς
2383 2347 2578 2412 πόνους
2613 2348 2902 2420 μαλακίας,
2934 2349 2967 2420 ἢ
2997 2349 3104 2402 τῶν
3137 2349 3509 2419 νομιζομένων
3558 2348 3807 2411 πιθανῶς

2219 2439 2586 2512 προσάγεσθαι
2636 2442 2740 2495 ὑπὸ
2789 2441 2897 2495 τῶν
2944 2442 3348 2496 ἀναπειθόντων
3399 2443 3551 2512 ἡμᾶς
3597 2443 3690 2494 ἐπὶ
3742 2441 3812 2495 τὰ

2218 2533 2469 2605 χείρονα,
2515 2516 2808 2605 ἀρνήσαιτο
2849 2532 2946 2603 μὲν
2993 2535 3054 2586 τὸ
3086 2530 3223 2586 εἶναι
3265 2534 3359 2586 ἕνα
3391 2533 3527 2586 Θεὸν
3575 2535 3673 2587 καὶ
3716 2533 3812 2586 τὸν

2217 2624 2452 2697 Χριστὸν
2496 2624 2684 2690 αὑτοῦ,
2735 2626 3066 2696 ὁμολογήσαι
3114 2625 3170 2678 δὲ
3216 2625 3470 2696 δαιμόνια
3518 2625 3552 2696 ἢ
3603 2625 3807 2696 τύχας·

2221 2715 2370 2780 ἴστω,
2401 2716 2482 2769 ὅτι
2526 2709 2712 2779 οὗτος,
2760 2717 3064 2787 ἐτοιμάζων
3103 2715 3180 2787 τῷ
3232 2717 3452 2787 δαίμονι
3501 2716 3808 2788 τράπεζαν,

2216 2809 2310 2863 καὶ
2341 2808 2564 2880 πληρῶν
2589 2811 2655 2880 τῇ
2685 2807 2825 2882 τύχῃ
2863 2811 3147 2881 κέρασμα,
3190 2809 3520 2879 ἐγκατέλιπε
3560 2810 3769 2882 Κύριον
3793 2828 3805 2840 ·

2217 2900 2310 2954 καὶ
2341 2899 2822 2971 ἐπιλανθανόμενος
2847 2900 2941 2954 τού
2971 2902 3128 2972 ὅρους
3157 2901 3268 2972 (40)
3291 2900 3385 2955 τοῦ
3416 2901 3580 2971 ἀγίου
3612 2901 3808 2967 αὑτοῦ,

2213 2991 2421 3056 τούτοις
2451 2996 2563 3056 τοῖς
2595 2993 2836 3062 ἐλέγχοις
2867 2993 3234 3057 ὑποκείσεται,
3266 2993 3361 3059 οὓς
3409 2993 3645 3058 Ἡσαΐας
3687 2995 3814 3048 10'3-

545 3084 598 3138 in
639 3086 780 3142 lmuc
814 3087 1031 3142 modum
1058 3105 1071 3141 :
1111 3108 1129 3139 ι
1155 3087 1260 3142 Vos
1293 3098 1475 3145 autem
1506 3089 1597 3157 qui
1627 3089 1996 3160 dereliquistis
2028 3105 2111 3145 me

2215 3102 2304 3138 τον
2335 3085 2425 3140 τὸν
2463 3086 2662 3156 τρόπον
2700 3086 2975 3158 ἀνέγραψε
2995 3102 3007 3114 ·
3045 3104 3064 3138 t
3107 3087 3297 3157 Ὑμεῖς
3326 3087 3384 3141 δὲ
3416 3089 3467 3142 οἱ
3517 3089 3813 3157 ἐγκαταλι-

543 3186 596 3228 et
634 3175 784 3230 obliti
827 3177 962 3231 estis
1012 3177 1212 3231 montis
1258 3177 1431 3232 sancti
1475 3177 1615 3244 mei,
1656 3187 1710 3232 et
1755 3179 1959 3248 paratis
2003 3179 2115 3234 dte-

544 3269 689 3320 moni
737 3282 1004 3333 mensam,
1034 3277 1088 3322 et
1125 3267 1360 3337 impletis
1391 3269 1620 3324 fortuna!
1661 3270 1965 3340 potionem;
2014 3285 2116 3341 ego

541 3357 699 3427 θοι
733 3359 940 3413 tradam
968 3373 1062 3415 vos
1097 3360 1149 3413 in
1176 3359 1450 3430 gladium;
1480 3375 1670 3416 omnes
1706 3362 1757 3415 in
1790 3362 2116 3418 mactatioae

544 3449 767 3515 cadetis,
796 3451 924 3519 quia
973 3451 1165 3508 vocavi
1201 3467 1296 3507 vos
1329 3460 1383 3508 et
1421 3469 1526 3506 non
1556 3453 1848 3519 obedistis;
1904 3455 2114 3511 locutus

542 3554 685 3607 sum,
742 3551 798 3595 et
843 3545 1272 3614 contempsistis,
1305 3553 1358 3598 et
1388 3543 1596 3600 fecistis
1647 3545 1846 3600 malum
1882 3547 1932 3601 iu
1983 3562 2115 3602 con-

541 3641 727 3700 spectu
762 3647 906 3698 meo,
934 3643 990 3690 et
1041 3650 1160 3705 qua:
1216 3638 1462 3692 nolebam
1502 3637 1761 3704 elegistis.
1825 3638 2113 3708 Propterea

543 3722 656 3778 haec
684 3725 815 3780 dicit
843 3726 1106 3782 Dominus
1137 3746 1150 3782 :
1186 3727 1326 3783 Ecce
1356 3730 1447 3798 qui
1481 3729 1727 3784 serviunt
1775 3731 1906 3785 milii
1952 3745 2110 3785 man-

541 3811 844 3884 ducahunt;
875 3830 974 3872 vos
999 3825 1176 3872 autem
1204 3819 1486 3884 esurietis;
1537 3835 1667 3876 ecce
1719 3822 1809 3891 qui
1865 3823 2114 3878 serviunt

542 3904 674 3958 mihi
702 3905 1073 3976 laetabuntur;
1110 3925 1208 3966 vos
1261 3920 1441 3966 autem
1494 3912 1931 3982 confundentini;
1983 3931 2114 3973 ecce

539 3998 628 4066 qui
657 4001 901 4056 serviunt
931 4002 1061 4058 mihi
1093 4003 1441 4060 exsultabant
1466 4004 1517 4058 in
1551 4005 1754 4070 laetitia,
1793 4022 1888 4061 vos
1928 4017 2109 4062 autem

539 4088 846 4146 clamabitis
878 4101 1100 4163 propter
1127 4093 1366 4149 dolorem
1408 4093 1612 4158 cordis,
1640 4103 1694 4149 et
1729 4103 1951 4164 propter
1975 4110 2105 4150 con-

539 4179 814 4236 tritionem
849 4184 1073 4252 spiritus
1109 4185 1408 4244 ululabitis.
1440 4185 1778 4255 Relinquetis
1823 4185 1968 4241 enim
2013 4204 2110 4241 no-

537 4285 659 4327 men
690 4289 868 4329 meum
901 4275 953 4331 in
983 4279 1324 4334 saturitatem
1365 4280 1554 4337 electis
1597 4280 1766 4348 meis;
1799 4295 1893 4334 vos
1927 4288 2106 4335 autem

537 4362 828 4422 interficiet
894 4367 1232 4426 Dominus“.
1282 4391 1300 4425 ι
1336 4372 1441 4427 Sed
1476 4373 1522 4426 si
1567 4372 1924 4442 intelligentes
1985 4387 2106 4442 quas

533 4454 605 4510 sit
635 4471 818 4513 mensa
848 4457 1084 4528 Domini,
1127 4463 1418 4532 participes
1467 4463 1586 4534 ejus
1611 4477 1731 4518 esse
1756 4463 2000 4524 velimus,
2042 4461 2104 4514 il-

533 4546 622 4602 Iud
646 4565 860 4620 quoque
912 4554 1220 4610 noverimus
1258 4572 1272 4609 :
1308 4573 1327 4606 ι
1365 4555 1479 4611 Non
1515 4555 1736 4624 potestis
1763 4569 1961 4609 mensae
1994 4553 2101 4607 Do.

534 4640 663 4694 mini
708 4643 998 4712 participes
1051 4660 1195 4712 esse,
1231 4655 1284 4701 et
1327 4662 1527 4702 meusze
1574 4644 2038 4701 daamoniorum".
2077 4661 2096 4694 ι

531 4730 664 4797 Quis
691 4743 870 4788 autem
891 4736 1057 4790 lilium
1094 4738 1314 4792 tonitrui
1365 4736 1624 4792 Joannem
1653 4737 1880 4792 audiens
1909 4737 2098 4790 dicen-

535 4831 639 4877 tem
671 4840 686 4876 :
728 4843 748 4876 t
784 4825 974 4880 Omnis
1008 4827 1098 4894 qui
1151 4837 1310 4896 negat
1351 4827 1572 4891 Filium,
1622 4841 1719 4881 nec
1749 4826 1962 4881 Patrem
1998 4828 2095 4881 Ita-

533 4913 654 4978 bel;
687 4915 775 4980 qui
796 4915 1086 4970 confitetur
1107 4916 1325 4983 Filium,
1353 4917 1634 4974 etPatrem
1663 4917 1823 4972 habet
1843 4917 1888 4948 ³⁸
1907 4958 1922 4985 ,
1954 4937 1972 4969 ι
1995 4933 2100 4972 non

533 5000 784 5056 formidet
815 5017 874 5058 se
909 5004 1269 5061 Christianum
1312 5023 1416 5062 non
1451 5022 1570 5062 esse
1603 5008 1784 5062 dicere
1811 5016 1866 5060 et
1901 5020 2099 5074 negare

531 5090 746 5159 Filium,
778 5102 838 5148 ut
876 5095 1022 5149 illum
1060 5102 1306 5166 negando
1332 5114 1429 5154 nec
1460 5099 1674 5153 Patrem
1699 5099 1929 5154 habeat?
1962 5099 2095 5164 Quis

532 5188 708 5256 potius
741 5202 848 5243 non
899 5199 1109 5256 qureret
1134 5198 1189 5243 ct
1222 5191 1475 5259 operibus
1516 5201 1570 5244 et
1623 5191 1806 5246 verbis
1844 5205 1903 5245 se
1931 5189 2088 5244 Gliri-

2219 3177 2409 3240 πόντες
2455 3193 2521 3247 με
2573 3177 2664 3230 καὶ
2720 3175 3199 3248 ἐπιλανθανόμενοι
3250 3178 3313 3231 τὸ
3364 3178 3495 3251 ὅρος
3544 3179 3607 3232 τὸ
3653 3181 3812 3251 ἅγιόν

2219 3285 2343 3338 μου,
2392 3269 2486 3321 καὶ
2532 3268 2910 3339 ἐτοιμάζοντες
2958 3268 3035 3340 τῷ
3079 3269 3290 3340 δαίμονι
3345 3270 3658 3342 τράπεζαν,
3712 3275 3815 3327 καὶ

2216 3360 2546 3432 πληροῦντες
2585 3364 2649 3432 τῇ
2680 3363 2820 3434 τύχῃ
2861 3361 3134 3432 κέρασμα,
3163 3359 3272 3424 ἐγὼ
3305 3362 3623 3433 παραδώσω
3663 3365 3814 3435 ὑμᾶς

2214 3453 2292 3514 εἰς
2328 3451 2620 3522 μάχαιραν.
2657 3451 2862 3514 Πάντες
2900 3451 2958 3504 ἐν
2995 3453 3175 3521 σφαγῇ
3220 3451 3508 3504 πεσεῖσθε·
3557 3453 3642 3506 δτι
3678 3454 3814 3507 ἐκά-

2213 3540 2343 3597 λεσα
2370 3545 2532 3614 ὑμᾶς,
2564 3543 2658 3596 καὶ¹
2681 3543 2779 3613 οὐχ
2817 3541 3162 3614 ὑπηκούσατε
3183 3558 3197 3572 ·
3232 3541 3490 3613 ἐλάλησα,
3537 3545 3635 3599 καὶ
3662 3562 3815 3616 παρ-

2213 3633 2501 3704 ηκούσατε·
2550 3634 2644 3688 καὶ
2689 3635 2978 3706 ἐποιήσατε
3005 3634 3066 3687 τὸ
3110 3634 3347 3704 πονηρὸν
3382 3636 3626 3692 ἐναντίον
3661 3654 3768 3708 μου
3794 3655 3808 3666 ·

2213 3725 2308 3778 καὶ
2338 3725 2374 3780 ἀ
2401 3726 2502 3778 οὐκ
2534 3725 2830 3797 ἐϐουλόμην
2860 3725 3194 3792 ἐξελέξασθε.
3226 3725 3326 3779 Διά
3361 3726 3524 3780 τοῦτο
3555 3729 3683 3782 τάδε
3719 3729 3812 3783 λέ-

2211 3833 2296 3884 γει
2316 3815 2536 3888 Κύριος·
2574 3817 2705 3870 Ἰδοὺ
2735 3819 2782 3870 οἱ
2819 3816 3157 3882 δουλεύοντές
3193 3835 3283 3888 μοι
3311 3817 3604 3886 φάγονται·
3644 3820 3813 3891 ὑμεῖς

2211 3909 2268 3962 δὲ
2313 3909 2616 3965 πεινάσετε.
2663 3909 2790 3963 Ἰδοὺ
2815 3909 2864 3962 οἱ
2887 3909 3225 3973 δουλεύοντες
3268 3925 3357 3980 μοι
3393 3909 3813 3983 εὐφρανθήσον-

2210 4019 2326 4056 ται·
2385 4002 2543 4072 ὑμεῖς
2595 4001 2653 4054 δὲ
2699 4002 3141 4072 αἰσχυνθήσεσθε.
3203 4002 3332 4056 Ἰδοὺ
3371 4004 3421 4056 οἱ
3459 4002 3815 4068 δουλεύοντάς

2213 4112 2302 4165 μοι
2351 4093 2765 4162 ἀγαλλιάσονται
2800 4095 2856 4146 ἐν
2887 4091 3227 4165 εὐφροσύνῃ·
3289 4093 3452 4163 ὑμεῖς
3492 4094 3551 4147 δὲ
3593 4097 3812 4166 κεκρά-

2210 4183 2363 4251 ξεσθε
2396 4183 2484 4237 διὰ
2510 4183 2600 4235 τὸν
2627 4181 2786 4234 πόνον
2819 4182 2917 4252 τῆς
2954 4180 3180 4252 καρδίας
3198 4223 3212 4244 ,
3253 4183 3347 4234 καὶ
3370 4182 3481 4236 ἀπὺ
3509 4184 3815 4255 ωντριδῆς

2209 4275 2513 4346 πνεύματος
2573 4273 2847 4340 όλολύξετε
2871 4291 2884 4304 ·
2941 4272 3294 4342 καταλείψετε
3356 4274 3468 4346 γὰρ
3518 4275 3581 4329 τὸ
3627 4275 3815 4348 δνομά

2212 4384 2310 4437 μου
2357 4369 2437 4430 εἰς
2494 4365 2807 4436 πλησμονὴν
2863 4366 2972 4428 τοῖς
3035 4363 3311 4428 ἐκλεκτοῖς
3354 4381 3488 4434 μου·
3538 4366 3687 4436 ὑμᾶς
3752 4367 3815 4420 δὲ

2207 4461 2382 4516 ἀνελεῖ
2410 4461 2630 4533 Κύριος.
2667 4480 2685 4512 ι
2727 4459 2882 4512 Ἀλλά
2911 4461 3007 4512 καὶ
3028 4458 3186 4529 εἴπερ
3215 4458 3483 4525 νοοῦντες,
3516 4461 3599 4524 τίς
3625 4463 3662 4532 ἡ
3709 4459 3814 4514 τοῦ

2206 4555 2410 4624 Κυρίου
2455 4551 2704 4624 τράπεζα
2753 4552 2886 4622 (41),
2943 4552 3190 4623 μετέχειν
3241 4553 3414 4622 αὑτῆς
3469 4553 3814 4624 βουλόμεθα,

2203 4645 2558 4716 γινώσκωμεν
2591 4646 2670 4709 τὸ,
2705 4663 2722 4695 t
2758 4645 2829 4697 υύ
2858 4643 3084 4697 δύνασθε
3109 4643 3314 4716 Κυρίου
3353 4644 3633 4716 τραπέζης
3671 4663 3819 4717 μετ-

2202 4735 2366 4805 έχειν,
2406 4737 2501 4789 καὶ
2530 4734 2806 4808 τραπέζης
2844 4735 3152 4806 δαιμονίων.
3191 4755 3210 4786 ›
3241 4736 3337 4799 Τίς
3357 4736 3415 4788 δὲ
3436 4737 3690 4800 ἀκούσας.
3710 4737 3819 4791 τοῦ

2200 4827 2298 4896 τῆς
2332 4827 2559 4898 βροντῆς
2594 4826 2709 4879 υἱοῦ
2763 4827 3006 4880 Ἰωάννου
3031 4827 3308 4894 λέγοντος·
3349 4847 3366 4878 t
3411 4829 3574 4891 Πᾶςό
3597 4829 3822 4901 ἀρνού-

2205 4936 2363 4989 μενος
2397 4919 2488 4971 τὸν
2517 4918 2644 4971 Υἱὸν
2700 4918 2821 4971 οὑδὲ
2860 4917 2950 4972 τὸν
2991 4918 3212 4990 Πατέρα
3272 4917 3415 4988 ἔχει·
3460 4922 3489 4973 ό
3519 4919 3574 4972 δὲ
3599 4920 3823 4989 ὁμολο-

2197 5009 2310 5080 γῶν
2339 5010 2430 5062 τὸν
2465 5009 2590 5063 Υἱὸν
2629 5009 2722 5062 καὶ
2757 5010 2848 5062 τὸν
2880 5010 3098 5081 Πατέρα
3146 5010 3298 5088 ἔχειν·
3338 5030 3356 5062 ι
3393 5011 3456 5064 ού
3488 5011 3823 5083 φοϐηθήσε-

2195 5118 2284 5154 ται
2315 5101 2402 5154 διὰ
2427 5101 2521 5154 τοῦ
2567 5101 2745 5170 λέγειν
2782 5101 2854 5172 μὴ
2891 5096 3026 5155 εἶναι
3062 5101 3409 5171 Χριστιανὸς,
3452 5104 3824 5175 ἀρνήσασθαι

2194 5192 2284 5246 τὸν
2319 5194 2464 5258 Υίὸν,
2512 5195 2568 5246 ἐν
2591 5193 2670 5264 τῷ
2701 5191 2984 5264 ἀρνεῖσθαι
3032 5192 3214 5258 αὑτὸν,
3257 5194 3357 5265 οὑχ
3391 5194 3528 5262 ἕξων
3557 5196 3654 5251 τὸν
3682 5199 3819 5252 Πα-

599 5386 644 5417 “
675 5384 866 5440 lJoan.
898 5403 964 5442 It.
995 5386 1082 5451 15,
1117 5385 1202 5450 16,
1232 5386 1318 5439 17.
1394 5388 1437 5417 ³³
1469 5385 1624 5442 Joan.
1661 5403 1791 5452 xm,
1825 5388 1916 5452 21,
1950 5387 2044 5440 22.
2080 5387 2096 5459 Ι

2223 5393 2322 5443 sai.
2349 5404 2474 5454 μιν,
2507 5389 2695 5444 11-15.
2773 5391 2818 5422 ⁸⁷
2843 5390 2857 5444 1
2879 5390 3004 5447 Cur.
3037 5404 3094 5456 Χ,
3125 5391 3216 5444 21.
3295 5390 3341 5422 ⁸⁸
3369 5390 3572 5447 lJoan.
3603 5407 3679 5455 tt,
3715 5394 3820 5448 E5.

527 5633 551 5650 η
599 5561 731 5630 (40)
785 5560 894 5615 Τοῦ
963 5560 1158 5629 ὄρους.
1211 5563 1446 5634 Legebat
1501 5565 1856 5629 Wetstenius,
1956 5565 2083 5627 τοὺς

524 5650 706 5776 ora”
736 5703 1049 5771 Nooﬁm'sc,
1083 5703 1172 5770 τίς
1204 5705 1240 5772 ἠ
1276 5703 1380 5756 τοῦ
1417 5705 1636 5771 Κυρίου
1666 5703 1934 5773 τράπεᾷι.
1966 5706 2092 5759 νζιῖυ

2189 5565 2474 5646 origcnem
2511 5567 2605 5646 |i_b_.
2630 5637 2640 5646 _
2663 5583 2782 5646 vni,
2819 5568 3017 5624 Contra
3051 5568 3300 5646 Celsum,
3339 5587 3496 5646 num.
3545 5573 3648 5646 24.
3712 5578 3818 5646 25,

2192 5637 2278 5689 ubi
2316 5649 2502 5709 contra
2537 5637 2960 5709 idolutltytorum
3000 5655 3175 5702 esum,
3209 5640 3390 5709 locum
3427 5644 3617 5698 l’aulil
3663 5637 3821 5709 Cor;

2204 5722 2320 5772 \‘lll,
2355 5707 2594 5776 pluribus
2619 5707 2794 5780 urget.
2827 5711 2926 5765 Adi
2957 5710 3197 5780 ejusdem
3237 5707 3331 5765 lib.
3373 5730 3523 5768 num.
3548 5715 3651 5772 50.
