3996 6528
206 403 290 461 61⁸1
1259 392 1709 450 ΕΧΗΟΒΤΑΤΙΟ

1832 413 1833 422 η
1867 392 2310 452 ΜΑΒΤῩΒΙΙΙΜ.

3325 399 3428 455 613

203 517 342 587 ripa;
371 510 470 567 Καὶ
496 509 574 574 τίς
608 510 704 564 οὐκ
730 509 794 564 ἂν
822 510 1162 583 προτραπείη
1195 511 1473 584 ὁμολογῶν
1519 511 1627 582 (42)
1664 509 1723 564 τὸ

1832 511 2067 565 stianum
2089 526 2209 567 esse
2226 511 2498 576 conﬁteri,
2519 520 2572 566 et
2600 522 2655 567 ut
2670 512 2886 568 Patrem
2917 515 3153 571 habeat?
3172 518 3262 588 qui
3281 533 3424 575 euun

201 604 309 661 εἶναι
338 603 637 675 Χριστιανὸς
679 603 858 674 ἔργοις
901 603 996 657 καὶ
1035 604 1233 674 λόγοις,
1267 604 1354 659 ἵνα
1379 603 1474 658 καὶ
1501 605 1592 658 τὸν
1622 605 1736 657 Πα-

201 701 304 771 τέρα
329 698 412 770 ἔχῃ
437 714 449 760 ;
477 699 522 751 oi
551 697 656 766 γὰρ
681 696 1066 769 ὁμολογοῦντες
1095 697 1275 767 ἔχουσι
1305 697 1397 752 τὸν
1423 697 1663 770 Πατέρα.

190 815 192 820 ν
251 791 302 843 Et
328 788 753 860 μεταϐεϐήκαμεν
786 807 804 840 ι
829 791 892 842 ἐκ
916 789 1008 842 τοῦ
1039 789 1269 844 θανάτου
1298 791 1378 855 εἰς
1403 790 1500 862 τὴν
1533 789 1682 862 ζωὴν
1713 810 1730 842 ι

199 882 264 935 διὰ
284 880 363 934 τοῦ
388 881 798 954 μεταϐεϐηκέναι
840 881 947 934 ἀπὸ
994 883 1252 947 ἀπιστίας
1282 885 1362 946 εἰς
1401 883 1581 937 πίστιν
1607 925 1621 950 ,
1660 883 1734 955 μὴ

199 971 536 1044 θαυμάζωμεν,
569 975 616 1027 εἰ
642 977 789 1044 μισεί
816 977 962 1044 ἡμᾶς
988 977 1015 1028 ὁ
1039 975 1240 1047 κόσμος
1265 976 1395 1047 (45).
1423 975 1608 1040 Οὐδεὶς
1628 975 1736 1047 γὰρ

199 1069 254 1140 μὴ
285 1066 500 1139 μεταϐὰς
523 1066 587 1119 ἐκ
617 1065 706 1119 τοῦ
737 1065 966 1120 Θανάτου
1002 1069 1082 1131 εἰς
1109 1067 1205 1138 τὴν
1255 1067 1419 1138 ζωὴν,
1458 1066 1592 1122 ἀλλὰ
1647 1068 1736 1138 μὲ-

196 1176 275 1213 νων
294 1160 342 1212 ἐν
361 1157 430 1227 τῷ
456 1157 684 1227 θανάτῳ,
733 1157 955 1214 δύναται
990 1161 1211 1230 ἀγαπᾷν
1252 1161 1378 1223 τοὺς
1428 1160 1734 1232 μεταϐεϐη-

195 1251 323 1314 κότας
346 1248 442 1303 ἀπὸ
468 1250 742 1324 σκοτεινῆς
769 1251 867 1321 τῆς
899 1249 992 1304 τοῦ
1052 1250 1314 1313 θανάτου,
1348 1251 1412 1304 ἵν’
1451 1250 1627 1315 οὕτως
1672 1254 1731 1304 ὀς

193 1344 384 1415 νομάσω,
411 1341 598 1405 οἰκίας,
623 1342 710 1395 ἐπὶ
737 1341 803 1395 τὰ
822 1341 1222 1415 πεπληρωμένα
1249 1342 1654 1415 οἰκοδομήματα
1669 1344 1732 1398 ἐκ

192 1435 317 1486 λίθων
351 1432 554 1496 ζώντων
606 1434 784 1502 φωτὸς
831 1434 997 1504 ζωῆς.
1049 1453 1068 1486 ι
1109 1435 1280 1507 ’Υπὲρ
1327 1437 1483 1508 ἡμῶν
1537 1438 1731 1510 ἔθηκεν

203 1525 365 1597 Ἰησοῦς
388 1525 480 1597 τὴν
509 1525 687 1597 ψυχήν
709 1543 721 1556 ·
753 1545 771 1578 ι
801 1527 1071 1598 καὶὴμεῖς
1090 1523 1182 1581 οὖν
1207 1527 1388 1599 θῶμεν
1416 1529 1604 1602 αὐτὴν,
1633 1531 1732 1585 οὐκ

193 1620 276 1693 EptTJ
299 1621 420 1687 ὑπὲρ
449 1619 632 1684 αὑτοῦ,
663 1619 777 1674 ἀλλ’
813 1621 952 1694 ὑπὲρ
979 1621 1186 1677 ἑαυτῶν
1211 1639 1225 1653 ·
1259 1617 1414 1694 οἶμαι
1442 1623 1487 1677 δ’
1511 1626 1592 1678 ὅτι
1625 1627 1730 1682 κᾶν

192 1712 298 1786 ὑπὲρ
319 1712 415 1766 τῶν
445 1715 500 1766 ἐν
519 1713 596 1784 τῷ
627 1713 912 1786 μαρτυρίῳ
933 1713 1090 1784 ἡμῶν
1130 1713 1726 1788 οἰκοδομηθησομένων.

200 1806 372 1876 Ἐνέστη
427 1808 552 1876 ἡμῖν
595 1807 787 1878 καιρὸς
826 1805 1168 1878 Χριστιανῶν
1221 1808 1558 1879 καυχήσεων.
1595 1831 1612 1860 ι
1651 1811 1726 1864 Οὐ

192 1899 312 1968 μόνον
367 1899 485 1969 γάρ,
569 1900 742 1971 φησὶ,
799 1899 933 1954 ἀλλὰ
980 1902 1075 1955 καὶ
1121 1899 1459 1972 καυχώμενοι
1501 1905 1560 1956 ἐν
1600 1907 1720 1970 ταῖς

190 1991 380 2060 θλίψεσιν
399 2009 412 2021 ·
446 1992 644 2056 εἰδότες
671 1993 753 2047 ὃτι
783 1994 815 2064 ἡ
845 1993 1022 2064 θλίψις
1076 1994 1352 2066 ὑπομονὴν
1384 1995 1720 2068 κατεργάζε-

188 2083 391 2153 uvas:
424 2083 667 2155 ὑπομονὴ
712 2082 974 2156 δοκιμήν·
1006 2087 1040 2156 ἡ
1077 2086 1133 2140 δὲ
1166 2087 1365 2159 δοκιμὴ
1408 2088 1599 2143 ἐλπίδα
1622 2105 1635 2119 ·
1687 2091 1720 2161 ἡ

188 2175 228 2227 δὲ
250 2175 376 2239 ἐλπὶς
403 2176 458 2229 οὐ
503 2175 855 2247 καταισχύνει
878 2193 894 2206 ·
926 2197 944 2228 ›
979 2177 1136 2249 μόνον
1163 2195 1181 2230 ι
1209 2179 1242 2250 ἡ
1275 2181 1462 2252 ἀγάπη
1479 2179 1571 2234 τοῦ
1586 2179 1720 2234 Θεοῦ

188 2269 444 2339 ἑκκεχύσθω
471 2273 526 2325 ἐν
547 2275 673 2337 ταῖς
697 2273 943 2346 καρδίαις
988 2274 1145 2346 ἡμῶν
1173 2275 1261 2329 διὰ
1283 2276 1377 2330 τοῦ
1407 2277 1724 2349 Πνεῦματος

186 2361 321 2427 ἁγίου.
349 2381 365 2414 ι
389 2362 590 2428 Παῦλος
620 2365 722 2435 μὲν
748 2365 972 2436 λεγέτω·
1002 2385 1019 2417 ι
1043 2366 1103 2420 Et
1130 2368 1270 2421 κατὰ
1296 2367 1580 2445 ἄνθρωπον
1598 2369 1724 2442 ἐθησ-

188 2455 440 2526 ριομάχησα
459 2459 515 2510 ἐν
561 2457 801 2528 Ἐφέσῳ·
825 2478 842 2510 ι
873 2460 1030 2531 ἡμεῖς
1051 2460 1108 2516 δὲ
1133 2479 1152 2513 ι
1190 2462 1254 2515 Εἰ
1277 2461 1418 2516 κατὰ
1440 2462 1723 2532 ἄνθρωπον

185 2545 403 2618 ἀνῃρέθην
433 2549 488 2601 ἐν
520 2548 805 2623 Γερμανίᾳ
832 2551 962 2621 (44).
993 2569 1011 2602 ι

239 2639 287 2690 ΕΞ
315 2657 332 2690 ι
371 2639 541 2704 καθὼς
570 2643 890 2714 περισσεύει
913 2643 981 2696 τὰ
1007 2645 1303 2717 παθήματα
1339 2647 1433 2700 τοῦ
1462 2647 1722 2720 Χριστοῦ,

184 2728 291 2784 οὕτω
311 2731 386 2786 διά
400 2733 488 2788 τοῦ
509 2736 753 2807 Χριστοῦ
783 2737 1096 2810 περισσεύει
1117 2740 1208 2793 καὶ
1229 2741 1261 2810 ὴ
1290 2740 1636 2812 παράκλησις
1653 2782 1670 2808 ,
1700 2762 1717 2794 ι

185 2822 510 2893 προθυμότατα
562 2827 1002 2899 παρώεξώμεθα
1029 2829 1098 2884 τὰ
1130 2833 1364 2903 Χριστοῦ
1403 2833 1722 2907 παθήματα,

185 2915 254 2965 καὶ
279 2919 669 2988 περισσευσάτω
693 2921 751 2973 ἐν
774 2922 926 2992 ἡμῖν,
950 2921 1108 2995 εἴπερ
1127 2925 1432 2996 ὀρεγόμεθα
1461 2929 1725 3000 περισσῆς

184 3009 536 3081 παρακλήσεως,
567 3013 641 3084 ἢν
664 3014 865 3080 πάντες
895 3017 992 3088 μὲν
1018 3017 1066 3069 οἱ
1091 3017 1412 3084 πενθοῦντες
1440 3021 1726 3094 παρακλη-

184 3094 408 3167 θήτονται,
451 3105 593 3176 τάχα
650 3106 709 3159 δὲ
755 3108 856 3161 οὐκ
887 3106 1083 3178 ἐπίσης
1105 3125 1118 3138 ·
1150 3109 1199 3161 εί
1227 3110 1336 3182 γὰρ
1368 3111 1565 3185 ἐπίσης
1595 3109 1662 3185 ἦν
1690 3115 1724 3186 ἡ

1841 601 2190 669 confitentur,
2221 602 2434 660 Patrem
2460 606 2678 661 habent.

1909 779 2002 834 4|.
2057 778 2216 834 Sita
2270 791 2444 836 morte
2499 783 2850 840 transivimus
2897 787 2966 841 ad
3018 788 3186 842 vitam
3207 789 3333 855 ",5
3361 806 3428 847 eo

1839 875 1982 944 quod
2011 876 2079 929 al)
2115 875 2432 929 infidelitate
2463 878 2530 930 ad
2567 877 2727 932 [idem
2785 881 3196 950 transierimus;
3229 899 3296 938 ne
3325 884 3427 936 mi-

1839 980 2021 1019 remur
2050 965 2092 1020 si
2135 980 2234 1020 nos
2253 965 2366 1020 odit
2397 967 2645 1022 mundus.
2680 967 2847 1022 Nemo
2887 973 3029 1025 enim
3072 973 3161 1043 qui
3192 989 3221 1027 a
3254 983 3426 1030 morte

1837 1059 1904 1113 ad
1944 1060 2109 1113 vitam
2142 1075 2246 1113 non
2286 1060 2601 1124 transierit,
2633 1061 2726 1115 sed
2758 1065 3083 1119 remanserit
3136 1065 3188 1120 in
3224 1080 3423 1135 morte,

1837 1167 1931 1207 eos
1957 1167 2145 1206 amare
2206 1160 2386 1223 potest
2409 1153 2499 1221 qui
2545 1156 2877 1210 transierunt
2905 1173 2933 1211 a
2960 1159 3248 1216 tenebrosa
3276 1177 3425 1218 mor-

1838 1247 1928 1309 tis,
1961 1255 2019 1300 ut
2050 1245 2122 1300 ita
2154 1246 2364 1312 dicam,
2410 1245 2570 1302 domo
2594 1248 2660 1301 ad
2683 1250 2911 1304 aediﬁcia
2948 1251 3082 1308 lueis
3131 1255 3254 1309 vitm
3285 1255 3427 1313 vivis

1835 1351 1901 1392 ex
1944 1337 2209 1406 lapidibus
2241 1339 2527 1408 completa.
2561 1357 2580 1391 ι
2627 1340 2729 1396 Pro
2775 1343 2928 1398 nobis
2962 1347 3140 1414 posuit
3177 1349 3421 1403 animam

1835 1432 2050 1484 suam’o
2088 1449 2108 1482 ι
2173 1429 2353 1498 Jesus,
2391 1441 2446 1486 et
2471 1448 2569 1487 nos
2598 1434 2762 1505 igitur
2795 1451 3060 1506 ponamus
3108 1454 3254 1504 eam,
3312 1458 3419 1497 non

1835 1523 2011 1578 dicam
2053 1539 2151 1595 pro
2183 1525 2320 1595 ipso,
2353 1529 2447 1581 sed
2481 1542 2579 1596 pro
2612 1528 2791 1594 nobis,
2854 1529 3047 1600 Opinor
3103 1541 3284 1586 autem
3325 1549 3423 1602 pro

1835 1618 1902 1671 iis
1931 1619 2021 1687 qui
2060 1622 2323 1693 martyrio
2355 1632 2545 1676 nostro
2566 1623 2868 1678 aedificandi
2898 1634 3048 1678 sunt.
3076 1625 3244 1680 Adest
3265 1629 3424 1684 nobis

1836 1720 2044 1781 tempus
2075 1713 2388 1772 Christiane
2433 1715 2723 1788 gloriandi.
2756 1715 3012 1770 Aitcnim
3049 1736 3061 1772 :
3102 1738 3118 1770 ι
3160 1717 3276 1774 Νοιι
3333 1735 3424 1775 so-

1834 1804 1942 1856 lum
1973 1813 2150 1860 autem
2179 1846 2192 1869 ,
2254 1811 2347 1862 sed
2393 1818 2446 1863 et
2490 1810 2787 1879 gloriamur
2845 1809 2896 1864 in
2954 1811 3420 1882 tribulationibus,

1828 1895 2062 1950 scientes
2107 1898 2235 1966 quia
2281 1898 2558 1954 tribulatio
2611 1900 2929 1969 patientiam
2985 1911 3271 1971 Operatur;
3328 1919 3424 1973 pa-

1823 1984 2010 2039 tientia
2035 1995 2215 2042 autem
2243 1989 2662 2057 probationem;
2709 1991 2960 2060 probatio
3008 2004 3188 2046 autent
3223 2007 3418 2060 spem;

1823 2091 1947 2144 spes
1978 2092 2106 2132 vero
2147 2094 2252 2133 non
2298 2081 2605 2137 confundit.
2643 2100 2661 2134 ι
2697 2081 2929 2137 'l‘anturn
2969 2102 2988 2135 ι
3027 2085 3270 2141 charitas
3319 2085 3420 2141 Dei

1823 2171 2020 2228 ditTusa
2103 2171 2174 2226 sit
2240 2174 2294 2228 in
2370 2175 2632 2230 cordibus
2729 2175 2930 2231 nostris
2989 2192 3086 2246 per
3150 2179 3418 2246 Spiritum

1825 2266 2160 2323 sanctum“.
2203 2285 2220 2318 ι
2263 2264 2458 2320 Paulus
2490 2266 2708 2334 quidem
2742 2267 2891 2320 dicat
2927 2284 2942 2322 :
2982 2286 3001 2319 ι
3033 2268 3088 2322 Si
3114 2271 3416 2325 secundum

1827 2359 2106 2416 hominem
2124 2360 2191 2413 ad
2211 2360 2414 2415 bestias
2429 2360 2662 2430 pugnavi
2694 2359 2958 2429 Ephesi"
2986 2376 3001 2426 ;
3035 2380 3053 2414 ι
3074 2377 3174 2416 nos
3191 2371 3372 2418 autem
3397 2381 3412 2418 :

1831 2471 1850 2505 ι
1881 2452 1940 2508 Si
1972 2452 2274 2508 secundum
2305 2451 2580 2507 hominem
2608 2451 2824 2507 occisus
2850 2468 2968 2507 sum
2995 2453 3411 2515 inGermania.)

1895 2635 2163 2709 30242.
2184 2636 2240 2692 Si
2273 2653 2291 2687 ι
2330 2637 2474 2690 sicut
2499 2634 2774 2688 abundant
2794 2635 3072 2704 passiones
3089 2637 3313 2705 Christi,
3343 2639 3415 2694 ita

1826 2746 1923 2803 per
1951 2731 2229 2786 Christum
2269 2729 2510 2785 abundat
2553 2731 2852 2786 consolatio
2879 2731 2972 2795 ",9
3033 2749 3243 2790 summa
3295 2737 3412 2789 ala-

1829 2824 2024 2879 critate
2061 2823 2345 2894 passiones
2390 2823 2593 2878 Christi
2626 2825 3012 2893 suscipiamus,
3041 2837 3096 2880 et
3136 2828 3416 2884 abundent

1829 2918 1931 2975 illm
1957 2919 2010 2974 in
2039 2920 2216 2983 nobis,
2268 2919 2314 2975 si
2344 2920 2713 2975 abundantem
2751 2922 3179 2979 consolationem
3237 2939 3412 2994 appe-

1830 3009 1993 3066 timus
2023 3025 2184 3081 quam
2221 3019 2627 3080 consequentur
2657 3025 2851 3066 omnes
2883 3012 2976 3081 qui
3020 3011 3241 3083 lugent;
3271 3013 3416 3070 forte

1831 3118 1936 3158 non
1967 3117 2032 3158 ex
2059 3117 2215 3172 aequo
2243 3118 2259 3159 :
2288 3103 2332 3159 si
2356 3103 2500 3159 enim
2523 3103 2748 3174 aqualis
2774 3104 3072 3160 consolatio
3105 3115 3270 3172 esset.
3301 3123 3412 3162 non

183 3193 486 3266 παράκλησις,
515 3199 625 3252 οὐκ
655 3199 720 3253 ἂν
746 3199 1056 3272 ἐγέγραπτο
1081 3201 1142 3254 τό
1167 3218 1180 3232 ’
1224 3219 1243 3253 ι
1275 3202 1484 3270 Καθὼς
1531 3222 1719 3278 περισ-

1832 3204 1973 3253 esset
2006 3197 2266 3266 ser'ptum
2295 3213 2308 3250 :
2345 3213 2364 3247 ι
2401 3193 2549 3250 Sicut
2581 3195 2864 3252 abundant
2906 3197 3189 3265 passiones
3213 3197 3416 3255 Christi

182 3280 298 3341 σεέει
342 3286 404 3340 τὰ
456 3289 900 3365 παθήματαοτοῦ
937 3293 1175 3365 Χριστοῦ
1228 3295 1310 3359 εἰς
1355 3298 1524 3369 ἡμᾶς,
1557 3299 1713 3352 οὕτω

180 3377 436 3444 περισσεύει
462 3382 551 3434 καὶ
585 3384 624 3453 ἡ
657 3380 1000 3453 παράκλησις
1031 3383 1209 3454 ἡμῶν.
1247 3386 1310 3438 Οἱ
1335 3389 1580 3440 κοινωνοὶ
1606 3387 1714 3439 τῶν

178 3467 486 3540 παθημάτων,
522 3473 672 3528 κατὰ
702 3475 802 3544 τὴν
829 3475 1119 3544 ἀναλογίαν
1148 3476 1256 3530 τῶν
1284 3477 1620 3549 παθημάτων
1643 3474 1716 3532 ὧν

180 3561 261 3612 εἱσι
282 3566 501 3619 κοινωνοὶ
529 3567 676 3638 πρὸς
696 3568 952 3639 Χριστὸν,
983 3570 1229 3622 κοινωνοὶ
1263 3569 1474 3624 ἔσονται
1499 3572 1591 3624 καὶ
1620 3572 1717 3644 τῆς

181 3654 520 3727 παρακλήσεως
540 3675 554 3689 °
586 3658 633 3712 ἃ.
656 3659 750 3713 καὶ
786 3659 1084 3730 μανθάνετε
1149 3660 1256 3715 ἀπὸ
1283 3661 1376 3714 τοῦ
1423 3679 1717 3715 πεπιστευ-

183 3744 321 3810 μὲνως
356 3748 418 3802 τὰ
442 3750 672 3804 τοιαῦτα
705 3750 953 3820 λέγοντος
977 3768 990 3783 ⁸
1030 3771 1048 3804 ι
1083 3752 1316 3824 Οἴδαμεν
1351 3752 1479 3825 γὰρ,
1510 3753 1584 3818 ὡς
1609 3771 1722 3807 κοι-

182 3841 304 3894 νωνοί
327 3841 432 3895 ἐστε
462 3843 570 3897 τῶν
621 3844 985 3917 παθημάτων,
1014 3846 1155 3899 οὕτω
1188 3847 1282 3900 καὶ
1309 3847 1405 3918 τῆς
1435 3845 1722 3918 παρακλή-

327 3951 344 3984 ι
371 3935 497 4006 Φησὶ
517 3936 574 3989 δὲ
601 3935 694 3989 διὰ
721 3937 997 4008 προφήτου
1023 3937 1050 3990 ὁ
1076 3936 1208 4001 Θεός
1233 3954 1248 3968 ·
1281 3957 1299 3988 ι
1329 3938 1520 4010 Καιρῴ
1550 3936 1722 4008 δεκτῷ

182 4020 411 4092 ἐπήκουσά
428 4043 538 4088 σου,
565 4030 662 4082 καὶ
685 4030 742 4080 ἐν
766 4027 949 4100 ἡμέρᾳ
973 4029 1243 4101 σωτηρίας
1266 4029 1540 4101 ἐϐοήθησά
1569 4047 1670 4083 σοι.
1699 4048 1717 4082 ι

180 4111 304 4178 Heio;
323 4113 406 4170 οὖν
445 4120 604 4184 ἄλλος
657 4120 1053 4190 εὐπρόσδεκτος
1099 4119 1291 4192 καιρὸς
1321 4120 1354 4193 ἢ
1388 4122 1477 4175 ὅτε
1505 4120 1593 4176 διὰ
1625 4121 1724 4192 τὴν

178 4202 354 4268 εῑςθ;ὸν
366 4214 416 4263 ἐν
430 4213 650 4284 Χριστῷ
671 4213 953 4266 εὐσέϐειαν
971 4213 1075 4266 ὑπὸ
1095 4212 1336 4286 φρουρὰν
1355 4213 1726 4284 πομπεῦοντες

174 4296 293 4370 ἓντῷ
317 4303 508 4375 κόσμῳ,
543 4308 642 4359 καὶ
676 4304 1098 4377 θριαμϐεύοντες
1134 4305 1332 4376 μᾶλλον
1356 4305 1502 4377 ἤπερ
1529 4305 1727 4377 θριαμο

178 4386 423 4462 εευόμενοι,
444 4397 773 4469 ἁπαγόμεθα
799 4414 814 4462 ;
845 4398 907 4451 Οἱ
946 4395 1055 4468 γὰρ
1086 4397 1144 4451 έν
1181 4396 1403 4469 Χριστῷ
1452 4396 1726 4468 μάρτυρες

177 4490 584 4546 ωναπεκδύονται
632 4491 784 4562 αὑτῷ
831 4490 932 4556 τὰς
979 4489 1153 4563 ἀρχὰς
1195 4492 1289 4545 καὶ
1325 4491 1424 4554 τὰς
1455 4490 1724 4568 ἐξουσίας⁹

241 4625 276 4694 τ’
296 4623 436 4682 Jonu.
473 4647 528 4692 ν,
558 4629 651 4683 24.
721 4629 765 4661 ³ο
801 4629 818 4682 1
845 4629 1000 4684 Joan.
1031 4646 1113 4692 ιιι,
1147 4627 1234 4684 16.
1310 4627 1352 4658 ⁸³
1379 4626 1532 4682 Rom.
1558 4642 1611 4694 v,
1635 4625 1759 4693 5M,
1785 4624 1840 4681 5.

178 4691 268 4748 ³⁸11
310 4698 423 4752 Cor.
465 4691 542 4766 vi,
620 4702 693 4766 ἒς
760 4701 1034 4764 lsa.xux,
1063 4691 1118 4754 8.

1816 3289 1869 3344 in
1901 3287 2096 3354 nobis,
2128 3287 2205 3341 sic
2243 3287 2484 3342 abundat
2523 3295 2579 3342 et.
2629 3287 2932 3344 consolatio
2996 3299 3206 3347 nostra.
3251 3309 3272 3344 ι
3308 3292 3410 3360 Qui

1818 3381 1950 3438 socii
1985 3380 2298 3450 passionum
2348 3390 2496 3446 sunt,
2535 3383 2885 3452 preportione
2917 3384 3236 3454 passionqu
3271 3401 3416 3456 quas

1819 3489 1942 3529 cum
1972 3473 2194 3527 Christo
2248 3473 2592 3541 partiuntur,
2633 3474 2765 3528 socii
2800 3483 2961 3529 erunt
2991 3483 3046 3530 et
3073 3477 3412 3534 consolatio-

1818 3566 1925 3621 nis.
1962 3564 2086 3620 llzrc
2114 3565 2182 3620 ab
2214 3563 2304 3619 illo
2331 3566 2540 3621 discitis
2569 3567 2662 3637 qui
2688 3567 3024 3624 confidenter
3049 3569 3186 3628 dixit
3211 3588 3224 3624 :
3249 3589 3268 3623 ι
3294 3571 3416 3628 Sci-

1819 3655 1948 3712 licet
1978 3658 2122 3726 quod
2157 3657 2296 3712 sicut
2330 3658 2464 3714 socii
2497 3659 2810 3728 passionum
2869 3660 3025 3725 estis,
3057 3662 3138 3718 sic
3163 3661 3316 3718 eritis
3354 3673 3413 3720 et

1821 3743 2292 3808 consolationis“.
2329 3769 2348 3802 ι
2374 3751 2465 3805 Ait
2497 3761 2678 3806 autem
2712 3766 2811 3821 per
2852 3753 3170 3822 prophetam
3227 3753 3409 3811 Deus:

1828 3859 1848 3894 ι
1881 3842 2149 3911 Tempore
2171 3854 2396 3913 accepto
2423 3843 2676 3898 exaudivi
2703 3853 2777 3909 te,
2800 3845 2934 3899 etin
2961 3845 3049 3900 die
3073 3845 3266 3902 salutis
3311 3846 3414 3912 ad-

1818 3932 1933 4002 juri
1967 3943 2018 3989 te
2034 3934 2100 3989 ³⁸.
2132 3953 2151 3987 ι
2186 3934 2465 4000 Quodnam
2497 3936 2661 4008 igitur
2707 3937 2850 3991 aliud
2895 3947 3105 4006 tempus
3135 3940 3413 4008 acceptius

1825 4040 1988 4094 quam
2009 4040 2134 4081 cum
2166 4033 2386 4096 propter
2416 4037 2657 4082 nostram
2692 4041 2822 4098 erga
2876 4027 3045 4082 Deum
3092 4031 3147 4082 in
3194 4028 3413 4087 Christo

1827 4119 2082 4188 pietatem
2127 4118 2230 4173 sub
2289 4118 2587 4174 custodiam
2645 4119 2699 4172 in
2753 4133 2948 4190 pompa
2986 4119 3301 4176 incedentes
3356 4122 3411 4178 in

1827 4210 2066 4273 mundo,
2125 4209 2220 4265 sed
2272 4210 2672 4280 triumphantes
2743 4209 2924 4280 potius
2985 4227 3148 4282 quam
3225 4214 3414 4269 trium.

1827 4303 2002 4372 phati,
2065 4301 2432 4358 abducimur?
2483 4303 2751 4376 Martyres
2809 4305 2955 4360 enim
3020 4305 3224 4362 Christi
3284 4321 3409 4362 cum

1830 4395 1948 4465 ipso
1972 4396 2279 4463 exspoliaut
2316 4395 2659 4467 principatus
2693 4404 2747 4451 et
2779 4405 3099 4467 potestates,
3131 4401 3270 4469 cum]
3292 4398 3410 4467 ipso

1829 4489 2165 4560 triumphant
2221 4487 2364 4554 illos,
2395 4498 2456 4546 ut
2499 4503 2622 4543 cum
2659 4489 2795 4543 socii
2841 4489 3042 4544 fuerint
3094 4491 3408 4560 passionum

1919 4625 1964 4660 ³³
1993 4625 2009 4680 Ι
2039 4623 2164 4681 Cor.
2198 4642 2287 4693 xv,
2316 4627 2407 4682 52.
2485 4625 2530 4658 ³³
2560 4625 2600 4680 ΙΙ
2625 4626 2751 4683 Cor.
2773 4641 2813 4694 ι,
2839 4627 2899 4682 ὅ.
2974 4625 3019 4659 ⁸⁸
3117 4625 3271 4693 11)ἱ(1.,
3351 4629 3406 4686 7.

229 4841 323 4912 (ίῖ)
366 4843 717 4915 Ὁμολογιῖιν.
745 4843 890 4914 Lego
915 4843 1215 4915 ὁμολογεῖν.
1243 4841 1505 4915 Ιείιίοιιιιξ⁸
1534 4841 1712 4915 Orig.,

1832 4851 1869 4915 ξι
1896 4841 2162 4915 doctrina
2183 4855 2406 4915 operam
2437 4848 2618 4915 nostra
2641 4846 2915 4915 c_o‘nstant.
2962 4857 2980 4891 ι
3017 4837 3203 4915 Talem
3241 4839 3408 4915 ﬁnisse

177 4910 206 4966 l.
231 4910 492 4986 ru,c.t3,
546 4910 600 4986 p'.
641 4915 779 4986 1007
807 4910 872 4967 ξι
910 4910 1035 4986 Non
1059 4910 1119 4968 se
1158 4913 1417 4986 glorietur
1442 4911 1709 4986 Christiaj

180 4985 403 5053 num,qui
435 4981 631 5040 nomen
687 4985 869 5046 habet,
915 4993 970 5038 et
1013 4981 1306 5039 facta'non
1365 4984 1551 5037 habet.
1604 4981 1709 5053 Ubi

177 5063 322 5107 autem
341 5052 530 5112 nomen
562 5065 811 5111 secutum
845 5054 1006 5108 fuerit
1057 5070 1214 5122 opus,
1265 5055 1571 5108 certissime
1621 5052 1710 5107 ille

175 5133 240 5194 est
268 5125 605 5180 Christianus.
645 5143 664 5177 ι
701 5126 973 5194 Praeponit
1027 5123 1460 5194 Origenesfaeta
1492 5122 1708 5194 _\'erbis.

173 5191 248 5264 Sic
276 5196 633 5264 Athenagoras
659 5195 780 5264 Leg.
804 5211 897 5264 pro
916 5191 1213 5263 Christfp.
1241 5193 1330 5264 ﬂ,
1350 5195 1414 5247 de
1432 5192 1708 5264 ethnicis:

183 5263 270 5315 ’Δεί
299 5283 346 5318 τι
375 5262 1146 5338 ἐργάσασθαιςέπιθυμοῦντες,
1164 5262 1371 5338 ζκακον,
1400 5262 1592 5333 τέχνην
1629 5262 1717 5315 λόο

171 5347 278 5406 γων,
314 5335 421 5406 καὶί
451 5339 554 5391 οὐκ
619 5335 1102 5406 ἐπίδειξινέργων,
1127 5335 1190 5387 τὸ
1223 5335 1455 5406 πρᾶγμα
1484 5349 1714 5404 πεποιη-

173 5401 313 5472 μένοι.
349 5424 368 5459 ι
402 5405 531 5461 Cum
572 5421 789 5474 semper
829 5401 1032 5474 aliquid
1061 5401 1278 5474 operari
1305 5401 1557 5473 cupiant,
1600 5401 1713 5456 rem

172 5475 337 5544 undam
361 5478 592 5530 artiﬁcio
630 5473 899 5530 sermonis
925 5473 1130 5544 absque
1157 5473 1338 5542 operis
1367 5475 1714 5544 demonstra-

174 5543 294 5610 tione
338 5546 558 5602 l’aciunt.
615 5564 634 5598 ι
695 5547 767 5596 De
817 5542 1144 5599 Christianis
1193 5559 1324 5598 Vt‘t‘O
1358 5560 1372 5595 :
1405 5543 1480 5596 Οὐ
1522 5542 1714 5610 λόγους

171 5608 670 5688 ίιαμνημονεύουσιν,
699 5614 833 5668 ἀλλὰ
867 5614 1092 5688 πράξεις
1119 5613 1331 5682 ἀγαθὰς
1359 5608 1716 5688 ἐπιδεικνῦου-

174 5696 258 5734 σιν.
308 5683 482 5739 {Non
539 5701 821 5740 sermones
869 5683 1324 5745 conr'tncmorant.
1380 5683 1474 5738 sed
1543 5683 1714 5738 bonas

173 5756 478 5826 Olvrationcs
539 5755 848 5826 ostendunt.
887 5774 909 5826 ι
940 5755 1001 5826 Et
1033 5770 1084 5823 p.
1113 5755 1177 5826 41
1215 5771 1229 5806 :
1258 5754 1346 5826 κοῦ
1397 5752 1592 5826 μελέτῃ
1621 5752 1709 5826 λο-

173 5834 282 5886 γωδ,
477 5822 728 5890 ἐπιδείξει
765 5826 858 5877 καί
893 5822 1209 5896 διδασκαλίᾳ
1253 5822 1428 5893 ἔργων
1463 5822 1532 5875 τὰ
1564 5822 1707 5892 ἦμέ-

172 5904 298 5961 sapa.
337 5913 354 5945 ι
392 5895 504 5950 Non
538 5911 666 5948 cura
719 5909 1051 5959 sermonum,
1111 5895 1204 5951 sed
1247 5896 1708 5951 demonstratione

465 5989 737 6052 Ρηιιοι..
782 5991 897 6051 Gn.
927 5991 1046 6054 Χῐ.

1816 4913 2101 4981 Origenem
2134 4910 2291 4965 docet
2321 4911 2619 4981 Gregprius
2650 4910 3090 4981 Thanmaturgus
3115 4952 3128 4971 ,
3159 4911 3212 4964 in
3235 4910 3407 4965 Pane-

1817 4977 1997 5052 gyrico
2025 4998 2042 5036 :
2073 4981 2183 5052 Οὐχ
2207 4981 2382 5044 οὕτως
2423 4977 2578 5052 οὗτος
2609 4979 2676 5034 τὰ
2704 4981 2831 5052 περὶ
2858 4981 3066 5052 ἀρετῶν
3094 4981 3224 5052 ἡμῖν
3265 4981 3406 5049 διεξο

1817 5051 1903 5124 ῄει
1928 5053 2106 5124 λόγοις
2125 5051 2266 5124 ’ἐπι
2293 5052 2350 5104 δὲ
2381 5052 2450 5105 τὰ
2493 5051 2629 5124 ἔργα
2681 5051 2910 5124 μᾶλλονγ
2928 5051 3226 5124 παρεκάλει
3251 5069 3264 5084 ο
3313 5055 3408 5107 καὶ

1819 5119 2120 5202 παρεκάλει
2171 5122 2331 5202 πλέρν
2366 5119 2758 5202 ’τοῖςςέργοιμ
2789 5122 2823 5202 ἢ
2854 5119 3256 5202 οἶςῌέλεγεν.“‹
3307 5124 3408 5202 Iste

1823 5192 2124 5264 (Origenes;
2159 5193 2315 5264 nobis
2347 5192 2648 5246 doctrinam
2681 5194 2746 5248 de
2780 5192 3405 5264 virtutibusexplicavit,

1825 5263 2044 5320 non'sic
2091 5263 2323 5333 (scilicet
2377 5271 2436 5315 ut
2477 5263 2760 5331 gentilium
2815 5263 3170 5331 philosophi),
3205 5265 3300 5317 sed
3337 5267 3405 5317 ad

1823 5349 1984 5402 opera
2026 5335 2205 5402 petius
2255 5334 2578 5388 exhortatus
2602 5341 2711 5399 est,
2748 5342 2803 5386 et
2838 5335 3008 5402 magis
3055 5334 3172 5387 suis
3226 5334 3407 5402 operi-

1822 5405 1924 5457 bus
1951 5405 2273 5458 exhortatus
2297 5412 2403 5466 est,
2435 5417 2596 5472 quam
2660 5403 2841 5457 dictis.
2891 5422 2909 5454 ι
2956 5402 3084 5469 Quae
3119 5404 3407 5456 confirmat

1822 5473 2108 5543 Eusebius,
2139 5471 2281 5526 Hist.
2313 5471 2467 5535 θεώ,
2497 5473 2535 5527 l.
2562 5488 2634 5543 τι,
2659 5488 2706 5526 c.
2747 5474 2804 5534 5,
2835 5481 2888 5526 et
2922 5473 3147 5543 Niceph.
3189 5471 3402 5529 Callist.

1823 5542 1971 5597 Hist.
2003 5546 2154 5608 ecct.,
2186 5543 2220 5594 Ι.
2259 5558 2310 5609 v,
2340 5560 2389 5597 c.
2415 5543 2469 5599 4.
2503 5542 2880 5599 Wersnza'ws.

1893 5614 2005 5686 (45)
2041 5615 2102 5666 '0
2131 5615 2378 5686 κόσμος.
2407 5614 2548 5670 Male
2568 5615 2620 5668 in
2642 5617 2833 5669 codice
2866 5613 3238 5684 manuscripto
3265 5612 3404 5668 scri-

1818 5684 2085 5755 ptuutiest
2114 5686 2142 5737 ὁ
2167 5684 2375 5755 κύριος.

2187 5751 2507 5851 Γξρμανίᾳ.
2552 5751 2684 5810 Vide
2719 5753 3162 5826 Origenianorum
3211 5752 3304 5809 lib.
3357 5765 3401 5819 ι,

1817 5839 1938 5896 cap.
1963 5826 2019 5893 5,
2048 5839 2194 5880 num.
2231 5826 2285 5879 4.

3043 5970 3122 6032 20
