3996 6552
572 397 677 453 619

2009 400 2334 460 ORlGENlS
2861 424 2868 429 ‘
3742 415 3826 474 620

571 518 710 588 ejus,
746 519 824 574 sic
857 525 913 574 et
941 518 994 573 in
1017 513 1094 574 iis
1125 533 1245 588 quae
1271 518 1521 588 patiendo
1562 519 1777 577 fortiter
1805 523 1994 594 gessit,
2021 541 2118 595 par

2247 526 2342 578 καὶ
2401 525 2918 597 συνθριαμϐευουσιν
2938 569 2952 593 ,
2981 528 3056 592 ὡς
3089 529 3331 585 κοινωνοὶ
3365 531 3472 585 τῶν
3501 530 3825 604 παθημάτων

571 626 677 670 tem
709 614 969 681 habeam;
997 613 1138 668 inter
1160 629 1281 684 quae
1316 613 1559 669 facinora
1590 626 1643 670 et
1669 616 1796 672 illud
1838 629 1921 674 est
1951 621 2144 674 trium-

568 711 765 778 phasse
793 706 1124 778 principatus
1151 714 1206 761 et
1236 715 1566 776 potestates;
1598 723 1734 778 quos
1779 710 1929 767 brevi
1969 713 2142 768 victos

565 811 621 856 et
647 799 942 855 debellatos
978 797 1248 853 videbitis.
1281 795 1413 865 Quae
1434 808 1614 856 autem
1647 802 1749 856 alia
1779 803 2002 873 perinde
2028 805 2141 860 dies

565 891 758 947 salutis
805 898 889 946 est
940 906 1004 944 ac
1045 890 1135 948 illa
1188 905 1294 960 qua
1347 890 1474 946 hinc
1504 891 1594 948 tali
1625 895 1785 949 modo
1835 896 2141 952 exceditis?

565 984 670 1040 Sed
701 985 945 1047 obsecro,
990 1002 1010 1035 ι
1047 984 1249 1038 nemini
1292 985 1414 1041 date
1443 986 1604 1041 ullam
1637 986 1993 1044 offensionem
2016 1030 2030 1054 ,
2083 1001 2141 1044 ut

561 1095 669 1134 non
707 1079 1042 1148 vituperetur
1085 1081 1483 1146 ministerium;
1535 1083 1629 1138 sed
1669 1084 1720 1138 in
1746 1085 1998 1142 omnibus
2051 1101 2140 1142 ex-

559 1172 794 1227 hibeatis
822 1172 1182 1241 vosmetipsos
1237 1173 1380 1228 sicut
1413 1175 1509 1230 Dei
1567 1175 1848 1231 ministros
1885 1179 1937 1232 in
1969 1178 2135 1232 multa

557 1265 912 1334 patientia“,
944 1284 962 1316 ι
990 1265 1265 1320 dicentes:
1287 1284 1306 1317 ‹
1331 1265 1397 1320 Ει
1427 1284 1569 1324 nunc
1593 1284 1710 1339 quae
1736 1279 1821 1325 est
1855 1280 2136 1339 exspecta-

558 1361 632 1415 tio
651 1358 805 1414 mea?
831 1372 1008 1412 nonne
1041 1356 1398 1412 Dominus”?
1427 1378 1446 1412 ι
1477 1359 1721 1416 Scicntes
1760 1380 1778 1414 ι
1804 1362 1998 1417 multas
2017 1377 2136 1418 esse

555 1449 1214 1520 tribulationesjustorum
1235 1446 1455 1526 “zi—r
1478 1452 1530 1507 in
1554 1454 1965 1510 necessitatibus
1983 1497 1996 1521 ,
2023 1475 2042 1508 ›
2077 1465 2135 1510 ιιι

553 1545 715 1615 quasi
753 1543 1122 1599 necessariam
1165 1544 1322 1600 nobis
1360 1545 1758 1601 beatitudinem
1804 1557 2130 1617 repetamus;

558 1654 578 1687 ι
617 1635 672 1688 in
711 1633 1110 1704 angustiis”,.n
1151 1643 1207 1688 ut
1239 1645 1464 1705 angusta
1505 1647 1764 1707 aretaque
1796 1638 1904 1692 vita
1936 1639 2133 1694 indesi-

553 1738 746 1784 uenter
775 1727 1120 1792 incedentes',
1161 1729 1228 1783 ad
1264 1729 1427 1784 vitam
1458 1733 1854 1800 perveniamus.
1899 1731 1954 1784 Si
1999 1745 2130 1800 Opus

551 1823 644 1888 sit,
685 1821 1041 1876 exhibeamus
1070 1836 1168 1877 nos
1194 1839 1212 1872 ‹
1247 1821 1301 1876 in
1329 1821 1628 1887 laboribus,
1693 1821 1749 1876 in
1815 1822 2035 1891 vigiliis,
2077 1831 2132 1878 et

553 1916 604 1968 in
633 1912 916 1984 jejuniis”
953 1931 966 1968 :
1007 1931 1129 1966 ›-ι
1155 1928 1282 1969 ecce
1314 1915 1456 1968 enim
1488 1913 1780 1978 Dominus,
1835 1922 1888 1968 et
1923 1929 2131 1969 merces

550 2007 607 2061 in
639 2021 800 2062 manu
830 2005 965 2076 ejus,
993 2015 1053 2061 ut
1082 2004 1272 2060 reddat
1298 2005 1588 2076 unicuique
1614 2007 1907 2062 secundum
1962 2021 2128 2076 opera

551 2099 730 2154 sua“.
768 2118 786 2150 ι

537 2276 540 2288 ’
593 2269 707 2336 λδ.
741 2281 893 2336 Nunc
937 2281 1285 2336 ostendamus
1333 2293 1431 2335 nos
1471 2277 1755 2334 scientiam
1816 2291 1913 2347 per
1962 2290 2126 2346 opera

547 2375 789 2431 scientiae
816 2375 1197 2430 convenientia
1242 2373 1635 2443 concupivisse.
1670 2371 1860 2426 Omnis
1907 2373 2128 2427 castitas

546 2467 988 2527 manifesteturin
1013 2467 1169 2524 nobis
1199 2486 1212 2522 :
1243 2477 1300 2522 ut
1328 2466 1651 2538 longanimis
1676 2464 1900 2532 Deitilii,
1927 2473 1982 2518 et
2011 2464 2127 2520 lon-

546 2560 780 2630 ganimis
809 2559 1010 2615 Christi
1041 2559 1260 2624 fratres,
1289 2559 1753 2629 longanimitatem
1787 2557 1838 2611 in
1873 2556 2126 2612 omnibus

542 2666 662 2718 quae
709 2651 862 2706 nobis
907 2651 1202 2714 accidunt,
1245 2650 1600 2706 exhibeamus
1643 2668 1656 2704 :
1702 2668 1720 2704 ι
1773 2647 2126 2717 Longanimis

544 2744 690 2799 enim
723 2744 807 2797 vir
841 2742 1044 2798 multus
1097 2743 1152 2797 in
1203 2742 1511 2814 prudentia,
1553 2741 1908 2814 pusillanimis
1946 2751 2123 2794 autem

541 2834 702 2890 valde
759 2833 1072 2904 imprudens
1092 2832 1160 2889 ⁸³.
1201 2853 1220 2886 ι
1259 2833 1315 2889 Si
1370 2843 1582 2903 oportet
1639 2848 1698 2888 se
1741 2831 2124 2888 commendare

548 2945 567 2978 ι
603 2942 700 2996 per
735 2941 882 2980 arma
917 2925 1144 2994 jnstitim
1183 2941 1213 2979 a
1261 2925 1465 2981 dextris
1491 2938 1594 2980 eta
1620 2925 1858 2980 sinistris
1874 2924 1951 2990 “3;
1979 2943 1997 2976 ι
2031 2925 2122 2994 qui

539 3019 1042 3075 conmtcndavimus
1091 3020 1454 3090 nosmetipsos
1489 3039 1508 3072 ι
1552 3034 1652 3089 per
1679 3019 1904 3089 gloriam
1942 3037 1960 3070 ι
2014 3033 2120 3087 qua

541 3127 817 3183 nunquam
853 3112 978 3168 elati
1011 3126 1215 3176 sumus,
1246 3126 1393 3166 nunc
1426 3129 1446 3163 ι
1492 3111 1770 3166 infamiam
1799 3129 1818 3164 ι
1857 3112 2123 3183 patienter

540 3208 802 3269 feramus,
833 3219 895 3258 ac
922 3205 1046 3258 licet
1075 3221 1092 3255 ι
1127 3203 1323 3257 bonam
1359 3203 1555 3256 famam
1585 3222 1603 3255 ι
1640 3203 1884 3257 moribus
1916 3203 2119 3258 nostris

537 3298 720 3353 meriti
752 3298 921 3350 simus
950 3305 1004 3350 et
1035 3293 1392 3358 consecuti“,
1419 3295 1709 3362 irrogatam
1735 3295 1800 3350 ab
1823 3295 1982 3366 303
2021 3297 2121 3350 im-

537 3394 682 3464 piis.
712 3390 987 3445 infamiam
1013 3408 1030 3442 ι
1052 3391 1437 3444 sustineamus.
1461 3390 1730 3446 Praeterea
1769 3391 1812 3446 si
1843 3404 1897 3446 ut
1921 3411 1938 3443 ι
1964 3407 2121 3447 vcra-

537 3497 630 3538 ces
671 3501 690 3534 »
733 3496 829 3536 nos
858 3481 1034 3535 mirati
1065 3487 1189 3534 sunt
1216 3479 1250 3534 ii
1278 3481 1368 3549 qui
1391 3481 1675 3537 veritatem
1706 3492 1890 3538 amant
1923 3501 1936 3538 :
1975 3499 2120 3539 nunc

538 3590 661 3629 cum
691 3574 922 3628 dicimur
963 3591 982 3623 ι
1021 3572 1256 3641 seducti,
1297 3591 1317 3624 ›
1350 3573 1648 3630 rideamus.
1692 3573 1773 3630 0b
1805 3574 1973 3631 multa
2005 3575 2120 3644 qui-

538 3666 639 3721 bus
665 3664 878 3720 liberati
907 3678 1092 3718 sumus
1141 3664 1376 3735 pericula
1407 3663 1560 3718 multi
1596 3679 1692 3719 nos
1722 3666 1828 3720 Deo
1862 3684 1882 3717 ι
1923 3668 2112 3738 cogni-

538 3769 623 3815 tos
660 3778 676 3809 ›
713 3773 831 3812 esse
853 3757 1106 3812 dixerunt
1133 3774 1147 3824 ;
1178 3768 1320 3811 nunc
1353 3756 1444 3826 qui
1477 3756 1636 3825 volet,
1670 3757 1815 3812 dicat
1842 3773 1938 3813 nos
1978 3778 1996 3811 ι
2036 3761 2114 3830 ig-

535 3861 712 3915 notos,
743 3865 914 3903 )cum
966 3847 1108 3902 forte
1160 3847 1333 3916 magis
1397 3849 1794 3918 cognoscimur.
1852 3850 2115 3906 Ferentes

534 3942 698 4013 igitur
723 3957 842 4013 quae
866 3941 1203 4011 contingunt,
1238 3941 1633 4012 «‘castigamur,
1668 3943 1760 3997 sed
1789 3958 1892 3998 non
1923 3945 2115 3999 morti-

536 4037 800 4101 ficamur,
865 4053 885 4085 ›
943 4042 998 4088 οι
1056 4051 1074 4084 ‹
1144 4031 1389 4088 tristibus
1436 4033 1802 4090 assimilamur
1838 4035 1928 4106 qui
1985 4051 2108 4106 gan-

533 4128 740 4182 demus.
775 4146 793 4178 ι

604 4219 694 4272 44.
739 4218 830 4274 Ait
866 4217 1066 4272 alicubi
1099 4215 1302 4272 Paulus
1333 4216 1399 4272 ad
1432 4230 1526 4272 cos
1555 4218 1647 4286 qui
1676 4218 1743 4274 ab
1773 4219 1930 4276 initio
1960 4222 2108 4292 passi

532 4321 690 4366 erant
711 4352 724 4378 ,
753 4313 1054 4365 cohortans
1085 4323 1180 4364 eos
1209 4319 1267 4362 ut
1294 4310 1346 4363 in
1378 4310 1552 4379 prima
1584 4310 1675 4364 illa
1704 4313 1960 4380 patientia
1992 4328 2109 4384 pcr-

531 4411 880 4465 scverarent,
926 4411 980 4456 ct
1028 4401 1264 4458 secunda
1317 4401 1558 4472 pericula
1610 4413 1834 4474 prepter
1878 4408 2103 4462 verbum

531 4496 626 4551 Dei
656 4495 818 4566 illata
859 4495 1115 4551 ferrent:
1149 4510 1168 4545 ι
1196 4493 1658 4550 Βειιιοιιιοιιιιιιίιιί
1693 4497 1956 4567 pristinos
1988 4501 2104 4555 dies

2245 615 2408 670 αὑτοῦ
2443 618 2736 688 γινόμενοι,
2763 617 2903 670 οῦτω
2924 621 3015 672 καὶ
3031 619 3141 674 τῶν
3166 622 3224 673 ὲν
3248 625 3360 686 τοῖς
3391 622 3722 694 παθήμασιν
3738 623 3826 698 (4⁸5)

2243 708 2410 762 αὑτοῦ
2459 709 2960 781 ἀνδραγαθημάτων
2985 727 2998 742 ⁸
3035 712 3094 776 ἐξ
3126 705 3200 766 ὧν
3245 714 3359 766 ἐστι
3406 714 3500 767 καὶ
3539 715 3603 766 τὸ
3646 714 3827 786 θριαμ-

2244 798 2434 853 ϐεῦσαι
2459 799 2556 861 τὰς
2590 800 2783 871 ἀρχὰς.
2819 802 2912 855 καὶ
2940 802 3039 866 τὰς
3090 801 3376 868 ἐξουσίας·
3409 805 3476 869 εις
3515 807 3636 877 μετ’
3667 807 3828 876 ὀλίγον

2241 887 2435 958 ὄψεσθε
2493 890 2884 961 νενικημένας,
2926 893 3019 945 καὶ
3065 896 3482 965 κατισχυμένας.
3522 897 3666 951 Ποία
3716 899 3824 973 ἄλλη

2240 979 2410 1044 οὕτως
2442 981 2621 1054 ἡμέρα
2655 984 2929 1054 σωτηρίας
2958 984 3034 1048 ὡς
3065 985 3246 1057 ἡμέρα
3273 987 3373 1057 τῆς
3392 988 3655 1060 τοιαύτης
3689 992 3826 1063 ἡμῶν

2240 1073 2488 1128 ἐντεῦθεν
2538 1076 2891 1147 ἀπαλλαγῆςς
2957 1077 3119 1131 Ἀλλά
3177 1081 3522 1151 παρακαλῶ,
3581 1103 3599 1134 ι
3681 1088 3828 1156 μηδε-

2243 1167 2371 1238 μίαν
2423 1167 2532 1238 (46)
2574 1169 2632 1222 ὲν
2667 1170 2857 1240 μηδενὶ
2893 1171 3027 1224 δῶτε
3070 1173 3385 1244 προσκοπὴν
3410 1212 3429 1239 ,
3468 1176 3555 1229 ἵνα
3600 1177 3682 1248 μὴ
3736 1196 3828 1248 μω-

2242 1263 2386 1334 μηθῇ
2434 1265 2466 1334 ἠ
2517 1263 2788 1328 διακονία,
2847 1263 2981 1317 ἀλλὰ
3032 1267 3089 1318 ἐν
3144 1269 3307 1320 παντὶ
3361 1269 3594 1333 ἑαυτοὺς
3651 1274 3829 1343 συστή-

2239 1353 2404 1407 σασθε
2437 1354 2567 1425 (47),
2599 1354 2673 1419 ὡς
2694 1355 2829 1408 Θεοῦ
2851 1356 3084 1409 διάκονοι
3109 1358 3166 1409 ἐν
3194 1359 3437 1430 ὑπομονῇ
3465 1359 3666 1431 πολλῇ,
3709 1379 3728 1411 ι
3749 1362 3822 1414 λέ·

2236 1463 2422 1515 γοντες
2442 1465 2454 1477 ·
2485 1465 2502 1497 ι
2542 1446 2656 1500 Νῦν
2683 1447 2739 1500 δὲ
2761 1447 2843 1511 τίς
2875 1450 2907 1520 ἡ
2944 1450 3187 1522 ὑπομονὴ
3217 1467 3352 1520 μου;
3387 1452 3508 1521 οὑχὶ
3535 1451 3775 1524 Κύριος;
3806 1474 3822 1507 ι

2237 1538 2567 1610 πειθόμενοι,
2594 1559 2610 1591 ι
2636 1541 2715 1593 ὅτι
2733 1539 2922 1593 πολλα)⁸
2949 1544 3003 1594 αἱ
3021 1541 3226 1612 θλίψεις
3242 1541 3589 1596 τῶνδικαίων
3614 1547 3825 1598 ἰ-ιέν

2235 1632 2524 1700 ἀνάγκαις,
2563 1650 2580 1682 ι
2613 1631 2678 1686 ἵν’
2705 1632 2782 1696 ὡς
2815 1633 3118 1702 ἀναγκαίαν
3164 1635 3296 1705 ἡμῖν
3323 1634 3420 1706 τὴν
3451 1637 3826 1706 μακαριότητα

2235 1723 2615 1795 ἁναιτήσωμεν
2641 1739 2654 1752 ·
2676 1742 2695 1774 ι
2716 1725 2772 1777 ὲν
2797 1725 3196 1797 στενοχωρίαις,
3229 1745 3246 1776 ι
3273 1726 3366 1778 καὶ
3385 1726 3483 1798 τὴν
3523 1728 3730 1799 στενὴν
3747 1731 3825 1784 καὶ

2233 1815 2598 1886 τεθλιμμένην
2629 1815 3051 1888 ἀπαραλείπτως
3099 1817 3430 1882 ὁδεύσαντες,
3472 1822 3821 1891 καταντήσω-

2237 1923 2332 1976 μεν
2365 1907 2458 1959 ἐπὶ
2489 1906 2588 1978 τὴν
2623 1904 2788 1979 ζωήν.
2831 1907 2954 1960 Ἐὰν
2981 1907 3098 1962 δέον
3128 1904 3185 1982 ᾗ,
3214 1911 3573 1981 συστήσωμεν
3602 1913 3825 1976 ἑαυτοὺς

2239 2017 2256 2050 ι
2283 2000 2337 2051 ἐν
2361 1996 2568 2062 κόποις,
2601 2000 2695 2052 καὶ
2738 1999 2795 2051 ὲν
2827 1998 3153 2069 ἀγρυπνίαις
3175 2041 3189 2064 ,
3227 2002 3319 2053 καὶ
3358 2003 3414 2055 ἐν
3467 2004 3772 2074 νηστείαις.
3804 2025 3820 2056 ι

2230 2109 2326 2141 -ι
2386 2090 2517 2144 Ἰδοὺ
2549 2090 2657 2162 γὰρ
2690 2089 2893 2161 Κύριος
2914 2130 2928 2155 ,
2959 2091 3050 2144 καὶ
3089 2093 3117 2144 6
3157 2091 3345 2162 μισθὸς
3377 2094 3433 2145 ἐν
3462 2093 3612 2165 χειρὶ
3641 2095 3822 2159 αὐτοῦ,

2231 2172 2522 2237 ἀποδοῦναι
2555 2183 2788 2253 ἑκάστῳ,
2821 2182 2896 2246 ὡς
2923 2182 2989 2235 τὰ
3026 2182 3161 2254 ἔργα
3192 2181 3359 2235 αὑτοῦ
3389 2185 3528 2236 ἐστι.
3569 2204 3589 2236 ι

2300 2298 2414 2352 Νῦν
2445 2296 2727 2368 δείξωμεν,
2769 2297 2850 2350 ὅτι
2882 2295 3080 2365 γνῶσιν
3125 2295 3212 2349 διὰ
3252 2295 3386 2367 ἔργα
3428 2297 3723 2368 πρέποντα
3764 2300 3821 2368 τῇ

2228 2391 2428 2462 γνώσει
2474 2391 2836 2461 ὲποθήσαμεν.
2878 2389 3033 2441 Πᾶσα
3084 2389 3316 2460 ἁγνότης
3369 2391 3747 2463 φανερωθὴτω
3773 2393 3824 2444 ὲν

2229 2484 2398 2554 ἡμῖν’
2450 2480 2545 2544 ὡς,
2577 2478 2929 2551 μακροθύμου
2979 2477 3112 2531 Θεοῦ
3149 2479 3273 2544 υἱοὶ,
3325 2481 3418 2534 καὶ
3465 2482 3822 2553 μακροθύμω

2227 2573 2464 2647 Χριστοῦ
2493 2572 2729 2642 ἀδελφοὶ,
2760 2571 3271 2642 μακροθυμήσωμεν
3293 2573 3350 2624 ἐν
3379 2574 3514 2625 πᾶσι
3543 2576 3664 2636 τοῖς
3696 2591 3824 2644 συμο

2229 2666 2490 2720 ϐαίνουσι.
2533 2683 2551 2715 ι
2587 2663 2954 2735 Μακρόθυμος
2985 2664 3093 2736 γὰρ
3109 2666 3249 2736 ἀνὴρ
3271 2664 3436 2727 πολὺς
3459 2666 3519 2718 ὲν
3539 2671 3816 2736 φρονήσει·

2225 2757 2254 2808 ὁ
2280 2756 2336 2809 δὲ
2362 2755 2675 2826 όλιγόψυχος
2710 2754 2942 2826 ἰσχυρῶς
2974 2755 3182 2826 ἄφρων.
3223 2774 3241 2807 ι
3268 2757 3331 2808 Εἰ
3359 2756 3441 2808 δεῖ
3471 2757 3673 2810 έαυτὶν
3711 2775 3822 2810 συν-

2229 2845 2437 2900 ιστάναι
2472 2866 2490 2897 ‹
2528 2846 2616 2899 διὰ
2643 2845 2750 2899 τῶν
2777 2845 2954 2899 ὅπλων
2983 2845 3082 2915 τῆς
3117 2845 3460 2918 δικαιοσύνης
3487 2847 3600 2900 τῶν
3633 2848 3820 2914 δεξιῶν

2225 2941 2317 2994 καὶ
2344 2938 2645 3012 ἀριστερῶν
2669 2954 2684 2969 ⁸
2726 2959 2744 2991 ι
2785 2940 3147 3010 συστήσαντες
3176 2938 3398 3002 ἑαυτοὺς
3427 2959 3446 2991 ι
3477 2939 3569 2992 διὰ
3586 2940 3770 3011 δόξης,
3797 2960 3813 2991 ι

2224 3032 2317 3086 καὶ
2349 3032 2422 3103 μὴ
2453 3031 2820 3102 χαυνωθέντες
2841 3033 2928 3083 ἐπ’
2952 3032 3111 3102 αὐτῇ,
3139 3031 3234 3085 νῦν
3261 3031 3319 3084 δὲ
3354 3050 3372 3083 ι
3407 3031 3510 3101 τὴν
3543 3034 3774 3103 ἀτιμίαν
3796 3051 3813 3083 ι

2224 3124 2634 3194 ὑπομείνωμεν·
2686 3122 2800 3175 ἀλλ’
2837 3125 2884 3174 εί
2923 3122 3017 3176 καὶ
3055 3141 3072 3173 ι
3107 3121 3381 3194 εὐφημίας
3421 3142 3440 3174 ι
3475 3122 3651 3188 ἀξίως
3694 3126 3816 3177 ἐπο-

2147 3239 2188 3294 C
2223 3215 2585 3286 λιτευσάμεθα
2611 3215 2704 3269 καὶ
2733 3215 3147 3287 εὑφημήθημεν,
3195 3215 3290 3268 νῦν
3324 3216 3380 3268 δὲ
3414 3215 3517 3286 τῆς
3555 3216 3672 3269 ἀπὸ
3715 3217 3820 3269 τῶν

2220 3307 2494 3364 δυσσεδῶν
2522 3327 2540 3359 ι
2572 3307 2880 3378 δυσφημίας
2919 3326 2937 3359 ›
2989 3305 3370 3378 ἀνασχώμεθα.
3407 3308 3530 3361 Ἔτι
3571 3309 3631 3362 δὲ
3663 3310 3713 3363 εί
3747 3309 3818 3371 ὡς

2227 3419 2246 3452 ι
2285 3399 2503 3472 ἀληθεῖς
2551 3419 2569 3451 ι
2617 3398 2766 3471 παρά
2811 3402 2923 3462 τοῖς
2972 3398 3322 3470 φιλαλήθεσιν
3369 3398 3814 3471 ἐθαυμάσθημεν,

2221 3491 2314 3547 νῦν
2343 3493 2435 3545 ἐπὶ
2465 3491 2543 3562 τῷ
2581 3490 2832 3561 λέγεσθαι
2859 3493 3007 3563 ἡμᾶς
3030 3509 3046 3541 ι
3073 3490 3374 3545 πλανᾶσθαι
3412 3510 3429 3542 ι
3467 3492 3812 3563 γελάσωμεν.

2233 3585 2356 3638 Ἐπὶ
2392 3583 2604 3647 πολλοῖς
2647 3583 2911 3648 κινδύνοις
2959 3583 3049 3653 ἀφ’
3088 3576 3163 3637 ὧν
3209 3583 3578 3655 ὲρρύσθημεν,
3631 3586 3820 3639 πολλοὶ

2218 3667 2370 3723 εἷπον
2409 3672 2554 3741 ἡμᾶς
2582 3671 2688 3723 ἀπὸ
2717 3671 2848 3724 Θεοῦ
2873 3690 2891 3722 ι
2922 3671 3376 3741 ἑπιγινώσκεσθαι
3401 3673 3511 3743 (48)
3533 3715 3547 3738 ,
3598 3693 3618 3726 ι
3661 3675 3759 3728 νῦν
3789 3678 3817 3728 6

2220 3745 2538 3833 βουλόμενος
2581 3762 2783 3831 λεγέτω
2827 3767 2976 3834 ἡμᾶς
3024 3784 3042 3817 ι
3096 3758 3423 3836 ἀγνοεῖσθαι,
3457 3786 3476 3818 ι
3526 3767 3617 3820 ὅτε
3673 3769 3817 3842 τάχα

2221 3855 2420 3927 μᾶλλον
2449 3857 2939 3928 ἐπιγινωκσόμεθα.
2992 3857 3250 3928 Φέροντες
3287 3859 3415 3927 γοῦν
3458 3860 3530 3914 τὰ
3579 3861 3815 3931 συμϐαί-

2219 3965 2398 4011 νοντα,
2436 3969 2455 4000 ι
2493 3948 2861 4020 παιδευόμεθα
2892 3949 3010 4020 μὲν,
3041 3950 3102 4002 οὑ
3138 3948 3513 4021 θανατούμεθα
3539 3951 3597 4004 δέ
3617 3969 3631 3982 ·
3672 3971 3693 4004 ι
3723 3952 3814 4004 καὶ

2219 4037 2552 4108 όμοιούμεθα
2588 4056 2606 4090 ι
2641 4037 3000 4109 λυπουμένοις
3065 4039 3115 4092 oi
3144 4040 3444 4110 χαίροντες.
3482 4060 3503 4093 ι

2283 4220 2420 4290 Φησί
2455 4235 2557 4273 που
2591 4221 2618 4272 6
2649 4219 2858 4284 Παῦλος
2891 4220 3000 4291 (49)
3042 4220 3179 4291 πρὸς
3213 4222 3338 4284 τοὺς
3375 4223 3434 4274 ὲν
3479 4223 3621 4294 ἀρχῇ
3675 4226 3812 4276 ὑπο-

2215 4313 2544 4383 μείναντας,
2578 4313 2909 4384 παρακαλῶν
2960 4313 3155 4375 αὐτοὺς
3207 4312 3515 4377 ἀκολούθως
3561 4319 3626 4385 τῇ
3667 4334 3809 4388 προ-

2210 4403 2343 4476 τέρα
2375 4404 2618 4476 ὑπομονῇ
2676 4405 2860 4476 φέρειν
2910 4405 3189 4470 κινδύνους
3228 4406 3516 4477 δευτέρους
3556 4408 3682 4471 τοὺς
3721 4409 3812 4460 διὰ

2209 4499 2298 4550 τὸν
2354 4497 2541 4566 λόγον·
2596 4516 2614 4549 ‹
2668 4498 3175 4568 Ἀναμιμνήσκεσθε
3250 4498 3306 4550 δὲ
3378 4497 3475 4562 τὰς
3537 4499 3808 4570 πρότερον

528 4593 586 4645 in
616 4590 812 4658 quibus
850 4587 1143 4644 illuminali
1177 4602 1429 4660 magnum
1462 4596 1746 4646 certamen
1775 4591 2106 4647 sustinuistis

2229 4591 2442 4663 jpépag,
2501 4592 2557 4643 ὲν
2601 4585 2688 4655 αἷς
2736 4590 3094 4659 φωτισθέντες
3141 4589 3338 4662 πολλὴν
3392 4591 3612 4662 ἄθλησιν
3665 4594 3808 4646 ὑπε-

530 4682 852 4748 passionum
884 4699 899 4748 ;
934 4690 988 4735 et
1020 4681 1071 4735 in
1105 4679 1279 4736 altero
1309 4681 1528 4750 quidem
1559 4682 1871 4752 opprobriis
1901 4691 1959 4736 et
2003 4682 2103 4736 tri-

528 4772 896 4829 bulationibus
948 4772 1324 4842 spectaculum
1377 4771 1550 4840 facti;
1603 4774 1658 4827 in
1707 4772 1881 4828 altero
1921 4783 2102 4828 autem

527 4865 664 4918 socii
698 4864 881 4918 taliter
907 4867 1354 4922 conversantium
1383 4864 1583 4920 effecti.
1617 4865 1752 4918 Nam
1784 4873 1839 4918 et
1868 4864 2104 4919 vinculis

526 4957 796 5023 compassi
821 4959 975 5024 estis,
1000 4966 1055 5012 et
1079 4959 1325 5029 rapinam
1350 4957 1615 5012 bonorum
1647 4964 1953 5010 vestrorum
1979 4971 2102 5010 cum

527 5047 726 5117 gaudio
755 5050 1070 5118 suscepistis
1092 5091 1106 5116 ,
1137 5059 1530 5123 cognoscentes
1558 5063 1654 5104 vos
1682 5049 1882 5104 habere
1915 5048 2106 5102 melio-

527 5155 643 5194 rem
673 5149 728 5195 et
759 5149 1066 5195 manentem
1099 5142 1466 5199 substantiam
1496 5143 1546 5196 in
1582 5139 1757 5196 cmlis.
1792 5137 1965 5195 Nolite
1997 5137 2100 5191 ita-

526 5247 632 5301 que
660 5235 914 5286 amittere
942 5231 1330 5288 conﬁdentiam
1369 5241 1613 5287 vestram
1635 5271 1650 5297 ,
1679 5245 1800 5300 qua:
1840 5243 2094 5299 magnam

593 5372 640 5406 ³⁸
665 5374 703 5428 ΙΙ
739 5373 863 5430 Cor.
901 5391 975 5441 vr,
1013 5374 1065 5430 3.

522 5444 692 5515 Apoc.
723 5461 856 5512 χχιι,
891 5448 975 5501 l2.
1055 5447 1100 5485 δ’
1123 5445 1286 5501 Prov.
1313 5461 1425 5513 xlv,
1456 5448 1545 5502 ‘29.

1143 5375 1186 5407 ⁸⁷
1219 5374 1360 5430 Psal.
1395 5391 1625 5440 xxxvm,
1656 5373 1707 5427 8.
1785 5373 1829 5404 ³⁸
1861 5373 2003 5427 Psal.
2036 5390 2060 5426 ιι

1143 5445 1286 5499 Prov.
1313 5461 1425 5499 xw.
1456 5448 1545 5499 ‘29.
1624 5446 1671 5476 ⁸³
1697 5442 1737 5497 ιι
1765 5444 1893 5499 Cor.
1930 5459 2002 5499 vt.
2032 5444 2060 5495 7

593 5588 705 5661 (45)
741 5588 1112 5658 Παθήμασιν.
1143 5588 1324 5648 Codex
1357 5604 1457 5644 ms.
1482 5588 1645 5644 habet
1671 5589 1925 5660 πάθησιν,
1953 5604 2103 5644 men-

522 5662 706 5801 ὼῑῗίί)
735 5729 1059 5801 Μηδεμίαγ.
1093 5728 1223 5801 Ms,
1251 5729 1536 5801 μηδεμίας,
1571 5729 1733 5784 male.

598 5800 709 5869 (47)
743 5800 1160 5864 Συστῄσασθε.
1181 5800 1768 5869 Μδησυστημάσασθε,
1796 5815 2098 5870 perperam.

527 5868 691 5943 Paulo
711 5881 832 5940 post
855 5871 1138 5942 legendum
1167 5870 1396 5934 videtur,
1422 5868 1689 5936 λέγοντες,
1709 5868 1818 5926 Καὶ
1842 5871 1936 5925 νῦν
1962 5873 2044 5934 τίς
2067 5873 2100 5942 ἡ

1785 5373 1829 5404 ³⁸
1861 5371 2003 5427 Psal.
2036 5389 2213 5433 xxx",
2241 5373 2330 5427 20.
2409 5372 2453 5404 ³⁹
2484 5371 2528 5426 ll
2561 5372 2660 5426 Cor

1785 5444 1893 5502 lor.
1930 5459 2002 5508 γι,
2032 5444 2084 5498 7.
2160 5444 2205 5475 ⁵⁵
2235 5443 2370 5500 lbid.
2404 5443 2455 5510 8,
2489 5443 2545 5510 9,
2575 5443 2660 5498 10.

2211 4685 2432 4756 μείνατε
2468 4682 2837 4754 παθημάτων·
2888 4682 3045 4736 τοῦτο
3094 4685 3191 4754 μὲν
3243 4684 3566 4754 ὀνειδισμοῖς
3611 4702 3672 4737 τε
3712 4685 3810 4738 καὶ

2207 4775 2420 4845 θλίψεσι
2453 4772 2876 4846 θεατριζόμενοι,
2909 4773 3066 4827 τοῦτο
3097 4775 3152 4828 δὲ
3185 4776 3429 4828 κοινωνοὶ
3468 4775 3575 4827 τῶν
3621 4774 3809 4838 οὕτως

2206 4862 2701 4934 ἀναστρεφομένων
2732 4862 3050 4935 γενηθέντες
3075 4883 3086 4894 ·
3135 4865 3227 4917 καὶ
3278 4863 3387 4935 γὰρ
3435 4867 3547 4928 τοῖς
3578 4865 3810 4935 δεσμοῖς

2208 4954 2654 5025 συνεπαθήσατεο
2705 4955 2798 5008 καὶ
2850 4955 2949 5024 τὴν
2988 4955 3244 5026 ἁρπαγὴν
3288 4955 3397 5009 τῶν
3442 4957 3812 5026 ὑπαρχόντων

2211 5046 2362 5117 ὑμῶν
2413 5045 2549 5117 μετὰ
2589 5048 2763 5117 χαρᾶς
2808 5045 3201 5118 προσεδέξασθε
3233 5085 3247 5110 ,
3309 5045 3668 5116 γινώσκοντες
3719 5049 3809 5100 ὅτι

2209 5140 2495 5211 κρείττονα
2526 5139 2675 5210 ἔχετε
2717 5139 2948 5211 ὓπαρξιν
2996 5141 3053 5191 ὲν
3093 5139 3342 5210 οὐρανοῖς
3368 5141 3463 5193 καὶ
3503 5141 3808 5211 μένουσαν.

2203 5232 2296 5301 Μὴ
2329 5231 2640 5304 ἀποΰόιλητε
2673 5226 2764 5286 οὖν
2811 5230 2910 5303 τὴν
2948 5231 3257 5302 παρρησίαν
3305 5231 3460 5303 ὑμῶν
3513 5233 3625 5302 ἥτις
3684 5233 3810 5303 ἔχει

2965 5369 3013 5402 ⁸⁸
3042 5369 3178 5426 Ibid.
3213 5369 3266 5424 5.

2409 5372 2453 5404 ³⁹
2484 5371 2528 5426 ll
2561 5372 2687 5427 Cor.
2719 5386 2806 5438 vt,
2835 5368 2890 5424 4.
2965 5369 3013 5402 ⁸⁸
3042 5369 3178 5426 Ibid.
3213 5369 3266 5424 5.
3353 5370 3396 5403 “
3429 5371 3530 5426 lsa.
3564 5385 3654 5435 ιι,
3693 5371 3804 5438 1ος

2204 5588 2446 5660 ὑπομονὴ
2472 5605 2592 5659 μου.

2278 5654 2391 5730 (48)
2437 5654 2988 5730 Ἑπιγινώσκεσθαι.
3041 5655 3331 5728 Perperam
3396 5669 3535 5722 ms.,
3581 5654 3810 5708 ὲπινώο

2611 5814 2729 5854 που
2758 5801 2791 5852 ό
2817 5796 3076 5863 Παῦλος.
3101 5793 3235 5870 dee
3267 5806 3422 5852 notas
3448 5795 3512 5852 ad
3537 5790 3810 5862 Origeuis

2206 5866 2425 5940 epistul.
2462 5866 2530 5926 ad
2564 5869 2904 5935 Africanum,
2939 5885 3090 5923 nunt.
3123 5866 3176 5921 9.
