3962 6414
491 286 589 342 631

1961 295 2282 353 ORIGENIS

3657 305 3752 362 652

489 407 635 477 quod
661 407 900 464 animam
931 420 1123 482 gravat
1149 420 1204 468 et
1244 423 1439 471 onerat
1470 425 1707 472 mentem
1747 416 2010 474 δοιιίοἰιειι

2118 419 2535 492 λμακαριότητι
2572 420 2874 476 ἀνάπαυσιν
2929 423 3402 496 ἁναπαυσώμεθαο
3456 423 3548 480 τδν
3596 427 3750 481 αὐτὸν

489 499 728 556 vinculis
767 501 973 557 absolvi
1000 509 1052 557 et
1088 503 1272 559 carnis
1294 519 1359 560 ae
1392 508 1676 578 sanguinis
1705 507 1901 564 ﬂuctus
1936 524 2064 566 eva-

488 588 640 656 dere,
677 601 732 646 ut
764 607 886 647 cum
926 591 1144 648 Christo
1178 590 1306 650 Jesu
1331 597 1549 667 propria
1575 598 1936 656 beatitudinis
1978 616 2066 656 re-

485 682 613 750 quie
643 682 1008 752 perfruamur,
1041 684 1215 754 ipsum
1239 687 1460 743 omnino
1484 702 1581 759 per
1610 692 1789 746 omnia
1821 690 2062 749 Verbum

484 773 668 827 vivum
699 783 1037 843 spectantes,
1063 776 1132 830 ab
1173 776 1291 848 ipso
1321 779 1570 844 enutriti,
1600 783 1736 838 mire
1763 783 1970 838 variam
2007 787 2059 841 in

483 861 602 929 ipso
633 864 955 934 sapientiam
989 867 1530 937 comprehendentes,
1567 873 1634 927 ab
1670 874 1781 943 ipsa
1823 873 2060 932 Veritate

481 952 782 1022 informati,
809 965 864 1010 et
905 971 934 1010 a
967 971 1096 1011 vero
1137 967 1192 1012 et
1225 959 1562 1018 indeﬁcieuti
1589 965 1832 1022 scientiae
1854 968 2059 1026 lumine

478 1055 664 1101 mente
715 1045 972 1103 illustrati
1017 1049 1085 1104 ad
1139 1049 1229 1104 illa
1271 1055 1569 1121 speetanda
1621 1072 1743 1127 qua:
1797 1074 1897 1128 per
1927 1061 2056 1117 illud

474 1133 659 1192 lumen
709 1140 1097 1210 eonspicabilia
1133 1155 1283 1213 sunt,
1334 1144 1405 1201 iis
1461 1147 1632 1206 oculis
1657 1165 1804 1222 quos
1835 1153 2051 1212 Domini

470 1239 801 1302 prmceptum
842 1233 1278 1292 illuminaverit?

539 1323 630 1378 48.
683 1325 894 1381 Dudum
932 1326 1058 1383 Jesu
1106 1345 1394 1389 sermones
1439 1335 1750 1394 audivimus
1792 1348 1850 1395 et
1879 1342 2048 1401 multo

467 1411 584 1481 jam
640 1421 888 1487 tempore
946 1433 1016 1476 ex
1067 1421 1349 1491 Evangelii
1412 1431 1737 1502 praescripto
1784 1434 2042 1503 viximus,

464 1505 972 1580 aediﬁcavimusque
1011 1514 1170 1568 nobis
1209 1529 1400 1573 omnes
1460 1521 1704 1579 domum.
1754 1525 1855 1582 Ubi
1918 1544 2047 1586 vero

464 1597 940 1670 aediﬁcaverimus,
992 1619 1059 1659 an
1093 1625 1112 1658 ι
1137 1621 1301 1679 supra
1335 1621 1547 1680 petram
1574 1633 1594 1668 ι
1633 1624 1688 1671 et
1740 1615 2045 1678 loderimus

462 1689 519 1743 in
555 1690 762 1758 altum;
803 1707 871 1748 an
911 1710 1077 1766 super
1105 1715 1330 1756 arenam
1371 1723 1391 1755 ι
1415 1706 1535 1762 sine
1562 1707 2035 1782 l'unilamento'°,i

460 1794 706 1849 praesens
735 1787 990 1841 ostendet
1036 1799 1338 1850 certamen.
1375 1794 1546 1852 Instat
1571 1799 1717 1854 enim
1747 1812 2040 1871 tempestas

463 1887 484 1922 ι
512 1870 698 1930 ferens
732 1876 968 1946 pluviam
1016 1889 1069 1934 et
1110 1880 1329 1940 ﬂuuitina
1387 1897 1443 1943 et
1485 1893 1764 1959 ventos“,
1792 1913 1810 1946 ι
1848 1895 1953 1960 vel,
1981 1908 2038 1952 ut

455 1961 637 2020 Lucas
667 1977 850 2034 vocat,
891 1988 910 2022 ι
935 1972 1345 2032 inundationem
1365 1979 1444 2047 ⁸²;
1474 2001 1492 2034 ι
1533 1993 1587 2037 et
1619 1984 1732 2039 haec
1765 1986 1905 2041 illisa
1933 1989 2034 2050 do-

453 2056 589 2120 mui,
627 2058 710 2112 vel
766 2077 874 2116 non
925 2075 1179 2134 poterunt
1225 2084 1344 2124 eam
1399 2088 1639 2138 movere,
1667 2085 1721 2129 ct
1746 2090 2031 2147 propterea

451 2159 561 2200 non
591 2149 750 2203 cadet
777 2151 992 2218 domus,
1031 2159 1230 2228 quippe
1261 2177 1280 2211 ι
1318 2177 1484 2231 supra
1510 2176 1722 2232 petram
1749 2168 2028 2227 Christum

450 2235 711 2308 fundata;
741 2261 759 2295 ι
799 2245 882 2298 vel
929 2247 1144 2304 aedilicii
1197 2251 1535 2310 debilitatem
1594 2269 1828 2328 arguerit
1884 2263 2028 2330 quod

447 2326 692 2388 instante
744 2339 1034 2396 occasione
1088 2354 1342 2413 corruet;
1395 2347 1540 2416 quod
1583 2363 1612 2402 a
1642 2351 1845 2407 nostris
1886 2353 2026 2410 absit

443 2420 710 2482 aediliciis.
735 2426 832 2483 Est
854 2431 997 2486 enim
1022 2434 1315 2491 admodum
1343 2456 1362 2489 ‹
1391 2455 1583 2512 magna
1606 2459 1624 2494 ι
1657 2442 1711 2497 in
1736 2445 2025 2515 negatione

447 2532 468 2565 ι
500 2516 686 2584 ruina;
718 2537 738 2572 ι
775 2522 980 2586 vel,'ut
1008 2524 1185 2582 Lucas
1209 2529 1310 2596 ait,
1348 2549 1366 2583 ι
1393 2530 1592 2589 fractio
1618 2550 1814 2607 magna
1840 2556 1858 2590 ι
1891 2539 2024 2594 tedi-

439 2603 548 2659 licii
573 2610 717 2676 quod
761 2609 1116 2672 fundamento
1146 2629 1321 2676 caret.
1355 2603 1735 2688 Quamobrem
1755 2643 1856 2684 nos
1894 2645 2020 2698 pre-

438 2711 630 2752 cemur
667 2711 724 2755 ut
757 2704 1126 2763 assimilemur
1158 2729 1176 2762 ι
1203 2711 1324 2769 viro
1351 2717 1586 2786 sapienti
1633 2723 1728 2791 qui
1775 2724 2018 2781 aediﬁca-

434 2789 514 2844 vit
567 2793 784 2850 domum
827 2813 979 2854 suam
1029 2817 1191 2874 supra
1226 2816 1436 2876 petram
1461 2810 1530 2869 ⁸³.
1560 2830 1579 2863 ι
1622 2789 1818 2871 Veniat
1859 2817 2013 2873 enim

433 2883 502 2936 ad
535 2885 640 2941 tale
667 2889 958 2948 aedilicium
1009 2895 1257 2952 immissa
1288 2917 1307 2952 ι
1337 2915 1366 2954 a
1397 2903 1773 2971 spiritualibus
1822 2912 2014 2982 nequi-

432 2975 521 3030 tiae
553 2977 607 3032 in
641 2981 957 3040 ctelestibus
979 3006 998 3038 ι
1036 2987 1243 3057 pluvia,
1281 3000 1375 3046 aut
1412 2993 1636 3051 ﬂumina
1664 2999 2010 3059 inimicorum

427 3075 741 3125 nostrorum
771 3091 790 3124 ι
821 3076 1231 3147 priueipatuum
1273 3091 1328 3136 et
1355 3095 1714 3157 potestatum,
1746 3111 1764 3144 ι
1793 3105 1887 3149 aut
1923 3113 1942 3148 ι
1973 3113 2002 3152 a

427 3161 618 3215 mundi
649 3168 954 3224 rectoribus
1007 3173 1358 3230 tenebrarqu
1403 3178 1595 3235 harum
1620 3201 1638 3234 ι
1669 3188 1820 3240 venti
1849 3203 2006 3258 aspe-

425 3251 472 3303 ri
487 3250 556 3313 ³⁵,
579 3263 674 3309 aut
711 3256 998 3316 inundatio
1033 3265 1523 3325 subterraneorum
1573 3275 1888 3344 spirituum,
1918 3294 2005 3334 se-

423 3355 530 3408 que
564 3343 775 3402 illidant
806 3352 1036 3408 mdiﬁcio
1070 3366 1259 3412 nostro
1289 3375 1451 3431 supra
1483 3374 1694 3432 petram
1733 3343 1998 3425 fundato:

409 3445 502 3500 ut,
545 3450 652 3490 non
703 3441 862 3496 modo
904 3459 1010 3500 non
1041 3446 1189 3516 lapsa
1223 3451 1382 3507 domo
1429 3465 1637 3524 nostra,
1683 3461 1776 3518 sed
1824 3477 1891 3515 ne
1933 3464 2001 3519 ab

418 3526 578 3583 initio
609 3532 830 3599 quidem
875 3551 1164 3606 concussa,
1199 3544 1308 3598 vim
1339 3548 1520 3614 potius
1553 3561 1797 3607 nostram
1830 3568 1998 3625 expe-

417 3620 655 3690 riantur,
697 3641 860 3695 quam
913 3644 1069 3685 suam
1127 3634 1388 3692 inferant.
1437 3639 1593 3696 Dicat
1637 3645 1803 3699 etiam
1835 3663 1998 3703 unus-

413 3712 648 3784 quisque
716 3729 966 3776 nostrum
1048 3725 1398 3785 adversarios
1464 3736 1996 3800 percutiens:¢Sic

412 3819 620 3875 pugno,
654 3826 760 3866 non
793 3817 952 3882 quasi
984 3831 1168 3873 aerem
1203 3823 1588 3880 verberans".
1611 3846 1630 3878 ι

481 3898 649 3971 308
672 3902 765 3958 49.
823 3904 1097 3964 Praeterea
1162 3915 1602 3986 quandoquidem
1661 3923 1839 3978 (exiit
1897 3931 1988 3995 qui

410 3993 649 4048 seminat
690 3998 1044 4069 seminare",
1070 4022 1088 4054 ι
1127 4005 1564 4066 demonstremus
1599 4014 1833 4070 animam
1886 4035 1990 4074 no~

407 4087 578 4134 stram
605 4097 790 4140 semen
819 4089 936 4158 ejus
962 4094 1287 4163 suscepisse,
1325 4113 1428 4151 non
1458 4109 1513 4153 ut
1543 4104 1634 4170 qui
1665 4120 1822 4163 secus
1842 4110 1984 4166 viam

403 4183 552 4238 sunt,
587 4191 770 4248 neque
819 4189 876 4234 ut
916 4193 1155 4252 petrosa,
1185 4203 1360 4258 neque
1426 4201 1485 4245 ut
1549 4195 1738 4262 spinae,
1767 4202 1862 4256 sed
1927 4214 1985 4258 ut

405 4271 551 4318 terra
584 4266 745 4322 bona.
785 4269 842 4325 Si
878 4273 1047 4344 igitur
1072 4293 1249 4347 neque
1281 4295 1436 4338 secus
1478 4285 1643 4352 viam,
1679 4305 1860 4361 neque
1885 4310 1978 4348 su-

397 4369 495 4422 per
521 4357 706 4426 spinas
735 4364 879 4418 venit
908 4381 1090 4424 sermo
1125 4369 1273 4436 Jesu,
1302 4385 1568 4456 quantum
1607 4379 1660 4432 iu
1695 4384 1850 4438 nobis
1874 4395 1976 4452 est,

396 4445 448 4499 in
491 4447 718 4507 Domino
759 4457 1142 4526 gloriabimur.
1193 4447 1571 4522 Intelleximus
1646 4475 1795 4530 enim
1845 4494 1975 4533 ver-
2013 4456 2059 4510 Β

392 4536 521 4593 bum
543 4542 609 4598 ⁵⁷.
653 4545 835 4610 Quare
869 4551 1044 4608 malus
1075 4570 1182 4610 non
1227 4561 1410 4629 rapuit
1458 4565 1604 4632 quod
1637 4570 1972 4629 seminatum

2169 509 2305 573 ὅλως
2331 510 2397 563 δι’
2428 510 2564 567 ὅλων
2588 512 2828 585 ἔμψυχον
2851 515 3024 584 Λόγον
3051 516 3510 586 θεωροῦντες,καὶ
3533 518 3629 572 ἀπ’
3656 518 3751 574 αὒ-

2165 601 2260 654 τοῦ
2293 603 2637 674 τρεφόμενοι,
2668 606 2762 660 καὶ
2793 607 2892 679 τὴν
2927 606 3075 678 αὐτῷ
3107 607 3217 678 (60)
3255 609 3635 684 ποικιλοτάτην
3669 628 3752 667 σο-

2167 690 2295 760 φίαν
2327 692 2855 765 καταλαμϐάνοντες,
2899 695 2990 755 καὶ
3021 697 3348 768 τυπούμενοι
3388 696 3494 752 ὑπὸ
3523 700 3620 773 τῆς
3657 703 3751 756 αὐ-

2161 784 2501 856 τοαληθείας,
2533 787 2626 839 καὶ
2661 789 2718 840 ἐν
2752 789 2888 857 φωτὶ
2921 786 2998 858 τῷ
3032 788 3225 860 ἀληθεῖ
3262 790 3359 843 καὶ
3397 792 3619 864 ἀλήκτῳ
3653 795 3748 866 τῆς

2162 875 2414 944 γνώσεως
2453 879 2546 931 τὸν
2588 879 2712 933 νοῦν
2754 883 3256 955 καταλαμπόμενοι,
3306 885 3444 957 πρὸς
3475 887 3575 957 τὴν
3623 886 3744 942 θέαν

2158 963 2267 1018 τῶν
2312 966 2378 1019 δι’
2426 959 2634 1021 ἐκείνου
2685 970 2778 1024 τοῦ
2821 973 2995 1040 φωτὸς
3030 973 3354 1046 θεωρεῖσθαι
3401 977 3741 1048 πεφυκότων,

2160 1056 2264 1110 ὑπὸ
2296 1059 2587 1130 ὀφθαλμῶν
2617 1063 2992 1136 φωτιζομένων
3025 1067 3127 1120 ὑπὸ
3160 1069 3261 1139 τῆς
3292 1067 3388 1122 τοῦ
3428 1067 3631 1142 Κυρίου
3657 1071 3740 1125 ὲν-

2155 1148 2313 1220 τολῆς
2334 1167 2348 1216 ;

2225 1303 2399 1358 Πάλαι
2417 1305 2731 1378 ἠκούσαμεν
2751 1308 2859 1363 τῶν
2893 1311 3069 1383 Ἰησοῦ
3097 1312 3291 1382 λόγων,
3318 1315 3413 1368 καὶ
3436 1315 3538 1386 ήδη
3563 1315 3737 1386 πολλῷ

2151 1391 2326 1464 χρόνῳ
2379 1393 2458 1464 τῷ
2511 1396 2827 1469 Εὐαγγελίῳ
2877 1401 3340 1474 πεπολιτεύμεθα,
3399 1405 3494 1459 καὶ
3539 1407 3738 1471 πάντες

2149 1480 2579 1556 ᾠκοδομήσαμεν
2605 1487 2818 1552 ἑαυτοῖς
2837 1489 3033 1545 οἰκίαν.
3065 1492 3174 1546 Ποῦ
3201 1493 3258 1546 δὲ
3277 1494 3732 1568 ᾠκοδομήσαμεν,

2150 1571 2377 1643 πότερον
2399 1593 2416 1624 ‹
2442 1575 2533 1627 ἐπὶ
2549 1575 2650 1648 τὴν
2667 1576 2870 1650 πέτραν
2899 1599 2917 1632 ι
2945 1581 3248 1650 σκάψαντες
3264 1586 3358 1638 καὶ
3381 1585 3730 1656 βαθύναντες,

2146 1657 2180 1730 ἢ
2205 1660 2298 1712 ἐπὶ
2330 1661 2428 1733 τὴν
2455 1663 2637 1734 ἄμμον
2672 1683 2691 1716 ι
2732 1666 2897 1739 χωρὶς
2932 1667 3202 1740 θεμελίου,
3243 1691 3262 1724 ι
3293 1675 3323 1726 6
3351 1673 3543 1745 παρὼν
3574 1675 3732 1744 δείξει

2071 1765 2116 1821 Β
2146 1749 2311 1820 ἀγών.
2377 1754 2664 1828 Ἐνέστηκε
2706 1760 2816 1832 γὰρ
2858 1762 3066 1833 χειμὼν
3110 1783 3129 1816 ι
3179 1764 3362 1837 φέρων
3398 1767 3600 1841 βροχὴν
3643 1771 3732 1826 καὶ

2142 1846 2422 1917 ποταμοὺς
2451 1849 2543 1902 καὶ¹
2576 1851 2808 1922 ἀνέμους
2849 1872 2894 1917 ι,
2940 1854 2998 1927 ἢ,
3033 1854 3106 1918 ὡς
3139 1858 3167 1909 6
3201 1858 3420 1924 Λουκᾶς
3452 1861 3731 1933 ὀνομάζει,

2144 1955 2163 1987 ι
2206 1936 2540 2012 πλήμμυραν
2567 1958 2581 1972 ·
2613 1962 2633 1996 ι
2657 1945 2750 1997 καὶ
2783 1945 2972 2011 ταῦτα,
3021 1949 3404 2022 προσρήξαντα
3442 1957 3510 2024 τῇ
3533 2017 3537 2024 ,
3561 1957 3729 2028 οἰκίᾳ,

2136 2029 2256 2101 ήτοι
2284 2033 2384 2086 οὐκ
2424 2033 2632 2104 ἰσχύσει
2669 2037 2925 2092 σαλεῦσαι
2959 2041 3148 2113 αὐτὴν,
3182 2044 3277 2096 καὶ
3319 2044 3407 2098 διὰ
3439 2047 3600 2101 τοῦτο
3633 2067 3731 2103 πε-

2137 2125 2372 2194 σεῖταιή
2413 2128 2559 2180 οἰκία
2584 2128 2716 2199 (61),
2765 2130 2858 2183 ἆτε
2891 2151 2910 2183 ι
2951 2133 3042 2186 ἐπὶ
3074 2134 3174 2204 τὴν
3203 2136 3413 2208 πέτραν
3461 2140 3556 2193 τὸν
3596 2143 3729 2213 Χρι-

2135 2210 2256 2264 στὸν
2289 2212 2725 2288 τεθεμελιωμένη
2744 2235 2757 2248 ·
2796 2239 2813 2270 ι
2847 2221 2880 2293 ἧ
2908 2221 3111 2291 ἐλέγξει
3141 2225 3200 2278 τὸ
3228 2227 3426 2300 σαθρὸν
3452 2231 3554 2302 τῆς
3583 2233 3726 2286 οἰκο-

2130 2299 2299 2374 δομῆς
2338 2303 2426 2358 διὰ
2456 2307 2556 2378 τῆς
2589 2309 2941 2382 ἐνεστηκυίας
2983 2317 3308 2387 προτάσεως
3341 2325 3727 2394 συμπεσουμέρ

2127 2411 2244 2466 γης
2309 2397 2447 2469 ὅπερ
2507 2401 2674 2472 ἀπείη
2733 2401 2840 2456 τῶν
2896 2407 3180 2479 ἡμετέρων
3235 2412 3717 2485 οἱκοδομημάτωνί

2133 2502 2150 2535 ι
2188 2486 2414 2560 Μεγάλη
2458 2509 2476 2541 ι
2511 2491 2619 2563 γάρ
2655 2494 2858 2567 σφόδρα
2889 2499 2920 2568 ή
2959 2500 3018 2551 ὲν
3057 2500 3286 2572 ἀρνήσει
3315 2523 3333 2555 ι
3361 2508 3592 2573 πτῶσις,
3619 2527 3638 2561 ι
3663 2510 3718 2580 ἢ.

2123 2576 2200 2641 ὡς
2227 2579 2441 2646 Λουκᾶς
2471 2600 2623 2654 φησι,
2664 2606 2682 2638 ι
2729 2589 2869 2659 μέγα
2903 2590 2964 2642 τὸ
2996 2593 3182 2662 ῥῆγμα
3227 2613 3245 2645 ι
3279 2595 3381 2666 τῆς
3421 2601 3593 2670 χωρὶς
3626 2601 3714 2654 τοῦ

2124 2668 2370 2742 θεμελίου
2400 2677 2706 2750 οἰκοδομῆς.
2748 2683 2946 2755 Διόπερ
2990 2687 3152 2756 ἡμεῖς
3197 2687 3509 2760 εὐχώμεθα,
3541 2694 3629 2747 ἵνα
3664 2698 3718 2748 6-

2123 2764 2441 2838 μοιωθῶμεν
2494 2789 2513 2821 ‹
2564 2771 2716 2844 ἀνδρὶ
2758 2777 3024 2847 φρονίμῳ,
3061 2779 3208 2843 ὅστις
3239 2781 3594 2855 ᾠκοδόμησεν
3622 2787 3716 2840 αὑ-

2117 2855 2211 2908 τοῦ
2246 2857 2342 2930 τὴν
2380 2861 2557 2916 οἰκίαν
2599 2865 2692 2919 ἐπὶ
2738 2868 2836 2940 τὴν
2881 2869 3106 2941 πέτραν.
3142 2891 3160 2923 ι
3211 2875 3424 2928 Ἡκέτω
3472 2877 3583 2948 γὰρ
3621 2879 3712 2931 ἐπὶ

2116 2951 2339 3024 τοιαύτῃ
2380 2953 2633 3027 οἰκοδομῇ
2675 2959 2706 3029 ή
2754 2978 2772 3009 ‹
2825 2960 2933 3014 ἀπὸ
2963 2961 3072 3015 τῶν
3119 2964 3177 3017 ἐν
3216 2968 3328 3029 τοῖς
3368 2969 3710 3038 ἐπουρανίοις

2115 3043 2498 3111 πνευματικῶν
2538 3047 2637 3117 τῆς
2673 3051 2936 3122 πονηρίας
2975 3071 2992 3104 ι
3033 3052 3222 3126 βροχὴ,
3259 3057 3291 3128 ἢ
3326 3061 3568 3130 ποταμοὶ
3593 3061 3698 3114 τῶν

2032 3117 2074 3174 C
2108 3129 2319 3202 ἐχθρῶν
2357 3136 2488 3205 ἡμῖν
2536 3155 2555 3188 ι
2604 3117 2911 3210 ἀρχῶν-κοιλ⁹
2951 3117 3228 3214 ἐξουσιῶν,
3254 3117 3442 3219 ι’ῆοὶε
3473 3117 3582 3206 ἀπὸ
3602 3155 3704 3210 τῶν

2108 3223 2564 3300 κοσμοκρατόρων
2586 3227 2680 3280 τοῦ
2713 3230 2936 3295 σκότους
2961 3233 3149 3288 τούτου
3180 3255 3198 3287 ι
3228 3238 3422 3310 ἄνεμοι
3448 3241 3698 3316 σκληροὶ,

2106 3312 2140 3383 ἢ
2166 3311 2474 3386 πλήμμυρα
2503 3318 2610 3372 τῶν
2641 3322 3010 3393 καταχθονίων
3034 3329 3376 3399 πνευμάτων,
3408 3333 3505 3386 καὶ
3540 3350 3702 3404 προσ-

2106 3406 2456 3476 ρηγνύτωσαν
2497 3411 2722 3475 ἑαυτοὺς
2743 3415 2813 3488 τῇ
2851 3415 2943 3468 ἐπὶ
2993 3416 3089 3488 τὴν
3131 3419 3334 3492 πέτραν
3366 3423 3526 3494 ήμῶν
3560 3428 3699 3480 οἰκο-

2100 3495 2271 3568 δομῇ’
2315 3500 2402 3554 ἵνα
2444 3501 2519 3573 μὴ
2568 3503 2730 3573 μόνον
2761 3506 2897 3577 πρὸς
2928 3508 2988 3560 τὸ
3025 3509 3097 3581 μὴ
3136 3516 3339 3579 πεσεῖν,
3384 3515 3523 3569 ἀλλά
3568 3519 3699 3590 μηδὲ

2103 3587 2423 3662 σαλευθῆναι
2497 3592 2593 3664 τὴν
2623 3595 2793 3669 ἀρχὴν
2818 3598 2915 3670 τὴν
2947 3602 3141 3669 οἰκίαν,
3167 3604 3380 3661 πάθωσι
3413 3609 3615 3680 μᾶλλον
3639 3614 3694 3666 τὸ

2100 3679 2188 3747 ὑφ’
2226 3681 2382 3752 ήμῶν
2415 3686 2696 3756 ἐνεργοῦν,
2735 3690 2879 3761 ήπερ
2913 3691 3172 3763 δράσωσι.
3225 3700 3334 3752 Καὶ
3375 3679 3586 3770 λεγέτω
3633 3724 3690 3776 γε

2097 3770 2355 3844 ἑκάτερος
2404 3776 2561 3847 ήμῶν
2619 3777 2874 3851 πλήσσων
2927 3783 2994 3838 τὰ
3037 3785 3411 3860 ἀντικείμενα’
3459 3814 3478 3846 ι
3540 3797 3690 3850 Οὖτω

2096 3867 2370 3934 πυκτεύω,
2404 3870 2480 3935 ὡς
2503 3873 2603 3928 οὐκ
2630 3874 2766 3946 ἀέρα
2798 3877 2986 3950 δέρων.
3027 3900 3045 3933 ι

2176 3959 2337 4014 Ἀλλὰ
2365 3966 2457 4018 καὶ
2478 3967 2600 4022 ἐπεὶ
2638 3989 2655 4020 ι
2685 3971 2907 4042 ἐξῆλθεν
2935 3976 2962 4026 6
2991 3975 3231 4048 σπείρων
3252 3977 3346 4032 τοῦ
3372 3984 3635 4056 σπείρειν,
3663 4004 3680 4037 ι

2088 4051 2372 4125 δείξωμεν,
2407 4059 2491 4113 ὅτι
2518 4064 2548 4133 ή
2584 4061 2729 4135 ψυχὴ
2757 4067 2912 4138 ήμῶν
2939 4067 3097 4123 ἔλαϐε
3134 4072 3224 4126 τὸν
3253 4075 3457 4144 σπόρον
3492 4051 3681 4133 αὐτοῦ’

2087 4143 2198 4198 οὔθ’
2221 4147 2296 4212 ὡς
2325 4153 2373 4204 οἱ
2398 4154 2546 4223 παρὰ
2576 4153 2671 4226 τὴν
2690 4157 2828 4223 ὁδὸν,
2859 4159 2974 4214 οὗθ’
2993 4162 3066 4225 ὡς
3094 4162 3162 4215 τά
3187 4165 3461 4240 πετρώδη,
3481 4169 3686 4238 οὗθ’ὼς

2085 4239 2139 4289 αἱ
2169 4239 2418 4307 ἄκανθαι,
2450 4245 2652 4310 ἀλλ’ὡς
2681 4249 2712 4319 ή
2743 4249 2917 4323 ἀγαθή
2952 4255 3042 4324 γῆ.
3068 4255 3130 4308 ΕΞ
3153 4257 3250 4326 μὲν
3275 4254 3367 4312 οὖν
3387 4239 3513 4314 οῦτε
3535 4265 3686 4335 παρά

2082 4327 2180 4399 τὴν
2195 4331 2334 4396 ὁδὸν,
2355 4333 2478 4388 οὔτε
2500 4338 2589 4390 ἐπὶ
2607 4338 2702 4402 τὰς
2718 4340 2957 4405 ἀκάνθας
2975 4340 3136 4414 ἦλθεν
3153 4346 3350 4416 όλόγος
3361 4352 3455 4405 τοῦ
3486 4354 3681 4426 Ἰησοῦ,

2087 4419 2148 4472 τὸ
2167 4421 2291 4476 ὅσον
2318 4425 2405 4494 ἐφ’
2423 4428 2570 4498 ἡμῖν,
2596 4431 2654 4483 ἐν
2675 4432 2866 4505 Κυρίῳ
2895 4438 3306 4510 καυχησόμεθα.
3354 4419 3683 4518 Συνήκαμεν

2087 4508 2196 4580 γάρ
2223 4512 2331 4566 τῶν
2365 4515 2693 4588 λεγομένων.
2715 4523 2912 4597 Διόπερ
2942 4529 2970 4580 6
3003 4545 3136 4600 πονη
3149 4530 3239 4602 ρδς
3257 4532 3353 4604 οὐχ
3377 4535 3600 4607 ρπασε
3616 4539 3678 4593 τὺ

2084 4601 2433 4675 ἐσπαρμένον
2464 4609 2522 4662 ὲν
2549 4613 2668 4674 ταῖς
2701 4614 2948 4685 καρδίαις
2980 4619 3158 4690 ἡμῶν.
3200 4623 3320 4678 ’Ότι
3348 4625 3406 4679 δὲ
3434 4629 3556 4682 οὐδὲ
3583 4631 3678 4684 ἐπὶ

389 4633 558 4686 estin
597 4640 855 4697 cordibus
899 4647 1120 4705 nostris.
1159 4649 1314 4716 Quod
1346 4663 1529 4710 autem
1586 4673 1753 4729 super
1788 4665 1976 4735 spinas

387 4726 718 4784 seminatum
750 4748 855 4787 non
892 4737 984 4804 sit,
1021 4741 1178 4795 multi
1215 4745 1375 4800 nobis
1419 4756 1588 4804 testes
1615 4764 1781 4808 erunt
1815 4768 1973 4826 quot-

385 4819 730 4884 quotvideut
770 4841 947 4896 neque
973 4833 1157 4886 smculi
1195 4834 1351 4892 istius
1377 4841 1830 4914 sollicitudinem,
1874 4865 1972 4906 ne-

381 4919 491 4976 que
521 4909 790 4969 fallaciam
821 4920 1159 4990 divitiarum,
1191 4942 1368 4995 neque
1392 4933 1700 5002 voluptates
1729 4909 1854 4995 vita:
1872 4957 1969 5011 po-

387 5002 553 5056 luisse
589 5006 860 5065 obsistere
895 5015 1063 5070 verbo
1125 5018 1217 5072 Dei
1276 5027 1484 5080 nostris
1550 5028 1604 5081 iu
1673 5032 1964 5091 animabus

379 5106 660 5167 suscepto.
688 5100 981 5174 Reliquum
1007 5123 1090 5164 est
1128 5123 1186 5165 ut
1219 5116 1466 5171 dubitent
1493 5120 1742 5180 homines
1776 5143 1844 5182 an
1876 5146 1965 5185 su-

378 5200 476 5254 per
499 5201 738 5258 petrosa,
769 5210 837 5250 an
868 5199 922 5252 in
955 5210 1157 5258 terram
1194 5209 1388 5265 bonam
1416 5219 1756 5284 pervenerit,
1783 5237 1959 5291 quau-

374 5290 492 5340 tum
525 5281 577 5335 in
612 5286 770 5340 nobis
825 5288 948 5357 fuit,
987 5299 1212 5353 verbum
1246 5303 1365 5360 Dei.
1396 5308 1526 5363 Orta
1566 5321 1643 5367 est
1678 5315 1826 5368 enim
1858 5317 1954 5370 tri-

444 5426 502 5503 “:
529 5426 662 5503 Luc.
699 5449 774 5498 vl,
804 5435 896 5503 48,
921 5440 1012 5496 49.

369 5507 446 5560 rx,
475 5497 565 5551 26.

2080 4691 2179 4755 τὰς
2219 4695 2460 4764 ἀκάνθας
2511 4703 2746 4774 ἐσπάρη,
2809 4707 2992 4763 πολλοὶ
3042 4713 3172 4784 ἡμῖν
3234 4723 3668 4792 μαρτυρήσουσι,

2080 4779 2438 4857 θεωροῦντες,
2484 4791 2564 4845 ὅτι
2599 4792 2721 4847 οὔτε
2756 4797 2787 4868 ἡ
2819 4797 2914 4852 τοῦ
2951 4802 3144 4867 αἰῶνος
3174 4805 3363 4860 τούτου
3404 4813 3668 4884 μέριμνα,

2073 4874 2196 4928 οὗτε
2229 4880 2262 4949 ἡ
2297 4882 2390 4934 τοῦ
2427 4883 2656 4940 πλούτου
2692 4889 2898 4962 ἀπάτη,
2935 4895 3056 4947 οὔτε
3087 4900 3142 4949 αἱ
3181 4899 3275 4951 τοῦ
3321 4901 3440 4970 βίου
3482 4905 3671 4974 ἡδοναὶ

2070 4966 2382 5040 δεδύνηνται
2427 4978 2717 5047 ἐμποδίσαι
2749 4983 2827 5053 τῷ
2857 4986 2913 5037 ἐν
2941 4991 3060 5051 ταῖς
3093 4989 3294 5061 ψυχαῖς
3328 4995 3487 5064 ἡμῶν
3523 4998 3668 5073 λόγῳ

2069 5058 2163 5110 τοῦ
2198 5060 2352 5116 Θεοῦ.
2389 5066 2588 5120 Λοιπύν
2622 5072 2736 5124 ἐστι
2765 5075 2892 5139 τοὺς
2919 5077 3237 5149 ἀνθρώπους
3269 5083 3662 5158 ἀμφιϐάλλειν,

2066 5149 2290 5222 πότερον
2333 5155 2424 5209 ἐπὶ
2473 5157 2543 5210 τὰ
2573 5162 2844 5233 πετρώδη,
2884 5165 2916 5235 ἢ
2961 5169 3051 5220 επὶ
3076 5170 3173 5240 τὴν
3217 5172 3388 5245 καλὴν
3433 5172 3569 5248 ἦλθε
3604 5182 3667 5234 τὸ

2066 5239 2188 5292 ὅσον
2214 5244 2296 5311 ἐφ’
2323 5247 2454 5315 ἡμῖν
2477 5249 2505 5299 6
2527 5249 2620 5301 τοῦ
2643 5251 2776 5305 Θεοῦ
2805 5254 2979 5323 λόγος,
3005 5258 3197 5326 Γέγονε
3225 5261 3334 5332 γάρ
3357 5265 3542 5336 θλῖψις
3569 5273 3666 5324 καὶ
3739 5260 3756 5268 ’

2063 5327 2299 5402 διωγμὸς
2341 5337 2430 5390 διὰ
2469 5341 2559 5392 τὸν
2590 5341 2766 5411 λόγον,
2812 5347 2904 5399 καὶ
2946 5348 3135 5420 ἐνέστη
3183 5327 3377 5425 καιρὸς
3411 5327 3661 5428 μεγάλου

1089 5447 1133 5521 ‘_‘
1164 5448 1354 5507 Malth.
1385 5472 1482 5521 vn,
1516 5460 1609 5513 ‘25.

643 5503 690 5534 δα
726 5505 916 5563 Matth.
949 5527 1066 5581 xm,
1098 5517 1152 5570 5.
1228 5503 1482 5591 "hui:
1503 5503 1588 5584 ι’9ἶ

440 5609 553 5714 (ff?)
814 5617 973 5701 θ’θνέθ
997 5624 1123 5694 ¹ιέη
1159 5631 1346 5709 εὐτοῦς
1376 5637 1484 5694 vel.
1523 5641 1580 5692 ὲν
1608 5643 1777 5714 αὐτῷ.

440 5695 451 5714 Ι
540 5700 548 5714 ι
626 5702 662 5714 η
755 5707 805 5714 ιι.
832 5707 1002 5714 __-.__
1041 5713 1066 5714 η
1328 5705 1340 5714 .
1407 5709 1417 5714 ,
1474 5709 1482 5714 .
1554 5711 1568 5714 -

433 5684 492 5762 εδ
506 5682 548 5752 1)
573 5685 680 5770 [fat
709 5687 1007 5779 διέι.τοῦςο
1024 5682 1289 5779 {vicesima
1310 5705 1346 5770 ἡ
1365 5709 1715 5779 οὶκίαλιοεο,
1731 5695 1831 5768 καὶ
1853 5717 1940 5773 διά

362 5755 524 5804 τοῦτο
556 5755 629 5827 μὴ
665 5763 967 5834 πεσεῖταιή
1002 5768 1166 5826 οἰκία,
1189 5771 1242 5826 Η
1276 5755 1431 5829 enim
1455 5755 1944 5848 postul'a‘reVide;

1690 5464 1736 5495 δ’
1765 5463 1899 5523 Luc.
1927 5484 2002 5537 vi,
2042 5473 2133 5531 68.

2235 5481 2282 5512 ⁵⁸
2311 5483 2498 5542 Matth.
2539 5503 2632 5554 vu,
2676 5492 2768 5545 9.4.
2848 5495 2896 5527 ⁸⁸
2925 5495 3063 5566 Eph.
3097 5513 3172 5560 γι,
3218 5499 3306 5555 12.
3386 5503 3433 5536 ⁵⁸
3466 5507 3485 5560 l
3523 5508 3652 5565 Cor.

2061 5663 2148 5711 tur
2177 5664 2342 5744 verba
2371 5663 2566 5745 ‘Matth.
2600 5683 2697 5734 vn,
2733 5672 2804 5726 55
2830 5690 2844 5727 :
2870 5673 2969 5728 οὐκ
2996 5675 3178 5740 ἔπεσε,
3215 5697 3234 5728 ‹
3259 5697 3366 5734 non
3392 5688 3596 5744 cecidit
3629 5708 3648 5745 :

2051 5739 2170 5786 erat
2193 5733 2335 5789 enim
2366 5735 2592 5793 luridata
2622 5733 2792 5812 super
2823 5756 3055 5816 petram.
3083 5769 3101 5801 ι
3142 5733 3533 5816 Wersrtarts.
