3962 6414
133 382 220 438 633
1247 363 1697 426 EXHORTATIO
1727 367 1819 422 AD
1856 367 2300 427 MABTYRIUM.

3310 377 3415 434 635

136 497 430 575 πειρασμοῦ,
455 499 552 552 ὅτε
583 499 618 553 6
663 498 776 571 μὲν
809 499 905 553 ἐπὶ
936 497 1002 552 τὰ
1030 495 1279 572 πετρώδη
1313 495 1544 566 σπαρεὶς
1573 495 1714 564 ἐλέγ-

1832 493 2042 548 bulatio
2093 502 2148 548 et
2201 494 2516 563 persecutio
2562 500 2787 564 propter
2811 494 3060 562 verbum,
3093 504 3148 550 et
3196 503 3410 565 tempus

162 612 278 658 εται,
312 592 402 646 καὶ
437 593 486 644 oi
525 590 613 662 μὴ
654 591 1102 663 ἐμϐαθύναντες,
1145 589 1279 661 μηδὲ
1313 588 1473 662 μέχρι
1507 587 1599 644 τοῦ
1635 588 1732 658 βά-

135 688 238 749 θους
269 684 364 754 τῆς
414 682 613 754 ψυχῆς
668 683 1120 756 παραδεξάμενοι
1165 683 1256 736 τὸν
1307 681 1532 751 Ἰησοῦν.
1579 682 1638 734 '0
1675 682 1731 735 δὲ

135 776 302 840 συνιεὶς
331 775 419 828 τδν
450 773 632 844 λόγον
668 777 1048 848 καρποφορεῖ,
1078 774 1170 828 καὶ
1201 775 1418 844 κατέχει
1451 775 1542 828 τὸν
1573 774 1730 844 λόγον

135 872 264 943 μέχρι
295 869 480 933 τέλους
529 871 596 922 ὲν
651 871 919 942 ὑπομονῇ
969 869 1135 924 ποιῶν
1183 869 1724 925 ἑκατονταπλασίονα.

112 961 400 1036 ¹Ἀκούομεν
433 960 555 1032 γὰρ
607 963 750 1018 τίνα
797 963 1000 1035 τρόπον
1031 964 1063 1035 ή
1104 963 1292 1036 Γραφὴ
1333 965 1572 1038 παριστᾷ
1602 965 1729 1027 τοὺς

133 1056 213 1124 μὲν
245 1056 297 1106 ἐν
324 1053 506 1125 καιρῷ
555 1053 826 1125 θλίψεως
865 1057 900 1127 ἢ
934 1054 1170 1125 διωγμοῦ
1211 1054 1727 1126 σκανδαλιζομένους

133 1148 242 1220 μετά
264 1147 320 1200 τὸ
346 1151 403 1201 ὲν
434 1151 600 1222 χαρᾷ
629 1149 831 1204 δοκεῖν
869 1150 1262 1222 παρειληφέναι
1291 1149 1358 1204 τὰ
1391 1153 1522 1221 ἅγια
1553 1150 1727 1224 μαθή-

130 1257 263 1311 ματα,
300 1241 390 1294 καὶ
432 1241 1007 1315 σκανδαλιςομένους
1046 1243 1120 1315 τῷ
1152 1243 1224 1315 μὴ
1256 1243 1395 1314 ἔχειν
1423 1245 1618 1308 αὐτοὺς
1647 1246 1728 1316 ῥί-

128 1331 221 1395 ζαν,
245 1329 368 1384 ἀλλὰ
400 1331 554 1403 πρὸς
589 1333 807 1403 καιρὸν
831 1332 1124 1386 πιστεύειν.
1152 1333 1290 1404 Φησὶ
1320 1332 1430 1405 γὰρ
1457 1333 1597 1387 κατά
1628 1334 1724 1404 μὲν

123 1422 194 1474 τὸν
222 1419 494 1475 Ματθαῖον
517 1439 533 1452 ·
581 1441 602 1474 ι
654 1423 723 1476 '0
762 1423 825 1476 δὲ
859 1424 950 1476 ἐπὶ
977 1422 1044 1476 τὰ
1082 1423 1332 1495 πετρώδη
1363 1424 1610 1496 σπαρεὶς,
1642 1419 1726 1478 οἶοι

125 1513 198 1576 τός
229 1514 364 1568 ἐστιν
398 1515 427 1567 6
459 1514 570 1568 τὸν
614 1515 795 1584 λόγον
824 1515 1057 1582 ἀκούων,
1093 1517 1187 1571 καὶ
1218 1516 1422 1582 εὐθέως
1461 1517 1599 1590 μετὰ
1628 1536 1726 1588 χα-

123 1611 203 1680 ρεῖς
234 1608 529 1680 λαμϐάνων
585 1609 773 1664 αὐτόν
797 1627 812 1640 ·
853 1610 955 1663 οὐκ
995 1610 1107 1680 ἔχει
1145 1609 1202 1662 δὲ
1243 1609 1397 1680 ῥίζαν
1431 1613 1488 1663 ὲν
1527 1610 1720 1681 ἐαυτῷ,

122 1705 230 1758 am
252 1704 611 1778 πρόσκαιρός
639 1706 772 1758 ἐστι
799 1721 814 1734 ·
842 1705 1140 1776 γενομένης
1167 1704 1224 1757 δὲ
1257 1703 1487 1774 θλίψεως
1516 1705 1548 1776 ἧ
1572 1705 1723 1773 διωγ-

121 1797 201 1865 μοῦ
226 1797 304 1851 διὰ
336 1797 428 1851 τὸν
465 1798 680 1868 λόγον,
723 1797 896 1862 εὐθὺς
927 1797 1370 1862 σκανδαλίζεται·
1414 1818 1432 1850 ›
1484 1797 1622 1852 κατά
1664 1798 1719 1851 δὲ

118 1889 189 1942 τὸν
209 1891 420 1962 Μάρκον
442 1906 456 1920 ·
493 1911 514 1941 ι
551 1885 737 1945 Οὗτοί
769 1891 911 1943 εἰσιν
941 1891 990 1943 οἱ
1019 1891 1111 1944 ἐπὶ
1137 1890 1204 1945 τά
1228 1890 1474 1962 πετρώδη
1499 1891 1717 1962 σπειρό-

116 1997 269 2052 μενοι·
313 1983 384 2045 οἳ,
439 1981 591 2035 ὅταν
636 1979 934 2035 ἀκούσωσι
972 1981 1061 2034 τὸν
1103 1981 1278 2051 λόγον,
1326 1981 1538 2045 εὐθέως,¹
1583 1979 1720 2052 μετά

116 2078 258 2145 χαρᾶς
279 2074 672 2146 λαμϐάνουσι,
715 2074 820 2128 καὶ
852 2075 953 2129 οὐκ
987 2073 1167 2146 ἔχουσι
1201 2073 1356 2146 ῥίζαν
1387 2075 1444 2127 ὲν
1484 2076 1715 2138 ἑαυτοῖς,

112 2165 223 2219 ἀλλά
268 2167 619 2238 πρόσκαιροί
659 2168 845 2218 εἰσιν·
903 2165 1037 2218 ἐπὰν
1070 2166 1368 2238 γενομένης
1410 2165 1640 2236 θλίψεως
1681 2168 1713 2240 ἢ

113 2255 316 2328 διωγμοῦ
362 2258 454 2312 διὰ
510 2258 621 2311 τὸν
664 2257 860 2326 λόγον,
912 2258 1110 2322 εὐθέως
1162 2258 1633 2324 σκανδαλίζονται·
1693 2280 1710 2311 ›

112 2351 226 2404 κατά
254 2350 304 2404 δὲ
336 2351 433 2404 τὸν
463 2351 748 2404 Λουκᾶν·
786 2369 805 2400 ι
840 2351 904 2403 0i
933 2350 988 2402 δὲ
1017 2351 1108 2403 ἐπὶ
1131 2353 1228 2422 τὴν
1258 2351 1481 2424 πέτραν,
1506 2352 1554 2405 οἳ
1588 2353 1715 2406 ὅταν

109 2442 370 2506 ἀκούσωσι,
405 2443 565 2515 μετά
601 2444 800 2515 χαρᾶς
834 2442 1076 2513 δέχονται
1108 2443 1199 2498 τὸν
1231 2443 1386 2514 λόγον
1408 2462 1420 2474 ·
1457 2446 1549 2500 καὶ
1572 2441 1714 2500 οῦτοι

110 2535 353 2605 ρίζανοῦκ
380 2536 620 2608 ἔχουσιν
646 2553 660 2565 ·
696 2535 750 2589 οἳ
782 2535 924 2607 πρὸς
957 2535 1141 2608 καιρὸν
1173 2536 1504 2600 πιστεύουσι,
1535 2538 1628 2590 καὶ
1658 2539 1714 2591 ἐν

107 2629 257 2700 καιρῷ
308 2629 649 2702 πειρασμοῦ
716 2629 1072 2699 ἀφίστανται.
1127 2648 1145 2681 ι
1196 2629 1334 2701 Περὶ
1377 2629 1487 2682 τῶν
1534 2628 1714 2694 καλῶς

110 2723 612 2794 καρποφορούντων(
632 2723 1002 2786 διδάσκουσα,
1031 2721 1207 2791 λέγει·
1249 2742 1267 2774 (
1315 2723 1374 2777 '0
1406 2723 1462 2776 δὲ
1496 2725 1588 2777 ἐπὶ
1616 2723 1712 2795 τὴν

107 2813 248 2884 καλὴν
279 2815 382 2885 γῆν
428 2807 917 2886 σπαρεὶςξνοῦτὸς
948 2817 1093 2868 ἐστιν
1125 2817 1153 2868 ὁ
1181 2814 1273 2868 τὸν
1306 2816 1461 2885 λόγον
1501 2815 1713 2870 ἀκούων

106 2903 184 2956 καὶ
211 2906 427 2969 συνιεὶς,
457 2905 520 2970 ὃς
576 2904 651 2976 δὴ
695 2907 1053 2977 καρποφορεῖ
1078 2906 1171 2960 καὶ
1200 2909 1362 2970 ποιεῖ,
1396 2907 1424 2959 ὁ
1455 2907 1554 2977 μὲν
1591 2909 1712 2961 ἑκα-

101 2999 195 3063 τὸν,
221 3002 248 3055 6
276 3001 332 3055 δὲ
365 3002 687 3074 ἑξήκοντα,
718 3004 750 3056 6
783 3003 841 3055 δὲ
877 3002 1188 3074 τριάκοντα·
1223 3023 1242 3056 ›
1277 3004 1334 3074 ἢ·
1369 3022 1387 3055 ι
1429 3002 1538 3056 Καὶ
1567 2997 1710 3056 οὗτοί

104 3094 221 3147 εἰσιν
258 3095 306 3147 oi
350 3095 449 3148 ἐπὶ
481 3094 596 3166 τὴν
629 3093 749 3164 γῆν
795 3093 898 3165 τὴν
929 3096 1100 3166 καλὴν
1147 3095 1466 3168 σπαρέντες,
1515 3097 1710 3158 οἵτινες

103 599 120 714 l

133 616 158 668 κ

113 755 118 778 l

1839 600 2048 656 magna:
2089 587 2407 642 tentationis
2454 586 2642 654 instat,
2670 602 2780 658 quo
2820 589 3074 658 arguitur
3125 590 3218 661 qui
3249 607 3413 662 super

1830 688 2051 748 petrosa
2085 681 2389 736 seminatus
2427 689 2537 744 est,
2571 689 2626 736 et
2655 680 2746 751 qui
2780 666 3080 751 profundas
3133 698 3238 738 non
3283 698 3411 753 ege-

1831 779 1958 826 runt
1993 772 2226 840 radices,
2261 787 2362 830 nec
2392 787 2562 844 usque
2607 773 2675 829 ad
2729 774 2930 829 mentis
2982 774 3176 831 intima
3221 775 3408 831 Jesum

1829 872 2214 932 susceperunt.
2249 866 2352 932 Qui
2385 876 2564 921 autem
2598 865 2850 937 intelligit
2877 866 3125 936 verbum,
3166 868 3405 924 fructum

1827 955 2009 1022 affert,
2043 965 2098 1012 et
2142 958 2342 1012 retinet
2379 959 2606 1012 verbum
2637 974 2806 1027 usque
2829 959 2895 1014 ad
2929 960 3089 1014 finem
3116 963 3168 1016 in
3197 963 3409 1031 patien-

1829 1051 1926 1115 tia,
1959 1050 2172 1105 faciens
2219 1052 2601 1106 ccutcsimum.
2637 1052 2903 1108 Audimus
2935 1054 3082 1108 enim
3122 1056 3398 1126 quomodo

1827 1142 2110 1212 Scriptura
2142 1143 2299 1199 nobis
2323 1143 2580 1197 exhibeat
2613 1143 2736 1197 illos
2759 1144 2849 1214 qui
2877 1145 2930 1198 in
2953 1153 3199 1215 tempore
3225 1147 3404 1200 tribu-
3463 1196 3466 1205 .

1825 1232 2046 1287 lationis
2093 1243 2147 1288 et
2181 1235 2580 1304 persecutionis
2605 1234 3075 1298 scandalizantur,
3107 1244 3402 1306 postquam

1825 1340 1947 1380 cum
1985 1325 2182 1395 gaudio
2228 1336 2479 1380 sanetam
2536 1325 2887 1395 disciplinam
2936 1328 3243 1396 suscepisse
3297 1327 3401 1382 visi

1824 1425 1984 1482 sunt;
2019 1425 2074 1471 et
2099 1415 2222 1472 ideo
2251 1417 2702 1472 scandalizantur
2723 1418 2866 1489 quod
2893 1419 3132 1474 radicem
3171 1435 3275 1475 non
3303 1421 3403 1473 ba-

1823 1511 2010 1573 beant,
2038 1511 2135 1566 sed
2167 1511 2236 1566 ad
2279 1520 2491 1580 tempus
2516 1511 2766 1569 credant.
2797 1510 2886 1564 Ait
2916 1514 3061 1567 enim
3101 1513 3401 1567 secundum

1825 1602 2136 1658 Matthaeum
2166 1619 2182 1657 :
2211 1620 2230 1654 ι
2262 1603 2363 1670 Qui
2407 1613 2588 1657 autem
2637 1617 2804 1672 super
2829 1613 3047 1674 pelrosa
3098 1604 3404 1660 seminatus

1823 1705 1927 1762 cst,
1961 1695 2051 1750 hic
2087 1703 2171 1751 est
2227 1698 2319 1766 qui
2373 1697 2602 1752 verbum
2657 1699 2828 1766 audit,
2869 1708 2924 1753 et
2973 1698 3233 1752 continuo
3272 1712 3401 1753 cum

1824 1795 2024 1863 gaudio
2052 1794 2254 1864 accipit
2308 1794 2472 1860 illud;
2524 1810 2630 1849 non
2660 1795 2826 1850 habet
2856 1804 3036 1850 autem
3084 1795 3138 1848 in
3167 1809 3225 1850 se
3253 1793 3399 1848 radi-

1821 1902 1968 1950 cem,
1995 1887 2089 1941 sed
2138 1895 2225 1942 est
2275 1886 2623 1956 temporalis;
2654 1887 2798 1943 facta
2831 1897 3013 1942 autem
3045 1886 3401 1942 tribulatione

1821 1987 1874 2032 et
1892 1979 2280 2048 persecutione
2308 1991 2531 2049 propter
2554 1980 2802 2043 verbum,
2831 1981 3094 2049 continuo
3121 1978 3399 2035 scandali-

1821 2071 2062 2126 zatur“.
2084 2091 2104 2124 ι
2143 2071 2452 2126 Secundum
2487 2071 2728 2126 Marcum
2758 2086 2773 2126 :
2807 2092 2824 2124 ι
2853 2071 2915 2126 lli
2944 2081 3071 2127 sunt
3116 2072 3208 2142 qui
3235 2087 3400 2144 super

1821 2175 2036 2234 petrusa
2073 2166 2433 2231 seminantur,
2487 2166 2580 2235 qui
2633 2181 2756 2220 cum
2815 2166 3091 2221 audierint
3143 2167 3396 2231 verbum,

1819 2257 2007 2312 statim
2053 2272 2178 2311 cum
2211 2258 2409 2328 gaudio
2460 2258 2737 2328 accipiunt
2787 2257 2940 2325 illttd,
2975 2266 3029 2312 et
3055 2275 3162 2314 non
3197 2259 3400 2313 habent

1820 2352 2064 2406 radicem
2095 2353 2149 2405 iu
2201 2366 2282 2416 se,
2327 2352 2422 2406 sed
2477 2351 2806 2420 temporales
2859 2360 3018 2406 sunt:
3053 2350 3247 2405 deinde
3275 2359 3394 2404 orta

1819 2443 2173 2498 tribulatione
2205 2455 2260 2497 et
2313 2444 2704 2512 persecutione
2731 2452 2958 2513 propter
2985 2444 3234 2510 verbum,
3264 2458 3398 2496 con-

1817 2537 1996 2590 festim
2035 2536 2601 2590 scandalizantur”.i
2625 2534 2935 2590 Secundum
2965 2536 3166 2591 Lucam
3196 2537 3395 2592 :cNam

1817 2631 1910 2700 qui
1942 2646 2106 2699 supra
2163 2639 2392 2699 petram,
2422 2628 2513 2699 qui
2547 2643 2670 2684 cum
2702 2629 2979 2684 audierint
3024 2644 3148 2685 cum
3196 2630 3397 2699 gaudio

1818 2723 2120 2790 suscipiunt
2152 2723 2413 2784 verbum;
2441 2730 2494 2776 et
2523 2722 2575 2775 hi
2611 2721 2823 2776 radices
2875 2737 2981 2774 non
3021 2722 3260 2788 habent;
3302 2723 3396 2791 qui

1817 2811 1883 2864 ad
1921 2821 2134 2878 tempus
2162 2809 2412 2870 credunt,
2439 2818 2493 2863 et
2521 2809 2573 2863 in
2610 2818 2856 2878 tempore
2886 2812 3210 2866 tentationis
3238 2827 3397 2867 rece-

1813 2903 2034 2960 dunt“.
2067 2921 2086 2957 ι
2125 2903 2199 2956 De
2246 2901 2314 2956 iis
2359 2902 2450 2970 qui
2485 2904 2623 2956 bene
2659 2901 2893 2956 fructum
2924 2902 3162 2958 afferunt
3192 2905 3401 2961 docens

1813 2996 1892 3050 ait
1938 2997 2261 3066 Scriptura:
2296 2995 2437 3062 «Qui
2468 3010 2596 3049 vero
2631 2995 2683 3047 in
2735 3005 2940 3050 terram
2990 2997 3188 3051 bonam
3238 2999 3397 3053 semi-

1815 3103 1976 3147 natus
2027 3100 2136 3157 est,
2183 3089 2272 3144 hic
2310 3100 2392 3144 est
2426 3093 2515 3158 qui
2551 3090 2703 3143 audit
2760 3088 3008 3155 verbum,
3034 3099 3090 3144 ct
3120 3089 3393 3158 intelligit,

102 3186 336 3242 ἀκούουσι
381 3189 481 3242 τὸν
517 3189 698 3258 λόγον
735 3189 836 3241 καὶ
871 3187 1240 3257 ἀποδέχονται,
1289 3191 1384 3243 καὶ
1431 3207 1708 3262 καρποφο-

1819 3194 1868 3238 et
1905 3183 2145 3238 fructum
2188 3181 2365 3244 affert,
2397 3194 2449 3236 et
2510 3180 2644 3234 facit
2693 3180 2832 3234 alius
2862 3181 3082 3250 quidem
3151 3182 3392 3236 centesi~

105 3276 266 3346 ροῦσιν
287 3278 344 3331 ἓν
365 3279 718 3352 τριάκοντα,
743 3278 844 3332 καὶ
867 3277 924 3331 ἓν
941 3276 1219 3348 ἐξήκοντα,
1238 3280 1329 3331 καὶ
1349 3278 1406 3331 ἒν
1431 3280 1624 3333 ἑκατόν
1643 3298 1657 3312 ·
1687 3300 1704 3332 ι

101 3371 148 3438 ἧ·
175 3390 192 3421 ι
227 3372 298 3424 Τὸ
328 3372 387 3424 δὲ
421 3375 506 3436 είς
542 3371 655 3442 τὴν
694 3370 875 3440 καλὴν
907 3370 1030 3439 γῆν,
1059 3362 1203 3423 οὗτοί
1234 3373 1391 3433 εἰσιν,
1426 3372 1621 3435 οἵτινες
1654 3374 1710 3425 έν

100 3463 277 3535 καρδία
309 3465 450 3536 καλῇ
490 3465 597 3518 καὶ
635 3461 832 3534 ἀγαθῇ
871 3461 1198 3526 ἀκούσαντες
1224 3463 1315 3516 τὸν
1341 3463 1518 3532 λόγον,
1552 3464 1710 3517 κατέ-

97 3572 234 3622 χουσι
267 3559 362 3612 καὶ
409 3554 895 3628 καρποφοροῦσιν
927 3555 983 3606 ἐν
1027 3554 1289 3625 ὑπομονῇ.
1346 3574 1364 3606 ι
1415 3555 1574 3608 Κατὰ
1619 3557 1710 3609 τὸν

109 3639 417 3697 Ἀπόστολον
443 3642 544 3698 οὖν
572 3645 709 3697 ἐπεὶ
745 3662 763 3694 ι
806 3641 945 3694 Θεοῦ
972 3641 1256 3713 γεώργιον,
1283 3644 1418 3697 Θεοῦ
1451 3645 1707 3716 οἰκοδομή

94 3728 225 3796 ἐστε,
258 3751 275 3784 ι
300 3735 582 3806 γεώργ.ον
609 3733 724 3806 μὲν
745 3733 809 3786 ἐν
825 3735 894 3804 τῇ
927 3733 1101 3805 ἀγαθῇ
1137 3738 1227 3806 γῇ,
1269 3736 1526 3808 οἰκοδομὴ
1559 3737 1615 3790 δὲ
1650 3740 1708 3790 ὲν

95 3827 153 3894 τῇ
182 3827 388 3900 πέτρα·
428 3831 509 3894 ὡς
545 3827 834 3897 οἰκοδομὴ
869 3826 1025 3890 Θεοῦ,
1060 3829 1268 3900 στῶμεν
1297 3832 1537 3885 ἄσειστοι
1573 3833 1709 3904 πρὸς

94 3919 173 3972 τον
203 3924 484 3993 χειμῶνα·
521 3924 628 3978 καὶ
667 3923 751 3986 ὡς
795 3921 933 3974 Θεοῦ
964 3921 1246 3994 γεώργιον,
1284 3926 1422 3997 μηδὲ
1457 3926 1568 3999 (69.)
1614 3929 1707 3981 τοῦ

96 4016 318 4086 τωνηροῦ
359 4016 789 4087 φροντίζωμεν,
826 4015 967 4085 μήτε
1001 4014 1246 4084 θλίψεως,
1276 4018 1308 4089 ἢ
1335 4017 1578 4089 διωγμοῦ
1602 4020 1708 4073 τῶν

91 4103 170 4158 διὰ
203 4107 292 4160 τὸν
324 4107 488 4177 λόγον
523 4109 879 4178 γινομένων,
918 4107 1054 4178 μήτε
1095 4107 1192 4178 τῆς
1223 4111 1314 4189 τρῦ
1349 4112 1544 4176 αἰῶνος
1582 4113 1707 4166 τού-

92 4213 176 4249 του
205 4200 500 4272 μερίμνης,
539 4201 574 4272 ἦ
614 4201 728 4270 τῆς
763 4197 986 4268 ἀπάτης
1013 4199 1104 4251 τοῦ
1134 4201 1383 4269 πλούτου,
1419 4204 1450 4275 ἢ
1481 4205 1589 4258 τῶν
1611 4205 1706 4259 τοῦ

91 4288 201 4356 βίον
241 4293 445 4362 ἡδονῶν
467 4312 480 4324 °
521 4293 673 4346 ἀλλὰ
719 4290 948 4344 πάντων
980 4290 1181 4344 τούτων
1215 4296 1704 4364 καταφρονοῦντες,

91 4384 144 4436 τὸ
184 4386 495 4458 ἀμέριμνον
543 4387 655 4456 τῆς
705 4383 908 4452 σοφίας
948 4383 1162 4454 πνεῦμα
1193 4387 1574 4459 ἀναλάϐωμεν,
1613 4391 1706 4444 καὶ

92 4475 177 4526 ἐπὶ
199 4477 292 4530 τδν
319 4479 602 4550 μηδαμῶς
633 4477 838 4547 ἔχοντα
861 4478 1078 4548 ἀπάτην
1107 4478 1328 4533 πλοῦτον
1363 4482 1702 4553 σπεύδωμεν,

91 4570 173 4620 καὶ
202 4571 298 4624 ἐπὶ
333 4573 454 4635 τὰς,
493 4573 565 4624 ἶν’
609 4570 798 4631 οὕτως
831 4568 1104 4638 ὀνομάσω,
1147 4571 1340 4641 ἡδονὰς
1387 4573 1481 4626 τοῦ
1527 4591 1705 4646 παρα-

90 4660 254 4715 δείσου
302 4665 404 4734 τῆς
436 4663 669 4737 τρυφῆς
711 4660 1103 4730 ἐπειγώμεθα·
1151 4664 1270 4716 καθ’
1313 4665 1544 4718 ἕκαστον
1597 4671 1706 4726 τῶν

1816 3292 1987 3339 mum,
2019 3275 2160 3330 alius
2200 3285 2380 3329 autem
2434 3275 2864 3344 sexagesimum,
2898 3275 3042 3328 alius
3066 3289 3196 3330 vero
3228 3277 3394 3345 trige-

1814 3368 2068 3424 simum"
2095 3386 2108 3433 ;
2139 3387 2157 3418 ι
2200 3368 2278 3420 vel
2311 3385 2325 3421 :
2357 3386 2374 3418 ι
2401 3367 2466 3421 Ει
2513 3368 2566 3422 1ιί
2628 3377 2757 3421 sunt
2803 3368 2897 3436 qui
2961 3383 3127 3438 super
3192 3378 3394 3423 terram

1815 3465 2013 3518 bonam
2071 3463 2327 3517 scminati
2387 3471 2540 3526 sunt,
2597 3464 2690 3532 qui
2751 3463 2982 3517 audiunt
3035 3462 3283 3525 verbum,
3339 3474 3396 3518 et

1813 3557 2143 3622 suscipiunt,
2202 3570 2256 3612 et
2313 3557 2668 3621 fructificaut,
2729 3572 2895 3609 unum
2945 3556 3186 3625 triginta,
3227 3573 3395 3610 unum

1813 3649 2120 3717 sexaginta,
2155 3659 2210 3704 et
2235 3666 2400 3704 unmn
2430 3657 2645 3703 centum
2673 3649 2738 3712 ⁶¹,
2766 3668 2783 3700 ι
2821 3649 2906 3702 vel
2939 3666 2952 3702 :
2990 3667 3006 3699 ι
3035 3647 3187 3714 Quod
3214 3660 3396 3704 autem

1814 3741 1866 3794 in
1907 3750 2108 3794 terram
2162 3741 2380 3808 bonam,
2427 3741 2479 3794 hi
2535 3743 2787 3810 suntqui
2847 3741 2898 3795 in
2950 3743 3116 3795 corde
3156 3741 3299 3796 bono
3340 3749 3396 3795 et

1813 3833 2020 3903 optimo
2049 3833 2336 3889 audientes
2361 3836 2585 3888 verbum
2624 3835 2880 3898 retinent,
2909 3845 2963 3888 ct
2992 3835 3231 3888 fructmn
3257 3832 3392 3887 affe-

1813 3935 1942 3979 runt
2005 3926 2057 3979 in
2095 3928 2357 3996 patientia
2381 3927 2448 3983 ⁸³.
2473 3945 2492 3978 ι
2526 3926 2751 3989 Quando
2784 3927 2948 3995 igitur
2974 3925 3130 3994 juxta
3163 3927 3395 3996 Aposto-

1813 4017 1923 4071 lnm
1961 4037 1980 4069 ι
2005 4019 2095 4072 Dei
2128 4019 2491 4089 agricultura,
2545 4019 2638 4073 Dei
2699 4020 2988 4074 :edilicatio
3021 4021 3174 4083 estis,
3203 4038 3220 4071 ι
3251 4021 3396 4087 agri-

1812 4111 2024 4165 cultura
2061 4111 2112 4164 in
2149 4121 2295 4166 terra
2334 4111 2499 4174 bona,
2540 4111 2829 4165 :edificatio
2858 4126 3023 4180 super
3052 4120 3302 4180 petram;
3335 4120 3393 4164 ut

1809 4201 2099 4256 :rditicatio
2129 4204 2242 4266 Dei,
2275 4213 2478 4257 stemus
2513 4202 2681 4272 309
2728 4202 3037 4258 incuucussi
3087 4201 3152 4254 ad
3192 4211 3396 4270 tempe-9

1811 4304 2009 4348 slatem
2045 4311 2058 4347 :
2098 4305 2153 4348 ut
2193 4294 2285 4349 Dei
2321 4295 2684 4364 agricultura,
2723 4309 2898 4362 neque
2928 4295 2994 4349 de
3031 4294 3272 4362 maligno
3297 4309 3396 4348 cu-

1812 4402 2016 4449 remus,
2077 4403 2256 4453 neque
2316 4387 2382 4440 de
2439 4386 2797 4440 tribulatione
2855 4397 2951 4440 aut
3008 4387 3398 4453 persecutione

1811 4492 1930 4545 quae
1985 4489 2208 4547 propter
2240 4477 2466 4531 verbum
2501 4480 2738 4543 oriatur,
2775 4495 2950 4547 neque
2997 4481 3063 4533 de
3125 4481 3397 4533 sollicitu-

1813 4572 1940 4626 dine
1996 4571 2157 4636 hujus
2195 4572 2400 4639 smculi,
2449 4589 2625 4642 neque
2675 4575 2742 4628 de
2802 4573 3018 4629 fallacia
3049 4573 3393 4636 divitiarum,

1809 4675 1903 4718 aut
1931 4663 1996 4718 de
2021 4666 2145 4718 vita:
2175 4665 2576 4734 voluptatibus;
2614 4668 2707 4720 sed
2737 4668 2820 4719 his
2859 4669 3112 4720 omnibus
3138 4677 3389 4719 contem.

1811 4757 1919 4826 ptis
1951 4757 2202 4824 spiritum
2239 4757 2522 4827 sapientia:
2552 4759 2924 4813 sollicitudine
2953 4769 3230 4814 carentem
3269 4774 3394 4811 sus-

1810 4849 2102 4918 cipiamus,
2136 4848 2460 4905 festinemus
2491 4851 2557 4905 ad
2590 4867 2681 4906 eas
2712 4852 2928 4906 divitias
2964 4867 3084 4921 qua:
3113 4849 3392 4905 fallaciam

84 4753 359 4807 ἑπιπὸνων
403 4754 790 4825 λογιζόμενοι,
827 4752 909 4804 ὅτι
951 4771 968 4802 ‹
1015 4751 1087 4804 Τὸ
1129 4755 1438 4825 παραυτίκα
1477 4758 1710 4831 ἐλαφρὸν

87 4842 181 4911 τῆς
230 4844 475 4915 θλίψεως
517 4845 688 4917 ἡμῶν
743 4843 873 4896 καθ’
917 4843 1221 4916 ὑπερϐολὴν
1271 4849 1354 4910 εἰς
1407 4849 1712 4924 ὑπερϐολὴν

85 4932 302 4988 αἰώνιον
335 4936 506 5009 sapa,-
530 4936 701 5005 δόξης
737 4932 1140 5003 κατεργάζεται
1169 4937 1298 5006 ἡμῖν
1318 4954 1331 4966 ·
1366 4939 1714 4995 σκοπούντων

1819 4957 1919 4994 ιιοιι
1969 4941 2192 5007 habent,
2239 4951 2295 4997 et
2329 4944 2395 4997 ad
2427 4944 2754 5014 voluptates,
2789 4955 2846 4998 ut
2887 4946 2957 4998 ita
2993 4946 3197 5007 dicam,
3225 4957 3388 5010 para-

82 5023 239 5094 ἡμῶν
274 5029 342 5080 οῦ
378 5027 448 5080 τὰ
479 5027 828 5097 βλεπόμενα,
857 5022 990 5076 ἀλλὰ
1019 5024 1087 5078 τὰ
1113 5027 1184 5097 μὴ
1219 5027 1545 5099 βλεπόμενα.
1583 5051 1601 5082 ι

1819 5035 1910 5089 disi
1943 5035 2264 5090 deliciarum
2319 5052 2704 5107 properemus.
2745 5038 3086 5106 lieputemus
3114 5036 3166 5089 iu
3202 5034 3392 5103 singu-

81 5116 146 5172 lis
172 5121 447 5174 mrutnuis
483 5121 636 5174 istud
669 5136 685 5174 :
720 5137 740 5170 ι
775 5118 930 5183 Quod
963 5119 1016 5172 in
1053 5124 1301 5187 prtesenti
1350 5132 1433 5176 est
1480 5138 1922 5183 tumucutaneum
1974 5140 2029 5183 et
2082 5131 2202 5186 leve
2253 5133 2622 5186 tribulationis
2668 5141 2888 5197 nostra‘,
2939 5145 3103 5198 supra
3167 5129 3388 5182 modum

82 5209 134 5262 in
173 5211 526 5266 sublimitate
560 5221 846 5265 aeternum
880 5208 1065 5276 gloria:
1108 5213 1316 5279 pondus
1353 5226 1612 5284 operatur
1658 5217 1710 5270 in
1786 5221 1980 5286 nobis;
2032 5238 2140 5275 non
2192 5224 2690 5294 contemplantibus
2751 5224 2912 5279 nobis
2949 5239 3070 5293 qua:
3115 5223 3387 5282 videntur,

76 5305 172 5360 sed
209 5324 349 5376 qua:
384 5323 489 5362 non
525 5304 882 5360 videnlur“.
915 5323 933 5353 ι

147 5401 268 5454 Καὶ
316 5401 477 5454 τοῦτο
515 5402 577 5455 δὲ
624 5397 1016 5469 γινώσκωμεν,
1051 5398 1131 5452 ὅτι
1161 5401 1223 5454 τὸ
1253 5402 1547 5473 εἰρημένον
1575 5403 1702 5475 περὶ

136 5493 166 5506 ο

70 5493 167 5549 τοῦ
215 5495 402 5548 Ἅϐελ
433 5492 828 5565 ἀναιρεθέντος
864 5490 968 5543 ὑπὸ
1003 5491 1093 5545 τοῦ
1135 5493 1582 5565 ἀνθρωποκτόνου
1609 5499 1704 5552 καὶ

1884 5407 1975 5460 50.
2022 5407 2164 5459 Istud
2201 5408 2365 5460 etiam
2417 5407 2751 5466 noverimus,
2789 5408 2930 5475 quod
2969 5406 3172 5458 dictum
3206 5410 3288 5457 cst
3324 5403 3390 5455 de

1811 5498 1944 5553 Abel
1974 5499 2042 5552 ab
2078 5499 2348 5551 homicida
2383 5511 2435 5552 et
2471 5501 2671 5570 injusto
2699 5500 2828 5553 Cain
2861 5500 3066 5562 occiso,
3112 5495 3179 5549 iis
3212 5495 3391 5551 omni-

159 5657 210 5689 ”
245 5656 451 5711 Matth.
479 5661 608 5721 xui;
644 5652 866 5724 inter.
974 5652 1186 5707 “Mare.
1218 5672 1291 5716 tv,
1329 5654 1414 5724 l6,
1448 5657 1532 5712 17.
1642 5656 1686 5688 ⁸ο
1714 5655 1847 5715 Luc.
1882 5675 2001 5724 VIII,
2035 5659 2121 5717 l3.
2200 5660 2242 5694 “
2282 5657 2474 5716 Matth.
2512 5676 2645 5724 xui,
2679 5661 2772 5718 23.
2884 5659 2930 5693 "
2957 5657 3126 5714 Marc.
3172 5673 3253 5719 tv,
3295 5651 3395 5706 20.

1642 5656 1686 5688 ⁸ο
1714 5655 1847 5715 Luc.
1882 5675 2001 5726 VIII,
2035 5659 2121 5717 l3.

74 5728 119 5760 “
151 5727 305 5782 Luc.
339 5743 454 5791 vm,
492 5729 583 5783 15.
672 5725 720 5756 ⁸⁸
751 5721 790 5775 11
827 5721 952 5778 Cor.
988 5739 1062 5791 tv,
1095 5725 1177 5791 l7,
1213 5727 1300 5780 13.

2200 5660 2242 5694 ⁶¹
2282 5657 2474 5716 Matth.
2512 5676 2645 5726 xm,
2679 5661 2772 5718 23.

143 5873 274 5946 (62)
313 5872 494 5942 Μηεέ.
534 5871 706 5944 Lego,
750 5869 912 5940 μήτε.
