3962 6414
565 346 673 403 655

1489 330 1801 392 OlllGENlS
1831 327 2281 386 EXllORTATlO
2319 327 2410 381 AD
2449 319 2890 379 MARTYRIUM.

3744 319 3833 374 63G

567 465 672 521 bus
702 459 994 518 convenire
1025 471 1256 527 quorum
1292 454 1490 523 injuste
1521 453 1744 523 sanguis
1784 450 1986 507 effusus
2031 458 2140 505 est.

2261 446 2436 500 Ξιδίκου
2471 443 2611 498 Κάῖν
2653 439 2954 512 ἐφαρμόζει
3005 440 3190 506 πᾶσιν,
3241 432 3321 492 ῶν
3361 436 3567 501 ἀδίκως
3618 435 3832 508 ἐξεχύθη

565 551 698 608 ΙΗυά
727 553 903 607 enim:
944 567 962 600 ‹
1005 548 1118 602 Vox
1159 545 1439 614 sanguinis
1478 543 1667 599 fratris
1721 545 1798 600 tui
1838 544 2041 598 clamat
2078 542 2147 596 ad

565 663 654 703 me
686 647 751 702 de
783 654 925 700 terra
955 643 1021 707 “,
1061 659 1080 692 υ
1125 640 1194 695 de
1237 639 1469 709 singulis
1500 653 1719 708 quoque
1755 637 1860 693 dici
1890 635 2147 705 martyri-

565 739 666 792 bus
691 735 1045 796 arbitremur,
1073 747 1305 801 quorum
1342 730 1630 800 .sauguinis
1662 744 1766 781 vox
1801 727 1870 781 ad
1906 724 2074 780 Deum
2117 740 2148 779 e

567 839 710 884 terra
737 827 958 882 clamat.
989 824 1150 878 Forte
1183 822 1348 878 etiam
1380 831 1439 875 ιιι
1468 821 1706 889 pretioso
1729 817 1856 874 Jesu
1883 818 2149 886 sanguine

564 918 728 988 empti
763 931 970 976 sumus.
999 924 1280 984 postquam
1310 910 1467 966 Jcsns
1489 909 1699 979 accepit
1735 928 1752 960 ι
1786 922 1984 963 nomen
2005 907 2147 976 quod

564 1019 652 1064 est
685 1023 852 1078 super
895 1021 1056 1063 omne
1092 1021 1285 1059 nomen
1321 1006 1391 1068 ⁸⁸,
1433 1023 1452 1055 ι
1494 1003 1574 1058 sic
1621 1014 1676 1056 et
1725 1002 1963 1071 pretioso
2000 1015 2142 1052 mar-

567 1113 745 1175 tyrum
798 1099 1064 1171 sanguine
1113 1098 1334 1168 quidam
1371 1104 1658 1157 ementur;
1715 1109 1836 1148 cum
1884 1102 2150 1164 martyres

565 1194 741 1265 magis
773 1193 1046 1249 exaltandi
1077 1193 1180 1246 sint
1219 1205 1382 1261 quam
1408 1187 1631 1242 exaltati
1667 1184 1924 1248 fuissent,
1954 1184 2148 1253 sijusti

566 1294 801 1344 tantum,
831 1299 937 1338 non
977 1283 1148 1337 etiam
1185 1291 1456 1351 martyres
1497 1279 1752 1333 fuissent.
1789 1276 2031 1346 [Equum
2065 1286 2152 1330 est

563 1376 710 1430 enim
771 1374 1157 1428 exultationem
1217 1373 1436 1443 proprie
1495 1371 1598 1425 dici
1646 1378 1874 1425 mortem
1925 1385 2045 1438 qua:
2097 1368 2150 1422 in

565 1466 832 1535 martyrio
861 1465 1066 1529 obitur,
1093 1473 1152 1517 ut
1193 1477 1260 1518 ex
1292 1461 1386 1516 illo
1418 1469 1644 1530 apparet
1674 1476 1688 1515 :
1727 1477 1745 1511 ι
1786 1459 1842 1513 Si
1875 1458 2151 1515 cxaltatus

564 1557 722 1612 fuero
772 1572 802 1610 a
863 1565 1032 1622 terra,
1062 1570 1255 1611 omnes
1304 1554 1520 1608 traham
1567 1552 1633 1606 ad
1675 1567 1761 1607 me
1805 1550 1980 1620 ipsum
2022 1551 2089 1608 ⁸⁷.
2127 1571 2146 1604 ι

565 1647 946 1704 Clarificemus
997 1647 1168 1716 igitur
1219 1655 1274 1700 et
1326 1660 1424 1700 nos
1469 1643 1637 1698 Deum
1726 1650 1904 1696 morte
1964 1651 2151 1696 nostra

568 1739 720 1794 illum
773 1739 1108 1804 eaaltantes;
1160 1735 1597 1808 quandoquidem
1651 1734 1744 1805 qui
1787 1740 1998 1804 martyr
2041 1741 2148 1800 est,

2251 543 2312 594 τὸ
2331 534 2486 611 αἷμα.
2529 537 2602 590 Τὸ
2633 538 2762 608 γάρ·
2810 554 2828 587 ι
2862 534 3019 605 Φωνὴ
3051 533 3287 604 αἵματος
3331 531 3426 586 τοῦ
3475 532 3714 601 ἀδελφοῦ
3751 548 3833 584 σου

2258 633 2359 704 βοᾷ.
2397 631 2532 702 πρὸς
2561 630 2627 700 μὲ
2659 630 2723 681 ἐκ
2751 627 2851 697 τῆς
2889 627 3014 696 γῆς,
3059 644 3076 677 ι
3115 625 3430 696 νομίσωμεν
3466 622 3724 690 λέγεσθαι
3751 623 3836 676 καὶ

2251 724 2380 796 περὶ
2412 723 2642 776 ἑκάστου
2668 719 2776 773 τῶν
2803 718 3114 790 μαρτύρων,
3136 710 3211 770 ὧν
3241 719 3274 787 ἡ
3307 714 3458 786 φωνὴ
3490 712 3587 767 τοῦ
3618 713 3836 785 αἵματος

2253 817 2350 888 βοᾷ.
2383 814 2519 887 πρὸς
2563 813 2658 867 τὸν
2706 811 2838 864 Θεὸν
2887 812 2978 863 ἐπὶ
3029 811 3128 881 τῆς
3160 809 3263 879 γῆς
3306 807 3438 878 (65).
3473 807 3631 876 Τάχα
3659 805 3716 858 δὲ
3753 805 3835 858 καὶ

2251 909 2441 978 ὥσπερ
2470 907 2634 978 τιμίῳ
2664 905 2855 976 αἵματι
2887 902 2978 956 τοῦ
3025 901 3196 973 Ἰησοῦ
3225 899 3640 972 ἠγοράσθημεν,
3675 898 3838 970 Ἰησοῦ

2250 1001 2508 1062 λαϐόντος
2549 1018 2566 1050 ι
2599 998 2661 1050 τὸ
2691 999 2861 1067 ὄνομα
2891 995 2951 1049 τὸ
2988 996 3126 1067 ὑπὲρ
3155 996 3264 1048 πᾶν
3303 993 3496 1064 ὄνομα,
3531 1012 3547 1044 ι
3571 991 3744 1056 οὕτως
3769 990 3842 1061 τῷ

2249 1095 2415 1164 τιμίῳ
2430 1093 2620 1162 αἵματι
2638 1089 2746 1143 τῶν
2766 1087 3057 1160 μαρτύρων
3071 1085 3540 1159 άγορασθήσονταί
3557 1101 3703 1147 τινες
3716 1083 3839 1154 (64)·

2253 1188 2346 1243 καὶ
2375 1187 2552 1241 αὐτῶν
2588 1185 2748 1238 πλέον
2774 1181 2916 1255 παρὸ
2953 1180 3062 1252 (65)
3092 1179 3390 1251 ὑψώθησαν
3422 1179 3487 1232 ἂν
3512 1177 3716 1232 δίκαιοι
3749 1177 3844 1248 μὲν

2251 1279 2552 1350 γενόμενοι,
2585 1275 2660 1348 μὴ
2701 1274 3149 1347 μαρτυρήσαντες
3179 1270 3255 1326 δέ·
3300 1270 3458 1340 λόγον
3481 1270 3594 1342 γὰρ
3636 1268 3746 1340 ἔχει
3785 1267 3845 1320 τὸ

2256 1369 2399 1432 ἰδίως
2420 1368 2512 1421 τὸν
2530 1369 2587 1420 ὲν
2617 1364 2900 1437 μαρτυρίῳ
2925 1362 3154 1417 θάνατον
3178 1361 3388 1432 ὕψωσιν
3407 1361 3518 1433 (66)
3543 1359 3844 1415 καλεῖσθαι·

2251 1459 2328 1522 ὡς
2356 1456 2511 1528 δῆλον
2536 1459 2599 1509 ὲκ
2633 1455 2748 1508 τοῦ·
2788 1473 2806 1506 ι
2858 1453 2983 1508 Ἐὰν
3017 1452 3214 1524 ὑψωθῶ
3246 1453 3311 1505 ὲκ
3344 1452 3444 1523 τῆς
3478 1451 3608 1521 τῆς,
3647 1451 3848 1514 πάντας

2252 1545 2465 1601 ἑλκύσω
2509 1546 2644 1617 πρὸς
2697 1543 2956 1615 ὲμαυτὸν.
2999 1561 3017 1594 ι
3047 1543 3373 1613 Δοξάσωμεν
3408 1537 3502 1595 οὖν
3527 1541 3625 1594 καὶ
3669 1542 3847 1611 ἡμεῖς,

2254 1636 2568 1709 ὑψὼσαντες
2614 1635 2692 1707 τῷ
2731 1633 2940 1689 ἑαυτῶν
2987 1634 3204 1704 Θανάτῳ
3245 1633 3338 1686 τὸν
3371 1633 3527 1687 Θεόν·
3567 1633 3798 1704 ἐπείπερ
3821 1635 3850 1686 ὁ

2259 1731 2550 1804 μαρτυρῶν
2588 1731 2664 1802 τῷ
2698 1728 2893 1784 ἑαυτοῦ
2929 1727 3141 1798 Θανάτῳ
3185 1727 3398 1794 δοξάζει
3429 1726 3540 1799 (67)
3577 1726 3670 1779 τὸν
3699 1725 3846 1778 Θεόνο

567 1832 736 1886 Deum
768 1846 862 1886 sua
897 1840 1070 1886 morte
1093 1829 1378 1885 clarificat.
1412 1828 1563 1895 Quod
1594 1835 1648 1881 et
1680 1827 1852 1896 ipsum
1882 1841 1910 1880 a
1940 1823 2151 1879 Joanne

2261 1793 2390 1895 ἐπέρ
2422 1793 2517 1875 aiat
2551 1793 2681 1874 αὐτὸ
2701 1819 2809 1874 ἀπὸ
2851 1793 3548 1889 Ἰωάννου-μεμαθήκαμεν
3585 1816 3848 1880 εἰπόντος’

566 1923 856 1978 didicimus
896 1937 1020 1977 cum
1065 1922 1143 1976 ait
1179 1936 1194 1975 :
1233 1939 1252 1972 ι
1287 1915 1402 1975 Hoc
1431 1928 1612 1974 autem
1651 1918 1789 1971 dixit
1833 1917 2148 1987 significans

566 2014 732 2085 310
786 2029 891 2080 qua
931 2022 1109 2068 morte
1159 2022 1308 2068 esset
1368 2011 1774 2067 elarificaturus
1817 2010 1984 2064 Deum
2021 2009 2086 2064 ⁵⁸.
2122 2027 2142 2061 ι

566 2104 694 2160 llaec
726 2121 823 2176 pro
853 2105 1112 2160 facultate
1138 2120 1253 2160 mea
1282 2114 1342 2159 ut
1364 2105 1518 2160 licuit
1551 2103 1616 2158 ad
1641 2118 1738 2158 vos
1770 2102 1997 2170 scripsi;
2029 2115 2150 2171 qua:

567 2201 723 2256 vobis
773 2214 967 2269 precor
1035 2198 1102 2253 ad
1169 2215 1412 2269 prrescns
1472 2206 1753 2252 certamen
1803 2194 1956 2248 utilia
2018 2195 2146 2249 sint.

568 2291 722 2359 Quod
765 2290 809 2343 si
863 2305 958 2344 vos
1009 2290 1244 2344 maxime
1283 2303 1429 2343 nunc
1492 2295 1679 2354 utpote
1721 2283 1868 2354 digni
1899 2283 1987 2352 qni
2033 2284 2153 2350 plu-

570 2394 628 2434 ra
675 2395 706 2434 e
769 2379 971 2434 divinis
1041 2379 1316 2449 mysteriis
1378 2375 1763 2446 perspiciatis,
1825 2371 2033 2440 majora
2095 2379 2150 2425 et

568 2471 897 2541 pretiosiora
957 2479 1120 2540 atque
1171 2470 1238 2524 ad
1273 2468 1609 2540 propositum
1670 2465 1972 2520 cllicaciora
1997 2479 2149 2517 asse-

568 2563 700 2626 cuti,
757 2565 874 2617 hare
939 2571 998 2616 ut
1048 2562 1280 2632 puerilia
1349 2570 1402 2615 et
1453 2559 1636 2614 tenuia
1695 2555 2036 2627 spreveritis;
2097 2553 2146 2606 id

569 2656 780 2710 accidet
836 2656 978 2724 quod
1034 2671 1133 2724 ego
1196 2668 1413 2723 quoque
1438 2652 1591 2708 vobis
1635 2649 1890 2719 optarim.
1949 2647 2148 2718 Propo-

641 2771 689 2804 "
713 2770 848 2828 Gen.
881 2787 956 2835 Iv,
992 2772 1078 2832 l0.
1158 2771 1201 2802 ⁶⁶
1235 2769 1431 2838 Philip.
1469 2783 1531 2834 ll,
1559 2767 1613 2822 9.
1687 2767 1732 2798 ⁸⁷
1763 2763 1920 2819 Joan.
1966 2781 2068 2828 xu,
2100 2765 2192 2819 52.

605 2865 756 2950 _(65)
801 2865 924 2918 Ἐπὶ
958 2864 1069 2934 τῆς
1103 2862 1237 2935 τῆς.
1292 2863 1608 2932 Legendum
1643 2860 1880 2926 videtur,
1910 2859 2018 2913 ἀπὸ
2051 2861 2150 2932 τῆς

643 3009 697 3078 (ti
711 3007 760 3078 ι)
792 3006 991 3078 Οὕτως
1017 3004 1097 3070 τῷ
1119 3004 1286 3078 τιμίῳ
1321 3003 1519 3078 αἵματι
1533 3001 1667 3078 Λτῶν
1681 3003 1997 3071 μαρτύρων

560 3072 981 3148 ραὲγθήσονταί
1035 3072 1214 3141 τινες.
1266 3072 1477 3148 Putavit
1525 3072 1786 3148 Origenes
1837 3073 2152 3148 sanguinem

571 3142 871 3218 martyrum
905 3161 1009 3200 non
1063 3159 1288 3218 pcr_se,
1335 3144 1440 3218 sed
1494 3159 1559 3218 ex
1601 3143 1812 3218 meritis
1869 3142 2154 3218 sanguinis

571 3212 800 3280 Christi,
837 3212 1224 3271 intercedendo
1256 3214 1682 3282 redemptionem
1723 3212 2152 3282 aliquilmscon-

572 3285 739 3341 ferre.
775 3285 978 3342 Confer
1010 3301 1130 3353 qua:
1164 3284 1366 3352 scripta
1401 3281 1526 3336 sunt
1557 3282 1776 3353 ltomilia
1803 3282 1873 3336 Ἡ
1897 3282 1953 3353 in
1989 3281 2148 3338 Nam.

572 3356 662 3410 his
691 3357 874 3411 verbis
910 3373 924 3410 :
978 3374 996 3406 ι
1030 3352 1186 3421 Quod
1232 3356 1276 3408 si
1316 3369 1490 3422 agnus
1525 3352 1717 3422 quiﬂad
1753 3352 2151 3421 purificandum

571 3427 827 3496 populum
866 3426 1023 3496 datus
1048 3435 1152 3490 cst,
1204 3425 1268 3478 ad
1299 3421 1583 3492 personam
1614 3421 1862 3496 Domini
1883 3424 2120 3496 etSalva
2141 3453 2152 3462 -

570 3493 711 3550 toris
736 3495 906 3550 nostri
933 3497 1185 3561 refertur,
1216 3508 1555 3563 consequens
1578 3493 1790 3546 videtur
1809 3495 1952 3562 quod
1987 3495 2153 3546 etiam

573 3575 772 3619 cetera
823 3565 1080 3620 animalia
1115 3581 1234 3632 qua:
1286 3567 1489 3618 eisdem
1550 3563 1910 3632 puriticativis
1965 3564 2155 3618 usibus

573 3635 833 3698 deputata
871 3646 1021 3701 sunt,
1061 3637 1248 3690 referri
1285 3636 1522 3689 debeant
1561 3633 1814 3687 similiter
1845 3635 1912 3686 ad
1944 3635 2154 3702 aliquas

570 3719 852 3774 personas,
881 3723 1002 3773 qum
1027 3723 1122 3776 per
1150 3705 1402 3759 meritum
1433 3703 1713 3776 sanguinis
1744 3703 1945 3776 Christi
1965 3705 2155 3776 purifi-

572 3773 808 3846 cationis
831 3773 1039 3846 aliquid
1079 3778 1319 3830 humano
1353 3773 1535 3846 generi
1575 3775 1889 3846 conferant.
1918 3774 2047 3828 Vide
2074 3789 2156 3846 er:

573 3861 643 3913 g0
676 3863 746 3901 ne
779 3843 1091 3902 felle—sicut
1131 3843 1390 3900 Daminus
1417 3853 1470 3898 et
1496 3843 1976 3909 Salvatornoster,
1999 3843 2151 3913 quasi

573 3931 746 3983 agnus
776 3917 844 3972 ad
873 3918 1200 3972 occisionem
1238 3917 1455 3980 ductus,
1492 3916 1623 3968 etin
1648 3914 1984 3968 sacrificium
2014 3915 2152 3966 alta-

575 3987 652 4040 ris
684 3988 900 4042 oblatus
930 3997 1276 4056 peceatorum
1324 3985 1700 4038 remissionem
1733 3985 1987 4038 universo
2017 3998 2155 4053 prm-

573 4056 715 4110 stitit
748 4061 982 4112 mundo:
1021 4057 1093 4110 ita
1126 4056 1373 4110 fortassis
1402 4064 1456 4108 et
1484 4065 1804 4108 caeterorum
1837 4065 2151 4108 sanctorum

573 4127 924 4197 acjnstorum
953 4130 1174 4197 sanguis
1206 4126 1298 4196 qui
1328 4124 1528 4197 eflusus
1558 4133 1700 4197 esta
1729 4126 1993 4193 sanguine
2021 4125 2154 4197 Abel

564 4193 698 4263 justi
740 4212 915 4266 usque
955 4201 1021 4252 ad
1059 4193 1382 4266 sanguinem
1419 4194 1704 4249 Zachariae
1747 4198 2018 4263 propheta:
2063 4194 2152 4262 qui

571 4265 898 4322 interfectus
931 4277 1017 4322 est
1058 4265 1198 4330 inter
1227 4266 1396 4320 a-dem
1430 4276 1484 4319 et
1529 4266 1737 4320 altare:
1779 4267 2007 4319 alterius
2037 4281 2156 4334 qut-

569 4337 691 4391 dem
725 4339 948 4407 sanguis
991 4339 1134 4394 sicut
1180 4338 1382 4400 vitulae,
1421 4337 1646 4407 alterius
1688 4337 2011 4407 sieutltirci,
2045 4346 2154 4407 aut

570 4405 882 4477 caprm,aut
919 4409 1148 4480 alicujus
1184 4408 1375 4480 horum
1421 4405 1572 4480 fusus
1606 4415 1686 4460 est
1726 4406 1792 4480 ad
1821 4406 2151 4480 expiandum

2262 1933 2280 1965 ι
2310 1912 2493 1967 Ταῦτα
2519 1914 2573 1966 δὲ
2605 1909 2746 1978 εἷπε,
2773 1911 3072 1982 σημαίνων,
3101 1910 3250 1981 ’ποίῳ
3274 1909 3492 1981 θανάτῳ
3517 1909 3733 1975 δοξάσει
3759 1910 3852 1964 τὸν

2254 2003 2563 2077 Θεόν(68).›
2595 2001 2782 2056 Ταῦτά
2824 2019 2912 2072 μοι
2954 1999 3096 2054 κατὰ
3140 2001 3198 2052 τὸ
3231 1999 3592 2066 δυνατὸν,-ὼς
3636 1995 3746 2053 οἷόν
3794 2017 3850 2053 τε

2253 2091 2342 2168 ἦν,
2379 2096 2521 2166 πρὸς
2558 2095 2702 2165 ὑμᾶς
2728 2093 3117 2166 ὑπηγόρευται·
3151 2093 3294 2164 ἆπερ
3334 2091 3570 2164 εὔχομαι
3600 2092 3731 2164 ὑμῖν
3756 2111 3852 2162 γε·

2261 2189 2445 2243 νέσθαι
2463 2188 2598 2258 πρὸς
2637 2188 2728 2241 τὸν
2752 2187 2990 2258 παρόντα
3017 2185 3200 2254 ἀγῶνα
3222 2187 3490 2257 χρήσιμα.
3518 2187 3583 2239 Ei
3619 2187 3664 2240 δ’
3699 2187 3854 2257 ὑμεῖς

2262 2283 2496 2354 μάλιστα
2525 2279 2618 2334 νῦν
2653 2280 2729 2342 ὡς
2751 2279 2890 2346 ἄξιοι
2933 2279 3154 2332 πλείονα
3189 2277 3409 2348 βλέπειν
3448 2278 3560 2332 τῶν
3593 2279 3688 2332 τοῦ
3717 2279 3851 2333 Θεοῦ

2263 2371 2607 2446 μυστηρίων,
2673 2370 2896 2440 μείζονα
2946 2369 3038 2422 καὶ
3074 2367 3451 2442 πλουσιώτερα
3495 2369 3856 2440 καταλαμϐά-

2255 2483 2456 2529 νοντες,
2483 2466 2577 2518 καὶ
2608 2463 2744 2530 πρδς
2775 2463 2836 2517 τὸ
2878 2462 3243 2534 προκείμενον
3270 2461 3684 2534 ἀνυσιμώτερα,
3729 2463 3854 2516 τού-

2255 2577 2364 2612 των
2396 2559 2471 2621 ὼς
2506 2556 2768 2610 παιδικῶν
2789 2555 2884 2610 καὶ
2921 2555 3159 2609 εὐτελῶν
3188 2557 3664 2627 καταφρονήσετε,
3703 2557 3856 2625 κάγὼ

2263 2649 2329 2704 ἂν
2354 2650 2413 2703 τὸ
2458 2649 2698 2704 τοιοῦτον
2733 2648 2858 2721 περὶ
2886 2647 3041 2720 ὑμῶν
3073 2646 3357 2720 εὐξαίμηνο
3405 2647 3698 2719 πρόκειται
3748 2648 3856 2721 γάρ

2273 2766 2314 2797 ⁵⁸
2354 2765 2510 2820 Joan.
2544 2781 2658 2828 xxi,
2686 2763 2769 2819 l9.

2259 2860 2563 2926 censuisse,
2601 2860 2691 2927 qui
2737 2867 2912 2914 morte
2953 2873 3048 2913 sua
3085 2854 3370 2912 veritatem
3396 2855 3730 2926 obsignant:
3764 2857 3854 2912 sed

2261 2931 2314 2985 id
2346 2947 2448 2984 non
2473 2942 2790 2999 perpetuum
2824 2944 2942 2984 esse
2966 2930 3105 2996 apud
3135 2938 3350 2999 veteres
3381 2928 3709 2999 observavit
3738 2927 3859 2981 5νὶ-

2262 3016 2441 3055 cerus.
2474 2998 2585 3052 illli
2619 3001 2762 3052 enim
2800 3012 3069 3069 martyres
3113 2998 3383 3068 appellant
3427 3015 3442 3051 :
3487 2998 3546 3050 1ο
3583 3013 3704 3062 eos,
3763 2999 3858 3066 qui

2265 3071 2469 3125 atrocia
2515 3070 2728 3125 subiere
2768 3070 3056 3139 supplicia,
3082 3084 3113 3123 e
3151 3070 3348 3139 quibus
3381 3077 3570 3122 tamen
3611 3071 3856 3139 miracu-

2263 3141 2378 3195 lose
2443 3152 2570 3195 sunt
2631 3137 2885 3194 servatii
2949 3147 3006 3193 ut
3059 3137 3177 3191 tres
3215 3137 3447 3203 juvenes
3512 3139 3567 3191 in
3637 3138 3862 3193 fornace

2262 3210 2610 3282 Babylonica,
2666 3211 2796 3264 dicti
2845 3213 2892 3263 oi
2922 3211 3012 3282 hev
3059 3208 3351 3282 Βαϐυλῶνι
3387 3208 3681 3282 γενόμενοι
3718 3211 3861 3281 μάρ-

2260 3278 2442 3353 τυρες,
2485 3300 2503 3332 ι
2543 3290 2810 3353 martyres
2840 3282 2891 3332 in
2921 3279 3201 3353 Babylone
3228 3278 3390 3343 facti,
3424 3298 3444 3330 ι
3491 3278 3563 3333 ab
3588 3278 3860 3353 Albanas.

2263 3349 2409 3407 orat.
2454 3353 2487 3405 5
2541 3349 2699 3406 cont.
2749 3351 3014 3414 Arianos;
3084 3357 3134 3402 et
3191 3351 3242 3402 in
3295 3365 3498 3418 genere
3543 3365 3572 3401 a
3624 3349 3862 3416 Gregor.

2263 3422 2544 3486 Nazianz.,
2569 3430 2710 3476 orat.
2734 3422 2826 3482 2t),
2861 3435 2981 3488 pag.
3018 3421 3144 3484 519,
3175 3421 3313 3474 tales
3343 3419 3697 3488 appellantur
3721 3420 3865 3485 ζῶν·

2260 3509 2351 3564 τες
2393 3495 2739 3564 μάρτυρεςιι
2782 3503 3049 3560 martyres
3091 3491 3234 3564 vivi;
3273 3509 3290 3542 ι
3321 3491 3433 3542 vid.
3472 3490 3770 3560 Cltrysost.
3808 3493 3858 3564 i_u

2261 3560 2646 3627 Psalinfxcvt;
2677 3562 2733 3615 2°
2754 3571 3038 3628 martyres,
3079 3561 3164 3628 qui
3198 3560 3394 3613 fratres
3418 3571 3472 3612 et
3502 3573 3749 3629 mgrulns
3787 3561 3869 3613 vi-

2263 3634 2524 3698 sitabant,
2563 3634 2617 3686 in
2653 3633 2856 3686 morbis
2891 3631 3226 3699 contagiosis
3257 3631 3605 3697 praesertim;
3642 3631 3864 3684 consul.

2263 3701 2488 3772 Diouys.
2514 3703 2871 3756 Alexandrin.
2906 3703 3046 3770 apud
3073 3701 3268 3756 Euseb.
3292 3699 3605 3772 llist._eccl.
3632 3700 3729 3754 lib.
3763 3716 3863 3764 vn,

2264 3787 2312 3826 c.
2347 3770 2450 3838 2‘3;
2487 3777 2541 3828 5ο
2587 3774 2680 3840 qui
2723 3782 2989 3842 martyres
3027 3772 3082 3826 in
3121 3785 3344 3842 carcere
3369 3770 3714 3842 visitabam;
3753 3772 3865 3826 vid.

2264 3843 2552 3898 Constitui.
2593 3842 2818 3905 apostol.
2862 3840 2898 3896 Ι.
2935 3857 2987 3905 v,
3030 3859 3080 3897 c.
3111 3842 3161 3903 l,
3197 3857 3252 3909 p.
3297 3840 3443 3906 9i2;
3480 3840 3543 3894 4ο
3575 3842 3670 3908 qui
3698 3843 3868 3895 fidem

2264 3927 2449 3967 veram
2481 3914 2830 3979 confitentur,
2869 3923 2921 3967 et
2953 3913 3211 3981 Operibus
3247 3910 3404 3981 bonis
3439 3926 3505 3965 ac
3545 3912 3671 3964 vitae
3700 3911 3867 3966 inuo-

2263 3986 2440 4037 eentia
2470 4000 2590 4038 eam
2629 3984 2846 4037 elucere
2875 3980 3112 4044 faciunt;
3155 3983 3300 4048 apud
3341 3980 3519 4034 Clem.
3553 3981 3872 4035 Alexandr.

2265 4053 2462 4107 Slrom.
2509 4054 2544 4109 l.
2584 4069 2657 4118 IV,
2690 4071 2743 4122 p.
2773 4053 2900 4116 550,
2955 4063 3010 4122 et
3053 4053 3434 4122 (iltrysostom.
3491 4051 3645 4122 hom.
3693 4052 3756 4106 fl
3822 4053 3874 4104 in

2265 4124 2436 4191 Epist.
2466 4127 2532 4177 ad
2574 4121 2761 4185 llebin,
2796 4133 2926 4176 tom.
2957 4121 3047 4188 ιν,
3080 4138 3130 4192 p.
3167 4121 3308 4186 495;
3337 4121 3396 4174 5ο
3428 4122 3525 4190 qui
3584 4121 3873 4178 bonorum

2265 4195 2644 4262 temporalium
2699 4194 3056 4261 privationem
3103 4193 3380 4260 patienter
3426 4193 3658 4247 ferunt:
3725 4192 3875 4260 apud

2262 4264 2548 4334 Chrysost.
2602 4266 2749 4318 hom.
2804 4264 2856 4317 in
2921 4262 2962 4316 ll
3006 4263 3073 4317 ad
3126 4262 3285 4334 (Ion,
3323 4278 3379 4332 p.
3430 4262 3571 4327 516;
3627 4264 3880 4331 denique

2263 4335 2320 4388 6°
2349 4333 2437 4401 qui
2468 4335 2626 4399 mori,
2659 4348 2818 4403 quam
2845 4334 3071 4403 magicis
3089 4333 3299 4387 artibus
3325 4334 3391 4386 ad
3425 4337 3878 4402 recuperandam

2264 4408 2554 4458 sanitatem
2583 4406 2684 4468 uti,
2718 4404 3117 4474 malunt.Vid.
3147 4404 3628 4474 an'ysostomum,
3671 4403 3878 4458 homil.

570 4467 671 4546 pro
704 4467 859 4547 parte
905 4467 1087 4550 aliqua
1129 4477 1404 4550 pepulum.
1454 4496 1474 4530 ι
1511 4477 1589 4550 Ει
1619 4478 1780 4546 paulo
1809 4467 1968 4550 post:
2001 4493 2022 4550 ς
2063 4476 2154 4530 Sic
2190 4467 2233 4519 Ι)
2263 4474 2297 4528 5
2325 4474 2771 4550 contrLJuil-mos.
2803 4486 2934 4550 to_m.
2967 4473 3052 4535 Vl.
3082 4467 3294 4550 p._3‘i3'.
3341 4473 3742 4550 wersrextes.

567 4546 715 4614 ergo,
743 4546 1063 4607 fortassis—et
1091 4546 1147 4605 si
1164 4551 1284 4618 quis
1313 4555 1394 4620 est
1439 4549 1759 4620 angelorum
1800 4546 2153 4620 ’eoelestium-f

568 4631 676 4685 que
724 4621 1018 4688 virtutum,
1048 4630 1143 4674 aut
1197 4620 1241 4674 si
1277 4619 1688 4688 quisjuslorum
1742 4618 2022 4672 ltOminum
2074 4618 2155 4670 vel

567 4690 731 4742 etiam
782 4700 1093 4745 sanctorum
1143 4695 1535 4759 prophetarum
1583 4700 1748 4757 atque
1780 4688 2154 4759 apostolorum

569 4761 662 4826 qui
694 4761 909 4815 enixius
940 4758 1263 4816 interveniat
1306 4774 1404 4827 pro
1439 4762 1682 4829 peccatis
1715 4761 1994 4812 hominum
2027 4758 2158 4829 illic

570 4840 670 4894 pro
700 4832 1151 4898 repropitiatione
1187 4831 1368 4885 divina
1399 4828 1548 4883 velut
1593 4831 1760 4892 aries,
1793 4838 1890 4881 aut
1933 4828 2155 4898 vitulus,

570 4908 664 4949 aut
699 4897 902 4966 ltircus,
935 4903 1152 4954 oblatus
1183 4914 1306 4954 esse
1343 4900 1670 4954 sacrdicinm
1716 4901 1784 4953 ob
1821 4897 2160 4967 purificatio-

571 4972 921 5038 nemipOpulo
957 4971 1354 5038 impetrandam
1387 4972 1560 5038 accipi
1594 4978 1793 5038 potest.
1831 4987 1848 5018 ι

645 5037 759 5108 (65)
786 5040 898 5092 Καὶ
921 5037 1120 5093 αὐτῶν
1143 5037 1333 5092 πλέον
1360 5037 1537 5108 παρόί,
1570 5037 1676 5095 etc.
1703 5037 1928 5092 Videtur
1958 5037 2158 5106 aliquid

573 5105 780 5180 deesse.
823 5110 966 5180 Lego
999 5112 1092 5164 καὶ
1119 5109 1298 5164 αὐτῶν
1344 5105 1502 5164 πλέον
1539 5109 1997 5180 ὑψωθησομένων,
2048 5105 2158 5172 ὶθΙ,

570 5175 1064 5251 ὑψωθνὲντωνπαρὸ
1087 5181 1380 5251 ὑψώθησαν
1411 5181 1496 5244 ἄν,
1525 5175 1631 5236 etc.

640 5250 755 5321 (66)
797 5250 908 5303 Τὸν
938 5247 1014 5305 ἐν’
1043 5247 1345 5320 μαρτ-ιερίῳ
1383 5252 1640 5306 θάνατον
1667 5254 1926 5321 ὕψωσεν.
1963 5247 2160 5304 Locum

569 5318 858 5384 Joan.'xu.
904 5321 992 5383 52,
1034 5318 1100 5376 de
1127 5318 1492 5376 'crucilixione
1517 5318 1728 5378 Christi
1767 5325 2163 5389 ίιιιοινιειειίυν

571 5391 1014 5464 Cyrillus__Alex.
1045 5395 1107 5464 in
1152 5394 1352 5464 Culcita
1391 5395 1444 5464 in
1501 5396 1601 5447 hoc
1632 5405 1796 5464 caput
1831 5411 1844 5446 :
1909 5388 2037 5464 deni.
2066 5388 2160 5464 τοῦ

574 5461 952 5534 σταυρωθῆναι
1010 5462 1096 5534 τὸν
1128 5461 1424 5534 ὑψωθῆναί
1463 5481 1615 5534 φησι,
1686 5461 1714 5516 «⁷
1751 5477 1849 5534 pro
1896 5462 2160 5534 crucifigi.

572 5531 980 5604 diciteaaltari.
1014 5552 1030 5584 ι
1065 5533 1128 5585 Et
1153 5532 1451 5604 'llieophyl.
1476 5531 1550 5587 ad
1574 5531 1822 5589 eumdem
1848 5534 2046 5590 locum,
2068 5531 2162 5604 ἐάν

575 5601 774 5670 ὑψωθῶ
832 5602 925 5655 ἐπὶ
957 5604 1051 5657 τοῦ
1108 5601 1422 5674 σταυροῦ,’‹
1468 5605 1512 5658 si
1571 5606 1846 5660 exaltatus
1900 5604 2056 5657 fuero
2107 5603 2160 5654 in

571 5689 756 5729 crure.
791 5692 810 5726 ι
852 5673 1231 5731 Ws'rsTt-zmus.

643 5743 757 5814 (67)
799 5743 852 5796 Ὀ
876 5746 1198 5814 μαρτυρῶν
1243 5745 1326 5810 τῷ
1358 5746 1578 5802 ἑαυτοῦ
1628 5742 1865 5813 θανάτῳ
1907 5743 2160 5810 δοξάζει.

576 5813 804 5872 Videtur
837 5813 1101 5888 Origenes
1154 5814 1273 5872 illos
1323 5827 1534 5873 tantum
1586 5829 1886 5889 martyrum
1946 5819 2165 5872 nomine

2339 4545 2450 4616 (68)
2492 4545 2682 4599 Ταῦτα
2713 4545 2780 4597 δὲ
2807 4541 2936 4598 εἷπε
2969 4541 3286 4616 σημαίνων
3315 4545 3469 4610 ποίῳ
3503 4543 3758 4608 θανάτῳ
3781 4542 3892 4616 δο-

2264 4614 2437 4679 ξάσει
2464 4617 2571 4668 τὸν
2602 4617 2768 4670 Θεόγν.
2800 4617 3088 4685 Origenem
3122 4614 3423 4685 Scriptura:
3461 4631 3636 4668 saera:
3673 4615 3892 4666 callen-

2264 4687 2528 4740 tissimum
2568 4686 2757 4751 fuisse,
2795 4682 3046 4739 omnibus
3087 4682 3326 4740 constat.
3377 4682 3606 4739 interim
3663 4687 3886 4754 sa-pius

2263 4759 2554 4822 (memoria
2599 4758 2740 4810 forte
2772 4757 3004 4826 lapsum)
3050 4756 3398 4810 combinasse
3443 4755 3670 4808 d.versa
3711 4759 3895 4817 dicta,

2261 4840 2432 4894 eaque
2459 4827 2727 4888 retulisse,
2756 4843 2819 4880 ac
2846 4827 2888 4880 si
2916 4841 3022 4880 uno
3051 4827 3354 4892 eodemque
3381 4827 3500 4880 loco
3533 4826 3761 4894 scripta
3792 4841 3897 4879 ex-

2262 4905 2494 4958 starent,
2532 4897 2996 4952 observaruntCl.
3031 4894 3263 4950 lluetius
3287 4907 3341 4949 et
3368 4895 3721 4951 llalloixius.
3750 4895 3898 4960 Hoc,

2264 4967 2365 5019 nisi
2426 4967 2607 5035 fallor,
2665 4968 3095 5035 confirmanLet
3140 4969 3435 5034 praesentia
3479 4967 3679 5019 verba.
3751 4967 3897 5020 [\‘zuu

2262 5039 2422 5092 Joun.
2495 5055 2612 5101 xu,
2678 5037 2780 5104 55,
2838 5039 3099 5105 scriptum
3147 5046 3234 5090 est
3284 5053 3298 5089 :
3358 5035 3628 5090 Τοῦτοόὲ
3695 5037 3901 5104 ἔλεγε,

2265 5111 2546 5176 σημαίνων
2579 5109 2716 5179 ποίῳ
2765 5107 2978 5178 θανάτῳ
3013 5105 3247 5180 ἤμελλεν
3274 5106 3682 5177 ἀποθνήσκειν,
3720 5129 3742 5161 ι
3791 5111 3909 5162 Hoc

2266 5193 2394 5230 vero
2445 5181 2601 5244 dixit,
2667 5191 2722 5233 ut
2775 5181 3109 5248 significaret
3172 5194 3282 5246 qua
3338 5194 3517 5232 morte
3561 5185 3904 5234 moriturus

2264 5257 2427 5304 esset.
2469 5269 2486 5300 ›
2521 5251 2659 5304 Nihil
2731 5253 2780 5304 in
2841 5251 2923 5302 his
2971 5251 3036 5302 de
3092 5249 3511 5318 gloriﬁcalione.
3577 5251 3708 5304 Scel
3787 5267 3905 5311 nt.

2267 5321 2356 5384 i9,
2395 5323 2446 5378 io
2487 5336 2542 5374 re
2574 5323 2763 5385 simili,
2791 5321 2921 5374 dicit
2942 5318 3198 5373 Christus
3222 5325 3286 5373 de
3321 5329 3499 5372 morte
3527 5319 3692 5373 Petri
3723 5341 3738 5376 :
3766 5324 3911 5376 Τοῦ-

2266 5405 2324 5441 το
2356 5391 2432 5463 δὲ
2489 5391 2631 5455 εἷπε,
2695 5391 2977 5463 σημαίνων
3034 5389 3171 5461 ποίῳ
3229 5390 3452 5461 θανάτῳ
3509 5391 3760 5458 δοξάσει
3815 5396 3911 5448 τὸν

2266 5461 2418 5527 Θεόν,
2465 5481 2481 5512 ‹
2515 5464 2626 5517 lloc
2661 5461 2788 5516 vero
2816 5463 2971 5522 dixit,
3001 5463 3319 5529 signiticans
3342 5477 3453 5530 qua
3486 5474 3686 5518 morte
3728 5466 3912 5521 Deum

2269 5534 2674 5601 glm'ilicaturus
2699 5545 2861 5587 esset.
2897 5553 2913 5583 ›
2943 5534 3310 5601 Quapropter,
3333 5548 3378 5586 ει
3409 5533 3538 5584 talia
3562 5534 3624 5585 in
3658 5536 3912 5590 Patrum

2269 5603 2490 5673 scriptis
2524 5613 2840 5668 occurrant,
2891 5619 2997 5657 non
3027 5605 3214 5656 statim
3267 5604 3748 5659 existimandum
3799 5618 3914 5673 est,

2272 5690 2456 5728 neStra
2493 5675 2827 5743 exemplaria
2863 5690 2983 5729 esse.
3014 5685 3292 5740 corrupta,
3339 5673 3427 5726 vel
3480 5675 3699 5731 Patres
3738 5679 3920 5735 amet

2269 5744 2494 5814 legisse;
2526 5745 2650 5815 quia
2686 5759 3076 5815 saepenumero,
3097 5759 3203 5816 non
3237 5745 3489 5812 inspecto
3514 5749 3770 5816 codice,
3800 5765 3921 5805 mor

2273 5813 2495 5872 tueritcr
2527 5813 2691 5872 verba
2726 5813 3046 5870 recitarunt.
3078 5813 3466 5871 \VETSTENIUS.
