3962 6414
545 266 651 324 643

1508 257 1836 317 ORIGENIS
1875 256 1942 314 IN
1982 256 2231 315 LIBROS
2271 257 2555 318 CONTRA
2593 257 2872 315 CELSUM
3727 253 3813 310 0-H

550 386 780 442 crimina
819 382 1030 451 objecta
1059 379 1190 435 nihil
1223 378 1524 449 respondit,
1555 378 1755 448 quippe
1784 377 1874 446 qui
1905 392 2136 445 persua-

2253 378 2316 444 se,
2337 379 2492 433 οὐδὲν
2519 379 2854 450 ἀπεκρίνατο
2871 375 3002 448 (70),
3021 375 3352 448 πειθόμενος
3377 372 3558 429 πάντα
3591 372 3683 428 τὸν
3722 371 3813 443 βίον

549 492 670 530 smn
690 475 919 532 habebat
940 483 1047 529 tota
1073 474 1183 526 vita
1216 487 1316 526 sna
1340 471 1612 540 rebusque
1637 470 1784 524 inter
1806 467 2019 523 Judzeos
2044 485 2137 539 ge-

549 571 652 625 stis
682 570 872 624 melius
900 567 1030 620 falsa
1060 564 1372 620 testimonia
1404 563 1561 627 dilui,
1593 561 1900 617 etcrimina
1925 563 2136 630 repelli,

548 679 711 733 quam
740 661 783 716 si
826 659 948 714 ullis
991 674 1049 712 se
1082 658 1435 711 sermonibus
1477 655 1831 713 defendisset.
1862 656 1942 712 Tu
1984 671 2135 723 vero,

549 757 637 825 pie
677 751 949 814 Ainbrosi,
980 749 1167 805 nescio
1199 763 1306 817 qua
1347 763 1516 802 causa
1539 747 1781 804 volneris
1813 765 1901 805 me
1950 748 2138 818 depel-

549 846 662 900 lere
694 842 993 898 calumnias
1027 849 1082 897 et
1108 839 1548 906 criminationes,
1588 855 1726 910 quas
1764 850 1954 896 contra
1982 840 2139 896 Chri-

552 941 764 995 stiauos
784 937 1259 1003 Eeclesiarumqne
1295 933 1454 988 fidem
1486 935 1691 1004 scripto
1710 933 1896 989 Celsus
1917 935 2090 990 edidit
2120 951 2135 990 :

552 1031 706 1099 quasi
739 1045 832 1084 cas
865 1039 1052 1098 aperte
1104 1044 1208 1081 non
1243 1027 1364 1080 falsi
1416 1027 1811 1081 convincerent
1845 1041 1936 1081 res
1982 1027 2137 1097 ipsae,

551 1136 655 1176 nec
680 1136 774 1175 eas
799 1120 1078 1174 obtereret
1106 1118 1352 1172 doctrina
1403 1117 1596 1188 quovis
1633 1117 1842 1188 scripto
1869 1128 2136 1187 prmstan-

552 1213 681 1275 tier,
715 1219 770 1266 et
795 1226 914 1281 qua:
944 1226 1012 1265 ne
1046 1210 1269 1278 quidem
1316 1210 1421 1264 illis
1473 1209 1643 1263 ullam
1693 1210 2136 1278 probabilitatem

552 1305 837 1374 relinquit,
869 1319 977 1374 qua
1006 1305 1304 1372 quidquam
1335 1302 1534 1357 virium
1563 1303 1821 1358 habeant.
1858 1301 1979 1356 .lam
2005 1318 2138 1357 vero

551 1397 738 1453 Jesuin
767 1397 1031 1461 tacuisse,
1062 1412 1185 1451 cum
1222 1396 1356 1450 falsa
1385 1405 1576 1450 contra
1613 1396 1763 1450 illum
1793 1396 1934 1450 dicta
1981 1395 2104 1451 testi
2125 1425 2140 1438 -

555 1491 739 1545 monia
781 1498 927 1552 sunt,
959 1489 1094 1543 satis
1128 1487 1181 1542 in
1212 1486 1464 1557 praesenti
1494 1489 1767 1542 constabit
1799 1502 1865 1542 ex
1895 1487 2138 1542 Matthtei

555 1581 758 1643 verbis,
790 1580 993 1649 quibus
1017 1578 1128 1633 fere
1155 1577 1352 1632 similia
1385 1575 1608 1646 scripsit
1637 1575 1874 1632 Marcus.
1899 1575 2138 1630 Matthari

553 1674 719 1728 verba
762 1672 880 1726 haec
910 1680 1075 1724 sunt:
1106 1687 1126 1719 ι
1171 1668 1430 1738 Princeps
1473 1679 1654 1723 autem
1685 1669 2031 1723 sacerdotum
2084 1678 2140 1722 et

2240 470 2432 523 ἐαυτοῦ
2463 473 2556 524 καὶ
2583 470 2681 534 τὰς
2707 472 2765 525 ἐν
2807 469 3079 532 Ἰουδαίοις
3110 467 3342 541 πράξεις
3377 466 3664 539 κρείττους
3682 481 3814 534 γεγο-

2238 564 2384 617 νέναι
2431 563 2616 633 φωνῆς
2667 561 3000 632 ἐλεγχούσης
3046 559 3144 632 τὴν
3182 557 3692 630 ψευδομαρτυρίαν,
3738 561 3814 614 καὶ

2237 653 2435 721 λέξεων
2469 654 2926 724 ἀπολογουμένων
2963 653 3103 725 πρὸς
3132 652 3235 716 τὰς
3259 651 3622 722 κατηγορίας.
3660 649 3730 702 Σὺ
3759 649 3812 714 δ’,

2236 743 2282 803 ὧ
2300 748 2514 818 φιλόθεε
2551 747 2865 820 Ἀμϐρόσιε,
2894 747 2993 800 οὐκ
3022 743 3117 799 οἷδ’
3139 748 3295 808 ὅπως
3329 745 3467 816 πρὸς
3489 742 3592 807 τὰς
3625 741 3813 796 Κέλσου

2239 840 2382 895 κατὰ
2422 840 2765 914 Χριστιανῶν
2795 841 2853 893 ἐν
2889 839 3287 911 συγγράμμασι
3334 833 3813 907 ψευδομαρτυρίας,

2234 933 2453 1004 καὶτῆς
2491 933 2727 998 πίστεως
2760 932 2868 985 τῶν
2906 930 3246 1000 Ἐκκλησιῶν
3283 930 3340 982 ἐν
3381 927 3576 999 βιϐλίῳ
3607 944 3817 996 κατηγο-

2243 1025 2383 1096 ρίας,
2417 1024 2719 1095 ἐϐουλήθης
2752 1025 2901 1094 ἡμᾶς
2937 1019 3388 1092 ἀπολογήσασθαι
3408 1035 3422 1048 ο
3453 1018 3530 1082 ὡς
3566 1019 3666 1070 οὐκ
3687 1017 3816 1081 δντος

2239 1116 2503 1188 ἐναργοῦς
2550 1116 2771 1187 ἐλέγχου
2819 1117 2875 1168 ἐν
2927 1117 3038 1177 τοῖς
3099 1114 3413 1185 πράγμασι,
3464 1110 3561 1164 καὶ¹
3621 1110 3818 1164 πάντων

2247 1207 2592 1279 γραμμάτων
2629 1206 2737 1279 (Ἠ)
2777 1204 3086 1277 κρείττονος
3124 1205 3311 1273 λόγου,
3347 1201 3441 1256 τοῦ
3475 1219 3535 1255 τε
3575 1200 3675 1265 τὰς
3703 1200 3818 1270 ψευ-

2240 1301 2609 1371 δομαρτυρίας
2636 1297 3010 1368 ἁφανίζοντος,
3055 1299 3148 1351 καὶ
3167 1300 3288 1359 ταῖς
3314 1293 3677 1366 κατηγορίαις
3704 1294 3818 1366 μηδὲ

2240 1392 2606 1462 πιθανότητα,
2643 1393 2722 1455 εἰς
2763 1391 2822 1443 τὸ
2859 1389 3115 1443 δύνασθαί
3157 1407 3211 1442 τι
3261 1388 3470 1452 αὑτὰς,
3521 1387 3812 1452 ἐνδιδόντος.

2243 1486 2378 1557 Περὶ
2407 1485 2463 1537 δέ
2493 1483 2589 1537 τοῦ
2625 1483 2803 1555 Ἰησοῦ
2842 1483 2923 1536 ὅτι
2949 1481 3158 1536 ἐσιώπα
3191 1479 3816 1552 ψευδομαρτυρούμενος,

2244 1579 2405 1649 ἀρκεῖ
2429 1578 2522 1630 ἐπὶ
2553 1575 2646 1629 τοῦ
2679 1575 2944 1647 παρόντος
2970 1575 3037 1628 τὰ
3066 1574 3348 1628 Ματθαίου
3379 1570 3735 1643 παραθέσθαιι
3760 1573 3816 1626 τὰ

2244 1675 2353 1746 γὰρ
2382 1671 2806 1742 ἰσοδυναμοῦντα
2837 1670 2983 1741 αὐτῷ
3006 1672 3034 1724 ὁ
3065 1670 3293 1743 Μάρκος
3320 1669 3378 1737 ἐγ
3392 1668 3582 1740 gertz/sv.
3614 1667 3818 1738 Ἐχειδὲ

557 1777 720 1818 omne
770 1762 1064 1816 concilium
1121 1762 1440 1830 quzerebant
1509 1761 1705 1815 falsum
1769 1757 2138 1816 testimonium

2253 1765 2417 1827 οὕτως
2443 1765 2476 1834 ἡ
2498 1762 2592 1815 τοῦ
2621 1761 2902 1816 Ματθαίου
2923 1762 3085 1828 λέξις
3121 1784 3138 1812 ι
3175 1763 3234 1814 ’0
3251 1761 3306 1813 δέ
3338 1761 3632 1832 ἀρχιερεὺς
3659 1761 3743 1813 καὶ
3768 1760 3819 1812 τὸ

556 1865 748 1908 contra
782 1851 994 1920 Jesum,
1023 1863 1082 1906 ut
1113 1867 1239 1906 eum
1283 1853 1443 1907 morti
1495 1855 1798 1917 traderent,
1831 1861 1886 1908 et
1918 1867 2024 1908 non
2055 1851 2140 1906 in-

559 1953 847 2009 venerunt,
874 1960 998 2000 ουιιι
1021 1943 1172 1998 mulli
1204 1945 1322 1999 falsi
1353 1954 1516 2001 testes
1538 1948 1924 2002 accessissent.
1947 1945 2143 2002 Novis-

558 2041 696 2093 sime
739 2048 921 2093 autem
980 2038 1305 2094 accedentes
1348 2039 1454 2092 duo
1488 2040 1779 2094 dixerunt:
1817 2039 1917 2096 llic
1956 2041 2138 2096 dixit:

557 2129 790 2184 Possum
827 2131 1112 2184 destruere
1161 2129 1418 2198 templum
1477 2131 1593 2197 Dei,
1636 2142 1690 2187 et
1726 2142 1851 2202 post
1899 2133 2138 2188 triduum

561 2223 929 2278 rezedilicare.
984 2222 1053 2278 Et
1101 2241 1334 2298 surgens
1383 2226 1640 2294 princeps
1692 2228 2035 2281 sacerdotum
2065 2225 2143 2282 ait

559 2316 636 2371 illi
667 2333 682 2372 :
716 2315 858 2370 Nihil
892 2318 1189 2388 respondes
1223 2319 1289 2372 ad
1336 2333 1423 2382 ea,
1472 2333 1592 2387 qum
1641 2317 1727 2370 isti
1765 2318 2054 2372 adversum
2091 2325 2143 2372 te

559 2411 977 2466 testificantur?
1007 2411 1163 2468 Jesus
1202 2422 1382 2469 autem
1413 2412 1712 2468 tacebat".
1747 2432 1765 2465 ι
1796 2412 1902 2467 Sed
1928 2421 1983 2466 et
2007 2411 2142 2467 nihil

556 2504 912 2574 respondisse
951 2505 1087 2560 falsa
1112 2506 1342 2559 crimina
1375 2505 1786 2575 objicientibus,
1823 2505 1937 2559 htec
1961 2506 2143 2559 ,testi-

559 2597 749 2652 nionio
781 2607 910 2651 sunt
941 2613 954 2649 :
996 2616 1014 2648 ι
1045 2597 1205 2653 Jesus
1252 2607 1432 2653 autem
1466 2599 1619 2652 stetit
1659 2607 1784 2652 ante
1833 2597 2141 2667 praesidem,

559 2696 620 2743 et
650 2690 1013 2761 interrogavit
1038 2706 1162 2746 eum
1189 2693 1379 2748 dicens
1406 2707 1420 2744 :
1451 2691 1530 2745 Tu
1571 2706 1631 2746 es
1660 2705 1758 2744 rex
1791 2689 2145 2745 Iudaeorum?

563 2779 710 2836 Dicit
747 2781 826 2836 illi
869 2781 1032 2839 Jesus
1063 2799 1076 2834 :
1115 2783 1195 2838 Tu
1231 2785 1411 2848 dicis.)
1436 2784 1502 2837 Et
1550 2799 1675 2839 cum
1723 2791 2083 2838 accusaretur
2113 2799 2144 2838 a

558 2876 896 2944 principibus
923 2880 1268 2934 sacerdotum
1299 2889 1354 2932 et
1389 2879 1716 2941 senioribus,
1753 2879 1889 2933 nihil
1915 2894 2145 2950 respon-

559 2967 658 3022 dit.
701 2967 853 3022 Tunc
884 2971 1017 3025 dicit
1063 2970 1141 3025 illi
1177 2969 1382 3025 Pilatus
1418 2988 1433 3026 :
1473 2969 1591 3026 Non
1631 2970 1788 3026 audis
1810 2981 2013 3042 quanta
2050 2971 2147 3026 ad-

555 3073 780 3114 \ersum
835 3071 888 3116 te
933 3063 1125 3117 dicunt
1187 3063 1533 3118 testimonia?
1582 3064 1649 3118 Et
1699 3079 1807 3118 non
1863 3065 2146 3133 respondit

559 3151 628 3202 ad
671 3150 838 3204 ullum
882 3153 1133 3220 verbum,
1185 3154 1260 3208 ita
1295 3163 1354 3209 ut
1401 3155 1702 3210 miraretur
1731 3170 1934 3226 praeses
1978 3155 2144 3212 vehe-

561 3250 777 3296 menter
808 3243 876 3297 ⁷³.
913 3262 930 3295 ι

631 3467 691 3524 2.
744 3469 922 3538 Atque
965 3469 1128 3524 etiam
1156 3480 1295 3540 erat,
1337 3473 1482 3545 quod
1517 3472 1602 3530 vel
1639 3472 1992 3530 mediocriter
2021 3491 2149 3548 pru-

565 3560 756 3615 dentes
782 3563 1211 3631 admirarentur,
1239 3567 1331 3634 qui
1353 3565 1487 3620 l‘also
1517 3577 1803 3622 accusatus
1834 3581 1891 3622 se
1920 3566 2034 3639 ipse
2057 3569 2150 3624 de-

563 3649 822 3716 fendere,
855 3651 1166 3723 nulliusque
1195 3655 1420 3710 sceleris
1452 3669 1602 3710 reum
1643 3672 1702 3710 se
1730 3658 2146 3727 demonstrare;

561 3745 655 3810 qni
688 3743 812 3798 vita:
844 3760 954 3800 sua:
980 3745 1169 3802 laudes
1204 3749 1547 3818 virtutesque
1581 3764 1711 3804 vere
1744 3751 1961 3807 divinas
2008 3766 2149 3823 prte-

565 3835 752 3890 dicare
778 3845 1008 3904 poterat,
1038 3854 1147 3909 quo
1173 3841 1314 3893 viam
1342 3841 1513 3911 judiei
1557 3843 1623 3896 ad
1675 3843 1970 3910 :equiorem
2022 3860 2152 3901 sen-

565 3929 796 3982 tentiam
832 3932 1096 4000 aperi-ret,
1133 3945 1256 3986 eum
1293 3934 1410 3988 haec
1457 3950 1562 3988 non
1616 3935 1788 4006 316
1835 3938 1994 3993 modo
2041 3954 2147 3994 non

566 4021 786 4090 fecisse,
814 4023 908 4077 sed
940 4023 1105 4078 etiam
1140 4026 1458 4094 despexisse
1480 4038 1536 4080 et
1573 4043 1775 4096 niagno
1801 4029 1984 4085 animo
2021 4045 2152 4087 con-

566 4115 855 4184 tempsisse
905 4123 1278 4170 accusatores.
1333 4115 1469 4171 Nam
1499 4115 1684 4172 Jesum
1737 4134 1767 4172 a
1808 4117 1991 4187 judice
2035 4121 2153 4178 sine

565 4205 721 4264 mora
757 4210 1144 4266 absolvendum
1193 4211 1400 4278 fuisse,
1449 4212 1495 4266 si
1544 4211 1676 4281 quid
1719 4212 1786 4267 ad
1819 4213 2149 4282 propulsan-

565 4299 665 4354 das
709 4300 1126 4358 criminationes
1169 4302 1424 4368 dixisset,
1465 4303 1818 4373 perspicuum
1861 4313 2038 4360 estex
2085 4307 2152 4360 iis

562 4406 684 4463 qua:
717 4392 925 4450 Pilatus
968 4395 1172 4452 dixisse
1199 4404 1576 4450 memoratur:
1622 4414 1640 4446 ι
1672 4399 1844 4463 Quem
1874 4398 2036 4453 vultis
2083 4415 2151 4456 ex

563 4486 779 4542 duobus
803 4488 1073 4543 dimittam
1125 4490 1318 4544 vobis?
1351 4488 1682 4558 Barahbam,
1714 4507 1781 4546 an
1817 4490 2024 4556 Jesum,
2054 4494 2147 4562 qui

563 4579 767 4635 dicitur
784 4580 1035 4640 Christus
1055 4583 1136 4638 7‘?
1158 4604 1176 4638 ι
1200 4586 1263 4639 Ει
1291 4600 1356 4640 ex
1383 4585 1466 4640 his
1497 4601 1620 4656 qua:
1644 4587 1892 4655 proxime
1912 4601 2150 4655 sequun-

565 4679 657 4725 tur
698 4687 713 4727 :
757 4693 774 4725 ι
811 4673 1034 4730 Sciebat
1065 4677 1211 4731 enim
1262 4678 1408 4746 quod
1463 4693 1559 4748 per
1599 4679 1858 4735 invidiam
1895 4681 2150 4735 tradidis-

567 4773 692 4818 sent
721 4769 939 4826 eum".
976 4787 995 4820 ι
1024 4769 1186 4825 Jesus
1218 4770 1388 4840 igitur
1410 4786 1626 4841 semper
1651 4771 1800 4826 falsis
1822 4773 2150 4828 testimoniis

568 4857 880 4924 premitur;
906 4868 960 4913 et
985 4860 1111 4930 quia
1152 4877 1369 4931 semper
1393 4862 1537 4919 inest
1563 4862 1878 4918 hominibus
1915 4863 2145 4929 malitia,

2246 1856 2518 1928 συνέδριον
2555 1855 2781 1926 ἐζήτουν
2813 1855 3287 1927 ψευδομαρτυρίαν
3311 1853 3453 1908 κατὰ
3493 1856 3589 1908 τοῦ
3642 1852 3816 1924 Ἰησοῦ,

2242 1949 2392 2010 ὅπως
2444 1945 2830 1999 θανατώσωσιν
2877 1945 3062 2008 αὐτὸν,
3109 1947 3204 1999 καὶ
3253 1945 3356 2016 οὐχ
3404 1938 3591 2016 εὗρον,
3631 1944 3819 1998 πολλῶν

2245 2037 2649 2112 προσελθόντων
2689 2036 3167 2109 ψευδομαρτύρων.
3203 2037 3472 2105 ’Ύστερον
3509 2036 3567 2090 δὲ
3612 2035 3823 2108 προσελ-

2245 2131 2428 2196 θόντες
2459 2130 2572 2192 δύο,
2608 2127 2778 2184 εἶπον·
2802 2124 2968 2193 Οὗτος
2998 2129 3120 2202 ἔφη·
3142 2129 3390 2200 Δύναμαι
3410 2127 3716 2182 καταλῦσαι
3741 2129 3823 2182 τὸν

2245 2223 2372 2278 ναὸν
2405 2223 2500 2276 τοῦ
2535 2222 2690 2286 Θεοῦ,
2734 2223 2829 2275 καὶ
2869 2221 2956 2275 διὰ
2996 2223 3162 2294 τριῶν
3193 2221 3419 2293 ἡμερῶν
3459 2221 3818 2292 οἰκοδομῆσαι.

2244 2317 2356 2370 Καὶ
2403 2316 2640 2380 ἀναστὰς
2682 2317 2710 2367 ὀ
2760 2317 3071 2387 ἀρχιερεὺς,
3108 2311 3262 2368 εἶπεν
3291 2315 3462 2386 αὐτῷ’
3493 2316 3662 2369 Οὐδὲν
3700 2317 3821 2370 ἀτοο

2247 2409 2431 2483 κρίνῃ,
2472 2411 2554 2464 ὅτι
2610 2404 2754 2463 οὗτοί
2796 2427 2888 2463 σου
2942 2407 3495 2480 καταμαρτυροῦσιν;
3551 2408 3609 2461 '0
3641 2408 3697 2462 δέ
3732 2410 3822 2478 Ἰη-

2249 2501 2375 2565 σοῦς
2415 2500 2646 2556 ἐσιώπα.
2684 2522 2703 2554 ι
2751 2501 2910 2554 Ἀλλὰ
2948 2502 3062 2564 καὶ,
3105 2501 3187 2554 ὅτι
3219 2503 3320 2555 οῦκ
3361 2500 3696 2570 ἀπεκρίνατο
3725 2499 3806 2569 (7?.

2247 2596 2740 2668 κατηγορούμενος,
2766 2593 2990 2652 τοιαῦτά.
3021 2598 3350 2670 γέγραπταιο
3391 2613 3410 2646 ι
3451 2596 3510 2648 ὐ
3535 2595 3593 2648 δὲ
3634 2593 3825 2666 Ἰησοῦς

2248 2686 2379 2757 ἔστη
2418 2687 2727 2759 ἔμπροσθεν
2766 2689 2857 2742 τοῦ
2893 2691 3191 2762 ἡγεμόνος,
3232 2692 3326 2744 καὶ
3357 2687 3712 2761 ἐπερώτησεν
3749 2686 3826 2741 αῦ-

2246 2778 2360 2842 τον,
2411 2777 2584 2847 λέγων
2606 2797 2617 2809 ·
2656 2781 2727 2833 Σὺ
2770 2776 2820 2834 εί
2848 2783 2876 2834 ὁ
2911 2779 3165 2852 βασιλεὺς
3192 2781 3301 2835 τῶν
3351 2779 3654 2845 Ἰουδαίων;
3691 2779 3823 2834 ’0δέ

2261 2873 2467 2946 Ἰησοῦς
2501 2874 2606 2945 ἔφη
2633 2874 2799 2946 αὐτῷ·
2835 2878 2905 2930 Σὺ
2941 2877 3139 2946 λέγεις.
3173 2878 3284 2932 Καὶ
3314 2879 3374 2930 ἐν
3407 2876 3484 2948 τῷ
3517 2877 3828 2946 κατηγορεῖ-

2251 2964 2373 3017 σθαι
2403 2965 2563 3018 αὐτὸν
2590 2966 2696 3018 ὑπὸ
2730 2966 2838 3018 τῶν
2861 2967 3163 3040 ἀρχιερέων
3199 2969 3291 3021 καὶ
3322 2965 3710 3040 πρεσϐυτέρων
3744 2967 3826 3018 οῦ-

2249 3057 2336 3111 δὲν
2375 3058 2728 3130 ἀπεκρίνατο.
2772 3059 2902 3112 Τότε
2945 3060 3092 3129 λέγει
3151 3060 3300 3132 αὐτῴ
3343 3061 3372 3112 ὁ
3419 3059 3688 3124 Πιλάτοςσ
3727 3059 3829 3113 Οῦκ

2250 3151 2470 3215 ἀκούεις
2504 3153 2646 3206 πόσα
2680 3170 2773 3206 σου
2812 3154 3366 3226 καταμαρτυροῦσινς
3407 3155 3522 3208 Καὶ
3559 3155 3664 3208 οὐκ
3704 3155 3827 3207 απε-

2251 3245 2414 3318 κρίθη
2459 3245 2606 3316 αὐτῷ
2651 3246 2786 3317 πρὸς
2828 3246 2978 3300 οὐδὲν
3025 3247 3198 3320 ῥῆμα,
3233 3245 3374 3300 ὥστε
3418 3246 3721 3320 θαυμάζειν
3748 3247 3829 3300 τὸν

2250 3339 2492 3411 ἡγεμόνα
2517 3339 2654 3392 λίαν.
2691 3359 2709 3390 ι

2322 3477 2430 3530 Καὶ
2462 3478 2570 3548 γὰρ
2615 3477 2726 3549 (ῖῦ)
2762 3477 3089 3550 θαυμασμοῦ
3129 3477 3278 3544 ἄξιον
3314 3474 3383 3552 ἦν
3426 3479 3579 3553 παρὰ
3605 3481 3720 3543 τοῖς
3750 3479 3832 3532 καὶ

2254 3568 2490 3642 μετρίως
2533 3573 2749 3640 φρονεῖν
2785 3570 3104 3642 δυναμένοις
3141 3571 3202 3625 τὸ
3229 3572 3322 3626 τὸν
3365 3575 3832 3646 κατηγορούμενον

2251 3661 2346 3714 καὶ
2372 3660 3008 3734 ψευδομαρτυρούμενον,
3043 3663 3344 3734 δυνάμενον
3373 3665 3831 3738 ἀπολογήσασθαι,

2252 3761 2347 3813 καὶ
2372 3761 2720 3833 παραστῆσαι
2754 3761 2944 3815 ἑαυτὸν
2967 3762 3140 3816 οὐδενὶ
3163 3763 3345 3834 ἔνοχον
3373 3765 3704 3837 ἐγκλήματι,
3749 3764 3832 3818 καὶ

2253 3851 2502 3924 ἐγκώμια
2528 3853 2622 3906 τοῦ
2658 3855 2853 3908 ἐαυτοῦ
2898 3855 3008 3927 βίου
3058 3854 3351 3921 διεξελθεῖν
3404 3861 3497 3912 καὶ
3546 3860 3658 3914 τῶν
3700 3859 3837 3912 δυνςῖι⁸

2256 3963 2434 4017 μεων,
2473 3947 2547 4011 ὡς
2577 3947 2683 3999 ἀπὸ
2720 3947 2856 4001 Θεοῦ
2894 3948 3237 4023 γεγένηνται,
3277 3952 3364 4006 ἵνα
3404 3953 3478 4025 δεῖ)
3504 3953 3580 4025 τῷ
3613 3955 3831 4022 δικαστῇ

2252 4035 2368 4088 ὁδὸν
2395 4035 2488 4088 τοῦ
2519 4037 2860 4114 χρηστότερα
2892 4057 2955 4093 πε
2965 4042 3019 4112 ρί
3041 4042 3204 4096 αὑτοῦ
3232 4044 3643 4116 ἀποφήνασθαι,
3689 4043 3837 4097 τοῦτο

2257 4127 2356 4197 μὲν
2393 4127 2467 4198 μὴ
2497 4131 2873 4202 πεποιηκέναι,
2902 4135 3448 4208 καταπεφρονηκέναι
3483 4136 3556 4200 δέ,
3598 4137 3699 4190 καὶ
3747 4152 3836 4207 με·

2254 4219 2543 4290 γαλοφυῶς
2569 4223 3016 4296 ὑπερεωρακέναι
3051 4229 3177 4292 τοὺς
3206 4229 3562 4301 κατηγόρους.
3600 4231 3728 4284 ’Ὁτι
3759 4229 3832 4290 δὲ,

2254 4314 2302 4365 εξ
2333 4313 2731 4385 ἀπελογήσατο,
2764 4317 3116 4372 ἁπέλυσενᾶν
3139 4321 3167 4372 ὁ
3195 4320 3479 4392 δικαστὴς,
3505 4323 3645 4393 μηδέ
3667 4322 3840 4375 διστά-

2257 4423 2355 4469 σας
2388 4406 2521 4477 (74),
2567 4406 2660 4460 τὸν
2697 4409 2926 4480 Ἰησοῦν,
2969 4411 3126 4482 δῆλον
3157 4415 3221 4467 ἐκ
3262 4414 3372 4468 τῶν
3412 4414 3840 4488 ἀναγεγραμμέ⁴

2255 4516 2360 4551 νων
2393 4502 2518 4568 περὶ
2557 4499 2745 4565 αὐτοῦ,
2789 4507 2846 4555 ἐν
2881 4499 2962 4566 οἷς
2995 4501 3113 4556 εἷπε
3134 4522 3147 4535 ’
3182 4525 3200 4556 ι
3236 4508 3368 4561 Τίνα
3403 4509 3582 4563 θέλετε
3618 4511 3732 4563 τῶν
3757 4510 3844 4562 δύο

2258 4589 2513 4643 ἀπολύσω
2547 4592 2711 4662 ὑμῖν;
2759 4593 2865 4646 Τὸν
2905 4595 3216 4666 Βαραϐϐᾶν,
3237 4598 3286 4669 ·ἧ
3328 4600 3533 4672 Ἰησοῦν
3564 4602 3665 4655 τὸν
3697 4601 3844 4670 λεγό-

2260 4699 2419 4753 μενον
2439 4685 2709 4754 Χριστόν;
2744 4704 2762 4737 ι
2795 4687 3027 4752 καὶτοῦ,
3051 4689 3127 4754 ὡς
3155 4692 3409 4764 ἐπιφέρει
3445 4694 3557 4765 (75)
3581 4698 3617 4764 ἡ
3657 4696 3698 4747 Γ
3702 4695 3842 4767 ραφὴ

2255 4774 2505 4845 λέγουσιν
2538 4797 2557 4830 ι
2602 4777 2754 4846 ᾜδει
2788 4781 2916 4853 γὰρ,
2950 4782 3030 4837 ὅτι
3053 4781 3142 4836 διὰ
3175 4784 3367 4856 φθόνον
3392 4787 3724 4857 παρέδωκαν
3758 4789 3843 4841 αύ-

2254 4867 2366 4922 τόν·
2401 4887 2420 4920 ³
2468 4868 2674 4939 Ἰησοῦς
2704 4870 2790 4926 ἀεὶ
2830 4871 3382 4947 ψευδομαρτυρεῖται,
3428 4877 3522 4930 καὶ
3551 4877 3664 4932 οῦκ
3705 4878 3847 4932 ἔστιν

640 5092 685 5124 ⁶⁹
720 5090 909 5147 Matth.
939 5109 1086 5159 xxw,
1118 5094 1210 5162 59,
1243 5095 1331 5162 60,
1363 5096 1453 5166 61,
1480 5096 1572 5163 62,
1607 5096 1696 5152 63.
1777 5099 1822 5129 "°
1849 5097 2046 5158 Matth.
2090 5113 2143 5153 x:

2253 5138 2261 5163 ,
2297 5099 2384 5166 H,
2421 5099 2506 5167 1:2,
2540 5101 2630 5167 15,
2663 5101 2750 5156 14.
2824 5103 2869 5135 ⁷¹
2894 5104 3031 5161 Ibid.
3063 5106 3151 5162 17.
3222 5107 3268 5138 ⁷³
3295 5107 3431 5164 Ibid.
3471 5108 3557 5165 18.

571 5255 716 5310 liano
745 5256 837 5326 qui
884 5273 1029 5314 nunc
1057 5270 1141 5315 est
1193 5261 1438 5318 ecclesiae
1493 5265 1826 5320 cathedralis
1868 5265 2147 5322 Parisien-

572 5329 667 5402 sis,
692 5327 1066 5402 2pvatieauis,
1105 5339 1161 5384 et
1197 5333 1370 5402 tribus
1408 5338 1752 5402 Anglicanis.
1791 5337 1852 5393 ln
1879 5341 1999 5392 cod.
2040 5339 2146 5392 [te-

573 5399 669 5476 ﬁio
717 5399 912 5476 titulus
957 5409 1080 5476 est:
1129 5401 1438 5476 ’ῼριγένους
1480 5399 1575 5458 τοῦ
1639 5409 1952 5476 σοφωτάτου
2005 5408 2147 5463 κατὰ

571 5466 780 5551 ξξέλσου
818 5467 914 5521 τοῦ
959 5466 1284 5525 ἁθεωτὰτουζ
1342 5475 1402 5527 ln
1443 5477 1562 5531 aliis
1601 5497 1615 5533 :
1660 5466 1965 5551 Ὠριγένους
2005 5480 2146 5535 κατὰ

571 5537 802 5591 Κέλσου.

641 5609 753 5687 ﬁt!)
795 5606 976 5687 Codex
1014 5609 1232 5687 Regius,
1269 5615 1614 5687 ἀπεκρίνετο.
1815 5664 1818 5668 .

643 5677 760 5758 (7U
791 5677 1180 5759 Γρίξμμίὶτιιῖν.
1212 5688 1302 5759 Sic
1333 5677 1523 5740 oni'ues
1556 5691 1675 5745 libri
1708 5693 1836 5747 editi
1862 5702 1916 5749 et
1949 5709 2142 5749 manu-

570 5753 783 5817 scripti.
808 5753 1036 5808 (inlutus
1077 5756 1336 5821 malebat,
1373 5762 1739 5831 πραγμάτων.

2329 5267 2678 5348 (72)-.(ὶοιίοκ,
2707 5273 2890 5348 Reg.,_
2918 5273 3264 5348 ἀπεκρίνετο.
3306 5276 3474 5333 Paulo
3517 5287 3655 5348 post
3686 5277 3846 5348 idem.

2256 5339 2383 5423 ἐστι]
2422 5339 2766 5423 ἔμπροσθεν.
2793 5339 2980 5423 Ilias,
3019 5339 3238 5423 sardos;
3295 5339 3638 5423 ἔμπροσθεν.
3706 5347 3849 5404 Infra

2257 5413 2411 5489 idem
2426 5413 2595 5489 codex
2637 5416 2802 5489 Κυθη-
2828 5415 2982 5469 οὐδὲν
3007 5413 3354 5489 ἀπεκρίνετο.

2328 5484 2440 5561 (ἶεῖ)
2483 5486 2536 5561 lu
2565 5488 2752 5561 codice
2788 5487 2954 5552 [testo
2986 5487 3135 5542 dce“
3159 5484 3287 5561 75‘9'

2327 5555 2441 5619 (7t)
2484 5556 2807 5622 Διστάσας,
2853 5570 2998 5611 recte
3049 5555 3247 5614 omnes"
3291 5561 3450 5616 codd.
3504 5575 3654 5616 mss.
3711 5557 3850 5615 Male

2256 5636 2384 5675 vero
2413 5625 2776 5691 "(cst-hellus,
2801 5627 3116 5692 διαστάσας.

2303 5695 2585 5776 ,(ἷὸλῐςςιξ
2625 5698 2750 5776 ηιξ,
2795 5698 2874 5763 ὡς
2928 5699 3212 5769 ἐπιφέρει.
3256 5699 3400 5772 Lego
3451 5717 3579 5758 cum
3624 5699 3851 5766 Guieto,

2255 5767 2362 5818 κὰκ
2386 5767 2477 5818 τοῦ
2512 5767 2540 5818 ὃ
2570 5768 2835 5838 ἐπιςέρει.
