3996 6528
325 380 437 433 073

1418 422 1432 436 .
1521 378 1798 434 CONTRA
1831 376 2113 433 CELSUM
2151 375 2276 429 LIB.
2314 373 2354 430 Ι.

3479 375 3578 430 ϐτί

324 515 400 567 γη
410 515 492 560 σις
538 498 644 550 τῶν
673 499 730 552 ἐν
774 500 886 562 τοῖς
928 499 1231 569 προφήταις
1267 498 1622 568 αἰνιγμάτων,
1668 495 1761 549 καὶ
1805 495 1915 548 τῶν

2023 507 2138 544 rum
2179 490 2230 544 id
2260 501 2430 559 genus
2473 500 2593 555 quae
2624 484 2850 554 ﬁgurate
2883 494 3029 553 gesta
3063 486 3142 539 vel
3177 487 3384 540 saucita
3433 499 3582 548 sunt.

328 589 387 639 ἐν
417 589 531 648 τοῖς
566 585 915 655 Εὐάγγελίοις
965 586 1306 657 παραϐολῶν,
1364 587 1458 639 καὶ
1501 586 1673 639 ἀλλων
1706 585 1912 656 μυρίων

332 679 680 749 συμϐολικῶς
720 679 1160 750 γεγενημένωνῆ
1201 677 1722 749 νενομοθετημένων.
1765 677 1826 728 Ei
1857 676 1912 728 δὲ

328 771 476 826 τοῦτ’
506 773 806 843 ἀμήχανον,
950 771 1044 840 μὲν
1083 770 1170 822 διὰ
1201 769 1300 832 τὰς
1349 768 1442 822 τοῦ
1483 768 1598 838 βίου
1647 769 1910 837 ἀνάγκας,

330 865 414 936 πὴ
443 865 499 918 δὲ
535 866 628 917 καὶ
658 863 744 916 διὰ
780 864 880 933 τὴν
908 862 1014 914 τῶν
1044 861 1342 932 ἀνθρώπων
1374 861 1676 922 ἀσθένειαν,
1708 860 1912 928 σφόδρα

333 958 532 1026 ὀλίγων
565 957 655 1008 ἐπὶ
698 957 787 1008 τὸν
817 956 972 1024 λόγον
1009 955 1272 1024 ᾁττόντων
1303 970 1315 982 °
1349 953 1477 1004 ποία
1518 951 1582 1004 ἂν
1624 951 1756 1020 ἄλλη
1793 950 1912 1020 βελ-

334 1051 468 1102 τίων
511 1049 732 1120 μέθοδος
778 1049 913 1120 πρὸς
938 1047 998 1100 τὸ
1031 1050 1144 1109 τοῖς
1194 1046 1405 1108 πολλοῖς
1455 1045 1713 1115 βοηθῆσαι
1760 1045 1913 1115 εὑρε-

337 1139 458 1208 θείη
493 1138 592 1206 τῆς
623 1137 731 1191 ἀπὸ
761 1137 854 1190 τοῦ
901 1136 1072 1206 Ἰησοῦ
1111 1138 1224 1198 τοῖς
1255 1134 1429 1187 ἔθνεσι
1482 1134 1909 1206 παραδοθείσης;

333 1234 450 1285 Καὶ
509 1231 893 1302 πυνθανόμεθα
921 1249 982 1300 γε
1015 1229 1257 1300 περὶτοῦ
1432 1228 1668 1299 πλήθους
1693 1227 1801 1280 τῶν
1833 1245 1915 1278 πι-

336 1323 769 1392 στευόντων,τὴν
799 1322 999 1392 πολλὴν
1015 1320 1166 1391 χύσιν
1190 1319 1289 1389 τῆς
1319 1318 1516 1381 κακίας
1539 1314 1909 1386 ἀποθεμένων,

331 1415 394 1465 ἐν
500 1413 762 1485 πρότερον
811 1411 1212 1466 ἐκαλινδοῦντο·
1249 1411 1475 1482 πότερον
1515 1410 1722 1482 βέλτιόν
1768 1411 1914 1462 ἐστιν

334 1503 523 1564 αὐτοῖς
575 1503 781 1570 ἀλόγως
815 1501 1125 1554 πιστεύουσι
1169 1499 1530 1554 κατεστάλθαι
1565 1516 1680 1561 πως
1711 1499 1780 1552 τά
1809 1500 1911 1569 ἤθη

333 1597 433 1649 καὶ
456 1595 788 1665 ὠφελῆσθαι,
831 1594 919 1646 διὰ
953 1594 1050 1665 τὴν
1083 1594 1208 1665 περὶ
1249 1594 1357 1646 τῶν
1409 1592 1779 1662 κολαζομένων
1824 1593 1914 1646 ἐπὶ

332 1685 638 1756 ἁμαρτίαις
669 1686 761 1737 καὶ
794 1684 1115 1755 τιμωμένων
1162 1686 1253 1738 ἐπὶ
1292 1684 1471 1756 ἔργοις
1518 1684 1627 1755 (56)
1662 1687 1915 1755 χρηστοῖς

334 1777 545 1841 πίστιν,
639 1778 713 1848 μὴ
741 1776 1056 1848 προσίεσθαι
1089 1776 1266 1828 αὐτῶν
1298 1775 1393 1846 τὴν
1417 1775 1745 1846 ἐπιστροφὴν
1780 1774 1914 1845 μετά

334 1861 507 1934 ψιλῆς
559 1863 812 1928 πίστεως,
845 1864 949 1927 ἓως
982 1863 1046 1916 ἂν
1097 1863 1349 1917 ἐπιδῶσιν
1396 1865 1619 1927 ἑαυτοὺς
1673 1864 1915 1930 ἐξετάσει

333 1955 552 2024 λόγων;
580 1956 830 2027 Φανερῶς
858 1957 964 2026 γὰρ
999 1957 1047 2008 οἱ
1083 1955 1281 2018 πάντες
1306 1957 1433 2026 παρ’
1461 1954 1770 2024 ἐλαχίστους
1795 1955 1916 2008 οὐδέ

332 2048 504 2101 τοῦτο
539 2047 814 2117 λήψονται,
859 2049 992 2118 ὅπερ
1025 2047 1327 2117 εἰλήφασιν,
1363 2047 1426 2098 ἐκ
1471 2045 1563 2098 τοῦ
1603 2045 1787 2109 ἁπλῶς
1817 2062 1916 2098 πε-

335 2139 710 2202 πιστευκέναι,
742 2138 876 2191 ἀλλά
911 2139 1161 2210 μενοῦσιν
1197 2141 1255 2191 ἐν
1301 2138 1544 2209 κακίστῳ
1583 2137 1699 2208 βίῳ.
1744 2137 1916 2210 Εἴπερ

337 2233 458 2300 Γόῖ)
475 2228 565 2284 οὖν
581 2231 704 2284 ἄλλο
719 2247 772 2282 τι
790 2230 1280 2284 κατασκευαστικόν
1293 2230 1406 2282 ἐστι
1418 2229 1534 2295 τοῦ,
1549 2229 1608 2281 τὸ
1626 2228 1920 2300 φιλάνθρω-

337 2341 446 2376 πον
474 2322 568 2376 τοῦ
589 2323 745 2391 λόγου
770 2322 867 2374 οὐκ
890 2321 1038 2375 ἀθεεὶ
1064 2321 1141 2392 τῷ
1168 2323 1264 2393 βίῳ
1288 2322 1394 2374 τῶν
1420 2320 1512 2375 ἀνθ
1522 2321 1715 2392 ρώπων
1740 2320 1918 2373 ἐπιδε-

334 2415 666 2484 δημηκέναι,
711 2415 804 2467 καὶ
844 2412 985 2465 τοῦτ’
1027 2414 1209 2476 αὐτοῖς
1257 2411 1813 2483 συγκαταριθμητέον.
1859 2413 1916 2463 '0

338 2485 456 2576 γὰρ
493 2505 716 2575 εὐσεϐὴς
767 2504 887 2556 οὐδὲ
933 2503 1196 2574 σωμάτων
1246 2503 1445 2574 ίατρδν,
1482 2502 1708 2566 πολλοὺς
1740 2503 1830 2554 ἐπὶ
1858 2502 1918 2553 τὸ

345 2596 557 2662 βέλτιον
588 2596 872 2658 νοσοῦντας
917 2595 1211 2663 ἀγαγόντα,
1245 2596 1485 2666 οἰήσεται
1537 2592 1684 2646 ἀθεεὶ
1729 2592 1916 2644 πόλεσι

345 2679 445 2734 καὶ
479 2680 652 2733 ἔθνεσι
691 2681 975 2750 ἐπιδημεῖν
995 2699 1008 2711 ο
1045 2683 1196 2735 οὐδὲν
1236 2682 1343 2752 γὰρ
1371 2681 1604 2752 χρηστὸν
1632 2683 1688 2734 ἐν
1720 2680 1921 2752 ἀνθρὼ-

344 2789 477 2836 ποις
511 2772 659 2826 ἀθεεὶ
705 2775 967 2843 γίγνεται.
1010 2775 1071 2826 Et
1110 2773 1216 2825 δέὁ
1265 2771 1473 2824 πολλῶν
1503 2776 1728 2842 σώματα
1769 2771 1921 2843 θερα-

341 2863 574 2928 πεύσας,
609 2865 642 2935 ἦ
670 2867 768 2919 ἐπὶ
800 2867 859 2919 τὸ
888 2865 1092 2935 βέλτιον
1125 2863 1474 2935 προαγαγὼν,
1513 2864 1612 2916 οὐκ
1644 2862 1792 2916 ἀθεεὶ
1832 2862 1920 2914 θε-

343 2953 610 3022 ραπεύεῐο
647 2955 798 3026 πόσῳ
841 2955 999 3008 πλέον
1048 2955 1077 3006 ὁ
1122 2951 1328 3007 πολλῶν
1353 2951 1527 3022 ψυχὰς
1559 2951 1917 3023 θεραπεύσας,

343 3043 443 3094 καὶ
467 3045 819 3114 ἐπιστρέψας,
850 3045 941 3098 καὶ
978 3044 1290 3115 βελτιώσας,
1347 3045 1440 3097 καὶ
1467 3045 1787 3116 ἀπαρτήσας
1808 3043 1918 3112 (58)

2013 577 2177 648 328
2207 574 2541 645 explanatio.
2573 572 2629 628 Si
2659 579 2836 625 autem
2879 571 2930 625 id
2963 574 3031 627 ab
3059 573 3371 630 hominibus
3412 577 3583 645 impe.

2015 669 2144 722 trari
2181 666 2387 734 nequit,
2427 665 2542 718 sive
2581 673 2804 732 propter
2844 661 3007 731 hujus
3039 663 3160 716 vita:
3206 666 3580 730 necessitates,

2014 761 2130 814 sive
2184 768 2400 830 propter
2442 771 2628 812 eorum
2675 754 3085 819 inﬁrmitatem,
3141 771 3262 825 qua:
3314 758 3365 810 in
3415 772 3580 811 causa

2012 858 2158 912 sunt,
2191 862 2289 901 cur
2340 845 2590 916 perpauci
2644 842 2767 896 huic
2802 857 2860 897 se
2892 843 3070 896 stmlio
3105 846 3307 898 dedant
3343 861 3358 903 :
3399 860 3585 915 ecqua:

2015 938 2154 992 ratio
2189 938 2376 1006 majori
2411 937 2686 990 hominum
2720 939 2858 1004 parti
2887 937 3242 991 subveniendi
3280 939 3580 1008 excogitari

2014 1039 2196 1100 potest
2230 1045 2294 1085 ea
2327 1029 2683 1092 commodior,
2734 1043 2891 1096 quam
2926 1028 3082 1083 Jesus
3125 1029 3380 1098 gentibus
3413 1031 3580 1084 tradi-

2013 1126 2127 1179 dit?
2160 1122 2294 1177 Nam
2334 1123 2678 1177 sciscitemur
2701 1124 2768 1174 ab
2797 1138 2984 1176 eorum
3009 1122 3101 1191 qui
3132 1123 3358 1176 credunt
3394 1122 3578 1176 multi-

2018 1215 2222 1280 tudine,
2259 1213 2459 1282 quique
2485 1221 2831 1282 peccatorum
2866 1215 3071 1277 sordes,
3099 1214 3150 1266 iu
3185 1213 3382 1282 quibus
3413 1224 3576 1267 antea

2014 1305 2417 1371 volutabantur,
2466 1304 2737 1364 eluerqu,
2783 1312 2962 1358 utrum
3011 1306 3081 1359 sit
3117 1305 3224 1358 illis
3272 1307 3586 1359 conducibi-

2014 1395 2141 1461 lius,
2179 1397 2299 1450 siue
2330 1397 2581 1450 examine
2609 1396 2924 1456 credidisse,
2961 1405 3014 1450 et
3063 1398 3334 1451 credendo
3375 1398 3585 1466 suppli-

2019 1487 2166 1542 cium
2219 1495 2439 1555 peccata
2487 1487 2812 1556 prmntiaque
2859 1487 3112 1539 virtutem
3173 1501 3410 1552 manere,
3461 1502 3586 1541 cor-

2029 1579 2234 1631 rexisse
2264 1591 2467 1635 morcs:
2524 1591 2591 1629 an
2632 1587 2812 1644 spreta
2867 1577 2970 1630 ﬁde
3018 1575 3274 1644 simplici,
3315 1592 3419 1630 non
3461 1587 3586 1631 ante

2023 1669 2168 1722 illam
2220 1682 2426 1720 morum
2495 1667 2923 1720 emendationem
2992 1667 3230 1735 aggredi,
3276 1684 3436 1734 quam
3489 1668 3586 1722 do-

2017 1761 2207 1815 ctriuze
2268 1759 2528 1828 principia
2560 1761 2774 1826 penitus
2820 1759 3305 1827 investigaveriut?
3365 1758 3586 1813 Manife-

2018 1865 2156 1908 stum
2186 1861 2292 1913 est.
2328 1851 2614 1922 perpaucis
2641 1850 2902 1917 exceptis,
2933 1849 3168 1917 reliquos
3193 1864 3258 1903 ne
3285 1849 3335 1902 id
3368 1850 3584 1918 quidem

2018 1955 2386 2006 assecuturos,
2417 1943 2558 2012 quod
2605 1941 2694 1995 alii
2728 1941 2956 2008 simplici
2997 1942 3100 1996 ﬁde
3130 1943 3408 1997 consecuti
3435 1952 3583 2004 sunt,

2018 2040 2111 2093 sed
2159 2038 2213 2092 in
2258 2037 2669 2106 corruptissima
2717 2051 2813 2090 sua
2859 2036 2970 2088 vita
3013 2049 3384 2088 remansuros.
3438 2033 3586 2099 Quo-

2021 2131 2169 2185 circa
2199 2129 2338 2183 inter
2363 2137 2681 2198 argumenta
2710 2127 2907 2195 quibus
2937 2134 3151 2179 constat
3182 2132 3289 2178 tam
3317 2125 3586 2180 salubrem

2021 2220 2334 2278 hominibus
2381 2219 2684 2274 doctrinam
2739 2217 2849 2273 Deo
2895 2227 3118 2272 auctore
3173 2219 3239 2272 ad
3273 2233 3368 2272 eos
3399 2231 3590 2287 perve~

2019 2317 2204 2377 nisse;
2257 2311 2380 2376 hoc,
2431 2311 2476 2365 si
2527 2311 2669 2379 quod
2727 2310 2894 2376 aliud,
2940 2309 3112 2363 locum
3152 2308 3352 2364 habere
3398 2309 3584 2364 debet.

2021 2403 2152 2458 Nam
2199 2418 2264 2457 ne
2319 2402 2584 2456 medicum
2628 2400 2844 2470 quidem
2877 2414 3184 2470 corporum,
3237 2401 3326 2469 qui
3380 2400 3580 2456 multos

2023 2495 2074 2548 in
2125 2493 2404 2548 meliorem
2447 2501 2646 2546 statum
2702 2491 3040 2556 restituerit,
3087 2491 3445 2545 arbitrabitur
3499 2492 3588 2546 vir

2025 2586 2145 2654 pius
2171 2584 2238 2638 ad
2282 2583 2446 2636 urbes
2481 2591 2535 2635 et
2564 2589 2754 2652 gentes
2799 2581 3082 2635 advenisse
3123 2581 3240 2633 sine
3275 2581 3365 2634 Dei
3408 2581 3587 2650 provi-

2021 2677 2224 2739 dentia,
2271 2689 2373 2744 qua
2422 2675 2541 2728 sine
2572 2673 2703 2727 nihil
2751 2673 3058 2726 hominibus
3109 2671 3375 2740 contingit
3424 2671 3574 2726 boui.

2020 2769 2140 2823 Jam
2190 2783 2321 2822 vero
2353 2767 2398 2821 si
2447 2766 2539 2836 qui
2576 2781 2803 2834 corpora
2851 2765 3142 2819 multorum
3185 2773 3342 2817 sanat
3383 2773 3476 2818 aut
3520 2765 3587 2818 ad

2027 2860 2308 2914 meliorem
2342 2869 2538 2913 statum
2569 2857 2796 2923 reducit,
2833 2857 2879 2911 is
2916 2855 3051 2910 nihil
3081 2857 3272 2909 horum
3320 2853 3447 2909 facit
3471 2857 3593 2919 sine

2021 2951 2199 3004 divina
2231 2965 2368 3020 Ope;
2396 2959 2599 3019 quanto
2633 2949 2812 3018 magis
2844 2948 2895 3002 id
2932 2948 3113 3002 dicere
3136 2947 3201 3002 de
3238 2946 3327 3001 illo
3355 2952 3591 3015 Oportet,

2024 3044 2115 3111 qui
2176 3043 2463 3096 multorum
2535 3042 2746 3094 animas
2813 3040 3110 3103 convertit,
3177 3039 3241 3093 ad
3310 3039 3590 3094 meliorem

342 3131 518 3194 αὐτάς
557 3132 690 3187 Θεοῦ
714 3135 807 3188 τοῦ
839 3136 928 3187 ἐπὶ
964 3137 1117 3198 πᾶσι,
1147 3137 1241 3188 καὶ
1270 3134 1484 3201 διδάξας
1519 3136 1695 3188 πᾶσαν
1724 3133 1918 3204 πρᾶξιν

2023 3135 2229 3201 frugem
2270 3145 2510 3196 revocat,
2563 3133 2654 3201 qui
2715 3133 2869 3187 docet
2904 3145 3036 3186 suas
3068 3144 3259 3184 omnes
3301 3145 3330 3182 a
3373 3143 3590 3183 summo

346 3221 638 3293 ἀναφέρειν
671 3224 762 3276 ἐπὶ
789 3225 887 3295 τὴν
929 3225 1136 3278 ἐκείνου
1180 3227 1488 3297 ἀρέσκειαν,
1521 3227 1613 3279 καὶ
1654 3225 1809 3280 πάντ’
1837 3227 1920 3278 ἐκ·

346 3313 572 3378 κλίνειν,
611 3315 690 3367 ὃσ⁹
725 3315 1008 3387 ἀπάρεστά
1038 3317 1152 3368 ἐστι
1193 3315 1330 3385 Θεῷ,
1355 3317 1446 3368 καὶ
1476 3315 1635 3387 μέχρι
1675 3315 1768 3368 τοῦ
1806 3315 1922 3367 ἐλα-

347 3404 536 3474 χίστου
584 3405 690 3458 τῶν
721 3406 1050 3476 λεγομένων,
1097 3406 1130 3477 ἢ
1173 3405 1645 3478 πραττομένων,ή
1695 3407 1789 3460 καὶ
1842 3406 1921 3468 είς

347 3495 648 3567 ἐνθύμησιν
677 3496 1005 3568 ἐρχομένων.

420 3669 556 3738 Εἶτ’,
584 3675 705 3726 ἐπεὶ
725 3674 792 3727 τά
820 3674 944 3741 περὶ
963 3673 1062 3743 τῆς
1089 3674 1320 3737 πίστεως
1353 3673 1655 3746 θρυλλοῦσι,
1683 3674 1920 3740 λεκτέον,

348 3768 432 3822 ὅτι
466 3769 624 3838 ἡμεῖς
661 3768 777 3838 μὲν,
811 3767 1322 3840 παραλαμϐάνοντες
1350 3769 1520 3839 αὐτὴν
1557 3768 1632 3830 ὡς
1656 3769 1923 3838 χρήσιμον

349 3860 467 3920 τοῖς
483 3857 714 3920 πολλοῖς,
729 3857 1091 3928 ὁμολογοῦμεν
1113 3858 1380 3912 διδάσκειν
1409 3859 1681 3912 πιστεύειν
1698 3861 1786 3912 καὶ
1802 3859 1925 3914 ἀλό-

349 3965 467 4017 γως
479 3948 604 4010 τοὺς
623 3947 698 4018 μὴ
717 3947 1039 4018 δυναμένους
1061 3949 1235 4001 πάντα
1253 3949 1587 4013 καταλιπεῖν,
1601 3952 1693 4004 καὶ
1705 3951 1925 4004 ἀκολου-

351 4040 467 4092 θεῖν
481 4037 721 4103 ἐξετάσει
738 4039 914 4108 λὸγουο
940 4042 1133 4092 ἐκεῖνοι
1153 4039 1228 4101 δὲ,
1245 4039 1399 4094 τοῦτο
1423 4040 1495 4113 μὴ
1520 4041 1923 4112 ὁμολογοῦντες,

352 4135 466 4194 τοῖς
497 4132 678 4202 ἔργοις
718 4131 847 4185 αὐτὸ
882 4131 1109 4184 ποιοῦσι.
1156 4131 1249 4196 Τίς
1293 4133 1420 4206 γὰρ,
1469 4138 1798 4208 προτραπεὶς
1835 4138 1926 4190 ἐπὶ

353 4224 673 4293 φιλοσοφίαν
705 4223 834 4294 (59),
867 4225 958 4276 καὶ
996 4225 1457 4297 ἀποκληρωτικῶς
1493 4226 1583 4280 ἐπί
1625 4245 1743 4282 τινα
1787 4228 1929 4299 αἴρε-

355 4335 442 4370 σιν
469 4317 656 4370 ἐαυτὸν
693 4315 993 4384 φιλοσόφων
1047 4317 1206 4388 ῥίψας
1228 4357 1243 4380 ,
1270 4319 1302 4388 ἢ
1344 4317 1420 4389 τῷ
1439 4319 1796 4391 εὐπορηκέναι
1818 4319 1924 4390 (40)

352 4409 558 4462 τοιοῦδε
591 4407 930 4471 διδασκάλου,
963 4410 1135 4474 ἄλλως
1179 4411 1270 4463 ἐπὶ
1315 4409 1473 4463 τοῦτο
1519 4410 1735 4482 ἔρχεται
1773 4411 1804 4482 ἢ
1851 4410 1927 4480 τῷ

2023 3223 2132 3276 Deo
2193 3235 2484 3291 suSpensas
2553 3223 2754 3277 habere
2822 3223 2944 3276 vitae
3008 3221 3280 3283 rationes,
3345 3236 3408 3275 ex
3471 3223 3591 3290 ejus

2022 3313 2293 3366 voluntate
2351 3311 2532 3367 omnia
2607 3314 2822 3375 metiri,
2881 3322 2936 3366 et
3007 3313 3187 3364 omnia
3257 3311 3446 3382 fugere
3487 3315 3582 3366 ‘vel

2023 3404 2243 3456 minima
2294 3405 2458 3470 dicta,
2507 3404 2668 3472 faeta,
2713 3403 2970 3474 cogitata,
3003 3419 3122 3472 qua:
3170 3403 3243 3456 illi
3292 3402 3584 3472 displicere

2021 3509 2270 3564 possunt.

2095 3679 2182 3734 10.
2224 3679 2370 3733 Illam
2407 3680 2568 3750 igitur
2613 3679 2732 3734 sine
2781 3677 3032 3733 examine
3061 3677 3216 3731 ﬁdem
3263 3677 3331 3732 de
3374 3690 3480 3745 qua
3511 3687 3589 3731 tot

2023 3771 2209 3825 turbas
2245 3781 2434 3839 agunt,
2487 3771 2695 3840 experti
2755 3785 2916 3838 quam
2972 3769 3042 3823 sit
3092 3769 3362 3838 plerisque
3415 3768 3586 3831 utiiis,

2025 3860 2257 3915 fatemur
2303 3880 2332 3915 a
2388 3863 2543 3917 nobis
2583 3861 2954 3917 commendari
3007 3859 3238 3929 iishqui
3277 3859 3592 3928 relinquere

2026 3953 2238 4023 negotia
2269 3953 2450 4008 omnia
2499 3968 2604 4007 non
2651 3959 2896 4021 possunt,
2944 3961 3005 4004 ut
3044 3965 3102 4004 se
3152 3959 3291 4004 totos
3335 3964 3590 4018 perscru-

2027 4047 2203 4101 tanda}
2235 4046 2492 4100 doctrina:
2524 4047 2757 4099 tradant.
2798 4043 2872 4096 llli
2917 4053 3117 4114 autem,
3147 4055 3458 4112 quanquam
3505 4039 3583 4092 [ι-

2027 4141 2126 4193 teri
2164 4138 2510 4203 erubescunt,
2549 4137 2686 4189 idem
2727 4134 2936 4190 faciunt
2970 4145 3176 4187 tamen.
3209 4133 3342 4185 Nam
3372 4131 3494 4201 quis
3521 4133 3589 4184 ad

2031 4229 2383 4299 pltilOSOphiae
2416 4227 2652 4282 studium
2689 4226 2942 4280 incitatus
2974 4233 3030 4278 et
3058 4223 3111 4276 in
3140 4222 3376 4292 aliquam
3418 4220 3591 4290 philo-

2028 4323 2319 4391 50pliorum
2357 4330 2558 4373 sectam
2590 4327 2684 4372 aut
2733 4327 2882 4372 sorte
2912 4325 3004 4369 aut
3032 4317 3172 4382 quod
3197 4315 3248 4368 iu
3285 4313 3445 4368 talem
3479 4327 3592 4366 ma-

2033 4415 2261 4481 gistrum
2298 4411 2509 4472 incidit,
2540 4425 2598 4464 se
2622 4409 2940 4475 eouiiciens,
2975 4406 3132 4459 aliter
3155 4404 3219 4458 ad
3253 4419 3372 4458 eam
3400 4418 3462 4458 se
3495 4418 3590 4472 ap-

354 4501 631 4554 πιστεύειν
661 4501 758 4572 τὴν
787 4501 996 4570 αἵρεσιν
1038 4501 1251 4570 ἐκείνην
1303 4500 1581 4572 κρείττονα
1625 4497 1798 4565 εἷναι;
1845 4502 1918 4554 Οὐ

2026 4504 2207 4570 plicat,
2240 4517 2400 4570 quam
2431 4501 2555 4570 quia
2595 4501 2744 4554 illam
2769 4498 2939 4553 credit
2968 4497 3192 4564 reliquis
3239 4492 3587 4562 prmstantio-

353 4594 465 4665 γὰρ
490 4594 810 4664 περιμείνας
839 4593 1066 4646 ἀκοῦσαι
1097 4590 1223 4655 τοὺς
1263 4593 1476 4646 πάντων
1509 4592 1809 4663 φιλοσόφων
1837 4593 1923 4646 λό-

349 4702 506 4755 γους.
538 4686 632 4738 καὶ
659 4684 765 4736 τῶν
792 4684 1060 4756 διαφόρων
1087 4683 1365 4753 αἱρέσεων,
1384 4683 1476 4736 καὶ
1498 4685 1593 4753 τὴν
1615 4684 1922 4756 ἀνατροπὴν

430 4910 542 4979 (55)
584 4910 744 4980 Lego,
772 4906 1255 4980 ﬂ'JVOaAVtiitLEQC'lAYE
1284 4907 1432 4980 παρά
1461 4907 1574 4971 τοῦ,
1599 4917 1700 4980 etc.

349 5049 378 5104 ε
428 4977 539 5051 (56)
581 4977 821 5045 Philoc.,
865 4978 948 5046 ἐφ’
992 4977 1284 5048 ἁμαρτίαις
1328 4978 1422 5029 καὶ
1467 4977 1792 5048 τιμωμένων
1841 4979 1926 5029 ἐπ’

384 5067 559 5104 ογοις.

383 5067 809 5206 Philoc.,
858 5121 915 5172 ἐν
953 5119 1195 5187 κακίστῳ
1217 5117 1317 5189 βίῳ
1345 5117 1423 5189 τῷ
1463 5115 1571 5170 τῶν
1605 5114 1926 5187 ἀνθρώπων.

402 5207 487 5242 ιπε

586 5259 661 5314 lta
715 5258 1024 5327 Spencerus
1077 5269 1130 5312 et
1176 5258 1341 5329 codex
1386 5255 1662 5329 rJoliauus.
1709 5252 1923 5329 Reliqui

351 5323 478 5384 eum
527 5323 840 5385 Hmschelio
895 5339 948 5382 et
989 5327 1318 5391 Philocalia,
1372 5323 1926 5396 dvaptﬁsaq._Paulo

354 5401 496 5452 infra
531 5415 722 5454 omnes
761 5399 916 5453 codd.
947 5415 1074 5450 mss.
1110 5408 1164 5450 et
1201 5397 1330 5450 libb.
1374 5393 1500 5450 editi
1528 5393 1606 5448 δέκ’
1632 5393 1924 5464 ἀπάρεστά

355 5473 462 5522 είσι
507 5470 626 5539 Θεῷ
661 5470 820 5542 μέχρι
846 5467 939 5520 τοῦ
971 5467 1270 5538 ἐλαχίστου.
1305 5465 1595 5520 Philocalia
1642 5473 1699 5517 ut
1727 5465 1778 5516 in
1821 5481 1920 5517 uo-

357 5549 680 5679 Str(%$;2x¥t!é
706 5609 836 5680 γὰρ,
863 5607 1218 5680 προτραπεὶς
1255 5605 1354 5658 ἐπὶ
1398 5568 1782 5680 φιλοσοςέίαν,
1813 5610 1917 5680 etc.

281 5688 290 5695 ’
361 5673 588 5744 Cicero,
650 5673 743 5732 lili.
775 5673 852 5733 ἰι
903 5673 1342 5729 ‘Acodemicurum
1401 5675 1772 5744 quwstjonum,
1819 5673 1920 5744 sub

362 5741 602 5814 initium,
639 5751 821 5804 eadem
857 5748 1246 5818 propemodum
1275 5741 1431 5818 docet
1461 5762 1473 5798 :
1513 5762 1530 5792 ι
1564 5741 1694 5818 Nam
1718 5743 1919 5818 caeleri

363 5811 597 5893 primum
642 5831 767 5873 ante
822 5811 1072 5874 tenentur
1117 5814 1349 5878 astricti,
1397 5829 1558 5883 quam
1604 5811 1730 5880 quid
1781 5820 1924 5864 esset

2028 4593 2176 4648 rem?
2219 4591 2402 4660 Neque
2447 4592 2610 4657 enim,
2647 4601 2705 4644 ut
2733 4589 3060 4650 Platonicus,
3094 4596 3186 4640 aut
3220 4584 3456 4650 Stoicus,
3490 4595 3583 4639 aut

2028 4684 2446 4753 Peripateticus,
2479 4693 2572 4736 aut
2619 4683 2912 4751 Epicureus
2955 4680 3128 4742 ﬁeret,
3161 4687 3253 4730 aut
3293 4676 3580 4746 cujuscun-

2035 4909 2294 4978 Optimum
2333 4907 2578 4975 judicare
2628 4911 2930 4978 potuerunt.
2977 4899 3178 4978 Deinde
3222 4899 3590 4978 inﬁrmissimo

2036 4970 2277 5048 tempore
2327 4970 2503 5032 aetatis
2551 4970 2644 5030 aut
2683 4972 2923 5048 obsecuti
2973 4971 3152 5048 amico
3201 4970 3588 5048 cuidatn._aut

2033 5040 2414 5115 una-alicujus
2464 5063 2622 5116 quem
2675 5044 2926 5116 primitur
2957 5040 3274 5116 audierunt,
3336 5040 3581 5094 oratione

2033 5118 2194 5187 capti,
2226 5119 2291 5172 de
2319 5109 2790 5187 rebus-incognitis
2813 5111 3076 5187 judicaut,
3105 5119 3158 5161 et
3187 5109 3253 5162 ad
3279 5123 3581 5187 quatucunf

2030 5179 2135 5256 que
2177 5179 2306 5240 Sunt
2339 5179 2674 5256 disciplinam
2719 5179 2876 5256 quasi
2921 5187 3233 5256 tempestate
3276 5179 3467 5244 delati,
3519 5179 3586 5230 ad

2030 5253 2146 5311 eam
2182 5267 2434 5322 tanquam
2465 5253 2529 5308 ad
2554 5253 3299 5322 saxumadhmrcscunﬁetc.
3336 5266 3355 5298 ι
3497 5273 3525 5322 _~

2099 5314 2337 5398 (40)-ῘἩΔ
2367 5324 2459 5398 τῷΔ
2492 5322 2916 5398 εῄπορηκέναι,
2968 5317 3240 5398 etc._.Sic.
3283 5326 3427 5396 recte
3479 5314 3587 5398 duo

2027 5384 2203 5450 codd.’
2225 5384 2486 5460 Vaticani,
2523 5384 2719 5459 Regius
2755 5403 2808 5446 et
2832 5392 2938 5445 duo
2965 5384 3266 5460 Anglicani,
3306 5386 3491 5453 sicque
3518 5387 3584 5437 ad

2027 5467 2321 5534 marginem
2371 5457 2570 5518 habent
2604 5457 2955 5534 'Hccschelius
2997 5467 3050 5534 et
3093 5457 3417 5534 ξραμερι-με,
3453 5470 3585 5534 quo-

2029 5522 2174 5590 rum"
2195 5535 2282 5588 ille
2312 5535 2362 5588 in
2411 5544 2560 5588 textu
2593 5532 2790 5600 pos'uit.
2829 5531 2919 5600 καὶ
2957 5525 3034 5600 τῷ
3077 5522 3589 5600 εὐπορηκέναι,·11ἰιι

2028 5621 2156 5658 vero
2187 5622 2308 5658 cunt
2357 5591 2684 5664 l’hilocal'ia,
2733 5599 2909 5653 καὶτὸ
2954 5591 3339 5667 εὖπορηκέναι.
3371 5591 3584 5667 ΔΙιήιίεξηι

2031 5675 2340 5736 Philoealia,
2377 5660 2717 5736 διδασκάλου,
2751 5669 2782 5735 ἢ
2819 5669 2917 5722 οὐκ
2949 5660 3118 5727 ἄλλως
3147 5660 3250 5718 ’ἐπὶ
3294 5662 3467 5732 τούτῳ
3498 5660 3588 5733 ἐρα

2029 5761 2198 5813 χεται.
