3962 6414
553 307 662 366 675

1995 297 2123 354 Olilt

2232 295 2322 352 us
2641 371 2650 378 ο
3695 303 3787 357 δτι

557 441 666 494 que
727 433 922 486 sectae,
987 419 1323 488 exspectavit
1391 421 1516 474 dum
1589 429 1684 474 aut
1748 427 1910 474 secta:
1973 435 2123 474 suam

2235 421 2332 489 μὲν
2373 421 2558 486 τῶνδε,
2622 425 2966 497 κατασκευὴν
3003 426 3058 480 δὲ
3100 425 3324 498 ἐτέρων,
3358 425 3532 489 οὕτως
3581 427 3789 496 αἱρεῖται

557 530 786 586 quaeque
827 513 1126 568 doctrinam
1171 512 1558 580 explicassent,
1589 519 1682 566 aut
1729 511 1955 566 rationis
2005 527 2128 564 mor

565 617 746 662 menta
778 607 976 676 quibus
1004 605 1248 673 quaedam
1299 604 1628 668 niterentur,
1661 603 1906 672 quaedam
1946 611 2125 656 autem

563 700 940 755 refellerentur
967 737 982 762 ,
1021 699 1282 752 audiisset
1321 715 1336 752 :
1382 695 1546 766 329
1597 697 1688 750 sed
1723 711 1867 750 caeco
1894 697 2127 763 quodam

563 791 789 858 impetu,
817 791 937 842 etsi
963 788 1120 843 lateri
1141 789 1192 842 id
1221 787 1414 852 nolim,
1443 787 1658 850 Stoicus,
1681 787 1912 850 exempli
1940 799 2125 848 causa,

561 881 794 934 adlnesit
819 888 1155 947 caeterasqne
1195 877 1378 944 rcjccit
1419 887 1514 931 aut
1549 876 1890 931 Platonicam
1927 886 1984 929 ut
2031 876 2128 929 hu-

559 974 850 1037 miliorem,
877 985 972 1028 aut
1019 973 1460 1044 Peripateticam,
1486 971 1610 1040 quia
1639 971 1708 1026 ad
1751 971 2017 1025 humanus
2048 967 2128 1022 af-

555 1065 732 1120 fectus
769 1064 1000 1118 nimium
1047 1080 1106 1120 se
1149 1064 1404 1128 demittit,
1450 1071 1504 1118 et
1547 1062 1665 1131 plus
1707 1077 1869 1131 quam
1918 1071 2128 1116 caaterau

555 1167 750 1226 sectae,
802 1157 1032 1212 candide
1079 1158 1316 1211 humana
1366 1157 1612 1226 agnoscit
1657 1157 1818 1210 bona.
1861 1155 1941 1208 Ac
1993 1170 2128 1209 non-

557 1247 728 1312 nulli,
775 1258 835 1302 ut
879 1250 1116 1318 primum
1169 1247 1528 1302 Providentiae
1587 1248 1790 1302 mentio
1835 1245 1978 1300 facta
2021 1255 2124 1310 est,

555 1337 859 1404 perturbati
895 1339 960 1394 iis
987 1355 1110 1408 qua:
1153 1340 1240 1393 hic
1279 1338 1464 1408 probis
1501 1337 1872 1406 improbisqne
1909 1335 2126 1390 contin-

553 1437 725 1499 gunt,
757 1445 1102 1500 praipropere
1147 1432 1198 1485 in
1241 1431 1379 1485 hanc
1421 1431 1612 1484 abiere
1639 1429 1966 1482 sententiam
2009 1443 2128 1495 qua:

557 1523 960 1579 Providentiam
993 1525 1153 1590 tollit,
1185 1525 1524 1593 Epicuroque
1553 1532 1606 1578 et
1637 1523 1794 1578 Celso
1825 1536 1882 1576 se
1906 1523 2126 1576 addixe-

557 1623 706 1670 ῐυΙΙι.

2231 509 2346 579 ἤτοι
2393 511 2646 576 Στωϊκὸς,
2692 513 2726 584 ἢ
2777 513 3140 579 Πλατωνικὸς,
3193 515 3226 584 ἢ
3279 513 3720 585 Περιπατητικὸς,
3761 513 3790 584 ἢ

2244 601 2612 672 Ἐπικούρειος
2639 601 2854 675 εἷναι,ῆ
2891 607 3079 670 ὁποίας
3105 607 3304 678 δήποτε
3333 607 3631 675 φιλοσόφων
3662 607 3794 676 αἱρέ-

2231 709 2397 756 σεως·
2454 694 2568 746 ἀλλ’
2613 696 2798 765 ἀλόγῳ
2846 699 2979 760 τινὶ,
3034 697 3134 750 κᾶν
3185 697 3262 768 μὴ
3319 697 3608 766 βούλωνται
3651 697 3793 750 τοῦτο

2229 785 2526 854 ὁμολογεῖν,
2563 789 2702 858 φορᾷ
2755 787 2966 858 ἔρχεται
3001 787 3108 858 (41)
3153 787 3247 840 ἐπὶ
3278 787 3338 838 τὸ
3383 787 3618 858 ἀσκῆσαι
3663 789 3791 858 (φέρ’

2229 875 2447 946 εἰπεῖν),
2489 877 2577 928 τὸν
2615 877 2851 930 Στωῖκὺν
2894 879 3070 946 λόγον,
3101 877 3414 931 καταλιπών
3447 897 3506 932 τε
3547 880 3666 942 τοὺς
3697 880 3794 932 λοι-

2229 967 2363 1031 πούς
2381 984 2396 1000 ο
2414 969 2445 1038 ἢ
2465 969 2553 1020 τὸν
2577 970 2922 1022 Πλατωνικὸν
2950 971 3390 1041 ὑπερφρονήσας,
3408 971 3484 1034 ὼς
3511 973 3794 1026 ταπεινότε-

2233 1077 2322 1131 ρον
2363 1059 2470 1112 τῶν
2511 1060 2702 1122 ἄλλων,
2737 1061 2769 1130 ἦ
2813 1061 2902 1113 τον
2931 1061 3384 1132 Περιπατητικὸν,
3417 1062 3493 1126 ὡς
3539 1063 3794 1134 ἀνθρωπι-

2231 1150 2466 1222 κώτερον
2524 1151 2663 1220 (42),
2723 1151 2818 1204 καὶ
2874 1151 3071 1221 μᾶλλον
3125 1152 3236 1204 τῶν
3291 1151 3492 1204 λοιπῶν
3547 1155 3794 1224 αἱρέσεων

2229 1241 2582 1310 εὐγνωμόνως
2611 1239 2976 1308 ὁμολογοῦντα
3007 1240 3076 1293 τά
3115 1239 3434 1311 ἀνθρώπινα
3468 1243 3666 1310 ἀγαθά.
3697 1245 3794 1298 Καὶ

2229 1333 2335 1386 ἀπὸ
2361 1332 2580 1404 πρώτης
2613 1333 2667 1385 δὲ
2697 1332 3000 1403 προσϐολῆς
3039 1333 3404 1404 ταραχθέντες
3439 1336 3584 1398 τινὲς
3619 1339 3694 1398 εἰς
3717 1338 3793 1390 τὸν

2231 1427 2356 1496 περὶ
2383 1425 2642 1498 Προνοίας
2667 1424 2844 1491 λόγον,
2883 1428 2945 1476 ὲκ
2975 1423 3078 1476 τῶν
3107 1425 3200 1478 ἐπὶ
3229 1425 3334 1494 γῆς
3353 1425 3656 1494 γενομένων
3679 1427 3796 1495 φαύ-

2227 1517 2337 1580 λοις
2355 1519 2448 1571 καὶ
2475 1517 2801 1580 σπουδαίοις,
2835 1516 3267 1587 προπετέστερον
3303 1517 3695 1583 συγκατέθεντο
3727 1521 3794 1589 τῷ

2231 1608 2494 1678 μηδαμῶς
2539 1605 2674 1661 εἷναι
2719 1609 3015 1679 Πρόνοιαν,
3073 1609 3166 1660 καὶ
3221 1606 3312 1659 τὸν
3349 1607 3670 1678 Ἐπικούρου
3715 1609 3794 1663 καὶ

2229 1699 2434 1752 Κέλσου
2463 1687 2665 1752 εἴλοντο
2695 1699 2872 1768 λόγον.

631 1797 722 1850 Η.
747 1795 892 1865 Ergo
921 1794 966 1849 si
1007 1795 1142 1848 ratio
1170 1793 1352 1850 docuit
1383 1793 1710 1848 credendum
1738 1805 1858 1847 esse
1883 1791 1974 1844 uni
2007 1790 2116 1844 cui-

2299 1792 2470 1860 Είπερ
2501 1786 2591 1842 οὖν
2620 1791 2700 1842 δεῖ
2729 1789 3022 1854 πιστεύειν,
3053 1789 3130 1852 ὡς
3165 1791 3194 1842 ὁ
3221 1788 3381 1858 λόγος
3431 1787 3685 1852 ἐδίδαξεν,
3725 1789 3794 1841 ἐνί

553 1888 702 1954 piam
739 1902 927 1941 eorum
959 1887 1050 1954 qui
1098 1897 1273 1940 sectas
1309 1886 1450 1956 apud
1499 1885 1721 1940 Graacos
1767 1893 1822 1939 et
1869 1886 2126 1938 barbaros

557 1980 910 2043 induxerunt,
945 1986 1150 2046 quanto
1179 1979 1352 2048 magis
1387 1979 1493 2030 Deo
1525 1990 1702 2030 rerum
1734 1975 1986 2028 onmium
2019 1974 2124 2028 Do-

555 2073 728 2137 mino,
759 2081 814 2125 et
843 2071 894 2124 ei
923 2070 1014 2138 qui
1045 2069 1204 2122 docet
1247 2069 1394 2122 hunc
1435 2067 1612 2122 solum
1641 2081 1762 2120 esse
1800 2065 2121 2130 colendum;

553 2173 752 2218 caetera
779 2177 910 2216 vero
943 2161 1286 2230 negligenda,
1315 2173 1436 2228 qua:
1467 2159 1551 2214 vel
1593 2173 1700 2212 non
1741 2169 1904 2222 sunt,
1953 2157 2034 2212 vel
2079 2157 2121 2210 si

553 2265 702 2318 sunt,
733 2254 940 2307 honore
965 2253 1180 2321 quidem
1213 2251 1374 2320 digna
1407 2259 1552 2312 sunt,
1582 2261 1638 2303 at
1681 2249 1880 2304 cultum
1909 2259 1964 2302 et
1991 2249 2121 2300 ado-

555 2347 820 2400 rationem
851 2359 954 2398 non
985 2351 1302 2408 merentur;
1333 2342 1400 2396 de
1445 2343 1642 2412 quibus
1669 2341 1758 2410 qui
1795 2357 1900 2394 non
1949 2339 2121 2393 solum

553 2438 750 2500 credit,
777 2437 872 2490 sed
897 2445 952 2488 ct
979 2435 1192 2489 ratione
1221 2451 1306 2489 res
1331 2435 1750 2504 contemplatur,
1775 2431 2012 2500 proferet
2032 2447 2124 2486 eas

553 2543 676 2597 qua:
714 2523 815 2582 sibi
843 2529 1212 2590 occurre-rint,
1247 2535 1300 2580 et
1344 2541 1481 2595 quas
1525 2535 1782 2579 accurata
1831 2524 2127 2592 investiga-

555 2621 702 2674 tione
726 2620 935 2674 eruerit
962 2618 1471 2673 demonstratioues.
1507 2615 1786 2684 Quomodo
1815 2615 1978 2685 igitur
2018 2615 2126 2670 Dco

551 2714 776 2766 credere
805 2727 913 2765 non
947 2712 1016 2764 sit
1045 2711 1238 2764 rationi
1261 2717 1688 2763 consentaneum
1721 2709 1910 2778 magis,
1941 2723 2062 2762 cum
2093 2723 2122 2762 a

553 2803 659 2856 title
691 2804 871 2856 omnia
905 2801 1144 2854 humana
1173 2799 1480 2870 pendeant?
1516 2799 1646 2866 Quis
1695 2801 1838 2854 enim
1889 2801 2122 2869 navigat,

551 2904 645 2946 aut
671 2909 891 2947 uxorem
925 2893 1095 2956 ducit,
1123 2901 1220 2946 aut
1269 2892 1458 2946 liberis
1489 2893 1582 2945 dat
1625 2905 1890 2961 Operam,
1932 2899 2026 2944 aut
2071 2893 2124 2946 in

553 2995 752 3038 terram
785 2985 990 3054 spargit
1027 2985 1256 3046 semina,
1292 2985 1420 3052 quin
1455 2985 1522 3038 ad
1567 2984 1682 3038 haec
1727 2985 1972 3039 facienda
2021 2984 2126 3038 ﬁde

2225 1900 2328 1935 τινι
2360 1881 2467 1934 τῶν
2497 1882 2736 1952 αἱρέσεις
2765 1881 3212 1952 εἰσηγησαμένων
3245 1884 3304 1932 ὲν
3333 1881 3590 1952 Ἕλλησιν
3611 1881 3644 1948 ἢ
3677 1881 3794 1951 βαρ-

2228 1973 2431 2044 ϐάροις·
2469 1973 2586 2036 πῶς
2617 1973 2738 2042 οὐχὶ
2777 1973 2974 2044 μᾶλλον
2997 1974 3074 2044 τῷ
3103 1975 3196 2026 ἐπὶ
3236 1977 3371 2028 πᾶσι
3401 1974 3524 2045 Θεῷ
3545 2015 3558 2038 ,
3595 1975 3684 2028 κα)⁵
3725 1975 3796 2046 τῷ

2225 2066 2524 2121 διδάσκοντι
2551 2065 2739 2118 τοῦτον
2771 2067 2930 2136 μόνον
2955 2067 3060 2138 (45)
3087 2067 3197 2120 δεῖν
3223 2067 3422 2130 σέϐειν,
3441 2067 3511 2120 τὰ
3542 2067 3598 2120 δὲ
3631 2067 3796 2131 λοιπὰ,

2225 2158 2341 2227 ἦτοι
2367 2157 2442 2220 ὡς
2471 2157 2544 2227 μὴ
2563 2158 2738 2228 ὅνταῆ
2759 2158 2834 2220 ὡς
2853 2158 3002 2222 ὄντα,
3027 2159 3124 2229 μὲν
3145 2159 3238 2212 καὶ
3257 2159 3422 2230 τιμῆς
3439 2159 3587 2224 ἄξια,
3611 2159 3668 2210 ού
3701 2159 3797 2228 μὴν

2227 2251 2317 2302 καὶ
2331 2251 2750 2320 προσκυνήσεως
2765 2252 2858 2303 καὶ
2873 2251 3416 2322 σεδασμού,παρορᾷν
3434 2269 3448 2316 ;
3467 2253 3596 2322 περὶ
3611 2245 3680 2304 ὧν
3693 2253 3718 2303 ὁ
3731 2251 3798 2320 μὴ

2227 2341 2494 2394 πιστεύων
2517 2343 2696 2413 μόνον,
2723 2341 2856 2395 ἀλλά
2880 2345 2972 2396 καὶ
2993 2343 3134 2414 λόγῳ
3157 2343 3378 2416 θεωρῶν
3397 2343 3469 2396 τὰ
3492 2346 3797 2414 πράγματα,

2226 2436 2340 2506 ἐρεῖ
2387 2434 2486 2497 τὰς
2535 2435 2948 2499 ύποπιπτούσας
2998 2436 3146 2506 αύτῷ
3177 2437 3272 2488 καὶ
3321 2435 3710 2506 εύρισκομένας
3739 2437 3800 2486 ὲκ

2227 2526 2317 2579 τοῦ
2351 2527 2493 2579 πάνυ
2521 2527 2702 2596 ζητεῖν
2729 2527 3049 2592 ἀποδείξεις
3077 2528 3200 2590 Πῶς
3223 2526 3266 2578 δ’
3295 2527 3397 2579 ούκ
3427 2525 3797 2594 εὐλογώτερον,

2227 2621 2442 2673 πάντων
2475 2619 2582 2672 τῶν
2613 2619 2966 2690 ἀνθρωπίνων
3009 2621 3242 2681 πίστεως
3286 2617 3636 2687 ἠρτημένων,
3665 2615 3799 2667 ὲκεί-

2226 2729 2330 2763 νων
2367 2711 2562 2781 μᾶλλον
2595 2713 2704 2784 (Η)
2735 2711 3008 2764 πιστεύειν
3033 2711 3110 2780 τῷ
3137 2709 3277 2780 Θεῷ;
3313 2709 3410 2772 Τίς
3438 2707 3550 2780 γὰρ
3593 2708 3736 2770 πλεῖ,
3769 2709 3798 2777 ἢ

2227 2805 2412 2873 γαμεῖ,
2445 2803 2476 2874 ἢ
2521 2803 2934 2866 παιδοποιεῖται,
2977 2803 3008 2872 ἣ
3048 2803 3228 2872 ῥίπτει
3273 2801 3342 2853 τὰ
3379 2801 3672 2872 σπέρματα
3713 2801 3803 2852 ἐπὶ

2225 2898 2325 2965 τὴν
2346 2897 2467 2966 γῆν,
2497 2897 2568 2966 μὴ
2586 2895 2653 2948 τά
2677 2897 2958 2968 κρείττονα
2973 2895 3236 2948 πιστεύων
3256 2894 3364 2962 (iii)
3381 2891 3798 2964 ἀπαντήσεσθαι,

2225 2987 2450 3040 δυνατοῦ
2481 2987 2631 3051 ὄντος
2663 2987 2757 3040 καὶ
2790 2987 2884 3040 τοῦ
2929 2987 3144 3040 ἐναντία
3191 2987 3484 3054 γενέσθαι,
3539 2987 3631 3038 καὶ
3665 2987 3804 3038 ἐστιν

555 3078 840 3131 meliorum
871 3077 1190 3141 adducatur,
1213 3078 1460 3145 quamvis
1485 3091 1640 3131 secus
1663 3078 1834 3145 possit
1853 3077 2122 3141 accidere,

2232 3079 2316 3131 ὅτε
2347 3080 2656 3150 γενομένου;
2707 3079 2841 3131 Ἀλλ’
2863 3079 3014 3149 ὅμως
3051 3081 3082 3148 ή
3128 3077 3375 3148 περὶτοῦ
3417 3079 3488 3130 τὰ
3537 3079 3802 3149 κρείττονα

551 3178 608 3221 et
649 3167 940 3236 aliquando
977 3169 1229 3222 accidat?
1261 3167 1401 3234 Quin
1451 3167 1542 3238 illa
1575 3168 1706 3222 ﬁdes
1753 3169 1974 3222 meliora
2003 3185 2124 3224 esse

550 3265 842 3323 eventura,
883 3257 1174 3324 omniaque
1209 3273 1274 3310 ex
1310 3267 1432 3310 voto
1481 3271 1804 3310 succcssura
1831 3297 1846 3322 ,
1893 3257 2022 3311 facit
2067 3267 2124 3310 ut

549 3348 811 3402 audacter
839 3349 1004 3401 etiam
1031 3363 1219 3402 omnes
1250 3351 1636 3418 aggrediantur
1665 3350 1905 3402 incertas
1953 3365 2038 3405 res
2071 3363 2126 3404 et

551 3436 706 3491 dubii
735 3438 934 3492 exitus.
965 3440 1033 3492 At
1067 3438 1110 3492 si
1143 3439 1192 3491 in
1223 3439 1367 3492 omni
1413 3439 1625 3492 actione
1661 3437 1813 3504 cujus
1860 3439 2122 3494 incertum

550 3539 636 3583 est
661 3531 784 3599 quis
812 3530 1022 3584 futurus
1051 3530 1122 3582 sit
1144 3530 1342 3592 exitus,
1377 3544 1500 3598 Spes
1525 3539 1580 3583 ct
1607 3531 1674 3584 dc
1717 3532 1912 3584 futuris
1943 3534 2124 3598 potior

553 3620 687 3676 fides
715 3623 878 3675 vitam
905 3623 1166 3686 continet,
1193 3637 1290 3676 cur
1313 3639 1418 3677 non
1449 3624 1842 3679 t‘ntiOttnbiliOt‘i
1869 3628 1933 3679 de
1959 3641 2122 3680 causa

551 3725 718 3778 quarti
745 3711 836 3778 qui
873 3710 955 3764 vel
991 3712 1160 3764 maria
1204 3713 1495 3780 navigant,
1537 3713 1618 3767 vel
1668 3723 1866 3767 terram
1913 3726 2120 3778 serunt,

555 3803 636 3856 vel
675 3817 904 3856 uxorem
943 3803 1184 3868 ducunt,
1230 3804 1551 3872 canet-isque
1599 3807 1826 3875 negotiis
1873 3807 2123 3860 humanis

555 3895 686 3946 dant
711 3909 952 3963 operam,
983 3895 1120 3948 hanc
1155 3894 1240 3948 ille
1273 3895 1432 3950 iidem
1467 3899 1822 3966 assumpserit
1874 3899 1964 3966 qui
2013 3900 2122 3953 Deo

557 4001 736 4041 rerum
759 3987 970 4041 illarum
999 3988 1240 4042 omnium
1273 3989 1452 4057 opiﬁci
1496 3989 1692 4056 credit,
1737 4003 1792 4045 et
1835 3991 1908 4044 illi
1941 3993 2032 4059 qui
2067 4003 2124 4045 ut

552 4079 805 4133 omnibus
830 4082 919 4148 qui
954 4081 1150 4149 ubique
1181 4091 1444 4134 terrarum
1479 4092 1607 4136 sunt
1641 4083 1958 4136 mortalibus
1984 4083 2124 4138 hanc

555 4172 856 4226 doctrinam
878 4172 1223 4242 pati-faceret,
1249 4175 1572 4242 praecedenti
1595 4177 1789 4230 mentis
1813 4177 2118 4242 altitudine,

553 4263 844 4333 divinaque
865 4265 1030 4318 animi
1051 4267 1420 4336 magnitudine
1441 4283 1650 4321 summa
1678 4269 1914 4337 pericula
1933 4273 2118 4336 subiit,

553 4363 608 4408 et
629 4370 723 4424 pro
747 4356 1057 4412 hominibus
1086 4369 1314 4412 mortem
1347 4361 1602 4429 Opinione
1629 4361 1770 4430 vulgi
1799 4362 2123 4429 ignominio-

2229 3171 2322 3225 καὶ
2355 3171 2422 3224 τὰ
2455 3173 2574 3224 κατ’
2609 3173 2773 3242 εὐχὴν
2801 3168 3210 3240 ἀπαντήσεσθαι
3239 3171 3424 3232 πίστις
3451 3171 3655 3240 τολμᾷν
3679 3169 3804 3222 παν-

2226 3281 2325 3326 τας
2357 3267 2502 3316 ποιεῖ
2521 3303 2534 3328 ,
2581 3265 2674 3316 καὶ
2703 3263 2794 3315 ὲπὶ
2821 3261 2890 3314 τὰ
2920 3261 3088 3332 ἄδηλα
3121 3262 3212 3313 καὶ
3244 3261 3448 3315 δυνατὰ
3473 3263 3645 3325 ἄλλως
3677 3279 3804 3332 συμ-

2227 3355 2406 3426 ϐῆναι.
2437 3355 2496 3406 Ei
2529 3355 2586 3406 δὲ
2613 3355 2820 3424 συνέχει
2847 3353 2936 3406 τὸν
2972 3353 3084 3424 βίον
3109 3355 3166 3404 ὲν
3197 3353 3346 3425 πάσῃ
3383 3355 3583 3425 πράξει
3614 3355 3800 3425 ἀδήλῳ,

2227 3450 2374 3510 ὅπως
2407 3447 2716 3517 ἐκϐήσεται,
2752 3450 2784 3517 ἡ
2819 3447 2973 3509 ἐλπὶς
3002 3446 3094 3498 καὶ
3131 3449 3163 3515 ἡ
3201 3448 3328 3518 περὶ
3361 3448 3472 3500 τῶν
3515 3447 3802 3518 μελλόντων

2227 3543 2564 3613 χρηστοτέρα
2593 3542 2788 3604 πίστις·
2819 3540 2936 3602 πῶς
2970 3541 3030 3592 ού
3064 3539 3264 3610 μᾶλλον
3289 3539 3428 3610 αὕτη
3459 3539 3804 3610 παραληφθή-

2230 3651 2374 3688 σεται
2399 3635 2632 3702 εὐλόγως
2647 3634 2725 3704 τῷ
2755 3633 3078 3694 πιστεύοντι,
3103 3634 3241 3700 ὑπὲρ
3257 3633 3355 3704 τὴν
3379 3633 3679 3704 πλεομένην
3701 3631 3801 3701 (£6)

2227 3727 2518 3788 θάλασσαν,
2554 3728 2644 3778 καὶ
2677 3727 2777 3795 γῆν
2803 3725 3186 3794 σπειρομένην,
3219 3726 3316 3777 καὶ
3345 3729 3580 3793 γυναῖκα
3617 3741 3804 3793 γαμού-

2228 3819 2416 3890 μένην,
2459 3819 2553 3872 καὶ
2605 3819 2674 3871 τὰ
2707 3819 2867 3871 λοιπά
2909 3822 2966 3870 ἐν
3015 3817 3322 3888 ἀνθρώποις
3374 3819 3691 3888 πράγματα,
3731 3815 3802 3885 τῷ

2225 3909 2395 3962 ταῦτα
2447 3910 2624 3963 πάντα
2675 3911 3134 3980 δημιουργήσαντι
3189 3909 3350 3978 Θεῷ,
3403 3910 3500 3962 καί
3553 3907 3630 3978 τῷ
3673 3906 3800 3978 μετά

2226 4003 2665 4073 ὑπερϐαλλούσης
2705 4002 3052 4072 μεγαλονοίας
3084 4003 3176 4054 καὶ
3223 4001 3373 4065 θείας
3407 3999 3804 4072 μεγαλοφροσύ-

2225 4113 2322 4166 νης
2353 4095 2682 4165 τολμήσαντι
2733 4095 2842 4164 (47)
2893 4095 3078 4147 τοῦτον
3129 4095 3218 4146 τὸν
3264 4093 3422 4161 λόγον
3463 4093 3800 4164 παραστῆσαι

2225 4193 2336 4251 τοῖς
2365 4189 2636 4258 πανταχοῦ
2671 4189 2766 4258 τῆς
2800 4189 3142 4258 οἰκουμένης,
3183 4187 3320 4258 μετά
3357 4187 3606 4258 μεγάλων
3635 4186 3802 4238 κινδύ-

2227 4299 2331 4336 νων
2366 4282 2460 4334 καὶ
2507 4281 2735 4333 θανάτου
2771 4280 3118 4350 νομιζομένου
3159 4280 3359 4350 ἀτίμου
3384 4321 3398 4345 ,
3445 4279 3480 4332 ἃ.
3523 4279 3800 4347 ὑπέμεινεν

2226 4374 2366 4443 ὑπὲρ
2391 4369 2712 4442 ἀνθρώπων,
2749 4370 2964 4436 διδάξας
3003 4369 3097 4422 καὶ⁸
3134 4371 3258 4432 τοὺς
3299 4367 3686 4440 ὑπηρετεῖσθαι
3737 4369 3798 4433 τῇ

552 4460 668 4500 sam
695 4449 941 4518 oppetiit,
973 4451 1172 4520 quique
1195 4453 1382 4506 docuit
1411 4470 1504 4508 eos
1533 4469 1668 4522 quos
1699 4455 1766 4508 ab
1815 4456 1968 4510 initio
2014 4471 2123 4510 sua:

2232 4459 2538 4530 διδασκαλία
2571 4459 2736 4511 αὑτοῦ
2759 4461 2814 4510 ὲν
2845 4461 2907 4528 τῇ
2945 4459 3084 4529 ἀρχῇ
3117 4457 3457 4522 πεισθέντας,
3495 4457 3628 4528 μετά
3669 4455 3800 4507 παν-

553 4539 813 4596 doctrinac
852 4543 1202 4600 administros
1241 4560 1366 4600 esse
1401 4547 1702 4615 persuasit,
1752 4548 1894 4604 inter
1943 4551 2124 4604 omnia

627 4819 739 4894 (Η)
771 4823 1060 4892 Ἔρχεται,
1094 4833 1200 4878 etc.
1237 4823 1312 4878 lta
1345 4825 1632 4880 Philocalia
1663 4837 1715 4880 et
1744 4839 1892 4884 recte
1943 4833 2126 4882 omni-

555 4907 643 4946 no.
683 4893 1018 4972 lltesotielius
1042 4896 1416 4972 et-Spencerus
1445 4913 1568 4972 cum
1593 4899 1844 4952 Omnibus
1867 4917 2022 4959 mss.,
2047 4899 2131 4972 ἕρ-

552 4977 736 5033 χονται
761 4963 854 5014 ἐπὶ
893 4963 952 5014 τὸ
979 4964 1278 5032 ἀσκῆσαι...
1306 4965 1692 5029 καταλιπόντες
1723 4971 1848 5032 τοὺς
1885 4963 2122 5033 λοιπούς·

553 5031 643 5084 τὸν
666 5033 1011 5106 ΔΙζλαςτωνικὺν
1045 5031 1562 5106 ὑπερφρονήσαντες.

628 5103 741 5170 (4‘2)
781 5103 1351 5171 ’Λνθρωπικώτὲρονζ
1383 5109 1472 5159 Sic
1509 5107 1801 5160 Philocalia
1831 5110 2126 5162 manuscri-

555 5181 642 5246 pta
659 5189 757 5241 qua
776 5189 901 5246 usus
915 5183 996 5224 est
1011 5173 1366 5246 llresehelius.
1382 5175 1674 5232 Plitlocalia
1695 5193 1821 5232 vero
1837 5179 2122 5246 impressa,

560 5240 990 5318 llwschelins,_et_
1007 5240 1308 5318 Speneerns
1325 5261 1443 5318 cum
1467 5250 1716 5318 omnibus
1738 5263 1890 5318 mss.,
1911 5240 2122 5318 3w!)pr

555 5309 880 5387 πιζώτατον.
907 5312 1120 5387 ibidem
1165 5311 1490 5380 l’hilocalia,
1534 5309 1889 5387 ἀνθρωπίνως
1933 5309 2124 5387 ὁμολο-

555 5381 956 5458 γοῦνταλιήιιι).
989 5383 1118 5436 editi
1149 5397 1268 5436 cum
1293 5387 1540 5442 onmibus
1567 5381 1723 5453 mss.,
1761 5381 2121 5458 εὐγνωμόνως

555 5449 934 5518 ὁμολογοῦντα.

631 5519 742 5596 μιᾷ)
773 5521 992 5596 nigror.
1029 5521 1180 5596 Deest
1216 5523 1266 5576 in
1301 5525 1486 5580 codice
1517 5525 1706 5596 Regio.

630 5587 740 5662 (Η)
787 5591 1060 5662 Ἐκείνων
1079 5593 1334 5662 μᾶλλον.
1375 5587 1848 5651 Ι)ιιι)ἰιιιι”οιιίοιιιε
1874 5609 1939 5648 an
1983 5595 2120 5649 scri-

557 5659 786 5780 licllitilllll
813 5665 904 5729 sit,
931 5659 1169 5727 ἐκείνους
1193 5665 1413 5734 μᾶλλον,
1445 5669 1538 5723 sed
1577 5681 1680 5734 ego
1729 5667 1869 5722 nihil
1920 5665 2118 5724 mutari

557 5743 732 5780 \enn.
857 5765 862 5768 -

557 5743 732 5782 \ettm.

2231 4573 2338 4609 των
2368 4552 2622 4608 κινδύνων
2649 4552 2740 4605 καὶ
2767 4551 2873 4602 τῶν
2915 4552 3004 4603 ἀεὶ
3043 4551 3510 4622 προσδοκωμένων
3541 4548 3796 4606 θανάτων,

2307 4831 2418 4902 (43)
2453 4831 2777 4886 Πιστεύων.
2809 4825 3147 4884 Ιίαεεοὶιοιίιιε
3171 4825 3600 4902 in‘texttrhabet
3637 4821 3800 4902 σπεῇ-

2233 4893 2358 4966 aut,
2395 4893 2459 4955 ad
2505 4903 2800 4970 marginem
2831 4909 3009 4952 autem
3061 4893 3364 4970 nictet}va
3401 4899 3699 4970 Speurerns
3747 4895 3798 4944 in

2238 4963 2384 5026 textu
2415 4963 2705 5032 πιστεύων,
2738 4971 2988 5040 adorant
3019 4983 3170 5030 veto,
3206 4963 3506 5040 ἐλπίζωνίῆ
3543 4964 3796 5018 σπεύδων.

2235 5044 2434 5097 Omnes
2457 5057 2612 5106 mss.,
2631 5039 2922 5102 πιστεύων,
2947 5037 2991 5092 si
3019 5039 3300 5105 exceperis
3324 5037 3668 5106 Anglicanntn
3695 5051 3802 5102 ιιι-ι-

2235 5127 2377 5194 inm’n
2412 5114 2503 5181 qui
2531 5114 2690 5168 habet
2721 5109 2984 5163 σπεύδων.
3032 5106 3330 5162 Philocalia
3383 5109 3635 5178 impressa
3657 5147 3674 5173 ,
3713 5119 3802 5152 πι-

2229 5198 2454 5236 στευων.

2300 5253 2410 5322 (46)
2453 5252 2628 5320 Ὑπὲρ
2651 5251 2763 5318 τὴν
2798 5247 3162 5322 πλεομένην,
3197 5263 3304 5308 etc.
3336 5251 3550 5322 Dubitat
3575 5246 3796 5322 Guietus

2227 5309 2316 5373 an‘
2345 5309 2719 5376 scribenti-nun
2740 5323 2812 5375 sit
2850 5309 2975 5392 περὶ
3007 5309 3108 5392 τὴν
3150 5309 3479 5394 πλεομένην.
3509 5319 3615 5388 Ego
3663 5309 3796 5368 nihil

2231 5393 2548 5444 mutandum
2585 5407 2800 5446 censeo.

2302 5459 2412 5532 (47)
2447 5462 2840 5530 Τολμήσαντι.
2871 5461 2962 5514 Sic
2983 5459 3280 5515 Philocalia
3318 5471 3372 5518 et
3413 5473 3602 5532 omnes
3633 5449 3792 5508 codd-

2227 5527 2357 5585 mss.
2385 5527 2612 5598 excepto
2628 5527 2843 5588 Joliano
2871 5533 2960 5597 qui
2989 5533 3040 5583 in
3071 5542 3220 5586 textu
3249 5535 3408 5586 habet
3427 5527 3792 5596 εύδοκήσαντιν

2225 5603 2293 5672 ad
2321 5603 2619 5672 marginem
2646 5600 3163 5672 γοιθο,τολμήσαντι.
3194 5601 3528 5656 llmschelius
3553 5601 3598 5651 in
3619 5601 3790 5670 tenth

2221 5670 2574 5742 τολμήσαντι,
2629 5674 2678 5725 in
2713 5670 2954 5738 margine
2973 5670 3354 5742 ἐύδοκήσωτι.
3401 5673 3694 5737 Spcucerus
3727 5673 3788 5714 In

2225 5740 2394 5808 textu,
2437 5740 2810 5812 εύδοκήσαντι·
2852 5745 2916 5798 ad
2955 5759 3131 5808 oram,
3167 5740 3508 5812 τολμήσαντι.
