3996 6512
589 325 692 380 679
2041 321 2364 376 ORIGENIS
3735 327 3820 383 630

661 439 818 513 331
855 442 946 496 i5.
987 439 1254 508 Quoniam
1279 452 1411 494 vero
1439 447 1700 509 tanquam
1735 453 1764 492 a
1794 437 1981 492 multis
1999 438 2159 492 Chri—
2189 444 2236 498 Α

2365 437 2516 492 Ἐπεὶ
2533 436 2575 490 δ’
2591 439 2620 491 6
2641 437 2846 500 Κέλσος
2879 437 3073 508 ἔθηκεν
3093 435 3169 499 ὡς
3188 435 3482 506 λεγόμενον
3511 435 3615 488 ὑπὸ
3641 437 3820 494 πολλῶν

591 533 792 588 stianis
820 539 1146 600 usurpatum
1175 529 1367 584 Celsus
1404 531 1590 598 posuit
1621 530 1762 584 istud
1803 547 1818 584 :
1856 547 1873 580 ι
1909 529 2046 583 Mala
2077 545 2164 585 res

2264 528 2627 602 Χριστιανῶν,
2689 548 2705 580 ι
2743 529 2926 582 Κακον
2987 528 3086 597 μέν
3127 543 3191 595 γε
3235 529 3266 598 ἡ
3315 529 3375 580 ὲν
3417 525 3498 596 τῷ
3533 524 3630 597 βίῳ
3663 531 3818 598 σοφία,

590 636 680 679 est
713 624 765 677 in
800 625 902 677 hac
939 624 1047 676 vita
1094 621 1395 688 sapientia;
1427 621 1568 675 bona
1611 628 1790 674 autem
1837 620 2096 688 stultitia;
2138 641 2156 674 ι

2265 621 2466 690 ἀγαθὸν
2498 620 2554 674 δὲ
2601 621 2632 690 ή
2667 619 2876 691 μωρία*
2929 639 2946 670 ι
2992 619 3232 682 λεκτέον,
3272 620 3358 672 ὃτι
3409 623 3722 686 συκοφαντεῖ
3747 620 3822 676 τδν

593 713 1028 784 respondendum
1087 711 1379 764 adnlterari
1411 711 1477 765 ab
1519 725 1583 766 eo
1631 711 1784 765 Pauli
1831 712 2034 776 locum,
2066 727 2164 767 nec

2264 711 2440 780 λόγον,
2480 713 2554 783 μὴ
2586 710 2876 782 ἐκθέμενος
2903 711 3070 782 αὐτὴν
3101 711 3200 782 τὴν
3235 709 3388 782 παρὰ
3417 709 3498 780 τῷ
3525 710 3714 782 Παύλῳ
3737 731 3823 766 κει.

593 805 710 874 ipsa
741 803 906 856 verba
941 801 1158 866 referri,
1188 817 1306 870 quac
1333 802 1414 856 sic
1445 802 1682 856 habent:
1719 820 1736 852 ι
1771 800 1828 854 Si
1855 801 1978 870 quis
2009 802 2162 856 vide-

2268 807 2434 877 μένην
2479 805 2622 870 λέξιν
2673 802 2842 866 οὕτως
2906 803 3165 874 ἔχουσαν·
3211 823 3228 854 ι
3273 803 3344 856 Εἴ
3387 820 3474 865 τις
3509 803 3652 856 δοκεῖ
3687 805 3823 874 σοφὸς

593 904 680 948 tur
731 895 870 948 inter
921 908 1018 948 vos
1075 894 1294 963 sapiens
1333 908 1452 948 esse
1485 894 1536 947 in
1581 894 1683 949 hoc
1711 894 1931 959 saeculo,
1967 893 2164 950 stultus

2265 895 2403 952 εἶναι
2451 900 2508 952 ὲν
2563 897 2690 967 ὑμῖν
2725 895 2859 966 (59),
2896 897 2953 948 ὲν
2983 896 3063 967 τῷ
3089 895 3245 950 αἰῶνι
3286 895 3468 965 τούτῳ
3505 895 3678 966 μωρὸς
3698 899 3821 964 γενέ-

591 985 687 1038 ﬁat
722 993 779 1038 ut
809 985 882 1038 sit
911 984 1151 1054 sapiens.
1190 985 1470 1053 Sapientia
1526 985 1670 1040 enim
1735 987 1895 1056 hujus
1952 967 2160 1048 mundi,

2267 990 2397 1056 σθω,
2447 991 2534 1045 ἵνα
2592 990 2815 1059 γένηται
2865 989 3053 1060 σοφός·
3097 991 3130 1060 ἡ
3167 993 3276 1060 γὰρ
3313 988 3482 1057 σοφία
3511 987 3603 1039 τοῦ
3637 989 3816 1058 κόσμου

593 1078 826 1132 stultitia
845 1087 930 1132 est
962 1079 1100 1147 apud
1125 1080 1295 1133 Deum
1312 1078 1378 1136 θ’.
1407 1099 1425 1132 ι
1454 1079 1595 1148 Ergo
1614 1096 1720 1134 non
1745 1079 2067 1150 simpliciter
2087 1080 2165 1134 ait

2263 1081 2454 1135 τούτου
2504 1083 2682 1152 μωρία
2719 1080 2868 1152 παρὰ
2914 1079 2992 1152 τῷ
3020 1081 3140 1152 Θεῷ
3171 1083 3342 1134 ἐστιν.
3389 1100 3408 1132 ι
3451 1079 3654 1134 Οὐκοῦν
3683 1081 3708 1133 6
3741 1085 3820 1152 μὲν

589 1168 882 1238 Apostolus
938 1169 1264 1237 sapientiam
1311 1185 1433 1224 esse
1477 1171 1768 1225 stultitiam
1799 1171 1936 1240 apud
1971 1170 2160 1235 Deum,

2277 1173 2596 1237 Ἀπόστολός
2626 1191 2810 1244 φησιν,
2834 1173 2929 1240 οὐχ
2968 1172 3256 1238 ἁπλῶς,Ἠ
3293 1173 3461 1242 σοφία
3497 1174 3670 1244 μωρία
3697 1177 3821 1246 παρᾶ

591 1262 683 1315 sed
709 1261 1033 1328 sapientiam
1067 1259 1224 1329 hujus
1263 1262 1472 1316 mundi.
1503 1261 1693 1332 Neque
1721 1263 1850 1317 dicit
1897 1263 2162 1334 simplici-

2263 1265 2342 1336 τῷ
2377 1265 2496 1336 Θεῷ
2559 1269 2705 1319 ἐστιν
2728 1283 2741 1296 ’
2791 1265 2928 1330 ἀλλ’,
2973 1265 3038 1318 Ἡ
3071 1265 3229 1335 σοφία
3261 1264 3359 1317 τοῦ
3391 1265 3598 1336 κόσμου
3639 1266 3818 1322 τούτου.

590 1353 708 1400 ter:
742 1346 798 1400 Si
827 1347 950 1414 quis
981 1349 1196 1402 videtur
1237 1349 1379 1404 inter
1414 1364 1506 1405 vos
1534 1365 1661 1406 esse
1697 1353 1938 1421 sapiens,
1967 1354 2163 1408 stultus

2265 1358 2374 1411 Καὶ
2407 1357 2566 1410 πάλιν
2585 1373 2598 1388 ·
2627 1357 2745 1420 ούκ,
2771 1357 2927 1420 εἴτις
2957 1357 3105 1410 δοκεῖ
3133 1357 3292 1424 σοφὸς
3323 1352 3467 1408 εἶναι
3491 1358 3547 1408 ὲν
3575 1356 3694 1425 ύμῖν
3710 1357 3819 1428 (60),

591 1435 712 1502 ﬁat;
746 1437 862 1501 sed,
899 1437 1096 1492 stultus
1137 1439 1230 1492 ﬁat
1263 1441 1316 1493 in
1349 1441 1451 1496 hoc
1480 1441 1700 1507 saeculo,
1733 1451 1794 1497 ut
1823 1445 1894 1497 sit
1923 1445 2159 1513 sapiens.

2265 1445 2600 1512 ἁπαξαπλῶς
2647 1447 2826 1518 μωρὸς
2857 1445 3096 1514 γενέσθω
3115 1462 3127 1475 ’
3167 1445 3302 1510 ἀλλ’,
3341 1446 3402 1498 ἐν
3437 1443 3514 1516 τῷ
3543 1445 3689 1498 αἰῶνι
3717 1447 3818 1502 τού-

591 1527 926 1598 Sapientiam
960 1531 1126 1598 igitur
1156 1530 1316 1600 hujus
1360 1531 1543 1586 saeculi
1581 1532 1816 1587 dicimus
1837 1549 1954 1588 eam
1990 1533 2164 1603 philo-

2265 1557 2340 1610 τῳ
2387 1540 2566 1610 μωρὸς
2610 1538 2868 1608 γενέσθω,
2918 1539 3004 1592 ἵνα
3036 1537 3260 1608 γένηται
3297 1538 3488 1606 σοφός.
3537 1539 3722 1606 Σοφίαν
3745 1537 3819 1593 οὖν

590 1623 860 1690 sophiam,
891 1640 1012 1694 qua:
1055 1623 1210 1678 falsis
1259 1625 1608 1692 opinionibus
1641 1635 1756 1680 tota
1781 1625 1942 1696 plena
1973 1635 2076 1694 est,
2108 1635 2162 1680 et

2263 1629 2451 1683 τούτου
2503 1629 2596 1682 τοῦ
2645 1629 2838 1692 αἰῶνος
2883 1629 3110 1700 λέγομεν
3159 1629 3258 1702 τὴν
3303 1630 3450 1682 κατὰ
3495 1629 3592 1692 τὰς
3631 1629 3819 1701 Γραφάς

589 1728 709 1782 qua:
761 1716 1058 1770 secundum
1123 1717 1434 1785 Scripturas
1495 1717 1703 1772 inutilis
1732 1726 1787 1772 et
1826 1733 2160 1786 supervacua

2265 1721 2712 1792 καταργουμένην
2735 1723 2911 1774 πᾶσαν
2935 1719 3352 1791 ψευδοδοξοῦσαν
3377 1721 3714 1790 φιλοσοφίαν·
3743 1723 3818 1776 καὶ

590 1806 858 1860 redditur.
882 1806 994 1862 Nec
1024 1809 1191 1864 etiam
1218 1810 1508 1864 stultitiam
1544 1825 1804 1866 vocamus
1838 1810 2160 1880 simpliciter

2236 1827 2238 1832 '
2268 1788 2478 1884 μωρίαν
2520 1788 2746 1884 λέγομεν
2771 1788 2980 1884 ἀγαθὴν
3013 1814 3114 1866 ούκ
3143 1788 3588 1884 ἀπολελυμένως,
3614 1812 3717 1866 ἀλλ’
3745 1814 3814 1866 ὅτε

587 1898 817 1965 bonam;
853 1900 948 1954 sed
981 1916 1124 1968 eam,
1145 1916 1250 1972 qua
1273 1901 1394 1969 quis
1421 1901 1548 1956 huic
1569 1901 1767 1956 saeculo
1790 1901 1986 1956 stultus
2009 1903 2160 1958 vide-

2260 1922 2342 1969 τις
2357 1905 2434 1976 τῷ
2450 1906 2603 1960 αἰῶνι
2635 1905 2809 1976 τούτῳ
2833 1906 3043 1972 γίνεται
3072 1905 3278 1975 μωρός·
3303 1904 3380 1968 ὡς
3402 1906 3450 1956 εἰ
3467 1905 3710 1974 λέγοιμεν
3725 1905 3813 1974 (6|)

590 1997 728 2043 tur:
765 2005 872 2059 quo
920 2007 1084 2046 sensu
1129 1991 1472 2047 Platonicum
1513 1994 1602 2060 qui
1655 1994 1890 2048 animam
1939 1993 2162 2047 immor-

2260 2001 2354 2053 καὶ
2411 1999 2502 2052 τὸν
2561 1997 2926 2060 Πλατωνικὸν,
2959 1997 3284 2050 πιστεύοντα
3337 2000 3406 2068 τῇ
3451 1997 3706 2068 ἀθανασία
3738 1999 3817 2069 τῆς

590 2080 774 2146 talem,
805 2096 1038 2152 eamque
1066 2098 1098 2138 e
1125 2099 1359 2154 corpore
1389 2086 1441 2139 in
1484 2085 1628 2140 aliud
1655 2100 1856 2154 corpus
1889 2085 2160 2156 emigrare

2259 2089 2457 2160 ψυχῆς,
2494 2089 2588 2144 κα.)¹
2618 2092 2730 2152 τοῖς
2763 2090 2888 2161 περὶ
2919 2089 3087 2158 αὐτῆς
3126 2089 3449 2159 λεγομένοις
3492 2089 3617 2158 περὶ
3657 2106 3817 2158 μετεν-

583 2172 786 2233 credit.
817 2175 1044 2230 stultum
1070 2191 1194 2231 esse
1210 2177 1560 2246 {diceremus,
1586 2185 1846 2247 quantum
1895 2177 1960 2232 ad
2018 2175 2161 2230 Stoi-

2263 2178 2659 2250 σωματώσεως,
2709 2180 2920 2250 μωρίαν
2986 2177 3336 2248 ἀνειληφέναι
3387 2177 3520 2248 (6‘2),
3569 2179 3640 2242 ὡς
3703 2179 3815 2250 7:96;

586 2279 701 2333 cos,
747 2269 1146 2340 Peripateticos
1183 2281 1236 2326 et
1277 2272 1604 2340 Epicureos;
1661 2271 1874 2328 Stoicos
1916 2271 2156 2340 quidem,

2258 2272 2382 2334 τοὺς
2412 2271 2702 2334 Στωϊκοὺς,
2739 2271 3092 2342 διασύροντας
3129 2271 3230 2342 τὴν
3263 2275 3472 2328 τούτων
3509 2271 3815 2338 συγκατάθε-

587 2362 679 2430 qui
727 2363 910 2418 hmcce
959 2363 1210 2434 dogmata
1258 2364 1584 2430 exsibilant;
1617 2365 2036 2435 Peripateticos,
2067 2363 2160 2433 qui

2261 2379 2377 2416 σιν·
2425 2365 2517 2417 καὶ
2561 2361 2637 2426 ὡς
2687 2364 2821 2435 πρὸς
2848 2364 3344 2434 Περιπατητικοὺς,
3381 2363 3724 2434 θρυλλοῦντας
3757 2362 3815 2416 τὰ

593 2454 838 2508 Platonis
913 2456 1159 2525 argutias
1208 2457 1493 2520 derident;
1549 2457 1841 2526 Epicureos
1900 2456 2155 2526 denique,

2259 2455 2542 2518 Πλάτωνος
2571 2456 2932 2527 τερετίσματα
2951 2472 2963 2485 ⁸
2992 2457 3086 2510 καὶ
3113 2456 3188 2520 ὡς
3219 2455 3360 2526 πρὸς
3406 2455 3809 2526 Ἐπικουρείους,

587 2547 784 2616 quibus
813 2548 1180 2616 superstitiosi
1207 2556 1338 2602 sunt
1363 2548 1398 2602 ii
1425 2547 1520 2618 qui
1546 2547 1841 2602 admittunt
1868 2547 2160 2616 providen-

2258 2547 2680 2620 δεισιδαιμονίαν
2713 2548 3076 2616 ἐγκαλοῦντας
3097 2553 3207 2612 τοῖς
3236 2550 3526 2616 εἰσάγουσι
3555 2549 3811 2618 πρόνοιαν,

587 2641 718 2693 tiam
747 2637 1026 2708 Deumque
1059 2642 1224 2696 rebus
1253 2641 1506 2696 omnibus
1535 2639 1862 2709 prmﬁciunt.
1890 2639 2160 2696 Prmterea

2259 2641 2352 2696 καὶ
2379 2640 2511 2694 Θεὸν
2539 2641 2788 2708 ἐφιστᾶσι
2819 2643 2932 2702 τοῖς
2955 2640 3114 2702 ὅλοις.
3145 2642 3266 2692 Ἔτι
3294 2641 3356 2691 δὲ
3395 2641 3474 2692 ὅτι
3499 2638 3589 2692 καὶ
3613 2636 3738 2690 κατὰ
3759 2636 3810 2687 τὸ

585 2730 750 2785 etiam
783 2747 849 2786 ex
874 2741 1058 2787 nostra
1085 2731 1333 2788 doctrina
1373 2743 1638 2804 prtestare
1665 2732 1841 2794 multo
1866 2732 2076 2786 ratione
2105 2741 2160 2787 et

2257 2732 2333 2804 τῷ
2365 2732 2506 2803 λόγῳ
2529 2733 2780 2812 ᾁρέσκον,
2805 2730 2983 2800 πολλῷ
3013 2731 3260 2801 διαφέρει
3291 2731 3434 2800 μετὰ
3453 2731 3607 2798 λόγου
3633 2729 3716 2782 καὶ
3737 2745 3809 2781 σο-

583 2825 852 2894 sapientia
901 2825 1241 2894 persuaderi.
1290 2840 1452 2894 quam
1485 2823 1720 2892 simplici
1793 2823 1926 2888 (ide;
1979 2832 2056 2889 et,
2113 2824 2157 2880 si

2261 2825 2391 2894 φίας
2437 2822 2928 2892 συγκατατίθεσθαι
2952 2827 3061 2886 τοῖς
3087 2822 3375 2892 δόγμασιν,
3408 2823 3550 2892 ἥπερ
3587 2822 3710 2892 μετὰ
3735 2819 3808 2888 ψι-

590 2918 826 2973 Verbum
877 2917 1200 2986 quibusdam
1252 2919 1304 2971 in
1362 2917 1793 2972 circumstantiis
1829 2925 2158 2984 postremam

2258 2917 2354 2988 λῆς
2389 2917 2484 2988 τῆς
2518 2916 2752 2978 πίστεως
2773 2933 2786 2946 ·
2819 2915 2912 2968 καὶ
2947 2915 3027 2968 ὅτι
3053 2913 3194 2968 κατὰ
3219 2913 3546 2984 περίστασιν
3578 2914 3665 2966 καὶ
3690 2910 3807 2964 τοῦτ’

585 3010 728 3064 hanc
765 3009 908 3064 viam
943 3009 1068 3064 iniri
1115 3008 1316 3074 voluit,
1355 3009 1458 3063 hoc
1489 3009 1692 3064 idcirco
1719 3009 1975 3074 voluisse,
2005 3022 2063 3066 ut
2093 3027 2160 3065 ne

2259 3005 2525 3077 ἐϐουλήθη
2581 3006 2610 3058 6
2655 3004 2847 3072 Λόγος,
2883 3005 2970 3056 ἵνα
3023 3003 3097 3073 μὴ
3145 3003 3326 3072 πάντη
3367 3001 3656 3070 ἀνωφελεῖς
3695 2999 3805 3068 ἐάσῃ

585 3101 839 3155 homines
871 3113 997 3154 esse
1025 3109 1324 3168 pateretur,
1359 3114 1494 3167 quos
1515 3113 1618 3152 non
1647 3099 1952 3166 adiuvaret,
1977 3101 2158 3156 deela-

2259 3097 2384 3158 τοὺς
2429 3094 2769 3164 ἀνθρώπους,
2811 3095 2962 3166 δηλοῖ
3003 3096 3028 3147 6
3063 3093 3154 3148 τοῦ
3191 3092 3369 3164 Ἰησοῦ
3408 3099 3620 3163 γνήσιος
3665 3091 3809 3162 μαθη-

585 3201 672 3245 rat
733 3206 1028 3260 germanus
1084 3189 1212 3244 Jesu
1269 3191 1568 3257 discipulus
1615 3192 1814 3246 Paulus
1866 3208 1986 3247 cum
2043 3196 2151 3248 ait:

2259 3187 2358 3258 τὴς
2391 3187 2620 3251 Παῦλος,
2657 3186 2824 3240 εἰπών
2844 3203 2856 3218 ·
2908 3206 2926 3236 ε
2980 3186 3197 3257 Ἐπειδὴ
3230 3187 3343 3257 γὰρ
3375 3187 3434 3238 ὲν
3463 3187 3528 3254 τῇ
3561 3183 3706 3253 σοφίᾳ
3729 3181 3803 3234 τοῦ

585 3302 607 3335 ι
642 3283 776 3338 Nam
811 3284 936 3352 quia
973 3283 1025 3337 iu
1047 3283 1140 3337 Dei
1174 3283 1440 3350 sapientia
1485 3297 1589 3336 non
1619 3285 1872 3352 cognovit
1925 3286 2155 3341 mundus

2259 3277 2393 3330 Θεοῦ
2453 3277 2550 3330 οὐκ
2601 3277 2741 3345 ἔγνω
2783 3279 2810 3330 6
2863 3277 3064 3349 κόσμος
3081 3277 3169 3346 διὰ
3191 3277 3292 3348 τῆς
3327 3277 3519 3346 σοφίας
3551 3275 3635 3328 τὸν
3675 3273 3803 3334 Θεὸν,

583 3390 682 3444 per
729 3374 1055 3443 sapientiam
1109 3374 1312 3440 Deum;
1367 3373 1572 3442 placuit
1601 3373 1709 3428 Deo
1733 3389 1828 3443 per
1865 3376 2153 3430 stultitiam

2257 3367 2550 3439 εὐδόκησεν
2597 3369 2626 3420 ὁ
2659 3367 2791 3431 Θεὸς
2833 3367 2922 3421 διὰ
2953 3367 3053 3437 τῆς
3091 3367 3299 3438 μωρίας
3356 3364 3452 3420 τοῦ
3493 3363 3805 3435 κηρύγματος

583 3465 984 3534 praedicationis
1024 3462 1204 3518 salvos
1249 3463 1432 3518 facere
1455 3464 1828 3520 credentes“.
1869 3485 1888 3518 ι
1924 3467 2002 3520 Ex
2032 3468 2154 3535 qni—

2261 3458 2430 3511 σῶσαι
2449 3460 2574 3524 τοὺς
2602 3459 2973 3523 πιστεύοντας.
3001 3480 3018 3511 ι
3041 3460 3234 3530 Σαφῶς
3262 3457 3357 3514 οῦν
3387 3460 3473 3514 διὰ
3497 3458 3684 3512 τούτων
3711 3455 3801 3527 (65)

581 3557 684 3611 bus
715 3557 884 3626 liquet
912 3558 963 3610 in
997 3557 1091 3612 Dei
1122 3556 1390 3625 sapientia
1419 3557 1586 3612 Deum
1613 3559 1920 3626 oportuisse
1951 3573 2156 3629 cogno-

2257 3548 2532 3618 δηλοῦται,
2570 3551 2650 3603 ὅτι
2712 3552 2770 3604 ὲν
2798 3554 2863 3622 τῇ
2901 3553 3063 3623 σοφίᾳ
3089 3552 3178 3604 τοῦ
3215 3551 3352 3605 Θεοῦ
3391 3553 3552 3624 ἐχρῆν
3573 3549 3802 3618 γινώσκε-

582 3648 696 3708 sci:
725 3648 868 3717 quod
905 3649 1032 3719 quia
1067 3663 1174 3702 non
1205 3648 1410 3702 factum
1451 3657 1556 3713 est,
1600 3649 1774 3704 visunt
1813 3661 1998 3718 postea
2045 3652 2153 3705 Deo

2261 3639 2382 3693 σθαι
2427 3641 2518 3694 τὸν
2547 3642 2699 3696 Θεόν.
2728 3643 2837 3696 Καὶ
2871 3645 2992 3696 ἐπεὶ
3133 3643 3288 3697 τοῦτο
3313 3645 3602 3716 γεγένηται
3635 3641 3799 3703 οὕτως,

581 3737 773 3806 fuisse,
803 3753 862 3794 ut
893 3739 1078 3796 salvos
1105 3740 1317 3795 faceret
1345 3741 1654 3808 credentes,
1687 3756 1796 3795 non
1828 3742 2152 3812 simpliciter

2260 3736 2512 3808 δεύτερον
2545 3737 2839 3808 εὐδόκησεν
2872 3739 2899 3790 6
2929 3737 3060 3800 Θεὸς
3095 3737 3265 3791 σῶσαι
3299 3739 3428 3801 τοὺς
3465 3735 3797 3795 πιστεύοντας,

579 3847 680 3902 per
741 3833 1054 3899 stultitiam,
1107 3835 1202 3888 sed
1257 3848 1354 3902 per
1400 3834 1683 3888 stultitiam
1729 3835 2148 3903 prmdicationis.

2255 3831 2354 3899 οὐχ
2399 3828 2734 3893 ἁπαξαπλῶς
2773 3828 2862 3882 διὰ
2912 3831 3139 3900 μωρίας,
3187 3829 3322 3882 ἀλλὰ
3359 3829 3448 3882 διὰ
3485 3828 3680 3899 μωρίας
3697 3826 3797 3877 ὅσον

580 3923 740 3990 Quod
800 3924 946 3978 enim
995 3923 1158 3979 Jesus
1187 3923 1440 3979 Christus
1478 3925 1776 3980 cruciﬁxus
1798 3927 2152 3994 praedicatur,

2257 3923 2350 3974 ἐπὶ
2379 3921 2456 3992 τῷ
2489 3922 2801 3993 κηρύγματι
2831 3921 2963 3994 (64).
3020 3920 3256 3974 Αύτόθεν
3287 3921 3398 3994 γὰρ
3431 3918 3798 3992 κηρυσσόμενος

581 4013 688 4068 hoc
719 4025 806 4068 est
857 4001 1090 4068 stultitia
1133 4015 1558 4084 praedicationis,
1604 4017 2056 4088 quemadmodum
2097 4025 2154 4073 et

2268 4015 2474 4085 Ἰησοῦς
2495 4017 2536 4067 Χ
2545 4017 2728 4087 ριστὸς
2747 4014 3178 4086 ἐσταυρωμένος.
3200 4013 3384 4085 μωρία
3413 4013 3525 4066 ἐστὶ
3547 4009 3795 4082 κηρύγμα-

583 4104 717 4158 illud
749 4104 1060 4174 intelligens
1087 4105 1286 4160 Paulus
1319 4108 1396 4160 ait
1429 4126 1443 4161 :
1483 4127 1502 4160 ‹
1541 4105 1648 4161 Nos
1679 4115 1859 4161 autem
1891 4109 2154 4176 praedica-

2253 4125 2372 4171 τος·
2416 4109 2491 4171 ὡς
2525 4109 2617 4162 καὶ
2661 4111 2690 4160 6
2725 4109 3141 4178 συναισθόμενος
3167 4105 3329 4162 αὐτοῦ
3365 4107 3513 4175 λέγει
3541 4103 3729 4164 Παῦλος
3746 4102 3794 4152 ἐν

495 4188 502 4192 ’
580 4212 703 4251 mus
751 4196 934 4251 Jesum
973 4198 1271 4268 Christum,
1303 4215 1536 4270 eumque
1569 4197 1922 4264 cruciﬁxum;
1951 4197 2073 4254 Jud:

2257 4200 2334 4271 τῷ
2354 4217 2365 4230 ·
2394 4221 2411 4251 ι
2455 4201 2643 4271 Ἡμεῖς
2675 4201 2730 4254 δὲ
2763 4200 3109 4272 κηρύσσομεν
3139 4200 3344 4268 Ἰησοῦν
3379 4200 3604 4270 Χριστὸν
3629 4198 3789 4248 ἐσταυ-

579 4286 797 4354 quidem
830 4288 1170 4354 scandalum,
1210 4289 1415 4344 Graecis
1447 4300 1628 4343 autem
1663 4289 1989 4354 stultitiam;
2022 4289 2152 4358 ipsis

2257 4293 2499 4364 ρωμένον
2535 4293 2667 4363 (65),
2704 4292 2976 4356 Ἰουδαίοις
3012 4294 3108 4362 μὲν
3154 4291 3466 4356 σκάνδαλον,
3509 4289 3710 4358 Ἕλλησι
3745 4283 3791 4336 δὲ

577 4384 762 4430 autem
813 4379 1024 4432 vocatis
1053 4377 1257 4434 Judacis
1295 4390 1460 4456 atque
1492 4379 1697 4435 Grzecis
1741 4380 2021 4436 Christum
2055 4380 2148 4435 Dei

2260 4385 2468 4454 μωρίαν
2491 4401 2503 4414 ·
2542 4385 2721 4447 αὐτοῖς
2774 4384 2832 4436 δὲ
2875 4387 2987 4447 τοῖς
3023 4385 3237 4454 κλητοῖς
3293 4385 3560 4446 Ἰουδαίοις
3605 4398 3660 4434 τε
3713 4375 3789 4430 καὶ

578 4469 848 4525 virtutem
881 4480 935 4524 et
967 4470 1056 4525 Dei
1088 4471 1501 4540 sapientiam“.
1543 4490 1562 4522 ι

2181 4483 2227 4536 Ι)
2257 4474 2478 4545 Ἕλλησι
2509 4474 2739 4546 Χριστὸν
2764 4474 2896 4527 Θεοῦ
2927 4475 3151 4545 δύναμιν
3187 4476 3277 4528 καὶ
3305 4475 3440 4529 Θεοῦ
3469 4473 3662 4541 σοφίαν.
3683 4491 3698 4519 ι

646 4561 809 4632 332
849 4561 937 4616 M.
992 4562 1126 4617 Cum
1157 4563 1346 4618 Celsus
1377 4565 1624 4619 nationes
1671 4565 1936 4633 plurimas
1961 4564 2150 4618 existi-

2328 4566 2651 4634 Συγγένειαν
2685 4565 2834 4638 παρὰ
2872 4567 3083 4630 πολλοῖς
3132 4566 3240 4619 τῶν
3284 4567 3456 4621 ἐθνῶν
3481 4562 3694 4636 νομίζων
3725 4554 3787 4610 εἷ-

578 4664 692 4707 met
719 4655 944 4708 rationis
975 4653 1216 4722 ejusdem
1259 4659 1489 4724 quadam
1519 4657 1844 4725 cognatione
1866 4669 1986 4710 esse
2011 4671 2145 4709 con-

2255 4675 2344 4711 ναι
2375 4659 2403 4710 6
2435 4659 2638 4722 Κέλσος
2665 4659 2755 4712 τοῦ
2790 4658 2952 4711 αὐτοῦ
2995 4657 3175 4726 λόγου,
3211 4659 3386 4712 πάντα
3423 4657 3518 4728 μὲν
3569 4649 3785 4722 ὀνομάζει

648 4749 692 4782 ιι
721 4747 740 4800 1
769 4749 892 4804 Cor.
927 4765 1007 4813 ιιι,
1042 4749 1238 4818 ιδλιθ.
1275 4733 1358 4782 ὐ
1389 4750 1403 4802 l
1431 4749 1552 4804 Cor.
1579 4751 1733 4813 1,21.
1809 4749 1854 4782 σε
1883 4751 2014 4804 ibid.
2041 4749 2247 4815 25,21.

650 4863 760 4942 (59)
812 4865 1012 4942 anes
1034 4869 1217 4942 _codd.
1268 4883 1403 4942 mss.
1446 4877 1501 4942 et
1551 4867 1874 4942 Philocalia,
1905 4873 1961 4926 ὲν
1991 4871 2140 4942 ὑμῖν.

2249 4868 2476 4929 τούτων,
2523 4865 2786 4942 ct_uncis
2843 4862 3132 4942 includunt_
3172 4862 3489 4942 adverbium
3544 4849 3781 4942 simquth

579 4931 1356 5008 iimsc'heliusetSpencerns,
1389 4940 1446 4990 ὲν
1481 4940 1630 5008 ἡμῖν.
1665 4939 1833 4994 Paulo
1859 4931 1978 5008 post
2017 4931 2144 4996 Phi-
2252 4955 2348 4992 nos
2379 4935 2760 5008 expuniximus,
2781 4944 2964 5003 utpote
2990 4934 3133 5002 quod
3159 4933 3394 4986 abcstab
3415 4931 3649 4986 ciuilibus
3669 4935 3779 4977 mss.

577 5005 766 5079 localia
800 5005 978 5079 μωρία
1001 5007 1115 5058 ἐστὶ
1141 5007 1290 5079 παρὰ
1321 5007 1398 5079 τῷ
1415 5005 1560 5079 Θεῷ.
1860 5005 1871 5008 ⁷

2251 5021 2304 5064 et
2332 5005 2644 5079 Philucalia.
2729 5075 2756 5079 η
2792 5075 2802 5079 _
3094 5074 3148 5079 __
3194 5073 3204 5079 _
3377 5071 3388 5079 .
3621 5061 3705 5079 me

651 5075 760 5143 (ϋο)
787 5060 988 5130 ὸηιῖιθε
1035 5060 1234 5131 iteruni
1273 5060 1400 5134 mss.
1433 5060 1850 5147 ethhilocalia,
1887 5081 1944 5134 ἐν
1991 5082 2136 5152 ὑμῖν.

577 5143 743 5214 Alias,
773 5147 829 5198 ὲν
859 5146 1011 5214 ἡμῖν.

2257 5060 2432 5148 ’(64)
2483 5076 2636 5128 Lihb.
2675 5075 2802 5129 editi
2841 5085 2896 5127 et
2928 5089 3057 5129 mss.
3094 5073 3216 5126 Ἐπι
3249 5071 3580 5144 κηρύγματι.
3621 5060 3779 5118 Philo-

2247 5151 2402 5208 t'alia,
2443 5146 2534 5198 ἐπὶ
2563 5145 2642 5214 τῷ
2677 5144 3009 5214 κηρύγματι.
3671 5203 3681 5214 ί

644 5145 743 5216 ias,
773 5147 829 5198 ὲν
859 5146 1011 5214 ἡμῖν.
1079 5215 1087 5216 7
1524 5144 1534 5147 ’
1836 5144 1842 5145 ⁷
2030 5144 2041 5152 ’

1524 5144 1534 5147 ’
1836 5144 1842 5145 ί
2030 5144 2041 5152 ’
2247 5144 2420 5208 (·ιιΙ’ἰ.ι,’
2443 5146 2534 5216 επὶ
2563 5145 2642 5216 τῷ
2677 5144 3008 5216 κηρύγματι.

650 5161 1434 5291 (ξήεΥΩΪέ-ὲὲΐλέγοιμεν.δίο
1471 5223 1628 5276 codd.
1658 5220 1879 5290 Regius,
1929 5221 2135 5276 Basile-
2211 5228 2219 5235 '

2247 5161 2402 5208 (ulla,
2443 5161 2534 5198 επι
2563 5163 2642 5216 τῳ
2677 5161 3009 5216 κηρυγματι,

2211 5228 2219 5235 .
2249 5288 2268 5291 ῃ
2319 5217 2427 5290 (65)
2446 5214 2600 5291 Libb.
2623 5219 2776 5291 editi,
2795 5215 3164 5291 X9t516v,_xai
3183 5215 3369 5291 τοῦτον
3381 5203 3773 5291 ’ἐσταυρωμέξτξνι

575 5270 722 5340 ensis
747 5270 812 5360 :et
830 5354 842 5360 _
859 5270 1198 5360 philocalia,‘
1211 5270 1428 5360 rectius
1441 5270 1604 5356 quam
1615 5270 1628 5276 ⁷
1653 5270 2136 5360 ἶίιιξξίηῖιί

2249 5270 2447 5343 Vei'ut’n
2507 5270 2776 5360 in_cot‘ld:
2803 5270 3121 5360 “Vaticanis,
3160 5286 3331 5360 t_rihu_s
3368 5270 3777 5360 Anglicani-5,93.-

575 5367 697 5432 c_um
739 5354 882 5432 libb.
934 5357 1094 5432 editis
1153 5345 1372 5432 habent,
1403 5345 1534 5432 ῶσεὶ
1589 5345 1842 5432 λέγομέν,
1874 5371 1937 5432 et
1971 5345 2144 5430 quam

2245 5358 2460 5413 sileensi
2487 5368 2540 5432 et
2575 5345 3194 5432 ΡιιὶΙοςιιΙὶιιΛ«μέρει-,καὶ
3227 5345 3772 5432 τοῦτονξΡιιυΙοιιμι

576 5421 682 5502 duo
725 5425 1008 5495 Anglicani
1074 5428 1124 5502 in
1182 5413 1378 5502 quibus
1429 5413 1841 5502 legitur,'iiicsi.'
1873 5413 2140 5502 λέγῶμεν.

2245 5429 2470 5502 Ἕλλησι
2509 5425 2566 5480 δὲ
2611 5426 2968 5502 μωρίανλὸἰιο
3000 5413 3294 5480 Pliilocalia
3327 5435 3384 5502 _et
3416 5433 3601 5502 οῐιι-ῐεεξ
3626 5413 3768 5502 νςίξιξξθ·

574 5489 845 5570 Caeterum
879 5489 1414 5570 transntigra'tionem
1445 5489 1746 5556 animarum
1773 5489 2145 5570 ecorp'uiibns
2245 5489 2472 5570 mss.,'si
2509 5489 3187 5570 excepertsliasileensem
3233 5505 3284 5549 et
3308 5495 3442 5570 duos
3487 5489 3767 5570 ,Ἳειῖίξυξίζῗν

576 5561 630 5642 i_n
671 5579 898 5642 corpora
931 5566 1086 5621 docet
1110 5554 1265 5623 Plato
1309 5572 1410 5624 sub
1458 5554 1622 5625 linem
1667 5554 1973 5642 prie—seruili
2021 5554 2142 5626 libri
2240 5572 2331 5642 qui
2359 5554 2782 5642 h'abentEstc-u
2809 5565 3154 5642 l_l_g;schclius
3176 5579 3390 5635 quoque
3415 5554 3767 5642 habclEfoig

574 5629 783 5705 decimi
799 5633 881 5705 _De
923 5651 1032 5705 rep.
1668 5629 1686 5642 ’

2241 5629 2335 5692 sed
2369 5643 2434 5692 ad
2482 5639 2780 5704 marginem
2817 5629 3064 5705 Ἕλλησι.
3123 5629 3426 5705 Spenrerus
3483 5629 3594 5685 vice
3633 5636 3765 5677 versat

645 5701 759 5845 (62)
795 5701 1110 5772 ΡιιίΙοούΙίο,
1133 5707 1427 5778 εἰληφέναι.

647 5773 738 5845 (65
795 5772 1130 5834 Πωεςιιειὶυε
1161 5788 1216 5834 et
1245 5785 1570 5845 Spencerus,
1605 5783 1788 5845 σαφῶς
1819 5777 1910 5838 οὖν
1941 5782 2020 5836 ἔτι
2049 5780 2136 5836 διὰ

1874 5778 1876 5786 ν
2243 5711 2296 5763 in
2339 5721 2485 5764 textu
2521 5701 2763 5778 Ἕλλησι,
2799 5717 2848 5762 et
2905 5701 3232 5776 in‘tuargiue
3261 5702 3452 5758 ἔθνεσι.

1874 5799 1910 5836 ιν
1941 5782 2020 5836 ἔτι
2049 5780 2136 5836 διὰ

647 5772 759 5846 (65)
795 5772 1130 5834 Πωεςιιειὶυε
1161 5788 1216 5834 et
1236 5772 1570 5848 Spencerus,
1605 5783 1788 5854 σαφῶς
1819 5777 1910 5838 οὖν
1941 5782 2020 5836 ἔτι
2049 5780 2136 5836 διὰ
