3962 6414
489 326 600 387 605

1920 323 2244 384 ORIGENIS

3648 328 3750 389 696

495 464 581 504 res
620 465 809 507 omnes
831 458 1085 508 evexerat
1120 458 1404 518 totumque
1443 448 1552 504 Deo
1596 448 2054 514 commiserat,in-

2177 448 2324 500 σεϐεἱ⁹
2350 446 2493 519 ψυχῇ
2535 446 2843 512 Μωῦσέως,
2878 447 2985 501 πᾶν
3015 447 3240 519 γενητὸν
3274 445 3748 519 ύπεραναόάντος,

493 538 768 597 habitasse
788 542 1028 597 divinum
1061 540 1344 610 Spiritum,
1370 540 1460 608 qui
1490 540 1647 609 longe
1677 540 1877 595 clarius
1900 556 2060 611 quam

490 630 643 687 Plato
669 634 877 689 ullusve
918 649 950 688 e
1000 633 1204 689 Graecis
1229 642 1321 684 aut
1378 632 1627 688 barbaris
1662 633 1824 705 338
1846 634 2061 703 sapien-

490 720 655 786 tibus,
689 738 776 777 res
813 723 1027 776 divinas
1069 722 1400 776 exhibuerit.
1434 722 1586 789 Quod
1617 725 1662 777 si
1696 724 1997 794 poposcerit
2031 738 2061 777 a

490 813 641 867 nobis
696 814 970 867 rationem.
1006 813 1163 882 hujus
1208 812 1329 867 ﬁdei
1354 852 1369 879 ,
1406 816 1598 869 reddat
1631 816 1747 886 ipse
1783 816 1931 886 prior
1967 832 2061 871 ra-

486 904 685 957 tionem
705 919 890 958 eorum
909 920 1028 974 quae
1046 906 1164 959 sine
1190 904 1299 957 ulla
1333 906 1654 961 auctoritate
1677 906 1897 976 protulit
1916 923 1932 972 ;
1950 916 2060 960 tum

481 1000 583 1047 n05
605 1008 823 1065 quoque
854 1005 1036 1050 nostra
1066 996 1180 1050 lure
1203 995 1275 1048 ita
1301 1011 1359 1051 se
1396 994 1599 1050 habere
1620 996 1987 1067 probabimus.

547 1170 639 1226 20.
676 1171 944 1227 Czeterum
990 1173 1181 1229 Celsus
1228 1174 1309 1228 vel
1360 1173 1559 1228 invitus
1610 1171 1931 1227 testiﬁcatus
1980 1182 2062 1226 est

479 1262 836 1318 recentiorem
868 1279 995 1320 esse
1026 1267 1306 1329 mundum,
1339 1268 1565 1320 necdum
1584 1265 1770 1319 decem
1794 1279 2060 1319 annormn

477 1353 646 1408 millia
704 1356 1083 1425 eomplevisse,
1126 1374 1249 1413 cum
1292 1358 1431 1412 dixit
1479 1373 1507 1411 a
1552 1357 1756 1413 Graecis
1804 1371 1892 1412 res
1941 1356 2063 1411 illas

478 1446 731 1515 antiquas
754 1448 1083 1514 existimari,
1114 1450 1240 1519 quia
1278 1459 1502 1520 pr0pter
1532 1448 1733 1503 diluvia
1767 1458 1822 1503 et
1861 1447 2063 1502 conﬂa-

478 1538 754 1606 grationes
804 1552 966 1594 nemo
1012 1540 1351 1609 antiquiores
1414 1539 1551 1594 vidit
1597 1548 1691 1593 aut
1758 1538 2061 1593 litterarum

479 1632 850 1686 monumentis
903 1632 1202 1687 mandavit.
1251 1632 1365 1686 Sibi
1422 1645 1557 1685 vero
1629 1630 1820 1684 habeat
1872 1629 2063 1684 Celsus

482 1726 775 1797 magistros
800 1728 867 1783 de
891 1726 1410 1799 conﬂagrationibus
1433 1737 1487 1781 et
1508 1725 1727 1781 diluviis
1754 1722 2060 1793 Egyptios,

2168 542 2262 594 καὶ
2300 540 2394 594 τοῦ
2426 540 2757 612 δημιουργοῦ
2791 540 2897 594 τῶν
2934 539 3069 595 ὅλων
3102 541 3293 594 ἐαυτὸν
3326 541 3745 614 ἐξαρτήσαντος,

2162 633 2654 704 ὲμπεπολιτεῦσθαι
2683 632 2905 704 Πνεῦμα
2938 633 3098 699 θεῖον,
3132 634 3309 705 πολλῷ
3354 633 3749 706 ἐναργέστερον

2161 723 2466 786 Πλάτωνος,
2494 721 2589 775 καὶ
2617 720 2721 776 τῶν
2748 722 2876 792 παρ’
2907 723 3130 792 Ἕλλησι
3154 722 3249 776 καὶ
3276 724 3425 794 παρὰ
3453 722 3749 793 βαρϐάροις

2162 810 2363 881 σοφῶν,
2392 810 2462 863 τὰ
2491 810 2587 863 τοῦ
2620 809 2753 863 Θεοῦ
2786 812 3237 882 παραπήσαντος
3264 810 3393 883 (97).
3424 812 3489 864 Ei
3514 812 3560 864 δ’
3588 812 3731 864 ἀπαιη

2159 908 2243 958 τεῖ
2277 907 2423 977 ἡμᾶς
2456 904 2649 973 λόγους
2682 905 2780 975 τῆς
2813 903 3067 974 τοιαύτης
3106 903 3359 969 πίστεως,
3393 903 3587 957 διδότω
3620 902 3751 974 πρό-

2160 1014 2318 1069 τερος
2350 996 2481 1069 περὶ
2521 990 2597 1049 ὧν
2644 995 2806 1059 αὐτὸς
2845 995 3245 1058 ἀναποδείκτως
3276 996 3617 1065 ἀπεφήνατο,
3658 996 3752 1049 καὶ

2162 1088 2289 1157 ἐξῆς
2315 1087 2802 1156 κατασκευάσομεν
2833 1086 2899 1139 τὰ
2929 1086 3174 1158 ἡμέτερα
3205 1086 3357 1140 ταῦθ’
3385 1087 3561 1149 οὕτως
3587 1086 3747 1155 ἔχειν.

2228 1173 2377 1242 Πλὴν
2448 1174 2545 1229 καὶ
2615 1176 2767 1231 ἀκων
2807 1178 3056 1230 ἐνέπεσεν
3080 1179 3107 1229 ὁ
3126 1178 3329 1242 Κέλσος
3359 1179 3436 1242 εἰς
3460 1178 3520 1231 τὸ
3547 1195 3753 1249 μαρτυ-

2164 1268 2277 1340 ρεῖν
2312 1267 2389 1338 τῷ
2421 1267 2682 1341 νεώτερον
2723 1261 2861 1320 εἶναι
2893 1266 2983 1319 τὸν
3017 1266 3240 1338 κόσμον,
3274 1270 3369 1322 καὶ
3397 1269 3616 1321 οὐδέπω
3653 1287 3753 1340 μυ-

2164 1358 2296 1431 ρίων
2322 1357 2479 1426 ἐτῶν,
2526 1358 2696 1413 εἰπὼν
2740 1360 2834 1413 καὶ
2869 1360 3133 1431 ’Έλληνας
3158 1359 3329 1413 ταῦτα
3362 1360 3611 1431 νομίζειν
3652 1362 3753 1432 ἀρ-

2162 1455 2309 1522 χαῖα,
2347 1452 2422 1515 ὡς
2460 1452 2805 1524 πρεσϐύτερα
2852 1451 2982 1523 (98),
3017 1450 3104 1503 διὰ
3137 1452 3261 1515 τοὺς
3302 1450 3750 1522 κατακλυσμοὺς,

2161 1545 2257 1598 καὶ
2290 1543 2389 1608 τὰς
2422 1543 2762 1616 ὲκπυρώσεις
2792 1544 2853 1596 οὐ
2897 1544 3318 1615 τεθεωρήκασιν,
3352 1543 3463 1595 οὐδ’
3497 1545 3753 1614 ἀπομνη-

2165 1632 2501 1703 μονεύουσιν.
2556 1634 2841 1687 Ἔστωσαν
2884 1633 2941 1686 δὲ
2985 1633 3063 1703 τῷ
3112 1632 3304 1704 Κέλσῳ
3350 1633 3447 1686 τοῦ
3483 1634 3615 1705 περὶ
3648 1634 3753 1687 τῶν

2163 1721 2527 1793 ἐκπυρώσεων
2570 1724 2663 1776 καὶ
2706 1721 3088 1789 ἐξυδατώσεων
3134 1721 3302 1793 μύθου
3352 1724 3671 1778 διδάσκαλοι
3702 1725 3752 1777 oi

478 1818 571 1888 qui
619 1818 719 1888 ipsi
761 1819 1013 1874 videntur
1065 1820 1308 1874 omnium
1360 1816 1773 1889 sapientissimi.
1833 1816 2054 1885 Egregia

2166 1815 2279 1866 κατ’
2305 1814 2467 1868 αὑτὸν
2494 1813 2793 1882 σοφώτατοι
2815 1813 3125 1883 Αἰγύπτιοι,
3156 1808 3229 1869 ὧν
3252 1815 3354 1886 τῆς
3382 1816 3580 1886 σοφίας
3605 1817 3752 1887 ἴχνη,

478 1908 689 1965 scilicet
720 1920 881 1964 tanta:
912 1910 1195 1980 sapientia:
1225 1910 1562 1981 reliquerunt
1590 1907 1838 1976 vestigia,
1880 1906 1971 1976 qui
2005 1916 2060 1960 et

476 2001 730 2056 animalia
788 2002 1019 2058 rationis
1060 2004 1300 2071 expertia
1327 2002 1718 2067 adoravernnt,
1768 2008 1820 2054 et
1851 2015 2059 2055 sermo-

474 2094 634 2149 nibus
675 2094 908 2163 probare
937 2095 1119 2149 conati
1165 2103 1289 2148 sunt
1316 2093 1518 2147 cultum
1546 2093 1625 2146 sic
1653 2093 1759 2145 Deo
1799 2090 2054 2144 trilmtnm

475 2186 675 2242 rationi
704 2201 1027 2257 congruere,
1059 2194 1115 2239 et
1145 2186 1364 2240 arcanis
1393 2184 1713 2252 quihusdam
1758 2182 2056 2236 abstrusis»

474 2292 583 2348 que
614 2280 919 2335 rationibus
952 2279 1209 2334 Stabiliri.
1259 2278 1338 2332 Ac
1381 2275 1617 2347 Egyptii
1662 2277 1898 2343 quidem,
1932 2290 2053 2329 eum

473 2384 626 2424 suam
660 2372 752 2425 Dei
787 2372 995 2426 colendi
1035 2373 1298 2426 rationem
1354 2370 1405 2422 iu
1459 2368 1702 2423 colendis
1734 2366 2056 2420 animalibus

472 2462 710 2531 positam
742 2464 1028 2530 extollunt,
1060 2464 1336 2531 sapientes
1354 2472 1519 2517 sunt:
1553 2469 1609 2515 at
1639 2461 1683 2514 si
1734 2460 1856 2529 quis
1877 2458 2056 2514 ,ιιιιιω-

473 2565 629 2603 orum
680 2551 783 2619 legi
813 2547 1222 2621 legislatorique
1260 2551 1565 2606 assentiens
1595 2550 1775 2604 omnia
1830 2549 1897 2602 ad
1936 2549 2055 2602 uni-

473 2654 749 2694 x’ersarum
769 2656 946 2694 rerum
974 2642 1311 2695 conditorem
1340 2650 1393 2695 et
1429 2639 1602 2696 solum
1634 2640 1797 2693 Deum
1828 2638 2051 2704 referat,

471 2730 629 2787 Celso
659 2737 887 2802 ejusque
911 2733 1181 2788 similibus
1208 2734 1425 2789 videtur
1448 2748 1512 2788 eo
1543 2747 1663 2788 esse
1684 2730 1928 2797 inferior,
1961 2732 2051 2802 qui

474 2834 720 2879 naturam
762 2826 1004 2879 divinam
1065 2840 1169 2881 non
1223 2827 1295 2881 ad
1336 2824 1681 2880 rationabilia
1742 2834 1949 2879 tantum
2001 2834 2055 2879 et

473 2919 722 2974 mortalia
752 2920 1046 2984 animalia,
1109 2921 1202 2975 sed
1249 2921 1410 2975 etiam
1459 2918 1525 2973 ad
1565 2934 1628 2972 ea
1677 2933 1797 2987 quae
1843 2917 2054 2971 ratione

471 3019 684 3076 carent,
748 3011 1000 3077 dimittit;
1044 3013 1187 3082 quod
1243 3010 1525 3078 impietate
1593 3007 1748 3076 longe
1834 3014 2056 3075 superat

416 3094 426 3105 ’
472 3098 772 3157 fabulosam
823 3117 852 3157 e
902 3103 1222 3173 corporibus
1293 3102 1345 3155 in
1403 3114 1636 3168 corpora
1694 3099 2049 3168 transmigra-

474 3190 707 3257 tionem,
767 3208 868 3262 qua
950 3194 1101 3249 ﬁeret
1158 3202 1215 3247 ut
1266 3193 1446 3246 anima
1487 3208 1517 3246 e
1579 3190 2037 3246 ccelifornieihns

472 3281 688 3353 delapsa
727 3284 778 3337 in
811 3285 999 3339 brtnas
1030 3285 1334 3338 animantes
1385 3293 1495 3336 tam
1529 3290 1839 3336 mansuetas
1883 3294 2044 3350 quam

475 3373 623 3427 feras
643 3375 1019 3431 descenderet.
1056 3377 1187 3430 Cum
1225 3371 1539 3445 bnjusmodi
1586 3375 1794 3429 fabulas
1825 3381 2053 3427 narrant

476 3465 744 3538 Egyptii,
807 3466 1061 3521 nimirum
1116 3468 1401 3523 recondita
1470 3478 1523 3522 et
1566 3482 1763 3522 arcana
1823 3468 2053 3523 scrutari

2164 1905 2333 1975 ἄλογα
2361 1906 2474 1971 ζῶα
2501 1906 2968 1979 προσκυνούμενα,
2993 1909 3085 1961 καὶ
3111 1908 3258 1977 λόγοι
3280 1910 3649 1981 παριστάντες
3668 1908 3755 1962 εῦ-

2162 1997 2319 2065 λογον
2350 1993 2486 2052 εἶναι
2525 1998 2621 2051 καὶ
2665 2000 3151 2072 ἀνακεχιι›ρηκυῖάν
3187 2019 3309 2054 τινα
3342 2001 3440 2055 καὶ
3482 2002 3752 2074 μυστικὴν

2162 2087 2257 2160 τὴν
2286 2089 2540 2161 τοιαύτην
2568 2088 2659 2143 τοῦ
2686 2090 2821 2143 Θεοῦ
2846 2093 3157 2163 Θεραπείαν.
3182 2094 3303 2147 Κᾶν
3332 2095 3430 2165 μὲν
3460 2094 3752 2163 Αἰγύπτιοι

2162 2180 2290 2251 περὶ
2319 2179 2427 2233 τῶν
2460 2180 2613 2245 ζώων
2649 2182 3003 2253 σεμνύνοντες
3036 2185 3239 2238 ἑαυτῶν
3266 2186 3358 2238 τὸν
3388 2186 3550 2254 λόγον
3584 2186 3755 2242 Θεολο-

2158 2273 2282 2341 γίας
2300 2274 2527 2345 φέρωσι,
2552 2273 2705 2344 σοφοί
2728 2277 2865 2329 εἰσιν
2885 2292 2899 2306 ο
2919 2276 3014 2332 ἐὰν
3031 2276 3087 2330 δέ
3107 2295 3188 2341 τις
3202 2276 3311 2331 τῶν
3341 2278 3619 2331 Ἰουδαίων
3642 2278 3750 2348 (99)

2161 2350 2673 2438 συγῲιαταθέμενος
2696 2367 2846 2438 νόμῳ
2877 2367 2971 2422 καὶ⁹
3004 2369 3267 2442 νομοθέτῃ
3297 2369 3478 2423 πάντα
3505 2372 3755 2445 ἀναφέρῃ

2158 2459 2250 2512 ἐπὶ
2282 2454 2372 2511 τὸν
2400 2458 2509 2511 τῶν
2538 2459 2673 2513 ὅλων
2706 2460 3038 2531 δημιουργὸν
3069 2460 3161 2513 καὶ
3191 2461 3351 2530 μόνον
3381 2461 3539 2524 Θεὸν,
3574 2462 3751 2531 ⁴ίτγιττων

2157 2546 2296 2603 εἶναι
2343 2550 2495 2621 παρὰ
2542 2551 2734 2621 Κέλσῳ
2778 2552 2869 2604 καὶ
2902 2555 3013 2615 τοῖς
3050 2551 3256 2621 ὁμοίοις
3289 2552 3442 2621 αὐτῷ
3475 2551 3749 2619 λογίζεται

2155 2640 2248 2695 τοῦ
2297 2641 2371 2712 μὴ
2412 2645 2491 2703 είς
2540 2641 2732 2710 λογικά
2778 2642 2935 2712 μόνον
2966 2642 3061 2694 καὶ
3093 2640 3263 2712 θνητὰ
3296 2640 3434 2705 ζῶα,
3472 2642 3613 2695 ἀλλά
3656 2642 3749 2696 καὶ

2156 2732 2236 2795 είς
2268 2732 2437 2800 ἄλογα
2474 2732 2806 2800 κατάγοντος
2840 2731 2935 2803 τὴν
2984 2730 3230 2802 θεότητα,
3276 2732 3420 2802 ὑπὲρ
3450 2732 3556 2803 τὴν
3593 2733 3749 2803 μυθι-

2156 2824 2258 2895 κὴν
2286 2824 2772 2894 μετενσωμάτωσιν
2793 2823 2891 2892 (l),
2911 2823 3008 2893 τὴν
3034 2823 3162 2894 περὶ
3188 2823 3284 2892 τῆς
3308 2824 3619 2894 πιπτούσης
3645 2824 3749 2877 ἀπὸ

2155 2916 2262 2968 τῶν
2293 2915 2496 2984 ἀψίδων
2530 2914 2622 2968 τοῦ
2654 2916 2885 2987 οὐρανοῦ
2918 2916 3095 2986 ψυχῆς
3129 2917 3221 2968 καὶ
3254 2915 3361 2980 ἓως
3389 2916 3501 2970 τῶν
3539 2918 3749 2985 ἀλόγων

2156 3005 2330 3069 ζώων,
2358 3008 2420 3059 οὐ
2450 3008 2605 3078 μόνον
2644 3008 2882 3080 ἡμέρων,
2909 3007 3045 3060 άλλά
3069 3008 3162 3060 καὶ
3192 3009 3557 3081 ἀγριωτάτων
3585 3026 3749 3063 κατα-

2155 3099 2467 3171 ϐαινούσης.
2503 3100 2613 3154 Καὶ
2645 3101 2739 3154 ἐὰν
2789 3101 2885 3171 μὲν
2925 3100 3208 3168 Αἰγύπτιοι
3246 3099 3611 3171 μυθολογῶσι,
3660 3120 3748 3155 πιε-

2155 3192 2433 3245 στεύονται
2463 3190 2956 3261 πεφιλοσοφηκέναι
2988 3190 3056 3242 δι’
3087 3191 3357 3261 αἰνιγμῶν
3384 3191 3481 3243 καὶ
3507 3192 3751 3263 ἀπορρή-

2154 3303 2261 3339 των
2281 3302 2294 3315 ·
2332 3285 2427 3339 ἐὰν
2454 3284 2510 3337 δὲ
2546 3283 2787 3353 Μωῡσῆς
2818 3283 2922 3351 ὅλῳ
2949 3282 3090 3335 ἐονει
3121 3284 3458 3355 συγγράφων
3507 3285 3747 3356 ἱστορίας

2160 3376 2255 3430 καὶ
2288 3377 2485 3447 νόμους
2509 3376 2690 3438 αὐτοῖς
2720 3374 3014 3446 καταλίπῃ,
3046 3373 3202 3444 μῦθοι
3232 3375 3380 3428 κενοὶ
3410 3376 3744 3445 νομίζονται,

2165 3468 2287 3539 μηδ’
2320 3466 2647 3537 άλληγορίαν
2675 3463 3045 3534 ἐπιδεχόμενοι
3074 3465 3120 3517 οἱ
3163 3464 3311 3533 λόγοι
3343 3465 3535 3519 αὐτοῦ.

472 3569 760 3627 putantur;
805 3575 939 3630 quas
966 3576 1095 3616 vero
1119 3562 1395 3629 historias,
1440 3576 1573 3631 quas
1602 3561 1746 3631 leges
1813 3563 1907 3615 toti
1948 3561 2089 3632 genti
2146 3560 2358 3632 Moyses
2408 3559 2641 3630 reliquit,
2687 3572 2764 3612 ea:
2815 3559 3062 3612 videntur
3121 3557 3313 3612 inanes
3362 3556 3585 3621 fabulae,
3644 3570 3741 3611 nec

473 3653 588 3722 ejus
635 3670 915 3711 sermones
963 3658 1313 3727 allegoricum
1370 3671 1590 3712 sensum
1642 3666 1897 3727 putantur
1958 3657 2265 3712 admittere.

541 3744 634 3799 21.
662 3746 839 3817 Atque
892 3748 1007 3803 hmc
1044 3749 1184 3803 Celsi
1222 3749 1719 3823 Epicureorumque
1775 3750 2048 3805 sententia

472 3844 579 3888 est.
617 3836 751 3890 Nam
781 3837 854 3891 ait
879 3838 967 3892 ille
997 3857 1010 3893 :
1045 3860 1061 3891 ι
1092 3841 1167 3894 Ex
1209 3843 1307 3894 hac
1353 3841 1620 3906 doctrina,
1685 3857 1844 3909 quam
1893 3857 1922 3895 a
1962 3857 2052 3895 sa-

474 3924 747 3992 pictilibus
812 3930 1061 3999 gentibus
1130 3932 1463 4001 ernditisqne
1537 3932 1668 3986 viris
1728 3943 2046 4000 acceperat,

474 4015 713 4069 divinum
779 4017 995 4089 Moyses
1048 4032 1373 4076 consecutus
1443 4031 1526 4077 est
1586 4038 1805 4078 nomen.
1876 4041 1894 4076 ι
1947 4023 2046 4079 Cui

475 4120 574 4176 ego
610 4125 625 4162 :
673 4108 821 4176 Esto,
858 4111 1071 4183 Moyses
1109 4114 1457 4168 vetuStiorem
1495 4113 1795 4169 doctrinam
1836 4131 1903 4170 ex
1931 4116 2052 4170 aliis

475 4199 718 4253 auditam
779 4203 1065 4259 tradiderit
1117 4204 1379 4261 liehraris.
1438 4205 1494 4260 Si
1556 4207 1785 4271 falsam,
1828 4209 1871 4261 si
1917 4207 2053 4261 nihil

472 4289 757 4356 gravitatis
797 4302 885 4347 aut
920 4295 1199 4364 sapientia:
1240 4295 1524 4349 habentem
1568 4312 1635 4350 ex
1662 4298 1781 4352 aliis
1812 4298 2049 4351 auditam

475 4384 752 4449 suscepit,
799 4392 853 4438 et
882 4383 947 4440 iis
968 4401 1108 4454 quos
1151 4387 1413 4456 regebat,
1456 4391 1885 4452 commendavit,
1937 4405 2050 4442 me-

473 4476 580 4528 rito
607 4476 911 4545 culpandus
941 4487 1056 4545 est;
1098 4481 1242 4550 quod
1289 4482 1368 4546 si,
1402 4493 1459 4536 ut
1508 4484 1588 4538 ais
1644 4492 1734 4549 tu,
1784 4482 2049 4550 sapientia

477 4580 716 4636 veraque
748 4570 953 4639 recepit
998 4573 1271 4642 dogmata,
1311 4582 1365 4626 et
1414 4588 1543 4627 suos
1586 4589 1646 4627 ea
1684 4574 1889 4636 docuit,
1920 4572 2048 4641 quid

2224 3748 2396 3803 Τοῦτο
2442 3748 2548 3821 γάρ
2590 3746 2782 3816 Κέλσῳ
2832 3744 3067 3808 καὶτοῖς
3126 3744 3531 3817 Ἐπικουρείοις
3574 3746 3737 3799 δοκεῖ.

2161 3859 2181 3892 ι
2218 3840 2422 3895 Τούτου
2466 3837 2579 3903 οὖν,
2632 3838 2785 3909 φησι,
2842 3836 2935 3890 τοῦ
2976 3837 3135 3905 λόγου
3180 3836 3272 3889 τοῦ
3329 3838 3484 3909 παρὰ
3514 3839 3627 3900 τοῖς
3658 3853 3745 3888 σου

2158 3932 2280 4001 φοῖς
2338 3931 2517 3983 ἔθνεσι
2574 3931 2668 3982 καὶ
2720 3928 3025 3997 ὲλλογίμοις
3085 3927 3344 4000 ἀνδράσιν
3395 3928 3739 3997 ἐπακηκοὼς,

2156 4023 2328 4094 όνομα
2358 4022 2631 4093 δαιμόνιον
2664 4019 2790 4090 ἔσχε
2822 4019 3080 4088 Μωῦσῆς.
3135 4038 3152 4069 ι
3190 4020 3300 4071 Καὶ
3329 4018 3471 4090 πρὸς
3505 4019 3658 4075 τοῦτο
3688 4018 3742 4069 δὲ

2156 4112 2396 4177 λεκτέον,
2427 4111 2492 4167 ἵν’
2519 4109 2666 4181 αύτῷ
2702 4109 3024 4180 συγχωρηθῇ
3058 4109 3294 4162 Μωῦσέα
3324 4110 3621 4182 ἀκηκοέναι
3645 4111 3739 4179 ἀρ-

2155 4205 2436 4276 χαιοτέρου
2472 4203 2669 4271 λόγου,
2696 4204 2790 4256 καὶ
2825 4201 3010 4255 τοῦτον
3055 4199 3330 4269 Ἑϐραίοις
3364 4200 3743 4272 παραδεδωκέ-

2157 4314 2246 4352 ναι
2263 4313 2275 4323 ·
2303 4297 2385 4349 ὅτι
2410 4297 2456 4347 εί
2484 4296 2580 4366 μὲν
2600 4294 2827 4364 ψευδοῦς
2848 4294 3005 4361 λόγου
3030 4294 3291 4357 ἀκούσας,
3321 4296 3417 4347 καὶ
3442 4294 3520 4364 μὴ
3548 4291 3703 4363 σοφοῦ
3722 4333 3737 4356 ,

2165 4389 2298 4460 μηδὲ
2331 4388 2550 4459 σεμνοῦ,
2592 4386 2924 4458 παρεδέξατο
2956 4386 3121 4440 αὐτὸν
3167 4388 3259 4440 καὶ
3302 4387 3593 4457 παρέδωκε
3634 4388 3740 4449 τοῖς

2162 4481 2253 4534 ὑπ’
2304 4479 2486 4543 αὑτὸν,
2521 4478 2781 4549 ἐγκλητός
2828 4479 3007 4530 ἐστιν’
3044 4479 3092 4529 εί
3134 4476 3200 4541 δ’,
3237 4477 3314 4541 ὡς
3341 4478 3409 4529 σὺ
3450 4478 3579 4549 φῂς,
3617 4493 3740 4543 συγ-

2162 4569 2420 4624 κατέθετο
2444 4569 2676 4641 δόγμασι
2711 4571 2891 4636 σοφοῖς
2925 4568 3019 4620 καὶ
3052 4567 3297 4637 ἀληθέσι,
3331 4568 3427 4622 καὶ
3459 4569 3738 4622 ἐπαίδευσε

474 4654 605 4709 fecit
634 4659 918 4727 quodjnre
947 4639 1267 4732 reprehendi
1302 4666 1500 4735 queat?
1533 4665 1749 4721 Utinam
1788 4639 2050 4732 Epicurus

2166 4661 2281 4722 τοὺς
2313 4660 2544 4722 οἰκείους
2574 4658 2642 4710 δι’
2676 4656 2875 4722 αὐτῶν,
2901 4659 2951 4711 τί
2971 4676 3098 4711 ποτε
3128 4658 3568 4731 (ἓβιατηγορίας
3598 4659 3739 4725 ἀξιον

496 4819 507 4830 ,
544 4751 656 4830 (97_)_
697 4753 771 4807 Τὰ
785 4755 903 4830 ’τοῦ
935 4758 1084 4811 Θεοῦ
1112 4761 1639 4827 παραστήσαντος.
1679 4760 1769 4830 Sic
1817 4758 2061 4830 ifhiloca-

474 4819 579 4899 lial;
618 4819 959 4899 ltmschelins
982 4839 1159 4881 antem
1183 4819 1237 4883 et
1266 4819 1691 4895 δμωιιρειηιιεξτά
1719 4827 1853 4882 Θεοῦ
1887 4845 2062 4899 παρα-

475 4892 788 4969 στῄσαντος.
834 4894 1042 4969 Mallem
1076 4916 1089 4949 :
1119 4898 1200 4950 Τὰ
1252 4892 1345 4953 τοῦ
1389 4899 1524 4952 Θεοῦ
1572 4892 1980 4969 παραστῆσαν,’
2006 4907 2063 4952 ιιι

475 4918 788 4960 υιιιυυινιυς.
834 4918 1042 4948 unaue!"
1076 4918 1089 4949 :
1128 4918 1200 4950 ια
1252 4918 1345 4953 του
1389 4918 1524 4952 UEOU
1572 4919 1647 4952 πα
1686 4918 1961 4968 αστησαν,
2006 4918 2060 4952 ut.

474 4962 743 5040 Γθίεὶίῖυέξ
775 4967 1130 5040 παραστῆσαν
1166 4970 1252 5040 ad
1284 4972 1596 5038 prmcedens
1640 4918 1862 5040 [plveﬁpa
1898 4972 2060 5021 θεῖον.

479 5090 508 5111 τ
548 5030 659 5099 (98)
813 5030 1202 5105 πρεσϐύτερα.
1228 5030 1420 5095 Gnieto
1450 5030 1800 5096 scribendum
1826 5042 2061 5111 videtur,

472 5102 551 5188 ῶν
582 5102 947 5188 πρεσϐύτερα,
978 5102 1121 5188 quod
1149 5111 1363 5188 et_n_tih_i
1393 5111 1770 5188 arridet._l\l_ox
1811 5118 1934 5188 post
1967 5110 2064 5188 mi.

472 5169 582 5248 τὰς
608 5169 966 5248 ἐκπυρώσεις,
994 5169 1098 5230 duo
1136 5181 1291 5232 codd.
1322 5181 1600 5248 Anglicani
1628 5169 1848 5243 habenti,
1873 5178 1966 5242 οὒς
2005 5179 2064 5231 ού

471 5239 904 5322 τεθεωρήκασιψ
941 5250 1157 5322 lteg.Aet
1198 5248 1382 5314 Basil.,
1407 5239 1486 5304 νοῦ
1533 5251 1593 5303 ού
1641 5239 2065 5322 τεθεωρήκασιν,

475 5314 679 5389 sicque.
704 5314 965 5389 Julianus,
996 5317 1353 5389 quiiinsuper
1378 5322 1443 5374 ad
1482 5323 1779 5389 marginem
1818 5314 1989 5374 habet
2027 5318 2063 5370 iit

473 5382 535 5463 ορ
592 5380 1028 5470 τεθεωρίὶκασινξ
1072 5380 1411 5470 Ηφδριίρίίιιε
1459 5401 1514 5470 et
1547 5380 1853 5470 Spcneet'us
1882 5404 2058 5470 neque

474 5454 591 5514 οὓς.
624 5468 799 5518 neque
819 5454 874 5529 ᾇ,
903 5472 1077 5529 neque
1103 5454 1162 5511 οῦ
1191 5454 1659 5529 exhibent,sicqize
1682 5461 1870 5529 reliqui
1891 5454 2053 5514 codd.

478 5533 630 5594 tus_s_._
651 5536 785 5594 quas
819 5525 919 5577 hoc
955 5528 1070 5579 loco
1108 5530 1407 5594 sequimur.

549 5591 657 5660 (99)
705 5593 845 5645 Ἐὰν
872 5595 937 5649 δε
974 5613 1061 5661 τις
1090 5591 1208 5650 td»;
1246 5599 1557 5653 Ἰουδαίων.
1601 5599 1692 5654 Sic
1736 5599 2052 5654 Philoealia.

478 5657 820 5735 liteschehus
846 5676 901 5719 et
942 5657 1265 5735 Spéncerus,
1297 5670 1392 5721 ἐάν
1435 5671 1492 5723 δὲ
1536 5675 1564 5724 ὁ
1614 5672 1720 5723 τῶν
1767 5671 2053 5724 Ἰουδαίων.

476 5731 655 5785 Codex
683 5731 1029 5798 Basilccttsis,
1052 5738 1146 5790 ἐάν
1176 5738 1232 5791 δὲ
1262 5742 1291 5793 ὁ
1322 5739 1398 5809 τῷ
1441 5741 1729 5805 Ἰουδαίων,
1761 5758 1863 5796 non
1892 5741 2053 5794 male.

2161 4754 2327 4808 Paulo
2376 4765 2496 4821 post
2556 4753 2782 4817 Philoc.,
2840 4754 3165 4824 δημιουργὸν
3220 4754 3315 4807 καὶ
3365 4756 3527 4824 μόνον
3589 4756 3734 4809 Θεόν.

2164 4825 2320 4894 Apud
2359 4824 2719 4878 Hmschclium
2752 4835 2806 4877 ct
2839 4824 3170 4894 Spencertttn
3202 4824 3351 4877 deest
3386 4825 3507 4894 καί.

2239 4894 2316 4961 (1)
2361 4894 2529 4963 Ὑπὲρ
2582 4894 2696 4961 τὴν
2739 4893 3000 4963 μυθικὴν
3042 4893 3604 4962 μετενσωμάτωσιν.
3651 4892 3737 4946 Sic

2165 4963 2462 5019 Philocalia
2492 4968 2877 5031 tnattuscripta,
2910 4977 2964 5017 et
2994 4981 3128 5017 sane
3157 4967 3391 5032 genuina
3428 4976 3511 5019 est
3559 4966 3731 5018 lectio.

2170 5035 2374 5089 Sensus
2396 5038 2539 5087 enim
2568 5035 2668 5087 hoc
2697 5035 2813 5087 loco
2846 5036 2889 5087 is
2918 5045 3019 5098 est,
3052 5033 3336 5105 [Egyptios
3362 5036 3454 5103 qui
3492 5046 3732 5099 naturam

2169 5105 2402 5159 divinam
2430 5121 2534 5157 non
2560 5106 2627 5157 ad
2652 5106 2991 5158 rationabilia
3019 5116 3228 5157 tantum
3257 5116 3311 5159 et
3343 5106 3616 5167 mortalia,
3645 5106 3733 5158 sed

2165 5176 2328 5228 etiam
2362 5174 2429 5226 ad
2460 5176 2613 5229 bruta
2648 5176 2900 5227 animalia
2923 5177 3237 5238 demittunt,
3272 5177 3556 5242 impietate
3586 5176 3735 5242 longe

2166 5245 2474 5310 superiores
2489 5260 2609 5299 esse
2628 5245 2691 5297 iis
2710 5245 2798 5312 qui
2818 5245 3030 5297 animus
3050 5247 3357 5314 snlasjuxta
3380 5245 3669 5297 Platonicm
3683 5252 3734 5296 rt

2171 5314 2428 5368 fabulosa:
2464 5316 2953 5383 transmigrationis
2984 5330 3229 5367 normam
3272 5330 3302 5366 e
3333 5317 3655 5379 corporibus
3678 5316 3731 5383 in

2167 5400 2393 5452 corpora
2417 5388 2649 5452 migrare
2665 5382 2913 5455 censent.
2926 5384 3083 5437 Libh.
3100 5386 3253 5445 editi,
3274 5384 3368 5436 ἐπὶ
3388 5384 3486 5455 τὴν
3508 5382 3733 5455 μυθικὴν

2168 5457 2669 5526 μετενσωμάτωσιν,
2688 5454 2971 5526 Philocaia
2991 5455 3275 5526 impressa,
3291 5455 3433 5524 ὑπὲρ
3444 5453 3543 5524 τὴν
3559 5453 3736 5506 αὐθεν-

2164 5527 2320 5596 τικὴν
2362 5523 2862 5597 μετενσωμάτωσιντ
2906 5523 3076 5577 Paulo
3107 5535 3239 5597 post
3270 5523 3443 5597 codex
3490 5523 3730 5597 Julianus

2165 5597 2231 5647 ad
2270 5595 2563 5661 mai-ginem
2597 5598 2775 5660 habet,
2796 5595 2862 5647 δι’
2893 5596 3232 5665 αἰνιγμάτων
3263 5596 3359 5648 καὶ
3385 5595 3726 5665 ἀπορρήτων.

2235 5665 2310 5734 (2)
2348 5668 2406 5719 Τί
2437 5684 2598 5721 ποτε.
2630 5666 2681 5719 In
2713 5668 2896 5719 codice
2925 5664 3217 5720 Basileensi
3248 5668 3400 5734 deest
3428 5664 3580 5727 ποτέ,
3615 5674 3729 5718 neo-

2164 5730 2267 5792 non
2292 5730 2345 5789 in
2374 5739 2544 5794 tribus
2601 5738 2905 5806 Anglicunis
2937 5743 2990 5788 et
3015 5734 3227 5790 duobus
3251 5730 3554 5791 Vaticanis.
