3996 6528
302 393 402 453 τοι

1542 397 1823 456 CONTRA
1857 399 2132 456 CELSUM
2168 399 2294 456 LIB.
2326 399 2367 458 1.

3461 405 3567 460 702

296 514 542 586 μοσύνην
584 512 797 586 μητέρα
846 511 1076 567 Μουσῶν
1112 512 1290 577 ἐννέα,
1333 513 1452 566 οὐδὲ
1483 513 1655 585 Θέμιν
1699 514 1855 588 Ὠρῶι

1962 559 1966 580 ,
1998 516 2120 570 dem
2152 514 2440 578 Horarum,
2471 526 2568 568 nec
2594 511 2939 584 Eurynomen
2969 515 3304 581 Gratiarum,
3330 533 3428 573 nec
3453 521 3559 574 alia

289 608 415 661 οὐδὲ
468 609 787 681 Εὐρυνόμην
843 607 971 679 μίαν
1025 607 1135 661 τῶν
1191 607 1429 679 χαρίτων
1465 607 1600 679 (15),
1645 609 1763 662 οὐδὲ
1815 608 1882 662 τὰ

286 698 458 754 λοιπὰ
480 700 717 771 ὀνόματα
759 699 968 765 aii-.5»);
1019 699 1177 770 Πόσῳ
1221 695 1312 752 οὖν
1355 699 1761 771 ἐναργέστερον,
1789 701 1882 753 καὶ

289 794 512 847 πάντων
560 791 764 846 τούτων
806 793 912 864 τῶν
965 793 1402 864 ἀνα-πλασμάτων
1440 793 1666 863 βέλτιον,
1701 795 1779 856 τὸ,
1817 795 1881 847 ὲκ

285 883 397 936 τῶν
443 884 736 957 ὁρωμένων
791 884 1107 956 πειθόμενον
1156 887 1268 948 τοῖς
1311 885 1450 938 κατὰ
1487 886 1587 957 τὴν
1632 885 1878 949 εὐταξίαν

282 976 380 1029 τοῦ
417 977 645 1047 κόσμου,
681 978 856 1031 σέϐειν
884 978 971 1030 τὸν
1014 977 1338 1050 δημιουργὸν
1365 977 1548 1041 αὑτοῦ,
1585 979 1701 1041 ἐνὸς
1729 977 1878 1040 ὄντος

281 1070 404 1132 ἕνα,
441 1070 536 1122 καὶ
562 1070 924 1140 συμπνέοντος
953 1069 1116 1122 αὑτοῦ
1138 1070 1242 1141 ὅλῳ
1273 1069 1469 1140 ἑαυτῷ,
1502 1071 1587 1122 ιιαί
1613 1069 1699 1122 διὰ
1721 1069 1876 1123 τοῦτο

283 1163 362 1233 μὴ
390 1163 690 1234 δυναμένου
710 1164 819 1235 (14)
851 1165 953 1217 ὑπὸ
977 1163 1181 1217 πολλῶν
1205 1163 1548 1236 δημιουργῶν
1573 1163 1872 1232 γεγονέναι,

277 1253 357 1317 ὡς
390 1255 502 1308 οὐδ’
531 1255 637 1308 ὑπὸ
660 1255 869 1308 πολλῶν
894 1257 1077 1327 ψυχῶν
1113 1257 1425 1327 συνέχεσθαι
1451 1256 1568 1309 ὅλον
1596 1256 1685 1309 τὸν
1713 1256 1875 1326 οὐρα-

276 1347 371 1398 νδν
401 1347 700 1401 κινουσῶν⁹
745 1349 906 1420 ἀρκεῖ
942 1350 1048 1421 γὰρ
1101 1351 1198 1420 μία
1240 1352 1271 1421 ἡ
1323 1350 1564 1421 φέρουσα
1609 1349 1734 1418 ὅλην
1777 1347 1873 1418 τὴν

273 1439 496 1511 ἁπλανῆ
539 1441 645 1493 ἀπὺ
684 1443 956 1495 ἀνατολῶν
999 1445 1090 1498 ἐπὶ
1137 1443 1376 1514 δυσμὰς,
1432 1442 1526 1495 καὶ
1575 1441 1872 1512 ἐμπεριλα-

273 1528 457 1583 ϐοὖσα
489 1529 633 1584 ἔνδον
677 1533 873 1595 πάντα,
907 1527 979 1586 ὧν
1007 1535 1192 1605 χρείαν
1226 1533 1336 1604 ἔχει
1370 1534 1397 1585 ὁ
1433 1533 1655 1602 κόσμος,
1695 1530 1762 1584 τὰ
1798 1531 1871 1602 μὴ

271 1621 562 1692 αὐτοτελῆ.
599 1624 783 1677 Πάντα
815 1624 922 1695 γὰρ
962 1625 1100 1696 μέρη
1135 1624 1359 1696 κόσμου,
1404 1623 1558 1677 οὐδὲν
1605 1622 1660 1674 δὲ
1707 1622 1872 1694 μέρος

270 1713 402 1766 ὅλου
433 1712 583 1776 Θεός.
618 1715 708 1766 Δεῖ
737 1715 844 1786 γὰρ
874 1713 1011 1768 εἶναι
1060 1717 1150 1770 τὸν
1180 1716 1311 1770 Θεὸν
1349 1715 1422 1786 μὴ
1463 1714 1648 1785 ἀτελῆ,
1684 1712 1870 1783 ὥσπερ

270 1801 398 1854 ἐστὶ
421 1802 482 1854 τὸ
512 1803 677 1873 μέρος
703 1804 909 1867 ἀτελές.
949 1804 1101 1875 Τάχα
1137 1805 1192 1858 δὲ
1245 1804 1536 1875 βαθύτερος
1578 1802 1735 1871 λόγος
1765 1802 1871 1855 δεί-

1994 606 2307 661 Grascorum
2349 605 2564 660 nomina
2608 605 2878 660 admittit?
2909 606 3122 672 Quanto
3149 607 3312 677 igitur
3341 609 3562 662 eviden-

1997 697 2123 762 tius,
2157 709 2362 768 quanto
2389 699 2474 753 his
2506 699 2758 752 omnibus
2792 698 3062 766 ﬁgmentis
3090 700 3280 753 melius
3303 710 3384 753 est
3406 715 3560 770 argu-

1997 801 2238 845 mentum
2274 807 2380 861 quo
2405 794 2526 861 quis
2545 809 2610 845 ex
2635 790 2896 861 praeclaro
2922 807 3099 845 rerum
3130 809 3247 862 qua:
3280 794 3331 845 in
3359 795 3559 847 mundo

1986 885 2419 954 conspiciuntur,
2445 887 2636 940 ordine
2671 900 2980 956 persuasus,
3015 885 3156 939 illius
3179 887 3360 938 mundi
3396 901 3556 939 vene-

1988 985 2140 1027 ratur
2167 976 2536 1038 conditorem,
2579 977 2738 1030 unius
2777 991 3071 1045 secumque
3104 976 3248 1028 omni
3297 991 3360 1028 ex
3402 985 3554 1044 parte

1985 1065 2381 1120 consentientis
2433 1081 2619 1121 mium.
2666 1066 2780 1131 Qua
2827 1066 3040 1134 quidem
3065 1066 3292 1134 partium
3315 1067 3551 1119 omnium

1987 1154 2393 1222 conspiratione
2436 1163 2488 1208 et
2539 1169 2804 1210 consensu
2849 1156 3014 1224 liquet
3055 1156 3310 1209 mundum
3354 1173 3382 1210 a
3434 1157 3555 1225 plu-

1986 1242 2135 1296 ribus
2171 1246 2346 1299 creari
2379 1261 2483 1298 non
2514 1246 2771 1315 potuisse,
2799 1261 2972 1314 neque
3000 1247 3242 1316 pluribus
3265 1249 3552 1301 animabus

1984 1334 2099 1402 regi
2137 1349 2256 1400 quae
2295 1344 2462 1388 totum
2498 1336 2692 1390 malum
2725 1345 2978 1390 moveant
3003 1361 3012 1392 ;
3040 1354 3160 1391 cum
3193 1353 3297 1390 una
3330 1338 3552 1391 ferendo

1979 1425 2047 1479 ab
2083 1429 2292 1480 oriente
2324 1427 2375 1480 in
2414 1430 2754 1483 occidentem
2790 1431 3134 1485 ﬁrmamento
3167 1430 3388 1485 suﬁiciat
3421 1446 3554 1485 con-

1980 1517 2323 1587 tinendisque
2365 1520 2632 1588 partibus,
2685 1536 2823 1590 qua},
2869 1532 3017 1574 uth
3049 1538 3106 1576 se
3149 1521 3402 1588 perfecta:
3445 1538 3550 1574 non

1978 1609 2110 1672 sint,
2145 1607 2346 1661 mundo
2376 1617 2558 1662 tamen
2585 1620 2710 1662 sunt
2740 1612 3078 1664 necessariae.
3106 1611 3373 1680 Quidquid
3403 1611 3548 1663 enim

1979 1696 2033 1749 in
2062 1698 2262 1751 mundo
2290 1707 2394 1763 est,
2427 1701 2616 1753 mundi
2645 1711 2774 1754 sunt
2809 1712 3012 1769 partes,
3046 1718 3149 1754 non
3182 1704 3343 1756 totius
3372 1714 3548 1756 autem

1978 1804 2040 1858 pa
2052 1805 2102 1842 rs
2125 1787 2284 1846 Deus.
2307 1789 2438 1844 Nam
2455 1807 2579 1860 pars
2593 1803 2675 1847 est
2693 1794 2820 1860 quid
2847 1789 3240 1862 imperfectum,
3259 1797 3399 1862 quod
3428 1797 3535 1848 Deo

268 1891 376 1958 ξει,
405 1895 490 1947 ὅτι
533 1895 736 1966 κυρίως
778 1896 910 1960 Θεὸς
950 1897 1136 1968 ὥσπερ
1183 1900 1282 1951 οὐκ
1322 1898 1433 1950 ἐστι
1479 1897 1662 1968 μέρος,
1695 1895 1855 1959 οὕτως

1973 1881 2192 1934 minime
2217 1885 2491 1936 convenit.
2528 1884 2689 1938 Forte
2715 1884 2898 1950 etiam,
2918 1885 2959 1937 si
2993 1886 3110 1953 quis
3136 1884 3294 1956 35.1
3320 1886 3550 1941 voluerit

266 1983 395 2035 οὐδὲ
429 1985 569 2049 ὅλον,
603 1986 725 2038 ἐπεὶ
751 1987 808 2040 τὸ
840 1988 958 2042 ὅλον
988 1991 1052 2042 ἐκ
1092 1989 1270 2060 μερῶν
1301 1992 1415 2042 ἐστι
1436 2007 1449 2019 ·
1492 1991 1586 2042 κα).
1620 1989 1721 2042 οὐκ
1753 1991 1868 2060 ἐρεῖ

267 2076 437 2144 λόγος
464 2077 866 2149 παραδέξασθαι
916 2081 1007 2134 τὸν
1054 2081 1145 2133 ἐπὶ
1188 2083 1320 2134 πᾶσι
1352 2081 1485 2134 Θεὸν
1516 2078 1653 2133 εἶναι
1681 2081 1746 2134 ὲκ
1769 2096 1865 2151 με·

269 2162 509 2238 ρῶν,-ὧν
536 2171 763 2224 ἕκαστον
795 2171 855 2225 οὐ
885 2171 1104 2226 δύναται
1138 2174 1274 2244 ὅπερ
1296 2172 1364 2225 τὰ
1386 2172 1521 2226 ἄλλα
1554 2173 1718 2244 μέρη.

354 2423 513 2482 Μετᾶ
550 2426 727 2482 ταῦτά
758 2447 918 2502 φησιν
938 2469 952 2492 ,
991 2428 1072 2482 ὅτι
1108 2449 1124 2480 ι
1185 2433 1232 2485 οἱ
1261 2431 1469 2485 αἰπόλοι
1494 2433 1586 2485 καὶ
1609 2432 1862 2502 ποιμένες

264 2517 365 2571 ἕνα
399 2519 658 2589 ἐνόμισαν
685 2523 836 2585 Θεὸν,
887 2525 996 2576 εἴτε
1026 2524 1310 2593 Ὕψιστον,
1341 2523 1439 2576 εἴτ’
1487 2524 1730 2588 Ἀδωναῒ,
1763 2525 1860 2577 εἴτ’

267 2611 559 2678 Οὐράνιον,
594 2613 704 2665 εἴτε
734 2614 979 2678 Σαϐαὼθ,
1029 2615 1136 2668 εἴτε
1166 2617 1259 2668 καὶ
1286 2617 1392 2686 ὅπη
1440 2617 1534 2668 καὶ
1564 2617 1711 2678 ὅπως
1743 2617 1861 2686 χαί-

266 2719 454 2772 ρουσιν
484 2704 837 2773 ὀνομάζοντες
864 2707 1009 2758 τόνδε
1037 2706 1126 2760 τὸν
1156 2708 1359 2778 κόσμον
1389 2725 1400 2737 ·
1435 2710 1528 2761 καὶ
1563 2709 1741 2762 πλεῖον
1772 2709 1861 2761 οὐ-

263 2794 355 2846 δὲν
389 2794 656 2863 ἔγνωσαν.
687 2817 704 2848 »
759 2799 867 2851 Καὶ
893 2798 1019 2867 ἑξῆς
1045 2799 1102 2852 δέ
1146 2817 1298 2869 φησι,
1348 2819 1364 2850 ι
1394 2800 1556 2870 μηδὲν
1585 2800 1858 2870 διαφέρειν

261 2885 344 2954 τῷ
397 2889 532 2958 παρ’
563 2887 785 2958 Ἕλλησι
836 2889 1120 2959 φερομένῳ
1168 2890 1394 2960 ὀνόματι
1448 2891 1538 2943 τὸν
1582 2893 1673 2944 ἐπὶ
1723 2894 1856 2944 πᾶσι

259 2977 398 3030 Θεὸν
427 2977 609 3032 καλεῖν
638 2979 670 3050 ἢ
700 2979 816 3042 Δία,
849 2979 880 3049 ἢ
909 2979 985 3050 τῷ
1008 2981 1140 3034 δεῖνι
1309 2982 1451 3054 (φέρ’
1477 2984 1695 3054 εἰπεῖν,)
1726 2986 1856 3056 παρ’

275 3067 489 3131 Ἰνδοῖς,
525 3069 557 3134 ἢ
585 3068 662 3139 τῷ
687 3071 818 3124 δεῖνι
848 3075 975 3144 παρ’
1001 3074 1336 3142 Αἰγυπτίοις.
1369 3095 1387 3127 ›
1419 3076 1652 3130 Λεκτέον
1680 3077 1734 3130 δὲ
1763 3077 1856 3130 καὶ

263 3158 406 3229 πρὸς
445 3159 624 3224 τοῦτο,
673 3162 755 3215 ὅτι
784 3164 1046 3232 ἐμπίπτει
1093 3166 1174 3228 εἰς
1219 3166 1281 3218 τὸ
1312 3167 1672 3238 προκείμενον
1700 3167 1854 3237 λόγος

263 3253 457 3321 βαθὺς,
513 3255 605 3306 καὶ
658 3254 987 3327 ἀπόρρητος,
1038 3256 1066 3307 ὁ
1122 3258 1249 3328 περὶ
1299 3258 1512 3328 φύσεως
1547 3259 1847 3330 ὀνομάτων,

266 3342 519 3414 πάτερον,
571 3343 647 3408 ὡς
674 3345 842 3398 οἴεται
882 3345 1256 3418 Ἀριστοτέλης
1285 3347 1416 3419 (16),
1448 3348 1593 3400 θέσει
1640 3350 1756 3402 ἐστὶ
1783 3349 1850 3402 τὰ

259 3487 500 3561 legebat,
527 3486 634 3541 τῶν
666 3481 864 3538 λοιπῶν
889 3485 1200 3560 βαρϐάρων.
1226 3487 1396 3543 Paulo
1423 3500 1542 3561 post
1578 3490 1629 3544 in
1662 3492 1852 3547 codice

259 3558 434 3621 Hegio
466 3561 636 3621 deest.
665 3562 982 3616 ὑπόστασιν.
1074 3558 1083 3560 “
1423 3558 1438 3561 ⁷
1859 3577 1863 3580 ’

331 3629 443 3698 (15)
465 3630 632 3704 ρἰαν
664 3631 782 3704 τῶν
807 3633 1082 3704 χαρρνων.
1112 3627 1476 3704 δεζίδθηιιιιῃι
1513 3630 1725 3684 videtur
1750 3650 1852 3704 μη-

255 3698 396 3774 τέρα
421 3699 530 3752 τῶν
561 3697 903 3774 χαρίτωνξιιὶ
934 3701 1172 3763 Themis,
1203 3697 1381 3774 inquit.
1427 3697 1762 3769 Spencerus,
1784 3697 1854 3756 sit

259 3770 537 3841 Horarum
573 3780 624 3821 et
642 3770 994 3841 Mnemosyne
1026 3782 1196 3826 mater
1223 3770 1503 3841 Musarum
1536 3789 1547 3822 :

263 3838 430 3910 Τρεῖς
457 3839 524 3892 δέ
541 3843 593 3893 οἱ
620 3838 937 3910 Εὐρυνόμη
962 3841 1206 3909 χάριτας
1226 3839 1364 3895 τέκε
1381 3841 1848 3909 καλλιπαρῄους.

259 3908 490 3982 llcsiorl.
535 3910 588 3982 in
640 3908 959 3982 ’l'lieogonia.
999 3908 1163 3964 Paulo
1200 3922 1321 3980 post
1354 3913 1510 3966 codd.
1559 3908 1760 3982 Regius
1797 3921 1852 3967 et

258 3977 797 4054 Basileensis,_a_-.o'sqi
819 3977 911 4034 οὖν
934 3977 1218 4054 ἐνεργέστέ
1229 3999 1338 4052 ρον.

333 4048 450 4117 (Η)
486 4049 600 4101 Duo
626 4048 896 4115 Vaticani,
923 4048 1038 4105 tres
1074 4048 1366 4116 Anglicani
1411 4060 1463 4104 et
1507 4050 1851 4117 liasilecnsis,

257 4120 338 4190 μὴ
369 4119 872 4192 δυναμέ-νῳεΡιιιιΙο
915 4131 1035 4190 post
1073 4120 1414 4192 llmschelius
1455 4121 1506 4174 in
1554 4131 1722 4192 textu,
1756 4123 1854 4192 ἀρ-

256 4189 350 4242 κεῖ
382 4190 490 4260 γὰρ
514 4189 706 4262 μῑαοό
733 4189 991 4262 φέρουσα,
1022 4191 1176 4246 male.
1202 4191 1405 4248 Omnes
1429 4207 1557 4245 mss.
1585 4201 1643 4244 ut
1675 4191 1726 4262 in
1755 4189 1852 4262 no-

255 4273 379 4331 stro
411 4270 585 4331 textu.
621 4260 762 4331 Infra
803 4260 1138 4316 Hmschelius
1179 4263 1230 4316 in
1271 4272 1440 4323 textu,
1470 4262 1642 4318 ταῦτα
1669 4261 1725 4313 δὲ
1752 4261 1850 4331 βα-

257 4329 489 4400 θύτερος
519 4329 694 4396 λόγος.
721 4330 888 4385 Paulo
921 4331 1148 4387 inferius
1178 4333 1321 4388 idem
1365 4334 1416 4386 in
1460 4341 1606 4389 testu
1659 4329 1845 4400 habet,

253 4399 453 4472 ὥσπερ
482 4399 565 4472 τὰ,
575 4400 708 4472 ἄλλα
744 4401 907 4472 μέρη.

333 4469 448 4542 (l5!)
489 4469 572 4542 1ῗῷ
597 4469 767 4533 δεῖνι,
803 4469 905 4526 etc.
951 4471 1024 4525 lla
1056 4472 1213 4526 codd.
1250 4472 1453 4542 Regius
1490 4481 1541 4525 et
1570 4472 1841 4528 Basilccn-

255 4542 337 4595 sis
369 4555 384 4610 ι
414 4540 705 4594 Philocalia
741 4557 870 4596 vero
894 4558 1014 4595 cmn
1042 4542 1266 4610 reliquis
1295 4540 1449 4608 mss.,
1482 4542 1558 4610 τῷ
1585 4544 1732 4597 δεῖνα

1970 1971 2135 2028 altius
2170 1977 2432 2040 scrutari,
2478 1975 2642 2029 Deum
2689 1993 2786 2032 nec
2831 1987 3058 2048 partem,
3091 1994 3189 2032 nec
3223 1989 3389 2032 totum
3425 1995 3546 2034 esse

1967 2062 2304 2130 probaverit.
2359 2064 2503 2122 Sane
2558 2076 2725 2121 totum
2777 2077 2991 2122 constat
3042 2084 3106 2121 ex
3161 2069 3436 2136 partibus;
3490 2080 3548 2123 at

1971 2157 2107 2212 ratio
2154 2173 2424 2227 nunquam
2479 2175 2750 2215 summum
2797 2162 2964 2215 Deum
3020 2162 3233 2215 admitti
3293 2164 3533 2230 patietur

1967 2263 2033 2303 cx
2063 2249 2309 2318 partibus
2338 2251 2655 2321 conﬂatum,
2683 2269 2908 2323 quarum
2935 2254 3157 2324 singulae
3185 2271 3286 2309 non
3315 2266 3544 2324 possunt

1966 2341 2110 2411 quod
2142 2342 2366 2412 reliquae
2397 2359 2609 2400 omnes.

2033 2431 2123 2484 24.
2173 2431 2486 2500 Sequuntur
2540 2435 2652 2488 hzrc
2685 2435 2868 2489 Celsi:
2907 2436 3014 2490 ("l
3067 2439 3297 2506 caprarii
3346 2450 3398 2492 et
3449 2455 3541 2507 pa-

1963 2535 2138 2578 stores
2195 2541 2359 2579 nnum
2413 2540 2532 2581 esse
2587 2527 2752 2580 Deum
2798 2528 3165 2596 crediderunt,
3220 2530 3334 2583 sive
3389 2531 3536 2584 illum

1963 2616 2271 2681 Excelsum,
2317 2618 2431 2671 sive
2474 2618 2701 2683 Adonai,
2755 2619 2870 2672 sive
2901 2617 3216 2686 leestem,
3267 2622 3381 2676 sive
3433 2622 3534 2676 Sa-

1966 2708 2154 2773 baoth,
2198 2709 2314 2763 sive
2349 2709 2541 2779 quovis
2572 2710 2679 2762 alio
2711 2709 2930 2762 nomine
2965 2710 3106 2764 hunc
3141 2715 3395 2766 mundum
3442 2729 3540 2783 ap-

1961 2800 2161 2869 pellare
2195 2800 2519 2867 maluerint;
2559 2817 2730 2870 neque
2763 2800 2889 2869 quid
2916 2801 3053 2855 ultra
3090 2816 3478 2874 c0guovcrunt.
3511 2823 3532 2858 r

1965 2891 2027 2944 Et
2056 2891 2217 2960 paulo
2246 2903 2367 2962 post
2403 2911 2416 2946 :
2453 2913 2474 2946 ι
2503 2894 2641 2948 Nihil
2675 2897 2898 2950 interest
2927 2913 3032 2966 quo
3059 2899 3277 2951 nomine
3313 2909 3540 2953 vocetur

1961 2981 2124 3048 Deus,
2152 2983 2270 3039 sive
2295 2983 2465 3047 Jovis,
2497 2996 2552 3039 ut
2585 2988 2724 3056 apud
2751 2987 2989 3055 Graecos,
3020 2991 3134 3044 sive
3169 2990 3274 3044 alio
3298 2989 3539 3057 quolibet

1960 3077 2098 3146 apud
2127 3076 2411 3147 Egyptios
2444 3089 2540 3132 aut
2580 3081 2717 3151 apud
2758 3079 2920 3135 Indos
2955 3090 3232 3151 usurpato.
3265 3101 3283 3134 ι
3325 3081 3533 3148 Quibus

1961 3171 2418 3238 respondendum,
2480 3172 2650 3226 altam
2686 3184 2740 3227 et
2793 3190 3046 3229 arcanam
3099 3190 3219 3229 esse
3262 3175 3330 3228 de
3366 3175 3540 3229 nomi-

1959 3276 2086 3314 num
2123 3271 2316 3315 natura
2352 3265 2704 3330 quaestionem
2741 3283 2753 3318 :
2797 3274 2998 3331 utrum,
3034 3265 3173 3319 sicut
3210 3266 3387 3334 placet
3412 3265 3537 3318 Ari-

1958 3350 2163 3415 stoteli,
2191 3365 2254 3405 ex
2308 3352 2560 3407 instituto
2599 3354 2851 3424 imposita
2886 3355 2993 3410 sint
3026 3356 3186 3411 rebus
3236 3354 3526 3420 vocabula;

1961 3509 2078 3547 lllllS
2112 3509 2196 3548 me
2227 3496 2421 3564 possit,
2475 3495 2649 3563 ipsum
2702 3497 2800 3550 llic
2831 3507 2884 3553 et
2918 3495 3047 3551 Hau:
3085 3496 3213 3565 quid
3243 3497 3390 3551 sint?
3437 3498 3536 3550 aut

1959 3579 2056 3634 cur
2089 3580 2150 3616 ex
2189 3566 2274 3618 his
2309 3582 2474 3619 unum
2524 3582 2712 3620 sexum
2745 3569 2954 3622 virilem
2997 3568 3264 3634 designet,
3320 3568 3532 3620 femini-

1961 3633 2042 3706 nis
2071 3635 2363 3700 generibus
2399 3636 2449 3689 id
2502 3639 2642 3705 quod
2673 3639 2917 3706 sequitur
2965 3633 3236 3706 applicet?
3287 3635 3530 3690 Humana

1960 3702 2060 3755 ista
2097 3711 2225 3756 sunt
2274 3702 2599 3770 placitafet
2643 3709 2708 3760 ad
2752 3702 2922 3761 usum
2973 3702 3243 3761 sermonis
3296 3707 3528 3761 faciendi

1959 3787 2065 3846 non
2115 3789 2245 3829 sane
2278 3777 2530 3846 omnibus
2582 3779 2937 3840 necessaria;
2989 3796 3008 3828 ι
3070 3787 3124 3830 et
3157 3777 3314 3843 paulo
3365 3785 3526 3846 post:

1964 3859 1981 3892 ι
2011 3842 2202 3897 Nonne
2251 3845 2394 3897 aliud
2426 3847 2539 3899 lucc
2585 3849 2756 3911 atria,
2805 3847 2950 3901 aliud
3003 3842 3184 3900 dicitis
3237 3850 3328 3899 hos
3363 3842 3529 3913 iures,

1957 3913 2115 3986 caelus
2152 3923 2203 3986 et
2232 3915 2441 3986 uelum,
2486 3935 2503 3968 ι
2540 3918 2818 3986 etc.Apud
2851 3916 3126 3972 Platonem
3160 3933 3352 3970 nomen
3382 3917 3529 3968 διδα-

1959 3981 2211 4057 σκαλικόν
2241 3984 2292 4036 τί
2325 3986 2470 4037 ἐστιν
2503 3981 2751 4057 ὄργανον,
2785 3988 2878 4040 καὶ
2923 3987 3257 4057 διακριτικὸν
3302 3987 3400 4056 τῆς
3440 3987 3531 4038 οὑ-

1959 4052 2098 4116 σίας,
2149 4052 2618 4109 «instrumentum
2665 4058 2921 4111 docendis
2967 4052 3124 4111 rebus
3154 4052 3530 4110 accommoda-

1959 4132 2088 4193 tum,
2125 4133 2176 4178 et
2211 4140 2317 4191 quo
2344 4140 2520 4178 rerum
2552 4127 2791 4193 ipsarum
2825 4138 3018 4181 natura
3051 4127 3478 4181 discriininetur.
3503 4144 3522 4177 ο

1955 4191 2106 4248 Plato
2160 4193 2213 4246 in
2247 4193 2484 4263 Cralylo,
2535 4191 2657 4265 pag.
2695 4196 2820 4251 588.
2872 4197 3013 4251 ldem
3066 4197 3116 4248 in
3174 4197 3527 4263 sequentibus

1954 4265 2212 4332 supponit
2277 4266 2521 4333 quaedam
2588 4267 2847 4335 primaria
2912 4265 3186 4320 exstitisse
3236 4266 3523 4328 vocabula,

1952 4347 2073 4405 qua:
2123 4350 2300 4405 rerum
2337 4342 2585 4405 naturam
2620 4336 2998 4405 indigitabant,
3044 4335 3372 4405 reliquorum
3405 4335 3526 4402 qui.

1951 4401 2050 4474 bus
2085 4404 2289 4458 utimur
2333 4402 2531 4466 fontes,
2585 4401 2770 4458 verum
2813 4401 3291 4474 antiqtiitata's'situ
3326 4401 3522 4474 obruta

1949 4471 2244 4544 humanum
2277 4484 2493 4542 captum
2513 4475 2677 4544 longe
2708 4475 2888 4544 lugere
2913 4471 3072 4544 (ibid.
3091 4489 3210 4542 pag.
3240 4473 3364 4544 421,
3389 4473 3479 4540 25)
3504 4488 3519 4525 :

1947 4541 2022 4592 υὺ
2053 4541 2162 4614 γὰρ
2194 4542 2389 4614 ἔχομεν
2432 4541 2636 4614 τούτου
2654 4541 2855 4612 βέλτιον
2888 4541 2967 4606 εἰς
2997 4545 3024 4596 ὃ
3048 4561 3100 4594 τι
3132 4542 3522 4614 ἐπανέγκωμεν

321 4609 398 4696 τῆς
424 4612 590 4696 δεῖνα.
649 4610 954 4696 Spencerus
985 4622 1048 4696 ὀι
1077 4597 1452 4696 Ιιιὲεοιιοιὶιιεί
1470 4597 1541 4664 τὺ’
1569 4613 1717 4696 δεῐνρι

1962 4597 2076 4696 περί
2107 4597 2362 4696 ἀληθείας
2396 4613 2504 4696 τῶν
2537 4597 2768 4696 πρώτων
2801 4597 3075 4696 ὀνομάτων
3094 4629 3120 4696 ο,
3140 4614 3188 4664 εἰ
3225 4597 3521 4696 μ.ὴ’ἄροί,δῂ

252 4679 406 4805 gf?»
457 4679 623 4736 δεῖνα.
686 4681 865 4738 Codex
914 4681 1185 4749 Jolianus,
1240 4683 1329 4735 τὸν
1372 4684 1518 4736 δεῖνα
1549 4683 1697 4753 ....ἢ
1753 4684 1842 4736 τὸν

289 4771 427 4805 εινα.

289 4771 427 4805 εινα.

333 4820 447 4892 (16)
491 4823 589 4888 Ὠς
635 4823 817 4876 οἴεται
869 4821 1338 4892 Ἀριστοτέλης·Ἠ
1378 4823 1496 4877 Lib.
1537 4839 1574 4885 ι,
1630 4831 1768 4892 part.
1800 4841 1838 4885 ι,

258 4890 384 4959 cap.
411 4893 479 4965 ἓ,
505 4893 579 4945 De
610 4897 833 4965 interpr.
861 4908 878 4965 ς
913 4895 1122 4962 Ὄνομα
1153 4893 1249 4963 μὲν
1281 4890 1372 4948 οὖν
1405 4895 1521 4965 ἐστὶ
1549 4890 1698 4965 φωνὴ
1751 4911 1844 4963 ση-

261 4963 499 5036 μαντικὴ
528 4963 668 5015 κατὰ
718 4963 987 5036 συνθήκην
1019 4961 1393 5036 ἄνευχρόνου,
1433 4961 1508 5036 ᾗς
1545 4961 1705 5036 μηδὲν
1745 4961 1842 5034 μέ-

259 5032 355 5105 ρος
383 5032 500 5086 έστὶ
551 5032 878 5106 σημαντικὸν
908 5032 1330 5106 κεχωρισμένον.
1393 5053 1410 5085 ‹
1433 5032 1637 5088 Nomen
1680 5032 1844 5104 igitur

256 5104 348 5160 est
376 5119 479 5156 vox
532 5104 849 5173 signiﬁcans
876 5119 943 5156 ex
995 5104 1262 5168 instituto,
1299 5107 1415 5159 sine
1452 5114 1714 5172 tempore,
1744 5120 1842 5157 cu-

253 5174 347 5241 jus
377 5174 526 5226 nulla
559 5189 684 5244 pars
715 5173 990 5244 signiﬁcat
1013 5177 1332 5244 separatim.
1362 5196 1379 5227 ι
1410 5176 1474 5228 Et
1497 5174 1659 5244 paulo
1686 5184 1838 5242 post:

255 5245 333 5298 Τὸ
364 5245 422 5297 δὲ
475 5243 628 5315 κατὰ,
663 5241 954 5314 συνθήκην,
986 5241 1256 5312 eaeeae;
1289 5245 1394 5298 τῶν
1446 5241 1720 5315 ὀνομάτων
1755 5245 1844 5296 οὐ-

254 5316 346 5370 δέν
376 5317 550 5379 ἐστιν,
584 5314 697 5367 ἀλλ’
725 5315 851 5368 ὅταν
879 5315 1095 5386 γίνηται
1122 5315 1406 5386 σύμϐολον.
1446 5335 1463 5366 ι
1494 5314 1568 5367 Ex
1596 5316 1843 5386 instituto

230 5397 451 5464 iautem
487 5387 597 5440 dixi
639 5404 653 5439 ι
700 5385 823 5464 quia
856 5385 1060 5464 nullum
1111 5401 1305 5464 nomen
1340 5396 1424 5440 est
1475 5395 1692 5464 natura,
1747 5385 1840 5438 sed

255 5471 385 5512 cum
419 5456 481 5511 ﬁt
513 5468 664 5511 n0ta.
691 5475 710 5506 ι
760 5457 965 5508 Arnob.
1003 5456 1099 5510 lib.
1129 5472 1143 5508 ι
1178 5458 1310 5509 Adv.
1347 5466 1522 5525 gentes
1557 5471 1575 5507 :
1613 5474 1631 5506 ι
1656 5458 1842 5520 Quan—

254 5541 446 5596 quam,
485 5527 532 5580 si
583 5541 770 5580 verum
807 5537 1034 5596 spectes,
1087 5526 1265 5579 nullus
1294 5543 1472 5580 sermo
1506 5535 1589 5579 est
1637 5528 1843 5592 integer

256 5595 481 5661 natura,
519 5597 749 5650 vitiosus
775 5595 1028 5650 similiter
1057 5596 1233 5649 nullus
1264 5614 1278 5650 :
1312 5612 1558 5664 quamam
1587 5605 1669 5648 est
1696 5597 1839 5648 enim

261 5670 401 5722 ratio
428 5667 722 5730 naturalis,
773 5674 867 5717 ant
913 5665 964 5717 in
1004 5666 1185 5719 ninndi
1238 5665 1721 5721 constitutionibus
1754 5665 1837 5718 lex

257 5741 484 5809 scripta,
535 5749 592 5790 nt
631 5738 720 5791 hic
755 5735 1217 5809 parics_dicatur,
1252 5748 1304 5791 et
1351 5737 1463 5809 luce
1517 5736 1666 5799 sella,
1718 5750 1840 5809 cum

258 5805 436 5878 neque
469 5823 638 5863 sexus
681 5807 917 5860 habeant
954 5805 1228 5878 femininis
1261 5807 1553 5874 generibus
1587 5805 1842 5878 masculi-

258 5874 455 5951 ntsque
502 5881 788 5943 discretos,
840 5891 1019 5945 neque
1043 5877 1328 5948 quisquam
1369 5879 1564 5932 docere
1594 5874 1840 5930 doctissi-

1945 4683 2132 4754 ὥσπερ
2183 4683 2955 4754 οἱλτραγῳδιοποιοὴὲπειδάν
2997 4700 3050 4734 τι
3098 4683 3394 4752 ἀπορῶσιν,
3430 4683 3522 4754 ἐπὶ

1942 4753 2043 4824 τᾲς
2065 4752 2719 4824 μὴχανὰςκαταφύγωσιν
2751 4754 2904 4816 θεοὺς
2931 4753 3202 4824 εἴροντες·
3240 4753 3330 4824 κα).
3361 4753 3520 4824 ἡμεῖς

1943 4821 2113 4887 οὕτως
2130 4821 2383 4886 εἰπόντες
2404 4821 2820 4894 ἀπαλλαγῶμεν,
2855 4821 3031 4894 ὅτιτὰ
3065 4821 3520 4894 πρῶτανόνόματα

1943 4894 1992 4944 οἱ
2037 4893 2152 4947 θεοὶ
2178 4895 2388 4956 ἔθεσαν,
2426 4896 2517 4964 καὶ
2551 4895 2636 4946 διὰ
2676 4892 2844 4948 ταῦτα
2870 4892 3042 4964 ὀρθῶς
3079 4892 3208 4961 ἔχει.
3249 4893 3388 4964 ’Ἄρα
3427 4892 3520 4964 κα).

1945 4965 2079 5036 ἡμῖν
2107 4965 2396 5036 κράτιστος
2423 4961 2575 5027 οὗτος
2598 4965 2704 5017 τῶν
2727 4961 2917 5036 λόγων,
2946 4964 2976 5033 ἦ
3003 4965 3233 5036 ἐκεῖνοςῇ
3267 4961 3346 5036 ότι
3370 4961 3522 5036 παρὰ

1946 5033 2236 5107 βαρϐάρων
2278 5035 2436 5107 τινῶν
2488 5036 2626 5087 αὐτὰ
2674 5035 3094 5107 παρειλήφαμεν-
3119 5033 3244 5107 (εί-σῖ
3275 5033 3331 5086 δὲ
3365 5033 3520 5107 ἡμῶν

1944 5101 2286 5176 ἀρχαιότεροι
2325 5105 2626 5176 βάρϐαροι),
2756 5101 2846 5176 ὅτι,
2874 5101 3359 5176 ὑποπαλαιότῃτος
3390 5101 3518 5176 ἀδύ-

1944 5172 2100 5229 νατον
2150 5172 2289 5229 αὑτὰ
2325 5172 2757 5245 ἐπισκέψασθαι,
2815 5174 3000 5245 ὥσπερ
3047 5175 3138 5226 καὶ
3189 5172 3264 5228 τὰ
3317 5172 3520 5243 βαρϐα-

1947 5249 2093 5317 ρικά.
2144 5245 2365 5315 «Neque
2393 5249 2533 5300 enim
2563 5246 2752 5299 melius
2781 5248 2880 5299 hoc
2909 5246 3170 5317 habemus
3201 5246 3515 5317 quidquam,

1946 5313 2010 5368 ad
2043 5318 2186 5385 quod
2222 5313 2475 5382 tanquam
2505 5317 2570 5369 ad
2603 5331 2822 5383 sc0pum
2859 5316 3140 5383 quemdam
3175 5325 3413 5368 nostram
3435 5313 3517 5385 de

1945 5383 2243 5454 primorum
2283 5387 2558 5438 nominum
2593 5388 2820 5440 veritate
2863 5385 3292 5452 diSquisitionem
3349 5383 3515 5434 redu-

1946 5471 2132 5509 camus
2173 5475 2185 5513 :
2224 5456 2322 5509 nisi
2365 5454 2500 5508 forte
2532 5457 2977 5522 queinadmmlum
3027 5455 3237 5520 tragici,
3273 5468 3393 5506 cum
3431 5466 3517 5503 res

1944 5536 2025 5578 est
2056 5526 2491 5590 intricatissima,
2525 5521 2589 5578 ad
2626 5527 2906 5578 machinas
2934 5525 3271 5591 confugiunt,
3303 5532 3351 5575 et
3383 5521 3514 5574 deos

1946 5595 2231 5659 inducunt,
2266 5598 2335 5649 ita
2365 5605 2418 5646 et
2451 5611 2546 5648 nos
2575 5596 2853 5656 abeamus,
2899 5604 3184 5662 postquam
3219 5593 3516 5646 dixerimus

1945 5665 2077 5719 deos
2130 5667 2302 5732 prima
2340 5667 2558 5718 nomina
2607 5666 2945 5733 imposuisse,
3004 5675 3059 5716 et
3109 5665 3205 5716 hac
3235 5663 3300 5715 de
3351 5677 3513 5715 causa

1947 5746 2091 5789 recte
2130 5735 2216 5788 illa
2252 5751 2374 5789 esse
2407 5736 2671 5788 instituta.
2718 5734 2828 5786 lloc
2865 5733 3022 5788 modo
3056 5737 3261 5801 Optime
3287 5747 3373 5784 res
3402 5733 3514 5784 haec

1945 5820 1972 5857 a
2027 5807 2180 5860 nobis
2211 5805 2590 5873 explicabitur,
2639 5813 2732 5856 aut
2783 5804 2876 5859 illo
2901 5819 3060 5872 quem
3106 5817 3265 5872 supra
3300 5801 3511 5873 notavi-

1947 5878 2065 5930 mus
2105 5893 2116 5929 :
2171 5871 2345 5929 nosa
2403 5876 2649 5929 barbaris
2697 5871 3020 5942 quihusdam
3072 5871 3180 5927 illa
3210 5871 3511 5940 suscepisse
