3962 6414
215 423 302 478 709

1412 422 1694 478 CONTRA
1726 422 2003 478 CELSUM
2039 422 2168 480 LIB.
2211 423 2250 476 Ι.

3365 437 3468 491 710

210 533 266 588 τὰ
302 529 634 602 Χριστιανῶν
672 532 772 584 καὶ
829 531 1114 587 Ἰουδαίων.
1163 533 1287 597 Πῶς
1338 533 1394 587 δὲ
1431 533 1524 586 καὶ
1556 535 1739 606 γοητεί

1886 535 1975 603 qui
2003 549 2180 589 rermn
2223 536 2660 595 Christianarum
2705 542 3128 617 Judaearumque
3167 558 3275 604 tam
3320 560 3435 619 per.

209 624 337 695 παρὰ
361 625 464 686 τοῖς
485 621 965 694 παραδεξαμένοις
1001 625 1090 676 τὸν
1120 624 1398 690 Μωῦσέως
1420 627 1584 698 νόμον
1608 627 1775 690 ἐστὶν,

209 715 509 782 ἀνεγνωκόσι
544 715 644 768 καὶ
678 717 763 768 τό’
807 736 826 766 ί
870 717 993 780 Τοῖς
1037 717 1307 780 ὲπαοιδοῖς
1337 719 1396 771 ού
1441 718 1780 792 προσκολλη-

207 807 434 876 θήσεσθε,
475 808 851 879 ἐκμιανθῆναι
885 813 942 863 ἐν
970 811 1182 875 αὐτοῖς;
1218 829 1236 862 ›
1271 809 1690 879 Ἐπαγγέλλεται
1719 813 1777 866 δὲ

203 898 403 965 διδάξειν
439 897 597 967 ἑξῆς,
632 918 650 949 ‹
680 899 801 963 πῶς
835 901 928 954 καὶ
969 900 1208 954 Ἰουδαῖοι
1234 901 1337 954 ὑπὸ
1357 902 1596 972 ἀμαθίας
1618 903 1779 972 ἐσφά-

203 990 345 1061 λησαν
375 989 823 1062 ἐξαπατώμενοι.
870 1012 888 1043 ι
925 993 1032 1046 Καὶ
1063 995 1110 1046 εί
1141 993 1238 1064 μὲν
1261 993 1488 1066 ηὕρισκε
1516 995 1614 1066 τὴν
1649 997 1777 1066 περὶ

212 1083 360 1154 Ἰησοῦ
388 1082 480 1136 τοῦ
516 1084 770 1154 Χριστοῦ
808 1087 866 1138 ὲν
911 1085 1182 1150 Ἰουδαίοις
1215 1085 1458 1157 ἀμαθίαν
1494 1087 1568 1158 μὴ
1602 1105 1773 1142 κατα·

199 1174 400 1226 κούσασι
425 1173 531 1226 τῶν
566 1174 704 1244 περὶ
722 1173 890 1227 αὑτοῦ
928 1175 1291 1247 προφητειῶν,
1327 1175 1542 1247 ἀληθῶς
1573 1176 1639 1229 ἂν
1671 1177 1774 1229 ἐδί-

173 1258 302 1327 δαξε
353 1263 468 1326 πῶς
515 1264 845 1335 ἐσφάλησαν
890 1265 1150 1320 Ἰουδαῖοι·
1208 1266 1301 1320 νῦν
1357 1268 1412 1321 δὲ
1445 1267 1618 1322 ταῦτα
1650 1269 1771 1322 οὐδὲ

198 1355 460 1426 βουληθεὶς
487 1357 901 1428 φαντασθῆναι,
941 1358 1006 1411 τά
1043 1358 1116 1430 μὴ
1149 1360 1441 1430 σφάλματα
1503 1361 1773 1415 Ἰουδαίων

195 1449 464 1519 στάλματα
497 1444 643 1503 εἶναι
683 1450 1084 1521 ὑπολαμϐάνει.
1134 1452 1629 1524 Ἐπαγγειλάμενος
1664 1455 1708 1507 δ’
1743 1457 1770 1508 ὁ

193 1542 372 1605 Κέλσος
413 1541 642 1614 ὕστερον
679 1542 920 1608 διδάξειν
953 1543 1022 1596 τὰ
1054 1545 1182 1616 περὶ
1227 1545 1516 1610 Ἰουδαίων,
1554 1546 1770 1620 πρῶτον

191 1637 398 1685 ποιεῖται
433 1635 523 1686 τὸν
557 1633 722 1701 λόγον
753 1635 882 1706 περὶ
913 1634 1002 1688 τοῦ
1038 1635 1287 1706 Σωτῆρος
1316 1635 1491 1706 ἡμῶν,
1511 1637 1587 1700 ὡς
1615 1655 1769 1706 γενος

191 1723 332 1792 μένου
361 1725 638 1793 ἡγεμόνος
694 1727 767 1795 τῇ
813 1724 948 1778 καθὸ
997 1725 1310 1796 Χριστιανοί
1345 1728 1512 1796 ἐσμεν
1555 1727 1767 1796 γενέσει

187 1813 339 1883 ἡμῶν,
364 1815 457 1867 καί
492 1832 688 1886 φησιν,
724 1835 742 1865 ι
768 1816 931 1869 αὑτὸν
970 1815 1072 1887 πρὸ
1106 1817 1245 1870 πάνυ
1279 1817 1472 1886 ὀλίγων
1506 1818 1642 1872 ἐτῶν
1669 1820 1766 1890 τῆς

1887 629 1999 672 tum
2036 637 2095 676 se
2125 623 2368 690 jactitat.
2416 627 2699 694 Quomodo
2729 633 2890 686 etiam
2929 639 3154 706 magicae
3201 651 3349 695 artes
3390 643 3473 694 lu-

1882 726 2003 766 cum
2041 713 2271 770 habeant
2297 720 2436 786 apud
2465 719 2670 792 Moysis
2693 724 2988 794 disvipulos
3023 730 3113 798 qui
3154 730 3208 784 in
3249 732 3365 800 ejus
3398 735 3466 788 li-

1882 803 1995 857 bris
2021 803 2268 874 legerunt
2293 808 2421 864 illud
2456 831 2470 866 :
2513 831 2530 863 ι
2571 813 3012 872 Iucantatoribus
3061 837 3168 874 non
3222 823 3467 880 adhaere-

1881 892 2031 957 bilis,
2063 904 2122 948 ut
2153 897 2474 963 polluamini
2506 919 2604 972 per
2629 919 2725 959 eos
2753 907 2836 960 ⁸ιῖ
2885 926 2904 958 ι
2943 907 3146 965 Deinde
3182 914 3377 981 recipit
3405 931 3464 972 se

1876 994 2246 1054 ostensurmn,
2287 1009 2305 1042 ‹
2361 997 2633 1060 quomodo
2673 996 2844 1052 Judaei
2894 1001 3102 1072 decepti
3151 1004 3461 1071 ignorantia

1876 1075 2270 1140 aberraverinl.
2305 1102 2323 1133 ι
2358 1084 2616 1154 Equidem
2645 1089 2688 1142 si
2713 1087 3020 1147 linteorum
3047 1095 3110 1148 de
3141 1094 3268 1151 Jesu
3296 1097 3460 1152 Chri-

1876 1177 1960 1221 sto
2003 1168 2363 1238 ignorantiam
2408 1179 2881 1248 deprehendisset,
2913 1200 3034 1254 quae
3067 1187 3191 1242 inde
3221 1199 3346 1244 nata
3376 1198 3462 1245 est

1875 1261 2020 1326 quod
2062 1266 2376 1331 prophetias
2406 1285 2510 1322 non
2551 1271 2942 1342 intellexerint,
2976 1293 3100 1332 vere
3127 1283 3461 1339 ostendisset

1875 1352 2329 1416 quomodoJudzei
2351 1359 2744 1416 aberraret-int.
2777 1363 2879 1418 Sed
2903 1366 2968 1419 ad
3000 1367 3050 1420 id
3081 1385 3148 1423 ne
3177 1355 3462 1429 advertere

1873 1442 2089 1509 quidem
2147 1448 2347 1512 voluit;
2407 1453 2632 1519 proinde
2684 1470 2928 1510 errorum
2992 1475 3220 1516 nmuero
3269 1463 3455 1530 habet,

1873 1533 1963 1601 qui
1997 1550 2213 1592 errores
2261 1541 2483 1598 minime
2526 1552 2672 1600 sunt.
2717 1547 2908 1603 Postea
2955 1550 3224 1617 pollicitus
3257 1555 3322 1610 de
3359 1555 3458 1610 Ju-

1871 1623 2108 1679 dteorum
2141 1629 2302 1684 rebus
2331 1631 2689 1689 disserturum
2720 1651 2841 1694 sese
2881 1640 2988 1694 alio
3025 1642 3161 1707 loco,
3221 1646 3454 1714 primum

1870 1716 1936 1770 de
1976 1717 2262 1776 Salvatore
2286 1734 2470 1779 nostro
2503 1743 2810 1784 sermonem
2845 1730 2974 1786 facit
3022 1745 3081 1788 ut
3109 1735 3174 1790 de
3217 1739 3455 1793 societa-

1871 1809 1938 1863 tis
1963 1810 2272 1869 institutore
2302 1832 2406 1886 qua
2431 1816 2730 1875 Christiani
2765 1837 2986 1888 smnus;
3022 1828 3206 1893 aitque
3243 1849 3262 1880 ι
3301 1831 3453 1886 illum

185 1905 510 1970 διδασκαλίας
557 1907 778 1977 ταύτης
824 1907 1270 1979 καθηγήσασθαι,
1303 1910 1624 1978 νομισθέντα
1661 1911 1745 1964 ὑπέ

1869 1903 2057 1970 paucis
2079 1906 2368 1960 admodum
2402 1910 2602 1965 abhinc
2658 1913 2818 1967 annis
2850 1915 2988 1969 hanc
3036 1918 3339 1972 doctrinam
3372 1922 3455 1974 in-

183 1994 500 2061 Χριστιανῶν
538 1996 675 2049 Υίδν
718 1991 861 2050 εἶναι
905 1997 994 2050 τοῦ
1034 1997 1188 2051 Θεοῦ.
1235 2018 1253 2049 ›
1293 2000 1400 2052 Καὶ
1433 2002 1558 2072 περὶ
1600 2003 1764 2056 αὑτοῦ

183 2085 229 2137 δὲ
245 2087 346 2151 τοῦ,
368 2090 474 2158 7:9?)
509 2089 718 2158 ὀλίγων
753 2089 891 2142 ἐτῶν
913 2091 1192 2159 γεγονέναι
1218 2092 1400 2155 αὑτὸν,
1418 2094 1641 2147 τοιαῦτα
1665 2096 1767 2166 φή-

185 2195 344 2248 σομεν
377 2176 526 2252 τΑρα
553 2181 618 2232 τὸ
654 2183 715 2233 ἐν
744 2180 957 2244 τούτοις
977 2185 1088 2245 τοῖς
1123 2182 1264 2236 ἔτεσι
1294 2185 1405 2255 (55)
1438 2185 1764 2256 βουληθέντα

183 2276 369 2342 σπεῖραι
409 2272 504 2323 τὸν
549 2272 762 2325 ἑαυτοῦ
801 2273 957 2341 λόγον
1007 2274 1101 2326 καὶ
1157 2273 1503 2328 διδασκαλίαν
1533 2277 1622 2330 τὸν
1661 2279 1764 2350 Ἰη-

180 2363 284 2414 σοῦν
321 2363 581 2416 τοσοῦτον
624 2363 978 2434 δεδυνῆσθαι,
1041 2365 1116 2428 ὡς
1175 2367 1440 2437 πολλαχοῦ
1485 2368 1584 2438 τῆς
1637 2371 1760 2423 καθ’

176 2461 301 2528 ἡμᾶς
337 2459 677 2530 οἰκουμένης
724 2459 1040 2528 διατεθῆναι
1088 2459 1223 2530 πρὸς
1257 2460 1345 2514 τὸν
1388 2461 1544 2529 λόγον
1595 2463 1757 2517 αὐτοῦ

177 2551 256 2601 οῦκ
292 2551 502 2619 ὀλίγους
576 2551 859 2620 Ἕλληνας
890 2552 983 2604 καὶ
1017 2551 1356 2624 βαρϐάρους,
1427 2556 1623 2625 σοφοὺς
1662 2556 1758 2610 κοιλ⁸

175 2642 425 2711 ἀνοήτους,
481 2643 631 2695 ὥστε
684 2642 857 2714 μέχρι
914 2642 1140 2696 θανάτου
1201 2644 1560 2712 ἀγωνίζεσθαι
1618 2649 1757 2720 ὑπὲρ

174 2732 618 2802 Χριστιανισμοῦ,
695 2735 767 2787 ἵν’
827 2735 987 2787 αὑτὸν
1056 2737 1128 2807 μὴ
1200 2737 1548 2807 ἐξομόσαιντο
1617 2740 1752 2809 (54),

171 2827 286 2896 ὅπερ
361 2828 542 2890 οὐδεὶς
632 2826 787 2896 ὑπὲρ
871 2827 1029 2879 ἄλλου
1124 2828 1392 2898 δόγματος
1476 2831 1754 2902 ἱστόρηται

171 2921 338 2979 ποιεῖν,
360 2918 512 2971 ἀθεεὶ
545 2919 889 2987 γεγένηταις
931 2917 1071 2986 Ἐγὼ
1100 2920 1196 2989 μὲν
1229 2915 1320 2972 οὖν
1347 2922 1404 2972 ού
1438 2921 1752 2977 κολακεύων

167 3008 242 3060 τὸν
266 3010 436 3079 λόγον,
459 3012 602 3065 ἀλλὰ
638 3009 991 3082 πειρώμενος
1026 3011 1449 3084 τεθεωρῃμένως
1478 3013 1750 3079 ἐξετάζειν

169 3102 223 3153 τὰ
245 3105 562 3174 πράγματα,
604 3105 860 3174 φήσαιμι
890 3103 972 3164 ἂν.
1006 3103 1085 3156 ὅτι
1114 3104 1221 3157 οὐδ’
1246 3107 1294 3158 οἱ
1326 3105 1548 3174 σώματα
1583 3108 1751 3162 πολλά

168 3193 413 3262 κάμνοντα
455 3193 876 3266 θεραπεύοντες
929 3191 1077 3246 ἀθεεὶ
1112 3196 1433 3263 τυγχάνουσι
1466 3196 1557 3250 τοῦ
1610 3199 1749 3252 κατά

273 3283 475 3350 ὑγίειαν
528 3285 648 3336 τῶν
691 3282 966 3351 σωμάτων
994 3273 1208 3344 τέλους’
1261 3283 1308 3334 εἰ
1354 3282 1410 3334 δὲ
1443 3283 1536 3335 καὶ
1571 3284 1747 3355 ψυχάς

165 3390 230 3436 τις
249 3373 452 3429 δύναιτο
468 3374 862 3429 ἀπαλλάττειν
886 3373 982 3442 τῆς
1008 3371 1148 3425 κατά
1177 3371 1272 3441 τὴν
1302 3373 1496 3425 κακίαν
1513 3373 1742 3443 χύσεως,

164 3466 643 3539 ἀκολαστημάτων,
713 3465 813 3518 καὶ
863 3464 1427 3535 ἀδικοπραγημάτων,
1495 3465 1587 3517 καὶ
1645 3466 1745 3535 τῆς

163 3558 270 3614 περὶ
303 3558 361 3611 τι
397 3560 560 3612 Θεῖον
596 3555 1093 3627 καταφρονήσεως,
1139 3556 1232 3608 καὶ
1263 3555 1424 3619 δεῖξιν
1449 3556 1612 3628 διδοίη
1650 3557 1742 3610 τοῦ

160 3649 374 3702 τοιούτου
422 3651 629 3722 ἔργου,
687 3646 1077 3718 βελτιωθέντας
1129 3645 1220 3698 τὸν
1270 3645 1498 3716 ἀριθμὸν
1549 3648 1742 3700 ἑκατὸν

161 3742 299 3809 (ἔστω
327 3745 429 3819 γὰρ
464 3746 564 3798 ἐπὶ
595 3741 885 3796 τοσούτων
913 3743 940 3794 ὁ
964 3742 1073 3810 (53S)
1098 3741 1251 3809 λόγος
1270 3758 1285 3772 ο
1320 3741 1439 3793 οὐδὲ
1463 3741 1648 3796 τοῦτον
1679 3743 1742 3796 ἂν

161 3832 372 3899 εὐλόγως
424 3837 608 3906 φήσαι
663 3850 758 3895 τις
817 3832 964 3884 ἀθεεὶ
1022 3832 1176 3900 λόγον
1231 3833 1499 3884 τοσούτων
1554 3832 1740 3886 κακῶν

159 3923 538 3980 ἀπαλλακτικὸν
588 3925 1040 3996 ὲμπεποιηκέναι
1074 3927 1188 3987 τοῖς
1239 3923 1451 3976 ἑκατόν.
1483 3925 1544 3976 Ei
1583 3924 1626 3976 δ’
1654 3925 1741 3976 εὑ-

158 4020 422 4088 τνωμονως
453 4021 645 4073 ταῦτα
679 4016 965 4071 κατανοῶν
1012 4015 1480 4086 συγκαταθήσεται
1512 4013 1590 4085 τῷ
1635 4032 1740 4084 μη-

155 4107 227 4162 δὲν
267 4115 508 4182 κρεῖττον
561 4115 629 4165 ὲν
675 4106 992 4179 ἀνθρώποις
1033 4108 1314 4177 γεγονέναι
1361 4107 1540 4169 ἀθεεὶ,
1592 4105 1743 4176 πόσῳ

157 4200 296 4256 πλέον
320 4205 379 4258 τὸ
413 4205 688 4260 τοσοῦτον
739 4203 871 4273 περὶ
917 4200 1010 4255 τοῦ
1048 4198 1223 4272 Ἰησοῦ
1272 4197 1491 4271 θαρρῶν
1524 4197 1740 4267 ἀποφα-

213 4316 254 4347 ⁸³
278 4317 445 4373 Levit.
490 4336 618 4384 xu,
646 4317 744 4370 3|.

1868 1997 2106 2062 vexisse,
2137 1997 2418 2070 fuisseque
2451 2002 2542 2056 Dei
2585 2002 2784 2057 Filiqu
2829 2021 2857 2058 a
2893 2005 3224 2065 Christianis
3261 2013 3452 2068 existi-

1870 2099 2094 2144 matum.
2132 2109 2150 2142 ι
2184 2091 2264 2145 Ad
2298 2094 2348 2147 id
2380 2095 2522 2162 quod
2551 2096 2684 2150 dicit
2716 2097 2864 2151 illum
2899 2109 3024 2153 ante
3058 2116 3258 2170 paucos
3281 2119 3453 2161 annos

1865 2190 2112 2236 exortum
2151 2198 2297 2247 esse,
2337 2187 2415 2239 sic
2447 2188 2749 2256 respondeo
2773 2206 2786 2242 :
2813 2191 2891 2242 An
2917 2189 3074 2246 Jesus
3102 2210 3254 2246 suam
3280 2196 3452 2250 disse-

1867 2271 2074 2324 minare
2101 2271 2408 2326 doctrinam
2460 2275 2675 2340 volens,
2728 2278 2844 2332 sine
2894 2279 3003 2336 Deo
3045 2283 3217 2349 potuit
3263 2287 3450 2353 paucis

1865 2361 1950 2415 his
1975 2363 2132 2417 annis
2171 2373 2386 2418 tantum
2443 2366 2730 2434 perlicere,
2785 2380 2844 2424 ut
2892 2372 2944 2424 iu
2989 2375 3169 2428 nmltis
3219 2375 3448 2444 hujusce

1863 2451 2033 2504 nostri
2086 2453 2238 2506 orhis
2293 2452 2460 2516 locis,
2528 2455 2727 2510 multos
2781 2456 3002 2513 Graecos
3061 2469 3116 2512 et
3165 2461 3444 2528 barbaros,

1861 2540 2062 2596 multos
2116 2542 2394 2611 sapientes
2425 2551 2480 2598 et
2522 2545 2742 2613 ignaros
2794 2548 2859 2600 ad
2916 2563 3070 2603 suam
3131 2552 3440 2606 doctrinam

1860 2628 2101 2683 alliceret
2129 2639 2182 2684 et
2220 2632 2290 2683 ita
2341 2633 2718 2700 persuaderet,
2771 2642 2846 2694 ut,
2879 2635 3023 2703 quod
3084 2635 3148 2690 de
3201 2635 3306 2690 alia
3358 2653 3446 2692 re-

1858 2720 2052 2790 ligione
2107 2739 2380 2792 nunquam
2443 2725 2688 2778 auditqu
2741 2735 2846 2790 est,
2895 2726 2962 2779 ad
3015 2736 3243 2781 mortem
3314 2742 3441 2782 cer-

1861 2821 1978 2868 tare
2005 2831 2100 2882 pro
2117 2815 2564 2882 Christianismo,
2585 2834 2746 2886 quam
2776 2818 2922 2872 illum
2943 2817 3157 2886 ejurare
3186 2820 3441 2875 mallent!

1853 2904 2013 2976 345
2051 2908 2160 2978 Ego
2192 2909 2410 2978 quidem
2447 2928 2552 2964 non
2594 2927 2698 2979 quo
2733 2927 2864 2966 mea:
2904 2911 3148 2982 religioni
3194 2924 3441 2968 assenta-

1856 2999 1898 3050 ri
1923 2999 2103 3064 velim,
2130 3002 2243 3064 sed,
2271 3016 2360 3054 res
2390 3017 2488 3055 suo
2510 3017 2781 3071 quamque
2805 3013 3080 3056 momento
3110 3005 3434 3072 ponderaus,

1852 3092 2031 3146 dicere
2063 3094 2262 3159 ausim,
2293 3096 2386 3164 qui
2420 3095 2521 3160 sibi
2566 3103 2875 3164 pr0ponunt
2915 3097 3074 3162 aegris
3108 3098 3431 3165 corporibus

1853 3184 2140 3238 restituere
2187 3187 2500 3252 sanitatem,
2547 3201 2640 3241 eos
2684 3187 2827 3240 hunc
2876 3185 3037 3240 linem
3073 3205 3177 3242 non
3216 3191 3433 3258 assequi

1854 3274 1970 3327 sine
2019 3275 2110 3329 Dei
2159 3275 2456 3330 voluntate.
2501 3277 2572 3329 At
2623 3279 2664 3330 si
2706 3277 2828 3346 quis
2877 3287 3057 3346 posset
3104 3294 3134 3332 a
3177 3280 3432 3334 vitiorum

1853 3365 2104 3430 colluvie,
2143 3384 2170 3420 a
2217 3368 2460 3431 libidine,
2512 3385 2538 3421 a
2579 3369 2842 3436 nequitia,
2895 3386 2922 3422 a
2969 3380 3283 3440 contemptu
3328 3371 3438 3424 Nu-

1854 3459 2015 3512 minis
2054 3461 2267 3515 animas
2319 3472 2588 3526 avertere,
2643 3463 2884 3530 lautique
2928 3462 3109 3530 operis
3155 3464 3432 3532 specimen

1853 3552 1904 3605 in
1940 3564 2156 3607 centum
2197 3555 2507 3608 hominibus
2541 3555 2813 3625 (exemplo
2837 3556 2907 3608 sit
2939 3552 3220 3626 numerus)
3256 3553 3436 3608 dedis-

1851 3655 1952 3712 sct,
1995 3662 2130 3715 quos
2181 3657 2492 3701 revocasset
2538 3648 2603 3700 ad
2651 3647 2929 3700 meliorem
2989 3646 3232 3716 frugem;
3287 3647 3433 3700 hunc

1853 3753 2012 3792 nemo
2053 3739 2176 3806 jure
2210 3739 2410 3794 dixerit
2458 3741 2575 3793 sine
2613 3740 2722 3793 Deo
2752 3749 2967 3793 centum
3011 3739 3131 3792 illos
3179 3739 3431 3794 homines

1851 3845 1880 3883 a
1906 3829 2070 3885 tantis
2093 3832 2239 3886 vitiis
2261 3832 2600 3888 liberavisse.
2617 3833 2768 3899 Quod
2789 3834 2830 3886 si
2853 3834 2975 3900 quis
3000 3833 3115 3887 lucc
3138 3835 3433 3902 prudenter

1853 3923 2162 3989 recogitans
2205 3926 2561 3988 concesserit,
2609 3927 2741 3978 nihil
2785 3926 2908 3979 boni
2945 3927 3062 3978 sine
3107 3925 3215 3980 Deo
3251 3925 3430 3979 Immi-

1851 4013 2008 4066 nibus
2047 4015 2317 4079 accidere,
2363 4027 2570 4084 quanto
2609 4017 2863 4070 ﬁdentius
2916 4017 2965 4070 id
3013 4016 3080 4070 de
3111 4014 3237 4071 Jesu
3285 4016 3430 4070 aﬂir-

1847 4100 2035 4166 mabit,
2060 4118 2184 4156 cum
2215 4120 2402 4158 eorum
2429 4107 2520 4174 qui
2546 4106 2750 4160 Christi
2780 4106 3044 4161 doctrina:
3070 4107 3429 4168 adhazserint,

1844 4194 2104 4260 pristinos
2147 4212 2271 4251 cmn
2317 4199 2474 4251 novis
2524 4213 2704 4253 mores
2753 4198 3126 4268 comparabit,
3181 4197 3429 4251 animad-

151 4430 316 4486 braice
355 4434 680 4503 appellatur
741 4430 1001 4503 Sabaoth.
1053 4431 1104 4485 id
1139 4438 1242 4503 est,
1273 4431 1586 4503 prirtutnmt
1611 4423 1723 4479 sive
1755 4424 1801 4480 D
1832 4425 1954 4503 adv.
1988 4428 2215 4503 (πίοις
2254 4447 2270 4480 ι
2313 4429 2444 4483 Post
2476 4430 2618 4484 hunc
2650 4429 2943 4503 Cerinthus
2971 4428 3268 4503 luereticus
3299 4444 3424 4482 eru-

152 4499 495 4566 exercituum;
539 4524 560 4557 ι
598 4514 654 4557 et
688 4502 1001 4577 paulo__post
1034 4517 1050 4556 :
1085 4519 1104 4553 ι
1145 4501 1384 4577 Tradidit
1423 4514 1516 4552 eos
1559 4499 1720 4577 petis,

151 4583 200 4624 ut
222 4575 481 4628 servirent
511 4569 740 4628 militiae
770 4571 913 4636 caeli,
936 4586 1057 4638 qua:
1098 4587 1237 4625 nunc
1266 4571 1333 4622 ab
1362 4569 1616 4636 Apostolo
1639 4569 1721 4620 di-

151 4642 272 4694 citur
300 4644 490 4713 religio
539 4642 898 4713 angelorum.
937 4660 968 4713 γ»
1035 4643 1174 4713 idem
1201 4640 1460 4695 astruitur
1493 4655 1555 4713 ex
1589 4638 1724 4691 libro

149 4714 223 4765 cui
266 4710 450 4769 titulus
502 4725 591 4768 est
633 4710 978 4763 'I’m’dicalio
1034 4711 1214 4774 Petri;
1265 4726 1426 4776 quem
1474 4710 1725 4762 Clemens

149 4782 535 4837 Alexandrinus
582 4783 779 4835 laudat
821 4781 871 4833 in
915 4797 964 4834 γι
995 4781 1228 4834 Strom.:
1266 4780 1416 4850 Μηδὲ
1447 4779 1566 4832 κατ’
1611 4780 1730 4831 Ἰου-

147 4850 304 4914 δαίους
344 4854 580 4907 σέϐεσθε
602 4870 616 4882 ·
652 4850 754 4932 καὶ
791 4851 898 4922 γάρ
933 4851 1146 4914 ἐκεῖνοι,
1175 4852 1338 4932 μόνον
1358 4851 1609 4932 ὀἰόμενοι
1638 4851 1726 4932 τδν

146 4921 259 4992 θεὰν
288 4925 617 4992 γινώσκειν,
673 4921 779 4974 οὐκ
819 4920 1130 4974 ἐπίστανται
1175 4920 1526 4992 λατρεύοντες
1557 4920 1726 4992 ἀγγέ-

146 4990 250 5056 λους
278 4989 369 5048 καὶ
401 4992 822 5068 ἀρχαγγέλους,
849 4993 1008 5068 μῆνα,
1040 4992 1133 5068 καὶ
1161 4989 1410 5068 σελήνην,
1448 5001 1552 5044 etc.
1587 5008 1604 5040 ι
1625 4989 1727 5043 Ne-

143 5077 234 5130 que
266 5063 527 5120 colite'u‘t
550 5064 775 5126 Judaei;
801 5064 1004 5116 etenim
1041 5063 1116 5115 illi
1157 5063 1253 5116 soli
1281 5079 1340 5116 se
1365 5063 1528 5115 Deum
1565 5075 1726 5114 nosse

143 5146 400 5198 putantes,
437 5137 712 5190 nesciunt
735 5146 794 5185 se
818 5133 1046 5186 adorare
1077 5132 1319 5202 angelos
1340 5142 1394 5187 et
1418 5131 1722 5202 archange-

142 5203 234 5268 los,
263 5219 512 5260 mensem
551 5213 610 5256 et
648 5204 859 5261 lunam.
883 5210 990 5256 etc.
1022 5221 1040 5252 ι
1071 5201 1279 5256 Mallem
1312 5217 1411 5270 ego
1451 5202 1598 5254 hunc
1638 5201 1722 5255 lo-

139 5289 246 5326 cum
272 5275 337 5330 de
362 5271 757 5329 Cerinthianis
788 5273 1153 5339 interpretari,
1184 5273 1298 5339 qui,
1322 5283 1380 5325 ut
1407 5271 1720 5340 plurimum,

138 5342 326 5399 Iudaeis
357 5345 670 5406 favebant;
701 5349 762 5392 ut
782 5352 999 5411 constat
1031 5357 1099 5396 ex
1126 5339 1426 5411 Epiphanio
1458 5344 1590 5395 hier.
1616 5339 1720 5405 28;

139 5414 492 5474 'l‘heodoreto.
542 5414 648 5466 lib.
702 5409 1056 5480 ttDehwret.
1089 5409 1226 5480 {ab};
1275 5412 1595 5478 Augustino,
1648 5411 1722 5463 De

137 5486 389 5548 temnit;
410 5483 684 5543 Eusebio,
715 5479 811 5534 lib.
843 5496 925 5545 ιιι,
954 5496 1072 5548 cap.
1106 5482 1197 5545 (ὶὸ,
1226 5480 1372 5534 Eccl.
1403 5481 1556 5541 Iu‘st.;
1586 5479 1716 5541 imo,

137 5555 174 5607 si
196 5559 387 5610 credas
414 5557 796 5612 Damasceno,
833 5550 926 5605 lib.
961 5551 1034 5604 De
1067 5558 1244 5605 ureret.
1281 5568 1299 5604 :
1337 5569 1354 5598 ι
1389 5549 1558 5605 ,Ιυιίωὶ
1594 5551 1717 5618 qni-

137 5625 241 5677 dam
265 5634 447 5690 erant,
484 5623 583 5692 qui
618 5621 1089 5692 circumcisionem
1121 5622 1468 5684 extollebant,
1501 5638 1520 5670 ι
1558 5629 1719 5688 atque

135 5695 266 5747 inter
295 5689 437 5758 alia,
457 5689 590 5764 qua:
619 5689 1309 5764 proﬁtebanturdogmata,
1328 5692 1433 5764 hoc
1461 5705 1566 5743 non
1600 5702 1717 5743 erat

136 5760 494 5827 levissimuth
539 5764 736 5816 datam
782 5760 1030 5813 nimirum
1069 5763 1135 5813 ah
1167 5763 1370 5830 angelis
1415 5762 1605 5829 legent,
1662 5771 1718 5813 et

132 5832 433 5890 Judaorum
465 5837 647 5888 Deum
675 5844 764 5901 εξ
778 5831 983 5901 angelis
1015 5846 1178 5884 unum
1214 5832 1399 5887 fuisse.
1429 5831 1522 5901 qui
1560 5845 1713 5882 inun-

137 5906 248 5959 dum
291 5907 671 5960 lahricarunt.
724 5898 947 5956 Tertull.
995 5915 1114 5970 cap.
1155 5903 1244 5968 48,
1292 5903 1367 5957 De
1413 5898 1710 5970 pi'wm-ipt.

1833 4498 1934 4564 pit,
1964 4498 2160 4552 similia
2187 4499 2417 4562 docens;
2446 4515 2571 4552 nam
2600 4508 2653 4554 et
2678 4499 2794 4568 ipse
2823 4498 3080 4568 mundum
3111 4499 3417 4552 institutum

1832 4583 1953 4622 esse
1981 4570 2047 4622 ab
2075 4569 2177 4622 illis
2201 4570 2354 4631 dicit,
2380 4569 2654 4624 Christum
2685 4567 2751 4622 ex
2783 4570 2988 4622 semine
3015 4567 3210 4634 Joseph
3234 4578 3418 4622 natum

1837 4639 2112 4707 proponit,
2139 4640 2412 4693 hominem
2435 4639 2584 4691 illum
2615 4639 2991 4691 tantummodo
3011 4638 3125 4690 sine
3141 4637 3420 4692 divinitate

1832 4711 2390 4778 contendens,{ipsam
2419 4724 2633 4778 quoque
2658 4709 2827 4778 legem
2863 4707 3182 4778 ab‘augelis
3233 4707 3418 4762 datam

1831 4780 2143 4845 perhibetis,
2197 4776 2742 4845 JudteorunrDeuur,
2788 4793 2893 4831 non
2950 4776 3260 4840 DOmiuum,
3313 4781 3408 4831 sed

1831 4841 2081 4916 angelum
2124 4841 2399 4918 promens.
2450 4869 2468 4901 ι
2505 4841 2635 4904 Ϋίιιο
2665 4841 3047 4916 Epiphaniam,
3097 4845 3413 4918 Theodore-

1833 4927 1989 4992 tum,
2019 4917 2398 4992 Augustinum,
2443 4918 2931 4992 Eusebiutu,_l_ocis
2974 4917 3158 4971 citatis
3176 4934 3194 4992 _;
3250 4925 3417 4992 atque

1827 4990 2023 5044 exinde
2048 4988 2420 5060 pu‘taACelsum
2453 4988 2814 5060 calumniandi
2844 5002 3044 5060 pansam
3077 4989 3412 5060 arripuisse:

1828 5075 1965 5126 quos
1999 5056 2145 5114 enim
2173 5058 2340 5113 Judaei
2370 5059 2444 5127 (id
2471 5068 2573 5124 est,
2606 5058 2944 5113 Cerinthiaui
2969 5057 3126 5124 juxta
3147 5056 3412 5127 Celsum),

1828 5139 2029 5194 prmter
2055 5131 2274 5198 angelos
2310 5131 2625 5190 adorarent,
2661 5144 2784 5182 eum
2826 5129 2894 5182 ab
2922 5129 3114 5181 iisdem
3143 5137 3198 5198 et
3240 5128 3412 5196 legem

1828 5201 2031 5264 datam,
2051 5209 2103 5252 et
2120 5197 2375 5252 mundum
2403 5199 2722 5251 fabricatum
2742 5199 3088 5253 crediderunt
3109 5197 3410 5250 ?SPI-.’!\'(‘.Ell.

1824 5297 1896 5306 —
1921 5267 2086 5321 Paulo
2113 5280 2233 5337 post
2261 5269 2430 5322 codex
2458 5269 2802 5335 Basileensis,
2835 5269 2947 5331 τοῖς
2983 5267 3300 5338 δεξαμένοις
3327 5269 3416 5323 τὸν

1825 5339 2102 5401 Μωῦσέως
2119 5339 2301 5408 νόμον.

1899 5410 2008 5481 (55)
2042 5405 2221 5464 Codex
2263 5407 2460 5478 Regius
2489 5417 2545 5464 cl
2577 5419 2686 5464 tres
2717 5409 3028 5481 Anglicani,
3054 5409 3114 5461 τὸ
3141 5408 3200 5459 ἐν
3237 5405 3414 5460 τοσούε

1821 5495 1933 5540 τοις
1957 5496 2119 5533 ετεσι.

1895 5548 2005 5619 (54)
2060 5550 2132 5602 lta
2169 5546 2343 5620 _cod_d.
2392 5546 2530 5620 Reg.
2579 5561 2633 5603 et
2688 5549 3045 5620 Basileensis;
3098 5546 3410 5620 [διωθέεσ-

1824 5617 2114 5688 μὸσωνται.
2168 5617 2339 5670 Paulo
2389 5617 2530 5685 post,
2590 5621 2650 5673 οὺ
2707 5619 3021 5674 κολακεύων
3091 5622 3182 5674 τὸν
3231 5617 3408 5684 λόγον,

1821 5691 1876 5742 ln
1912 5689 2865 5768 codd.Regiaet.Basileensi__decst
2905 5691 2993 5768 τον
3027 5691 3249 5768 λόγον.-

1895 5761 2011 5828 (ὖῦ)
2040 5760 2207 5813 Codd.
2239 5758 2440 5826 Regius
2469 5771 2524 5815 et
2559 5761 2918 5825 Ilasileensis,
2953 5761 3048 5813 ἐπὶ
3091 5758 3346 5812 τοσοῦτον
3379 5759 3408 5811 ὁ

1807 5830 2001 5897 λόγος.
2039 5829 2240 5884 Ibidem
2295 5831 2400 5884 duo
2445 5832 2765 5900 Anglicani,
2804 5829 2938 5900 licg.
2973 5843 3026 5886 ct
3057 5828 3402 5891 Basilecnsis,

1819 5906 1984 5973 φήσαι
2011 5918 2093 5962 τις
2130 5901 2194 5955 ἂν
2221 5902 2319 5956 οὐκ
2352 5901 2521 5956 ἁθεεί.
