3996 6518
481 436 585 492 715
1929 431 2034 488 0R]

2142 433 2248 489 ΜΒ
3629 439 3734 496 716

477 562 544 617 ad
572 559 807 616 nominis
834 558 1206 615 celebritatem
1235 556 1493 628 ;quando
1533 571 1659 612 vero
1699 557 1917 628 aliquis,
1957 560 2034 612 cui

2150 556 2524 627 Θρεψαμένων,
2559 557 2650 612 καὶ
2674 556 3006 628 δυνηθέντων
3037 555 3311 612 ἀναλῶσαι
3341 555 3420 619 εἰς
3442 555 3732 612 παίδευσιν

475 653 592 706 btcc
613 651 792 707 omnia
824 665 980 704 secus
1018 647 1384 718 contigerunt,
1429 655 1605 716 potest
1634 662 1662 701 e
1707 655 1783 700 tot
1819 644 2047 700 diliieul-

477 745 681 799 tatibus
717 743 782 795 ad
809 741 1118 795 claritatem
1147 755 1449 810 emergere,
1485 751 1826 794 commovere
1859 739 1940 792 sui
1969 737 2049 791 fa-

474 850 559 888 ma
609 831 944 886 audientium
1003 831 1234 896 animos,
1296 831 1410 886 ﬁeri
1467 831 1696 888 celebris
1736 839 1791 885 et
1842 829 2042 894 clarus,

471 928 724 995 famaque
747 926 830 980 sui
865 925 1094 980 nominis
1119 925 1432 980 universum
1477 927 1665 980 orbem
1704 923 1931 992 implere
1965 923 2048 976 in-

469 1019 630 1075 solita
661 1019 730 1074 de
759 1019 872 1088 ipso
897 1019 1298 1086 praedicantem,
1334 1018 1456 1088 quis
1480 1017 1712 1072 indolem
1737 1015 2041 1085 hujusmodi

467 1119 660 1180 Sponte
680 1119 734 1162 et
756 1124 822 1163 ex
841 1109 1016 1178 seipsa
1043 1125 1384 1180 generosam,
1405 1110 1612 1178 magnis
1638 1109 1799 1163 rebus
1828 1123 2043 1176 operam

467 1201 709 1267 dantem,
740 1202 938 1256 eximia
973 1199 1165 1254 ﬁducia
1197 1201 1474 1269 prazditam
1504 1215 1608 1255 non
1633 1200 1963 1254 admiretur?
1988 1201 2044 1252 Si

463 1291 588 1361 quis
613 1300 793 1347 autem
835 1292 1002 1346 altius
1037 1293 1268 1347 serutari
1301 1292 1451 1356 velit,
1497 1307 1674 1347 annon
1706 1291 1752 1346 is
1783 1292 2042 1361 quaesitu-

461 1397 559 1436 rus
602 1391 707 1448 est,
745 1397 982 1452 quonam
1005 1385 1172 1437 modo
1205 1383 1291 1438 ille
1323 1399 1484 1452 parce
1531 1392 1586 1438 et
1629 1384 1681 1437 in
1729 1393 2046 1454 paupertate

461 1476 742 1544 educatus,
769 1477 1039 1546 nullisque
1067 1477 1380 1532 liberalibus
1429 1478 1727 1547 disciplinis
1779 1478 2041 1542 eruditus,

461 1570 614 1624 rudis
655 1577 709 1624 et
749 1570 1032 1640 imperitus
1073 1569 1298 1631 artium.
1330 1584 1448 1638 qutc
1477 1579 1602 1622 sunt
1635 1569 1701 1624 ad
1725 1567 2040 1634 ﬂectendos,

460 1661 869 1730 demulcendos,
896 1661 1376 1732 conciliandosque
1404 1663 1509 1717 sibi
1551 1662 1785 1732 plurium
1828 1664 2042 1718 audito-

459 1769 580 1809 rum
617 1756 826 1808 animos
875 1755 1264 1820 accommoda),
1322 1769 1612 1824 aggressus
1641 1754 1712 1810 sit
1767 1769 1904 1810 nova
1951 1755 2045 1810 do-

457 1855 639 1917 gmata
665 1846 1028 1916 promulgare,
1050 1847 1464 1914 doctrinamque
1483 1845 1534 1899 in
1557 1859 1726 1917 genus
1747 1847 2040 1900 humanum

457 1939 738 2003 invehere,
769 1953 886 2008 quae
923 1947 975 1992 et
1019 1937 1330 1992 Judscorum
1391 1942 1550 2004 ritus,
1593 1940 1809 1994 intactis
1861 1951 2036 1996 tamen

457 2043 645 2084 eorum
670 2031 970 2099 prophetis,
1005 2030 1203 2094 abolet,
1239 2041 1295 2085 et
1337 2034 1574 2086 maxime
1618 2031 1935 2088 Graecorum
1971 2032 2039 2086 de

457 2123 708 2179 Numinis
759 2125 912 2179 cultu
967 2124 1112 2193 leges
1146 2127 1382 2180 evertit?
1416 2127 1520 2193 Qui
1555 2127 1673 2182 ﬁeri
1719 2129 1917 2198 potuit,
1981 2136 2042 2182 ut

457 2217 600 2272 idem
641 2217 731 2272 ille
775 2219 853 2272 sic
895 2217 1196 2282 institutus,
1233 2219 1481 2289 nihilque
1522 2235 1799 2290 magnum,
1839 2231 1898 2274 ut
1931 2220 2034 2290 ipsi

455 2308 572 2378 ejus
601 2308 997 2366 obtrectatores
1017 2311 1368 2372 conﬁtentur,
1407 2311 1474 2364 ab
1522 2312 1741 2366 homine
1789 2312 2034 2378 edoctus,

455 2401 523 2456 de
563 2402 656 2457 Dei
687 2401 915 2470 judicio,
971 2404 1037 2457 de
1085 2403 1374 2457 criminum
1409 2405 1608 2472 pomis,
1661 2404 1728 2458 de.
1775 2404 2034 2458 virtutum

453 2496 698 2564 praemiis
732 2497 858 2550 talia
891 2507 1112 2566 tamque
1145 2513 1252 2552 non
1283 2497 1681 2551 contemnenda
1718 2497 2034 2562 dissereret,

454 2597 516 2642 ut
549 2602 655 2642 non
684 2597 929 2658 agrestes
966 2587 1129 2645 modo
1152 2597 1206 2643 et
1241 2588 1573 2653 illitteratus,
1607 2588 1698 2643 sed
1728 2588 1892 2642 etiam
1927 2603 2032 2640 non

453 2695 656 2748 paucos
684 2696 746 2736 ex
793 2681 861 2737 iis
905 2681 972 2735 ad
1021 2696 1080 2736 se
1113 2679 1376 2746 alliceret,
1416 2669 1506 2750 qui
1542 2681 1786 2734 acutiore
1817 2679 2035 2749 ingenio

452 2779 611 2824 erant
661 2781 712 2824 et
764 2778 1014 2840 poterant
1056 2786 1258 2826 arcana
1313 2771 1668 2840 perscrutari,
1719 2785 1837 2838 qum
1875 2771 2033 2824 rebus

454 2863 640 2933 specie
667 2863 976 2928 vilioribus,
1015 2873 1072 2918 ut
1109 2865 1180 2918 ita
1208 2864 1410 2926 dicam,
1443 2863 1590 2918 velut
1625 2863 1862 2919 involuta
1901 2863 2034 2916 late-

451 2954 627 3008 bant?
650 2953 804 3024 Apud
835 2953 1115 3009 Platonem
1135 2970 1256 3009 cmn
1283 2955 1568 3026 Seriphius
1596 2955 1813 3024 quidam
1838 2969 2032 3023 expro-

451 3035 668 3101 brasset
689 3043 1040 3102 Themistocli
1071 3045 1275 3100 bellicae
1299 3045 1518 3100 virtutis
1539 3045 1710 3115 gloria
1739 3045 2033 3099 celeberri-

451 3150 564 3202 mo,
609 3137 752 3206 quod
807 3147 913 3190 non
957 3137 1178 3206 propria
1233 3137 1434 3191 virtute
1489 3137 1834 3205 splendorem
1885 3146 2032 3190 esset

2149 648 2240 701 τοῦ
2273 649 2413 713 υίοῦ,
2445 650 2539 704 καὶ
2561 651 2758 719 πατρὶς
2789 651 2996 722 μεγάλη
3030 667 3112 713 τις
3139 644 3272 702 οὖσα
3311 651 3405 702 καὶ
3431 648 3726 720 ἐπίσημοςι

2147 742 2274 794 ὅταν
2301 741 2356 793 δέ
2393 741 2567 795 πάντα
2603 742 2670 795 τὰ
2710 741 2920 805 τούτοις
2959 742 3177 795 ἐναντία
3214 741 3350 812 ἔχων
3378 759 3462 804 τις
3493 741 3728 815 δυνηθῇ,

2151 833 2468 903 ὑπερκύψας
2491 833 2557 886 τά
2583 835 2938 905 ἐμποδίζοντα
2963 835 3149 898 αὐτὸν,
3173 833 3473 905 γνωσθῆναι
3497 835 3592 887 καὶ
3617 837 3732 888 σεῖ-

2149 939 2238 976 σαι
2277 924 2400 986 τοὺς
2437 924 2562 994 περὶ
2589 925 2753 978 αὑτοῦ
2787 926 3102 989 ἀκούοντας,
3136 925 3230 979 καὶ
3263 925 3512 994 γενέσθαι
3549 927 3730 996 ἐμφα-

2147 1016 2243 1086 νὴς
2283 1018 2375 1069 καὶ
2405 1017 2560 1087 δῆλος
2575 1019 2721 1070 οἰκου
2730 1018 2862 1090 μένῃ
2883 1019 3000 1090 ὅλῃ,
3021 1017 3090 1070 τὰ
3107 1017 3332 1088 ἀνόμοια
3347 1016 3504 1084 λεγού
3515 1032 3582 1089 σῃ
3597 1016 3730 1088 περὶ

2148 1109 2309 1162 αὑτοῦ
2327 1127 2338 1139 ·
2377 1110 2494 1173 πῶς
2515 1111 2573 1162 οὐ
2606 1111 2945 1182 θαυμαστέον
2969 1111 3068 1182 τὴν
3091 1109 3346 1182 τοιαύτην
3371 1110 3532 1179 φύσιν
3563 1109 3726 1164 αὐτό-

2149 1201 2239 1254 Θεν
2275 1201 2373 1269 μὲν
2407 1203 2481 1266 ὡς
2519 1203 2854 1274 μεγαλοφυῆ,
2891 1204 2985 1256 καὶ
3027 1204 3282 1274 μεγάλοις
3327 1204 3726 1258 ἐπιϐάλλουσαν

2148 1295 2452 1366 πράγμασι,
2481 1295 2574 1348 καὶ
2599 1295 2824 1366 ἔχουσαν
2846 1297 3160 1369 παρρησίαν
3183 1297 3282 1349 οὐκ
3311 1297 3726 1367 εὐκαταφρόνη-

2146 1403 2268 1452 τον;
2305 1387 2367 1439 Et
2401 1386 2458 1439 δὲ
2491 1388 2585 1440 καὶ
2621 1388 2713 1440 ἐπὶ
2749 1387 2930 1440 πλεῖον
2972 1385 3210 1452 ἐξετάζοι
3240 1405 3320 1451 τις
3349 1387 3416 1440 τά
3449 1387 3592 1440 κατὰ
3633 1385 3728 1440 τὸν

2145 1477 2402 1540 τοιοῦτον,
2444 1478 2560 1542 πῶς
2591 1480 2689 1532 οὐκ
2717 1479 2782 1532 ἂν
2812 1479 3066 1549 ζητήσαι,
3101 1477 3219 1530 τίνα
3245 1479 3442 1549 τρόπον
3479 1481 3537 1531 ἐν
3571 1479 3728 1530 εὐτε-

2145 1568 2262 1639 λείᾳ
2287 1571 2381 1622 καὶ
2413 1569 2568 1641 πενίᾳ
2596 1569 3095 1642 ἀνατεθραμμένος,
3133 1571 3226 1624 καὶ
3259 1569 3528 1640 μηδεμίαν
3563 1569 3720 1636 ἐγκύ-

2146 1660 2292 1715 κλιον
2331 1661 2575 1714 παιδείαν
2619 1661 2942 1725 παιδευθεὶς,
2981 1663 3115 1734 μηδέ
3149 1661 3334 1733 μαθὼν
3382 1662 3582 1730 λόγους
3626 1661 3727 1715 καὶ

2144 1752 2406 1824 δόγματα,
2445 1755 2534 1822 ἀφ’
2565 1747 2640 1807 ὧν
2674 1753 2774 1808 κᾶν
2805 1755 3028 1821 πιθανὸς
3055 1755 3308 1823 γενέσθαι
3339 1753 3560 1807 ἐδύνατο
3593 1756 3723 1824 ὁμι-

2145 1846 2255 1902 λεῖν
2287 1846 2484 1916 ὄχλοις,
2519 1847 2612 1900 καὶ
2643 1846 3010 1918 δημαγωγεῖν,
3051 1849 3144 1901 καὶ
3179 1848 3477 1917 ἐπάγεσθαι
3507 1849 3724 1919 ἀκροα-

2142 1939 2241 2001 τὰς
2282 1938 2550 2003 πλείονας,
2589 1939 2895 1992 ἐπιδίδωσιν
2928 1940 3117 1993 ἑαυτὸν
3155 1939 3470 2011 διδασκαλία
3513 1939 3722 1992 καινῶν

2141 2028 2443 2098 δογμάτων,
2477 2027 2785 2096 ἐπεισάγων
2812 2027 2887 2099 τῷ
2912 2029 3057 2096 γένει
3077 2029 3184 2082 τῶν
3215 2028 3512 2101 ἀνθρώπων
3535 2029 3720 2097 λόγον,

2142 2121 2210 2174 τά
2245 2137 2302 2173 τε
2357 2121 2624 2176 Ἰουδαίων
2670 2119 2764 2190 ἔθη
2807 2119 3160 2184 καταλύοντα,
3207 2120 3344 2191 μετὰ
3381 2119 3476 2172 τοῦ
3519 2137 3722 2190 σεμνοο

2143 2215 2314 2265 ποιεῖν
2337 2211 2516 2265 αὐτῶν
2545 2213 2669 2274 τοὺς
2716 2211 3019 2282 προφήτας,
3048 2201 3290 2273 καὶτοὺς
3331 2209 3598 2282 Ἑλλήνων
3626 2209 3720 2260 νό-

2144 2321 2276 2374 μους
2306 2305 2539 2375 μάλιστα
2561 2305 2686 2375 περὶ
2710 2302 2802 2356 τοῦ
2843 2303 2997 2354 Θείου
3022 2301 3413 2374 καθαιροῦντα;
3441 2303 3565 2364 Πῶς
3587 2301 3628 2353 δ’
3651 2301 3720 2354 ἄν

2139 2399 2166 2450 δ
2201 2394 2458 2458 τοιοῦτος,
2508 2395 2598 2447 καὶ
2645 2393 2816 2456 οὕτως
2855 2391 3352 2464 ἀνατεθραμμένος,
3408 2393 3501 2444 καὶ
3549 2391 3720 2461 μηδὲν

2142 2489 2252 2559 (ὡς
2283 2489 2377 2542 καὶ
2406 2489 2454 2540 οἱ
2483 2484 2904 2553 κακολογοῦντες
2937 2485 3097 2537 αὐτὸν
3125 2483 3480 2555 ὁμολογοῦσι)
3517 2481 3720 2553 σεμνὸν

2141 2579 2288 2652 παρὰ
2318 2577 2603 2650 ἀνθρώπου
2638 2575 2844 2648 μαθὼν,
2875 2575 3094 2628 τοιαῦτα
3127 2575 3255 2646 περ)⁴
3288 2575 3518 2646 κρίσεως
3553 2573 3718 2634 Θεοῦ,

2137 2674 2230 2726 καὶ
2271 2671 2541 2724 κολάσεων
2592 2669 2688 2739 μὲν
2725 2667 2830 2720 τῶν
2870 2667 3010 2719 κατὰ
3053 2667 3150 2736 τῆς
3183 2667 3398 2730 κακίας,
3447 2665 3624 2734 τιμῶν
3659 2665 3720 2718 δὲ

2135 2767 2242 2819 τῶν
2265 2767 2406 2837 ὑπὲρ
2437 2765 2527 2819 τοῦ
2571 2765 2733 2819 καλοῦ
2769 2764 2946 2832 λέγειν
2974 2761 3205 2833 ἠδύνατο
3241 2763 3340 2814 οὐκ
3377 2761 3724 2832 εὐκαταφρο-

2136 2859 2343 2930 νήτως,
2381 2857 2507 2910 ὥστ’
2538 2857 2599 2910 οὐ
2643 2857 2802 2927 μόνον
2841 2855 3129 2926 ἀγροίκους
3172 2855 3266 2908 καὶ
3319 2852 3532 2916 ἰδιώτας
3585 2853 3720 2922 ἆγε-

2139 2952 2257 3005 σθαι
2287 2951 2390 3004 ὑπὸ
2419 2949 2524 3003 τῶν
2548 2949 2876 3019 λεγομένων,
2926 2947 3061 3000 ἀλλὰ
3109 2947 3202 3000 καὶ
3229 2946 3328 2997 οὐκ
3361 2944 3560 3012 ὀλίγοις
3603 2943 3712 2998 τῶν

2137 3043 2537 3116 συνετωτέρων,
2568 3044 2662 3096 καὶ
2685 3040 3001 3112 δυναμένων
3036 3041 3226 3110 ἐνορᾷν
3259 3037 3566 3109 ἀποκρύψει
3603 3037 3718 3106 (Π)

2133 3137 2238 3190 τῶν
2271 3134 2670 3206 εὐτελεστέρων
2707 3131 3078 3204 νομιζομένων
3116 3130 3585 3199 ἀπαγγέλλεσθαι,
3619 3147 3722 3181 πε-

451 3237 755 3294 assecutus,
810 3229 903 3284 sed
970 3229 1093 3298 quia
1151 3231 1323 3300 patria
1386 3227 1460 3282 illi
1510 3229 1812 3296 contigerat
1863 3227 2029 3282 totius

2142 3229 2387 3303 ριεχούσῃ
2415 3247 2465 3281 τι
2483 3227 2578 3297 (ὡς
2601 3227 2743 3280 ἔστιν
2761 3225 2950 3292 εἰπεῖν)
2985 3223 3130 3277 ἔνδον
3161 3223 3617 3294 ἀπορρητότερονη
3659 3222 3718 3272 Ὁ

450 3319 673 3374 Grmciaa
702 3319 1026 3382 clarissima,
1062 3321 1106 3375 is
1136 3328 1324 3390 gratus
1359 3323 1409 3373 in
1443 3320 1700 3388 patriam,
1751 3335 1912 3390 quam
1963 3320 2028 3373 ad

451 3424 608 3464 suum
632 3409 892 3463 honorem
922 3409 1220 3464 contulisse
1253 3417 1500 3472 noverat,
1531 3408 1844 3478 respondit:
1867 3426 1883 3458 ι
1919 3406 2029 3461 Nec

451 3516 552 3572 ego
575 3503 618 3557 si
648 3502 926 3572 Seriphius
952 3517 1146 3569 essem,
1189 3503 1258 3556 ita
1283 3501 1500 3556 clarus:
1538 3515 1637 3555 nec
1667 3510 1744 3565 tu,
1785 3501 1828 3554 si
1863 3500 2029 3554 Athe-

451 3596 678 3658 niensis,
705 3593 903 3649 fuisses
932 3593 1348 3649 Themistocles.
1383 3612 1399 3644 ι
1423 3592 1618 3648 Noster
1641 3605 1822 3648 autem
1849 3593 2028 3656 Jesus,

451 3685 540 3738 cui
569 3684 769 3754 probro
786 3687 947 3738 datur
978 3685 1120 3754 quod
1157 3699 1220 3738 ex
1255 3685 1373 3739 vico
1413 3693 1566 3740 ortus
1595 3685 1686 3752 sit,
1717 3698 1891 3754 eoque
1925 3698 2030 3739 non

451 3773 768 3831 Graecanico
821 3789 922 3830 nec
971 3776 1107 3829 alius
1165 3776 1340 3841 gentis
1389 3773 1708 3842 celebratze,
1741 3775 1834 3843 qui
1892 3773 2032 3829 male

451 3867 603 3922 audit
632 3867 775 3937 quod
809 3867 1151 3936 paupercula:
1198 3868 1567 3936 operarireque
1611 3867 1804 3921 matris
1841 3867 1913 3921 sit
1970 3866 2030 3918 li-

451 3958 575 4024 lius,
596 3958 738 4028 quod
773 3957 956 4027 inopia
997 3967 1218 4013 coactus
1241 3957 1478 4026 patriam
1509 3957 1817 4026 reliquerit,
1851 3971 2031 4012 suam-

449 4051 636 4119 quein
667 4047 904 4119 ngypto
952 4049 1200 4104 mercede
1241 4047 1408 4119 348
1457 4048 1719 4102 locaverit
1771 4061 2027 4118 operam;

450 4137 610 4196 Jesus
641 4141 750 4206 ille,
779 4143 869 4211 qui
895 4157 999 4196 non
1027 4141 1198 4196 solum
1228 4142 1534 4210 Seriphius,
1569 4152 1628 4194 ut
1649 4141 1837 4195 eodem
1855 4155 2032 4194 exem-

451 4233 542 4304 plo
567 4243 708 4299 utar,
723 4248 790 4289 ex
817 4234 1037 4288 minima
1069 4233 1604 4302 despicatissimaque
1639 4233 1813 4287 insula
1844 4240 2027 4298 ortus;

451 4327 548 4381 sed
569 4326 732 4381 etiam
757 4325 1161 4396 Seriphiorum,
1193 4335 1252 4378 ut
1273 4325 1346 4380 ita
1366 4325 1565 4388 dicam,
1605 4325 2032 4394 ignobilissimus

450 4432 588 4486 erat,
613 4420 1117 4490 valuitpermovere
1156 4427 1325 4472 totum
1350 4419 1559 4484 orbem,
1595 4433 1700 4472 non
1733 4419 1890 4472 modo
1919 4433 2032 4470 ma-

452 4515 534 4583 gis
564 4529 727 4584 quam
755 4511 1100 4567 Atheniensis
1119 4509 1536 4576 Themistocles,
1559 4510 1650 4565 sed
1682 4511 1845 4566 etiam
1869 4525 2029 4579 quam

2137 3322 2232 3393 μὲν
2265 3317 2354 3374 οὖν
2383 3320 2531 3392 παρὰ
2544 3321 2620 3393 τῷ
2639 3317 2883 3372 Πλάτωνι
2906 3315 3013 3387 (4-8)
3040 3315 3307 3386 Σερίφιος,
3339 3314 3610 3378 ὀνειδίζων
3638 3313 3720 3383 τῷ

2132 3411 2499 3482 Θεμιστοκλεῖ,
2521 3409 2786 3479 διαϐοήτῳ
2807 3406 3157 3477 γεγενημένῳ
3181 3407 3273 3458 ἐπὶ
3295 3408 3362 3476 τῇ
3389 3406 3716 3476 στρατηγίᾳ,

2133 3505 2208 3567 ὡς
2237 3505 2334 3558 οὐκ
2363 3505 2427 3557 ἐκ
2451 3503 2544 3556 τοῦ
2573 3502 2702 3556 ἰδίου
2739 3501 2899 3571 ἤθους
2916 3501 2976 3554 τὸ
3003 3498 3208 3564 ἔνδοξον
3239 3499 3568 3567 ἁνειληφότι,
3602 3498 3716 3551 ἀλλ’

2133 3596 2197 3648 ἐκ
2227 3593 2318 3647 τοῦ
2355 3591 2708 3664 εὐτυχηκέναι
2731 3587 2986 3662 πατρίδος
3016 3592 3114 3660 τῆς
3144 3591 3201 3644 ἐν
3233 3587 3328 3661 ὅλῃ
3362 3589 3567 3642 Ἐλλάδι
3599 3591 3720 3641 ἐπι-

2135 3685 2466 3757 σημοτὰτης,
2497 3686 2732 3754 ἀκήκοεν
2761 3684 2867 3736 ἀπὸ
2922 3681 3386 3752 ετῦγνωμονοῦντος
3451 3681 3714 3750 Θεμιστο-

2134 3775 2339 3840 κλέους,
2390 3775 2482 3828 καὶ
2517 3775 2769 3844 ὁρῶντος,
2815 3774 2896 3826 ὅτι
2932 3771 3252 3826 συνεϐάλετο
3277 3768 3423 3840 αὐτῷ
3472 3769 3609 3839 πρὸς
3653 3770 3717 3822 τὸ

2135 3865 2340 3933 ἔνδοξον
2365 3869 2457 3922 καὶ
2483 3871 2516 3938 ἡ
2549 3868 2764 3937 πατρὶς,
2793 3867 2895 3928 ὅτι,
2931 3884 2948 3916 ι
2980 3867 3093 3919 Οὐκ
3114 3865 3179 3918 ἂν
3207 3863 3316 3932 ἐγὼ
3337 3864 3588 3934 Σερίφιος
3615 3863 3713 3924 ὢν,

2139 3955 2312 4024 οὕτως
2341 3958 2546 4024 ἔνδοξος
2593 3958 2866 4026 ἐγεγόνειν
2889 3975 2902 3988 ’
2947 3955 3068 4010 οὔτε
3107 3957 3170 4011 σὺ
3231 3955 3515 4026 Ἀθηναῖος
3555 3957 3714 4008 εὐτυ-

2133 4051 2302 4122 χήσας
2328 4047 2601 4117 γενέσθαι,
2634 4048 2818 4116 ἐγένου
2843 4046 2907 4100 ἂν
2931 4046 3322 4117 Θεμιστοκλῆς.
3351 4065 3368 4096 ι
3411 4047 3467 4099 Ὀ
3498 4045 3542 4100 δ’
3579 4045 3716 4117 μέ-

2133 4159 2285 4212 τερος
2332 4139 2536 4212 Ἰησοῦς
2567 4139 2660 4192 καὶ
2700 4138 3098 4210 ὀνειδιζόμενος
3131 4139 3205 4201 ὡς
3239 4141 3304 4192 ἐκ
3333 4137 3525 4209 κώμης
3555 4155 3716 4206 γεγο-

2132 4235 2258 4299 νὼς,
2291 4235 2384 4286 καὶ
2426 4232 2628 4302 ταύτης
2660 4233 2762 4302 οὐχ
2823 4231 3158 4302 Ἑλλαδικῆς,
3191 4231 3312 4284 οὐδέ
3351 4248 3494 4296 τινος
3526 4231 3714 4296 ἔθνους

2131 4329 2280 4392 ὄντος
2309 4325 2459 4397 παρὰ
2486 4328 2597 4388 τοῖς
2633 4324 2846 4386 πολλοῖς
2879 4325 2936 4376 ἐν
2968 4327 3263 4395 προαγωγῇ
3283 4342 3295 4352 ·
3327 4325 3716 4395 δυσφημούμε-

2133 4435 2218 4482 νος
2242 4417 2297 4470 δὲ
2320 4417 2414 4470 καὶ
2447 4415 2540 4471 ἐπὶ
2558 4414 2635 4485 τῷ
2657 4417 2918 4485 πενιχρᾶς
2941 4417 3033 4468 καὶ
3061 4417 3376 4488 χερνήτιδος
3412 4417 3524 4480 υίὸς
3550 4415 3710 4478 εἶναι,

2133 4511 2226 4564 καὶ
2259 4508 2345 4560 διὰ
2380 4506 2570 4560 πενίαν
2599 4506 2911 4560 καταλιπὼν
2944 4508 3041 4577 τὴν
3079 4508 3332 4580 πατρίδα,
3368 4510 3424 4561 ἐν
3451 4509 3713 4580 Αἰγύπτῳ

451 4606 627 4672 Plato,
681 4616 774 4659 aut
827 4602 1184 4675 Pythagoras,
1246 4613 1340 4655 aut
1389 4602 1654 4672 quidquid
1701 4603 2026 4670 sapientum,

2142 4602 2521 4674 μισθαρνῆσαι·
2551 4603 2644 4655 καὶ
2670 4604 2831 4655 οἱονεὶ
2857 4603 3013 4674 (πρὸς
3037 4604 3098 4656 τὸ
3115 4605 3316 4675 ληφθὲν
3341 4605 3711 4676 παράδειγμα)

452 4714 662 4768 regum,
703 4699 1200 4766 imperatorumque
1235 4703 1351 4749 toto
1383 4693 1516 4749 orbe
1557 4695 1678 4748 fuit.

2135 4699 2193 4750 οὐ
2245 4698 2404 4768 μόνον
2447 4697 2694 4769 Σερίφιος
2729 4697 2985 4768 γεγονὼς,
3021 4699 3114 4751 καὶ
3153 4697 3259 4752 ἀπὸ
3300 4698 3588 4768 ἐλαχίστης
3619 4699 3714 4750 καὶ

453 4790 800 4862 άσημοτάτης
833 4791 1018 4861 νήσου,
1084 4787 1218 4854 ἀλλὰ
1273 4788 1366 4840 καὶ
1405 4787 1668 4858 Σεριφίων
1721 4789 1834 4857 (ὡς
1885 4788 2028 4844 ἐστιν
2070 4791 2264 4862 εἰπεῖν)
2304 4793 2332 4845 ὁ
2381 4791 2786 4860 ἀγεννέστατος,
2851 4792 3128 4863 δεδύνηται
3171 4795 3344 4845 σεῖσαι
3391 4792 3486 4862 τὴν
3535 4795 3712 4845 πᾶσαν

453 4881 750 4951 ἀνθρώπιον
787 4882 1128 4951 οἰκουμένην,
1167 4881 1226 4931 οὐ
1281 4879 1439 4950 μόνον
1475 4879 1613 4949 ὑπὲρ
1655 4879 2022 4950 Θεμιστοκλέα
2050 4883 2139 4938 τὸν
2185 4883 2479 4954 Ἀθηναῖον,
2515 4883 2650 4937 ἀλλὰ
2703 4885 2794 4938 καὶ
2841 4885 2978 4957 ὑπὲρ
3027 4885 3371 4956 Πυθαγόραν,
3429 4885 3526 4938 καὶ
3565 4886 3710 4940 Πλά-

453 4995 618 5042 τωνα,
651 4977 746 5030 καί
791 4994 941 5040 τινας
981 4977 1170 5040 ἄλλους
1216 4976 1322 5029 τῶν
1355 4975 1679 5029 ὁποιποτοῦν
1713 4979 1811 5047 τῆς
1855 4981 2178 5052 οἰκουμένης
2214 4981 2390 5051 σοφῶν
2425 4982 2455 5052 ἢ
2487 4981 2750 5053 βασιλέων
2780 4984 2811 5054 ἢ
2849 4983 3189 5055 στρατηγῶν.

525 5073 614 5128 30.
645 5073 780 5140 Quis
823 5073 1004 5140 igitur,
1054 5074 1144 5142 qui
1185 5083 1434 5127 naturam
1475 5087 1655 5127 rerum
1692 5075 1832 5127 haud
1861 5075 2030 5144 negli-

455 5175 647 5238 genter
691 5167 1022 5230 consideret,
1067 5181 1174 5221 non
1214 5167 1516 5221 admiretur
1545 5180 1670 5220 eum
1704 5166 1876 5236 gloria
1929 5183 2028 5237 po-

458 5260 624 5328 tuisse
649 5259 874 5312 vincere
894 5266 948 5312 et
983 5270 1046 5310 ea
1075 5259 1278 5322 omnia,
1315 5273 1436 5328 quae
1462 5257 1704 5314 infamiae
1734 5275 1855 5314 esse
1882 5269 2033 5330 pote-

457 5364 605 5414 rant,
629 5363 683 5406 et
711 5359 979 5421 quotquot
997 5365 1230 5419 unquam
1266 5351 1508 5406 celebres
1532 5352 1785 5407 fuerunt?
1803 5352 1936 5407 Nam
1964 5369 2032 5410 ex

457 5443 526 5498 iis
547 5442 641 5513 qui
680 5441 781 5498 sibi
821 5445 962 5498 inter
991 5443 1238 5497 homines
1286 5457 1482 5498 nomen
1515 5443 1780 5510 fecerunt,
1832 5459 2031 5515 paucos

529 5567 642 5639 (47)
684 5567 1058 5634 Ἀποκρύψει.
1087 5563 1186 5639 Sic
1209 5579 1403 5639 omnes
1442 5579 1572 5639 mss,
1605 5575 1828 5639 excepto
1857 5565 2027 5639 Jolia-

457 5634 648 5706 no'qu'i
677 5651 797 5694 cum
837 5639 968 5708 libb.
1012 5637 1174 5708 editis
1207 5637 1259 5690 in
1300 5643 1446 5708 textu
1481 5634 1664 5708 habet,
1713 5637 2024 5708 ἀποκρίσει.

457 5705 653 5762 Guiéto
678 5707 1024 5763 scribendum
1059 5707 1342 5761 videbatur
1371 5705 1674 5775 ὑποκρίσει.

532 5777 642 5847 (t8)
695 5777 858 5846 Παρὰ
885 5775 965 5840 τῷ
997 5775 1285 5847 Πλάτωνι.
1333 5775 1464 5829 Vide
1507 5776 1783 5847 Platonem
1813 5777 1952 5832 libro
2005 5793 2022 5830 ι

457 5849 535 5930 De
585 5851 766 5972 retlvub.
820 5861 942 5924 pag.
999 5846 1230 5924 5‘29,_ct
1287 5847 1561 5900 Plutarch.
1591 5846 1644 5898 in
1705 5847 1824 5902 Vita
1882 5847 2024 5902 The-

457 5929 738 5972 nustocts.

456 5919 738 5977 tuistoclis.
820 5919 834 5924 ⁷
903 5919 909 5920 ⁷
1141 5919 1146 5924 ’

2205 5077 2299 5140 Τίς
2331 5072 2423 5131 οὖν
2452 5077 2526 5148 μὴ
2561 5079 2853 5150 παρέργως
2874 5079 3173 5149 ἁνερευνῶν
3202 5078 3298 5150 τὴν
3323 5078 3428 5130 τῶν
3453 5078 3711 5148 πραγμά-

2134 5187 2242 5224 των
2265 5169 2444 5238 φύσιν,
2467 5169 2566 5223 οὐκ
2591 5171 2655 5223 ἂν
2683 5170 2843 5224 αὑτὸν
2867 5171 3240 5241 καταπλαγείη
3277 5171 3565 5241 νικήσαντα
3597 5169 3706 5238 (49)

2134 5259 2228 5312 καὶ
2258 5258 2666 5330 ὑπεραναϐἧναι
2712 5259 3014 5332 δυνηθέντα
3059 5262 3123 5330 τῇ
3163 5257 3292 5328 δόξῃ
3339 5259 3406 5310 τὰ
3457 5261 3710 5326 ποιητικᾶ

2132 5349 2343 5415 ἀδοξίας
2377 5350 2570 5414 πάντα,
2613 5352 2704 5403 καὶ
2752 5352 2958 5414 πάντας
3005 5351 3132 5414 τοὺς
3180 5349 3389 5404 πώποτ’
3427 5349 3704 5416 ἐνδόξουςς

2134 5444 2326 5496 Καίτοι
2373 5460 2436 5511 γε
2469 5444 2519 5494 οἱ
2559 5445 2616 5496 ἐν
2662 5442 2967 5514 ἀνθρώποις
3007 5441 3205 5508 ἔνδοξοι
3254 5443 3478 5497 σπάνιον
3521 5445 3572 5496 εἰ
3615 5443 3708 5496 ἐπὶ

2205 5565 2317 5636 (49)
2342 5563 2706 5636 Melicerta.
2731 5563 2824 5636 Sic
2854 5577 3042 5636 omnes
3069 5563 3223 5636 codd.
3245 5633 3254 5636 _
3278 5575 3438 5628 mss.,
3460 5559 3503 5636 si
3545 5575 3706 5616 cxce-

2171 5633 2280 5689 eris
2311 5634 2667 5704 Anglicanam
2692 5635 2906 5704 tertium
2933 5635 2983 5687 in
3015 5649 3122 5702 quo
3155 5633 3354 5704 legitur
3385 5634 3702 5704 κινήσαντα,

2161 5707 2334 5760 bidem
2364 5702 2605 5772 quinque
2635 5721 2785 5762 mss..
2817 5703 2923 5774 καῖ
2953 5703 3382 5774 ὑπεραναϐῆναι.
3433 5703 3560 5774 Alii,
3613 5702 3708 5774 καὶ

2137 5771 2455 5845 ὑπερϐῆναι.
2501 5771 2640 5845 lnl'ra
2693 5775 2853 5830 codd.
2900 5771 3143 5845 Reg,_'et_
3181 5771 3528 5845 Basileeusis,
3573 5773 3710 5845 σῖτά-ς

2133 5842 2256 5898 νιον
2298 5842 2344 5896 εἱ
2417 5845 2508 5896 ἐπὶ
2569 5844 2767 5898 πλεῖον.
2837 5847 2947 5898 Duo
2987 5842 3307 5902 W’aticaui,
3381 5842 3604 5894 σπάνιον
3659 5843 3706 5894 εἰ

2133 5919 2224 5970 ἐπὶ
2252 5915 2486 5968 πλείονα.
2523 5915 2756 5986 “aliqui,
2792 5915 3012 5969 σπάνιον
3043 5916 3090 5966 εί
3131 5915 3220 5966 ἐπὶ
3251 5913 3522 5965 πλειόνων.
