3996 6530
252 503 360 557 7ὶῖ

1461 503 1739 560 (ΖΟΝΙἪΔ
1777 499 2054 560 CELSUM
2089 500 2217 556 LIB.
2261 497 2304 556 l.

3418 503 3520 560 ’118

255 617 522 674 πλειόνων
567 620 684 693 ἅμα
732 621 828 692 τὴν
864 619 1017 687 δόξαν
1052 621 1338 676 ἀναλαϐεῖν
1384 621 1717 692 δεδύνηνται.
1773 621 1830 673 '0

1941 619 2200 690 reperias,
2221 619 2311 688 qui
2330 615 2578 689 pluribus
2599 613 2757 672 simul
2792 616 3102 672 nominibus
3119 617 3342 690 gloriam
3372 637 3519 678 com-

253 708 358 779 μὲν
381 709 492 780 γὰρ
512 711 606 762 ἐπὶ
633 711 813 781 σοφίᾳ,
839 711 994 774 ἄλλος
1013 712 1054 764 δ’
1079 715 1170 766 ἐπὶ
1194 713 1508 784 στρατηγίᾳ,
1540 712 1832 784 βαρϐάρων

249 801 310 854 δέ
325 819 472 865 τινες
497 803 587 855 ἐπὶ
611 806 732 868 ταῖς
759 805 1087 876 παραδόξοις,
1105 804 1162 870 ἐξ
1187 804 1407 876 ἐπῳδῶν
1427 805 1709 876 δυνάμεσι,
1740 805 1833 858 καὶ

250 893 403 947 ἄλλοι
433 897 518 948 ἐπ’
547 895 746 960 ἄλλοις,
781 897 841 949 ού
885 897 1094 959 πολλοῖς
1119 898 1258 968 ἅμα,
1288 897 1710 969 ἐθαυμάσθησαν
1740 896 1834 950 καὶ

249 986 456 1051 ἔνδοξοι
493 988 847 1058 γεγένηνται·
877 981 1030 1052 οὗτος
1071 989 1127 1042 δὲ
1157 990 1292 1060 πρὸς
1335 991 1446 1053 τοῖς
1477 989 1653 1054 ἄλλοις
1701 990 1830 1043 Θαυ-

256 1078 493 1148 μάζεται
519 1077 613 1131 καὶ
638 1079 732 1132 ἐπὶ
763 1080 942 1150 σοφίᾳ,
978 1080 1069 1133 καὶ
1090 1080 1181 1132 ἐπὶ
1203 1080 1484 1151 δυνάμεσι,
1509 1082 1600 1134 καὶ
1632 1082 1724 1134 ἐπὶ
1756 1080 1832 1152 τῷ

247 1171 491 1242 ἀρχικῷ.
527 1173 751 1224 Ἔπεισε
772 1170 877 1241 γὰρ
903 1169 1015 1224 οὗθ’
1045 1172 1120 1234 ὡς
1149 1171 1406 1242 τύραννος
1439 1173 1830 1244 συναποστῆναι

246 1263 404 1333 αὐτῷ
438 1281 588 1326 τινας
615 1259 723 1316 τῶν
758 1264 958 1334 νόμων,
990 1261 1102 1317 οὗθ’
1133 1263 1208 1326 ὼς
1237 1263 1437 1334 λῃστὴς
1476 1266 1595 1318 κατ’
1619 1260 1829 1336 ἀνθρώ-

245 1373 368 1407 πων
401 1353 640 1425 ἀλείφων
677 1356 786 1426 (50)
822 1356 945 1419 τοὺς
973 1357 1291 1427 ἑπομένους,
1319 1357 1432 1411 οὔθ’
1470 1359 1545 1423 ὠς
1579 1359 1831 1422 πλούσιος

243 1449 507 1520 χορηγῶν
540 1453 654 1512 τοῖς
681 1449 1016 1521 προσιοῦσιν,
1042 1448 1154 1503 οὔθ’
1187 1450 1262 1515 ὥς
1293 1469 1376 1515 τις
1406 1450 1514 1505 τῶν
1541 1452 1831 1522 ὁμολογου-

245 1541 436 1610 μένως
462 1542 697 1611 ψεκτῶνο
735 1543 848 1596 ἀλλ’
874 1543 948 1607 ὡς
973 1544 1288 1608 διδάσκαλος
1308 1544 1403 1598 τοῦ
1429 1546 1555 1618 περὶ
1579 1545 1671 1599 τοῦ
1695 1545 1828 1600 Θεοῦ

243 1631 359 1685 τῶν
395 1634 534 1686 ὅλων
578 1633 756 1702 λόγου,
800 1636 892 1689 καὶ
917 1636 1015 1706 τῆς
1052 1637 1131 1700 εἰς
1169 1635 1330 1690 αὑτὸν
1381 1636 1694 1708 θρησκείας,
1739 1640 1832 1692 καὶ

245 1723 460 1785 παντὸς
507 1723 698 1793 ἠθικοῦ
732 1725 952 1797 τρόπου,
993 1725 1288 1798 δυναμένου
1321 1727 1598 1781 οἰκειῶσαι
1624 1728 1703 1800 τῷ
1737 1731 1830 1783 ἐπὶ

244 1815 393 1866 πᾶσι
426 1813 549 1880 Θεῷ
569 1815 658 1868 τὸν
683 1817 803 1869 κατ’
835 1817 993 1871 αὐτὸν
1021 1817 1305 1888 βιώσαντα.
1345 1819 1449 1872 Καὶ
1475 1820 1831 1892 Θεμιστοκλεῖ

247 1906 376 1977 μὲν,
407 1908 442 1979 ἡ
477 1925 586 1960 τινι
627 1910 734 1964 τῶν
774 1911 996 1979 ἐνδόξων
1024 1913 1175 1966 οὐδὲν
1217 1912 1407 1982 γέγονε
1448 1913 1508 1967 τὸ
1558 1915 1830 1968 ἐναντιού-

1940 715 2274 785 paraverint.
2305 712 2457 767 Alius
2491 711 2709 781 quidem
2737 712 3024 781 sapientia,
3060 711 3199 768 alius
3226 714 3520 784 imperato-

1941 809 2038 863 riis
2072 806 2300 872 artibus,
2336 805 2554 875 quidam
2590 821 2655 860 ex
2689 803 2940 861 barbaris
2982 815 3297 874 portentosa
3331 808 3519 863 incan-

1943 901 2203 953 tationttm
2252 907 2539 968 potestate,
2594 897 2683 950 alii
2755 897 2877 952 aliis
2927 899 3223 954 virtutibus
3272 901 3517 955 enitucre

1939 993 2265 1060 fueruntque
2323 989 2692 1054 admirationi,
2720 1004 2823 1042 non
2860 989 3043 1042 multis
3081 989 3263 1045 simul.
3300 990 3391 1045 Ille
3416 1008 3514 1045 au-

1941 1085 2066 1144 tem,
2117 1088 2314 1148 praeter
2363 1089 2577 1140 caetera,
2615 1086 2668 1132 et
2713 1079 2977 1147 sap7entia
3025 1087 3080 1132 et
3118 1079 3514 1136 miraculorum

1939 1179 2202 1238 potestate
2223 1181 2278 1224 et
2309 1171 2606 1240 imperandi
2636 1170 2861 1224 scientia
2897 1169 2997 1222 fuit
3024 1169 3386 1225 admirabilis.
3411 1171 3516 1226 Ne-

1938 1277 2042 1332 que
2073 1263 2235 1329 enim,
2273 1272 2329 1316 ut
2364 1274 2642 1333 tyrannus,
2667 1261 2990 1331 quibusdam
3025 1262 3297 1330 persuasit
3326 1277 3513 1317 secum

1937 1367 1967 1406 a
2003 1351 2210 1423 legibus
2240 1353 2508 1417 deficere;
2544 1366 2642 1405 nec
2676 1359 2732 1405 ut
2767 1351 2908 1405 latro
2936 1352 3025 1421 qui
3050 1351 3311 1406 adversus
3342 1353 3518 1407 homi-

1939 1461 2036 1500 nes
2065 1460 2190 1500 suos
2224 1454 2400 1500 armat
2433 1445 2701 1510 asseclas;
2734 1459 2831 1498 nec
2875 1455 2931 1497 ut
2977 1443 3270 1513 opulentus
3292 1441 3383 1514 qui
3419 1445 3520 1499 ob-

1935 1539 2054 1593 vios
2085 1537 2253 1592 allicit
2303 1535 2714 1606 largitionibus;
2763 1548 2863 1588 nec
2911 1543 2967 1586 ut
3013 1517 3281 1603 quispiam
3326 1549 3517 1590 eorum

1937 1643 2165 1698 quorum
2221 1628 2415 1699 agendi
2472 1627 2612 1682 ratio
2651 1625 2940 1680 manifeste
2991 1633 3074 1679 est
3125 1626 3516 1696 vituperanda;

1938 1725 2030 1779 sed
2069 1732 2128 1778 ιιι
2155 1723 2414 1792 magister
2442 1722 2533 1790 qui
2557 1719 2752 1775 summi
2799 1718 2890 1773 Dei
2922 1718 3252 1782 doctrinam,
3286 1719 3516 1786 cultum,

1936 1830 2260 1885 omnemque
2293 1829 2500 1870 morum
2532 1813 2698 1868 tradit
2728 1810 3095 1880 disciplinam,
3121 1826 3240 1881 qua:
3264 1826 3518 1877 supremo

1939 1908 2046 1962 Deo
2068 1905 2358 1962 conciliare
2376 1912 2575 1975 potest,
2599 1904 2912 1974 quicunque
2938 1917 3068 1957 suos
3094 1903 3158 1957 ad
3192 1917 3312 1956 eam
3339 1916 3519 1957 mores

250 2019 418 2071 μενον
440 2005 506 2074 τῇ
535 2003 656 2075 δόξῃ
674 2004 887 2074 ··τούτῳ
909 2005 964 2059 δὲ
989 2007 1124 2077 πρὸς
1156 2008 1264 2069 τοῖς
1291 2007 1599 2077 εἰρημένοις
1622 2009 1822 2074 ἱκανῶς

1941 1997 2364 2068 composuerint.
2404 1997 2482 2066 Ac
2511 1993 2898 2050 Themistoclis
2951 1994 3169 2063 quidem
3225 2001 3319 2046 aut
3350 1993 3516 2048 ullius

244 2093 574 2164 δυναμένοις
606 2095 840 2165 καλύψαι
885 2100 941 2150 ἐν
982 2099 1164 2170 ἀδοξία
1204 2098 1487 2170 ἀνθρώπου
1528 2100 1703 2172 ψυχὴν
1737 2103 1832 2155 καὶ

247 2187 396 2240 πάνυ
414 2187 666 2254 εὐφυοῦς,
694 2189 787 2242 καὶ¹
808 2190 835 2241 6
853 2189 1021 2244 δοκῶν
1042 2190 1233 2262 ἄτιμος
1261 2187 1401 2246 εἶναι
1427 2192 1654 2258 θάνατος
1681 2211 1834 2249 σταυ-

249 2279 483 2350 ρωθέντι
533 2280 714 2344 ἱκανὸς
745 2277 812 2352 ἦν
849 2283 940 2336 καὶ
962 2283 1060 2355 τὴν
1088 2283 1368 2353 φθάσασαν
1400 2286 1576 2352 δόξαν,
1619 2288 1710 2340 καὶ
1734 2289 1831 2359 τὴν

247 2372 778 2442 προκαταλαϐοῦσαν
823 2373 1159 2444 ἐξαφανίσαι,
1206 2377 1455 2442 καὶτοὺς
1494 2379 1589 2448 (ὡς
1631 2381 1830 2433 οἴονται

246 2465 297 2515 οἱ
330 2463 409 2535 μὴ
440 2466 960 2538 συγκατατιθέμενοι
989 2468 1152 2522 αὐτοῦ
1181 2473 1246 2540 τῇ
1270 2470 1608 2544 διδασκαλίᾳ)
1638 2471 1833 2543 προεξ-

248 2559 639 2630 απατηθέντας
684 2562 905 2632 ποιῆσαι
963 2563 1064 2632 τῆς
1107 2564 1205 2634 μὲν
1248 2565 1462 2636 ἀπάτης
1506 2566 1827 2637 ἀποστῆναι,

250 2651 682 2722 καταγνῶναιδέ
707 2651 800 2706 τοῦ
829 2654 1231 2725 ἀπατήσαντος.

318 2899 472 2973 Πρὸς
496 2898 702 2965 τούτοις
718 2901 776 2954 δὲ
801 2901 1075 2974 θαυμάσαι
1098 2902 1163 2957 ἄν
1182 2921 1287 2970 τις,
1313 2903 1475 2958 πόθεν
1498 2904 1696 2976 ἐπῆλθε
1719 2909 1831 2972 τοῖς

253 2993 532 3063 μαθηταῖς
562 2993 723 3048 αὐτοῦ
755 2994 890 3066 (5-1),
921 2996 996 3058 ὡς
1037 2995 1286 3064 λέγουσιν
1329 3000 1377 3050 oi
1412 2997 1834 3066 κακολογοῦντες

248 3086 344 3140 τὸν
379 3085 609 3158 Ἰησοῦν,
647 3086 722 3158 μὴ
747 3087 1044 3160 ἑωρακόσιν
1071 3088 1234 3142 αὐτὸν
1257 3089 1563 3143 ἀναστάντα
1595 3090 1700 3143 ἀπὸ
1726 3091 1832 3143 τῶν

250 3183 488 3253 νεκρῶν,
511 3181 643 3253 μηδὲ
673 3182 967 3236 πεισθεῖσιν
994 3184 1075 3238 ὅτι
1137 3182 1404 3254 θειότερόν
1433 3200 1486 3236 τι
1510 3178 1578 3255 ἦν
1606 3184 1830 3250 ἐκεῖνος,

253 3274 392 3345 πρὸς
429 3273 510 3344 τῷ
549 3273 622 3345 μὴ
668 3274 966 3345 φοϐηθῆναι
997 3274 1107 3347 (5‘2)
1135 3275 1205 3328 τά
1242 3275 1379 3329 αὐτά
1419 3275 1496 3346 τῷ
1531 3276 1832 3347 διδασκάλῳ

253 3369 471 3430 παθεῖν,
505 3369 599 3421 καὶ
641 3369 805 3439 ὁμόσε
843 3369 1089 3440 χωρῆσαι
1135 3368 1212 3439 τῷ
1250 3369 1502 3440 κινδύνῳ,
1531 3369 1628 3423 καὶ
1661 3387 1834 3423 κατα-

251 3460 430 3515 λιπεῖν
462 3461 561 3524 τάς
598 3461 860 3534 πατρίδας
900 3463 1038 3534 ὑπὲρ
1070 3461 1161 3515 τοῦ
1196 3462 1401 3526 διδάξαι
1443 3462 1583 3516 κατά
1616 3462 1676 3516 τὸ
1730 3464 1834 3535 Ἰηι

255 3553 352 3606 σοῦ
388 3553 658 3624 βούλημα,
685 3555 773 3608 τὸν
801 3554 1168 3626 παραδοθέντα
1195 3554 1305 3625 (55)
1337 3555 1520 3619 αὐτοῖς
1551 3555 1641 3609 ὑπ’
1669 3555 1831 3609 αὐτοῦ

251 3646 442 3714 λόγον·
469 3643 621 3718 οἶμαι
654 3647 781 3718 γὰρ,
806 3649 887 3701 ὅτι
917 3649 944 3701 6
974 3648 1328 3719 εὐγνωμόνως
1362 3647 1626 3712 ἐξετάζων
1659 3649 1836 3719 πράγο

256 3755 404 3811 ματα
432 3742 534 3793 οὐκ
563 3737 629 3793 ἂν
679 3739 825 3809 λέγοι
865 3738 1083 3802 τούτους
1124 3739 1350 3801 ἐαυτοῦς
1393 3737 1834 3809 παραδεδωκέναι

255 3831 633 3904 περιστατικῷ
682 3831 801 3902 βίῳ,
848 3831 1032 3885 ἕνεκεν
1077 3829 1176 3900 τῆς
1240 3829 1414 3901 Ἰησοῦ
1463 3829 1830 3894 διδασκαλίας,

252 3925 426 3995 χωρίς
463 3939 606 3986 τινος
639 3923 879 3994 μεγάλης
913 3920 1152 3986 πειθοῦς,
1185 3923 1252 3993 ἢν
1281 3921 1604 3992 ἐνεποίησεν
1630 3923 1832 3985 αὐτοῖς,

252 4016 521 4069 διδάσκων
570 4015 629 4068 ού
679 4013 835 4085 μόνον
879 4012 1176 4066 διακεῖσθαι
1224 4011 1365 4066 κατά
1414 4012 1482 4065 τὰ
1539 4013 1836 4083 μαθήματα

253 4108 443 4172 αὐτοῦ,
480 4106 615 4160 ἀλλά
659 4105 754 4159 καὶ
795 4105 986 4167 ἄλλους
1030 4102 1356 4158 διατιθέναι·
1407 4103 1499 4158 καὶ
1541 4102 1834 4157 διατιθέναι

255 4198 546 4270 προῦπτου
564 4199 735 4262 ὄντος,
759 4197 833 4259 ὡς
859 4196 994 4268 πρὸς
1013 4197 1104 4250 τὸν
1125 4195 1425 4268 ἀνθρώπων
1448 4196 1580 4267 βίον,
1611 4194 1834 4266 ὀλέθρου

252 4290 334 4362 τῷ
352 4290 624 4360 τολμῶντι
655 4287 928 4358 πανταχοῦ
951 4290 1045 4341 καὶ
1070 4289 1206 4357 πρὸς
1235 4287 1440 4351 πάντας
1469 4289 1832 4358 καινοτομεῖν,

253 4382 352 4437 καὶ
395 4382 600 4452 μηδένα
645 4380 966 4452 ἀνθρώπων,
1007 4378 1311 4451 ἐμμένοντα
1343 4378 1451 4449 (54)
1491 4380 1601 4442 τοῖς
1645 4377 1836 4449 προτέ-

258 4493 373 4550 ροις
404 4478 638 4548 δόγμασι
684 4475 778 4529 καὶ
820 4474 982 4539 ἔθεσι,
1029 4473 1180 4543 φίλον
1216 4471 1392 4542 ἑαυτῷ
1438 4474 1641 4541 τηρεῖν.
1691 4466 1836 4542 τΑρα

253 4573 366 4642 γὰρ
398 4571 496 4640 οὐχ
521 4569 710 4640 ἐώρων
737 4569 786 4620 οἱ
811 4567 902 4619 τοῦ
945 4563 1118 4636 Ἰησοῦ
1151 4564 1412 4635 μαθηταὶ,
1439 4563 1743 4634 τολμῶντες
1773 4563 1834 4616 οὐ

1938 2093 2171 2145 virorum
2203 2090 2493 2144 illustrium
2527 2087 2661 2142 nihil
2689 2097 2810 2142 erat
2837 2088 2983 2157 quod
3024 2085 3211 2156 gloriae
3244 2087 3504 2140 adversa-

1936 2192 2102 2239 retur.
2154 2181 2244 2237 llle
2292 2191 2472 2236 autem
2525 2190 2728 2252 praeter
2755 2178 2865 2248 jam
2927 2178 3091 2243 dicta,
3125 2194 3245 2248 quae
3279 2179 3516 2233 tenebris

1934 2274 2163 2330 obruere
2210 2280 2458 2342 poterant
2504 2271 2738 2325 indolem
2794 2269 3094 2339 quamlibet
3159 2284 3509 2338 generosam,

1935 2369 2177 2422 Sublatus
2226 2368 2279 2422 in
2308 2380 2524 2421 crucem
2576 2373 2807 2419 mortem
2858 2376 3050 2432 passus
3084 2369 3188 2424 est,
3217 2375 3336 2430 quae
3394 2363 3511 2414 visa

1938 2459 2038 2513 fuit
2063 2458 2441 2528 ignominiosa,
2473 2465 2526 2511 et
2557 2471 2676 2525 quae
2707 2463 2827 2508 erat
2859 2452 3196 2522 huiusmodi,
3224 2461 3282 2505 ut
3336 2465 3398 2505 ea
3431 2452 3513 2506 vel

1929 2549 2038 2618 jam
2061 2559 2186 2603 ante
2208 2555 2517 2617 comparata
2554 2545 2726 2615 gloria
2754 2541 3062 2602 obliterari.
3103 2539 3400 2595 abalienari
3444 2538 3512 2593 ab

1935 2638 2054 2708 ipso
2081 2641 2411 2709 quicunque,
2457 2647 2514 2692 ut
2557 2643 2748 2706 putant
2779 2633 2871 2705 qui
2901 2632 3018 2700 ejus
3049 2630 3348 2687 doctrinam
3403 2645 3512 2685 non

1936 2741 2281 2799 receperunt,
2314 2729 2521 2798 decepti
2557 2728 2792 2792 fuerant,
2829 2734 2883 2780 et
2912 2725 2977 2778 ad
3005 2723 3370 2779 damnandum
3409 2724 3512 2776 im-

1934 2836 2208 2896 postorcm
2237 2825 2461 2880 excitari
2489 2822 2808 2893 potuissent.

2007 2918 2096 2973 3|.
2127 2916 2317 2970 Mirum
2351 2917 2516 2971 etiam
2547 2922 2629 2969 est
2667 2913 2807 2967 unde
2831 2911 3131 2982 discipulis,
3165 2909 3275 2979 qui,
3314 2917 3371 2962 ut
3414 2909 3511 2963 ob-

1936 3017 2259 3064 trectatores
2302 3006 2428 3062 Jesu
2472 3006 2679 3072 dicunt,
2715 3017 2814 3058 nec
2852 3017 2974 3058 eum
3007 3018 3036 3056 a
3073 3002 3302 3057 mortuis
3340 3001 3513 3056 susci-

1937 3110 2108 3157 tatum
2138 3101 2424 3164 vidissent,
2462 3115 2560 3155 nec
2597 3113 2720 3153 eum
2773 3096 3018 3151 divinum
3062 3094 3338 3163 quidpiam
3390 3107 3512 3147 esse

1936 3205 2257 3261 persuasum
2330 3191 2674 3254 habuissent,
2731 3188 2785 3242 in
2823 3195 3062 3242 mentem
3113 3184 3349 3239 venisset
3405 3198 3512 3239 non

1937 3282 2292 3339 reformidare
2321 3298 2440 3350 quae
2470 3282 2728 3354 magister
2757 3294 2949 3350 passus
3011 3277 3208 3343 fuerat,
3245 3276 3514 3346 intrepide

1938 3388 1996 3429 se
2027 3373 2282 3444 periculis
2303 3373 2668 3437 committere,
2710 3370 3052 3441 patriamque
3092 3369 3421 3438 relinquere,
3457 3378 3518 3421 ut

1939 3481 2005 3521 ex
2031 3465 2308 3519 voluntate
2330 3461 2455 3519 Jesu
2503 3463 2808 3518 doctrinam
2863 3460 2965 3516 sibi
3008 3460 3075 3516 ab
3110 3462 3228 3531 ipso
3257 3460 3515 3514 traditam

1939 3557 2214 3610 docerent.
2265 3553 2398 3608 Nam
2444 3554 2690 3608 arbitror
2737 3551 3010 3607 neminem
3044 3550 3160 3606 fore
3199 3549 3313 3619 qui,
3353 3549 3518 3603 rebus

1940 3647 2230 3716 diligenter
2264 3646 2568 3716 perpensis,
2597 3645 2740 3700 dicat
2773 3643 2895 3700 illos
2923 3643 3314 3698 tumultuosam
3345 3642 3516 3696 vitam

1938 3736 2103 3810 35.9
2129 3747 2351 3808 propter
2389 3736 2515 3792 Jesu
2538 3737 2845 3791 doctrinam
2873 3734 3148 3790 electuros
3179 3733 3369 3798 fuisse,
3409 3731 3513 3787 nisi

1939 3846 2036 3884 eos
2064 3829 2414 3882 vehementer
2476 3826 2839 3896 persuasisset
2886 3833 2939 3880 et
2982 3839 3047 3879 ex
3078 3823 3191 3878 suis
3221 3823 3515 3892 praeceptis

1940 3921 2126 3975 vivere
2157 3930 2211 3974 et
2247 3920 2384 3974 alios
2431 3920 2496 3972 ad
2530 3934 2591 3972 ea
2624 3918 2953 3985 capessenda
2994 3914 3266 3970 adducere
3315 3932 3328 3967 :
3377 3929 3517 3983 prae-

1941 4013 2129 4068 sertim
2157 4027 2302 4076 cum,
2337 4023 2394 4065 ut
2417 4021 2543 4066 sunt
2572 4012 2822 4064 humana:
2849 4023 2959 4074 res,
2993 4009 3049 4061 in
3083 4020 3328 4076 praesens
3357 4005 3514 4060 exitii

1941 4104 2242 4174 periculum
2277 4119 2334 4158 se
2359 4104 2635 4172 conjiciat,
2663 4101 2910 4172 quisquis
2947 4113 3086 4155 nova
3111 4098 3418 4166 ubicunque
3459 4103 3515 4150 et

1941 4193 2194 4249 omnibus
2221 4193 2524 4264 praedicare
2552 4195 2732 4256 audet,
2754 4191 3102 4257 infensosque
3141 4187 3242 4240 sibi
3264 4186 3510 4247 reddere,

1941 4287 2250 4355 quicunque
2276 4295 2404 4340 sunt
2428 4285 2621 4354 priscis
2647 4283 2915 4352 dogmatis
2950 4291 3003 4336 et
3027 4277 3514 4336 consuetudinibus

1941 4377 2169 4433 addicti.
2212 4377 2406 4431 Annon
2439 4378 2491 4430 id
2523 4377 2753 4446 periculi
2787 4375 3044 4429 viderunt
3081 4369 3210 4426 Jesu
3253 4368 3513 4438 apostoli,

1941 4485 2062 4525 cum
2113 4469 2232 4524 ausi
2264 4479 2393 4525 sunt
2449 4485 2556 4523 non
2609 4469 2784 4524 solum
2815 4466 3016 4521 Judteis
3067 4479 3133 4518 ex
3177 4461 3513 4532 propheticis

1940 4561 2280 4616 sermonibus
2333 4565 2585 4630 probare,
2644 4574 2766 4613 cum
2825 4571 2966 4622 esse,
3031 4568 3191 4624 quem
3237 4551 3516 4621 pr0pheta:

259 4665 421 4735 μόνον
459 4662 732 4724 Ἰουδαίοις
758 4662 823 4713 ἐκ
849 4658 953 4712 τῶν
984 4656 1336 4730 προφητικῶν
1373 4656 1543 4725 λόγων
1575 4657 1833 4728 παριστά-

1941 4657 2348 4725 prtedixerant;
2383 4655 2478 4710 sed
2513 4655 2676 4708 etiam
2707 4652 2932 4721 reliquis
2963 4648 3212 4720 gentibus
3240 4661 3387 4709 eum,
3418 4645 3512 4713 qui

254 4774 392 4820 νειν,
441 4756 522 4808 ὅτι
563 4747 715 4817 οὗτος
752 4751 836 4822 εἴη
883 4749 911 4802 6
957 4747 1370 4821 προφητευθεὶς,
1419 4746 1552 4800 ἀλλὰ
1594 4747 1687 4800 καὶ
1728 4748 1838 4809 τοῖς

253 4850 465 4912 λοιποῖς
504 4845 731 4909 ἔθνεσιν,
766 4843 847 4897 ὅτι
888 4845 916 4896 ὁ
956 4842 1083 4913 χθὲς
1125 4840 1221 4894 καὶ
1267 4839 1457 4912 πρώην
1506 4839 1839 4911 σταυρωθεὶς

258 4941 402 4994 ἑκὼν
445 4937 632 4991 τοῦτον
673 4935 763 4988 τὸν
805 4934 1033 4988 θάνατον
1072 4933 1212 5003 ὑπὲρ
1257 4928 1350 4984 τοῦ
1384 4929 1489 4984 τῶν
1534 4929 1838 5001 ἀνθρώπων

255 5033 452 5102 γένους
493 5027 800 5093 ἀνεδέξατο,
843 5024 1100 5093 ἀνάλογον
1144 5026 1254 5086 τοῖς
1292 5021 1653 5078 ἀποθανοῦσιν
1700 5023 1838 5093 ὑπὲρ

255 5125 536 5197 πατρίδων
563 5122 655 5175 ἐπὶ
692 5119 769 5190 τῷ
804 5117 990 5171 σϐέσαι
1027 5117 1247 5188 λοιμικά
1279 5118 1626 5188 κρατήσαντα
1672 5131 1840 5168 κατα-

332 5327 446 5398 (50)
516 5326 814 5395 Ἀλείφων.
889 5319 1152 5386 Ὀπλίζων
1193 5317 1453 5374 Gelenius
1508 5316 1703 5384 legisse
1758 5318 1837 5370 vi-

258 5399 440 5452 detur.
1403 5437 1412 5441 -

330 5468 445 5537 (51)
474 5465 692 5521 Αὐτοῦ.
727 5465 882 5537 Deest
919 5463 971 5537 in
1013 5461 1168 5537 libris
1204 5467 1363 5537 antea
1392 5458 1700 5537 editis._setl
1753 5473 1840 5513 re-

257 5528 474 5608 peritti-r
509 5538 581 5608 Ain
618 5539 779 5591 codd.
834 5529 1434 5608 Basileensitdoliapo,
1481 5538 1534 5582 et
1577 5528 1838 5608 V:ttica_uo

258 5598 457 5678 primo.
497 5606 666 5678 Paulo
701 5615 820 5675 post
857 5605 1039 5678 codetr
1066 5599 1390 5678 Basileensis
1418 5613 1521 5678 tto_n
1568 5598 1727 5678 male,
1760 5600 1840 5678 6_:t

258 5669 636 5750 'Ostdespo‘tﬁv
666 5669 860 5750 ἐκεῖνο,
914 5669 1690 5750 ιιὶιιιίιηιιι)’τὸ-,ἀναστῆναι,ἐκ
1736 5669 1840 5744 τῶν

260 5735 494 5822 νεκρῶν.
525 5735 739 5816 uéuqui
774 5761 900 5801 mss.
928 5760 1050 5798 cum
1074 5743 1252 5807 editis,
1280 5741 1360 5793 ὅτι
1396 5735 1662 5808 θειότερόν
1693 5755 1743 5792 τι
1774 5735 1840 5811 ἦν

261 5821 488 5884 ἐκεῖνος.

333 5880 460 5960 (ὖὶί
486 5889 643 5957 Πρὸς
679 5887 761 5960 τῷ
783 5886 887 5960 μὴ
935 5883 1286 5960 ροξηρῇνᾳι.
1323 5880 1400 5933 Ita
1435 5883 1635 5960 optime
1683 5881 1840 5960 codd.

263 5951 598 6018 Basilecnsis
619 5951 679 6015 ct
709 5951 975 6012 lulianus.
1024 5954 1238 6025 Reliqui
1275 5961 1481 6018 autem,
1511 5951 1645 6021 πρὸς
1674 5952 1732 6004 τὸ
1768 5951 1842 6024 μὴ

1944 4747 2063 4802 heri
2119 4757 2173 4803 et
2213 4747 2412 4802 nudius
2459 4745 2651 4800 tertius
2682 4745 2833 4799 cruci
2868 4740 3059 4796 allixus
3092 4739 3310 4802 fuerat,
3368 4737 3509 4791 hane

1943 4840 2084 4895 ultro
2124 4848 2354 4894 mortem
2387 4855 2484 4909 pro
2514 4837 2753 4892 humano
2781 4848 2982 4905 genere
3001 4831 3274 4894 subiisse;
3301 4828 3382 4882 eis
3410 4827 3513 4881 hac

1943 4931 1995 4982 iu
2030 4943 2088 4982 re
2123 4929 2378 4994 similem,
2406 4929 2495 4997 qui
2531 4937 2760 4982 mortem
2795 4923 3160 4995 oppetierant,
3193 4929 3252 4975 ut
3274 4917 3509 4988 patriam

1941 5035 2091 5074 suam
2119 5036 2147 5072 a
2184 5031 2473 5090 grassante
2519 5018 2866 5088 pestilentia,
2918 5025 3011 5069 aut
3044 5012 3364 5077 sterilitate,
3414 5017 3511 5063 aut

1944 5110 2357 5180 tempestatibus
2387 5107 2726 5164 liberarent?
2779 5106 2856 5160 lta
2885 5105 3030 5161 enim
3064 5111 3257 5157 natura
3286 5115 3514 5169 compa-

1942 5318 2259 5388 φοϐηθῆναι.

2011 5375 2310 5459 (δὶςγωυι).
2354 5385 2504 5450 editi,
2530 5383 2621 5437 καὶ
2646 5381 2735 5460 τδν
2770 5378 3162 5460 παραδοθέντα,
3194 5375 3286 5460 sed
3314 5375 3363 5427 in
3390 5388 3515 5460 'om:

1941 5449 2115 5515 nibus
2131 5474 2262 5512 mss.
2299 5449 2658 5525 praeterquam
2697 5457 2749 5508 in
2779 5449 3095 5523 Anglicanis
3129 5450 3280 5501 deest
3309 5449 3423 5508 καί,
3460 5453 3513 5498 et

1945 5539 2087 5583 recte
2118 5529 2358 5597 quidem.

2014 5584 2574 5668 (54)'llmscheliusin
2606 5603 2753 5668 textu
2783 5590 3113 5668 ἐμϐαίνοντα
3137 5626 3150 5648 ,
3180 5596 3233 5640 et
3265 5584 3330 5636 ad
3365 5599 3510 5668 mar-

1944 5662 2121 5741 ginem
2146 5667 2468 5738 ἐμμένοντα.
2499 5662 2864 5741 Posteriorem
2894 5662 3510 5741 lectionem‘scquuntur

1944 5726 2064 5794 cum
2101 5726 2371 5808 Spet'tcero
2403 5752 2595 5791 attines
2627 5750 2759 5808 mss.
2811 5734 2854 5808 si
2904 5726 3510 5808 excipias‘Va‘ticauuut

1945 5794 2241 5873 recentem,
2272 5818 2326 5861 ct
2347 5807 2618 5862 lulianum
2642 5805 2734 5874 qui
2769 5806 2930 5860 etiam
2965 5794 3127 5872 supra
3157 5794 3508 5868 ἐμϐαίνοντα,

1945 5880 2238 5949 ascriptum
2280 5881 2441 5934 habet
2463 5919 2477 5944 ,
2508 5878 2834 5948 ἐμμένοντα.
