3962 6414
533 409 634 464 719

1997 403 2322 460 ORICENIS

3680 410 3780 466 7(ιο

531 544 708 587 ratum
741 531 953 586 videtur
979 531 1048 585 ob
1081 544 1307 584 arcanas
1329 530 1624 600 multisque
1655 529 1908 584 difliciles
1932 539 2085 598 captu

2196 528 2468 598 στήματα,
2497 527 2529 598 ἢ
2558 527 2807 600 ἀφορίας,
2832 529 2864 601 ἦ
2891 529 3212 596 δυσπλοίας;
3238 529 3396 594 Εἰκὸς
3421 529 3533 602 γὰρ
3556 527 3700 584 εἶναι
3725 533 3782 584 ὲν

529 626 790 686 rationes,
817 633 876 678 ut
907 621 1066 677 unius
1092 620 1228 689 ,ἰοειί
1269 636 1422 676 mors
1452 629 1649 691 sponte
1691 631 1939 691 suscepta
1981 621 2091 676 da:-

530 729 718 770 mones
753 714 876 770 illos
910 721 1255 778 averruncet,
1290 713 1382 782 qui
1411 713 1742 783 pestilentia,
1778 713 2088 778 sterilitate,

528 815 622 860 aut
663 803 1099 874 tempestatibus,
1134 803 1367 869 aliisque
1409 805 1460 858 id
1492 819 1660 872 genus
1687 805 2093 861 calamitatibus

531 907 704 950 terras
757 904 978 950 vexant.
1037 895 1230 949 Dicant
1283 895 1464 965 igitur,
1497 896 1587 964 qui
1623 897 1816 954 nolunt
1867 899 2092 954 credere

526 989 710 1045 Jcsum
754 989 808 1044 in
861 1005 1024 1045 cruce
1059 989 1334 1043 hominum
1375 1005 1538 1044 causa
1589 1001 1816 1046 mortem
1865 991 2088 1056 obiisse,

527 1098 703 1138 annon
745 1082 1041 1137 multarum
1077 1083 1392 1138 Grzecarum
1437 1093 1492 1137 et
1523 1084 1882 1138 barbararum
1917 1083 2089 1138 histo-

528 1176 729 1229 riarum
766 1174 869 1229 fide
909 1175 1136 1230 credant
1183 1179 1446 1244 quosdam
1492 1192 1588 1245 pro
1617 1179 1792 1232 salute
1817 1179 2090 1232 communi

524 1271 850 1327 occubuisse
883 1280 1083 1332 morte.
1118 1278 1177 1323 ut
1203 1271 1271 1324 ab
1302 1270 1528 1324 urbibus
1554 1269 1918 1339 gentibusque
1942 1271 2090 1325 cala-

525 1363 740 1416 mitates
769 1362 1124 1417 averterent?
1150 1361 1230 1414 An
1264 1361 1362 1414 hoc
1386 1361 1603 1429 quidem
1635 1359 1834 1413 factum
1863 1369 1964 1425 est,
1996 1362 2089 1415 sed

524 1465 554 1502 a
585 1463 714 1502 vero
754 1449 990 1503 alienum
1023 1462 1126 1515 est,
1162 1465 1284 1503 eum
1319 1489 1334 1512 ,
1359 1451 1446 1517 qui
1484 1464 1580 1520 pro
1621 1449 1842 1502 homine
1879 1451 2092 1504 habitus

523 1547 626 1602 cst,
660 1551 885 1593 mortem
937 1539 1168 1594 subiisse
1195 1581 1210 1603 ,
1239 1554 1345 1606 quo
1400 1555 1628 1609 magnus
1655 1539 1864 1594 daemon
1891 1540 2093 1594 damno-

525 1644 763 1698 numquc
791 1631 1046 1699 princeps
1081 1629 1481 1699 prolligaretur,
1515 1630 1605 1696 qui
1640 1643 1853 1694 omnes,
1888 1645 2010 1697 quae
2037 1629 2087 1682 in

527 1728 599 1774 tet
616 1719 691 1773 ris
720 1728 884 1783 sunt,
916 1719 1194 1772 hominum
1225 1719 1434 1772 animas
1478 1718 1529 1770 iu
1576 1733 1728 1771 suam
1767 1728 2087 1787 potestatem

526 1809 849 1878 redegerat?
873 1807 1000 1862 llaec
1030 1823 1150 1862 cum
1185 1806 1704 1861 animadvertissent
1742 1805 1872 1862 Jesu
1917 1809 2086 1864 disci-

2194 619 2260 686 τῇ
2305 615 2460 684 φύσει
2504 616 2614 669 τῶν
2659 617 3018 689 πραγμάτων,
3062 621 3204 674 κατά
3246 637 3397 684 τινας
3437 620 3784 692 ἀπορρήτους

2195 708 2289 762 καὶ
2321 708 2657 778 δυσλὴπτους
2688 713 2798 774 τοῖς
2828 710 3038 775 πολλοῖς
3065 712 3278 781 λόγους,
3309 711 3470 782 φύσιν
3498 712 3778 782 τοιαύτην,

2195 800 2270 863 ὡς
2310 800 2406 853 ἕνα
2443 800 2668 864 δίκαιον,
2712 802 2854 872 ὑπὲρ
2888 803 2979 855 τοῦ
3015 803 3194 856 κοινοῦ
3244 804 3588 859 ἀποθανόντα
3628 806 3780 857 έκου-

2197 892 2345 957 σίως,
2390 893 2873 964 ἀποτροπιασμοὺς
2922 895 3166 964 ἐμποιεῖν
3209 895 3425 967 φαύλων
3465 897 3777 968 δαιμονίων,

2196 984 2564 1054 ἐνεργούντων
2599 984 2820 1055 λοιμοὺς
2865 984 2896 1055 ἢ
2933 987 3183 1058 ἀφορίας,
3226 989 3258 1059 ἢ
3299 989 3618 1054 δυσπλοίας,
3657 991 3691 1060 ἦ
3728 1008 3780 1043 τι

2195 1074 2300 1127 τῶν
2329 1075 2743 1147 παραπλησίων.
2777 1077 3095 1144 Λεγέτωσαν
3120 1075 3213 1132 οῦν
3237 1081 3286 1132 οἱ
3319 1079 3635 1150 βουλόμενοι
3663 1082 3780 1133 ἀπι-

2196 1168 2338 1218 στεῖν
2395 1166 2472 1237 τῷ
2535 1168 2740 1238 Ἰησοῦν
2797 1169 2937 1239 ὑπὲρ
2987 1168 3291 1240 ἀνθρώπων
3345 1171 3777 1243 ἀποτεθνηκέναι

2194 1257 2381 1327 τρόπῳ
2416 1257 2667 1327 σταυροῦ,
2699 1257 2924 1328 πότερον
2956 1258 3074 1312 οὐδὲ
3113 1259 3212 1322 τὰς
3257 1260 3577 1331 Ἑλληνικὰς
3607 1279 3781 1333 παρα-

2192 1348 2430 1414 δέξονται
2467 1349 2560 1402 καὶ
2597 1347 2935 1419 βαρϐαρικὰς
2967 1349 3163 1414 πολλὰς
3193 1350 3303 1422 (55)
3345 1353 3613 1423 ἱστορίας,
3647 1353 3777 1423 περὶ

2191 1438 2282 1491 τοῦ
2315 1456 2464 1501 τινας
2496 1440 2634 1510 ὑπὲρ
2665 1439 2757 1492 τοῦ
2795 1440 2972 1493 κοινοῦ
3004 1441 3322 1512 τεθνηκέναι
3364 1443 3775 1514 καθαιρετικῶς

2190 1531 2297 1583 τῶν
2340 1530 2865 1602 προκαταλαϐόντων
2907 1532 3003 1596 τὰς
3040 1533 3222 1598 πόλεις
3256 1535 3350 1588 καὶ
3392 1535 3460 1588 τὰ
3499 1535 3630 1608 ἔθνη
3677 1555 3776 1591 κα-

2191 1621 2333 1688 κῶνς
2367 1624 2397 1692 ἢ
2433 1624 2611 1676 ἐκεῖνα
2651 1623 2748 1692 μὲν
2783 1623 3096 1695 γεγένηται,
3129 1625 3283 1678 οὐδὲν
3317 1626 3373 1678 δὲ
3401 1626 3628 1680 πιθανὸν
3662 1628 3774 1698 ἔχει

2189 1715 2217 1765 ὁ
2254 1713 2604 1784 νομιζόμενος
2620 1713 2899 1784 ἄνθρωπος
2917 1716 3051 1786 πρὸς
3077 1716 3136 1768 τὸ
3170 1717 3463 1770 ἀποθανεῖν
3505 1718 3600 1770 ἐπὶ
3639 1719 3773 1773 καθ-

2190 1803 2304 1874 αιρέ
2316 1819 2392 1855 σει
2431 1803 2666 1874 μεγάλου
2693 1805 2942 1874 δαίμονος
2957 1806 3089 1878 (56),
3108 1809 3200 1860 καὶ
3211 1808 3477 1878 δαιμόνων
3494 1809 3774 1881 ἄρχοντος,

525 1900 636 1970 puli
663 1900 878 1970 aliaque
911 1899 1063 1969 plura
1095 1915 1216 1969 quae
1251 1898 1548 1955 verisimile
1575 1910 1661 1954 est
1691 1915 1786 1954 eos
1832 1916 1896 1955 ex
1927 1917 2085 1956 arca—

2191 1892 2551 1956 ὺποτάξαντος
2578 1895 2704 1958 ὅλας
2737 1896 2834 1958 τὰς
2869 1898 2960 1949 ἐπὶ
2993 1899 3092 1969 γῆν
3124 1899 3443 1970 ἐληλυθυίας
3466 1900 3775 1973 ἀνθρώπων

524 1991 609 2048 nis
640 2007 764 2048 cum
792 1991 882 2046 illo
907 1991 1193 2061 colloquiis
1229 1993 1501 2058 didicisse,
1541 1991 1810 2062 simulque
1839 1996 2086 2062 quadam

523 2084 729 2139 virtute
786 2083 982 2152 repleti
1035 2081 1156 2154 (nec
1181 2085 1325 2138 enim
1365 2083 1471 2138 illis
1520 2084 1689 2138 robur
1713 2093 1766 2138 et
1806 2085 2088 2138 audaciam

526 2175 801 2231 indiderat
840 2175 1025 2230 nescio
1078 2190 1196 2244 qua:
1230 2183 1511 2243 poetarum
1546 2175 1702 2244 virgo
1727 2215 1742 2242 ,
1770 2176 1862 2230 sed
1909 2175 2090 2246 potius

524 2267 621 2322 Dei
647 2267 941 2338 prudentia
970 2275 1025 2321 et
1051 2265 1338 2336 sapientia)
1371 2269 1698 2321 studuerunt

697 2525 943 2581 “lustres
977 2524 1096 2593 fieri
1126 2525 1268 2590 apud
1299 2539 1496 2587 omnes,

523 2634 631 2676 non
658 2616 834 2676 solum
869 2617 1011 2686 apud
1047 2616 1276 2685 Argivos
1305 2654 1320 2679 ,
1383 2615 1478 2669 sed
1519 2614 1682 2671 etiam
1725 2616 1868 2686 apud
1897 2630 2087 2676 omnes

520 2708 740 2766 Graecos
773 2719 830 2762 et
857 2707 1135 2770 barbaros,

689 2797 928 2868 Lateque
963 2794 1161 2864 {enituit
1189 2794 1483 2861 c/fundere.

591 2887 683 2947 39..
714 2886 820 2944 Sed
847 2895 1187 2942 revertamur
1213 2888 1280 2940 ad
1323 2884 1496 2939 ,ιιιόωί
1527 2901 1966 2958 prosopOpaaam,
1998 2892 2086 2946 ubi

520 2980 816 3037 narratille
839 2977 966 3033 .lesu
995 2988 1243 3040 matrem,
1264 2993 1385 3030 cum
1424 2994 1452 3029 a
1493 2979 1666 3044 fabro,
1699 2982 1787 3047 qui
1814 2982 1917 3035 sibi
1942 2983 2087 3038 illam

521 3075 911 3147 desponderat,
951 3080 1224 3126 temerata:
1253 3068 1414 3138 350
1457 3071 1733 3138 pudicitia:
1773 3089 1867 3128 rea
1908 3077 2086 3144 gravi-

596 3252 709 3324 (55)
748 3253 1009 3318 Πολλὰς.
1027 3256 1188 3324 Deest
1222 3255 1273 3306 ἱιι
1309 3253 1443 3324 codd
1457 3252 1659 3324 .MRegio
1686 3260 1740 3304 et
1771 3250 2084 3324 B_asi_leensi.

520 3321 700 3396 Paulo.
719 3335 839 3396 post
869 3339 968 3392 pro
1000 3322 1396 3396 καθαιρετικῶς
1425 3321 1531 3396 τῷν
1550 3321 2088 3396 προκαταλαϐόντων,

525 3393 697 3446 codex
721 3391 976 3446 ’Juliattus
1018 3391 1182 3445 halict
1212 3394 1276 3445 ad
1310 3392 1628 3460 marginem,
1674 3391 2090 3461 καθαιρετικοῦς

522 3461 631 3515 τῶν
687 3462 1228 3533 προκαταλαϐόντων.
1273 3467 1404 3528 Quae
1462 3463 1732 3516 correctio
1787 3477 1896 3515 non
1935 3478 2090 3532 sper-

525 3535 721 3590 nenda.

598 3602 710 3672 (56)
741 3600 1016 3671 Μεγάλου
1043 3601 1344 3670 δαίμονος.
1380 3603 1432 3655 ΙίΙ
1481 3610 1564 3672 est
1588 3640 1604 3672 ν,
1633 3599 1961 3662 Βεελζεϐοῦϐ
1999 3604 2090 3670 qui

524 3673 666 3744 apud
710 3683 910 3744 gentes
949 3682 1170 3744 vocatur
1198 3672 1469 3735 Πλούτων,
1529 3671 1806 3744 Σάραπις,
1868 3672 2087 3744 Ἑκάτη.

524 3739 659 3798 Vide
713 3739 1009 3796 Eusebium
1037 3783 1051 3805 ,
1085 3743 1178 3796 lib.
1210 3757 1262 3794 ιγ
1284 3782 1298 3804 ,
1330 3759 1449 3810 cap.
1498 3743 1569 3794 23
1591 3739 1617 3803 ,⁷
1645 3739 1822 3811 Prwp.
1864 3739 2088 3811 evang.)

526 3813 677 3876 item,
710 3814 804 3866 lib.
840 3827 894 3874 v,
925 3827 1047 3879 cap.
1087 3811 1140 3875 7,
1167 3819 1220 3864 ct
1248 3813 1337 3864 lib.
1375 3827 1456 3875 ιιι,
1479 3827 1599 3878 cap.
1640 3810 1744 3873 16;
1784 3810 2094 3866 Theodore-

528 3894 640 3952 tum
671 3898 840 3937 serm.
871 3883 926 3944 3,
958 3881 1034 3934 De
1071 3881 1293 3949 angelis,
1333 3883 1453 3940 diis,
1483 3892 1539 3936 et
1577 3881 1900 3952 dwuzouilms
1928 3922 1942 3945 ,
1966 3899 2089 3952 pag.

523 3951 630 4014 L7;
663 3953 1072 4012 Lucauum,lib.
1093 3966 1169 4013 VI,
1200 3961 1252 4004 et
1281 3954 1534 4013 Statium,
1573 3953 1664 4004 lib.
1689 3965 1740 4003 tv
1780 3950 2088 4007 Thebaidos.

597 4023 710 4090 (57)
743 4021 832 4075 Sic
856 4035 1045 4074 omnes
1085 4036 1217 4074 mss.
1245 4034 1472 4088 excepto
1505 4021 1720 4090 .Ioliano
1743 4021 1833 4089 qui
1867 4023 1916 4074 in
1943 4031 2090 4075 textu

527 4089 649 4144 cum
677 4089 990 4146 llmscbclio
1021 4091 1202 4156 habet,
1230 4090 1456 4143 ἔκδικοι.
1497 4091 1626 4145 Vide
1668 4089 1889 4145 Homer.
1923 4091 2086 4146 Iliad.

527 4162 620 4214 lib.
656 4177 706 4214 v.
741 4175 881 4214 vers.
909 4161 964 4214 2.

527 4162 620 4214 lib.
656 4177 706 4223 v,
741 4175 881 4214 vers.
909 4162 964 4214 2.

599 4229 711 4355 $8)
735 4231 791 4283 lu
824 4231 1075 4284 omnibus
1102 4243 1262 4294 mss.,
1295 4241 1656 4300 przeterquam
1687 4231 1739 4283 iu
1773 4229 2089 4300 Anglicanis

654 4303 868 4355 aticano
900 4299 1292 4355 recenti.deest
1319 4301 1542 4355 κύουσα.
1565 4301 1708 4355 (ιιιοά
1737 4302 1854 4355 sine
1879 4312 2088 4355 tactura

525 4311 580 4356 et
610 4299 868 4356 Vaticano
900 4299 1542 4365 recenti.deestxu'ousat,
1565 4301 1708 4370 quod
1737 4302 1854 4355 sine
1873 4299 2088 4367 jactura

523 4387 557 4427 a
605 4381 754 4426 textu
799 4381 977 4439 potest
1015 4370 1224 4440 abesse.
1271 4373 1438 4426 Paulo
1486 4381 1641 4440 post,
1688 4370 1782 4423 καὶ
1835 4375 2089 4425 τίκτουσα

522 4437 812 4505 ἀπότινος
831 4437 1158 4513 στρατιώτου
1191 4440 1449 4513 Πανθήρα
1465 4437 1718 4511 τοῠνομα.
1750 4441 1874 4496 llaec
1895 4445 2089 4513 desunt

525 4514 582 4568 in
610 4514 787 4567 tribus
823 4511 1165 4580 Aiiglicattis,
1197 4521 1253 4565 et
1285 4511 1440 4567 erasa
1475 4521 1603 4565 sunt
1643 4516 1696 4564 in
1727 4513 1895 4565 veteri
1931 4511 2081 4565 Vati-

525 4597 684 4638 cano.
722 4581 779 4636 In
825 4579 1012 4636 codice
1045 4579 1256 4635 Joliano
1291 4597 1388 4651 pro
1431 4583 1692 4635 τίκτουσα
1751 4581 1948 4649 lcgitur
1985 4581 2081 4633 κύ-

523 4669 678 4708 ουσα.
715 4654 773 4707 ln
804 4652 970 4722 Regio
1003 4663 1057 4706 et
1089 4651 1379 4722 Basilecnsi
1413 4654 1566 4706 abest
1594 4653 1688 4704 καὶ
1712 4651 1992 4722 τίκτουσα,
2029 4663 2082 4704 et

526 4739 624 4804 pro
653 4721 916 4804 ῌανθήρα
941 4723 1215 4804 .habetur.
1238 4721 1541 4804 Πᾲνθηρρς.
1595 4722 1791 4804 Horret
1825 4721 2076 4804 animus,

528 4790 702 4856 inquit
733 4790 1081 4848 doctissimus
1105 4790 1640 4856 Ludovicus'lioger,
1674 4790 2080 4843 Dissertatiouis

526 4859 796 4930 potentiae
829 4863 1080 4916 adversus
1122 4862 1339 4916 Judwos
1368 4877 1486 4929 pag.
1530 4860 1655 4922 589,
1692 4859 1898 4913 referre
1919 4874 2076 4913 exsc-

529 4933 788 4986 crandam
831 4930 1138 4986 Iudaeorum
1167 4932 1233 4984 de
1283 4932 1586 4984 adulterino
1639 4930 1763 4984 .lesu
1815 4942 2078 4996 conceptu

527 4999 939 5069 blaspben‘tiam.
978 5000 1160 5055 .lesum
1209 5000 1454 5054 Pandirte
1485 5001 1656 5054 lilium
1701 5008 1754 5052 et
1794 4998 2080 5069 Pantheri-

531 5068 662 5139 num
704 5071 1057 5138 appellautin
1088 5078 1318 5139 utroque
1367 5071 1652 5134 'l‘almude,
1707 5070 1760 5122 iu
1809 5068 2077 5139 Midrasch

528 5138 820 5208 Coheleth,
847 5153 911 5193 ac
937 5143 991 5193 in
1019 5138 1448 5208 operenefaudo
1478 5141 1746 5194 licbraice
1778 5141 1959 5202 edito,
1989 5138 2078 5191 cui

529 5207 742 5274 titulus,
772 5207 1146 5264 Generatiunes
1174 5207 1324 5264 Jesu.
1353 5209 1409 5263 In
1435 5211 1574 5265 libro
1601 5209 1917 5263 Talmudico
1944 5208 2080 5260 San-

529 5278 745 5345 hedrin,
781 5293 900 5348 cap.
932 5280 986 5342 7,
1019 5278 1343 5332 Pantheram
1380 5279 1561 5334 Maria:
1605 5282 1862 5333 maritum
1911 5277 2080 5330 fuisse

531 5357 854 5413 memorant,
887 5349 981 5403 sed
1014 5363 1133 5402 eam
1168 5348 1492 5404 adulterium
1542 5350 1829 5404 admisisse
1879 5348 2078 5400 ibidem

530 5426 784 5488 asserunt
813 5417 1217 5488 Pombeditante
1253 5420 1454 5473 schola:
1492 5420 1756 5488 magism.
1805 5419 1887 5470 Ad
1939 5417 2082 5469 Pau-

533 5487 828 5558 tberteseu
874 5486 1382 5558 Pantbcris_nomen
1409 5491 1551 5558 quod
1583 5486 1806 5553 attinet,
1844 5488 2081 5556 Epipha-

531 5555 677 5628 nius,
705 5557 900 5612 haeres.
927 5557 1016 5624 78,
1053 5557 1128 5611 ait
1159 5555 1660 5627 Jacobum'Josephi
1685 5555 1901 5628 patreui
1935 5561 2076 5610 Pan-

531 5625 743 5696 therem
775 5642 896 5682 esse
930 5627 1403 5696 cognominatum;
1440 5639 1494 5684 et
1521 5625 1758 5683 Joannes
1788 5629 2079 5681 Damasce-

528 5709 632 5750 nus
655 5695 747 5768 lib.
779 5713 830 5752 Iv
863 5697 938 5751 De
962 5695 1085 5768 [ille
1100 5697 1421 5762 orthodoxa,
1465 5715 1586 5767 cap.
1625 5700 1722 5762 15,
1765 5697 1946 5752 Maria:
1982 5712 2078 5766 pa-

531 5773 668 5836 trem
697 5767 829 5822 dicit
867 5765 1034 5822 fuisse
1058 5765 1393 5821 Joachimum
1450 5765 1615 5822 lilium
1652 5765 2072 5836 Barpautberis,

526 5835 616 5906 Qui
652 5847 858 5906 patrem
889 5839 1076 5893 habuit
1116 5836 1461 5892 Pautherem.
1490 5839 1598 5894 Sed
1625 5835 1769 5891 unde
1797 5839 1908 5890 lucc
1938 5838 2073 5889 hau-

2189 1983 2395 2054 ψυχάς
2442 1984 2703 2056 ὐρῶντες
2735 1985 2792 2037 δὲ
2841 1986 3011 2040 ταῦτα
3058 1990 3106 2040 οἱ
3140 1989 3233 2041 τοῦ
3281 1989 3457 2060 Ἰησοῦ
3508 1991 3772 2062 μαθηταὶ,

2191 2077 2288 2129 καὶ
2327 2076 2461 2130 ἄλλα
2503 2077 2709 2130 τούτων
2745 2077 2984 2140 πλείονα,
3025 2078 3060 2133 ἃ
3092 2080 3236 2143 εἰκὸς
3266 2082 3463 2146 αὐτοὺς
3496 2085 3556 2136 ἐν
3598 2084 3773 2156 ἀπορο

2191 2169 2337 2240 ρήτῳ
2365 2169 2472 2222 ἀπὸ
2495 2169 2588 2224 τοῦ
2631 2169 2802 2240 Ἰησοῦ
2839 2170 3248 2242 μεμαθηκέναι·
3287 2172 3366 2226 ἔτι
3393 2173 3451 2227 δὲ
3485 2174 3584 2230 καὶ
3607 2175 3770 2229 δυνά-

2193 2259 2337 2330 μεώς
2377 2277 2518 2324 τινος
2551 2260 2928 2332 πληρωθέντες
2961 2261 2979 2332 (
2997 2261 3116 2315 ἐπεὶ
3149 2261 3349 2317 ἔδωκεν
3382 2265 3570 2329 αὐτοῖς
3612 2266 3775 2335 μένος

2189 2354 2284 2408 καὶ
2304 2352 2501 2424 θάρσος
2529 2352 2589 2406 οὐ
2624 2355 2879 2424 ποιητική
2908 2370 2990 2416 τις
3020 2352 3311 2423 παρθένος,
3341 2353 3460 2408 ἀλλ’
3488 2357 3524 2427 ἡ
3555 2355 3774 2426 ἀληθῶς

2189 2442 2447 2513 φρόνησις
2479 2443 2570 2495 καὶ
2598 2441 2759 2512 σοφία
2785 2443 2882 2496 τοῦ
2904 2440 3067 2513 Θεοῦ)
3100 2441 3394 2508 ἔσπευσαν,

2465 2533 2541 2586 ἵν’
2592 2532 2837 2600 ἔκδηλοι
2864 2531 2974 2603 (57)
3001 2532 3152 2602 μετὰ
3176 2531 3386 2598 πᾶσιν,

2187 2625 2248 2678 οὑ
2283 2624 2463 2696 μόνοις
2508 2624 2782 2695 Ἀργείοις
2826 2624 3087 2693 γένοιντο,
3121 2623 3257 2678 ἀλλὰ
3293 2625 3388 2680 καὶ
3431 2627 3601 2681 πᾶσιν
3645 2627 3773 2680 ’Ἑλ-

2188 2715 2344 2788 λησιν
2367 2715 2499 2787 ὁμοῦ
2535 2716 2629 2769 καὶ
2664 2715 2978 2786 βαρὸἁροις,

2471 2806 2570 2858 καὶ
2606 2803 2785 2870 κλέος
2827 2805 3055 2860 ἐσθλὸν
3081 2805 3336 2875 ἆροιντο.

2272 2897 2435 2951 Ἀλλά
2455 2897 2564 2968 γὰρ
2585 2899 2964 2970 ἐπανέλθωμεν
2987 2901 3067 2964 είς
3080 2900 3179 2970 τὴν
3199 2900 3294 2953 τοῦ
3322 2899 3580 2955 Ἰουδαίου
3603 2919 3768 2974 προσ-

2188 2989 2506 3052 ωποποιίαν,
2537 2991 2594 3042 ἐν
2705 2991 3176 3063 ἀναγέγραπταιή
3219 2991 3312 3045 τοῦ
3370 2993 3549 3063 Ἰησοῦ
3583 2997 3763 3065 μήτηρ

2189 3079 2394 3134 κύουσα
2422 3080 2533 3151 (58)
2564 3080 2638 3144 ὡς
2672 3080 2966 3147 έξωσθεῖσα
3000 3082 3104 3135 ὑπὸ
3143 3082 3236 3136 τοῦ
3283 3085 3766 3156 μνηστευσαμένευ

2195 3255 2703 3327 εθιῑιιι,ίὶιιοει·ῑιιιιι
2724 3265 2830 3320 est,
2861 3266 2917 3311 et
2942 3257 3251 3327 suspicandi
3283 3257 3437 3313 locus
3462 3267 3547 3314 est
3586 3273 3617 3314 e
3637 3275 3761 3314 cor-

2194 3328 2368 3396 ruptis
2398 3326 2636 3379 loutibus
2674 3325 2937 3380 derivata.
2971 3325 3130 3382 Certe
3164 3327 3490 3391 Africanus,
3527 3331 3620 3396 qui
3652 3330 3751 3382 du-

2203 3397 2503 3452 centesimo
2527 3405 2582 3467 et
2610 3396 2869 3464 vigesimo
2899 3407 3020 3467 post
3053 3397 3326 3452 Christum
3363 3414 3508 3453 anno
3535 3400 3717 3452 ﬂoruit
3741 3441 3757 3461 ,

2193 3474 2245 3521 et
2280 3475 2503 3535 propter
2525 3465 2827 3519 doctrinam
2868 3465 2934 3521 de
2963 3467 3222 3522 Ecclesiis
3270 3469 3478 3536 optime
3524 3471 3753 3522 meritus

2193 3546 2276 3591 est
2301 3574 2315 3598 ,
2346 3536 2552 3610 quique
2579 3535 2839 3610 citistobts
2888 3538 2952 3590 ad
2978 3535 3324 3610 _Aristidcm:
3349 3539 3578 3610 scripsit
3630 3539 3760 3610 περὶ

2195 3605 2509 3675 συμφωνίας
2543 3605 2642 3675 τῆς
2660 3607 2726 3675 -ἐν
2761 3606 3109 3674 Εὑαγγελίοις
3152 3605 3500 3675 γενεαλογίας
3535 3605 3755 3671 (Euseb.

2195 3673 2286 3728 lib.
2323 3691 2363 3740 ι,
2393 3690 2513 3744 cap.
2545 3673 2611 3746 κϐ,
2646 3673 2852 3746 Eccles.
2891 3673 3074 3746 hist),
3106 3673 3312 3732 etcum
3357 3673 3427 3733 iis
3461 3678 3761 3733 toilocutus

2193 3757 2297 3810 est,
2323 3746 2413 3817 qui
2443 3759 2502 3817 se
2539 3745 2879 3817 [inmittit-os,
2914 3747 2966 3800 id
3007 3745 3090 3817 est
3139 3747 3342 3801 Christi
3371 3759 3670 3817 cognatos,
3703 3759 3759 3803 et

2192 3814 2805 3887 contribulesdicebant
2826 3855 2840 3879 ,
2872 3833 2971 3887 nec
3017 3816 3339 3887 Pautltcris,
3376 3814 3478 3872 nec
3510 3814 3756 3887 Barpan-

2195 3883 2661 3956 therismemiuit,
2695 3883 2820 3938 licet
2863 3886 3095 3940 aliorum
3131 3887 3198 3939 de
3239 3886 3449 3941 Christi
3494 3883 3753 3956 genealo-

2192 3956 2277 4022 gia
2301 3952 2588 4020 Opiniones
2619 3969 2737 4020 qua:
2771 3968 2802 4007 a
2834 3970 2960 4009 vero
2993 3955 3247 4009 aberrare
3296 3957 3428 4010 visa:
3476 3952 3628 4023 sunt,
3664 3975 3755 4012 re-

2192 4023 2346 4088 l'cllit,
2367 4031 2432 4096 et
2454 4037 2677 4096 quanta
2742 4026 3123 4096 vetustissimis
3159 4035 3464 4096 acceperat,
3492 4029 3711 4096 exponit
3733 4067 3749 4091 ,

2195 4102 2333 4166 testo
2364 4091 2780 4166 Eusebiolib._t,
2810 4109 2927 4162 cap.
2967 4092 3190 4166 8,_Hist.
3227 4091 3401 4162 Erich,
3435 4108 3490 4151 et
3524 4091 3749 4166 Niceph.

2192 4162 2286 4237 lib.
2307 4177 2389 4237 xi,
2412 4175 2547 4237 _cap.
2577 4161 2664 4237 ll.
2695 4161 2965 4237 Practerea
3003 4164 3354 4218 Hebraeorum
3387 4161 3748 4237 genealogias

2192 4233 2244 4285 in
2279 4230 2491 4286 tabulas
2534 4233 2732 4285 relatas
2784 4231 3044 4288 llerodem
3088 4230 3458 4290 combussisse
3505 4230 3751 4290 referunt

2191 4301 2455 4374 Eusebius
2495 4310 2552 4354 et
2583 4301 2918 4374 Nicephorus
2952 4303 3177 4374 ibidem.
3227 4303 3334 4374 Sed
3369 4315 3518 4374 esto,
3589 4305 3746 4359 [idem

2191 4386 2255 4441 ea
2286 4371 2351 4423 de
2382 4386 2440 4424 re
2463 4383 2775 4424 mereantur
2805 4371 3136 4441 Epiphanius
3176 4383 3230 4427 et
3259 4371 3658 4439 Damascenus,
3693 4384 3748 4428 ct

2191 4440 2478 4494 Pantheris
2501 4455 2801 4508 cognomen
2825 4440 2912 4495 vei
2939 4457 2969 4496 a
2994 4441 3198 4508 Maria},
3224 4441 3308 4494 vel
3335 4445 3516 4511 potius
3543 4459 3575 4498 ιι
3596 4443 3749 4500 lose-

2194 4513 2303 4580 phi
2344 4511 2658 4580 parentibus
2715 4520 2924 4580 gestum
2962 4511 3124 4566 fuerit
3151 4527 3168 4576 ;
3197 4513 3368 4567 nihilo
3407 4517 3592 4570 verius
3645 4517 3749 4568 erit

2186 4579 2438 4653 adulterii
2491 4579 2936 4653 crimcngllaria:
2983 4581 3507 4653 impactumtquod
3541 4599 3746 4637 meram

2183 4664 2303 4702 csse
2333 4649 2682 4717 calumniam,
2725 4650 2960 4717 ipsorum
2994 4649 3189 4704 fabula:
3213 4649 3489 4707 artiﬁcum
3521 4654 3740 4708 dissidia

2183 4715 2519 4791 probant.”
2546 4715 3066 4791 Qucmenimiudzei
3097 4720 3280 4791 marite
3311 4737 3573 4791 sponsum
3603 4720 3742 4774 Pau-

2183 4790 2391 4860 therem
2416 4789 2609 4860 _l'uisse
2647 4789 2874 4854 volunt;
2904 4790 3050 4844 hunc
3083 4789 3273 4860 Celsus
3314 4789 3424 4847 non
3457 4806 3735 4860 sponsum,

2183 4860 2278 4912 sed
2306 4857 2607 4912 adulterum
2633 4860 2798 4916 fuisse
2829 4861 2980 4924 dicit,
3004 4868 3062 4913 et
3085 4858 3312 4912 Mariam
3367 4862 3422 4914 in
3470 4857 3742 4914 adulterio

2181 4927 2439 5000 amarito
2495 4928 2926 5000 deprehensam,
2968 4928 3421 5000 domoApulsam,
3446 4929 3630 4986 Jesum
3670 4943 3737 4981 ex

2182 4997 2491 5069 adulterino
2510 4997 2794 5053 Panthera:
2811 4999 2955 5069 illius
2979 4997 3264 5054 concubitu
3285 5002 3426 5056 clam
3447 5013 3734 5069 pepcrtsw.

2185 5068 2253 5118 2°
2283 5067 2414 5133 Quis
2443 5069 2635 5121 credat
2661 5077 2809 5122 tanta
2830 5067 3012 5138 luisse
3058 5071 3319 5137 patientia
3355 5067 3647 5138 Josephum
3684 5079 3742 5119 ut

2183 5149 2430 5209 securam
2455 5137 2639 5209 vivere
2670 5137 2978 5209 permiseri_t
3009 5153 3235 5209 uxorem
3266 5141 3318 5192 in
3353 5137 3600 5209 ﬂagranti
3648 5140 3741 5189 de-

2184 5205 2506 5279 prehensam
2530 5204 2751 5279 delicto,
2775 5209 2915 5276 quod
2941 5205 3251 5279 Judworum
3283 5204 3566 5279 leges'tam
3585 5219 3733 5279 seve-

2182 5289 2241 5328 re
2267 5275 2596 5344 puniebant?
2614 5277 2674 5330 5·
2703 5275 2835 5342 Quis
2856 5279 3039 5330 credat
3067 5275 3632 5333 mulierem'inlamem
3657 5277 3740 5328 in-

2183 5353 2266 5400 ter
2284 5349 2712 5418 consanguineas
2729 5355 2785 5400 ct
2801 5345 3006 5418 alliues,
3027 5347 3164 5418 inter
3183 5349 3434 5418 legispcri
3447 5360 3550 5410 tos,
3566 5346 3738 5414 magi-

2182 5428 2349 5482 Stros,
2371 5415 2698 5480 Pharis-deos,
2728 5417 3060 5480 sacerdotes,
3091 5417 3183 5469 lilii
3202 5415 3281 5470 sui
3300 5415 3512 5486 juratos
3533 5418 3731 5478 hostes,

2182 5493 2351 5538 tutam
2379 5487 2619 5541 vixisse?
2646 5488 2712 5539 4ο
2746 5487 2878 5550 Quis
2910 5488 3097 5541 credat
3134 5486 3318 5541 .lesum
3367 5488 3422 5540 in
3453 5486 3734 5542 eerlesiant

2179 5553 2389 5608 Domini
2417 5557 2709 5609 admissum
2737 5555 2904 5609 fuisse
2928 5597 2942 5622 ,
2975 5573 3003 5608 a
3035 5571 3141 5624 qua
3174 5555 3491 5610 Mamzerim
3515 5595 3532 5622 ,
3572 5558 3619 5608 id
3649 5563 3738 5607 est

2181 5627 2367 5693 spurio
2391 5627 2557 5694 geniti
2590 5626 2882 5680 concubitu
2936 5627 3216 5690 homines,
3262 5640 3334 5680 ex
3379 5626 3497 5695 lege
3536 5624 3735 5694 Moysi:

2179 5696 2548 5749 arcebantur?
2593 5695 2652 5749 5°
2705 5696 2990 5762 Quomodo
3033 5705 3188 5749 ortus
3237 5695 3551 5764 illegitimus
3591 5709 3736 5748 nun-

2181 5779 2344 5831 quam
2379 5765 2689 5821 fueritJesu
2721 5765 3003 5820 Nazareuo
3039 5766 3252 5833 publice
3280 5767 3530 5832 objectus
3560 5779 3587 5818 a
3619 5779 3737 5816 ma-

2181 5833 2369 5892 levolis
2393 5847 2442 5892 et
2468 5835 2664 5892 invidis
2693 5837 2996 5892 hominibus
3021 5850 3158 5903 quos
3192 5853 3385 5904 passus
3412 5845 3494 5892 est
3538 5850 3733 5905 quatu-
