3996 6564
289 415 392 471 721

1508 407 1789 466 CONTRA
1823 403 2098 463 CELSUM
2135 402 2260 460 LIB.
2304 402 2345 458 Ι.

3436 398 3543 452 722

281 536 459 607 αὐτὴν
486 535 739 600 τέκτονος
772 536 1088 608 ἐλεγχθεῖσα
1115 535 1208 590 ἐπὶ
1236 534 1471 608 μοιχείᾳ,
1501 535 1595 588 καὶ
1615 534 1833 587 τίκτουσ

1975 529 2149 598 daque
2179 541 2208 581 ο
2233 525 2435 588 milite.
2487 525 2572 581 cui
2604 523 2878 581 Panthera
2910 534 3108 576 nomen
3162 525 3314 585 erat,
3346 518 3538 590 depre-

280 627 396 681 ἀπό
424 645 568 692 τινος
596 628 926 700 στρατιώτου
958 629 1214 700 Πανθήρα
1239 627 1496 698 τοῦνομα·
1526 628 1618 680 καὶ
1649 627 1864 697 ἴδωμεν,

281 721 337 774 εἰ
377 720 454 792 μὴ
495 721 714 792 τυφλῶς
757 723 804 775 οἱ
843 722 1304 794 μυθοποιήσαντες
1349 721 1444 792 τὴν
1481 721 1724 792 μοιχείαν
1767 719 1866 788 τῆς

287 810 569 880 παρθένου
608 811 701 864 καὶ
744 811 861 864 τοῦα
890 811 1147 882 Πανθήρα
1185 810 1318 881 (59),
1367 810 1460 863 καὶ
1504 810 1593 863 τὸν
1639 809 1864 862 τέκτονα

281 899 631 970 ἐξωσὰμενον
656 899 845 972 αὐτὴν,
874 900 1042 954 ταῦτα
1063 901 1242 954 πάντα
1273 899 1582 953 ἀνέπλασαν
1614 899 1705 952 ἐπὶ
1732 899 1863 953 καθ-

276 990 494 1057 αιρέσει
540 990 641 1061 τῆς
669 990 974 1063 παραδόξου
1000 989 1108 1044 ἀπὸ
1133 991 1288 1058 ἁγίου
1321 990 1638 1061 Πνεύματος
1667 989 1858 1061 συλλή-

275 1083 430 1151 dsco;
448 1100 462 1112 ⁶
506 1080 759 1136 ἐδύναντο
790 1084 897 1155 γὰρ
927 1083 1100 1146 ἄλλως
1125 1083 1511 1154 ψευδοποιῆσαι
1539 1083 1626 1136 διὰ
1652 1085 1711 1137 τὸ
1743 1084 1861 1152 σφό-

274 1173 381 1244 δρα
417 1173 718 1246 παράδοξον
747 1175 845 1246 τὴν
879 1177 1136 1247 ἱστορίαν,
1172 1176 1265 1229 καὶ
1303 1175 1378 1246 μὴ
1424 1177 1664 1248 ὡσπερεὶ
1694 1179 1885 1237 ἀκΟυ-,

276 1266 414 1328 ciui;
440 1267 902 1335 συγκαταθέσθαι,
926 1271 1010 1322 ὅτι
1037 1269 1136 1323 οὐκ
1159 1270 1266 1322 ἀπὸ
1291 1270 1531 1341 συνήθων
1552 1268 1857 1341 ἀνθρώποις

273 1355 474 1426 γάμων
495 1359 524 1410 ό
565 1357 772 1430 Ἰησοῦς
793 1358 1077 1430 ἐγεννήθη.
1109 1358 1220 1411 Καὶ
1244 1357 1532 1411 ἀκόλουθόν
1556 1375 1616 1426 γε
1641 1353 1707 1428 ἦν
1734 1359 1856 1421 τοὺς

274 1447 355 1518 μὴ
373 1448 890 1520 συγκαταθεμένους
909 1453 974 1520 τῇ
994 1448 1278 1520 παραδόξω
1291 1450 1504 1519 γενήσει
1520 1447 1626 1518 (66)
1647 1448 1737 1501 τοῦ
1763 1449 1856 1517 Ἰη-

274 1540 397 1603 σοῦ,
425 1540 627 1594 πλάσαι
654 1559 705 1593 τι
725 1541 939 1610 ψεῦδος.
961 1541 1034 1594 Τὸ
1055 1541 1111 1594 δὲ
1136 1541 1208 1611 μὴ
1228 1541 1467 1604 πιθανῶς
1484 1540 1679 1602 αὐτοὺς
1699 1538 1855 1592 τοῦτο

269 1630 526 1700 ποιῆσαι,
569 1631 702 1685 ἀλλὰ
739 1631 875 1701 μετὰ
912 1631 1004 1684 τοῦ
1045 1633 1301 1704 τηρῆσαι,
1349 1633 1430 1685 ὅτι
1479 1632 1576 1684 οὐκ
1613 1631 1718 1685 ἀπὸ
1759 1630 1851 1683 τοῦ

282 1716 484 1788 Ἰωσὴφ
521 1719 788 1789 παρθένος
822 1720 1078 1774 συνέλαϐε
1113 1722 1205 1775 τὸν
1248 1721 1472 1791 Ἰησοῦν,
1499 1723 1608 1784 τοῖς
1639 1720 1852 1774 ἀκούειν

267 1808 368 1861 καὶ
411 1807 652 1879 ἐλέγχειν
693 1810 1091 1882 ἁναπλάσματα
1151 1813 1465 1878 δυναμένοις
1516 1813 1741 1884 ἐναργὲς
1784 1807 1850 1883 ἦν

1971 621 2136 675 hensa
2170 626 2340 684 esset,
2367 617 2650 688 expulsam
2686 617 2852 671 fuisse
2878 632 2892 682 ;
2919 622 2973 668 et
2999 610 3284 667 videamus
3321 626 3415 677 an,
3447 613 3536 680 qui

1969 722 2024 766 et
2046 710 2342 764 admissum
2368 724 2396 762 a
2435 709 2644 781 virgine
2666 724 2786 762 cum
2814 704 3088 759 Panthera
3123 701 3452 756 adulterium
3485 711 3540 757 et

1967 817 1996 856 a
2039 801 2196 856 fabro
2222 801 2597 872 expulsionem
2653 799 2949 864 finxerunt,
2998 796 3128 858 has?
3163 793 3379 849 fabulas
3428 807 3532 846 non

1965 906 2114 946 czeco
2137 891 2324 946 animo
2355 889 2649 946 commenti
2682 888 2813 952 sint,
2855 895 2916 941 ut
2955 884 3230 940 insolitum
3267 899 3297 939 e
3327 882 3532 953 Spiritu

1965 993 2151 1039 sancto
2191 993 2514 1051 conceptum
2542 995 2572 1036 e
2601 981 2782 1035 medio
2823 978 3096 1033 tollerent.
3121 976 3252 1031 Nam
3292 977 3365 1030 ita
3395 989 3534 1045 pra:-

1964 1088 2044 1133 ter
2071 1077 2528 1132 consuetudinem
2568 1084 2653 1130 est
2683 1077 2798 1128 haec
2832 1071 3060 1127 historia
3081 1112 3097 1137 ,
3134 1079 3195 1124 ut
3228 1069 3334 1125 alio
3372 1067 3533 1122 modo

1961 1183 2078 1221 eam
2112 1165 2363 1221 refellere
2391 1165 2726 1236 potuissent,
2764 1175 2866 1216 nec
2899 1161 3044 1215 velut
3081 1160 3239 1215 inviti
3275 1158 3527 1216 assentiri

1957 1259 2141 1316 Jesutn
2171 1275 2274 1314 non
2310 1275 2431 1314 esse
2464 1258 2678 1330 vulgari
2728 1271 2878 1312 more
2931 1265 3117 1310 natum
3151 1270 3219 1308 ex
3257 1251 3526 1324 coniugio.

1959 1352 2100 1407 Sane
2131 1361 2554 1408 consentaneum
2580 1361 2720 1417 erat,
2750 1350 2841 1420 qui
2880 1347 3097 1403 insolito
3121 1345 3248 1402 Jesu
3288 1345 3429 1400 ortui
3465 1344 3528 1398 fi-

1958 1443 2077 1498 dem
2116 1444 2468 1515 abrogarent,
2502 1443 2568 1497 ab
2600 1442 2680 1496 eis
2729 1439 3076 1494 mendacium
3120 1437 3378 1508 confingi.
3419 1435 3526 1490 Sed

1959 1534 2202 1588 invenire
2251 1532 2593 1588 mendacium
2628 1531 2775 1586 nullo
2812 1530 2971 1585 modo
3000 1528 3313 1592 verisimile,
3346 1537 3528 1596 etquo

1957 1623 2193 1677 admisso
2222 1620 2574 1676 nihilominus
2601 1635 2786 1675 verum
2818 1628 2899 1673 est
2924 1616 3109 1672 Jesum
3133 1632 3160 1670 a
3188 1616 3397 1684 virgine
3423 1629 3525 1667 non

1958 1714 2123 1770 fuisse
2161 1729 2192 1769 e
2218 1712 2454 1783 Josepho
2481 1721 2828 1782 conceptum,
2865 1711 3012 1766 fraus
3046 1717 3168 1765 erat
3199 1708 3272 1760 iis
3297 1707 3389 1774 qui
3423 1705 3523 1772 tig-

1956 1814 2135 1860 menta
2167 1805 2358 1859 audire
2387 1813 2443 1857 et
2470 1818 2770 1872 coarguere
2794 1809 3014 1866 norunt,
3044 1799 3358 1868 conspicua.
3391 1795 3521 1849 Nam

265 1899 490 1969 ψεῦδος.
525 1895 671 1972 Ἀρα
699 1901 808 1973 γὰρ
841 1902 1079 1972 εὔλογον,
1107 1904 1196 1957 τὸν
1219 1904 1454 1956 τοσαῦτα
1491 1904 1628 1975 ὑπὲρ
1653 1903 1743 1958 τοῦ
1769 1906 1833 1973 γέ

1954 1896 2225 1967 quomodo
2256 1895 2537 1964 probabile
2585 1905 2703 1959 est,
2730 1909 2850 1949 eum
2884 1894 2974 1962 qui
3033 1901 3180 1944 tanta
3224 1888 3523 1956 susceperit

265 2007 401 2051 νους
430 1989 540 2042 τῶν
588 1991 889 2063 ἀνθρώπων
932 1992 1298 2065 τολμήσαντα,
1352 1993 1457 2058 ἵνα,
1505 1994 1562 2046 τὸ
1602 1995 1724 2048 ὅσον
1763 1997 1849 2047 ἐπ’

263 2083 442 2152 αὐτῷ,
471 2084 668 2148 πάντες
704 2085 963 2156 ’Έλληνες
1008 2088 1100 2139 καὶ
1149 2087 1434 2158 βάρϐαροι,
1477 2089 1657 2159 κρίσιν
1703 2087 1848 2142 θείαν

267 2176 763 2246 προσδοκήσαντες,
798 2178 1076 2232 ἀποστῶσι
1110 2180 1206 2249 μὲν
1232 2180 1330 2250 τῆς
1353 2180 1569 2244 κακίας,
1598 2180 1773 2234 πάντα
1795 2181 1850 2234 δὲ

265 2269 584 2338 πράττωσιν
617 2270 957 2340 ἀρεσκόντως
981 2270 1060 2336 τῷ
1087 2269 1194 2323 τῶν
1221 2271 1355 2324 ὅλων
1383 2273 1720 2344 δημιουργῷ,
1748 2291 1850 2324 πα-

265 2358 494 2431 ράδοξον
542 2360 638 2430 μὲν
689 2361 763 2432 μὴ
797 2363 1088 2432 ἐσχηκέναι
1133 2363 1344 2432 γένεσιν
1385 2363 1517 2435 (lii),
1560 2365 1746 2417 πασῶν
1791 2365 1847 2416 δέ

301 2451 539 2504 ενέσεων
572 2452 1042 2524 παρανομωτὰτην
1069 2455 1161 2507 καὶ
1180 2455 1492 2524 αἰσχίστην;
1532 2453 1670 2524 Ἐρῶ
1690 2454 1744 2506 δὲ
1772 2455 1846 2519 ὡς

264 2539 407 2610 πρὸς
433 2539 721 2612 Ἕλληνας,
750 2542 844 2595 καὶ
874 2542 1107 2612 μάλιστα
1132 2543 1355 2607 Κέλσον,
1390 2545 1496 2596 εἴτε
1526 2544 1842 2614 φρονοῦντα,

261 2632 375 2684 εἴτε
412 2632 509 2702 μὴ,
555 2632 693 2704 πλὴν
729 2635 1161 2705 παρατιθέμενον
1200 2636 1265 2689 τὰ
1296 2637 1604 2700 Πλάτωνος·
1648 2633 1793 2708 ’Ἄρα
1818 2639 1845 2690 ό

262 2722 646 2792 καταπέμπων
677 2723 855 2794 ψυχὰς
893 2727 971 2788 εἰς
996 2724 1294 2796 ἀνθρώπων
1320 2725 1566 2796 σώματα,
1602 2728 1691 2780 τόν
1718 2745 1838 2780 τοσ-

257 2809 406 2862 αῦτα
444 2811 804 2883 τολμήσοντα,
855 2815 946 2867 καὶ
975 2814 1257 2878 τοσούτους
1278 2814 1573 2878 διδάξοντα,
1611 2817 1704 2869 καὶ
1735 2816 1842 2870 ἀπὸ

256 2901 360 2972 τῆς
383 2901 594 2972 χύσεως
621 2903 721 2974 τῆς
750 2904 891 2958 κατὰ
925 2905 1021 2976 τὴν
1045 2905 1242 2960 κακίαν
1277 2908 1683 2978 μεταστήσοντα
1707 2907 1838 2962 πολ-

253 2991 388 3055 λοὺς
412 2991 740 3064 ἀνθρώπων,
777 2996 867 3048 ἐπὶ
891 2996 988 3067 τὴν
1024 2996 1210 3050 πασῶν
1237 2997 1594 3068 αἱσχροτὲραν
1628 2998 1840 3066 γένεσιν

252 3080 412 3147 ὤθει,
448 3086 584 3156 μηδέ
610 3085 698 3139 διὰ
727 3085 919 3158 γάμων
953 3088 1191 3159 γνησίων
1232 3089 1392 3142 αὑτὸν
1422 3088 1730 3158 εἰσαγαγὼν
1759 3091 1839 3154 εἰς

1956 2004 2051 2060 pro
2086 1988 2324 2042 humano
2351 2001 2570 2055 genere,
2600 1987 2919 2054 dederitque
2950 1995 3215 2056 quantum
3243 1984 3293 2036 in
3321 1997 3379 2037 se
3406 1990 3522 2035 erat

1963 2093 2209 2149 operam,
2243 2090 2299 2133 ut
2337 2093 2526 2133 omnes
2569 2076 2741 2133 Grzeei
2773 2077 2978 2146 pariter
3008 2085 3061 2131 et
3105 2075 3322 2129 barbari
3377 2082 3521 2127 metu

1943 2170 2140 2239 judicii
2171 2171 2336 2225 divini
2372 2171 2700 2224 absisterent
2730 2185 2759 2224 a
2786 2171 2950 2235 vitiis,
2986 2178 3042 2222 et
3070 2168 3122 2222 in
3151 2167 3403 2223 omnibus
3439 2179 3522 2217 re-

1953 2277 2069 2314 rum
2096 2262 2336 2315 omnium
2371 2261 2642 2314 conditori
2674 2260 2887 2329 placere
2925 2260 3242 2322 studerent,
3270 2272 3377 2311 non
3420 2257 3521 2309 mi-

1953 2353 2176 2406 randam
2209 2351 2459 2406 habuisse
2493 2350 2861 2413 nativitatem,
2894 2350 2990 2403 sed
3020 2348 3262 2403 omnium
3299 2344 3523 2414 nequis-

1952 2445 2143 2500 simam
2199 2459 2262 2498 ac
2311 2443 2714 2513 turpissimam?
2763 2442 3051 2512 Interrogo
3103 2441 3328 2496 Graecos
3358 2448 3411 2493 et
3465 2439 3518 2492 in

1950 2536 2138 2606 primis
2169 2535 2408 2600 Celsum,
2459 2537 2551 2604 qui
2609 2544 2700 2588 aut
2758 2551 2879 2589 cum
2920 2533 3148 2588 Platone
3182 2531 3370 2595 sentit,
3426 2540 3520 2582 aut

1947 2629 2139 2682 saltem
2176 2627 2450 2680 Platonica
2493 2628 2713 2681 adducit
2750 2627 2893 2693 :Qui
2959 2627 3171 2680 animas
3233 2623 3515 2678 hominum

1949 2719 2190 2773 immittit
2249 2721 2302 2774 in
2359 2734 2613 2788 corpora,
2670 2720 2713 2772 is
2751 2719 3066 2788 turpissimo
3117 2719 3362 2771 ninnium
3392 2719 3513 2766 ortu

1947 2823 2012 2863 ac
2071 2824 2139 2864 ne
2189 2825 2289 2880 per
2345 2810 2614 2879 legitimas
2665 2810 2882 2879 quidem
2944 2809 3162 2880 nuptias
3226 2809 3278 2861 in
3343 2807 3510 2859 vitam

1943 2903 2220 2957 hominum
2247 2901 2786 2972 induxeriteum,qui
2827 2912 2978 2956 tanta
3015 2914 3397 2972 aggressurus,
3434 2907 3515 2952 tot

1942 2991 2277 3058 eruditurus,
2311 3001 2418 3045 tam
2452 2993 2650 3048 multos
2686 2993 2933 3047 homines
2965 3007 2995 3046 a
3033 2991 3291 3043 vitiorum
3329 2988 3514 3058 prolu-

1942 3084 2026 3139 vie
2059 3092 2409 3139 revocaturus
2436 3085 2590 3139 erat?
2627 3088 2820 3139 Anuon
2862 3083 3031 3138 multo
3071 3081 3229 3153 351
3269 3081 3513 3149 probabi-

251 3177 347 3229 τὸν
388 3175 499 3230 τῶν
540 3176 841 3248 ἀνθρώπιον
888 3179 1035 3250 βίον;
1090 3179 1122 3251 ἦ
1161 3178 1546 3251 εὐλογώτερον,
1600 3181 1833 3252 ἑκάστην

1941 3174 2044 3230 lius
2077 3183 2162 3230 est
2196 3175 2431 3229 animam
2464 3175 2692 3231 occultis
2725 3174 3050 3245 quihusdam
3076 3173 3379 3228 rationibus
3406 3172 3511 3244 (Io-

249 3265 433 3338 ψυχὴν
457 3266 598 3320 κατά
620 3285 771 3332 τινας
802 3268 1142 3341 ἀπορρήτους
1170 3269 1359 3339 λόγους
1386 3268 1561 3342 (λέγω
1582 3271 1636 3324 δὲ
1664 3271 1832 3325 ταῦτα

251 3355 352 3410 νῦν
396 3357 540 3411 κατά
577 3359 900 3432 Πυθαγόραν
925 3360 1070 3432 (62),
1118 3361 1213 3416 καὶ
1246 3362 1506 3416 Πλάτωνα
1542 3363 1692 3435 (65),
1740 3365 1832 3418 καὶ

251 3533 568 3608 plurimos?
617 3534 680 3590 6°
715 3536 1000 3608 Quomodo
1047 3535 1172 3592 Jesu
1209 3535 1475 3591 Nazareni
1513 3537 1825 3608 populares,

251 3605 349 3676 qui
381 3605 642 3676 omnium;
669 3607 873 3676 optime
915 3607 1030 3673 ejus
1058 3618 1316 3672 parentes
1365 3605 1666 3662 noscebant
1689 3647 1705 3671 ,
1742 3609 1826 3664 fa-

250 3674 416 3748 brum
445 3675 590 3730 hunc
617 3673 840 3746 Iosephi
876 3677 1014 3731 fabri
1043 3686 1100 3731 et
1130 3677 1321 3748 Maria:
1344 3679 1512 3731 lilium
1545 3678 1824 3748 dixerunt,

253 3741 573 3816 fratresque
602 3747 722 3815 ejus
750 3741 818 3801 ac
853 3761 1080 3802 sorores
1117 3747 1260 3816 apud
1305 3763 1366 3802 se
1408 3761 1632 3802 manere
1673 3741 1824 3804 asse;

248 3825 486 3870 ruerunt
520 3814 677 3870 Joan.
712 3831 763 3871 vt
791 3855 807 3881 ,
840 3817 908 3871 42
933 3857 948 3883 ,
988 3827 1046 3871 et
1076 3833 1114 3882 t,
1145 3814 1250 3871 45?
1285 3818 1343 3870 7°
1388 3817 1669 3883 Quomodo
1709 3820 1826 3880 {duo

249 3884 842 3956 cazciingi'lvangelio
896 3889 1200 3950 memorati,
1247 3887 1555 3942 Chauaniua
1603 3888 1819 3955 mulier,

251 3954 1073 4026 populusliieros—olymitantis,
1111 3957 1389 4012 hominem
1439 3974 1501 4013 ex
1554 3954 1823 4014 adulterio

247 4025 707 4096 ti_atum,Davidis
736 4025 904 4081 ﬁliuni
924 4027 1032 4081 alta
1059 4042 1193 4083 voce
1220 4029 1671 4096 appellarunt?8°
1692 4029 1824 4095 Quis

248 4093 352 4167 sibi
387 4097 708 4163 persuadeat
731 4098 1094 4167 evangelistas
1117 4108 1170 4151 et
1201 4093 1498 4166 apostolos,
1533 4099 1584 4151 in
1618 4113 1675 4152 re
1711 4093 1824 4151 ina-

247 4163 454 4217 tiifesta
485 4174 542 4220 ct
575 4167 790 4234 publice
820 4163 968 4233 nota,
996 4182 1158 4222 ausos
1190 4163 1312 4221 esse
1351 4169 1820 4235 impmlentissime

249 4235 496 4305 mentiri,
517 4249 582 4290 ac
603 4237 911 4292 viventibus
931 4239 1226 4292 etiamnum
1251 4238 1554 4305 pervulgati
1577 4237 1821 4294 criminis

247 4304 493 4376 testibus
525 4307 825 4375 virgineum
853 4306 980 4362 Jesu
1031 4304 1298 4362 Nazareni
1339 4304 1657 4376 conceptum
1690 4323 1818 4376 pro-

243 4374 383 4440 pria:
430 4373 586 4430 famae
617 4373 908 4445 dispendio
941 4378 1319 4440 comminisci,
1367 4388 1419 4432 et
1461 4373 1526 4430 ad
1565 4373 1815 4432 Davi'dem

240 4445 448 4516 spuria:
475 4447 679 4503 sobolis
713 4462 883 4516 genus
919 4447 1124 4516 referre
1145 4449 1167 4500 ?
1191 4448 1247 4502 9°
1279 4449 1428 4503 Adeo
1457 4463 1562 4501 non
1599 4449 1815 4516 spurius
1849 4463 1856 4469 '

245 4514 473 4614 habitus
501 4514 982 4598 esterno—tempore
1011 4515 1172 4572 Jesus
1211 4517 1521 4614 NﬂlﬂrtEIIIillS
1545 4559 1560 4584 ,
1580 4514 1735 4614 eius.
1754 4527 1812 4572 ut
1844 4558 1890 4614 ο

243 4593 438 4657 contra
463 4587 679 4657 virgine
701 4598 1022 4657 prognatum
1045 4599 1175 4641 aetas
1205 4604 1298 4642 sua
1322 4589 1636 4642 crediderit.
1677 4587 1812 4642 llinc

245 4654 439 4728 Simon
457 4654 667 4728 Magus,
696 4654 826 4712 Jesu
850 4660 1070 4720 simius,
1098 4660 1295 4726 quippe
1319 4661 1409 4728 qui
1436 4657 1592 4712 Jesus
1624 4659 1810 4712 haberi

246 4723 444 4790 voluit,
488 4723 705 4782 ut'cuni
743 4729 794 4781 in
829 4730 1081 4783 omnibus
1108 4723 1376 4790 referret,
1415 4731 1482 4781 de
1513 4730 1721 4795 virgine
1751 4744 1812 4782 se

239 4803 436 4868 uatum
468 4799 818 4864 praedicabat.
859 4801 994 4853 Vide
1033 4797 1330 4852 Clementis
1383 4799 1810 4868 Recoyniiioncs,

240 4865 338 4942 lib.
370 4881 435 4942 ιι,
468 4882 589 4934 cap.
629 4867 659 4920 7
690 4867 868 4942 ιιι-ιιι,
904 4870 1164 4942 Eamdem
1195 4870 1265 4921 oh
1300 4865 1539 4923 causam
1570 4868 1808 4942 Minerva

244 4937 462 5006 virgine
494 4946 677 4990 natum
706 4940 1163 4993 se-l)omitianmn
1199 4943 1500 4993 asseruissc
1524 4977 1539 5004 ,
1588 4939 1809 5006 ctinjieil

243 5002 498 5078 lluetius.
559 5009 739 5075 Atque
802 5008 940 5064 hanc
980 5009 1149 5060 fuisse
1202 5002 1572 5078 pervulgatam
1611 5002 1810 5078 ubique

240 5077 384 5154 apud
411 5076 952 5154 Judmosopinionein
971 5078 1161 5147 probat
1187 5076 1412 5134 historia
1433 5095 1594 5148 quam
1617 5094 1681 5132 ex
1710 5076 1812 5133 tra-

239 5145 450 5218 ditione
472 5148 644 5201 veteri
664 5145 730 5201 ad
756 5163 850 5202 sua
870 5145 1216 5217 propagalam
1243 5145 1483 5218 tempora
1511 5161 1808 5205 memorant

232 5212 506 5294 Qrigenes
541 5227 699 5271 tract.
726 5218 802 5294 26
824 5212 881 5273 in.
909 5212 1097 5294 Matth.
1131 5229 1204 5294 et_
1225 5212 1451 5294 Basilius
1484 5219 1558 5272 De
1576 5220 1808 5294 [tutantia

235 5283 444 5363 Christi
501 5289 871 5363 generatione,
906 5290 1115 5363 scilicet
1169 5290 1491 5363 Zachariam
1551 5288 1810 5363 aJudteis

233 5359 487 5435 occisum
521 5360 664 5435 quod
689 5360 1120 5435 _intercessisse_t
1154 5377 1220 5435 ne
1257 5380 1284 5414 a
1332 5362 1513 5430 templi
1561 5359 1682 5414 loco
1716 5361 1804 5428 qui

235 5426 372 5478 solis
403 5427 623 5492 patebat
653 5429 955 5498 virginibus
982 5429 1150 5484 Maria
1185 5431 1311 5488 Jesn
1364 5426 1539 5486 mater
1587 5426 1808 5485 arcere-

236 5498 766 5573 tur.__Qua3_quidem
801 5501 1049 5573 historia,
1078 5513 1136 5555 ut
1164 5513 1217 5556 et
1259 5502 1347 5573 illa
1400 5515 1565 5570 quam
1609 5500 1806 5555 Suidas

236 5567 292 5616 iu
341 5567 599 5641 ‘Inqoivc,
628 5569 921 5637 evetustis,
955 5581 1005 5624 ut
1040 5571 1154 5641 ipse
1188 5573 1286 5636 ait,
1319 5567 1623 5627 Judieorum
1655 5586 1806 5624 com-

237 5639 528 5714 mentariis
564 5641 730 5714 refert
757 5640 876 5713 (etsi
916 5639 1176 5714 praestare
1209 5653 1459 5714 neutram
1505 5641 1687 5714 velim)
1715 5657 1805 5696 ea-

235 5715 394 5761 tenus
421 5708 616 5763 saltem
649 5708 792 5765 vale't
823 5721 882 5765 ιιι
917 5708 1176 5767 ostendat
1209 5713 1437 5768 Mariam
1484 5712 1586 5768 etsi
1639 5708 1802 5779 piter-

233 5787 594 5855 perain,__non
623 5781 800 5836 minus
848 5783 1113 5853 virginem
1173 5785 1363 5855 primis
1411 5784 1648 5840 habitam
1687 5799 1806 5839 esse

234 5849 595 5919 temporibus.

1937 3281 2076 3337 quor
2117 3281 2260 3322 nunc
2287 3265 2439 3335 juxta
2482 3265 2865 3337 Pythagoram,
2904 3265 3206 3334 Platonem,
3240 3265 3510 3336 Empedo-

1934 3359 2095 3429 clem,
2115 3374 2252 3430 quos
2271 3373 2411 3430 saepe
2433 3357 2626 3415 Celsus
2653 3359 2970 3432 nominavit)
3023 3359 3292 3414 addictam
3312 3373 3512 3430 corpo-

2008 3538 2122 3610 (59)
2157 3538 2270 3592 Καὶ
2292 3538 2398 3592 τοῦ
2423 3539 2723 3608 Πανθήρα.
2759 3538 2886 3594 Haec
2911 3538 3072 3593 etiam
3104 3536 3277 3610 deleta
3304 3546 3432 3592 sunt
3456 3538 3508 3594 in

1931 3609 2103 3664 veteri
2143 3610 2406 3664 Vaticano
2430 3648 2445 3673 ,
2494 3618 2548 3663 et
2589 3614 2783 3664 desunt
2817 3611 2870 3663 in
2904 3609 3111 3663 recenti
3140 3648 3154 3672 ,
3201 3623 3412 3662 necnon
3444 3609 3496 3662 in

1932 3679 2234 3749 Anglicano
2266 3679 2475 3750 primo;
2515 3681 2624 3733 imo
2653 3681 2718 3733 ad
2755 3679 3062 3750 marginem
3090 3677 3376 3750 Anglicani
3407 3693 3500 3732 se-

1930 3746 2089 3803 cundi
2123 3760 2180 3803 et
2215 3746 2356 3803 tertii
2389 3749 2634 3817 apposita
2665 3759 2789 3803 nota
2820 3746 3004 3804 monet
3030 3762 3151 3802 esse
3185 3746 3432 3802 delenda.

2001 3819 2111 3891 (60)
2139 3818 2294 3891 Libb.
2322 3818 2555 3891 editi_ad
2593 3823 2922 3886 marginem,
2948 3820 3232 3891 γεννήσει.

2000 3887 2111 3958 (61)
2139 3887 2414 3942 Γένεσιν.
2463 3888 2536 3941 lta
2595 3901 2745 3943 recte
2791 3898 2901 3944 tres
2929 3887 3244 3958 Anglicani,
3274 3888 3503 3958 Regius,

1926 3957 2254 4014 BaSileeusis
2295 3970 2348 4011 et
2394 3958 2658 4013 Julianus.
2694 3959 2799 4012 Alii
2845 3975 2966 4012 cuin
2995 3957 3187 4023 editis,
3219 3957 3501 4027 γέννησιν.

1925 4029 2093 4082 Paulo
2145 4038 2266 4096 post
2306 4027 2508 4098 Regius
2541 4038 2598 4083 et
2641 4029 3003 4094 Basileeusis,
3043 4030 3071 4082 ό
3126 4027 3504 4099 καταπέμπων

1926 4099 2120 4169 ψυχάς.
2162 4099 2262 4152 Alii
2290 4114 2412 4152 cuin
2444 4099 2631 4164 editis,
2663 4102 2691 4152 ὀ
2722 4099 3100 4169 καταπέμπων
3125 4098 3326 4170 ψυχήν.

1995 4170 2518 4293 (62)2ζ1υθαγόραν.
2585 4170 2720 4225 Vide
2774 4171 3156 4224 adnotatiuues
3209 4169 3274 4222 ad
3327 4169 3422 4225 lib.
3471 4185 3504 4222 v

1999 4257 2069 4292 Ill.
2185 4278 2199 4291 .

1922 4255 2069 4293 nutu.
2112 4242 2199 4294 21.

1994 4309 2108 4379 (65)
2148 4308 2458 4364 Πλάτωνα.
2539 4304 2727 4379 VPlato,
2767 4308 2906 4361 libro
2949 4307 3024 4379 De
3073 4307 3251 4379 intima
3291 4310 3500 4379 mundi,

1920 4377 2045 4450 pag.
2073 4377 2173 4433 104
2201 4399 2212 4433 :
2250 4379 2506 4447 Λέγοιντο
2531 4378 2577 4450 δ’)
2592 4379 2904 4447 ἀναγκαίως
2925 4378 3018 4450 καὶ
3046 4377 3500 4450 τιμωρίαιίξέναι,

1916 4447 2017 4512 di;—
2039 4449 2466 4520 μετενδυομέναν
2515 4449 2613 4520 τᾶν
2659 4450 2858 4520 ψυχᾶν,
2905 4447 3025 4520 τῷν
3058 4447 3158 4520 μὲν
3191 4447 3378 4520 δειλῶν
3419 4450 3501 4520 είς

1921 4518 2180 4588 γυναικέα
2229 4520 2465 4590 σκάνεα,
2521 4519 2638 4590 ποθ’
2691 4518 2846 4590 ὕϐριν
2895 4518 3244 4590 ἐκδιδόμενα,
3288 4518 3397 4590 τῷν
3443 4519 3499 4571 δὲ

1965 4591 2236 4659 ιαιιρόνων,
2259 4591 2316 4650 ἐς
2341 4588 2543 4658 θηρίων
2568 4586 2812 4658 σώματα,
2841 4588 2964 4659 ποτ).
2999 4586 3217 4659 κόλασιν
3237 4603 3254 4659 '_
3288 4586 3499 4659 λάγνων

1946 4663 1970 4714 ὲ
1995 4657 2064 4726 ἐς
2087 4660 2227 4712 συῶν
2258 4659 2290 4729 ἢ
2324 4657 2550 4729 κάπρων
2579 4657 2791 4728 μορφάς
2810 4676 2823 4688 ·
2859 4657 3074 4729 κούφων
3099 4657 3155 4729 δέ
3174 4657 3268 4710 καὶ
3296 4658 3499 4728 μετεώ-

1917 4749 2023 4803 ρων
2041 4733 2111 4803 ᾲὲλς
2147 4727 2362 4802 πτηνῶν
2375 4727 2730 4803 Δὀιεροττόρωνο
2768 4728 2952 4803 ἀργῶν
2975 4727 3159 4803 δέκα)ἱ
3175 4727 3492 4803 ἀπράκτων,

1914 4797 2140 4872 ἀμαθῶν
2185 4797 2252 4853 τε
2303 4799 2395 4853 καὶ
2439 4797 2714 4870 ἀνοήτων,
2773 4797 2829 4862 ἐς
2885 4800 2982 4852 τᾶν
3041 4797 3276 4872 ἐνύδρων
3327 4799 3490 4853 ἰδέαν.

1922 4868 2077 4925 αἸΙτιο
2117 4872 2280 4941 igitur
2309 4874 2374 4924 de
2402 4868 2568 4923 causa
2596 4872 2697 4924 hoc
2730 4872 3084 4929 concedatur,
3116 4868 3260 4941 quod
3304 4885 3494 4924 neces-

1914 4943 2059 4997 sario
2090 4938 2592 4996 commemorentur
2645 4942 2930 5009 peregrina
2979 4938 3280 5009 supplicia,
3333 4942 3490 5009 quasi

1915 5014 2110 5066 animm
2142 5014 2498 5080 commigrent
2525 5011 2668 5064 ultro
2689 5012 2937 5078 citroque
2959 5011 3012 5063 in
3042 5009 3190 5060 varia
3219 5024 3448 5079 corpora
3474 5027 3487 5077 ;

1915 5083 2232 5152 ignavorum
2267 5083 2518 5148 quidem,
2547 5080 2605 5152 in
2630 5094 2859 5152 corpora
2887 5080 3174 5152 muliebria
3196 5117 3209 5141 ,
3243 5082 3491 5152 corpori-

1914 5149 2013 5206 lﬁts
2048 5152 2266 5206 tributis
2306 5153 2371 5204 ad
2403 5151 2806 5220 ignominiam;
2846 5149 3270 5220 homicidarum,
3321 5152 3372 5204 in
3411 5151 3490 5206 fe-

1917 5237 2096 5276 rarum
2129 5235 2357 5289 corpora
2388 5217 2456 5275 ad
2484 5235 2698 5288 poenam
2733 5230 2788 5274 et
2825 5221 3147 5289 supplicium
3177 5234 3199 5289 ;,
3239 5217 3490 5276 libidino~

1913 5307 2132 5358 sorum,
2183 5288 2241 5344 in
2290 5307 2448 5345 suum
2479 5292 2563 5344 vel
2605 5305 2858 5360 aprorum
2894 5288 3138 5360 formas;
3189 5288 3391 5360 levium
3437 5300 3490 5344 et

1912 5362 2323 5417 teincrariorum
2395 5358 2708 5424 hominum,
2779 5361 2828 5414 in
2899 5359 3110 5430 species
3190 5358 3486 5415 volantium

1913 5433 2270 5486 animantium
2295 5446 2414 5498 quae
2443 5434 2495 5486 in
2552 5446 2678 5485 aere
2721 5433 2895 5484 solent
2946 5432 3184 5493 versari;
3240 5432 3483 5500 segnium

1911 5503 2176 5570 denique,
2210 5502 2546 5568 otiosorum,
2580 5503 2986 5567 imperitorum,
3020 5502 3341 5555 stolidorum
3364 5541 3378 5566 ,
3433 5502 3483 5555 in

1910 5573 2228 5641 aquatilium
2285 5574 2585 5641 speciem.»
2633 5574 2698 5626 Et
2746 5573 2800 5624 in
2851 5571 3149 5641 Pliwrlone,
3201 5583 3324 5636 pag.
3365 5571 3480 5626 70:

1909 5635 2144 5706 Παλαιὸς
2181 5642 2279 5712 μὲν
2311 5635 2403 5696 οὖν
2436 5643 2550 5695 ἐστί
2584 5660 2664 5707 τις
2697 5645 2725 5696 ό
2757 5642 2912 5710 λόγος
2953 5635 3141 5708 οὗτος,
3175 5635 3236 5700 οὗ
3273 5644 3469 5713 μεμνή-
3521 5699 3524 5703 ,

1912 5713 2101 5786 μεθα,
2121 5712 2194 5777 ὥς
2228 5715 2363 5786 εἰσιν
2395 5713 2604 5786 ἐνθένδε
2637 5713 2964 5786 ἀφικόμεναι
2996 5715 3144 5780 ἐκεῖ,
3190 5715 3301 5786 καὶ)
3322 5712 3483 5766 πάλιν

1909 5783 1970 5852 γε
2016 5784 2174 5855 δεῦρο
2220 5783 2603 5853 ἀφικνοῦνται,
2660 5784 2754 5836 καὶ
2798 5784 3074 5852 γίγνονται
3129 5789 3194 5842 ἐκ
3238 5785 3344 5840 τῶν
3397 5801 3484 5837 τε-

1910 5854 2175 5923 θνεώτων,
2223 5867 2329 5912 etc.
2377 5873 2396 5907 ι
2441 5855 2716 5925 Antiquus
2751 5858 2970 5925 quidem
3011 5864 3092 5912 est
3139 5861 3228 5914 hic
3274 5871 3478 5922 sermo,
