3962 6414
516 205 664 306 ηδ’

1969 239 2294 299 ORlGENlS

3671 237 3778 292 ’124

513 367 582 432 ri,
615 365 833 435 corpori
872 363 1052 420 addici
1093 377 1192 433 pro
1238 361 1450 418 meritis
1483 361 1884 432 praeteritisque
1923 363 2087 416 mori-

2205 358 2720 430 Ἐμπεδοκλέαωιί),
2755 357 2846 422 οὓς
2881 358 3137 421 πολλάκις
3165 355 3450 426 ὠνόμασεν
3475 356 3504 408 δ
3537 347 3778 418 Κελσος)

519 457 666 512 bus?
707 454 1017 512 Verisimile
1053 468 1181 523 ergo
1212 462 1296 508 est
1319 467 1438 506 eam
1464 453 1722 519 animam,
1754 466 1874 521 quae
1908 452 2089 506 multis

515 547 830 602 hominibus
857 545 983 616 (non
1017 545 1141 600 dico
1169 543 1448 608 omnibus,
1483 559 1551 598 ne
1585 543 1808 596 nimium
1841 543 2092 615 prrcjudi-

517 651 648 692 care
680 637 891 704 videar)
938 635 1124 690 utilior
1176 634 1355 689 futura
1406 642 1525 689 erat
1578 635 1814 688 humano
1867 633 2088 704 generi,

517 743 656 798 Opus
701 726 958 782 habuisse
991 741 1241 795 corpore,
1274 728 1415 794 quod
1463 741 1566 779 nou
1617 726 1786 800 solum
1819 735 1962 780 esset
1991 725 2090 778 hu-

518 817 694 872 manis
715 817 1038 888 corporibus
1059 816 1374 887 perfectius,
1399 819 1494 872 sed
1519 817 1680 872 etiam
1703 831 1813 886 prae
1839 815 2090 872 omnibus

511 909 827 965 excelleret.

583 1087 672 1141 '55.
713 1084 846 1140 Nam
874 1087 918 1142 si
952 1087 1066 1143 haec
1089 1086 1176 1143 vel
1197 1087 1286 1142 illa
1311 1088 1490 1141 anima
1514 1087 1744 1142 occultis
1766 1089 2088 1158 quibusdam

511 1176 700 1231 causis
726 1190 832 1230 non
867 1176 1063 1232 merita
1087 1177 1306 1244 quidem
1341 1177 1514 1231 bruta:
1543 1177 1840 1232 animantis
1863 1193 2088 1250 corpore

516 1267 755 1336 includi,
791 1282 970 1337 neque
1023 1267 1187 1338 digna
1226 1277 1406 1324 tamen
1430 1309 1445 1332 ,
1479 1284 1598 1338 quae
1643 1270 1924 1325 rationalis
1967 1273 2090 1326 aui-

517 1361 719 1415 mantis
749 1375 948 1430 corpus
980 1371 1232 1430 occupet,
1265 1361 1508 1416 induitur
1551 1371 1927 1431 portentosum
1967 1377 2091 1419 cor-

513 1467 650 1523 pus,
687 1452 762 1507 ita
807 1460 867 1508 ut
891 1453 962 1508 ob
995 1462 1158 1522 caput
1187 1453 1396 1522 reliquo
1421 1454 1634 1522 corpori
1683 1454 1862 1508 minus
1888 1463 2088 1508 attem-

516 1553 764 1613 peratum
803 1545 1072 1614 nimisque
1113 1553 1398 1614 angustum
1431 1545 1573 1599 ratio
1612 1559 1740 1599 suas
1779 1544 2089 1603 functiones

511 1634 742 1706 exsequi
775 1644 1045 1705 nequeat;
1085 1635 1192 1690 alia
1233 1649 1362 1690 vero
1407 1636 1512 1689 tale
1545 1650 1744 1704 corpus
1773 1635 1996 1704 accipit,
2029 1647 2087 1691 ut

2193 451 2604 520 εἰσ-κρινομένην
2644 447 2885 520 σώματι,
2927 446 3227 512 κατ’ἀξίαν
3271 444 3642 518 είσκρίνεσθαι
3687 445 3781 499 καὶ

2193 543 2332 596 κατά
2379 543 2446 596 τά
2485 543 2722 613 πρότερα
2765 540 2908 612 ἥθη;
2963 539 3122 602 Εἰκὸς
3169 533 3262 592 οὖν
3303 539 3396 591 καὶ
3442 537 3650 604 ταύτην
3683 537 3780 608 τὴν

2189 634 2388 705 ψυχὴν,
2442 633 2651 686 πολλῶν
2705 633 2826 700 (ἵνα
2873 631 2944 702 μὴ
2980 631 3346 700 συναρπάζειν
3391 629 3555 692 δοκῶ,
3605 629 3780 696 λέγων

2192 727 2442 798 πάντων)
2487 725 2788 796 ἀνθρώπων
2834 722 3259 794 ὠφελιμωτέραν
3309 721 3386 792 τῷ
3420 720 3524 792 βίῳ
3553 721 3662 772 τῶν
3689 721 3782 772 ἀν-

2193 817 2424 888 θρώπων
2459 815 2850 886 ἐπιδημοῦσαν,
2884 814 3162 885 δεδεῆσθαι
3198 812 3484 883 σώματος,
3520 812 3584 864 οὐ
3621 811 3780 880 μόνον

2189 907 2264 971 ὼς
2296 907 2404 978 (65)
2459 909 2518 962 ἐν
2563 906 2922 978 ἀνθρωπίνοις
2959 904 3174 976 σώμασι
3216 904 3598 976 διαφέροντος,
3645 902 3781 955 ἀλλά

2192 999 2284 1052 καὶ
2318 999 2409 1052 τοῦ
2447 1000 2664 1052 πάντων
2705 998 3030 1068 κρείττονος.

2263 1095 2325 1146 Εἰ
2365 1095 2472 1164 γὰρ
2504 1093 2598 1163 ἥδε
2643 1093 2741 1163 μὲν
2778 1094 2810 1162 ὴ
2841 1091 3018 1162 ψυχὴ,
3055 1090 3195 1144 κατὰ
3228 1106 3380 1152 τινας
3430 1089 3778 1160 ἀπορρήτους

2191 1183 2381 1252 λόγους
2411 1183 2536 1246 ἀξία
2570 1183 2832 1252 γενομένη
2871 1181 2946 1252 μὴ
2981 1182 3157 1250 πάντη
3203 1181 3298 1250 μὲν
3334 1181 3393 1233 ἐν
3441 1179 3642 1247 ἀλόγου
3689 1195 3780 1246 γε-

2191 1274 2379 1327 νέσθαι
2408 1273 2639 1344 σώματι,
2675 1273 2736 1325 οὐ
2773 1273 2876 1344 μὴν
2905 1272 2998 1326 καὶ
3027 1271 3283 1343 καθαρῶς
3319 1273 3377 1323 ἐν
3409 1270 3658 1339 λογικοῦ,
3695 1271 3780 1321 ἐν-

2191 1365 2369 1418 δύεται
2401 1363 2558 1434 σῶμα
2593 1363 2892 1432 τερατῶδες
2912 1403 2925 1426 ,
2953 1362 3027 1425 ὡς
3059 1362 3192 1432 μηδὲ
3222 1362 3312 1414 τὸν
3335 1361 3495 1430 λόγον
3521 1360 3774 1430 συμπλη-

2194 1456 2430 1528 ρωθῆναι
2455 1456 2707 1511 δύνασθαι
2745 1454 2822 1526 τῷ
2845 1454 3043 1508 οὑτωσὶ
3072 1453 3444 1524 γεγενημένῳ,
3475 1453 3572 1506 καὶ
3595 1453 3774 1522 ἀσύμ-

2195 1565 2386 1619 μετρον
2421 1547 2594 1618 ἔχοντι
2643 1547 2740 1618 τὴν
2789 1545 3026 1616 κεφαλὴν
3069 1545 3146 1615 τῷ
3189 1545 3359 1616 λοιπῷ
3395 1544 3632 1614 σώματι,
3681 1544 3772 1597 καὶ

2192 1643 2331 1696 πάνυ
2379 1641 2746 1712 βραχυτέρανο
2803 1640 2962 1712 ἑτέρα
3014 1639 3070 1692 δὲ
3103 1637 3302 1691 τοιόνδε
3335 1637 3495 1706 σῶμα
3532 1635 3774 1707 ἀναλαμ-

516 1700 682 1798 paulo
707 1726 827 1796 plus
854 1700 1016 1796 quam
1047 1725 1136 1781 illa
1164 1727 1369 1796 sapiat;
1418 1741 1481 1781 ac
1519 1700 1732 1781 rursum
1763 1727 1866 1781 alia
1893 1700 2085 1800 magis,

2196 1733 2361 1798 δάνει,
2396 1734 2470 1796 ὡς
2516 1733 2681 1803 ὀλίγῳ
2728 1733 2935 1784 ἐκείνου
2967 1729 3218 1798 γενέσθαι
3268 1729 3609 1800 λογικωτέρα
3631 1745 3644 1758 ·
3679 1729 3772 1782 καὶ

513 1827 680 1888 prout
721 1828 915 1872 natura
967 1819 1213 1888 corporis
1262 1817 1432 1888 magis
1476 1819 1725 1872 minusve
1763 1820 1958 1874 rationi
2006 1834 2090 1874 re-

515 1907 800 1978 fragatur;
836 1911 965 1980 quid
989 1921 1135 1966 vetat
1161 1925 1280 1965 esse
1313 1910 1548 1980 aliquam
1579 1913 1837 1978 animam,
1873 1911 1958 1967 cui
1995 1928 2092 1968 no-

515 2013 644 2054 vum
701 2001 1087 2072 insolitumque
1141 2017 1338 2072 corpus
1383 2004 1562 2068 detur,
1616 2005 1759 2074 quod
1809 2005 2086 2076 quidpiam

513 2109 639 2148 cum
699 2095 821 2152 aliis
877 2097 1130 2152 humanis
1183 2097 1504 2174 corporibus
1556 2113 1844 2152 commune
1893 2099 2090 2155 habeat

511 2186 734 2256 quidem
759 2227 774 2251 ,
810 2203 1040 2256 quocum
1066 2187 1187 2244 aliis
1219 2189 1424 2244 versari
1467 2189 1671 2258 possit;
1706 2191 1802 2244 sed
1833 2190 1977 2258 quod
2005 2201 2088 2244 ta-

515 2294 640 2334 men
673 2281 794 2334 aliis
843 2280 1169 2343 antecellat,
1221 2290 1278 2335 ut
1323 2281 1502 2334 anima
1533 2290 1694 2348 queat
1745 2281 2000 2335 immunis
2056 2298 2087 2337 a

509 2369 644 2426 vitio
680 2372 1044 2440 permanere?
1095 2373 1247 2438 Quod
1289 2372 1333 2426 si
1375 2371 1540 2424 etiam
1593 2387 1778 2425 verum
1815 2379 1896 2426 est
1942 2373 2086 2441 quod

507 2459 782 2520 allirmant
811 2461 1333 2536 physiognomonici,
1369 2473 1426 2516 ut
1459 2460 1724 2532 Zopyrus,
1762 2461 1960 2530 Loxus,
1987 2461 2089 2518 Ρο-

513 2550 692 2605 lemon
721 2589 736 2616 ,
765 2559 858 2606 aut
879 2551 1106 2621 quilibet
1129 2566 1312 2606 eorum
1345 2550 1435 2618 qui
1465 2550 1566 2604 hac
1609 2551 1674 2605 de
1698 2562 1816 2605 arte
1853 2553 2088 2622 scripse-

514 2652 639 2697 runt
671 2657 976 2714 magnaque
1019 2658 1078 2698 se
1119 2643 1260 2697 scire
1297 2643 1616 2711 praedicant,
1649 2658 1873 2713 corpora
1905 2645 2085 2700 omnia

513 2745 635 2788 esse
659 2733 905 2788 moribus
933 2732 1241 2786 animarum
1275 2732 1714 2798 accommodata;
1747 2747 1814 2786 an
1848 2735 2086 2802 oportuit

513 2823 592 2878 illi
645 2824 872 2893 animae,
928 2840 1046 2897 qua:
1106 2823 1367 2896 singulari
1415 2825 1574 2878 modo
1611 2823 1664 2878 in
1719 2825 1862 2880 hanc
1917 2825 2084 2880 vitam

512 2927 746 2972 ventura
769 2926 887 2972 erat
911 2931 1249 2987 magnasque
1285 2931 1374 2972 res
1407 2915 1640 2979 factura,
1675 2915 1840 2970 tribui
1863 2897 2082 2985 corpus,

2189 1825 2321 1894 ἄλλη
2353 1823 2431 1877 ἔτι
2465 1823 2685 1894 μᾶλλον,
2714 1823 2812 1892 τῆς
2833 1822 3048 1890 φύσεως
3075 1821 3166 1874 τοῦ
3195 1820 3446 1892 σώματος
3469 1821 3564 1873 ἐπὶ
3591 1820 3772 1874 πλεῖον

2188 1917 2221 1988 ἢ
2247 1918 2330 1969 ἐπ’
2351 1916 2566 1968 ἔλαττον
2585 1913 3052 1985 ἀντιπραττούσης
3075 1915 3140 1983 τῇ
3157 1909 3250 1964 τοῦ
3274 1911 3435 1978 λόγου
3453 1909 3732 1980 ἀντιλήψει
3749 1928 3767 1942 ·

2188 2007 2272 2060 διά
2304 2007 2355 2058 τί
2402 2007 2520 2075 ούχὶ
2563 2006 2655 2058 καὶ
2701 2005 2844 2076 ψυχή
2895 2022 2979 2068 τις
3037 2003 3188 2058 ἔσται
3236 2003 3413 2074 πάντη
3469 2000 3772 2074 παράδοξον

2189 2097 2645 2168 ἀναλαμϐάνουσα
2671 2095 2778 2166 (66)
2815 2094 2993 2167 σῶμα,
3033 2095 3152 2166 ἕχον
3187 2093 3283 2166 μέν
3316 2113 3370 2147 τι
3417 2094 3598 2148 κοινὸν
3634 2095 3772 2166 πρὸς

2188 2187 2312 2252 τοὺς
2333 2185 2648 2258 ἀνθρώπους
2668 2228 2682 2252 ,
2709 2187 2796 2240 ἴνα
2823 2187 2915 2240 καὶ
2943 2187 3317 2258 συνδιατρίψαι
3339 2187 3524 2250 αὐτοῖς
3545 2184 3766 2257 δυνηθῇ,

2189 2279 2310 2350 ἔχον
2343 2279 2398 2332 δέ
2432 2297 2482 2332 τι
2516 2279 2608 2331 καὶ
2655 2277 2952 2350 ἐξαίρετον,
3006 2277 3093 2330 ἴνα
3132 2277 3231 2346 τῆς
3275 2277 3478 2341 κακίας
3506 2277 3770 2344 ἄγευστος

2189 2373 2222 2442 ἡ
2249 2371 2394 2442 ψυχὴ
2425 2369 2697 2440 διαμεῖναι
2729 2369 2928 2440 δυνηθῇ
2951 2386 2964 2434 ;
3011 2369 3133 2422 Ἐὰν
3158 2369 3214 2422 δὲ
3236 2369 3329 2422 καὶ
3355 2369 3421 2446 τὰ
3441 2368 3552 2421 τῶν
3583 2385 3768 2437 φυσιο-

2188 2461 2606 2532 γνωμονούντων
2669 2462 2894 2531 κρατῇ,
2958 2459 3066 2512 εἴτε
3126 2459 3391 2530 Ζωπύρου
3433 2457 3592 2530 (67),
3657 2459 3764 2510 εἴτε

2187 2553 2356 2619 Λύξου
2383 2552 2527 2624 (68),
2581 2551 2690 2604 εἴτε
2725 2549 3041 2622 Πολέμωνος
3065 2549 3206 2620 (69),
3249 2551 3359 2602 εἴτε
3400 2545 3609 2612 οὗτινός
3645 2549 3766 2600 ποτ’

2188 2643 2280 2700 οὖν
2315 2643 2536 2700 τοιαῦτα
2573 2643 2878 2715 γράψαντος
2897 2683 2911 2708 ,
2949 2643 3043 2695 καὶ
3071 2641 3536 2712 ἐπαγγειλαμένου
3567 2640 3766 2693 εἰδέναι

2187 2757 2240 2792 τι
2289 2735 2629 2808 θαυμαστὸν,
2684 2737 2858 2789 οἰκεῖα
2903 2737 3015 2796 τοῖς
3067 2733 3219 2802 ἤθεσι
3250 2732 3359 2784 τῶν
3389 2731 3579 2802 ψυχῶν
3608 2731 3766 2784 πάντ’

2187 2827 2327 2884 εῖναι
2360 2829 2427 2884 τὰ
2460 2830 2684 2900 σώματα
2710 2846 2722 2858 ·
2772 2831 2837 2898 τῇ
2863 2823 2953 2880 οὖν
2983 2825 3246 2896 μελλούσῃ
3280 2825 3602 2897 παραδόξως
3646 2827 3767 2878 ἐπι-

2187 2923 2377 2994 δημεῖν
2429 2922 2507 2993 τῷ
2564 2922 2693 2993 βίῳ,
2751 2923 2844 2975 καί
2896 2920 3299 2991 μεγαλοποιεῖν,
3355 2917 3464 2970 ἔδει
3516 2915 3764 2984 γενέσθαι

507 3009 675 3078 quod,
705 3018 764 3063 ut
795 3009 1050 3078 opinatur
1081 3007 1285 3074 Celsus,
1338 3022 1402 3061 ex
1435 3004 1722 3060 Pantherae
1761 3014 1815 3060 et
1857 3006 2085 3074 virginis

2196 3013 2382 3083 σῶμα,
2416 3013 2493 3075 ὡς
2536 3012 2706 3065 οἴεται
2755 3011 2995 3075 Κέλσος,
3049 3009 3156 3064 ἀπὸ
3203 3008 3466 3078 Πανθήρα
3496 3008 3606 3079 (70)
3649 3025 3766 3080 μοι·

509 3103 773 3157 adulterio
805 3101 968 3174 352
1010 3111 1193 3156 natum
1242 3100 1476 3155 fuisset?
1532 3099 1675 3154 Sane
1709 3114 1775 3154 ex
1819 3097 1920 3154 hoc
1976 3101 2081 3155 im-

509 3194 710 3262 pudico
755 3195 900 3248 coitu
953 3192 1242 3262 prodiisset
1291 3189 1472 3260 potius
1529 3189 1754 3246 insanus
1790 3192 2082 3260 quispiam,

513 3283 794 3336 hominum
850 3283 1153 3352 pernicies,
1213 3283 1649 3351 intemperantiae
1694 3293 1748 3338 et
1805 3286 2084 3356 injustitiae

515 3373 956 3446 reliquorumque
1015 3372 1269 3428 vitiorum
1330 3375 1612 3445 magister,
1660 3389 1822 3446 quam
1876 3385 2082 3448 tempe-

509 3571 862 3648 quernmodo
894 3588 1421 3648 commemoramus,
1473 3577 1601 3634 hinc
1650 3592 1714 3633 eo
1768 3578 2084 3648 proﬁcisci,

510 3650 567 3695 et
629 3642 776 3698 illinc
825 3645 932 3700 huc
985 3645 1166 3700 redire
1198 3657 1540 3701 mortuormn
1587 3642 1832 3713 animas,
1872 3658 1924 3702 et
1973 3642 2088 3706 lieri

507 3725 576 3766 ex
617 3713 864 3800 mogtuis.
893 3733 914 3767 ι
949 3715 1080 3769 llem
1127 3729 1254 3824 pag.
1287 3717 1350 3771 Si
1392 3735 1405 3770 :
1449 3717 1528 3771 Τὰ
1557 3721 1686 3771 ποῖα
1713 3718 1775 3790 δὴ
1806 3717 1975 3773 ταῦτα
2005 3720 2091 3774 λέ-

507 3797 655 3824 Mur-
707 3801 752 3824 Μ
798 3783 1124 3824 Σώνηηη-κρο
1160 3785 1203 3824 n
1231 3803 1287 3824 nu
1333 3787 1460 3824 ιιι·ηὲν
1511 3788 1606 3824 "tu
1650 3791 2090 3824 νηκιμηιηηιμυικρ

505 3797 658 3850 γεις,
707 3777 1287 3862 ᾦηξώκρατεςιίοῗον
1333 3787 1460 3862 τοὺς
1511 3788 1606 3858 μὲν
1649 3777 2090 3862 γαστριμαργίας

503 3867 604 3942 est,
625 3853 988 3942 ι,καὶῆἱΰξρειῷ
1024 3856 1120 3909 καὶ
1154 3857 1470 3942 ιριλοτησίας
1499 3853 1944 3942 μεμελετηκότας
1960 3853 2092 3942 ,καὶ

511 3923 589 3994 μὴ
620 3923 1082 3999 δ-ιευλαςῦημ-ένους
1100 3965 1114 3988 ,
1135 3923 1228 3999 είς
1259 3923 1464 3999 τῶν
1496 3923 1632 3981 ὄνων
1669 3923 1802 3999 γένίη
1847 3923 2090 3985 καὶτῶν

509 3992 771 4074 τοιούτων
803 3992 1008 4074 θηρίων
1042 3997 1188 4074 εἰκὸς
1221 3995 1522 4074 ἐνδύεσθαι,
1546 4009 1655 4074 etc.
1681 3992 1941 4074 'c_Q'ualia
1979 4003 2091 4074 haec

511 4071 642 4140 sunt
669 4079 790 4140 qua:
819 4067 955 4120 dicis
984 4107 998 4130 ,
1039 4069 1299 4140 Socrates
1315 4069 1351 4140 ?_
1375 4069 1844 4140 Quemadmodum
1873 4085 1966 4126 eos
1996 4070 2090 4140 qui

512 4135 863 4208 gulositutes,
901 4137 1262 4191 contumelias
1290 4177 1303 4200 ,
1340 4137 1594 4208 lascivias
1622 4139 1950 4208 cogitarinl,
1991 4135 2093 4195 nec

511 4203 582 4278 ab
627 4204 736 4258 illis
779 4207 944 4278 rebus
969 4209 1249 4268 caverint,
1289 4208 1340 4260 in
1391 4207 1669 4278 asinorum
1694 4203 1899 4278 genera
1937 4203 2093 4265 simi-

507 4270 751 4344 liuinque
776 4275 1011 4330 ferarum
1039 4278 1270 4329 formam
1301 4277 1450 4332 indui
1479 4270 1776 4332 verisimile
1803 4289 1908 4344 est,
1936 4299 1954 4332 ι
1983 4290 2090 4335 etc.

508 4340 927 4419 Elide-eumdem
960 4348 1012 4400 in
1039 4345 1291 4419 Ρίιιειιω,
1325 4363 1448 4419 pag.
1473 4346 1602 4419 9.48;
1637 4349 1686 4401 in
1721 4340 1940 4413 Timwo,
1967 4366 2089 4419 pag.

2187 3105 2477 3176 χεύσαντος
2542 3103 2635 3156 καὶ
2696 3102 2960 3175 παρθένου
3019 3098 3432 3172 μοιχευθείσης;
3511 3099 3602 3151 Ἐκ
3654 3098 3762 3171 γάρ

2189 3196 2443 3250 τοιούτων
2482 3195 2729 3264 ἀνάγνων
2761 3192 2957 3264 μίξεων
2986 3193 3091 3246 ἔδει
3121 3191 3316 3261 μᾶλλον
3351 3191 3575 3261 ἀνόητόν
3617 3207 3762 3254 τινα,

2190 3289 2285 3341 καὶ
2308 3285 2575 3355 ἐπιϐλαΰῆ
2615 3288 2726 3348 τοῖς
2759 3283 3097 3356 ἀνθρώποις,
3126 3281 3444 3336 διδάσκαλον
3473 3281 3765 3345 ἀκολασίας

2190 3380 2281 3434 καὶ
2314 3379 2522 3444 ἀδικίας
2557 3379 2648 3432 καὶ
2676 3377 2784 3430 τῶν
2815 3376 3016 3432 λοιπῶν
3069 3375 3253 3430 κακῶν
3304 3375 3589 3446 γενέσθαι,
3641 3373 3765 3444 οὐχὶ

2193 3589 2246 3632 et
2309 3577 2383 3631 De
2431 3577 2582 3646 fato:
2615 3594 2633 3627 ι
2673 3575 2856 3642 Quid?
2917 3573 3447 3646 §ocratem_noﬁnne
3535 3573 3763 3642 legimus

2197 3644 2653 3718 quemadmodum
2676 3647 2893 3718 notarit
2917 3644 3158 3716 Zopyrus
3189 3644 3640 3713 physiognomon,
3665 3647 3760 3711 qui

2195 3715 2252 3774 se
2286 3717 2646 3786 proﬁtebatur
2673 3715 2951 3786 hominum
2981 3715 3158 3768 mores
3188 3725 3520 3786 naturasque
3549 3728 3764 3786 excor-

2195 3783 2360 3858 pore,
2377 3786 2550 3841 oculis
2571 3827 2586 3852 ,
2618 3786 2765 3858 vultu
2790 3824 2808 3851 ,
2839 3785 3040 3858 fronte,
3067 3784 3435 3858 pernoscere?
3457 3783 3760 3858 _Stupidum

2196 3852 2314 3913 esse
2340 3857 2619 3911 Socratem
2641 3857 2777 3910 dixit
2798 3865 2852 3911 et
2873 3852 3123 3920 bardum,
3152 3854 3295 3922 quod
3320 3852 3502 3922 jugula
3527 3868 3763 3906 concava

2196 3943 2302 3982 non
2333 3927 2590 3991 haberet;
2649 3927 2962 3980 obstructas
3009 3939 3102 3979 eas
3149 3933 3332 3993 partes
3376 3933 3432 3977 et
3483 3923 3764 3976 obturatas

2195 4013 2317 4052 esse
2363 3996 2620 4060 dicebat;
2663 3995 2874 4050 addidit
2931 3994 3096 4048 etiam
3129 3993 3520 4056 mulierosum,
3569 3993 3620 4044 in
3655 4007 3766 4060 quo

2194 4067 2506 4122 Alcibiades
2537 4065 2866 4119 cachinnum
2903 4064 3100 4117 dicitur
3130 4063 3454 4128 sustulisse;
3478 4083 3494 4114 ι
3531 4077 3626 4116 nec
3657 4063 3766 4114 imo

2195 4137 2410 4202 merito,
2449 4136 2627 4204 qualis
2667 4135 2812 4188 enim
2863 4133 2952 4189 hic
2997 4133 3190 4204 fuerit_
3215 4133 3490 4204 conjicere
3511 4133 3655 4204 _lieet_
3691 4147 3762 4184 ex

2194 4196 2442 4267 Platone,
2468 4196 2646 4258 'Atcib.
2678 4204 2884 4272 primo,
2924 4218 3048 4272 pag.
3096 4202 3202 4256 122
3236 4219 3248 4254 :
3281 4196 3372 4256 Σοὶ
3403 4203 3468 4264 δ’,
3504 4196 3546 4255 ὧ
3589 4201 3764 4272 Ἀλκι-

2199 4275 2356 4347 6λιάδη
2375 4317 2390 4342 ,
2427 4269 2718 4347 Περικλῆς
2737 4269 3023 4347 ἐπέστησέ
3037 4272 3383 4347 παιδαγωγὸν
3411 4273 3518 4347 τῶν
3543 4269 3766 4347 οἰκετῶν

2195 4341 2665 4422 τὸν-ἀχρειότατον
2685 4344 2826 4422 ’ύπὸι
2845 4341 3033 4422 γήρως
3052 4384 3082 4422 ,_
3101 4341 3358 4422 Ζώπυρον
3407 4343 3500 4396 τὸν
3540 4342 3720 4422 Θρᾷκα
3743 4355 3762 4372 ⁸

511 4409 584 4464 42
604 4453 621 4478 ,
655 4424 708 4469 et
737 4415 814 4469 De
845 4419 1049 4482 repnbl.
1089 4417 1183 4470 lib.
1215 4433 1269 4468 x.
1325 4409 1458 4471 Vide
1491 4409 1867 4475 adtiolationes
1899 4409 2090 4476 a’d'liB.
2125 4411 2170 4466 D
2205 4433 2223 4466 ι
2251 4409 2552 4479 ΤίὺΓνοιο,
2581 4409 2892 4469 Alcibiades
2907 4409 2939 4480 ’,’
2964 4414 3199 4468 Pericles
3229 4409 3349 4467 eum
3378 4427 3409 4465 e
3439 4409 3606 4466 servis
3626 4409 3766 4482 prie-

509 4497 543 4536 v
591 4491 776 4537 contra
808 4485 1051 4550 Celsum,
1091 4503 1240 4538 lllllll.
1276 4489 1367 4540 ‘21.
1408 4487 1676 4540 SPENCER.

583 4553 694 4625 (64)
749 4555 1177 4625 Ἐμπεδοκλέα.
1229 4555 1417 4610 Laert.
1475 4559 1527 4609 in
1586 4557 1888 4626 Empedocl.
1939 4581 1956 4613 .-
1989 4558 2099 4612 Καὶ

509 4621 608 4744 ’ἑὴν
627 4621 824 4746 {puth
847 4631 1075 4680 παντοῖα
1120 4627 1232 4696 εἴδη
1271 4626 1426 4690 ζώων
1460 4627 1551 4678 καὶ
1583 4621 1764 4694 φυτῶν
1793 4629 2094 4683 ἐνδύεσθαι.

557 4709 626 4746 no
683 4712 811 4746 γουν
834 4711 850 4726 ·

557 4709 650 4763 ησι
683 4712 811 4763 γουν
834 4711 850 4726 ·

515 4782 659 4858 ᾝδη
693 4783 804 4854 γάρ
835 4791 962 4840 ποτ’
983 4789 1096 4858 ἐγὼ
1127 4790 1389 4858 γενόμην
1422 4787 1642 4854 κοῦρός
1665 4804 1748 4849 τε,
1775 4790 1921 4855 κόρη
1944 4806 2028 4852 τε,

513 4853 745 4924 Θάμνός
774 4859 842 4922 τ’,
871 4853 1076 4923 σίων-ὅς
1095 4853 1178 4922 τὲ,
1201 4853 1298 4912 καὶ
1333 4853 1401 4922 ἐξ
1433 4853 1582 4924 ἁλός
1612 4853 1876 4926 ἔμπυρος*
1905 4853 2090 4928 ἰχθύς.

515 4941 686 5020 11am,
717 4947 948 5013 memini,
973 4949 1193 5020 fuerant
1225 4953 1491 5020 quondam
1520 4967 1670 5019 puer,
1707 4962 1862 5018 atque
1890 4951 2087 5017 puella,

519 5011 843 5083 Planlaque,
875 5011 941 5070 eti
962 5011 1160 5086 ignitus
1193 5011 1347 5088 piscis
1369 5061 1384 5086 ,
1419 5011 1706 5090 pernixque
1739 5011 1988 5074 volucris.

1643 5091 1911 5148 Sreaceu.

569 5177 877 5264 .(65)7Tres’
907 5179 1196 5264 Anglicani
1253 5189 1307 5234 et
1356 5180 1639 5247 Jolianus,
1697 5182 1758 5234 οὐ
1806 5181 2090 5252 δεδεῆσθαι

515 5249 773 5320 σώματος
815 5248 972 5320 μόνον
991 5248 1010 5312 ,⁷
1053 5248 1147 5312 ὡς.

587 5318 702 5391 (66)
746 5319 967 5391 Regius
1017 5329 1070 5373 et
1147 5320 1511 5386 Basilecnsis,
1587 5321 2086 5391 ἀντιλαμϐάνουσαι

513 5385 683 5464 Paulo
732 5399 896 5464 post;
938 5389 1200 5464 ἄγευστος
1341 5385 1504 5464 ψυχὴν
1543 5385 1817 5464 διαμεῖναι
1864 5392 2086 5464 δυνηθῇ.

527 5455 590 5509 Ἡ
621 5457 764 5527 ψυχή
795 5455 1009 5531 videtur
1035 5459 1229 5515 Guieto
1261 5455 1521 5516 inutiliter
1543 5455 1831 5531 repetitum
1873 5472 1928 5518 et
1976 5455 2088 5518 ine-

515 5541 634 5580 rum
658 5526 778 5581 esse
815 5526 1106 5594 glossema.

587 5597 699 5666 (67)
741 5597 1056 5670 Zwrzgﬁpov.
1085 5599 1381 5670 Eusebius,
1419 5600 1513 5655 lib.
1545 5616 1596 5653 vr
1624 5639 1639 5664 ,
1666 5615 1786 5670 cap.
1814 5601 1867 5666 9,
1904 5600 2081 5670 I’rwp.

514 5665 694 5736 eranq.
729 5681 794 5722 ex
825 5665 976 5721 Alex.
1016 5667 1257 5740 Aphrod.
1310 5669 1472 5738 Tull.,
1523 5671 1616 5726 lib.
1676 5665 1748 5724 ιγ’
1793 5665 1946 5725 Tusc.
1979 5665 2082 5735 Qu.

2205 4485 2332 4554 l'ecit
2359 4485 2706 4554 paedagogum
2745 4486 2836 4552 qui
2869 4483 3168 4554 priesenio
3199 4483 3438 4536 omnium
3476 4491 3553 4534 est
3590 4480 3766 4554 inuti-

2203 4553 2444 4609 lissimus
2470 4592 2484 4616 ,
2523 4553 2806 4623 ’Zopyrum
2863 4553 3113 4606 videlicet
3169 4554 3464 4608 Thracem.
3495 4570 3512 4602 ι
3585 4553 3648 4605 Et
3691 4565 3764 4603 ex

2199 4623 2494 4678 Plutarcho
2529 4627 2582 4677 in
2611 4623 2872 4692 Lycurgo.
2914 4624 3178 4677 Srmvcsu.

2295 4692 2382 4763 68)
2453 4691 2670 4758 Λόξουζ
2725 4693 2973 4758 Albert.,
3025 4694 3117 4748 lib.
3173 4709 3191 4746 1
3271 4693 3345 4746 De
3399 4691 3702 4746 animalibus
3741 4705 3766 4742 :

2207 4781 2224 4814 ι
2251 4763 2323 4818 Ut
2351 4772 2532 4818 autem
2570 4763 2761 4817 melius
2804 4765 3045 4818 sciantur
3084 4778 3146 4816 ea
3199 4778 3320 4830 quae
3347 4763 3568 4816 dicenda
3600 4770 3716 4813 sunt
3743 4801 3762 4823 ,

2201 4847 2468 4903 ponemus
2502 4833 2834 4902 singulorum
2877 4833 3246 4886 membrorum
3275 4847 3373 4903 per
3405 4847 3462 4887 se
3497 4832 3764 4903 signiﬁca-

2197 4900 2406 4968 tiones;
2442 4900 2732 4973 sequentes
2755 4910 3005 4957 auctores
3031 4917 3255 4973 rnaguos
3280 4900 3764 4973 hujusmodiartis,

2196 4971 2541 5028 Aristotelem
2577 4971 2828 5027 videlicet
2863 4971 3298 5033 etAvicennam,
3327 4971 3764 5032 Constantinum,

2197 5051 2252 5096 et
2277 5043 2485 5112 ipsum,
2538 5057 2696 5112 quem
2731 5043 3076 5112 commendat
3115 5041 3459 5112 Aristoteles,
3489 5039 3764 5092 Philemo-

2196 5111 2318 5165 nem
2339 5151 2354 5176 ,
2375 5111 2579 5164 Loxum
2602 5125 2838 5180 quoque,
2859 5122 2914 5166 et
2943 5111 3299 5166 Palannoncm
3318 5111 3718 5180 declamatorem
3741 5123 3760 5170 ;

2194 5182 2283 5248 qui
2339 5181 2404 5235 de
2434 5177 2922 5252 physiognomOnia
2955 5181 3489 5252 perfectius_caeteris
3519 5177 3762 5230 tradide-

2193 5260 2338 5319 runt.
2377 5270 2396 5302 ι
2433 5249 2564 5304 item
2595 5249 2686 5304 lib.
2719 5266 2774 5315 ι,
2813 5261 2971 5308 tract.
3001 5249 3066 5313 2,
3097 5265 3219 5319 cap.
3249 5249 3304 5302 2.
3363 5249 3613 5319 Spsscen.

2263 5318 2374 5390 (69)
2427 5319 2798 5388 Πολέμωνος.
2855 5317 3204 5374 Atheniensis
3253 5329 3404 5382 erat,
3468 5327 3516 5370 et
3561 5317 3756 5390 librum

2191 5384 2408 5458 scripsit
2437 5392 2514 5444 De
2562 5384 2988 5454 interpretatione
3026 5391 3302 5457 signorum
3335 5399 3554 5443 natum.
3587 5384 3754 5437 Eum-

2188 5460 2309 5514 dem
2370 5459 2620 5515 Nicolaus
2691 5459 2941 5514 Petreius
3008 5459 3308 5512 Latinitate
3365 5459 3605 5518 donum,
3681 5462 3756 5505 et

2190 5528 2482 5598 Gryphius,
2517 5544 2658 5584 anno
2681 5530 2835 5584 Dom.
2861 5529 3020 5595 i552,
3055 5530 3298 5584 Venetiis
3325 5527 3558 5582 excudit.
3581 5525 3747 5578 Gesn.

2189 5599 2242 5653 in
2279 5599 2530 5654 Bibliolh.
2573 5599 2834 5654 Srescsn.

2259 5668 2370 5740 (70)
2425 5669 2594 5726 Codd.
2633 5669 2832 5742 Regius
2859 5678 2912 5725 et
2935 5668 3286 5737 Basilecnsis,
3317 5667 3425 5720 ἀπὸ
3447 5661 3752 5732 Πάνθηρος.
