3962 6414
451 179 556 240 ’127
617 214 620 218 ι

1904 173 2241 238 ORIGENIS.

3625 178 3734 237 728

447 307 707 378 deinceps
733 321 752 360 ι
788 323 810 357 ι
847 302 943 362 Sin
974 311 1154 362 autem
1187 296 1242 360 in
1277 313 1410 377 agro
1458 305 1719 376 repererit
1748 303 1834 360 vir
1866 304 2034 375 puel—

2145 320 2192 358 τι
2236 303 2336 358 οὐκ
2371 299 2595 376 ἐϐόησεν
2630 304 2691 358 ὲν
2720 303 2786 376 τῇ
2819 301 3004 356 πόλει·
3043 297 3138 358 καὶ
3167 299 3260 356 τδν
3285 299 3603 374 ἄνθρωπον.
3643 299 3737 355 ἐπὶ

445 397 578 464 lam,
593 413 715 469 qua:
738 399 1062 468 desponsata
1083 405 1185 462 est,
1204 405 1257 452 et
1283 397 1693 467 apprehendens
1717 399 2028 452 concubue-

448 492 522 546 rit
552 507 674 547 cum
703 505 792 554 ea,
831 491 946 560 ipse
979 489 1243 544 morietur
1269 487 1438 554 solus,
1473 488 1649 554 puella
1682 488 1816 542 nihil
1848 487 2024 557 patie-

450 589 560 646 tur,
597 595 696 636 nec
723 588 808 636 est
843 595 934 635 rea
965 578 1156 633 mortis
1178 577 1243 630 9'.
1292 596 1311 629 ι

2139 393 2298 465 λόγου
2321 435 2336 462 ,
2398 395 2531 450 διότι
2586 395 2922 451 ἐταπείνωσε
2965 395 3065 465 τὴν
3099 396 3332 464 γυναῖκα
3371 395 3472 449 τοῦ
3503 393 3738 466 πλησίον

2133 487 2321 541 αὑτοῦ.
2352 507 2369 538 ι
2401 487 2512 540 Καὶ
2538 487 2664 558 ἑξῆς
2691 505 2705 517 ·
2738 507 2756 539 ι
2800 485 2926 540 Ἐὰν
2941 488 3064 542 δὲὲν
3084 487 3254 559 πεδίῳ
3275 487 3412 560 εὕρῃ
3443 485 3738 560 ἄνθρωπος

2130 577 2232 650 τὴν
2265 581 2428 634 παῖδα
2463 579 2575 652 (74)
2607 580 2706 652 τήν
2733 578 3236 651 μεμνηστευμένην,
3270 582 3366 632 κα)⁸
3401 578 3738 650 βιασάμενος

445 673 620 746 αὐτὴν
652 675 680 729 6
704 674 990 746 ἄνθρωπος
1019 671 1257 745 κοιμηθῇ
1315 675 1432 744 μετ’
1489 673 1677 744 αὐτῆς,
1713 674 2062 726 ἀποκτενεῖτε
2095 673 2188 726 τὸν
2221 673 2506 747 ἄνθρωπον
2537 675 2630 729 τὸν
2664 675 3002 747 κοιμώμενον
3041 675 3159 746 μετ’
3201 675 3372 747 αὐτῆς
3409 677 3606 746 μόνον·
3642 671 3738 727 καὶ

445 773 514 842 τῇ
547 770 746 825 νεάνιδι
776 770 836 822 οὐ
873 770 1129 842 ποιήσετε
1155 769 1310 822 οὐδέν
1330 785 1342 798 °
1376 767 1478 822 οὐκ
1505 769 1622 822 ἔστι
1656 773 1720 840 τῇ
1751 769 1950 822 νεάνιδι
1984 769 2566 840 ἁμάρτημαθανάτου.
2610 792 2628 824 ι

519 862 608 920 55.
643 863 713 917 At
751 877 818 918 ne
843 862 1128 918 videamur
1157 861 1480 917 Hebraicam
1519 861 1777 916 adbibere
1820 879 2029 928 vocem,

447 967 505 1011 ut
536 956 625 1022 iis,
652 956 742 1026 qui
769 971 836 1010 an
878 954 1004 1010 huic
1028 957 1430 1010 assentiendum
1451 957 1730 1021 sitnccue,
1763 957 2026 1022 nescinn',

445 1049 874 1120 persuadeamus
926 1061 996 1102 ex
1044 1048 1259 1118 virgine
1312 1055 1520 1111 ortum,
1571 1047 1638 1100 de
1667 1047 1821 1117 cujus
1869 1061 2032 1114 gene-

447 1139 658 1196 ratione
684 1139 888 1194 dictum
914 1148 1018 1206 est,
1052 1159 1071 1191 ι
1109 1139 1398 1195 Nobiscum
1435 1139 1574 1194 Deus
1603 1157 1616 1192 :
1654 1159 1672 1192 ι
1695 1154 1724 1192 a
1752 1139 2032 1208 prophetis

445 1231 618 1288 fuisse
651 1231 1058 1302 pronuntiatum
1088 1247 1104 1297 ;
1145 1247 1246 1302 age
1277 1248 1342 1285 cx
1397 1231 1644 1300 ipsismct
1676 1231 1854 1283 verbis
1885 1231 2029 1300 quod

447 1322 648 1376 dicitur
729 1329 1061 1376 astruamus.
1134 1321 1402 1376 Narratur
1485 1321 1747 1376 Dominus
1828 1321 2032 1376 dixisse

447 1413 670 1468 Achaz:
710 1433 730 1465 ι
769 1413 899 1468 Pete
947 1413 1043 1468 tibi
1093 1413 1306 1483 signum
1366 1427 1394 1465 a
1437 1412 1663 1467 Domino
1709 1411 1818 1467 Deo
1856 1422 1948 1466 tuo
1977 1414 2028 1466 in

449 1501 778 1572 profundum
827 1503 944 1559 sive
996 1503 1048 1557 in
1101 1501 1395 1558 excelsum.
1443 1520 1462 1552 ι
1501 1501 1760 1571 Sequitur
1813 1502 2026 1571 signum

447 1593 636 1646 datum
661 1632 680 1661 ,
729 1607 923 1662 nempe
967 1606 982 1645 :
1019 1610 1040 1642 ι
1076 1590 1220 1646 Ecce
1249 1590 1405 1660 virgo
1450 1589 1720 1660 concipiet
1759 1597 1812 1642 et
1856 1589 2032 1657 pariet

2211 861 2330 914 Ἵνα
2369 863 2424 916 δὲ
2467 863 2541 936 μὴ
2590 862 2836 934 δοκῶμεν
2877 863 2986 917 ἀπὸ
3031 860 3231 928 λέξεως
3275 860 3578 936 Ἔϐραῖκῆς
3622 865 3736 928 τοῖς

2141 953 2215 1028 μὴ
2237 957 2346 1030 (75)
2371 956 2846 1030 καταλαμϐάνουσι
2869 958 3095 1028 πότερον
3129 957 3567 1026 συγκαταθετέον
3591 960 3732 1030 αὐτῇ

2137 1047 2172 1118 ἢ
2211 1047 2305 1120 μὴ,
2339 1048 2524 1120 φέρειν
2556 1048 2908 1121 παραμυθίαν
2937 1047 3064 1120 περὶ
3095 1047 3213 1114 τοῦ,
3247 1050 3540 1120 προφήτην
3583 1051 3733 1120 sipu-

2140 1139 2296 1194 κέναι
2345 1141 2408 1193 ὲκ
2457 1139 2729 1212 παρθένου
2783 1141 3144 1212 τεχθήσεσθαι
3196 1140 3407 1206 τοῦτον,
3439 1143 3528 1211 ἐφ’
3577 1136 3638 1196 οῦ
3663 1144 3731 1212 τῇ

2138 1228 2347 1295 γενέσει
2375 1229 2622 1284 λέλεκται
2645 1229 2725 1294 τὸ,
2765 1249 2783 1281 ι
2819 1229 2952 1285 Μεθ’
2984 1229 3140 1301 ήμῶν
3167 1231 3196 1283 6
3222 1231 3374 1296 Θεὸς
3412 1251 3432 1283 ι
3459 1231 3617 1302 φέρε,
3643 1233 3734 1286 ἐπ’

2137 1319 2309 1390 αὐτῆς
2349 1319 2460 1392 (76)
2491 1322 2590 1392 τῆς
2617 1321 2817 1388 λέξεως
2841 1320 3372 1393 παραμυθησώμεθα
3413 1321 3475 1376 τὸ
3499 1323 3733 1394 λεγόμε-

2137 1428 2245 1466 νον.
2309 1413 2368 1464 Ὃ
2437 1414 2533 1484 μὲν
2587 1413 2793 1486 Κύριος
2854 1414 3268 1488 ἀναγέγραπται
3317 1415 3606 1488 εἰρηκέναι
3655 1415 3735 1486 τῷ

2149 1503 2346 1574 Ἀχάζρ
2387 1524 2406 1556 ι
2439 1505 2670 1578 Αἴτησαι
2701 1505 2910 1578 σεαυτῴ
2941 1510 3166 1579 σημεῖον
3211 1507 3363 1580 παρᾶ
3397 1507 3610 1578 Κυρίου
3635 1507 3732 1560 τοῦ

2137 1595 2274 1648 Θεοῦ
2303 1613 2393 1649 σου
2418 1598 2496 1660 εἰς
2527 1597 2692 1667 βάθος
2723 1597 2756 1669 ἢ
2783 1601 2863 1666 εἰς
2893 1597 3044 1668 ὕψος.
3061 1619 3077 1650 ι
3101 1599 3256 1670 Ἑξῆς
3281 1599 3339 1652 δὲ
3363 1599 3426 1652 τὸ
3453 1599 3734 1670 διδόμενον

451 1687 644 1740 tilium.
687 1703 707 1738 ι
742 1685 962 1755 Ecquod
989 1692 1171 1738 autem
1201 1683 1410 1752 signum
1448 1690 1531 1736 est
1569 1694 1766 1750 parere
1795 1679 2025 1750 puellam

2145 1687 2383 1757 σημεῖον,
2415 1686 2496 1752 τὸ,
2529 1705 2550 1738 ι
2595 1688 2724 1741 Ἰδοὺ
2752 1691 2784 1760 ή
2821 1688 3084 1760 παρθένος
3113 1692 3170 1743 ὲν
3201 1690 3401 1760 γαστρὶ
3435 1687 3550 1754 ἕξει
3571 1728 3586 1754 ,
3635 1690 3734 1743 καὶ

451 1789 562 1828 non
593 1775 910 1843 virginem?
959 1773 1022 1828 Et
1061 1773 1167 1826 utri
1215 1771 1428 1826 mulieri
1459 1771 1630 1838 magis
1656 1769 1910 1824 convenit
1937 1783 2031 1839 ge-

451 1867 640 1922 nuisse
669 1865 988 1920 Emmanuel
1019 1873 1112 1919 aut.
1135 1863 1426 1920 Nobiscum
1456 1863 1654 1927 Deum,
1683 1862 1730 1916 ei
1750 1903 1763 1926 ,
1795 1877 1913 1932 qum
1951 1862 2032 1916 vi-

453 1971 574 2014 rum
607 1968 830 2026 experta
857 1959 1016 2014 solito
1049 1959 1372 2012 feminarum
1401 1971 1550 2010 more
1579 1956 1894 2023 conceperit
1919 1973 1932 2021 ;
1961 1971 2027 2008 an

451 2050 555 2114 illi,
585 2065 704 2119 qum
725 2065 860 2120 pura
891 2059 946 2104 et
973 2050 1175 2105 intacta
1203 2050 1355 2119 virgo
1381 2051 1628 2119 concepit
1653 2051 1674 2103 ?
1699 2048 1856 2104 Certe
1890 2051 2032 2103 hanc

453 2143 627 2213 magis
652 2145 806 2198 decet
831 2155 1092 2212 generare
1120 2142 1324 2212 prolem
1382 2143 1449 2196 de
1483 2157 1586 2210 qua
1621 2149 1746 2196 nata
1785 2143 2028 2196 dicatur:

451 2254 480 2287 τ
518 2231 810 2290 Nobiscum
840 2235 1003 2290 Deus.
1043 2251 1061 2286 ι
1099 2231 1154 2287 Si
1189 2234 1309 2303 quis
1338 2234 1623 2289 cavilletnr
1671 2234 1875 2288 dictum
1909 2249 2031 2289 esse

453 2329 639 2385 Achaz
669 2350 680 2384 :
709 2346 730 2380 ι
768 2326 896 2382 Pete
947 2326 1044 2380 tibi
1092 2325 1304 2395 signum
1357 2341 1384 2378 a
1432 2325 1658 2379 Domino
1690 2326 1797 2381 Deo
1823 2333 1916 2380 tuo
1955 2345 1970 2394 ;
2006 2345 2024 2379 ι

451 2421 914 2491 interrogabimus
966 2421 1088 2491 quis
1141 2419 1478 2489 temporibus
1531 2419 1718 2475 Acbaz
1781 2419 2032 2490 genuerit

451 2513 661 2583 prolem
709 2512 777 2569 de
822 2527 928 2583 qua
982 2520 1108 2568 nata
1153 2513 1356 2566 dictum
1398 2513 1508 2578 sit,
1547 2529 1565 2563 ι
1625 2511 1968 2576 Emmanuel,
2007 2532 2026 2566 ι

451 2605 598 2675 quod
624 2614 728 2671 est,
768 2623 786 2658 ι
824 2604 1120 2661 Nobiscum
1157 2604 1318 2659 Deus.
1358 2622 1376 2656 ι
1413 2603 1567 2670 Quod
1599 2603 1644 2659 si
1671 2604 1848 2658 nullus
1882 2605 2032 2659 inve-

451 2700 658 2762 niatur,
687 2696 1031 2752 manifestum
1069 2706 1154 2752 est
1183 2697 1232 2752 id
1265 2695 1410 2765 quod
1452 2696 1654 2750 dictum
1699 2695 1800 2749 fuit
1825 2697 2030 2764 Achaz,

451 2791 636 2846 domui
665 2791 832 2846 David
864 2791 1066 2846 dictum
1099 2789 1270 2844 fuisse
1297 2805 1312 2856 ;
1343 2788 1469 2854 quia
1499 2787 1800 2858 Scriptura:
1827 2795 2033 2844 testan-

452 2891 542 2935 tur
575 2881 912 2937 Salvatorem
961 2879 1259 2936 secundum
1309 2893 1530 2934 carnem
1569 2889 1634 2933 es
1675 2877 1894 2932 Davidis
1947 2893 2035 2932 sc-

451 2977 600 3031 inine
629 2988 812 3032 natum
834 2991 955 3032 esse
977 2977 1044 3030 ³⁸.
1071 2976 1298 3044 Signum
1329 2983 1510 3028 autem
1541 2973 1743 3026 dicitur
1775 2990 1797 3024 ι
1831 2971 1884 3026 in
1911 2985 2036 3040 pro-

452 3067 680 3123 fundum
736 3079 829 3124 aut
877 3070 931 3124 in
982 3067 1256 3123 excelsum
1309 3087 1330 3120 ι
1367 3082 1487 3122 esse
1543 3066 1872 3138 petendum,
1909 3047 2105 3137 [πο-(οἶ

451 3171 644 3231 ptcrca
678 3163 820 3231 quml
853 3180 872 3214 ι
906 3164 1000 3231 qui
1031 3161 1308 3217 descendit
1334 3199 1350 3225 ,
1379 3159 1495 3230 ipse
1520 3171 1602 3215 est
1639 3170 1692 3214 et
1717 3160 1810 3230 qui
1841 3175 2034 3214 ascen-

455 3253 540 3304 dit
589 3267 752 3322 super
799 3269 988 3308 omnes
1044 3253 1211 3308 caelos
1240 3291 1256 3320 ,
1301 3260 1362 3306 ut
1415 3252 1664 3321 impleret
1700 3251 1880 3306 omnia
1905 3251 1973 3307 ⁸³.
2012 3271 2030 3304 ι

455 3345 633 3412 Atque
661 3344 774 3398 hinc
823 3346 942 3400 dico
976 3345 1129 3413 quasi
1163 3359 1276 3400 rem
1321 3345 1530 3400 habens
1570 3359 1691 3399 cum
1722 3343 1912 3399 Judmo
1944 3343 2035 3415 qui

455 3436 756 3506 prophetia:
805 3438 1050 3506 adjungit
1097 3437 1279 3492 fidem.
1326 3437 1482 3492 Dicat
1526 3450 1657 3492 vero
1706 3435 1896 3491 Celsus
1947 3443 2039 3490 aut

457 3527 656 3594 aliquis
702 3529 820 3596 ejus
862 3529 1151 3596 sodalimn,
1183 3545 1290 3600 qua
1325 3539 1506 3584 mente
1536 3529 1798 3598 propheta
1834 3530 1899 3583 de
1947 3529 2033 3581 l'u-

459 3621 599 3676 turis
643 3621 756 3677 lucc
805 3622 978 3677 aliave
1033 3623 1085 3677 in
1135 3622 1437 3692 prephetiis
1493 3621 1690 3691 scripta
1751 3620 2037 3689 praedicat,

457 3727 776 3784 przesagane
801 3713 1106 3768 futurorum
1138 3727 1318 3766 annon
1344 3711 1367 3766 ?
1390 3710 1525 3766 Nam
1553 3712 1596 3766 si
1627 3713 1853 3781 przescia
1889 3712 2038 3766 fetu.

462 3821 674 3870 rerum,
719 3807 965 3862 divinum
1007 3804 1274 3876 Spiritum
1305 3802 1578 3858 habebant
1602 3805 1918 3874 prophetat:
1955 3806 2037 3859 sin

460 3897 770 3956 futurorum
800 3899 1012 3969 ignara,
1053 3897 1287 3968 explicet
1325 3896 1599 3966 quodnam
1635 3898 1834 3952 mentis
1869 3912 2040 3965 genus

459 3989 682 4056 habeat,
719 3991 810 4058 qui
838 3999 945 4044 tam
973 3991 1231 4044 audacter
1269 3987 1335 4040 de
1365 3986 1566 4041 futuris
1597 3989 1758 4042 rebus
1786 4004 2037 4058 pronun-

459 4079 582 4146 tiat,
611 4088 666 4134 ct
698 4063 790 4150 qui
825 4079 1130 4150 prophetiis
1171 4080 1225 4134 in
1263 4079 1349 4134 sui
1381 4076 1799 4131 admirationem
1828 4073 2042 4130 Iudaeos

461 4172 627 4242 rapit.

528 4353 622 4408 56.
669 4354 937 4422 Quoniam
984 4365 1115 4410 Vero
1170 4355 1224 4409 in
1268 4354 1655 4425 pmphctarum
1708 4350 2040 4406 mentionem

461 4444 772 4516 incidimus,
821 4461 923 4500 non
969 4446 1172 4502 Judzeis
1235 4455 1482 4509 tantum,
1534 4443 1626 4512 qui
1673 4443 1902 4497 credunt
1949 4458 2043 4495 eos

457 4533 646 4590 divino
678 4535 882 4607 Spiritu
917 4538 1128 4592 locutos
1159 4534 1348 4600 fuisse,
1381 4535 1530 4588 utilia
1563 4531 1728 4604 354
1743 4541 1904 4586 erunt.
1925 4546 2044 4600 qua:

459 4627 698 4684 addituri
746 4643 958 4692 sumus.
1004 4631 1100 4685 sed
1146 4630 1309 4684 etiam
1364 4629 1450 4690 iis,
1487 4629 1578 4696 qui
1632 4627 1770 4678 inter
1819 4623 2042 4678 Graecos

459 4724 600 4794 atqui
634 4723 858 4780 fuerint.
911 4723 1006 4778 llis
1057 4737 1189 4794 ergo
1221 4722 1455 4777 dicimus
1494 4720 1893 4774 admittemlun‘i
1923 4731 2044 4772 esse

462 4817 792 4880 necessario,
819 4817 960 4886 apud
981 4815 1192 4870 .ludmos
1225 4816 1392 4871 fuisse
1421 4814 1710 4886 prophetas
1735 4831 1746 4867 :
1772 4811 2042 4879 Siquidem

463 4905 522 4964 in
555 4910 696 4964 datis
728 4909 830 4964 sibi
879 4909 1089 4980 legibus
1138 4909 1440 4976 contineri,
1490 4907 1716 4960 credere
1763 4904 2042 4958 Conditori

465 5001 922 5071 quemadmodum
953 5012 1292 5070 acceperant,
1325 5018 1426 5057 nec
1477 5017 1506 5055 a
1539 5000 1655 5070 lege
1700 4999 2043 5052 occasionem

537 5116 580 5147 ⁹¹
613 5115 918 5176 Deutxxv,
935 5113 1025 5168 ‘26.

541 5229 654 5302 (74)
687 5231 1024 5288 Ιίωεοιιοιίιιε
1053 5234 1104 5287 in
1147 5243 1292 5287 textu
1336 5235 1501 5288 habet
1523 5274 1538 5299 ,
1573 5235 1810 5302 γυναῖκα
1835 5272 1852 5296 ,
1889 5248 2048 5301 quam

469 5299 760 5372 lectionem
793 5303 1098 5371 Speucerus
1145 5303 1335 5372 rejccit
1378 5307 1442 5358 ad
1471 5299 1796 5370 marginem.
1825 5299 2049 5366 Ibidem,

468 5373 566 5446 καὶ
595 5371 923 5446 βιασάμενος
951 5374 1120 5444 αὐτὴν
1146 5377 1174 5426 ὁ
1203 5371 1489 5446 ἅνθρωπος
1510 5373 1770 5444 κοιμηθῇ,
1807 5373 1862 5428 ltt
1890 5374 2048 5428 codd.

475 5441 652 5524 “esi?
683 5441 1329 5524 θεβειξηθςιιξίἐιυοειιέ
1361 5441 1666 5524 ἀνθρωπάςτ

545 5515 654 5582 (τὸ)
737 5514 870 5567 Ἀπὸ
935 5513 1158 5580 ,λέξεως
1222 5511 1538 5582 Ἐίῇπιῖκῆς
1591 5513 1715 5580 τοῖς
1767 5511 1890 5582 μή,
1941 5521 2049 5565 elc.

469 5581 602 5656 Post
641 5581 1178 5656 voccnr'Eiipaixﬁg
1237 5581 1434 5641 Guieto
1490 5581 1790 5640 desiderari
1841 5584 2054 5638 videtur

471 5654 568 5726 τῆς
591 5653 944 5726 προφητείας.

2135 1777 2345 1842 τέξεται
2403 1779 2534 1832 υἱόν.
2591 1799 2609 1830 ι
2659 1780 2820 1832 Ποῖον
2859 1777 2950 1834 οῦν
3001 1784 3228 1852 σημεῖον
3266 1780 3328 1834 τὸ
3380 1780 3604 1834 νεάνιδα
3655 1781 3730 1854 μὴ

2137 1870 2402 1942 παρθένον
2429 1875 2608 1925 τεκεῖν
2634 1888 2648 1936 ;
2679 1873 2786 1925 Καὶ
2823 1873 2928 1926 τίνι
2975 1873 3172 1944 μᾶλλον
3201 1871 3432 1944 ἁρμόζει
3465 1873 3730 1945 γεννῆσαι

2149 1964 2518 2037 Ἐμμανουήλ,
2552 1966 2817 2030 τουτέστι,
2857 1967 2989 2020 Μεθ’
3038 1969 3070 2037 ἡ
3081 1966 3194 2037 μῶν
3219 1969 3248 2020 6
3278 1966 3447 2031 Θεόςο
3479 1963 3594 2040 ἆρα
3635 1987 3732 2037 γυ-

2138 2060 2286 2112 ναικὶ
2340 2058 2822 2130 συνουσιασθεὶσῃ,
2875 2059 2971 2114 καὶ
3025 2059 3114 2113 διὰ
3157 2059 3367 2124 πάθους
3409 2062 3727 2130 γυναικείου

2137 2150 2496 2223 συλλαϐούσῃ,
2530 2151 2561 2222 ἢ
2599 2151 2679 2204 ἔτι
2713 2151 2928 2222 καθαρᾷ
2970 2150 3066 2205 καὶ
3103 2152 3238 2224 ἁγνῇ
3278 2151 3540 2224 παρθένῳ
3573 2153 3726 2223 (77);

2085 2261 2088 2264 ’
2137 2245 2310 2320 ταύτῃ
2347 2244 2455 2316 γὰρ
2483 2245 2680 2315 πρέπει
2707 2246 2901 2316 γεννᾷν
2947 2245 3211 2316 γέννημα,
3265 2246 3354 2314 ἐφ’
3396 2237 3443 2312 ᾧ
3481 2245 3728 2315 τεχθέντι

2133 2335 2348 2404 λέγεται
2371 2335 2452 2398 τὸ,
2482 2333 2617 2388 Μεθ’
2646 2335 2805 2405 ἡμῶν
2833 2338 2862 2388 6
2891 2335 3040 2398 Θεὸς.
3085 2335 3210 2388 Ἐὰν
3235 2333 3292 2387 δὲ
3324 2335 3422 2387 κα)⁵
3451 2334 3626 2398 οὕτως
3648 2335 3730 2386 εὖ·

2137 2429 2390 2500 ρεσιλογῇ
2421 2427 2623 2495 λέγων,
2675 2428 2758 2480 ὅτι
2801 2425 2880 2496 τῷ
2940 2422 3106 2495 ’Λχὰζ
3141 2423 3388 2496 εἴρηται,
3445 2443 3464 2476 ι
3497 2425 3728 2495 Αἴτησαι

2137 2518 2385 2585 σεαυτῷ
2408 2523 2630 2590 σημεῖον
2657 2518 2805 2589 παρὰ
2832 2517 3036 2588 Κυρίου
3068 2515 3160 2568 τοῦ
3187 2515 3321 2568 Θεοῦ
3344 2532 3439 2568 σου
3463 2533 3478 2546 ·
3519 2534 3540 2568 ι
3561 2517 3724 2569 ἀπαι-

2133 2617 2390 2686 τήσομεν,
2426 2610 2568 2666 κατὰ
2610 2611 2736 2675 τοὺς
2784 2611 3010 2682 χρόνους
3046 2606 3140 2662 τοῦ
3185 2606 3352 2678 Ἀχὰζ
3377 2607 3466 2671 τίς
3503 2609 3725 2678 ἐγέννη·

2139 2723 2229 2759 σεν
2253 2703 2386 2774 (78),
2412 2703 2498 2774 ἐφ’
2523 2697 2582 2757 οὗ
2603 2705 2669 2774 τῇ
2695 2699 3140 2770 γενέσειλέγεται
3166 2697 3226 2751 τὸ
3255 2717 3272 2750 ι
3306 2697 3674 2770 Ἐμμανουήλ,
3701 2717 3722 2750 ι

2134 2797 2162 2849 ὃ
2194 2798 2330 2860 ἐστι,
2371 2813 2390 2846 ι
2431 2793 2564 2848 Μεθ’
2597 2794 2753 2865 ἡμῶν
2785 2795 2814 2846 6
2845 2793 3012 2860 856;;
3057 2812 3074 2844 ι
3105 2793 3168 2846 Εἰ
3219 2791 3330 2864 γὰρ
3365 2790 3545 2854 οὐδεὶς
3575 2790 3726 2862 εὕρεο

2135 2887 2380 2960 θήσεται,
2427 2886 2670 2957 δηλονότι
2703 2885 2763 2939 τὸ
2812 2885 2890 2958 τῷ
2931 2885 3098 2958 ’Δχὰζ
3148 2885 3443 2958 εἰρημένον
3476 2883 3557 2952 τῷ
3595 2883 3727 2953 οἴκῳ

2136 2978 2352 3052 εἴρηται
2393 2977 2576 3040 Δαυὶδ,
2613 2977 2702 3032 διὰ
2743 2978 2804 3032 τὸ
2857 2981 2921 3032 ἐκ
2973 2979 3287 3052 σπέρματος
3334 2977 3504 3029 Δαυὶδ
3537 2976 3730 3043 ἀναγε-

2138 3069 2380 3142 γράφθαι
2409 3070 2499 3124 τὸν
2521 3069 2674 3139 Σωτῆ
2685 3087 2752 3142 ρα
2775 3070 3056 3138 γεγονέναι
3087 3069 3148 3122 τὸ
3170 3067 3316 3123 κατὰ
3339 3067 3542 3139 σάρκα.
3571 3065 3726 3119 Ἀλλὰ

2137 3164 2231 3216 καὶ
2263 3163 2323 3216 τὸ
2357 3164 2580 3233 σημεῖον
2607 3160 2766 3214 τοῦτο
2802 3179 2820 3212 ι
2843 3162 2922 3225 είς
2949 3160 3109 3232 βάθος
3134 3161 3166 3232 ἢ
3197 3162 3278 3224 είς
3308 3159 3443 3228 ὕψος
3465 3178 3484 3210 ι
3512 3157 3726 3226 λέγεται

2137 3251 2296 3320 εἶναι,
2324 3253 2447 3307 ἐπεὶ
2477 3273 2495 3305 ι
2519 3255 2546 3308 6
2568 3251 2834 3316 καταϐὰς,
2859 3246 3013 3316 οὗτος
3041 3246 3309 3306 ἐστικαΣὸ
3341 3249 3550 3313 ἀναϐὰς
3571 3247 3728 3321 ὕπερ-

2138 3349 2250 3402 άνω
2304 3347 2519 3400 πάντων
2569 3344 2677 3399 τῶν
2702 3344 2968 3416 οὐρανῶν,
2987 3344 3077 3399 ἵνα
3103 3341 3368 3416 πληρώσῃ
3387 3341 3458 3395 τὰ
3479 3342 3670 3396 πάντα.
3701 3359 3720 3391 ι

2139 3439 2322 3495 Ταῦτα
2347 3441 2402 3494 δὲ
2429 3439 2593 3508 λέγω,
2623 3439 2699 3503 ὡς
2731 3438 2869 3512 πρὸς
2893 3437 2985 3491 τὸν
3021 3437 3272 3490 Ἰουδαῖον
3335 3433 3725 3504 συγκατατιθέ-

2145 3549 2305 3604 μενον
2339 3533 2403 3602 τῇ
2434 3530 2758 3603 προφητείᾳ.
2787 3528 3007 3598 Λεγέτω
3028 3528 3086 3582 δὲ
3107 3527 3202 3582 καὶ
3233 3525 3440 3589 Κέλσος
3465 3527 3499 3596 ﬁ
3523 3543 3604 3589 τις
3621 3525 3728 3579 τῶν

2143 3619 2238 3671 σὺν
2291 3616 2461 3688 αὐτῷ,
2501 3617 2638 3687 ποίῳ
2681 3614 2757 3686 νῷ
2806 3617 2836 3668 ὁ
2884 3616 3167 3686 προφήτης
3201 3613 3330 3685 περὶ
3372 3611 3722 3683 μελλόντωνῆ

2139 3709 2311 3763 ταῦτα
2360 3710 2392 3781 ἢ
2439 3708 2602 3781 ἕτερα
2647 3707 2816 3776 λέγει,
2848 3706 3020 3760 ὁπόσα
3069 3705 3482 3776 ἀναγέγραπται
3525 3705 3581 3756 ἐν
3609 3705 3724 3765 ταῖς

2141 3802 2502 3874 προφητείαις
2536 3819 2550 3864 ;
2582 3795 2731 3871 Ἀρα
2777 3797 2886 3871 γὰρ
2916 3796 3310 3870 προγνωστικῷ
3343 3787 3660 3868 μελλόντων,
3688 3793 3720 3864 ἢ

2141 3891 2201 3945 οὗ
2231 3909 2246 3960 ;
2281 3895 2329 3946 εί
2367 3893 2466 3964 μὲν
2490 3892 2599 3964 γὰρ
2630 3888 3023 3962 προγνωστικίρ
3058 3888 3380 3959 μελλόντων,
3419 3887 3557 3940 θεῖον
3585 3881 3725 3955 εἶχον

2143 3984 2367 4056 Πνεῦμα
2393 3987 2441 4037 οἱ
2474 3982 2788 4058 προφῆται·
2825 3982 2872 4034 εί
2909 3980 2952 4032 δ’
2983 3980 3042 4032 οὐ
3078 3977 3472 4050 προγνωστικῷ
3509 3975 3723 4048 μελλόν-

2142 4095 2284 4142 των,
2319 4075 2725 4148 παραστησάτω
2775 4074 2868 4128 τὸν
2897 4071 3021 4124 νοῦν
3057 4069 3151 4123 τοῦ
3184 4068 3598 4139 ἀποτολμῶντος
3633 4065 3725 4119 καὶ

2144 4169 2392 4239 λέγοντος
2439 4168 2567 4240 περὶ
2619 4165 2948 4238 μελλόντων,
2985 4161 3078 4215 καὶ
3123 4159 3539 4233 θαυμαζομένου
3579 4157 3724 4228 παρὰ

2147 4264 2260 4325 τοῖς
2306 4259 2583 4322 Ἰουδαίοις
2623 4259 2716 4312 ἐπὶ
2741 4255 3063 4330 προφητείᾳ.

2231 4355 2383 4408 Ἐπεὶ
2410 4353 2463 4406 δὲ
2483 4351 2628 4417 ἅπαξ
2649 4353 2728 4415 είς
2758 4349 2848 4404 τὸν
2882 4349 3007 4419 περὶ
3033 4345 3142 4400 τῶν
3173 4343 3470 4418 προφητῶν
3501 4341 3724 4414 ἤλθομεν

2151 4449 2327 4518 λόγον,
2367 4444 2636 4508 Ἰουδαίοις
2667 4444 2786 4514 μὲν,
2814 4443 2926 4504 τοῖς
2950 4438 3262 4492 πιστεύουσι
3295 4437 3426 4508 θείῳ
3459 4435 3724 4506 Πνεῦματι

2153 4543 2348 4604 αὐτοὺς
2369 4537 2740 4608 λελαληκέναι,
2767 4535 2826 4588 οὐ
2863 4534 3019 4604 μόνον
3049 4530 3200 4583 ἔσται
3223 4532 3468 4601 χρήσιμα
3489 4529 3554 4582 τὰ
3587 4530 3725 4580 ἐποι-

2155 4632 2463 4703 σθησόμενα
2481 4671 2494 4694 ,
2531 4628 2668 4684 ἀλλὰ
2697 4628 2794 4682 καὶ
2821 4627 2931 4688 τοῖς
2965 4621 3365 4692 εὐγνωμονοῦσι
3390 4621 3446 4674 δὲ
3475 4621 3578 4674 τῶν
3615 4619 3726 4671 Ἐλ-

2155 4725 2329 4796 λήνων
2350 4741 2362 4754 ο
2393 4722 2530 4794 πρὸς
2569 4720 2662 4784 οὓς
2703 4719 2932 4790 ἐροῦμεν
2952 4757 2966 4782 ,
3001 4717 3083 4770 ὅτι
3112 4716 3408 4783 ἀναγκαῖον
3435 4711 3724 4784 παραδέξα-

2156 4819 2300 4880 σθαι,
2332 4819 2414 4870 ὅτι
2447 4816 2542 4869 καὶ
2587 4813 2828 4866 Ἰουδαῖοι
2857 4810 3140 4882 προφήτας
3165 4805 3310 4878 εἶχον
3335 4823 3349 4836 ·
3379 4807 3536 4875 εἴπερ
3569 4801 3720 4874 ἐμελ-

2154 4909 2243 4963 λον
2275 4908 2592 4980 συνέχεσθαι
2632 4909 2688 4960 ὲν
2737 4907 2804 4977 τῇ
2844 4902 3060 4974 δοθείσῃ
3104 4901 3286 4963 αὐτοῖς
3322 4896 3602 4969 νομοθεσίᾳ
3635 4893 3722 4946 καὶ

2154 5001 2427 5055 πιστεύειν
2469 5000 2545 5071 τῷ
2577 4994 2933 5070 Δημιουργῷ,
2979 4993 3228 5063 καθάπερ
3263 4991 3570 5062 εἰλήφεισαν
3591 5029 3605 5052 ,
3633 4985 3720 5038 καὶ

1104 5113 1150 5146 ¹¹²
1175 5114 1329 5172 Joan.
1359 5117 1456 5181 vri,
1478 5114 1570 5171 Η.
1645 5113 1694 5144 ⁹³
1730 5112 1930 5182 prcs.
1961 5127 2034 5178 tv,
2071 5112 2158 5168 10.

2231 5228 2345 5316 (76)
2379 5228 2524 5308 φέρε
2675 5223 2883 5292 αὐτῆς.
2919 5221 3064 5290 Lego
3101 5233 3222 5273 cum
3255 5216 3566 5280 Bohereilo,
3594 5228 3718 5288 φερε

2159 5302 2474 5438 mna-:31}?
2501 5369 2660 5422 codd.
2693 5365 2897 5436 Regius
2937 5372 2991 5417 et
3023 5359 3373 5416 Basileensis.
3410 5357 3556 5411 Alias
3581 5397 3596 5423 ,
3627 5353 3720 5410 καὶ

2159 5442 2296 5509 ἁγνῇ
2332 5439 2426 5492 καὶ
2455 5438 2727 5508 παρθένῳ.

2234 5497 2345 5586 (78)
2368 5497 2848 5586 ’Τίςμέᾖθέιλνὴσςεση
2881 5501 3239 5586 scribentium
3271 5498 3430 5586 forte,
3461 5497 3715 5586 τίςνέγεντ

2162 5569 2340 5650 νήθη.’
2367 5569 2552 5634 Paulo.
2581 5569 2709 5650 post
2745 5575 3120 5640 llaascltclius,
3167 5570 3249 5641 τῷ
3289 5569 3472 5640 οἰκείῳ
3514 5569 3710 5639 εἴρηται

2159 5633 2344 5702 nauta
2376 5649 2531 5706 Male.
