3996 6594
341 355 460 413 7‘29

1567 353 1851 412 CONTRA
1881 353 2162 412 εειδυιι
2199 353 2330 411 LIB.
2371 355 2413 412 Ι.

3529 353 3634 410 750

347 479 504 551 (ὅσον
535 477 630 532 ἐπὶ
649 476 730 550 τῷ
759 477 930 551 νόμῳ)
967 477 1040 551 μὴ
1065 477 1210 551 ἔχειν
1237 479 1493 552 ἀφορμὰς
1523 477 1830 549 ἀποστῆναι
1873 479 1949 542 εἰς

2059 492 2277 533 sumere
2318 475 2608 532 debuerint
2655 476 2721 532 ad
2752 474 3034 548 gentilium
3080 475 3304 531 deorum
3335 473 3636 531 multitudi-

346 572 457 639 τὴν
508 570 618 625 τῶν
651 570 820 625 ἐθνῶν
854 572 1243 646 πολυθεότητα.
1275 569 1350 624 Τδ
1395 572 1442 626 δ’
1471 572 1771 640 ἀναγκαῖον
1809 570 1952 625 οὕτω

349 663 805 737 παραστήσομεν.
843 682 863 716 ι
894 664 976 718 Τὰ
1023 664 1151 736 ἔθνη
1177 704 1192 728 ,
1233 683 1251 716 ι
1295 663 1372 728 ὡς
1412 663 1719 735 γέγραπται
1759 664 1853 717 καὶ
1894 665 1951 716 ὲν

361 753 519 826 αὑτῷ
545 753 623 826 τῷ
661 755 770 808 τῶν
809 755 1075 810 Ἰουδαίων
1131 757 1302 828 νόμῳ,
1330 775 1349 806 ‹
1391 755 1661 829 κληδόνων
1684 755 1779 809 καὶ
1815 771 1951 827 μαν-

351 846 521 901 τειῶν
547 847 869 902 ἀκούσονται
889 865 903 878 ’
931 867 949 899 ι
980 848 1057 918 τῷ
1081 848 1138 902 δὲ
1162 847 1275 920 λαῷ
1304 848 1500 919 ἐκείνῳ
1525 848 1768 922 εἴρηται*
1811 867 1830 900 ι
1860 849 1952 902 Σοί

351 933 413 988 δὲ
441 935 543 1008 οὔχ
595 936 768 1001 οὕτως
805 937 973 991 ἔδωκε
1008 937 1119 1008 (79)
1149 936 1351 1010 Κύριος
1396 939 1424 990 ό
1468 937 1601 1003 Θεός
1637 956 1751 991 σου.
1789 958 1806 989 ι
1841 938 1953 991 Καὶ

352 1030 684 1102 ἐπιφέρεται
728 1029 905 1102 τούτῳ
943 1029 1040 1097 τὸ,
1094 1050 1114 1082 ι
1161 1031 1454 1103 Προφήτην
1482 1032 1547 1084 ἐκ
1573 1031 1681 1085 τῶν
1709 1030 1951 1100 ἀδελφῶν

353 1136 456 1174 σου
487 1123 782 1194 ἀναστήσει
815 1139 897 1176 σοι
924 1122 1128 1196 Κύριος
1176 1123 1206 1176 ὁ
1242 1121 1375 1186 Θεός
1422 1139 1535 1176 σου.
1572 1143 1590 1174 ›
1621 1124 1795 1195 Εἴπερ
1828 1117 1946 1190 οὖν,

353 1212 468 1267 τιῖιν
507 1213 679 1267 ἐθνῶν
722 1213 1020 1287 χρωμένων
1068 1213 1349 1287 μαντείαις
1381 1213 1491 1269 εἴτε
1533 1214 1621 1268 διὰ
1659 1215 1950 1288 κλῃδόνων,

351 1303 471 1355 εἴτε
493 1302 561 1356 δι’
590 1303 819 1369 οἰωνῶν,
848 1305 956 1358 εἴτε
985 1305 1052 1359 δι’
1077 1304 1326 1376 ὀρνίθων,
1345 1303 1456 1357 εἴτε
1488 1305 1555 1358 δι’
1581 1305 1953 1376 ἐγγαστριμύ-

347 1389 506 1457 θων,
539 1392 653 1446 εἴτε
701 1393 796 1448 καὶ
845 1394 933 1448 διὰ
982 1392 1091 1447 τῶν
1133 1394 1233 1467 τὴν
1281 1393 1506 1467 θυτικὴν
1545 1395 1952 1466 ἐπαγγελλομέ-

351 1503 465 1537 νων
629 1526 643 1551 ,
680 1485 792 1539 εἴτε
817 1485 910 1538 καὶ
937 1485 1025 1540 διὰ
1057 1485 1342 1540 Χαλδαίων
1374 1486 1951 1556 γενεθλιαλογούντων,

351 1576 503 1650 ἅπερ
548 1578 725 1632 πάντα
763 1576 1038 1640 Ἰουδαίοις
1064 1577 1365 1650 ἀπείρητο,
1415 1578 1656 1632 Ἰουδαῖοι
1689 1578 1954 1650 μηδεμίαν

350 1665 507 1740 εἶχον
535 1669 891 1742 παραμυθίαν
914 1667 1168 1738 γνώσεως
1193 1670 1301 1723 τῶν
1329 1669 1651 1740 μελλόντων,
1671 1673 1764 1724 ὑπ’
1785 1673 1954 1744 αὐτῆς

349 1761 429 1814 ἂν
477 1762 577 1833 τῆς
621 1761 968 1832 ἀνθρωπίνης
1018 1760 1144 1834 περὶ
1189 1761 1289 1832 τὴν
1336 1761 1537 1830 γνῶσιν
1582 1761 1817 1834 λιχνείας
1844 1764 1953 1818 τῶν

351 1852 634 1925 ἐσομένων
663 1853 941 1924 ἀγόμενοι,
971 1853 1380 1926 κατεφρόνησαν
1418 1853 1515 1924 μὲν
1547 1854 1612 1908 ἂν
1642 1856 1750 1908 τῶν
1785 1856 1949 1923 ἰδίων,
1985 1840 2028 1892 Β

352 1945 434 2006 ὡς
463 1945 614 1999 οὐδὲν
647 1946 878 2016 ἐχόντων
907 1943 1048 1998 θεῖον
1075 1947 1132 1999 ὲν
1165 1947 1410 2009 ἑαυτοῖς·
1447 1947 1538 2000 καὶ
1573 1949 1670 2002 οὐκ
1714 1948 1779 2002 ἂν
1816 1949 1954 2021 μετὰ

352 2036 570 2090 Μωσέα
618 2038 905 2108 προφήτην
944 2039 1320 2109 προσήκαντο,
1362 2040 1470 2094 οὐδ’
1499 2039 1814 2112 ἀνέγραψαν
1841 2041 1951 2113 (81)

351 2129 541 2182 αὐτῶν
584 2131 711 2193 τοὺς
748 2130 972 2199 λόγους,
1009 2131 1297 2202 αὐτόμολοι
1342 2132 1398 2186 δὲ
1429 2134 1522 2187 ἐπὶ
1547 2134 1615 2187 τὰ
1637 2134 1746 2188 τῶν
1783 2134 1954 2190 ἐθνῶν

355 2223 590 2294 μαντεῖα
631 2223 725 2276 καὶ
769 2226 1075 2297 χρηστήρια
1121 2225 1456 2297 μετέστησαν
1480 2266 1494 2290 ,
1531 2225 1954 2301 ἦέπεχείρησαν

351 2313 425 2366 ἂν
458 2313 671 2386 ἱδρῦσαι
703 2333 752 2369 τι
791 2311 1032 2372 τοιοῦτον
1059 2319 1154 2372 καὶ
1185 2320 1316 2392 παρ’
1348 2320 1581 2384 ἑαυτοῖς.
1617 2321 1770 2374 ’Ὠστ’
1803 2321 1954 2375 οὐδὲν

348 2404 558 2462 ἄτοπόν
577 2407 716 2472 ἐστι,
744 2409 838 2462 καὶ
861 2409 989 2482 περὶ
1018 2410 1126 2464 τῶν
1149 2412 1417 2482 τυχόντων
1449 2413 1576 2477 τοὺς
1609 2413 1738 2486 παρ’
1769 2415 1955 2477 αὐτοῖς

355 2497 664 2567 προφήτας,
700 2499 780 2563 είς
814 2501 1164 2572 παραμυθίαν
1201 2503 1309 2556 τῶν
1355 2503 1424 2558 τὰ
1455 2503 1685 2559 τοιαῦτα
1725 2505 1955 2560 ποθούν-

349 2605 466 2641 των
515 2591 944 2663 προειρηκέναι·
977 2593 1115 2647 ὥστε
1150 2595 1244 2648 καὶ
1280 2597 1406 2668 περὶ
1440 2599 1576 2650 ὄνων
1605 2598 1954 2656 ἀπολωλυιῶν

353 2679 728 2750 προφητεῦεω
754 2682 842 2736 τὸν
865 2683 1138 2755 Σαμουὴλ,
1165 2686 1259 2739 καὶ
1281 2686 1408 2756 περὶ
1430 2687 1588 2741 νόσου
1630 2689 1819 2754 παιδὸς
1861 2690 1955 2762 βα-

357 2774 573 2830 σιλικοῦ
615 2777 708 2831 τὸν
741 2779 798 2832 ἐν
826 2782 892 2851 τῇ
920 2779 1080 2853 τρίτῃ
1115 2781 1223 2835 τῶν
1256 2783 1552 2837 Βασιλειῶν
1598 2785 1954 2857 ἀναγεγραμ-

355 2868 546 2940 μένον.
582 2869 708 2934 Πῶς
747 2871 805 2925 δὲ
842 2871 909 2925 ἂν
955 2872 1031 2943 τῷ
1081 2874 1388 2946 βουλομένῳ
1427 2876 1536 2929 ἀπὸ
1583 2875 1692 2930 τῶν
1719 2876 1955 2930 εἰδώλων

357 2958 621 3029 μαντείαν
641 2959 823 3015 λαϐεῖν
853 2963 1196 3037 ἐπέπλησσον
1218 2969 1266 3020 οἱ
1293 2967 1360 3022 τὰ
1376 2968 1468 3022 τοῦ
1491 2969 1656 3040 νόμου
1684 2969 1954 3024 Ἰουδαίων

355 3049 778 3121 πρεσϐεύοντες,
811 3053 1001 3129 ὥσπερ
1034 3060 1348 3130 εὑρίσκεται
1395 3059 1580 3124 Ἠλίας
1615 3059 1693 3130 τῷ
1738 3058 1954 3134 Ὀχοζία

354 3145 734 3216 ἐπιπλήσσων,
769 3148 864 3200 καὶ
895 3147 1068 3219 λέγων
1093 3168 1108 3182 υ
1141 3171 1159 3203 ι
1195 3154 1258 3206 El
1291 3142 1444 3227 παρὰ
1468 3154 1528 3207 τὸ
1561 3151 1636 3225 μὴ
1665 3148 1803 3207 εἶναι
1822 3155 1954 3210 θεὸν

353 3242 417 3294 ὲν
473 3236 723 3310 Ἰσραὴλ,
772 3238 930 3310 ὑμεῖς
976 3243 1272 3316 πορεύεσθε
1309 3245 1605 3319 ἐκζητῆσαι
1635 3249 1744 3322 (82)
1782 3251 1841 3304 ὲν
1881 3253 1950 3324 τῇ

355 3335 506 3390 Βάαλ
533 3341 700 3409 μυῖαν
734 3336 854 3392 θεὸν
890 3335 1209 3408 Ἀκκαρῶνς
1251 3356 1272 3390 ι

470 3432 634 3484 Δοκεί
706 3448 796 3504 μοι
877 3425 971 3485 οὖν
1041 3431 1280 3502 μετρίως
1343 3433 1818 3504 κατεσκευάσθαι,
1889 3434 1952 3488 οὐ

359 3520 523 3592 μόνον
595 3523 676 3576 ὅτι
748 3523 1140 3597 γεννηθήσεται
1214 3523 1280 3578 ὲκ
1348 3523 1620 3597 παρθένου
1667 3520 1702 3580 ’ὁ
1760 3527 1952 3600 Σωτὴρ

356 3613 537 3685 ήμῶν,
589 3615 704 3669 ἀλλ’
755 3616 837 3670 ὅτι
881 3617 974 3671 καὶ
1028 3617 1305 3690 προφῆται
1352 3613 1492 3690 ἦσαν
1539 3619 1598 3672 ὲν
1659 3617 1950 3684 Ἰουδαίοις,

356 3705 720 3777 προλέγοντες
778 3709 870 3762 οὐ·
893 3709 1053 3780 μόνον
1117 3708 1186 3763 τὰ
1240 3709 1502 3764 καθολικᾶ
1554 3711 1682 3784 περὶ
1735 3710 1954 3782 μελλόν-

352 3815 486 3866 των,
528 3799 606 3864 ὡς
653 3799 724 3853 τὰ
777 3801 906 3874 περὶ
934 3802 1195 3874 Χριστοῦ,
1244 3802 1338 3858 καὶ
1382 3803 1451 3857 τὰ
1485 3804 1616 3875 περὶ
1663 3803 1953 3875 βασιλειῶν

353 3891 674 3963 κοσμικῶν,
729 3893 828 3947 καὶ
881 3895 1010 3967 περὶ
1061 3895 1170 3949 τῶν
1239 3895 1671 3968 συμϐησομένων
1714 3897 1788 3969 τῷ
1852 3899 1954 3952 Ἰσ-

352 3983 524 4057 ραὴλ,
575 3984 670 4037 καὶ
714 3983 843 4057 περ¹ί⁸
887 3985 996 4040 τῶν
1046 3988 1410 4041 πιστευόντων
1449 3988 1561 4060 (85)
1609 3989 1688 4060 τῷ
1737 3990 1951 4062 Σωτῆρι

350 4075 562 4140 ἐθνῶν,
595 4076 689 4130 καὶ
730 4077 940 4132 πολλῶν
985 4078 1161 4133 ἄλλων
1207 4077 1316 4133 τῶν
1364 4080 1494 4152 περὶ
1534 4079 1700 4134 αὑτοῦ
1731 4081 1950 4153 λεχθέν-

350 4183 496 4220 τωνο
548 4166 686 4221 ἀλλὰ
744 4168 841 4222 καὶ
879 4167 950 4223 τὰ
999 4170 1122 4224 καθ’
1167 4169 1295 4233 ἕνα,
1354 4169 1431 4233 ὡς
1480 4170 1609 4242 περὶ
1654 4169 1762 4224 τῶν
1815 4171 1950 4226 όνων

353 4257 461 4320 Kl;
503 4256 888 4328 ἀπολομένων,
922 4258 1042 4324 πῶς
1091 4256 1508 4332 εὑρεθήσονται,
1553 4259 1646 4312 καὶ
1679 4260 1808 4331 περὶ
1849 4259 1952 4330 τῆς

350 4350 548 4414 νόσου,
595 4346 666 4424 ἦς
693 4351 951 4424 ἐνόσησεν
1001 4355 1028 4406 ὁ
1072 4351 1166 4405 τοῦ
1229 4351 1495 4422 βασιλέως
1551 4351 1766 4424 Ἰσραὴλ
1813 4351 1948 4416 υἱὸς,

351 4442 385 4513 ἢ
428 4443 485 4497 ετ
524 4461 577 4497 τι
613 4442 742 4497 ἄλλο
783 4443 1198 4516 ἀναγέγραπται
1234 4442 1494 4498 τοιοῦτον.
1548 4445 1668 4498 "Et:
1711 4444 1768 4498 δὲ
1815 4445 1953 4518 πρὸς

2053 588 2178 627 nem
2206 570 2514 629 dcﬁcicmli.
2535 569 2647 626 Iloc
2677 579 2861 626 autem
2893 570 3211 626 necessario
3235 567 3632 624 admittendqu

2053 681 2175 723 esse
2207 663 2401 721 cilicio.
2435 661 2709 734 Scriptum
2745 672 2830 718 est
2862 663 2915 717 in
2936 661 3246 718 Judarorum
3267 661 3384 732 lege
3407 679 3422 716 :
3447 679 3466 713 ι
3491 659 3638 716 Geu-

2053 770 2135 815 tes
2162 760 2520 814 divinationes
2552 766 2609 814 ct
2652 757 2912 811 vaticinia
2959 756 3217 821 audient;
3254 773 3273 807 ι
3329 754 3404 808 illi
3450 761 3634 808 autem

2053 854 2249 926 populo
2278 854 2522 908 dicitur:
2568 869 2586 902 ι
2626 850 2746 904 Tibi
2785 859 2967 904 autem
3003 863 3110 902 nou
3149 847 3229 900 sic
3261 845 3410 900 dedit
3440 843 3632 899 Domi-

2055 960 2156 999 nus
2183 945 2325 998 Deus
2353 951 2503 996 tuus.
2539 960 2557 994 ι
2585 940 2651 994 Ει
2683 956 2804 994 mox
2833 957 2846 993 :
2882 958 2899 990 ι
2925 937 3252 1006 Prophclam
3279 950 3343 990 ex
3374 934 3635 989 fratribus

2057 1039 2163 1094 tuis
2212 1038 2503 1094 suscitabit
2555 1035 2650 1089 tihl
2704 1035 2969 1088 Dominus
3004 1035 3144 1086 Deus
3175 1042 3298 1085 tuus
3337 1030 3404 1083 “.
3443 1047 3462 1082 ι
3499 1028 3634 1084 Cum

2057 1131 2220 1202 igitur
2250 1130 2558 1184 futurorum
2584 1125 2952 1198 cognitionem
2973 1133 3163 1193 gentes
3189 1130 3495 1191 quaererent
3517 1121 3636 1174 sive

2054 1238 2118 1276 ex
2145 1221 2405 1286 oraculis,
2437 1219 2552 1275 sive
2588 1235 2653 1275 ex
2678 1218 2944 1288 auguriis,
2979 1217 3092 1272 sive
3115 1231 3182 1270 ex
3213 1214 3492 1284 auspiciis,
3519 1213 3638 1269 sive

2055 1330 2122 1370 cx
2152 1313 2536 1383 ventriloquis,
2568 1313 2681 1367 sive
2717 1327 2782 1366 ex
2818 1309 3186 1380 aruspicibus,
3220 1308 3338 1362 sive
3367 1323 3434 1361 ex
3474 1306 3638 1362 Chal-

2054 1408 2185 1462 dzeis
2213 1404 2593 1478 genethliacis,
2644 1417 2763 1472 quae
2815 1401 2996 1456 omnia
3041 1398 3244 1454 .ludzeis
3269 1398 3639 1468 crantprohi-

2054 1500 2164 1555 bita
2192 1517 2205 1564 ;
2239 1499 2317 1564 hi,
2350 1498 2394 1553 si
2445 1496 2650 1551 nullum
2695 1492 2916 1548 aliunde
2944 1491 3261 1546 habuissent
3301 1504 3389 1543 res
3422 1486 3637 1542 futuras

2055 1590 2417 1662 cognoscendi
2452 1590 2616 1652 viam,
2649 1586 2733 1642 vel
2765 1587 2881 1640 solo
2920 1584 3232 1639 hominibus
3281 1582 3445 1636 insito
3477 1581 3638 1648 hujus

2057 1684 2260 1740 notitiae
2289 1682 2500 1754 pruritu
2535 1680 2778 1744 adducti,
2815 1693 2914 1733 sua
2945 1677 3281 1746 sprevissent
3312 1674 3467 1744 quasi
3500 1673 3637 1727 nihil

2058 1776 2165 1832 illis
2200 1776 2441 1830 divinum
2476 1774 2705 1839 inesset,
2740 1787 2847 1826 non
2895 1771 3060 1824 alium
3095 1778 3219 1838 post
3244 1766 3481 1838 Moysem
3513 1779 3641 1836 pro—

2057 1872 2275 1940 phetam
2322 1866 2677 1936 recepissent,
2723 1879 2915 1918 eorum
2969 1875 3249 1918 sermones
3297 1859 3495 1914 litteris
3529 1875 3637 1912 ιιοιι

2058 1959 2451 2022 mandassent,
2502 1954 2925 2024 transfugisscnt
2976 1951 3042 2005 ad
3088 1948 3309 2004 oracula
3342 1945 3636 2000 divinatio-

2050 2040 2261 2121 .uesque
2301 2050 2567 2119 gentium,
2620 2058 2714 2100 aut
2757 2044 2936 2099 simile
2976 2043 3254 2113 quidpiam
3298 2039 3436 2109 apud
3462 2053 3520 2092 se
3552 2039 3638 2090 ιιι-

2055 2144 2283 2198 stilucre
2322 2141 2503 2196 conati
2555 2139 2808 2192 fuissent.
2865 2135 3054 2206 Itaque
3091 2135 3222 2188 nihil
3267 2133 3464 2186 mirum
3496 2131 3636 2199 apud

2058 2234 2275 2287 illorum
2323 2235 2620 2303 prophetas
2669 2231 2833 2285 etiam
2879 2229 2946 2283 de
2982 2226 3295 2295 vulgaribus
3329 2227 3493 2280 rebus
3517 2236 3638 2278 esse

2055 2327 2339 2392 vaticinia,
2387 2326 2454 2380 ad
2505 2339 2694 2379 eorum
2745 2323 2988 2378 solamen
3021 2321 3112 2390 qui
3145 2319 3410 2388 ejusmodi
3448 2334 3634 2373 rerum

2056 2419 2327 2475 desiderio
2363 2427 2702 2474 tenerentur.
2750 2414 3076 2486 Ilujusmodi
3117 2413 3370 2466 vaticinia
3421 2413 3639 2465 luerunt

2057 2511 2331 2568 Samuelis
2378 2513 2443 2567 de
2491 2511 2661 2564 asinis
2710 2508 2938 2579 perditis
2963 2506 3042 2574 9',
3088 2516 3142 2559 et
3175 2504 3326 2558 Allia:
3354 2505 3418 2557 de
3451 2502 3638 2556 morbo

2058 2605 2150 2659 ﬁlii
2209 2606 2374 2674 regis,
2429 2603 2586 2673 cujus
2630 2602 2877 2657 meminit
2924 2600 3062 2655 liber
3094 2599 3286 2654 tertius
3337 2596 3543 2664 Regum
3566 2595 3635 2649 “.

2053 2695 2307 2765 Alioquin
2331 2696 2601 2765 quomodo
2628 2692 2927 2763 potuissent
2960 2690 3094 2762 legis
3143 2689 3384 2744 Iudaicae
3433 2701 3639 2756 praeco-

2057 2802 2156 2842 nes
2183 2789 2465 2855 increpare
2498 2801 2620 2840 cum
2653 2786 2744 2856 qui
2779 2783 3048 2839 idolorum
3090 2781 3312 2836 oracula
3346 2777 3637 2833 consulere

2059 2880 2342 2950 voluisset,
2372 2880 2829 2953 quemadmodum
2847 2878 2996 2933 Elias
3024 2877 3108 2931 his
3137 2874 3314 2929 verbis
3341 2871 3636 2926 Oeboziam

2057 2976 2366 3046 increpasse
2395 2975 2710 3030 invenitur:
2751 2991 2769 3024 ι
2809 2972 2888 3025 An
2923 2979 3210 3040 propterea
3247 2966 3392 3038 quod
3426 2979 3534 3018 non
3564 2962 3638 3017 sit

2058 3068 2200 3123 Deus
2245 3068 2298 3123 in
2348 3065 2536 3133 Israel,
2571 3079 2665 3120 vos
2697 3063 2787 3118 itis
2819 3063 2872 3116 in
2906 3059 3037 3114 Baal
3081 3058 3355 3128 inquirere
3385 3067 3631 3110 muscam

1981 3183 2024 3240 ρ
2059 3163 2226 3218 Deum
2257 3163 2502 3217 Accaron
2531 3159 2621 3213 '7?
2658 3177 2678 3210 ι

2126 3405 2216 3461 '57.
2254 3403 2351 3459 llis
2385 3401 2650 3477 [omnibus
2685 3399 2816 3455 mihi
2853 3399 2988 3453 satis
3017 3397 3308 3469 probatum
3344 3395 3558 3450 videtur
3579 3402 3638 3451 et

2055 3497 2394 3553 Salvatorem
2437 3503 2682 3548 nostrum
2731 3507 2798 3546 ex
2831 3491 3039 3561 virgine
3092 3489 3238 3545 nasci
3281 3487 3556 3554 debuisse,
3581 3496 3636 3542 et

2054 3590 2194 3662 apud
2222 3589 2444 3645 Judteos
2475 3585 2648 3641 fuisse
2685 3584 3001 3656 prephetas,
3029 3583 3122 3654 qui
3153 3583 3218 3637 de
3243 3581 3404 3636 rebus
3430 3579 3635 3634 futuris

2055 3686 2418 3757 przediccrent
2462 3699 2570 3737 non
2620 3697 2684 3738 ea
2733 3687 2943 3735 tantum
2989 3692 3109 3747 quae
3151 3689 3344 3732 eomes
3388 3675 3636 3730 homines

2053 3793 2208 3847 atque
2254 3777 2574 3846 spectabant
2599 3815 2616 3840 ,
2671 3783 2728 3827 ut
2759 3787 2879 3844 qua:
2926 3771 2994 3825 de
3030 3770 3272 3832 Christo,
3312 3769 3376 3824 de
3403 3765 3637 3821 terrenis

2055 3871 2280 3943 regnis,
2324 3873 2390 3926 de
2431 3871 2500 3926 iis
2542 3884 2665 3940 qua:
2715 3867 2899 3923 lsraeli
2973 3865 3278 3920 adventura
3324 3869 3526 3926 erant,
3566 3861 3636 3916 de

2053 3968 2307 4038 gentibus
2371 3981 2492 4036 qua:
2569 3963 2839 4019 Salvatori
2903 3961 3192 4016 crediturae
3245 3965 3433 4025 erant,
3484 3955 3634 4010 aliis-

2054 4076 2160 4129 que
2199 4060 2265 4113 ad
2297 4059 2577 4113 Christum
2612 4053 3013 4127 pertinentibus
3061 4053 3205 4106 dicta
3249 4059 3412 4116 sunt;
3443 4061 3630 4104 verum

2052 4154 2214 4206 etiam
2241 4166 2363 4222 qua:
2397 4149 2734 4221 singulorum
2771 4148 2913 4202 seire
2960 4146 3247 4209 intererat,
3297 4153 3356 4210 ut
3381 4158 3488 4211 quo
3518 4141 3637 4196 loco

2053 4245 2275 4313 perditae
2321 4245 2411 4299 Cis
2460 4244 2626 4297 asina:
2693 4240 2924 4295 inveniri
2979 4247 3233 4309 poterant
3272 4232 3636 4313 ;quis>futu-

2055 4353 2147 4392 rus
2192 4345 2312 4390 erat
2356 4334 2554 4399 morbi,
2601 4348 2709 4402 quo
2754 4332 3054 4402 aegrotabat
3089 4331 3234 4384 (ilius
3267 4329 3409 4398 regis
3441 4311 3632 4389 Israel,

2052 4430 2270 4496 exitus;
2300 4436 2392 4482 aut
2424 4426 2468 4480 si
2499 4426 2626 4496 quid
2659 4425 2805 4478 ahud
2838 4423 3078 4492 ejusdem
3115 4421 3331 4491 generis
3381 4421 3434 4473 in
3460 4416 3636 4471 sacris

353 4508 628 4607 "-B‘Alnva;
693 4508 912 4590 λεκτέον
966 4508 1331 4599 απειθοῦντας
1395 4538 1463 4607 τῇ
1537 4537 1602 4589 ὲκ
1676 4508 1946 4607 παρθένου

2056 4521 2250 4576 litteris
2299 4530 2538 4574 notatur.
2592 4519 2648 4573 Id
2697 4519 2861 4573 etiam
2919 4514 3206 4569 dicendum
3249 4512 3495 4575 Gracis,
3539 4508 3631 4579 qui

350 4626 569 4694 γενέσει
597 4626 694 4680 τοῦ
731 4626 927 4698 Ἰησοῦ,
947 4628 1029 4681 ὅτι
1059 4630 1088 4680 ὁ
1114 4627 1460 4699 Δημιουργὸς
1493 4627 1550 4679 ἐν
1581 4629 1648 4699 τῇ
1679 4627 1789 4680 τῶν
1820 4645 1940 4681 ποι-

348 4720 518 4776 κίλων
542 4721 699 4788 ζώων
731 4723 944 4792 γενέσει
978 4723 1177 4788 ἔδειξεν
1196 4763 1210 4788 ,
1244 4724 1328 4777 ὃτι
1356 4718 1424 4794 ἦν
1451 4721 1601 4793 αὐτῷ
1635 4722 1945 4794 βουληθέντι

345 4812 576 4869 δυνατὸν
605 4816 829 4892 ποιῆσαι
863 4816 1001 4887 ὅπερ
1033 4816 1118 4885 ἐφ’
1146 4815 1267 4879 ἐνὸς
1298 4814 1438 4879 ζώου
1462 4856 1476 4878 ,
1513 4815 1608 4868 καὶ
1634 4815 1722 4867 ἐπ’
1744 4814 1940 4879 ἄλλων,

346 4910 446 4963 καὶ
477 4909 566 4961 ἐπ’
596 4908 777 4963 αὐτῶν
817 4909 927 4963 τῶν
968 4909 1292 4980 ἀνθρώπων.
1336 4910 1669 4981 Εὑρίσκεται
1711 4909 1766 4962 δέ
1821 4925 1943 4961 τινα

346 4999 460 5056 τῶν
489 5000 647 5066 ζώων
671 5001 858 5075 θήλεα,
881 5001 955 5073 μὴ
985 5000 1178 5072 ἔχοντα
1207 5000 1436 5073 ἄρρενος
1462 5001 1767 5067 κοινωνίαν,
1795 5000 1870 5064 ὡς
1895 5001 1943 5053 οἱ

346 5096 481 5168 περὶ
511 5093 669 5159 ζώων
695 5093 1110 5168 ἀναγράψαντες
1139 5093 1360 5163 λέγουσι
1399 5094 1526 5165 περὶ
1571 5093 1761 5161 γυπῶν
1796 5092 1906 5166 (84)
1927 5109 1940 5122 ·

2051 4613 2215 4684 355
2261 4612 2686 4666 noluntcredere
2729 4609 2912 4665 .lesmn
2955 4625 3077 4665 esse
3099 4616 3364 4661 natumex
3387 4602 3629 4672 Virgine,

2050 4707 2398 4762 Conditorem
2459 4706 2511 4760 in
2561 4704 2843 4758 variorum
2913 4701 3228 4756 animalium
3281 4696 3632 4767 generatione

2051 4801 2366 4857 declarasse
2425 4800 2575 4854 hanc
2629 4797 2731 4852 sibi
2799 4795 2968 4850 fuisse
3025 4799 3379 4862 potestatein,
3440 4796 3535 4853 ut,
3584 4786 3632 4841 si

2051 4898 2326 4963 libuisset,
2360 4893 2504 4965 quod
2547 4907 2674 4962 erga
2709 4905 2874 4944 unum
2894 4887 3043 4951 fecit,
3075 4887 3124 4940 id
3157 4886 3210 4939 in
3242 4891 3433 4938 cmtcra
3464 4890 3631 4949 atque

2051 4991 2216 5048 etiam
2252 5003 2378 5058 erga
2407 4984 2684 5041 hominem
2754 4984 2976 5037 faceret.
3002 4979 3073 5032 At
3135 4978 3278 5032 inter
3328 4975 3631 5029 animantes

2052 5083 2306 5156 qumdam
2350 5080 2565 5135 femina:
2613 5083 2762 5143 sunt,
2793 5088 2932 5144 quae,
2962 5069 3174 5126 tametsi
3206 5081 3328 5122 cum
3376 5063 3629 5121 masculis

427 5251 474 5284 ἰ
505 5249 670 5307 Deut.
693 5266 856 5318 ιινιιι,
883 5249 1093 5319 14,15.
1168 5251 1216 5285 ³⁵
1256 5249 1436 5322 lReg.
1472 5267 1549 5315 ix,
1581 5250 1673 5306 20.
1749 5253 1796 5285 ⁸⁸
1825 5250 1892 5306 lll
1920 5252 2055 5321 Reg.
2079 5262 2192 5312 xw,
2224 5243 2311 5300 l2.
2387 5241 2432 5273 9"
2463 5239 2530 5294 IV
2566 5237 2701 5308 Reg.
2736 5252 2777 5300 ι,
2806 5235 2858 5290 5.

347 5407 553 5534 ἐ
629 5405 1014 5476 llmschelius,
1071 5407 1291 5480 εἴρηται
1351 5407 1446 5464 sed
1509 5422 1700 5464 omnes
1763 5423 1935 5474 mss.,

385 5497 518 5533 οωκε
527 5520 541 5532 .

423 5551 563 5622 (80),
603 5549 1207 5622 Ἐπαγγπελλομὲνωνι
1263 5550 1357 5622 Sic
1403 5558 1548 5622 recte
1597 5548 1782 5622 code;
1829 5548 1928 5622 Bas

346 5619 748 5712 sil‘eeiﬁisheln
766 5619 882 5712 trps
926 5619 1234 5712 Anglieapi.
1276 5620 1466 5712 ﬁlias“
1501 5619 1939 5712 [dugyﬁngpf-

345 5707 480 5756 νων,
510 5692 675 5746 male.
705 5691 874 5761 Paulo
916 5689 1038 5761 post
1081 5691 1215 5746 libb.
1249 5692 1376 5746 editi
1427 5691 1646 5756 habent,
1688 5689 1936 5743 Ἰουδαῖοι

347 5763 400 5816 εί
432 5761 706 5834 μηδεμίαν
736 5756 929 5834 εἶχον,⁷
955 5763 1049 5834 sed
1085 5777 1208 5816 cum
1248 5761 1510 5834 redundet
1540 5761 1620 5824 εἰ,
1650 5775 1750 5817 nec
1779 5761 1844 5818 sit
1880 5760 1933 5815 in

350 5831 544 5888 codice
565 5831 806 5900 Joliano,
845 5831 976 5888 illud
1005 5845 1038 5888 e
1068 5841 1214 5888 textu
1243 5831 1626 5902 expuuximus.

2119 5402 2232 5476 (81)
2263 5401 2434 5476 Libb._
2453 5400 2583 5476 editi
2610 5439 2625 5460 ,
2673 5399 2738 5453 ἂν
2766 5394 3032 5469 ἔγραψαν,
3063 5393 3155 5448 sed
3189 5398 3452 5461 prmstare
3478 5389 3626 5445 vide-

2050 5468 2137 5532 tur
2160 5468 2318 5529 lectio
2343 5468 2677 5542 ἀνέγραψαν.

2143 5545 2231 5613 82)
2262 5543 2432 5605 Alias,
2462 5541 2809 5613 ἐπιζητῆσαι.

2140 5605 2229 5682 85)
2264 5605 2700 5668 [horsum-tow.
2750 5607 3105 5665 Scribendum
3144 5605 3357 5659 videtur
3401 5617 3624 5658 πιστευ-

2051 5687 2693 5829 sézgfrﬂmscheliuset
2716 5746 3102 5829 Speneerus‘in
3134 5754 3278 5829 textu
3309 5719 3631 5829 γυπῶνιξιάέ

2043 5813 2347 5898 marginem
2386 5841 2515 5880 vero
2551 5813 2974 5890 Ιιςιιιριιίγυπός.
3025 5817 3281 5872 Ambros.
3316 5813 3412 5871 lib.
3450 5830 3476 5863 ν
3511 5813 3626 5870 lle-9
