3996 6594
369 365 466 423 751

1823 377 2142 436 ΟΒΙΟΕΝῙΒ

3519 379 3622 432 7.32

365 503 474 544 non
527 487 846 561 junguntur,
903 491 990 549 sui
1051 501 1231 551 tamen
1274 498 1489 568 generis
1539 501 1943 558 succeSSionetn

2049 505 2142 556 καὶ
2171 501 2326 556 τοῦτο
2355 501 2411 555 τὸ
2441 501 2576 565 ζῶον
2607 501 2774 574 χωρὶς
2807 500 3002 572 μίξεως
3038 498 3194 564 σώζει
3235 499 3333 570 τὴν
3372 497 3626 569 διαδοχὴν

365 591 604 650 servant,
633 585 773 640 sicut
803 588 1038 656 produnt
1071 589 1137 644 de
1179 590 1484 648 vulturibus
1535 594 1570 648 ii
1606 597 1698 665 qui
1733 598 1798 652 de
1827 599 1942 652 ani-

367 670 600 728 malibus
619 675 903 744 scripsere.
926 675 1063 742 Quid
1089 679 1257 749 igitur
1279 681 1595 740 incredibile
1617 695 1723 751 est,
1753 703 1782 741 a
1808 688 1940 754 Deo,

365 761 458 828 qui
521 763 760 817 divinum
821 769 1110 846 quemdam
1150 772 1469 842 magistrum
1519 777 1586 832 ad
1640 779 1941 835 humanum

367 867 537 922 genus
561 857 776 911 mittere
808 857 1043 926 volebat,
1078 864 1356 931 provisum
1382 865 1572 938 fuisse,
1618 881 1665 926 ιι
1697 874 1942 928 nascitu-

365 958 459 997 rus
509 943 761 1000 Christus
811 947 915 1001 alia
972 951 1186 1008 ratione
1249 955 1302 1009 in
1361 955 1533 1013 lucem
1583 959 1845 1030 prodiret,
1879 977 1944 1019 ac

363 1033 548 1088 caeteri
579 1035 828 1092 homines
849 1039 938 1106 qui
992 1055 1057 1094 ex
1111 1042 1214 1098 viri
1257 1059 1378 1100 cum
1437 1048 1636 1104 femina
1670 1054 1943 1108 consortio

365 1129 706 1182 nascuntur?
753 1129 890 1196 Quid
930 1135 1072 1202 quod
1101 1145 1153 1190 et
1202 1137 1302 1206 ipsi
1363 1139 1534 1196 Graeci
1570 1142 1807 1199 fatentur
1836 1159 1942 1202 non

363 1229 551 1274 omnes
575 1221 820 1278 homines
851 1237 1142 1297 pmgnatos
1182 1244 1301 1286 esse
1329 1245 1395 1285 ex
1446 1249 1596 1291 mare
1632 1245 1687 1289 et
1714 1235 1938 1293 femina.

363 1315 424 1370 Si
465 1317 606 1372 enim
673 1318 848 1376 factus
906 1331 988 1377 est
1041 1325 1292 1392 mundus,
1341 1328 1485 1396 quod
1532 1329 1719 1386 multis
1776 1331 1941 1386 etiam

363 1407 675 1465 Graecorum
709 1412 905 1482 placet,
941 1429 1162 1471 necesse
1208 1427 1290 1472 est
1319 1420 1523 1488 primos
1553 1421 1802 1479 homines
1833 1440 1940 1480 non

363 1499 536 1556 fuisse
563 1502 664 1558 hoc
701 1506 862 1562 modo
913 1518 1086 1574 natos,
1119 1509 1210 1564 sed
1262 1511 1442 1580 potius
1498 1529 1565 1568 ex
1613 1522 1774 1578 terra,
1822 1531 1941 1584 quae

364 1597 635 1652 rationem
677 1600 950 1654 seminum
976 1602 1316 1659 continebat.
1353 1603 1504 1671 Quod
1550 1608 1767 1674 quidem
1808 1608 1939 1662 mihi

364 1687 526 1758 longe
571 1691 751 1748 minus
783 1695 1063 1762 probabile
1093 1697 1328 1765 videtur,
1359 1714 1523 1768 quam
1556 1699 1740 1754 Jesum
1789 1703 1936 1757 nasci

361 1781 590 1851 perinde
613 1798 674 1838 ac
690 1797 917 1842 cancros
943 1788 1212 1856 homines,
1231 1791 1450 1845 dimidia
1474 1792 1665 1846 saltem
1682 1809 1745 1847 ex
1768 1804 1936 1861 parte.

365 1869 472 1926 Sed
524 1875 782 1942 quoniam
832 1892 953 1932 cum
1006 1878 1212 1934 Grzecis
1267 1881 1511 1950 agimus,
1557 1898 1664 1937 non
1705 1885 1939 1939 alienum

364 1962 528 2019 fuerit
557 1965 716 2019 etiam
746 1965 950 2023 Graecis
977 1968 1222 2024 historiis
1247 1971 1344 2035 uti,
1371 1980 1429 2025 ut
1461 1988 1528 2027 ne
1557 1973 1656 2027 soli
1689 1989 1800 2028 rem
1831 1985 1941 2030 tam

365 2055 640 2110 insolitam
665 2057 874 2112 referre
906 2058 1206 2114 videamur.
1236 2057 1350 2115 Non
1375 2060 1694 2118 dubitarunt
1720 2064 1941 2134 quidam

365 2146 631 2212 scribere,
689 2162 812 2203 cum
861 2165 965 2204 non
1032 2159 1246 2206 veteres
1277 2159 1330 2205 et
1382 2152 1648 2220 heroicas,
1711 2157 1806 2210 sed
1857 2171 1944 2210 res

367 2238 661 2293 novissime
700 2251 877 2309 gestas
929 2249 1239 2306 narrarent,
1299 2242 1579 2299 Platonem
1613 2261 1679 2300 ex
1712 2246 1941 2314 Amphi-

367 2335 548 2386 ctione
598 2347 718 2388 esse
749 2341 958 2399 natum,
988 2333 1341 2403 Aristonique
1386 2336 1730 2391 interdictum
1775 2336 1944 2392 fuisse

367 2438 437 2477 ne
490 2425 558 2478 ad
611 2424 756 2479 illam
809 2425 1114 2489 accederet,
1173 2427 1344 2482 donec
1377 2425 1546 2480 tilium
1586 2442 1654 2482 ex
1697 2427 1944 2498 Apolline

367 2525 689 2584 conceptum
709 2519 1029 2587 peperisset.
1057 2515 1255 2568 Verum
1277 2517 1391 2572 haec
1421 2532 1581 2572 merae
1599 2527 1729 2573 sunt
1751 2517 1944 2573 fabulae

366 2605 469 2662 hoc
496 2608 731 2664 consilio
761 2611 1104 2681 excogitatae,
1134 2621 1189 2666 ut
1218 2626 1380 2680 quem
1413 2611 1686 2665 hominem
1728 2612 1944 2681 sapien-

368 2699 440 2752 tia
472 2709 526 2753 et
557 2701 759 2756 virtute
787 2705 1001 2758 caneris
1028 2701 1360 2759 antecellcre
1383 2702 1790 2768 existimabant,
1819 2705 1863 2758 is
1911 2717 1943 2756 a

367 2795 844 2864 praestantiorihus
891 2798 1364 2870 divinioribusque
1425 2799 1712 2869 principiis
1782 2812 1941 2852 suum

367 2903 568 2956 corpus
597 2887 830 2943 traxisse
880 2899 1196 2959 putaretur:
1248 2893 1400 2960 quasi
1458 2891 1508 2944 id
1561 2890 1780 2945 deceret
1825 2903 1940 2954 eos,

367 2980 458 3049 qui
495 2980 726 3049 majores
760 2988 906 3045 sunt,
935 2998 1095 3050 quam
1126 2982 1375 3036 homines
1403 2997 1526 3037 esse
1561 2981 1758 3037 solent.
1791 2980 1943 3048 Quod

370 3082 554 3126 autem
578 3073 769 3129 Celsus
806 3071 1048 3128 Judaeum
1084 3075 1310 3140 inducit,
1335 3074 1425 3144 qui
1461 3090 1582 3130 cum
1615 3074 1742 3129 Jesu
1771 3073 1944 3130 collo-

2047 595 2154 648 τῶν
2189 594 2378 664 γενῶν.
2420 595 2486 647 Τί
2530 591 2622 648 οῦν
2669 593 3004 666 παράδοξον,
3049 594 3096 646 εί
3131 591 3410 664 βουληθεις
3434 593 3464 644 ὁ
3489 591 3626 656 Θεὸς

2047 686 2187 742 θεῖόν
2216 703 2337 740 τινα
2381 685 2693 739 διδάσκοι).ον
2736 685 2948 756 πέμψαι
2977 683 3054 754 τῷ
3091 685 3240 752 γένει
3270 683 3378 736 τῶν
3407 681 3626 754 ἀνθρώ-

2047 794 2182 842 πων,
2239 777 2537 847 πεποίηκεν
2590 777 2711 832 ἀντὶ
2762 775 3134 848 σπερματικοῦ
3185 775 3366 844 λόγου,
3414 774 3510 828 τοῦ
3561 778 3626 829 ἐκ

2049 868 2246 940 μίξεως
2279 867 2384 922 τῶν
2416 870 2657 940 ἀρῤἐνων
2675 872 2796 931 ταῖς
2809 867 3070 937 γυναιξὶν,
3089 866 3232 936 ἄλλῳ
3257 867 3440 941 τρόπῳ
3469 867 3628 935 γενέ-

2049 961 2170 1014 σθαι
2206 961 2296 1014 τὸν
2327 959 2486 1028 λόγον
2529 960 2622 1014 τοῦ
2654 960 3087 1030 τεχθησομένου;
3119 959 3232 1013 Καὶ
3275 959 3393 1011 κατ’
3425 959 3626 1022 αὑτοὺς

2043 1051 2100 1106 δὲ
2121 1053 2246 1115 τοὺς
2271 1051 2555 1122 Ἕλληνας,
2590 1052 2648 1105 οὐ
2677 1053 2878 1114 πάντες
2911 1050 3185 1123 ἄνθρωποι
3219 1049 3276 1116 ἐξ
3310 1048 3501 1121 ἀνδρὸς
3532 1051 3626 1102 καὶ

2043 1143 2300 1213 γυναικὸς
2321 1145 2585 1213 ἐγένοντο.
2619 1145 2681 1197 Εἰ
2704 1143 2811 1216 γὰρ
2835 1144 3056 1214 γενητός
3078 1146 3264 1197 smus
3293 1144 3518 1213 κόσμος,
3549 1143 3628 1208 ὡς

2044 1238 2139 1290 καὶ
2165 1236 2381 1300 πολλοῖς
2447 1235 2714 1307 Ἑλλήνων
2735 1238 2948 1308 ἤρεσεν,
2983 1237 3192 1307 ἀνάγκη
3223 1237 3347 1300 τοὺς
3372 1235 3626 1307 πρώτους

2048 1331 2120 1401 μὴ
2157 1331 2219 1382 ἐκ
2256 1330 2542 1394 συνουσίας
2573 1331 2872 1398 γεγονέναι,
2926 1330 3040 1382 ἀλλ’
3073 1330 3181 1382 ἀπὸ
3210 1330 3331 1400 γῆς,
3367 1347 3626 1400 σπερμα-

2041 1421 2211 1474 τικῶν
2235 1421 2408 1489 λόγων
2429 1422 2737 1475 συστάντων
2765 1422 2823 1473 ἐν
2853 1425 2918 1492 τῇ
2943 1425 3034 1492 γῇ.
3065 1423 3200 1474 ’Ὁπε
3209 1440 3240 1492 ρ
3263 1419 3414 1492 οἶμαι
3449 1439 3627 1490 παρα-

2043 1511 2218 1576 δοξότε
2227 1530 2318 1583 ρον
2349 1509 2484 1566 εἶναι
2500 1511 2592 1566 τοῦ
2612 1512 2670 1578 ἐξ
2688 1512 2918 1583 ἡμίσους
2934 1513 3135 1584 ὁμοίως
3157 1517 3268 1576 τοῖς
3289 1513 3494 1576 λοιποῖς
3512 1512 3625 1582 (85)

2043 1603 2353 1674 ἀνθρώποις
2397 1604 2648 1673 γενέσθαι
2703 1605 2791 1657 τὸν
2847 1604 3074 1676 Ἰησοῦν.
3133 1605 3295 1658 Οὐδὲν
3335 1605 3378 1657 δ’
3421 1605 3626 1659 ἄτοπον

2043 1697 2178 1768 πρὸς
2215 1696 2476 1768 ’Έλληνας
2514 1697 2607 1750 καὶ
2632 1697 2967 1766 Ἑλληνικαῖς
3005 1696 3262 1768 ἱστορίαις
3291 1695 3624 1767 χρήσασθαι,

2043 1787 2128 1840 ἵνα
2178 1787 2251 1858 μὴ
2294 1786 2537 1856 δοκῶμεν
2577 1788 2726 1858 μόνοι
2769 1789 2836 1856 τῇ
2869 1785 3157 1859 παραδόξῳ
3197 1787 3404 1856 ἱστορίᾳ
3449 1784 3629 1856 ταύτῃ

2044 1880 2364 1950 κεχρῆσθαι.
2401 1879 2586 1944 Ἔδοξε
2621 1879 2728 1950 γάρ
2764 1897 2906 1932 τισιν
2937 1880 2997 1931 οὑ
3027 1879 3154 1950 περὶ
3193 1878 3431 1948 ἀρχαίων
3461 1877 3628 1930 τινῶν

2047 1971 2294 2043 ἱστοριῶν
2325 1973 2415 2025 καὶ
2438 1970 2712 2042 ἡρωϊκῶν,
2747 1968 2882 2022 ἀλλά
2913 1971 3008 2022 καὶ
3041 1969 3165 2040 περί
3199 1985 3356 2021 τινων
3387 1967 3514 2038 χθὲς
3529 1969 3628 2022 καὶ

2045 2061 2238 2134 πρώην
2267 2059 2595 2131 γενομένων,
2628 2059 2937 2132 ἀναγράψαι
2983 2059 3060 2122 ὡς
3103 2057 3342 2122 δυνατὸν,
3395 2058 3478 2109 ὅτι
3529 2058 3629 2110 καὶ

2043 2155 2268 2207 Πλάτων
2313 2152 2422 2206 ἀπὸ
2471 2153 2568 2222 τῆς
2631 2151 3008 2225 ’Λρφικτιόνης
3057 2149 3168 2220 (86)
3207 2149 3415 2217 γέγονε,
3451 2148 3630 2201 κωλυ-

2045 2245 2223 2309 Θέντος
2255 2245 2348 2298 τοῦ
2374 2245 2693 2316 ’Λρίστωνος
2720 2245 2854 2315 αὐτῇ
2878 2241 3166 2305 συνελθεῖν,
3195 2241 3298 2304 ἕως
3324 2241 3630 2312 ἀποκυήσει

1988 2379 2000 2392 .
2042 2336 2134 2390 τὸν
2161 2337 2219 2404 ἐξ
2247 2335 2579 2400 ’Λπόλλωνος
2613 2336 2908 2408 σπαρέντα.
2954 2334 3112 2387 Ἀλλὰ
3139 2332 3310 2386 ταῦτα
3353 2333 3450 2404 μὲν
3494 2333 3632 2402 ἁλη-

2045 2428 2152 2492 Οῶς
2181 2428 2358 2500 μῦθοι,
2391 2429 2712 2499 κινήσαντες
2747 2428 2856 2499 (87)
2887 2429 2966 2489 είς
2992 2426 3053 2478 τὸ
3082 2425 3388 2480 ἀναπλάσαι
3417 2423 3629 2477 τοιοῦτό

2044 2538 2094 2573 τι
2134 2521 2263 2593 περὶ
2305 2519 2516 2591 ἀνδρὸς,
2567 2519 2626 2572 ὃν
2679 2516 2924 2590 ἐνόμιζον
2982 2518 3199 2590 μείζονα
3253 2517 3360 2569 τῶν
3415 2515 3628 2570 πολλῶν

2047 2609 2235 2680 ἔχοντα
2271 2609 2464 2679 σοφίαν
2497 2611 2591 2662 καὶ
2620 2609 2870 2680 δύναμιν,
2899 2609 2993 2662 καὶ
3027 2609 3134 2662 ἀπὸ
3167 2609 3490 2680 κρειττόνων
3529 2607 3628 2659 καὶ

2047 2703 2334 2775 θειοτέρων
2364 2702 2692 2774 σπερμάτων
2724 2704 2821 2772 τὴν
2853 2701 3026 2773 ἀρχὴν
3055 2701 3153 2770 τῆς
3188 2700 3498 2763 συστάσεως
3529 2700 3626 2753 τοῦ

2048 2798 2299 2868 σώματος
2325 2796 2623 2868 εἰληφέναι,
2655 2795 2729 2859 ὡς
2751 2795 2893 2848 τοῦθ’
2917 2795 3154 2866 ἁρμόζον
3181 2797 3291 2855 τοῖς
3325 2795 3564 2864 μείζοσιν
3591 2793 3626 2864 ἦ

2049 2890 2191 2944 κατὰ
2214 2889 2516 2959 ἄνθρωπον·
2541 2890 2662 2941 ἐπεὶ
2690 2888 2746 2941 δὲ
2777 2889 2867 2940 τὸν
2907 2887 3152 2941 Ἰουδαῖον
3179 2889 3206 2940 ὁ
3233 2887 3334 2939 Κέὶ
3349 2904 3437 2949 σος
3470 2887 3626 2956 είσή-

2045 2999 2183 3050 γαγε
2211 2981 2594 3052 διαλεγόμενον
2622 2978 2700 3050 τῷ
2741 2977 2932 3048 Ἰησοῦ,
2952 2979 3044 3030 καὶ
3073 2977 3396 3048 διασύροντα
3415 2978 3509 3048 τὴν
3529 2977 3626 3046 (ὡς

2044 3072 2256 3144 οἴεται),
2282 3073 2641 3144 προσποίησιν
2667 3071 2765 3141 τῆς
2795 3073 2856 3122 ὲκ
2903 3069 3176 3141 Παρθένου
3224 3069 3488 3138 γενέσεως
3527 3069 3626 3122 αὑ-

370 3180 540 3234 qucns
576 3167 756 3221 fictam
784 3167 924 3235 ejus,
963 3176 1018 3223 ut
1051 3177 1228 3237 putat,
1261 3183 1328 3223 ex
1363 3168 1570 3238 virgine
1603 3168 1941 3222 nativitatem

2047 3162 2163 3226 τοῦ,
2196 3163 2428 3235 φέροντα
2455 3164 2581 3226 τοὺς
2623 3161 2966 3233 Ἑλληνικοὺς
3006 3159 3206 3230 μύθους
3253 3160 3380 3229 περὶ
3411 3158 3624 3226 Δανάης

374 3257 632 3314 conviciis
683 3258 906 3314 incessit
953 3271 1185 3328 eamque
1235 3259 1352 3314 loco
1399 3258 1562 3336 habet
1613 3257 1945 3326 fabularum,

379 3469 719 3530 xacnt.,cap.
737 3457 836 3512 20:
857 3476 876 3509 ι
909 3459 1153 3516 Diximus
1176 3461 1242 3516 de
1265 3461 1528 3517 viduitate
1550 3462 1753 3530 avium,
1783 3477 1935 3516 eam-

373 3544 480 3596 que
511 3529 577 3582 ab
625 3530 732 3582 i.lis
777 3531 1006 3599 primum
1045 3539 1289 3586 exortam
1325 3546 1446 3586 esse
1473 3529 1752 3597 virtutem.
1783 3533 1934 3587 Nunc

373 3599 441 3654 de
471 3599 781 3668 integritate
809 3602 1075 3665 dicamus,
1106 3618 1224 3670 quae
1249 3604 1302 3657 in
1337 3603 1588 3672 plurimis
1617 3603 1830 3670 quidem
1861 3605 1935 3658 ita

375 3683 496 3726 esse
527 3681 892 3740 asseveratur,
931 3681 988 3724 ut
1013 3674 1184 3740 possit
1211 3673 1379 3728 etiam
1407 3674 1463 3726 in
1501 3673 1808 3728 vulturibus
1837 3674 1936 3727 de—

373 3741 656 3811 prehendi.
690 3739 967 3810 Ncgantur
1012 3739 1156 3797 enim
1199 3743 1445 3798 vultures
1486 3743 1768 3811 indulgere
1807 3758 1938 3798 con-

375 3810 605 3882 cubitui,
657 3811 999 3882 etconjugali
1035 3815 1268 3881 quodam
1297 3829 1394 3868 usu
1439 3810 1806 3882 nuptialisque
1847 3827 1938 3867 co-

374 3880 682 3952 pulatisorte
709 3881 946 3944 misceri,
979 3880 1140 3952 attjue
1171 3885 1242 3937 ita
1271 3883 1390 3938 sine
1421 3880 1530 3938 ullo
1573 3880 1936 3941 masculorum

376 3951 666 4020 concipere
700 3953 930 4024 semine,
957 3962 1012 4007 et
1055 3951 1173 4024 sine
1203 3953 1588 4021 conjunctione
1642 3969 1931 4024 generare,

375 4017 642 4094 natosque
671 4036 737 4076 ex
759 4017 844 4076 bis
866 4023 918 4076 in
958 4023 1180 4094 multam
1213 4017 1425 4079 aetatem
1457 4023 1628 4094 longae
1642 4017 1783 4079 'vitze
1817 4017 1938 4092 pro-

376 4093 592 4157 cedere,
627 4102 687 4147 ut
714 4109 884 4162 usque
921 4092 988 4146 ad
1017 4105 1233 4148 centum
1273 4109 1442 4150 annos
1475 4092 1596 4149 vitae
1626 4109 1816 4148 eorum
1854 4109 1940 4148 se-

375 4163 492 4234 ries
529 4163 898 4231 producatur;
935 4177 1032 4218 nec
1077 4164 1236 4219 facile
1285 4179 1377 4219 eos
1424 4167 1636 4234 angusti
1680 4165 1780 4220 aevi
1817 4163 1938 4218 finis

376 4233 634 4302 excipiat.
664 4233 802 4300 Quid
841 4234 1013 4299 aiunt,
1051 4238 1142 4304 qui
1183 4235 1357 4290 solent
1388 4233 1569 4290 nostra
1609 4235 1784 4290 ridere
1827 4249 1942 4304 my-

375 4305 573 4366 steria,
595 4318 718 4357 cum
752 4306 978 4358 audiunt
1006 4307 1148 4372 quod
1185 4306 1334 4372 virgo
1380 4305 1699 4372 generavit,
1754 4315 1808 4359 et
1843 4304 1946 4358 iut-

375 4373 690 4442 possibilcm
726 4375 1157 4445 innuptae,cujus
1201 4377 1460 4444 pudorem
1494 4376 1636 4429 nulla
1667 4376 1768 4445 viri
1817 4390 1946 4430 con-

376 4445 607 4516 suetudo
655 4454 997 4512 temerasset,
1041 4444 1362 4516 eitistimant
1401 4447 1657 4516 partum?
1688 4444 1947 4515 lmpossi-

375 4513 486 4586 bile
516 4522 734 4583 putatur
759 4517 812 4570 in
840 4517 936 4571 Dei
973 4527 1168 4580 matre,
1198 4515 1338 4585 quod
1377 4513 1429 4570 in
1485 4513 1794 4571 vulturibus
1823 4531 1947 4586 pos-

377 4583 535 4655 sibile
561 4599 664 4655 non
698 4589 962 4655 negatur?
991 4589 1120 4642 Avis
1144 4583 1264 4642 sine
1293 4587 1534 4642 masculo
1555 4589 1715 4655 parit,
1749 4596 1806 4642 et
1825 4583 1946 4639 iml-

375 4652 482 4727 lus_
499 4654 727 4727 refellit;
759 4652 812 4711 et
841 4659 967 4727 quia
1003 4660 1326 4726 desponsata
1357 4659 1476 4713 viro
1513 4652 1680 4712 Maria
1703 4652 1936 4726 peperit,

375 4723 600 4793 pudoris
635 4727 752 4794 ejus
799 4723 1006 4782 faciunt
1053 4723 1436 4798 quaestionem.
1488 4727 1678 4782 Nonne
1706 4723 1944 4781 adverti—

377 4809 524 4868 mus,
552 4799 694 4865 quod
742 4798 1002 4853 Dominus
1027 4815 1091 4853 ex
1123 4799 1238 4867 ipsa
1284 4807 1474 4851 natura
1508 4799 1734 4868 plurima
1765 4811 1949 4868 exem-

377 4864 466 4945 pla
507 4864 632 4920 ante
677 4871 959 4945 praemisit,
1005 4864 1203 4938 quibus
1249 4864 1949 4945 suscepta;incarnationis

381 4934 632 5004 decorem
667 4934 943 5004 probaret,
977 4934 1040 4992 et’
1068 4948 1338 4992 astrueret
1373 4934 1944 4992 veritatem?i'l‘crtull.

382 5001 480 5059 lib.
504 5001 751 5058 (ult'eraus
783 5001 1008 5072 Valent;
1025 5008 1188 5062 Basil.
1211 5007 1468 5065 llexaem.
1485 5009 1630 5061 Ιιοιιι.
1655 5008 1722 5071 8;
1749 5005 1948 5059 [Eliatu

380 5072 481 5132 lib.
520 5091 580 5140 ιι,
609 5091 730 5143 cap.
775 5078 864 5142 46,
899 5077 974 5131 De
1002 5080 1338 5131 animalibus.
1369 5079 1502 5132 Vide
1543 5077 1819 5144 llorapoll.
1859 5076 1948 5130 lib.

382 5158 424 5210 ι,
457 5161 580 5212 cap.
616 5146 704 5210 li,
741 5149 828 5212 l2;
859 5147 1209 5201 Plutarchum
1239 5149 1289 5202 in
1329 5148 1624 5213 Qawstion.
1655 5146 1947 5211 Romanis;

385 5227 661 5288 auctorem
710 5220 952 5288 epistola:
1005 5219 1072 5271 ad
1104 5217 1324 5274 llieron.
1367 5220 1445 5274 De
1473 5235 1618 5273 cerea
1652 5215 1948 5288 Part/tali,-

387 5287 556 5344 Gesn.
601 5287 696 5342 lib.
727 5284 848 5353 viti,
885 5289 958 5342 De
998 5289 1134 5344 avib.
1165 5290 1522 5353 Aldrovand.,
1553 5288 1648 5341 lih.
1697 5303 1758 5342 ιιι
1792 5284 1956 5339 0mi-

385 5357 606 5428 tltolog.,
632 5373 752 5429 cap.
793 5363 839 5422 l,
869 5361 941 5414 De
964 5359 1268 5414 vulturibus
1301 5377 1312 5411 :
1351 5378 1370 5410 ‹
1423 5361 1488 5415 Ut
1515 5375 1640 5413 vero
1673 5359 1800 5426 quid
1833 5375 1957 5410 seu-

386 5431 516 5483 tiam
553 5431 728 5484 hacin
755 5446 811 5484 re
831 5431 1034 5494 dicam,
1063 5431 1348 5498 plerosque
1380 5433 1534 5486 coire
1572 5441 1755 5483 certus
1801 5442 1953 5490 sum;

387 5509 441 5554 et.
475 5500 727 5572 fabulosa
771 5511 980 5568 reputo,
1033 5517 1152 5570 qua:
1181 5501 1246 5555 de
1273 5513 1537 5572 conceptu
1573 5516 1641 5554 ex
1675 5507 1834 5556 vento
1879 5501 1960 5551 l'e-

386 5581 600 5626 runtur.
644 5589 661 5621 ι
697 5571 954 5625 Sreucsu.

460 5641 574 5710 (85)
597 5639 954 5711 γιιωευιιοιὶυε
981 5658 1077 5711 pro
1101 5642 1308 5707 λοιποῖς
1342 5644 1394 5696 in
1421 5649 1572 5695 textu
1615 5641 1798 5708 habet,
1838 5639 1961 5692 πολ-

387 5709 523 5784 λοῖς.
553 5710 696 5766 Idem
738 5711 878 5766 infra
909 5709 995 5768 adv
1021 5715 1346 5784 marginem,
1380 5712 1473 5767 καὶ
1513 5711 1702 5784 πρώην
1743 5729 1963 5782 γεγενη-

437 5781 587 5834 ένων.

624 5855 1048 5928 Apprime-iane.
1081 5855 1170 5914 Sic
1214 5869 1401 5913 omnes
1448 5871 1576 5912 mss.
1603 5855 1789 5927 sicque
1823 5855 1962 5910 infra

2055 3258 2150 3311 καὶ
2174 3255 2538 3328 Μελανίππης
2562 3255 2674 3326 (88)
2703 3255 2794 3308 xui.
2829 3252 3012 3326 Αὔγης
3040 3253 3133 3306 καὶ
3169 3237 3473 3321 Ἀντιόπης·
3541 3251 3628 3302 λε-

2043 3463 2310 3530 Origenes
2347 3461 2485 3516 libro
2516 3469 2688 3524 sexto,
2729 3474 2956 3514 numero
2983 3470 3198 3514 octavo.
3237 3457 3620 3512 Verumtamen

2045 3534 2290 3602 profanis
2321 3532 2640 3586 auctoribus
2672 3531 2915 3602 Platonis
2958 3539 3134 3602 n_i_ater
3167 3531 3626 3602 vocaturllaptx—

2043 3599 2214 3674 τιόνη.
2241 3601 2472 3674 Elian,
2492 3602 2594 3674 lib.
2620 3617 2674 3674 it,
2701 3616 2822 3674 cap.
2855 3599 3155 3674 ἐξηγητῇ
3181 3599 3348 3674 Hist.;
3375 3599 3620 3674 Hieron"

2046 3674 2140 3728 lib.
2175 3668 2192 3726 ι
2223 3672 2356 3726 Adv.
2381 3671 2584 3735 Jovin.;
2615 3671 2895 3736 Apuleius,
2927 3669 3020 3723 lib.
3053 3686 3068 3722 ι
3097 3669 3174 3722 De
3213 3671 3445 3734 dogmat.
3484 3668 3616 3722 Pla-

2047 3746 2223 3808 tonis;
2283 3744 2478 3811 Suidas
2531 3743 2582 3795 in
2614 3739 2778 3811 ,Plat.
2806 3755 2824 3794 :
2875 3740 3230 3811 Περικτιόνης
3333 3739 3620 3811 Ποτώνης.

2052 3811 2296 3868 Laertius
2330 3813 2382 3880 in
2425 3809 2565 3864 Plat.
2592 3808 2991 3873 {Er-rationm:
3019 3810 3074 3863 δὲ
3104 3808 3286 3880 ξὲντῷ
3328 3808 3626 3880 ἐπιγραφο-

2050 3883 2196 3962 μένῳ
2229 3873 2548 3962 Πλΐιτῳνος
2573 3881 2708 3962 περὶ
2734 3881 3003 3962 δείπλνοιί,
3020 3873 3128 3962 καὶ
3155 3873 3443 3962 Κλέαρχος
3461 3873 3626 3962 ἓν.τῷ

2045 3951 2367 4036 Πλίξτωνος
2392 3951 2679 4036 ἐγκωμίῳ,
2705 3953 2798 4036 καὶ
2825 3951 3170 4036 ,ᾎΛναξιλίδης
3201 3953 3256 4036 ὲν
3389 3951 3626 4036 δευτέρῳ

2046 4025 2188 4094 Περὶ
2213 4017 2584 4093 scaeua-ptui,
2608 4023 2790 4094 φησιν’
2825 4017 3209 4094 Ἀθήνῃσιν
3237 4017 3390 4094 λόγος
3419 4017 3626 4094 ὡραίαν

2045 4091 2225 4148 οὖσαν
2242 4094 2338 4166 τὴν
2357 4091 2711 4166 Περικτιόνην
2737 4091 3019 4166 βιάζεσθαι
3037 4093 3138 4166 cev
3168 4091 3488 4166 Ἃρίστωνα,
3530 4093 3626 4166 καὶ

2050 4165 2123 4237 μὴ
2165 4161 2810 4237 τυγχάνεινππαυόμενόν
2839 4181 2896 4237 τε
2939 4165 3036 4237 τῆς
3087 4162 3208 4237 βίας
3238 4161 3625 4237 ίδείντὴν-τοῦ

2067 4232 2396 4298 tamtum;
2435 4235 2577 4303 ὄψιν,
2624 4232 2744 4288 ὅθεν
2771 4232 3224 4305 καθαρὰναάμου
3255 4232 3484 4305 φυλάξαι
3521 4234 3628 4296 ἓως

2051 4308 2151 4378 τῆς
2199 4301 2574 4378 ἀποκυήσεως.
2631 4324 2650 4378 ι
2699 4301 3133 4378 ὃιιρυδιιιριιέιιι
3172 4301 3627 4378 lt‘pu‘laPlatonis

2056 4373 2284 4444 funebri,
2325 4373 2409 4431 ett
2435 4373 2754 4431 Clearchus
2779 4377 2831 4428 iu
2871 4373 3113 4429 Platonis
3173 4373 3519 4444 laudatione,
3571 4383 3630 4427 et

2054 4442 2374 4502 Anaxilides
2415 4447 2465 4500 in
2499 4446 2739 4499 secundo
2777 4445 2852 4498 De
2889 4443 3212 4513 plti1050pltis
3247 4442 3420 4508 aiunt,
3455 4445 3628 4498 Athe-

2059 4519 2144 4571 nis
2195 4516 2396 4570 fatuam
2447 4514 2638 4578 fuisse,
2667 4516 2977 4569 Aristonem
3006 4530 3126 4568 eum
3158 4513 3480 4568 Pcrielionaa
3515 4514 3624 4568 vim

1981 4573 2026 4627 Ῑ)
2057 4587 2279 4643 afferret
2305 4625 2322 4649 ,
2351 4586 2551 4639 frustra
2599 4573 2853 4639 conatum
2905 4599 3057 4650 esse;
3107 4597 3345 4652 cumque
3381 4585 3447 4635 ab
3487 4584 3629 4638 infe-

2055 4659 2224 4712 renda
2259 4656 2310 4709 vi
2343 4656 2660 4719 destitisset,
2684 4654 2948 4723 Apollinis
2987 4655 3222 4724 Speciem
3277 4652 3350 4706 illi
3385 4653 3622 4707 oblatam

2049 4743 2167 4782 esse
2202 4744 2216 4780 :
2255 4727 2508 4795 Quocirca
2533 4739 2650 4778 eam
2673 4741 2702 4778 a
2734 4725 3022 4792 complexu
3061 4727 3324 4793 integrant
3357 4737 3530 4795 usque
3557 4729 3626 4778 ad

2051 4792 2633 4864 partum'servavisse.
2677 4813 2697 4847 ι
2735 4795 3015 4864 Apuleius,
3041 4792 3263 4848 llieroit.
3306 4803 3360 4848 et
3403 4792 3622 4858 Snidas,

2051 4867 2185 4922 ibid.
2211 4866 2352 4920 Plut.
2384 4865 2567 4934 Symp.
2599 4865 2691 4919 lib.
2718 4880 2839 4930 Vm,
2868 4874 3060 4934 qttu'st.
3091 4865 3142 4928 i,
3163 4866 3292 4919 dicit
3315 4865 3622 4918 Aristonem

2056 4937 2328 4991 audivisse
2360 4951 2570 4998 vocem,
2597 4952 2716 5003 qua:
2732 4937 2907 4990 eidem
2939 4950 3288 5002 congressum
3313 4949 3408 5002 per
3431 4935 3622 4988 decem

2053 5022 2269 5062 menses
2289 5006 2582 5076 prohibuit.
2617 5006 2906 5074 Eumdem,
2936 5007 2979 5060 si
3007 5017 3182 5072 vacat,
3221 5005 3616 5073 disquireutetu

2052 5079 2199 5134 vide.
2241 5078 2505 5132 Sreucen.

2127 5149 2238 5216 (87)
2279 5148 2465 5216 Μῦθοι
2511 5145 2890 5212 κινήσαντες.
2939 5145 3222 5202 Baltercllo
3271 5146 3620 5202 scribendum

2058 5218 2306 5280 videtur,
2357 5215 2512 5287 μῦθοι
2543 5217 2905 5288 κινηθέντων·
2961 5217 3154 5272 Guieto
3205 5229 3408 5272 autem.
3445 5218 3619 5288 μῦθοι.

2071 5288 2430 5358 Ἐκινήθησαν
2455 5289 2562 5359 γὰρ
2591 5287 2918 5359 ἀναπλάσαι.

2131 5357 2249 5430 (88)
2273 5357 2692 5430 Μελανίππης,
2709 5358 2868 5412 Forte
2885 5359 3224 5430 scribendum
3242 5357 3617 5430 Μεναλίππης.

2061 5428 2262 5484 Ibidem
2308 5444 2412 5482 non
2446 5430 2538 5482 καὶ
2561 5429 2761 5496 Λύγῆς,
2792 5431 2887 5484 sed
2925 5431 3016 5482 καὶ
3049 5428 3232 5498 Αὔγης
3267 5431 3425 5482 habet
3453 5428 3624 5486 codex

2062 5500 2410 5562 Basilecnsis,
2439 5511 2492 5554 et
2525 5502 2598 5552 ita
2631 5501 2890 5552 scribitur
2919 5503 3058 5568 apud
3103 5499 3488 5568 Apollodorum
3541 5501 3626 5556 Bi-

2065 5571 2256 5626 blioth.
2279 5570 2411 5624 libb.
2445 5587 2480 5624 ιι
2507 5580 2559 5624 et
2587 5586 2670 5633 ιιι,
2697 5572 2884 5638 sicque
2917 5571 3133 5624 nomina
3154 5571 3365 5640 pr0pria
3395 5583 3622 5625 accentu

2063 5651 2269 5694 mutato
2307 5639 2375 5693 ab
2411 5641 2535 5694 aliis
2585 5641 2892 5694 nominibus
2951 5639 3206 5709 distingui
3263 5645 3483 5696 debent.
3545 5643 3620 5696 ita

2065 5717 2228 5780 supra
2268 5711 2399 5765 libb.
2429 5711 2676 5779 impressi
2707 5719 2856 5780 recte
2880 5713 3124 5765 scribunt
3153 5710 3346 5777 Λύξου,
3375 5728 3496 5764 cum
3529 5714 3624 5764 ad-

2062 5778 2318 5850 jectivum
2376 5778 2574 5836 habent.
2623 5778 2808 5845 Λοξός.
2845 5781 2946 5850 ,ιω
2995 5783 3386 5835 eelcbcrrituus
3417 5783 3621 5836 Burnus

2076 5853 2232 5909 lliusl.
2257 5853 2330 5908 B'.
2360 5851 2464 5909 59?.
2487 5847 2961 5918 εΕῦκτιτονΑἷπυ,
2983 5853 3046 5908 ad
3077 5853 3217 5922 quod
3235 5853 3382 5908 bt'cv.
3409 5853 3616 5910 δηίοις
