3962 6414
277 264 357 319 733

1419 255 1700 314 CONTRA
1737 252 2012 310 CELSUM
2049 253 2177 310 LIB.
2214 253 2254 308 Ι.

3371 247 3474 302 751

278 391 418 450 κτεον,
435 387 687 442 δτιταῦτα
702 383 997 458 βωμολόχῳ
1021 383 1222 456 ἔπρεπε
1250 381 1316 435 τὰ
1347 383 1586 452 ῥήματα,
1619 379 1713 434 καὶ
1736 381 1798 432 οὐ

1915 395 2039 448 quas
2069 381 2134 434 de
2169 380 2370 443 Danae,
2399 339 2725 444 Melanippe,
2770 372 2919 442 Auge
2947 380 2999 428 et
3043 373 3270 442 Antiope
3299 371 3473 428 Graeci

275 476 572 541 σπουδάζοντι
595 477 656 528 ἐν
683 479 754 547 τῇ
783 475 1114 546 ἀπαγγελία.

329 654 429 708 Ἔτι
459 652 510 704 δὲ
537 649 718 704 λαϐὼν
757 651 869 704 ἀπὸ
894 651 996 721 τῆς
1027 647 1418 720 γεγραμμένης
1456 648 1513 699 ἐν
1545 645 1623 716 τῷ
1658 643 1800 699 κατὰ

270 745 499 802 Ματθαῖον
527 741 848 814 Εὑαγγελίῳ
884 742 1125 813 ἱστορίας
1153 740 1279 812 περὶ
1310 738 1403 793 τοῦ
1430 741 1509 802 είς
1528 737 1800 806 Αἴγυπτον

268 833 690 906 ἀποδεδημηκέναι
715 835 808 887 τὸν
848 832 1074 904 Ἰησοῦν,
1099 835 1213 895 τοῖς
1247 832 1342 902 μὲν
1373 829 1693 901 παραδόξοις
1721 830 1802 891 είς

269 928 392 981 τοῦτο
415 928 509 980 οὐκ
545 926 894 990 ἐπίστευσεν,
923 924 1036 978 οὔθ’
1068 925 1148 978 ὅτι
1177 922 1404 992 ἄγγελος
1443 920 1602 976 τοῦτο
1635 921 1801 991 ἔχρη-

269 1037 356 1082 σεν,
387 1018 499 1071 οὔτε
526 1019 578 1072 εί
601 1036 655 1071 τι
684 1018 939 1089 ᾐνίσσετο
977 1019 1004 1071 ὁ
1055 1014 1370 1071 καταλιπὼν
1396 1015 1496 1086 τὴν
1546 1013 1802 1067 Ἰουδαίαν

276 1110 467 1180 Ἰησοῦς,
509 1111 600 1163 καὶ
627 1111 688 1163 ἐν
722 1110 987 1180 Αίγύπτῳ
1022 1107 1304 1179 ἐπιδημῶν
1324 1123 1338 1137 ο
1369 1105 1639 1161 ἀνέπλασε
1663 1104 1719 1157 δέ
1749 1121 1802 1156 τι

265 1205 435 1278 ἕτερον,
467 1201 942 1273 συγκαταθέμενος
967 1200 1064 1272 μέν
1096 1216 1211 1262 πως
1235 1200 1354 1261 ταῖς
1374 1195 1692 1268 παραδόξοις
1720 1195 1805 1248 δυ-

265 1296 476 1366 νάμεσιν,
508 1294 572 1357 ἃς
615 1292 829 1364 Ἰησοῦς
857 1291 1132 1362 ἐποίησεν,
1177 1290 1236 1342 ἐν
1279 1282 1366 1351 αἷς
1403 1289 1529 1350 τοὺς
1577 1285 1804 1348 πολλοὺς

262 1387 442 1440 έπισεν
476 1384 790 1438 ἀκολουθεῖν
839 1382 985 1454 αύτῷ
1015 1382 1090 1445 ὡς
1117 1379 1338 1452 Χριστῷ
1361 1396 1374 1409 ·
1407 1377 1712 1432 διαϐάλλειν
1757 1376 1806 1430 δ’

261 1477 400 1540 αὑτὰς
427 1476 738 1548 βουλόμενος
770 1477 848 1538 ὡς
877 1475 986 1528 ἀπὸ
1015 1474 1260 1544 μαγείας,
1287 1474 1379 1526 καὶ
1409 1473 1470 1526 ού
1501 1472 1620 1544 θείᾳ
1644 1471 1804 1526 δυνά-

263 1586 332 1639 μει
349 1567 729 1638 γεγενημένας·
748 1567 886 1636 φησὶ
903 1565 1011 1636 γὰρ
1029 1587 1046 1616 ι
1070 1565 1230 1618 αὑτὸν
1260 1564 1470 1618 σκότιον
1498 1566 1798 1637 τραφέντα,

261 1659 666 1730 μισθαρνήσαντα
715 1660 798 1721 είς
844 1657 1142 1725 Αἴγυπτον,
1185 1657 1464 1728 δυνάμεων
1489 1674 1650 1710 τινων
1681 1673 1801 1710 πει-

266 1751 487 1822 ραθέντα,
526 1749 735 1803 ἐκεῖθεν
779 1749 1121 1813 ἐπανελθεῖν,
1153 1749 1284 1803 Θεὸν
1328 1749 1394 1802 δι’
1441 1750 1657 1812 ἐκείνας
1701 1747 1801 1811 τὰς

256 1843 476 1914 δυνάμεις
513 1842 704 1896 ἐαυτὸν
748 1840 1170 1912 ἀναγορεύοντα.
1217 1861 1235 1894 ι
1299 1840 1442 1909 Ἐγὼ
1489 1841 1533 1893 δ’
1561 1841 1661 1894 οὐκ
1704 1836 1800 1893 οἷδ’

254 1935 377 1999 ὅπως
415 1936 476 1989 ἂν
518 1935 693 2006 μάγος
729 1934 846 2005 (89)
880 1935 1185 2003 ἠγωνίσατο
1214 1932 1420 1997 διδάξαι
1466 1933 1643 2001 λόγον,
1678 1934 1800 1985 πεί-

257 2025 386 2080 θοντα
422 2027 590 2080 πάντα
629 2027 918 2098 πράττειν,
951 2026 1024 2089 ὡς
1059 2025 1197 2080 Θεοῦ
1230 2025 1540 2096 κρινοῦντος
1572 2023 1801 2077 ἕκαστον

255 2119 328 2172 ἐπὶ
367 2120 490 2172 πᾶσι
526 2121 641 2181 τοῖς
684 2117 1129 2189 πεπραγμένοιςο
1185 2117 1279 2169 καὶ
1316 2115 1457 2169 οὓτω
1496 2115 1800 2170 διατιθέντα

254 2211 352 2274 τοὺς
378 2209 561 2263 ἑαυτοῦ
601 2211 878 2282 μαθητὰς,
913 2205 994 2274 οἷς
1022 2209 1220 2280 ἤμελλε
1270 2209 1575 2280 χρήσασθαι
1615 2208 1801 2263 διακό-

255 2319 340 2364 νοις
359 2303 445 2371 τῆς
469 2301 664 2356 ἑαυτοῦ
694 2300 1066 2363 διδασκαλίας.
1098 2297 1244 2373 *Αρα
1265 2301 1371 2372 γὰρ
1403 2302 1641 2354 κάκεῖνοι
1661 2300 1801 2354 οὕτω

253 2393 544 2462 διδαχθέντες
572 2397 752 2446 ποιεῖν
779 2393 1057 2463 δυνάμεις,
1089 2393 1251 2464 ᾕρουν
1269 2394 1393 2455 τοὺς
1418 2393 1735 2455 ἀκούοντας,
1764 2393 1798 2465 ἢ

254 2485 344 2537 οὐδὲ
369 2486 616 2556 δυνάμεις
645 2485 868 2538 ἐποίουν
895 2501 908 2549 ;
943 2483 1016 2538 Τὸ
1051 2485 1148 2555 μὲν
1181 2481 1273 2538 οὖν
1308 2484 1508 2553 λέγειν,
1532 2486 1614 2538 ὅτι
1645 2484 1801 2537 οὐδα-

257 2577 346 2645 μῶς
383 2577 636 2648 δυνάμεις
681 2575 927 2638 ἐποίουν,
975 2575 1109 2628 ἀλλὰ
1149 2575 1535 2638 πιστεύσαντες
1575 2576 1802 2648 οὐδεμιᾷ

257 2668 398 2736 λόγων
449 2668 763 2739 ἱκανότητι,
826 2668 1222 2740 παραπλησίως
1266 2670 1332 2738 τῇ
1381 2669 1437 2720 ἐν
1489 2667 1798 2740 διαλεκτικῇ

260 2761 486 2832 Ἑλλήνων
528 2762 718 2832 σοφίᾳ,
761 2761 1046 2815 ἐπέδωκαν
1079 2763 1304 2824 ἑαυτοὺς
1339 2760 1415 2832 τῷ
1444 2762 1630 2815 καινὸν
1658 2761 1803 2814 διδά-

259 2871 377 2907 σκειν
400 2855 548 2924 λόγον
583 2850 668 2918 οἷς
709 2855 778 2908 ἂν
802 2854 1178 2926 ἐπιδημήσωσι
1197 2893 1212 2918 ,
1243 2855 1384 2908 πάνυ
1411 2856 1558 2910 ἐστὶν
1588 2854 1798 2924 ἄλογον.

253 2949 343 3000 Τίνι
363 2949 461 3022 γὰρ
485 2948 825 3022 θαρροῦντες
845 2947 1120 3001 ἐδίδασκον
1138 2948 1226 3002 τὸν
1255 2948 1432 3018 λόγον,
1465 2951 1560 3002 καὶ
1588 2951 1800 3003 ἐκαινο-

1832 1721 1874 1775 Β

1903 472 2208 525 finxerunt:
2244 471 2296 525 id
2314 484 2559 525 scurram
2594 467 2823 537 agentis,
2877 481 2982 520 non
3016 465 3158 520 serio
3190 464 3475 520 scribentis

1903 565 2138 618 hominis
2163 574 2267 618 est.
3321 605 3328 612 .

1971 656 2136 727 356
2161 657 2248 712 58.
2281 657 2545 711 Praeterea
2577 671 2643 710 ex
2680 653 2970 722 Evangelio
3005 649 3298 707 secundum
3334 647 3474 703 Mat-

1906 748 2104 802 thazuin
2125 751 2362 818 decerpit
2381 749 2659 804 historiam
2683 750 2749 802 de
2763 746 2887 802 Jesu
2911 747 2962 800 in
2982 745 3274 816 Egyptum
3290 745 3485 817 migra-

1907 841 2076 895 tione.
2125 841 2229 895 Sed
2265 841 2542 896 miraculis
2597 852 2724 895 tunc
2769 839 2996 909 patratis
3026 848 3078 892 et
3119 835 3474 890 admonitioni

1903 932 1971 986 ab
1985 933 2173 1002 angelo
2188 932 2346 988 facta:
2363 933 2631 1002 denegans
2650 933 2831 998 fidem,
2849 947 2946 985 nec
2971 929 3304 998 investigans
3339 939 3482 979 nun-

1903 1025 2033 1092 quid
2059 1024 2302 1094 mysterii
2334 1025 2523 1078 innuat
2549 1023 2662 1078 haec
2691 1020 2887 1077 Judznze
2913 1021 3194 1077 derelictio
3229 1020 3354 1074 etin
3376 1016 3476 1072 Ai}-

1907 1125 2130 1188 gyptum
2169 1116 2585 1187 fuga,quiddam
2612 1115 2865 1184 confingit
2889 1115 3053 1180 aliud,
3084 1127 3476 1181 assensumqne

1905 1209 2304 1276 quodammodo
2358 1209 2564 1277 pra:th
2595 1207 2871 1261 miraculis
2907 1221 3026 1274 qua!
3054 1204 3210 1260 Jesus
3242 1204 3388 1269 fecit,
3422 1213 3478 1257 et

1904 1299 2102 1368 quibus
2129 1298 2325 1354 multos
2363 1299 2604 1363 adduxit,
2630 1309 2690 1352 ut
2713 1299 2885 1367 ipsum
2918 1307 3172 1367 tanquam
3201 1296 3475 1350 Christum

1905 1398 2287 1458 sequerentur.
2320 1391 2390 1443 At
2434 1389 2693 1444 miracula
2739 1389 2825 1442 illa
2867 1403 2971 1442 non
3024 1389 3202 1443 divina
3252 1388 3476 1453 virtute,

1904 1481 1999 1536 sed
2021 1482 2249 1553 magicis
2268 1481 2478 1537 artibus
2505 1481 2646 1535 facta
2670 1496 2789 1536 esse
2812 1481 3188 1538 Culumnialur.
3208 1478 3302 1532 Ait
3329 1478 3476 1532 enim

1908 1594 1927 1626 ι
1975 1574 2125 1629 illum
2175 1574 2317 1630 clam
2371 1574 2683 1644 educatum,
2745 1589 2869 1628 cum
2930 1574 2986 1627 in
3038 1570 3276 1642 Egypto
3321 1584 3477 1624 suam

1905 1667 2139 1722 locasset
2186 1682 2407 1736 operam
2461 1675 2714 1736 artesque
2749 1664 3013 1719 eﬂiciendi
3047 1664 3303 1718 miracula
3339 1663 3479 1717 didi-

1905 1761 2090 1827 cisset,
2129 1760 2256 1814 hinc
2283 1775 2562 1814 reversum
2608 1774 2728 1814 esse
2759 1761 3010 1826 denique,
3041 1766 3095 1812 et
3123 1766 3341 1826 propter
3387 1755 3477 1809 illa

1905 1851 2165 1906 miracula
2229 1866 2287 1906 se
2338 1866 2440 1921 pro
2489 1853 2599 1906 Deo
2641 1851 2968 1905 venditasse.
3001 1867 3018 1900 ι
3048 1849 3156 1918 Ego
3203 1863 3332 1902 vero
3374 1862 3478 1900 non

1904 1946 2144 2016 intelligo
2209 1947 2483 2015 quomodo
2542 1959 2729 2013 magus
2786 1944 3061 1997 docuisset
3123 1944 3368 1997 homines
3427 1942 3478 1994 in

1901 2039 2154 2094 omnibus
2203 2039 2316 2094 suis
2344 2038 2558 2093 actibus
2585 2036 2844 2106 cogitare,
2879 2037 3044 2090 Deum
3085 2035 3212 2089 olim
3266 2035 3478 2089 illorum

1903 2130 2145 2184 omnium
2189 2127 2428 2198 iudicem
2458 2131 2764 2198 fore,atque
2792 2129 2865 2182 ita
2890 2143 3018 2182 suos
3047 2127 3338 2197 discipulos
3370 2127 3482 2180 ins-

1902 2224 2161 2290 tituisset,
2192 2223 2391 2293 quibus
2448 2237 2560 2277 sua:
2592 2220 2850 2276 doctrina:
2900 2221 3233 2274 administris
3286 2234 3482 2274 usurus

1909 2326 2050 2370 erat.
2083 2313 2215 2368 Nam
2242 2330 2311 2368 an
2361 2313 2609 2382 discipuli
2651 2315 2729 2366 sic
2760 2312 2993 2365 instituti
3026 2313 3300 2365 miraculis
3334 2313 3480 2378 capi-

1903 2409 2067 2461 ebant
2097 2407 2393 2471 auditores,
2441 2416 2534 2458 aut
2573 2407 2691 2460 sine
2743 2403 3058 2456 miraculis?
3114 2405 3304 2456 Dicere
3337 2404 3477 2456 nulla

1903 2513 1997 2553 eos
2031 2497 2222 2552 fecisse
2261 2497 2540 2563 miracula,
2602 2499 2697 2552 sed
2770 2498 3068 2552 credidisse
3113 2496 3378 2548 duntaxat
3427 2505 3487 2548 ct‘

1905 2589 2052 2643 nulla
2093 2588 2306 2659 adjutos
2366 2588 2722 2669 pegsuadendi
2769 2589 2996 2657 peritia,
3066 2587 3278 2656 qualem
3339 2584 3481 2655 apud

1905 2681 2122 2736 Grzecos
2175 2681 2461 2736 dialectica
2494 2680 2674 2744 docet,
2736 2694 2930 2733 novam
2973 2681 3296 2742 doctrinam,
3339 2693 3480 2748 quo-

1904 2789 2116 2844 cunque
2163 2773 2291 2828 ituri
2353 2781 2544 2836 erant,
2599 2772 2944 2841 promulgare
2997 2786 3282 2841 aggressos
3320 2786 3478 2837 esse,

1904 2867 2298 2936 perabsurdum
2321 2876 2424 2920 est.
2443 2864 2557 2930 Qua
2577 2865 2720 2918 enim
2739 2864 2934 2918 fiducia
2961 2863 3099 2917 hanc
3121 2863 3482 2932 praedicarent

1905 2959 2232 3024 doctrinam,
2262 2967 2319 3012 et
2362 2966 2626 3011 novarent
2651 2956 2870 3010 omnia?
2921 2954 2979 3008 Si
3008 2967 3186 3010 autem
3219 2955 3482 3010 miracula

253 3042 439 3111 τόμουν;
481 3043 542 3095 Εἰ
581 3043 640 3095 δὲ
683 3041 947 3112 δυνάμεις
975 3041 1189 3094 ἐτέλουν
1226 3043 1490 3108 κάκεῖνοι,
1538 3042 1660 3097 τίνα
1692 3043 1802 3114 ἔχει

1915 3053 2296 3122 patrabant,an
2320 3049 2497 3106 simile
2512 3049 2625 3103 veri
2655 3057 2737 3102 est
2767 3063 2954 3118 magos
2973 3063 3032 3103 se
3054 3056 3130 3103 tot
3165 3049 3216 3102 in
3242 3048 3480 3118 pericula

255 3133 542 3206 πιθανότητα
589 3134 652 3187 τὸ
693 3134 906 3205 μάγους
945 3134 1218 3199 τοσούτοις
1256 3135 1520 3200 κινδύνοις
1574 3138 1798 3201 ἑαυτοὺς

257 3229 690 3299 πιραδεϐληκέναι
723 3227 1046 3296 εἰσάγοντας
1066 3228 1174 3300 (90)
1193 3229 1536 3283 διδασκαλίαν
1568 3231 1799 3301 μαγείας

256 3317 662 3392 ἀπαγορεύουσαν
680 3337 696 3386 ;

307 3414 367 3466 Οὐ
408 3415 550 3468 δοκεῖ
599 3431 690 3486 μοι
734 3411 1110 3482 ἀγωνίσασθαι
1159 3413 1294 3484 πρὸς
1336 3414 1492 3484 λόγον
1535 3416 1608 3488 μὴ
1663 3415 1799 3486 μετὰ

259 3506 471 3576 σπουδῆς,
494 3506 631 3559 ἀλλὰ
675 3507 820 3577 μετὰ
840 3504 1038 3576 χλεύης
1069 3507 1375 3577 εἰρημένον⁸
1401 3528 1418 3558 ‹
1445 3509 1506 3560 El
1529 3503 1636 3578 ἆρα
1662 3508 1800 3579 καλὴ

257 3591 354 3670 ipf]
387 3601 558 3674 μήτηρ
587 3599 682 3653 τοῦ
739 3598 941 3670 Ἰησοῦ,
977 3599 1072 3651 καὶ
1104 3598 1178 3660 ὡς
1210 3597 1346 3669 καλῇ
1378 3600 1513 3670 αὐτῇ
1545 3599 1802 3670 ἐμίγνυτο

259 3689 430 3756 δΘεδς,
463 3694 522 3746 ού
552 3691 821 3761 πεφυκὼς
852 3691 982 3760 ἐρᾷν
1012 3690 1250 3762 φθαρτοῦ
1287 3690 1570 3761 σώματος;
1611 3692 1682 3744 Ἢ
1719 3692 1800 3746 ὅτι

259 3783 338 3835 οὐδ’
353 3785 482 3849 είκὸς
501 3780 568 3856 ἦν
593 3781 1004 3856 ἐρασθήσεσθαι
1025 3783 1193 3853 αὐτῆς
1220 3783 1309 3836 τὸν
1330 3783 1480 3848 Θεὸν,
1499 3782 1664 3854 οὔσης
1691 3784 1801 3838 οὔτ’

258 3875 524 3946 εὐδαίμονος
565 3875 694 3931 οὔτε
727 3875 1014 3946 βασιλικῆς
1041 3916 1056 3936 ,
1093 3875 1214 3928 ἐπεὶ
1247 3875 1433 3946 μηδεὶς
1458 3877 1628 3947 αὐτὴν
1667 3876 1800 3947 ᾔδει,

262 3969 363 4037 μηδὲ
387 3971 484 4023 τῶν
512 3971 776 4041 γειτόνων
802 3985 817 4034 ;
857 3988 875 4020 ι
898 3967 1089 4032 Παίζει
1122 3967 1179 4020 δὲ
1211 3967 1404 4035 λέγων,
1432 3970 1525 4022 καὶ
1558 3970 1638 4022 ὃτι
1667 3990 1684 4020 ί
1714 3987 1807 4039 μι-

261 4061 482 4134 σουμένην
497 4063 667 4134 αὐτὴν
692 4061 805 4115 ὑπὸ
840 4059 936 4114 τοῦ
967 4061 1236 4123 τέκτονος,
1265 4060 1357 4113 καὶ
1381 4061 1802 4132 ἐκϐαλλομένην,

259 4151 332 4204 οὐκ
357 4154 509 4207 ἔσωσε
535 4153 660 4208 θεία
674 4153 911 4223 δύναμις
929 4152 1064 4222 (91),
1090 4151 1210 4203 οὐδὲ
1231 4150 1388 4218 λόγος
1412 4153 1802 4224 πιστικός(92).

261 4242 388 4295 Οὐδὲν
415 4241 522 4307 οὖν,
539 4246 696 4315 φησι,
712 4243 892 4296 ταῦτα
909 4245 1041 4312 πρὸς
1059 4242 1158 4313 τὴν
1171 4241 1264 4294 τοῦ
1292 4242 1426 4294 Θεοῦ
1449 4243 1742 4313 βασιλείαν.
1783 4263 1800 4295 ι

259 4331 307 4384 Τί
330 4331 408 4388 οὖν
433 4337 600 4390 ταῦτα
628 4335 884 4405 διαφέροι
911 4333 976 4387 ἂν
1000 4332 1108 4386 τῶν
1135 4335 1194 4385 ἐν
1230 4337 1352 4396 ταῖς
1383 4335 1614 4408 τριόδοις
1643 4335 1810 4388 λοιδο-

1903 3145 2227 3214 conjecisse,
2260 3153 2318 3198 ut
2366 3142 2673 3199 doctrinam
2707 3141 3046 3211 evulgarent,
3077 3155 3195 3211 quae
3243 3141 3481 3212 magicas

1897 3248 2042 3294 artes
2082 3247 2226 3292 vetat
2248 3239 2270 3292 ?

1973 3423 2063 3478 '59.
2100 3422 2230 3489 Quae
2259 3422 2404 3477 dicta
2441 3430 2566 3476 sunt
2597 3436 2699 3475 non
2733 3420 2898 3484 serio,
2935 3420 3028 3474 sed
3053 3420 3192 3474 risus
3218 3419 3474 3487 captandi

1902 3513 2078 3582 gratia
2138 3521 2382 3574 tantum,
2445 3527 2508 3566 ea
2569 3510 2816 3566 refellere
2871 3525 2977 3564 non
3043 3511 3256 3564 videtur
3299 3523 3484 3578 opera:

1900 3607 2155 3674 pretium.
2207 3605 2517 3673 llujusmodi
2571 3614 2697 3658 sunt
2760 3605 2907 3658 haec:
2944 3621 2962 3654 ι
3000 3602 3302 3656 Pulchrane
3368 3598 3486 3655 erat

1901 3695 2027 3752 Jesu
2062 3708 2253 3761 mater,
2304 3706 2468 3766 atque
2516 3696 2724 3751 ideirco
2781 3695 2930 3749 illam
2963 3694 3126 3759 Deus,
3173 3708 3333 3762 quem
3385 3692 3497 3746 sna'

1905 3799 2099 3842 natura
2168 3804 2270 3842 non
2322 3789 2528 3857 patitur
2579 3788 2829 3842 humana:
2871 3787 3058 3840 forma:
3111 3801 3296 3840 amore
3338 3783 3485 3854 capi,

1905 3879 2190 3948 amplexus
2217 3879 2335 3932 est?
2362 3880 2442 3932 An
2477 3879 2624 3933 illum
2661 3893 2766 3933 non
2807 3878 3037 3932 decebat
3061 3877 3310 3947 deperire
3335 3876 3491 3930 muli-

1906 3987 2078 4036 erem,
2123 3987 2244 4040 quae
2291 3987 2390 4024 nec
2441 3971 2636 4040 opibus
2683 3970 2942 4040 pollebat,
2997 3984 3096 4024 nec
3165 3969 3317 4039 regio
3369 3978 3488 4023 erat

1909 4078 2125 4132 genere,
2175 4072 2363 4132 utpote
2406 4078 2568 4132 quam
2621 4078 2689 4117 ne
2739 4062 2792 4116 in
2850 4061 3046 4115 vicinia
3095 4062 3309 4130 quidem
3347 4061 3489 4116 ullus

1911 4155 2364 4224 cognoscebat?»
2404 4155 2585 4226 Pergit
2632 4165 2863 4223 nugator
2919 4153 3042 4208 ille:
3115 4173 3132 4206 ι
3182 4155 3328 4208 Illam
3387 4167 3490 4208 nec

1911 4249 2090 4303 divina
2119 4257 2361 4316 potestas
2392 4263 2489 4302 nec
2513 4247 2690 4301 oratio
2714 4245 2781 4298 ad
2816 4243 3115 4298 faciendam
3147 4245 3303 4298 fidem
3331 4258 3493 4312 appo-

1912 4341 2013 4394 sita
2045 4339 2309 4403 servavit,
2348 4339 2638 4407 quominus
2661 4341 2787 4394 odio
2813 4339 2995 4393 habita
3025 4353 3055 4390 a
3079 4335 3232 4389 fabro
3265 4332 3494 4401 expelle-

261 4427 491 4497 ρουμένων
529 4429 661 4492 τισὶ,
695 4427 796 4480 καὶ
825 4425 979 4480 οὐδὲν
1011 4425 1248 4495 σπουδῆς
1283 4425 1432 4490 ἄξιον
1463 4427 1763 4496 λεγόντων;

1915 4441 2080 4485 retur.
2137 4427 2284 4483 Nihil
2342 4430 2509 4499 igitur
2565 4429 2764 4484 horum
2816 4429 3102 4493 omnium,
3164 4425 3370 4496 inquit,
3425 4423 3498 4477 ad

262 4533 444 4588 regnum
498 4523 591 4579 Dei
629 4523 894 4594 pertinet.
923 4543 942 4574 ι
1000 4521 1188 4576 Nonne
1225 4525 1318 4578 tibi
1363 4525 1563 4579 videris
1613 4528 1806 4584 audire
1829 4544 1949 4594 eos,
1979 4529 2072 4598 qui
2100 4526 2312 4596 injuriis
2353 4527 2618 4596 quosdam
2667 4527 2722 4579 in
2772 4526 2950 4580 triviis
3002 4525 3299 4590 lacessunt,
3345 4519 3492 4575 nulla

263 4607 407 4665 habita
432 4614 641 4668 honesti
677 4620 736 4668 et
767 4611 954 4667 decori
992 4612 1238 4666 ratione?

320 4699 456 4774 Ἑξῆς
487 4705 543 4759 δὲ
574 4704 794 4767 τούτοις
841 4703 950 4757 ἀπὸ
999 4703 1094 4756 τοῦ
1133 4704 1276 4757 κατὰ
1313 4706 1615 4772 Ματθαῖον,
1666 4709 1806 4780 τάχα

261 4789 303 4846 δὲ
326 4795 528 4852 καὶτῶν
556 4795 768 4852 λοιπῶν
801 4795 1170 4865 Εὑαγγελίων,
1205 4795 1384 4851 λαϐὼν
1431 4796 1498 4852 τὰ
1543 4801 1670 4870 περὶ
1708 4801 1809 4871 τῆς

312 4971 547 5030 “Matth.
589 4990 679 5044 ιιι,
728 4975 824 5032 16.

259 5126 402 5209 alia.
425 5135 745 5209 Βαρυτόνως
782 5132 1039 5209 λεκτέον]
1095 5135 1264 5209 όνομα
1293 5138 1401 5209 γάρ
1434 5141 1549 5192 ἐστι
1577 5093 1804 5203 πόλεως.

346 5205 400 5324 ἐξ
440 5201 861 5277 δξῦτονούμενον
895 5205 1145 5261 ἐπίθετόν
1169 5201 1316 5273 ἔστι,
1337 5201 1430 5262 καὶ
1462 5209 1717 5281 σημαίνει
1749 5201 1809 5262 τὸ

259 5288 345 5332 υγη
379 5294 447 5328 δν.

315 5313 622 5419 (ἕδίθεοάει
651 5346 1005 5419 Basileensis,
1024 5348 1172 5412 ὅπως
1202 5348 1268 5402 ἂν
1290 5349 1484 5419 μάγος,
1505 5365 1608 5404 non
1641 5349 1806 5404 male.

262 5407 402 5468 Paulo
429 5427 548 5490 post
585 5418 930 5490 Anglicanus
953 5407 1171 5490 tertius,
1193 5407 1804 5490 ὡς’Θεοῦᾶρινοῦντος,

263 5493 402 5537 recte.
429 5486 580 5542 Libb.
615 5489 778 5560 editi,
816 5489 892 5560 ᾡς
941 5487 1076 5541 Θεοῦ
1110 5488 1410 5560 κρίνοντος.
1467 5486 1636 5544 Paulo
1667 5489 1807 5544 infra

260 5564 419 5674 (James
450 5573 602 5625 mss.,
633 5559 746 5630 ἄρα
779 5558 886 5630 γὰρ
923 5558 1185 5614 κάκεῖνοι.
1209 5559 1360 5614 Alias
1388 5561 1498 5632 ἄρα
1522 5560 1629 5632 γὰρ
1665 5561 1806 5612 ἐκεῖ-

320 5691 416 5764 (90)
453 5697 841 5768 Εισάγωοτας.
877 5699 1036 5756 Deest
1067 5700 1205 5770 apud
1241 5697 1630 5757 llteschelium.

1992 4707 2076 4763 ιο.
2124 4707 2326 4762 Deinde
2342 4723 2406 4761 ex
2435 4705 2724 4775 Evangelio
2756 4702 3058 4759 secundum
3094 4690 3401 4757 Matthteum
3423 4702 3493 4768 ⁸⁸,

1921 4801 2081 4872 357
2127 4801 2362 4856 fortasse
2393 4807 2447 4856 et
2478 4814 2546 4854 ex
2591 4798 2716 4854 aliis
2757 4795 3088 4866 Evangeliis,
3118 4797 3314 4866 arripit
3352 4797 3500 4866 quod

1991 5140 2101 5208 (9|)
2145 5138 2236 5192 Sic
2269 5150 2456 5208 omnes
2486 5149 2616 5208 mss.
2642 5130 3103 5208 excepto_.luliano
3134 5130 3222 5198 qui
3261 5129 3311 5208 in
3343 5139 3490 5208 textu

1921 5199 2104 5272 habet,
2140 5210 2201 5261 οῦ
2231 5205 2368 5278 μετὰ
2406 5205 2663 5278 σπουδῆς,
2683 5199 2791 5278 sed
2824 5202 3227 5278 ad-Inaargine‘in,
3255 5199 3328 5271 μὴ
3359 5201 3498 5271 μετὰ

1923 5266 2202 5363 σπουδῆςὲ
2219 5266 2560 5362 paulo‘post,
2592 5266 2786 5356 ἐί’.ἆρα
2813 5271 2960 5363 καλὴ.
2981 5266 3069 5341 ἦν.
3117 5266 3280 5363 ξρι-ιὲε
3316 5266 3498 5352 Ιβέριι-

1922 5353 2069 5415 dum,
2106 5341 2282 5419 ἧνᾶρα
2316 5341 2453 5419 καλῇ
2479 5341 2584 5419 ᾖν,
2640 5341 2828 5414 sicque
2861 5341 3055 5412 legisse
3085 5341 3299 5419 videtur
3324 5345 3498 5419 inter-

1921 5408 2068 5490 pres,
2094 5408 2375 5490 Gelenius.
2400 5408 2579 5490 ‘l'n-f'ra'
2602 5408 2795 5490 omnes
2838 5408 2982 5490 mss.
3014 5408 3288 5490 παίζειηδὲ
3324 5410 3497 5480 λέγων

1917 5482 2010 5544 καὶ
2033 5490 2133 5543 ὅτι.
2165 5489 2318 5541 Libb.
2350 5486 2503 5546 editi,
2537 5487 2631 5540 καὶ
2663 5485 2848 5548 παίζει
2887 5483 2944 5536 δὲ
2968 5482 3164 5549 λέγων,
3192 5482 3295 5535 ὅτι.

1990 5560 2102 5629 (92)
2142 5560 2334 5626 Λόγος
2362 5556 2951 5629 πειστικόςηιι-οιιῇςο
2986 5553 3182 5629 dicitur
3230 5567 3258 5604 a
3314 5549 3496 5605 Celso.

1912 5619 2326 5751 Agl‘uiargin'cni
2369 5627 2572 5684 codicis
2608 5619 2805 5683 Iuliani
2853 5625 3072 5696 legitur,
3118 5619 3272 5692 λόγος
3305 5635 3501 5692 μυστι-

1915 5716 1946 5751 κ
1982 5717 2025 5751 ς.

1915 5716 2025 5764 κος.
