3962 6414
448 225 555 281 735

1919 227 2247 286 OBICENIS

3622 229 3731 290 736

445 349 651 404 dicitur
683 348 751 404 de
777 348 1034 404 columba
1077 362 1197 418 qum
1231 348 1284 404 in
1319 346 1659 406 Salvatorem
1704 359 1954 407 nostrum
1996 368 2018 408 a

2132 353 2441 425 ὲπιπτάσης
2463 351 2545 423 τῷ
2574 351 2788 424 Σωτῆρι
2820 351 3204 424 βαπτιζομέ-ιῳ
3231 351 3380 424 παρὰ
3406 349 3499 405 τοῦ
3539 351 3734 406 Ἰωάνκ

443 437 658 496 Joanne
721 442 1056 513 baptizatum
1086 441 1392 507 descendit,
1431 443 1596 514 idque
1626 459 1723 514 pro
1773 444 2031 516 tigmento

445 532 637 589 haberi
693 534 828 588 vult.
881 533 1182 604 Postquam
1234 543 1456 600 autem,
1518 532 1577 590 ut
1642 545 1829 605 putat,
1891 539 2029 592 satis

446 625 744 695 exagitavit
792 627 859 678 de
913 623 1214 679 Salvator-is
1274 624 1448 679 nostri
1512 641 1580 682 ex
1643 628 1852 698 virgine
1902 638 2026 683 ortu

441 717 750 772 historiam.
800 732 904 770 non
937 732 1056 787 qua:
1089 727 1395 785 sequuntur
1427 719 1621 774 ordine
1662 700 2026 792 persequitur.

441 809 587 866 Nihil
621 810 762 863 enim
798 808 961 864 habet
988 810 1302 864 ordinatum
1337 809 1415 865 ira
1448 821 1504 866 et
1547 812 1754 868 odium.
1804 801 1904 880 ριῖὶ
1943 830 2032 867 ra-

439 903 667 974 piuntur
695 902 1002 972 huiusmodi
1041 891 1576 972 perturbationibus,
1607 906 1639 960 ii
1667 905 1718 960 in
1751 921 1871 970 eos,
1892 922 2029 976 quos

439 1002 788 1061 aversantur,
843 993 1078 1048 fundunt
1125 996 1389 1065 quidquid
1435 997 1669 1067 primum
1708 999 1762 1052 in
1822 999 2026 1054 buccas

436 1082 614 1148 venit;
669 1083 870 1152 quippe
921 1083 1124 1153 quibus
1173 1101 1268 1155 per
1315 1101 1410 1141 eos
1467 1085 1698 1142 allectus
1747 1103 1852 1142 non
1900 1089 2025 1144 licet

437 1174 856 1228 accusationum
901 1177 1081 1245 capita
1122 1175 1420 1245 prudenter
1481 1192 1582 1232 suo
1621 1193 1850 1248 quaeque
1905 1179 2026 1235 loco

437 1263 750 1334 disponere.
807 1265 1067 1321 Ordinem
1119 1267 1266 1322 enim
1328 1266 1372 1322 si
1442 1281 1734 1337 servasset,
1805 1281 2024 1341 sumpto

435 1353 733 1425 Evangelio
785 1357 940 1428 cujus
991 1359 1288 1430 impetendi
1348 1361 1634 1417 consilium
1697 1374 1936 1434 ceperat,
1992 1381 2020 1418 a

434 1449 624 1518 primm
641 1451 881 1506 historiae
900 1451 1270 1508 confutatione
1295 1456 1359 1508 ad
1381 1457 1608 1510 alteram
1643 1456 2020 1524 refellendam,

436 1541 630 1612 sicque
660 1541 726 1596 ad
766 1554 994 1599 caeteras
1034 1559 1361 1617 progressus
1395 1548 1608 1603 fuisset.
1653 1549 1854 1604 Contra
1895 1566 2022 1607 vero

434 1632 628 1690 Celsus
665 1634 776 1702 ille,
827 1638 916 1705 qui
958 1648 1144 1693 nostra
1191 1641 1372 1695 omnia
1433 1640 1632 1697 callere
1682 1655 1743 1697 se
1784 1642 2017 1714 jactitat,

2132 464 2224 500 νου
2257 445 2366 516 (95)
2394 447 2742 516 περιστερᾶς,
2771 444 3079 499 διαϐάλλειν
3114 444 3364 516 βούλεται
3388 445 3464 509 ὡς
3495 443 3732 514 πλάσμα

2131 535 2192 589 τὸ
2225 536 2537 607 εἰρημένον.
2575 535 2847 606 Διασύρας
2884 536 2960 600 δὲ,
2991 535 3066 599 ὡς
3109 534 3271 606 ᾤετο,
3311 535 3411 606 τὴν
3455 534 3590 606 περὶ
3631 533 3729 588 τοῦ

2131 630 2196 682 ἐκ
2226 628 2496 700 παρθένου
2528 627 2850 698 γεγενῆσθαι
2887 628 2979 681 τδν
3008 628 3238 699 Σωτῆρα
3269 627 3423 698 ἡμῶν
3457 628 3732 700 ἱστορίαν,

2132 724 2194 776 οὐ
2227 722 2294 776 τὰ
2327 722 2456 790 ἑξῆς
2485 724 2549 793 τῇ
2588 722 2740 788 τάξει
2776 720 3048 774 ἐκτίθεται
3069 737 3082 750 ·
3120 721 3244 774 ἐπεὶ
3285 720 3452 792 μηδὲν
3483 722 3598 791 ἔχει
3642 736 3733 772 τε-

2131 813 2402 884 ταγμένον
2435 811 2606 884 θυμὸς
2635 813 2730 866 καὶ⁹
2765 811 2961 884 ἐχθρω
2993 810 3130 865 ἀλλὰ
3158 811 3299 865 κατὰ
3329 810 3390 864 τὸ
3423 809 3656 865 ἐπελθὸν
3680 817 3729 865 ot

2130 905 2471 978 ὀργιζόμενοι
2520 906 2615 958 καὶ
2660 905 2710 958 οἱ
2755 903 3132 976 ὲχθραῖζοντες
3177 902 3584 975 κακηγοροῦσιν
3632 900 3730 966 οὓς

2135 996 2371 1066 μισοῦσι,
2405 996 2480 1068 μὴ
2522 997 2938 1067 ἐπιτρεπόμενοι
2977 995 3084 1049 ἀπὸ
3116 995 3211 1049 τοῦ
3245 995 3448 1060 πάθους
3489 996 3603 1066 (94)
3641 1012 3730 1067 τε-

2130 1089 2493 1160 θεωρημένως
2525 1089 2620 1142 καὶ
2651 1089 2791 1144 κατὰ
2827 1088 2978 1154 τάξιν
3016 1088 3196 1156 λέγειν
3231 1087 3330 1152 τὰς
3360 1089 3724 1159 κατηγορίας.

2129 1181 2193 1234 Ei.
2222 1182 2320 1252 μὲν
2343 1181 2452 1253 γὰρ
2473 1182 2570 1253 τὴν
2587 1181 2740 1248 τάξιν
2760 1183 2964 1254 ἐτήρει,
2991 1179 3171 1234 λαϐὼν
3189 1179 3254 1233 ἂν
3274 1179 3334 1233 τὺ
3363 1179 3721 1247 Εὐαγγὲλιον,

2130 1279 2224 1332 καὶ
2267 1281 2595 1352 κατηγορεῖν
2632 1276 2795 1330 αὑτοῦ
2843 1275 3198 1348 προθέμενος,
3241 1273 3343 1344 τῆς
3385 1274 3616 1346 πρῶτης
3654 1271 3724 1326 ἂν

2107 1363 2370 1442 ’ἱστορίας
2391 1365 2687 1429 κατειπὼν,
2706 1366 2834 1436 ἑξῆς
2857 1365 2950 1418 ἐπὶ
2971 1366 3071 1436 τὴν
3089 1364 3346 1436 δευτέραν
3366 1364 3718 1435 παρεγίνετο.

2128 1459 2221 1512 καὶ
2249 1459 2419 1522 οὕτως
2448 1459 2543 1513 ἐπὶ
2575 1459 2673 1523 τὰς
2699 1457 2917 1521 λοιπάς⁸
2946 1457 3066 1511 νυνὶ
3095 1457 3170 1520 δὲ,
3204 1457 3344 1526 μετὰ
3365 1457 3464 1528 τὴν
3486 1458 3551 1508 ὲκ
3576 1473 3719 1526 παρ-

2129 1550 2288 1604 θένου
2312 1550 2584 1620 γέννησιν,
2609 1549 2638 1600 ὁ
2672 1550 2828 1603 πάντ’
2859 1549 3057 1603 εἰδέναι
3084 1547 3556 1619 ἐπαγγειλάμενος
3581 1547 3722 1600 Κέλ-

2128 1660 2222 1709 σος
2266 1643 2334 1696 τά
2377 1641 2641 1713 ἡμέτεροι,
2691 1642 2987 1711 κατηγορεῖ
3029 1639 3122 1694 τοῦ
3168 1639 3318 1710 παρὰ
3361 1638 3440 1710 τῷ
3523 1635 3719 1710 βαπτί-

433 1735 562 1796 post
592 1734 773 1782 ortum
811 1742 878 1783 ex
937 1731 1164 1802 virgine,
1203 1731 1438 1802 Spiritus
1472 1735 1648 1788 sancti
1702 1713 1885 1801 specie
1923 1751 2018 1792 co-

2130 1735 2420 1806 σματι(95)
2439 1733 2698 1803 φανέντος
2729 1733 2884 1800 ἁγίου
2916 1731 3234 1802 ΙΙνεύματος
3265 1731 3322 1785 ἐν
3354 1730 3489 1783 εἴδει
3557 1746 3715 1798 περι-

439 1818 634 1874 tumba:
665 1819 718 1874 in
755 1821 1028 1891 baptismo
1072 1825 1392 1902 descensum
1455 1825 1768 1896 impugnat;
1821 1827 2020 1884 deinde

435 1911 808 1968 calumniatur
840 1915 1101 1970 vaticinia
1126 1917 1192 1970 de
1222 1918 1395 1973 nostri
1426 1916 1730 1974 Salvatoris
1763 1920 2017 1985 adventu;

435 2013 547 2058 tum
598 2006 905 2074 regreditur
934 2008 1001 2062 ad
1044 2009 1262 2064 stellam
1318 2021 1580 2066 nascente
1607 2009 1762 2078 Jesu,
1798 2021 1855 2066 ut
1884 2015 2021 2068 scri-

433 2103 581 2166 ptum
633 2107 739 2161 est,
801 2110 1071 2167 exortam,
1111 2111 1167 2157 et
1222 2103 1289 2156 ad
1341 2117 1530 2172 magos
1553 2104 1646 2172 qui
1699 2117 1764 2159 ex
1799 2103 2020 2160 Oriente

431 2203 662 2260 puerum
682 2191 963 2246 adoraturi
982 2203 1268 2250 venerunt.
1290 2193 1383 2250 Sic
1411 2196 1582 2250 multa
1603 2205 1654 2250 tu
1679 2196 1795 2264 ipse
1821 2196 2019 2252 librum

432 2280 694 2337 evolvens
719 2285 946 2338 confusa
979 2285 1235 2355 nulloque
1251 2287 1444 2344 ordine
1468 2281 1722 2361 congesta
1756 2291 2016 2360 reperies.

429 2373 611 2443 Atque
647 2375 748 2430 hoc
774 2388 1095 2446 argumento
1125 2380 1228 2434 erit
1265 2381 1330 2435 iis
1357 2381 1447 2450 qui
1497 2397 1741 2452 qurerere
1770 2382 2017 2438 ordinem

429 2475 488 2520 et
533 2480 756 2524 servare
806 2480 1027 2537 norunt,
1075 2486 1240 2542 quam
1306 2476 1593 2529 temeraria
1651 2476 2019 2532 ostentatione

431 2571 587 2612 suum
656 2560 850 2616 librum
886 2563 1228 2634 inscripserit
1270 2566 1577 2624 Sermonem
1629 2585 1825 2638 rerum,
1873 2570 2016 2639 quod

429 2651 614 2708 nullus
668 2668 907 2724 unquam
957 2671 988 2711 e
1043 2658 1220 2713 doctis
1269 2649 1614 2731 philosophis
1659 2660 1810 2716 fecit.
1863 2661 2018 2716 Plato

431 2753 593 2818 negat
626 2747 864 2804 hominis
888 2749 1174 2818 prudentis
1229 2767 1351 2807 esse
1377 2755 1672 2823 quidquam
1698 2769 2018 2812 asseverare

429 2838 496 2893 de
529 2840 692 2895 rebus
741 2842 1173 2898 obscurioribus.
1219 2844 1287 2899 Et
1319 2845 1656 2917 Chrysippus
1697 2862 1864 2917 saepe,
1915 2864 2017 2904 ex-

427 2931 619 3000 positis
645 2933 845 3002 quibus
875 2935 988 3005 ipse
1010 2944 1188 2992 motus
1221 2936 1389 2991 fuerit
1417 2937 1743 3005 rationibus,
1767 2939 2018 3010 irejubet

427 3025 494 3079 ad
513 3040 606 3081 eos
626 3026 718 3096 qui
753 3027 944 3082 melius
968 3030 1083 3098 ipso
1114 3029 1406 3084 disserant.
1428 3028 1535 3106 Sed
1555 3030 1768 3096 Celsus,
1795 3031 2010 3097 sapien-

427 3116 536 3171 tior
575 3117 784 3174 scilicet
842 3118 952 3174 illis
1023 3119 1351 3189 reliquisque
1402 3117 1628 3184 Graecis,
1688 3121 1830 3173 sicut
1888 3135 2016 3190 pro-

428 3207 604 3264 l‘essus
631 3218 716 3264 est
747 3225 806 3266 se
836 3211 978 3266 seire
1001 3211 1207 3280 omnia,
1245 3213 1327 3269 sic
1347 3228 1444 3267 suo
1466 3211 1605 3267 libro
1637 3210 1851 3266 titulum
1871 3211 2018 3268 dedit

427 3300 694 3359 Sermonis
722 3305 852 3359 veri.

2130 1824 2477 1896 στερᾶς·εἷτα
2512 1826 2650 1898 μετὰ
2688 1825 2846 1880 τοῦτο
2876 1824 3151 1878 διαϐάλλει
3183 1828 3244 1877 τὸ
3277 1821 3720 1896 προφητεύεσθαι

2127 1920 2225 1993 τὴν
2265 1920 2359 1974 τοῦ
2403 1920 2655 1991 Σωτῆρος
2693 1919 2850 1990 ἡμῶν
2880 1917 3206 1989 ἐπιδημίαν·
3245 1917 3340 1970 καὶ
3370 1915 3514 1988 μετὰ
3551 1914 3721 1968 ταῦτα

2126 2011 2414 2083 ἀνατρέχει
2444 2011 2538 2064 ἐπὶ
2570 2010 2630 2064 τὸ
2660 2011 2786 2081 ἑξῆς
2819 2011 2884 2079 τῇ
2918 2009 3128 2078 γενέσει
3161 2007 3255 2060 τοῦ
3301 2005 3477 2078 Ἰησοῦ
3517 2007 3718 2073 ὁινιιιγε-⁹

2127 2105 2466 2175 γραμμένον,
2499 2105 2561 2156 τὸ
2604 2103 2732 2173 περ’.
2775 2102 2868 2155 τοῦ
2909 2103 3138 2174 ἀστέρος
3178 2102 3447 2172 διήγημα,
3485 2099 3582 2152 καὶ
3612 2097 3720 2152 τῶν

2127 2195 2461 2266 ἐληλυθότων
2508 2194 2615 2247 άπὸ
2659 2193 2922 2263 ἀνατολῆς
2981 2198 3168 2263 μάγων
3217 2193 3602 2265 προσκυνῆσαι
3643 2188 3720 2260 τῷ

2127 2288 2344 2359 παιδίῳ.
2384 2286 2560 2340 Πολλὰ
2593 2286 2636 2338 δ⁶
2665 2286 2729 2338 ἂν
2759 2284 2853 2338 καὶ
2882 2283 3043 2347 αὐτὸς
3073 2283 3352 2354 ἐπιτηρῶν
3385 2282 3556 2354 εὕρῃς
3586 2299 3718 2349 συγ-

2124 2380 2438 2450 κεχυμένως
2465 2379 2543 2450 τῷ
2577 2379 2769 2449 Κέλσῳ
2800 2377 3066 2450 εἰρημένα
3095 2376 3156 2429 δι’
3191 2376 3320 2444 ὅλης
3363 2375 3465 2444 τῆς
3502 2374 3713 2445 βίϐλουο

2125 2473 2212 2526 ἵνα
2234 2474 2328 2526 καὶ
2348 2473 2437 2526 διά
2456 2473 2646 2527 τούτου
2682 2473 2786 2526 ὑπὸ
2808 2473 2914 2525 τῶν
2942 2470 3094 2534 τάξιν
3123 2472 3318 2522 ἐπιττα
3327 2469 3507 2539 μένων
3535 2470 3718 2539 τηρεῖν

2126 2569 2220 2621 καὶ
2267 2566 2467 2636 ζητεῖν,
2511 2565 2739 2636 ἐλεγχθῇ
2802 2565 2939 2636 μετὰ
2989 2563 3190 2634 πολλῆς
3235 2560 3580 2634 θρασύτητος
3625 2563 3717 2614 καὶ

2124 2659 2440 2724 ἀλαζονείας
2468 2658 2781 2728 ἐπιγράψας
2837 2654 3049 2724 Ἀληθῆ
3084 2657 3272 2724 λόγον
3302 2653 3400 2724 τὴν
3421 2653 3602 2724 βίϐλον
3626 2654 3716 2706 αυ-

2122 2751 2237 2813 τοῦ,
2265 2753 2402 2821 ὅπερ
2429 2751 2536 2802 τῶν
2565 2749 2864 2820 ἐλλογίμων
2891 2747 3194 2816 φιλοσόφων
3226 2746 3403 2810 οὐδεὶς
3440 2748 3712 2817 ἐποίησεν.

2136 2847 2194 2898 Ὀ
2231 2846 2329 2917 μὲν
2372 2844 2480 2916 γὰρ
2515 2843 2736 2896 Πλάτων
2771 2841 2882 2912 (96)
2946 2843 3130 2913 φησιν,
3174 2841 3234 2894 οὐ
3277 2840 3422 2896 κατά
3461 2840 3556 2893 τδν
3597 2840 3717 2893 νοῦν

2122 2932 2315 3003 ἔχοντα
2343 2930 2479 2985 εἶναι
2517 2931 2577 2984 το
2607 2931 3034 3002 διῖσχυρίζεσθαι
3076 2932 3200 3004 περὶ
3231 2930 3340 2984 τῶν
3370 2930 3591 2985 τοιῶνδε
3626 2929 3716 2984 καὶ

2121 3025 2490 3098 ἀδηλοτέρων·
2537 3026 2565 3078 ὁ
2601 3025 2658 3078 δὲ
2697 3025 3017 3096 Χρύσιππος
3038 3064 3053 3084 ς
3097 3025 3366 3095 πολλαχοῦ
3427 3023 3714 3094 ἐκθέμενος

2121 3118 2190 3172 τά
2222 3119 2522 3189 κινήσαντα
2549 3119 2729 3182 αὐτὸν,
2761 3118 3076 3189 ἀναπέμπει
3108 3119 3255 3188 ἡμᾶς
3290 3118 3376 3186 ἐφ’
3406 3117 3502 3181 οὒς
3533 3118 3600 3170 ἃν
3626 3116 3712 3169 εῖ-

2126 3231 2206 3284 ροι
2216 3230 2314 3283 μεν
2341 3214 2587 3282 κρεῖττον
2607 3211 2772 3265 αὑτοῦ
2802 3210 3075 3282 ἐροῦντας.
3099 3205 3265 3272 Οὗτος
3298 3206 3397 3264 οὖν
3418 3211 3448 3264 ο
3475 3210 3570 3264 καὶ
3594 3207 3709 3262 τού-

2125 3324 2233 3360 των
2256 3307 2352 3360 καὶ
2379 3305 2485 3358 τῶν
2511 3305 2715 3359 λοιπῶν
2753 3304 3018 3376 Ἑλλήνων
3051 3303 3385 3376 σοφώτεφς,
3407 3300 3713 3366 ἀκολούθως

432 3399 508 3473 τῷ
536 3399 767 3470 φάσκειν
809 3401 966 3456 πάντ’
998 3402 1220 3471 εἰδέναι,
1265 3399 1478 3472 Ἀληθῆ
1509 3401 1700 3472 λόγον
1719 3399 2028 3473 ἐπέγραψεν
2053 3402 2217 3457 αὑτοῦ
2243 3403 2302 3456 το
2334 3402 2557 3474 emam.

497 3581 590 3638 41.
639 3583 721 3642 Ne
778 3600 908 3641 vero
955 3587 1080 3657 quis
1131 3588 1436 3659 suspicetur
1473 3603 1574 3644 nos
1631 3588 1699 3643 de
1742 3587 2010 3644 imtustria

426 3678 704 3734 transilire
741 3679 860 3750 ejus
891 3679 1160 3749 capitula,
1195 3688 1483 3751 propterea
1523 3679 1667 3748 quod
1718 3681 1864 3735 deest
1906 3695 2014 3748 quo

428 3767 519 3824 illa
545 3768 902 3835 refellantur;
933 3771 1109 3826 visum
1147 3780 1237 3827 est
1279 3785 1378 3843 pro
1428 3771 1639 3825 viribus
1672 3773 2017 3840 unumquodi

426 3875 536 3930 que
564 3861 889 3918 confutare:
927 3879 1033 3918 non
1071 3873 1291 3919 servato
1317 3862 1512 3918 ordine
1541 3877 1649 3932 quo
1683 3876 1771 3918 res
1794 3863 1932 3916 inter
1957 3877 2015 3918 se

428 3954 725 4020 coluerent,
767 3955 862 4010 sed
889 3969 1053 4026 quem
1085 3956 1202 4026 ipse
1240 3969 1340 4009 suo
1384 3953 1436 4008 in
1482 3953 1621 4008 libro
1645 3963 1868 4008 secutus
1905 3962 2012 4008 est.

429 4046 722 4103 Videamus
786 4047 954 4118 igitur
1004 4049 1134 4119 quid
1190 4048 1336 4104 dicat
1372 4056 1432 4102 ut
1464 4047 1729 4117 Spiritum
1763 4058 2014 4103 sanetum

427 4153 692 4211 corporea
732 4139 999 4196 columba:
1048 4140 1228 4210 specie
1269 4153 1298 4193 a
1331 4137 1616 4193 Salvatore
1664 4147 2015 4209 conspectum

431 4232 726 4289 inlicietur.
760 4232 851 4290 Sic
872 4231 1280 4288 adlichudmus
1305 4231 1602 4301 alloquitur
1630 4228 1817 4286 Jesum
1853 4247 2014 4302 quem

428 4333 677 4380 nostrum
707 4326 995 4381 Dominum
1033 4338 1156 4380 esse
1179 4325 1585 4379 conﬁtemuru
1652 4323 1746 4379 Ais
1773 4332 1824 4380 tu
1867 4325 1919 4379 in
1965 4335 2017 4381 te

426 4431 460 4470 a
495 4415 702 4472 Joanne
737 4417 907 4488 358
936 4417 1102 4472 lotum
1127 4433 1194 4472 ex
1223 4432 1351 4474 aere
1386 4417 1742 4473 simulacrum
1773 4419 1887 4473 avis
1927 4419 2012 4473 iu-

427 4507 659 4566 volasse.
691 4509 843 4578 Quis,
875 4530 895 4564 ι
953 4511 1134 4582 pergit
1167 4511 1354 4566 scitari
1380 4509 1622 4579 Judacus,
1679 4529 1698 4562 ι
1758 4511 1879 4581 quis
1911 4511 2014 4566 lide

2193 3588 2310 3642 Ἵνα
2342 3584 2399 3639 δὲ
2429 3583 2504 3656 μὴ
2532 3583 2778 3655 δοκῶμεν
2808 3582 3042 3646 ἑκόντες,
3067 3580 3155 3635 διά
3183 3579 3244 3634 τὸ
3272 3581 3504 3652 ἀπορεῖν
3545 3580 3712 3634 ἁπαν-

2118 3682 2348 3753 τήσεως,
2392 3676 2744 3748 ὑπερϐαίνειν
2780 3675 2943 3730 αὑτοῦ
2977 3679 3044 3728 τά
3077 3671 3367 3743 κεφάλαια,
3420 3674 3713 3748 ἐκρίναμεν

2119 3773 2347 3828 ἕκαστον
2374 3772 2518 3827 κατὰ
2545 3771 2769 3842 δύναμιν
2797 3769 2956 3822 λῦσαι
2990 3768 3098 3822 τῶν
3132 3769 3224 3822 ὑπ’
3259 3767 3428 3822 αὑτοῦ
3469 3766 3712 3839 προτιθε-

2127 3866 2322 3938 μένων,
2360 3864 2746 3937 φροντίσαντες
2777 3864 2836 3916 οὑ
2864 3861 2959 3916 τοῦ
2994 3863 3053 3914 ὲν
3086 3863 3154 3931 τῇ
3204 3860 3366 3930 φύσει
3404 3859 3515 3913 τῶν
3544 3876 3712 3932 πραγο

2127 3960 2312 4032 μάτων
2349 3957 2542 4029 εἱρμοῦ
2579 3957 2672 4010 καὶ
2704 3953 3041 4018 ἀκολουθίας,
3068 3952 3206 4008 ἀλλὰ
3233 3953 3337 4024 τῆς
3366 3951 3575 4017 τάξεως
3608 3952 3710 4006 τῶν

2123 4053 2183 4106 ὲν
2215 4055 2280 4124 τῇ
2312 4051 2477 4123 βίϐλῳ
2501 4050 2665 4105 αὐτοῦ
2693 4047 3218 4122 ἀναγεγραμμένων.
3243 4047 3370 4117 Φέρ⁹
3399 4042 3497 4100 οὖν
3520 4045 3702 4116 ἴδωμει

2123 4144 2177 4199 τί
2210 4162 2340 4198 ποτε
2369 4144 2462 4197 καὶ
2497 4142 2644 4212 λέγει
2671 4142 2972 4196 διαϐάλλων
3002 4141 3081 4203 τὸ,
3104 4134 3215 4193 οἷον
3249 4138 3581 4208 σωματικῶς
3618 4139 3700 4191 ἑω·

2129 4239 2360 4311 ραμένον
2398 4237 2504 4290 ὑπὸ
2554 4235 2647 4289 τοῦ
2695 4235 2946 4306 Σωτῆρος
2997 4232 3224 4303 Πνεῦμα
3276 4233 3433 4301 διγιον
3478 4233 3539 4284 ὲν
3587 4231 3705 4285 εῖδει

2123 4329 2477 4400 περιστερᾶς.
2514 4329 2669 4381 Ἔστι
2699 4327 2742 4380 δ’
2777 4327 2806 4378 ὁ
2853 4325 3104 4388 Ἰουδαῖος
3135 4323 3284 4394 αὑτῴ
3325 4325 3404 4377 ἔτι
3434 4323 3606 4378 ταῦτα
3637 4320 3706 4374 λέο

2122 4434 2255 4486 γων,
2295 4419 2434 4488 πρδς
2472 4418 2532 4470 ὃν
2563 4416 2932 4486 ὁμολογοῦμεν
2970 4410 3110 4468 εἶναι
3158 4413 3364 4486 Κύριον
3399 4413 3582 4486 ἡμῶν,
3625 4413 3706 4466 τὸν

2133 4509 2340 4582 Ἰησοῦν
2363 4528 2377 4541 ο
2409 4530 2427 4560 ι
2459 4510 2770 4581 Λουομένῳ,
2789 4509 2940 4578 φησι,
2965 4508 3047 4561 σοὶ
3071 4507 3222 4580 παρὰ
3243 4506 3321 4578 τῷ
3356 4507 3583 4580 Ἰωάννῃ
3605 4506 3704 4578 (97)

501 4732 612 4804 (93)
654 4733 821 4801 Παρὰ
841 4733 947 4786 τοῦ
983 4731 1300 4804 Ἰωάννους
1336 4732 1464 4787 ῐίειιο
1503 4733 1698 4804 desunt
1755 4729 1807 4783 in
1844 4729 2008 4804 codd.

2130 4727 2268 4804 liano
2293 4729 2390 4798 qui
2435 4729 2485 4782 in
2517 4738 2664 4784 textu
2703 4728 2886 4793 habet,
2915 4727 3120 4800 εὕροις,
3151 4726 3245 4782 sed
3274 4727 3343 4781 ad
3382 4727 3702 4798 marginem,

431 4799 604 4872 Regio
635 4815 688 4856 et
715 4799 1040 4858 Basileeusi.
1068 4803 1235 4857 Vetus
1264 4803 1562 4858 Vaticanus
1592 4802 1737 4874 legit,
1765 4799 1921 4874 παρά
1942 4802 2018 4874 τῷ

445 4871 688 4946 Ἰωάννῃ.
716 4874 854 4940 Quid
885 4875 929 4927 si
955 4889 1084 4927 vero
1115 4876 1459 4928 scrihemlum
1496 4874 1568 4946 sit
1596 4871 1747 4946 παρὰ
1771 4871 1848 4946 τῷ
1887 4871 2012 4946 ἶΙορζ

431 4944 590 5016 δάνῃ.
619 4932 786 5016 Paulo
825 4955 950 5007 post
983 4959 1175 4998 omnes
1207 4961 1363 5009 tuss.,
1399 4946 1476 5009 ὡς
1509 4932 1830 5016 πλάσμα-ἐδ
1854 4932 2010 5016 εἰρή-

437 5011 628 5086 μένὸν.
663 5013 1004 5086 lloaschelius
1046 5015 1098 5067 in
1144 5024 1292 5069 textu
1336 5017 1520 5081 habet,
1574 5011 2015 5085 ὼςπλάσματος

433 5084 744 5157 εἰρημένον,
771 5084 928 5157 male.

509 5102 522 5137 ι
566 5102 744 5154 μενον,
771 5102 928 5140 male.

509 5102 622 5226 (δι)
659 5155 840 5226 (Inde;
867 5153 1109 5208 Joliauus
1148 5154 1255 5208 ὑπὸ
1281 5155 1375 5208 τοῦ
1400 5157 1627 5221 πάθους,
1660 5154 1848 5225 sicque
1882 5154 2014 5211 Hce-

436 5224 684 5280 sclielius
715 5235 769 5277 et
795 5224 1103 5295 Speucerus
1130 5227 1181 5279 in
1211 5229 1476 5295 margine.

497 5295 623 5422 ($95)
662 5293 939 5361 Παράτῷ
966 5293 1359 5364 ,βαπτίσματῄ
1424 5297 1615 5352 Cuieto
1664 5296 2013 5352 scribendum

537 5377 677 5422 retur.
702 5364 854 5422 παρὰ
879 5365 938 5417 τὸ
969 5367 1271 5422 βάπτισμα.
1321 5365 1520 5421 Ibidem
1557 5369 1724 5421 codex
1763 5369 2013 5422 Anglica-

436 5364 677 5431 videtur,
702 5364 854 5436 παρὰ
879 5365 938 5436 τὸ
968 5367 1271 5436 βάπτισμα.
1321 5365 1520 5421 Ibidem
1557 5369 1724 5421 codex
1763 5369 2016 5434 Anglica-

435 5455 543 5493 nus
573 5435 1138 5508 pritnus’etJoliauus,
1171 5436 1430 5508 φανέντος
1452 5437 1545 5490 τοῦ
1579 5439 1735 5506 ἁγίου
1763 5437 2016 5508 Πνεύμαέ

437 5525 550 5573 τος.
579 5506 664 5561 Inl
666 5522 722 5560 ra
747 5506 1125 5579 προσκυνῆσαι
1150 5509 1228 5579 τῷ
1250 5507 1465 5579 παιδίῳ,
1482 5510 1570 5579 sic
1589 5524 1781 5562 omnes
1807 5506 1937 5579 mss.
1971 5507 2016 5560 si

436 5579 724 5648 exceperis
751 5587 1026 5631 recentem
1049 5576 1366 5648 Vaticanum
1396 5576 1449 5632 et
1473 5577 1742 5631 Joliauunt
1765 5578 1856 5646 qui
1889 5592 2016 5631 cum

444 5647 595 5719 Iihris
641 5648 922 5718 impressis
977 5647 1202 5712 habent,
1249 5648 1628 5719 προσκυνῆσαι
1673 5648 1734 5700 τὸ
1783 5648 2015 5719 παιδίον.

445 5717 645 5776 Ibidem
683 5717 870 5776 omnes
905 5733 1061 5787 tnss.,
1095 5717 1374 5792 ἐπιτηρῶν
1411 5717 1600 5794 (εὕρῃς
1621 5763 1634 5788 ,
1669 5729 1896 5788 excepto
1921 5717 2018 5774 ,ιο-

2125 4815 2310 4871 ευρῃς.

2349 4870 2618 4926 Πλάτων.
2653 4870 2707 4923 In
2735 4869 3130 4941 ICut/ryphrone,
3163 4883 3284 4941 pag.
3321 4869 3410 4941 ll,
3431 4868 3496 4941 in
3530 4868 3698 4941 Plin-ti.

2126 4939 2249 5011 pag.
2283 4939 2407 5005 108,
2440 4945 2490 4996 in
2526 4942 2763 5010 Cralylo.
2799 4957 2931 5012 pag:
2953 4940 3222 5012 392.400,
3258 4940 3385 5012 401,
3415 4939 3698 5006 428,440;

2128 5009 2222 5064 Ιὶιιῖ
2267 5030 2302 5067 ιι
2345 5014 2418 5066 De
2457 5009 2667 5080 repub.,
2718 5009 2840 5080 pag.
2873 5009 3013 5071 378;
3047 5010 3143 5064 lib.
3175 5025 3225 5063 v1
3264 5009 3338 5080 De
3390 5025 3528 5077 τερ..
3585 5025 3698 5080 pag.

2125 5083 2251 5148 506,
2288 5083 2428 5147 50¹ἶς
2466 5079 2560 5136 lih.
2593 5098 2665 5136 vn
2699 5083 2771 5136 De
2799 5079 2938 5150 rep”
2963 5095 3087 5148 pag.
3120 5081 3223 5134 5H
3245 5099 3259 5142 ;
3285 5079 3382 5136 lib.
3407 5096 3440 5134 x
3472 5081 3550 5134 De
3581 5079 3700 5149 repL,

2127 5168 2249 5220 pag.
2275 5155 2370 5208 6H
2398 5171 2412 5218 ;
2443 5153 2494 5206 in
2529 5151 2750 5215 'l’imwo,
2788 5169 2908 5222 pag.
2934 5150 3151 5222 928,29,
3187 5153 3288 5218 40;
3327 5151 3494 5222 epist.
3529 5167 3623 5218 νιι,
3653 5168 3698 5219 p.

2124 5219 2248 5278 544.
2286 5224 2422 5278 Vide
2471 5225 2641 5278 Clem.
2688 5219 2983 5276 Alekaitdr.
3034 5219 3244 5278 Strom.
3306 5219 3382 5290 v;
3438 5221 3698 5277 Theudor.

2124 5310 2405 5350 sermones
2437 5296 2473 5349 2
2500 5307 2551 5351 et
2577 5297 2642 5361 4;
2673 5295 2859 5366 Cyrill.
2881 5303 3067 5347 contra
3096 5293 3334 5359 Julian.,
3363 5294 3457 5349 lib.
3481 5309 3519 5347 ι.
3545 5291 3698 5347 Sesa-

2123 5381 2244 5419 CER.

2200 5437 2310 5510 (97)
2352 5440 2518 5504 Παρὰ
2550 5437 2928 5510 τῷξΙιοάιζνῃ.
2957 5435 3138 5489 Codex
3178 5433 3423 5510 Joliau-us
3469 5434 3627 5488 habet
3652 5432 3696 5485 in

2129 5506 2395 5582 margine,
2431 5509 2582 5582 παρὰ
2607 5508 2682 5579 τῷ
2711 5508 2965 5582 Ἰορδάνῃ,
2993 5521 3114 5582 qua:
3134 5506 3404 5582 correctio
3435 5520 3540 5558 non
3562 5519 3696 5582 Sperf

2130 5581 2328 5645 nenda,
2370 5581 2478 5634 imo
2512 5577 2847 5636 'l'ortc'ctia'tn
2883 5577 2956 5635 ita
3003 5577 3296 5650 legendum
3327 5584 3416 5633 est
3439 5589 3621 5645 supra,
3645 5581 3695 5627 ut

2130 5662 2465 5706 IIIODIIIIIIUS.
