3962 6414
490 345 600 406 739

1946 349 2278 408 ORIGENIS

3653 369 3753 423 740

490 471 577 520 ret
607 477 728 534 quae
760 462 1080 520 introducta:
1125 479 1370 534 person:e
1408 465 1664 522 tribuitur
1709 467 1905 520 oratio.
1954 465 2057 522 Sed

2168 463 2312 538 εἶχεν
2360 468 2650 525 ἀκόλουθον
2682 471 2760 543 τῷ
2795 477 3364 551 προσωποποιουμένῳ
3412 481 3472 536 τδ
3521 481 3754 554 λεγόμε-

494 570 602 612 non
633 555 1020 610 animadvertit
1047 554 1257 618 Celsus,
1290 556 1451 611 homo
1475 556 1564 611 ille
1603 558 2056 626 sapientissimus,

495 644 752 716 aﬁlngere
777 660 836 699 se
876 645 992 700 haec
1020 648 1184 700 verba
1229 646 1441 712 .ludteo,
1488 647 1580 715 qui
1624 647 1792 702 multa
1822 662 1888 702 ex
1939 664 2066 717 pro-

492 736 723 808 pheticis
753 735 950 791 litteris
985 745 1039 792 et
1077 737 1486 792 incredibiliora
1510 738 1704 803 credit,
1731 753 1888 808 quam
1919 740 2066 808 quod

494 835 750 882 narratur
781 829 848 883 de
874 827 1134 883 columbae
1173 829 1372 897 specie.
1409 829 1454 882 A
1485 828 1671 884 Judmo
1702 831 1846 884 enim
1887 830 2064 886 incre-

493 920 622 974 dulo
674 929 730 974 et
763 920 904 975 hanc
935 920 1226 975 historiam
1278 923 1436 990 quasi
1481 921 1722 978 fabulam
1774 932 2066 992 respuente

493 1010 808 1080 requisierit
837 1011 1112 1082 quispiam
1149 1009 1342 1066 :Heus
1399 1021 1477 1079 tu,
1529 1014 1672 1067 unde
1715 1015 1916 1083 probes
1955 1013 2062 1068 Do-

493 1102 698 1156 minum
741 1101 912 1157 Deum
961 1103 1154 1169 Adam,
1204 1103 1350 1166 Evre,
1401 1101 1558 1167 Cain,
1599 1102 1736 1169 Noe,
1765 1104 2064 1171 Abraham,

491 1190 662 1258 Isaac,
691 1192 858 1248 Jacob
887 1194 1115 1258 dixisse,
1147 1209 1268 1264 qua:
1293 1194 1398 1248 illis
1425 1195 1626 1249 dixisse
1673 1205 1776 1250 tuae
1806 1205 2068 1250 testantur

493 1280 828 1353 Scripturae?
863 1285 1040 1354 Atque
1069 1295 1128 1338 ut
1153 1299 1424 1354 opponam
1455 1284 1580 1338 huic
1611 1284 1852 1338 historiae
1898 1285 2067 1338 histo-

491 1372 652 1438 riam,
686 1375 916 1431 dixerim
945 1391 1044 1445 ego
1071 1373 1258 1429 .lndzeo
1307 1375 1395 1429 isti
1435 1393 1448 1430 :
1483 1373 1611 1429 Haec
1643 1376 1720 1428 tui
1775 1384 1897 1429 sunt
1929 1377 2064 1430 Eze-

493 1470 686 1524 chielis
719 1487 732 1522 :
771 1487 790 1519 ι
819 1467 1008 1537 Aperti
1034 1473 1160 1521 sunt
1188 1466 1312 1520 cteli
1339 1475 1394 1520 et
1427 1466 1830 1534 vidi-visionem
1867 1467 1996 1532 Dei;
2039 1486 2060 1518 ι

494 1576 656 1630 quam
705 1574 968 1614 enarraus
1013 1557 1274 1626 subiicit:
1315 1575 1333 1608 ι
1377 1557 1499 1611 llmc
1527 1557 1663 1612 visio
1696 1557 2068 1613 similitudinis

492 1655 680 1726 gloriae
761 1653 1002 1708 Domini.
1057 1652 1125 1706 Et
1154 1652 1289 1706 dixit
1351 1652 1414 1704 ad
1463 1665 1550 1706 me
1618 1652 1698 1702 ’9:
1740 1669 1758 1702 ι
1823 1649 1880 1706 Si
1927 1649 2062 1706 falsa

493 1752 622 1800 sunt
652 1727 772 1812 qua:
819 1741 886 1795 de
935 1739 1060 1796 Jesu
1110 1742 1309 1810 scripta
1353 1747 1500 1806 sunt,
1527 1740 1654 1810 quia
1694 1739 1850 1794 nobis
1891 1741 2062 1806 deest,

2164 579 2272 617 vov.
2309 563 2444 616 Νυνὶ
2475 563 2529 616 δὲ
2561 564 2682 616 οὐδὲ
2719 565 2864 618 τοῦθ’
2896 567 2924 618 ὁ
2969 568 3278 636 σοφώτατος
3325 571 3537 636 Κέλσος
3569 574 3748 646 ἑώρα-

2165 669 2280 719 κεν,
2315 655 2398 706 ὅτι
2441 654 2705 726 Ἰουδαίῳ,
2743 655 2962 711 πλείονα
2991 659 3297 738 πιστεύοντι
3327 663 3420 715 καὶ
3453 665 3756 736 παραδοξό-

2164 763 2299 816 τερα
2332 747 2396 798 ὲκ
2419 745 2524 798 τῶν
2548 748 2899 816 προφητικῶν
2919 750 3172 820 Γραφῶν,
3195 751 3294 822 τῆς
3318 753 3554 824 περὶτοῦ
3579 757 3755 821 εἴδους

2164 837 2264 908 τῆς
2283 839 2606 909 περιστερᾶς
2624 839 2881 907 ἱστορίας,
2901 840 2990 894 τὸν
3009 839 3244 896 τοιοῦτον
3260 845 3554 918 περιέθηκε
3572 848 3750 918 λόγον.

2165 930 2322 984 Εἴποι
2341 931 2448 1002 γὰρ
2468 931 2531 984 ἄν
2557 947 2640 993 τις
2673 930 2751 1001 τῷ
2779 932 3034 1004 Ἰουδαίῳ,
3053 935 3182 1005 περὶ
3197 934 3287 987 τοῦ
3323 937 3609 1008 φάσματος
3635 943 3756 995 άπι-

2169 1021 2399 1087 στοῦντι,
2422 1023 2518 1075 καὶ
2534 1023 2766 1094 οἰομένῳ
2785 1027 3110 1097 κατηγορεῖν
3125 1025 3290 1080 αὑτοῦ
3304 1027 3380 1091 ὼς
3397 1029 3721 1100 πλάσματος
3737 1051 3750 1062 ·

2165 1115 2239 1168 Σὺ
2275 1113 2332 1168 δὲ
2368 1113 2549 1178 πόθεν,
2569 1109 2614 1168 ὧ
2643 1107 3110 1183 οὗτος,ὰποδεῖξαι
3146 1116 3212 1170 ἂν
3243 1117 3405 1190 ἔχοις,
3419 1120 3502 1172 ὅτι
3521 1121 3600 1193 (5)
3633 1118 3754 1178 εἷπε

2167 1203 2370 1275 Κύριος
2399 1205 2426 1256 ὁ
2445 1203 2576 1268 Θεὸς
2598 1204 2674 1276 τῷ
2719 1205 2907 1277 ’Δδὰμ,
2936 1208 3052 1279 ἢτῇ
3081 1208 3266 1284 Εὖᾳ,ῆ
3305 1207 3383 1280 τῷ
3430 1211 3594 1276 Κάῖν,
3621 1212 3656 1282 ἢ
3677 1213 3754 1284 τῷ

2165 1298 2308 1364 Νῶε,
2327 1299 2360 1370 ἢ
2382 1298 2792 1372 τῷἈϐραὰμ,ῆ
2819 1301 2896 1371 τῷ
2921 1302 3123 1367 Ἰσαὰκ,
3141 1303 3176 1374 ἢ
3195 1303 3274 1374 τῷ
3295 1305 3512 1371 Ἰακὼϐ,
3537 1305 3607 1360 τὰ
3631 1310 3752 1362 ἀνα-

2165 1392 2528 1462 γεγραμμένα
2559 1393 2720 1446 αὑτὸν
2757 1393 3033 1464 εἰρηκέναι
3067 1399 3178 1460 τοῖς
3230 1398 3452 1470 ἀνδράσι
3499 1399 3746 1466 τούτοιςς

2171 1485 2286 1537 Ἵνα
2316 1484 2372 1536 δὲ
2405 1487 2470 1554 τῇ
2509 1485 2718 1556 ἱστορίᾳ
2749 1484 2919 1556 ταύτῃ
2943 1487 3180 1559 ἱστορίαν
3203 1491 3525 1561 παραϐάλω,
3545 1492 3750 1562 εἴποιμ’

2167 1574 2234 1628 ἂν
2268 1574 2402 1646 πρὸς
2423 1575 2514 1629 τὸν
2543 1576 2792 1630 Ἰουδαῖον
2811 1593 2826 1607 ·
2857 1577 2966 1630 Καὶ
2993 1579 3020 1630 ὁ
3051 1579 3141 1644 σὸς
3173 1579 3430 1653 Ἰεςεκιὴλ
3447 1582 3748 1653 ἀνέγραψε,

2165 1663 2370 1734 λέγων·
2411 1685 2429 1718 ι
2483 1667 2840 1738 Ἦνοίχθησαν
2885 1669 2938 1722 οἱ
2969 1669 3210 1741 οὐρανοὶ,
3245 1673 3338 1726 καὶ
3371 1668 3513 1728 εἶδον
3557 1675 3750 1744 ὅρασιν

2167 1757 2320 1824 Θεοῦ,
2343 1758 2562 1828 »ἥντινα
2573 1759 2976 1830 διηγησάμενος
2992 1763 3244 1835 ἐπιφέρει
3277 1767 3415 1838 αὐτῇ
3439 1786 3452 1799 ·
3491 1783 3511 1816 ι
3535 1769 3686 1841 Αὕτη
3711 1772 3744 1841 ή

489 1845 550 1890 ιιι
583 1844 764 1904 putas,
805 1834 946 1889 unde
977 1849 1038 1890 ea
1083 1849 1210 1889 vera
1253 1847 1373 1888 esse
1411 1833 1692 1888 evidenter
1725 1835 2057 1890 demonstre-

2165 1849 2352 1919 ὅρασις
2377 1825 2902 1920 δμοιώματοςνδόξης
2919 1825 3146 1925 Κυρίου.
3163 1825 3282 1910 ’Καὶ
3299 1825 3420 1908 εἷπε
3441 1856 3583 1928 πρὸς
3607 1825 3696 1928 μέ..

490 1943 636 1992 mus,
665 1937 852 1998 utpote
881 1943 1002 1998 qua:
1028 1928 1096 1982 ab
1123 1927 1213 1982 illo
1233 1927 1371 1992 solo,
1405 1937 1480 1994 et,
1513 1935 1571 1980 ut
1609 1927 1700 1982 tibi
1743 1927 2062 1982 observasse

489 2019 715 2082 videris,
742 2020 809 2074 ab
853 2019 1024 2074 altero
1049 2035 1116 2074 ex
1147 2017 1393 2087 supplicii
1421 2017 1589 2072 sociis
1619 2017 1738 2072 visa
1779 2029 1833 2072 et
1875 2017 2058 2071 audita

487 2101 748 2178 fuerunt;
787 2119 988 2180 quanto
1015 2114 1184 2182 magis
1210 2111 1390 2166 dicere
1414 2110 1596 2165 licebit
1621 2124 1769 2164 mera
1815 2117 2059 2180 portenta

561 2223 608 2255 ⁸³
633 2222 832 2279 Ezech.
881 2239 922 2291 ι,
947 2226 1000 2292 1,
1045 2223 1136 2290 28,
1171 2233 1224 2279 et
1265 2239 1326 2291 ιι,
1355 2225 1408 2278 1.

490 2349 682 2394 auctor
741 2339 1084 2394 Democritus
1161 2339 1582 2408 przeseusionem
1660 2353 1840 2394 rerum
1905 2340 2066 2396 futu-.

490 2425 674 2466 rarum
707 2411 1102 2479 comprobaret.
1141 2427 1160 2461 ι
1203 2408 1474 2462 Plutarch.
1505 2409 1596 2462 liii.
1639 2425 1670 2461 v
1707 2411 1784 2463 De
1841 2411 2050 2479 placitis

490 2479 812 2554 philosop/t"
867 2495 985 2554 cap,
1045 2479 1096 2542 1,
1149 2479 1679 2554 I18pl_ltal‘ttlﬁg'
1738 2481 2050 2554 Ξενοφάνης

490 2547 583 2603 καὶ
620 2549 936 2621 Ἐπίκουρος
957 2547 1360 2621 άναιροῦσιλτὴν
1395 2547 1680 2621 μαντικήν,
1716 2570 1734 2602 ‹
1776 2547 2052 2620 Xenopha-

491 2633 590 2690 nes
631 2627 688 2690 et
721 2619 984 2690 Epicurus
1031 2619 1441 2690 divinationem
1465 2619 1735 2688 rejiciuut.
1775 2640 1791 2672 ι
1829 2622 1892 2674 Ει
1923 2619 2046 2690 cap.

487 2688 544 2763 ‘2,
569 2686 701 2763 Πῷς
726 2686 942 2763 diemet
964 2691 1262 2763 gelv-errat:
1289 2686 1632 2763 _A_qp.6xpt=o;
1665 2691 1792 2763 τοὺς
1818 2686 2058 2763 ὀνείρους

487 2758 730 2827 γίνεσθαι
767 2759 902 2830 μετὰ
927 2758 1024 2824 τὰς
1047 2761 1155 2812 τῶν
1189 2758 1420 2812 εἰδώλων
1459 2758 1847 2830 παραστάσεις.
1901 2758 1946 2812 ι’
1968 2762 2060 2815 De-

491 2831 756 2900 mocritus
797 2845 1016 2900 accessu
1051 2831 1342 2900 imaginum
1383 2831 1646 2883 insmuuia
1681 2831 1792 2900 fieri
1825 2841 1994 2899 putat.
2033 2849 2052 2880 ι

485 2897 652 2968 Arist.
685 2899 824 2954 libro
863 2899 940 2954 De
963 2897 1184 2954 divinat.
1203 2915 1295 2968 per
1328 2915 1588 2962 somnum,
1611 2915 1730 2968 cap.
1755 2899 1789 2952 2
1818 2897 1837 2956 Ξ
1858 2900 2058 2954 Τοιὸνδ’

485 2967 674 3041 ἃν-είη
711 2969 930 3039 μᾶλλον,
979 2969 1012 3041 ἢ
1056 2967 1244 3041 ὥσπερ
1286 2968 1432 3037 λέγει
1477 2967 1834 3041 Δημόκριτος,
1871 2969 2078 3025 εἴδωλα

487 3039 585 3094 καὶ
615 3039 914 3112 ἀπορροίας
947 3039 1288 3112 αἰτιώμενος.
1327 3058 1346 3090 ι
1385 3040 1477 3112 Sic
1506 3039 1852 3112 statuunduut
1883 3043 2062 3112 potius

488 3119 595 3175 est,
627 3109 789 3176 quam
815 3121 874 3164 ut
899 3109 1235 3164 Democritus
1259 3109 1476 3174 asserit,
1501 3110 1712 3164 somnia
1757 3109 2060 3164 simulacris

2166 1941 2230 1993 Et
2254 1942 2363 2012 γὰρ
2391 1941 2560 2010 ψευδῆ
2577 1942 2643 1995 τὰ
2661 1959 2726 1994 πε
2737 1943 2786 2012 pi.
2814 1942 2904 1995 τοῦ
2933 1944 3106 2016 Ἰησοῦ
3118 1946 3607 2020 ἀναγεγραμμένα,
3629 1950 3750 2004 ἐπεὶ

2171 2031 2244 2104 μὴ
2279 2031 2494 2103 ἔχομεν,
2542 2033 2616 2096 ὡς
2641 2034 3062 2104 ὑπολαμϐάνεις,
3091 2038 3336 2109 ἐναργῶς
3369 2041 3746 2111 παραστῆσαι,

2169 2121 2286 2186 πῶς
2317 2123 2491 2178 ταῦτά
2513 2126 2658 2178 ἐστιν
2689 2123 2882 2197 ἀληθῆ,
2917 2128 3008 2180 ὑπ’
3043 2127 3206 2182 αὐτοῦ
3237 2129 3401 2200 μόνου
3453 2132 3752 2204 ἑωραμένα

2155 2339 2540 2397 ἐπιδιώκουσαι
2582 2339 2708 2404 τοὺς
2754 2339 3093 2410 ἀνθρώπους,
3128 2341 3348 2396 ἐπειδὰν
3395 2343 3748 2398 καταλάϐων-

2156 2429 2266 2484 ται,
2299 2411 2772 2484 περιχέονταιμτοῖς
2797 2411 3034 2484 σώμασι,
3055 2412 3262 2484 ψυχραὶ
3289 2413 3385 2466 καὶ
3409 2413 3744 2484 παλμώδεις,

2156 2483 2299 2538 ὥστε
2341 2481 2466 2553 τοὺς
2517 2482 2613 2551 μὲν
2646 2481 3363 2553 ξένουςμάσυνήθειςὄντας
3393 2483 3486 2537 διὰ
3527 2481 3590 2538 τὸ
3629 2485 3747 2550 δέος

2161 2550 2556 2621 ἐκπεπλῆχθαι.
2601 2569 2617 2600 ι
2653 2551 2896 2605 Mirabile
2925 2550 3085 2605 etiam
3122 2553 3378 2620 quiddam
3413 2555 3542 2608 huic
3565 2564 3742 2618 terrae,

2162 2635 2224 2677 ut
2257 2631 2314 2676 et
2339 2633 2506 2693 vastae
2536 2621 2762 2693 interius
2787 2622 3016 2693 regioni,
3051 2632 3258 2693 etqu
3289 2623 3439 2693 Syrti
3470 2633 3556 2678 est
3583 2626 3742 2690 obje-

2163 2703 2276 2754 Cia,
2319 2691 2606 2762 contingit.
2655 2691 2992 2760 Quandoque
3038 2692 3203 2762 enim,
3247 2701 3302 2746 et
3332 2691 3405 2747 ἰιι
3445 2694 3742 2762 plurimum

2163 2763 2341 2816 ventis
2389 2761 2608 2828 quietis,
2657 2771 2911 2814 concreta
2961 2761 3206 2830 quaedam
3239 2761 3469 2830 corpora
3510 2767 3562 2818 in
3615 2779 3742 2819 aere

2163 2833 2438 2894 videntur,
2465 2830 2737 2882 variorum
2763 2831 3110 2884 animantium
3145 2830 3349 2886 formas
3383 2835 3738 2890 exbibentia:

2165 2916 2395 2970 quarum
2427 2899 2544 2954 aliae
2575 2900 2773 2970 quiete
2800 2915 2858 2953 se
2907 2901 3207 2966 continent,
3263 2903 3382 2957 alite
3429 2913 3742 2970 moventur,

2167 2968 2439 3025 interdum
2492 2983 2708 3038 quoque
2751 2968 2995 3042 fugiunt,
3037 2972 3304 3024 interdum
3368 2968 3739 3042 insectantur,-

2168 3053 2401 3109 cumque
2425 3049 2782 3110 monstrosam
2817 3039 3106 3110 prmferaut
3147 3042 3602 3110 magnitudinem,
3625 3039 3744 3096 stu;

2167 3108 2354 3173 norem
2407 3124 2470 3163 ac
2513 3120 2713 3164 metum
2771 3109 2974 3178 ignaris
3008 3108 3260 3166 aﬂ‘erunt.
3305 3111 3439 3178 Quae
3493 3113 3740 3172 homines

487 3186 544 3250 et
572 3179 870 3234 dellttxibus
918 3189 1140 3247 accepta
1180 3178 1446 3233 referens.
1494 3179 1695 3250 aiEles
1737 3181 2061 3234 sententiam
2091 3191 2134 3250 α
2171 3187 2596 3250 persequuntur,
2627 3179 2945 3248 corporibus
2973 3181 3438 3248 apprehensorum
3473 3199 3597 3238 cum
3643 3183 3740 3235 fri-

489 3249 636 3304 haud
679 3251 858 3318 inepte
901 3251 1272 3317 explicabunt,
1321 3263 1439 3315 qute
1491 3248 1762 3304 Diodorus
1795 3250 1961 3302 refert
1998 3252 2066 3304 de

488 3320 719 3388 speclris
768 3317 820 3389 in
863 3320 1044 3389 Africa
1088 3318 1218 3389 visis
1258 3319 1502 3389 εΓίνεται
1552 3318 1715 3389 δέτι
1767 3317 2065 3389 θαυμάσιον

488 3387 618 3464 περί
642 3406 700 3441 τε
727 3387 1055 3464 ταῦτηνπὴν
1081 3387 1285 3464 χώραν,
1328 3390 1422 3464 καὶ
1447 3387 1544 3464 τῂν
1577 3388 1791 3464 χέρσον,
1839 3387 1934 3442 καὶ
1968 3392 2066 3464 τὴν

487 3458 749 3533 ἐπέκεινα
763 3459 860 3528 τῆς
877 3458 1122 3533 Σύρτεως
1135 3458 1360 3533 Λιϐύην.
1381 3459 1514 3528 Περὶ
1531 3458 1808 3533 γάρτινας
1820 3476 1911 3512 και
1918 3458 2064 3533 ροὺς,

489 3476 749 3513 επεκεινα
763 3476 860 3528 της
877 3476 1122 3582 ,ιυρτεως
1135 3476 1360 3528 Λιουην.
1381 3476 1514 3528 ιιερι
1531 3476 1638 3530 γαρ
1657 3477 1808 3522 τινας
1820 3476 2064 3533 καιρους,

489 3529 586 3600 καὶ
600 3529 830 3598 μάλιστα
842 3547 942 3582 κατ
954 3599 961 3600 7
989 3530 1088 3600 τὰς
1098 3528 1375 3600 νηνεμίας,
1391 3530 1675 3592 συστάσεις
1685 3529 1915 3600 ὁρῶνται
1927 3534 2067 3585 κατὰ

485 3599 578 3671 τὸν
602 3597 748 3671 ίάέρα
773 3599 1040 3671 παντοίων
1073 3597 1399 3671 ζώοινξὶδέας
1433 3597 1793 3671 ἐμφαίνουσαι
1814 3617 1826 3628 ·
1863 3601 2066 3654 τούτων

484 3667 544 3722 δὲ
571 3671 626 3754 αἱ
784 3669 1100 3754 έρημοῦσιν,
1141 3669 1198 3722 αἱ
1226 3668 1282 3721 δὲ
1322 3667 1533 3754 κίνησε)
1557 3669 1934 3754 ’λαμϐάνρλοσῃ
1969 3673 2062 3754 κα).

487 3740 619 3793 ποτὲ
659 3739 757 3810 μὲν
792 3739 1183 3810 ὑποφεύγουσι,
1227 3740 1356 3791 ποτὲ
1379 3739 1456 3810 Ῠδὲ
1485 3739 1759 3792 διώκουσι.
1793 3741 1970 3794 Πᾶσαι
2004 3742 2060 3794 δὲ

485 3809 813 3883 ’τὺ-μέγεθος
835 3809 1066 3862 ἄπλετον
1093 3809 1332 3883 ἔχουσαι,
1371 3809 1689 3883 Θαυμαστὴν
1726 3810 2060 3883 κατάπληξιν

485 3879 591 3936 καῖ
621 3879 862 3952 ταραχὴν
891 3879 1362 3951 παρασκευάζουσι
1393 3879 1506 3942 τοῖς
1537 3879 1801 3951 ἀπείροις.
1847 3883 1911 3933 Ai.
1949 3879 2058 3954 γὰρ

487 3991 665 4063 Ρναψ.
689 4010 814 4068 _ev._:
833 3995 1032 4068 Omnes
1056 3993 1405 4068 Peripatetici
1429 3993 1493 4068 τὰ
1519 3993 1769 4066 βοώμενα
1805 3998 2048 4068 χρηστή-

488 4079 600 4136 ρια,
617 4065 713 4117 καὶ
739 4063 808 4136 τὰ
826 4065 980 4136 παρὰ
1005 4067 1138 4136 πᾶσι
1162 4063 1602 4136 μεταδιωκόμενα
1633 4063 1882 4136 μαντεῖα,
1901 4063 2050 4120 οὐδέν

487 4133 670 4204 φέρειν
711 4133 1255 4208 ἀληθὲςάπήλεγξαν
1277 4133 1523 4206 ἀνωφελῆ
1568 4133 1805 4190 τεέἷναι
1848 4139 2054 4207 ἀπεφή-

488 4220 668 4268 ναντο,
693 4206 828 4268 θιοέ,
861 4223 980 4276 qua:
1008 4209 1206 4275 passim
1242 4206 1583 4273 iactabantur
1614 4208 1852 4272 oracula,
1908 4206 2049 4274 quae-

486 4289 596 4344 que
619 4277 856 4330 omnium
883 4291 1148 4331 concursu
1177 4277 1493 4345 populorum
1531 4277 1786 4330 vaticinia
1816 4277 2051 4331 celebra-

487 4345 704 4410 bantur,
752 4361 814 4402 ea
859 4363 964 4400 non
1014 4347 1172 4402 modo
1203 4345 1459 4399 vanitatis
1503 4361 1566 4401 ac
1602 4347 1865 4400 mendacii
1902 4363 2052 4400 coar-

486 4423 737 4483 guerunt,
782 4417 878 4471 sed
933 4418 1094 4471 etiam
1148 4415 1302 4470 exitii
1354 4417 1530 4483 potius
1575 4432 1738 4485 quam
1791 4417 2048 4470 utilitatis

489 4499 681 4540 causas
710 4501 830 4541 esse
861 4487 1321 4540 demonstrarunt.
1363 4506 1379 4536 ι
1411 4485 1580 4539 Aliter
1605 4487 1808 4540 sentire
1841 4488 2054 4540 videtur

487 4553 706 4618 Cicero,
745 4555 836 4610 lib.
871 4573 887 4610 ι
932 4557 1004 4610 De
1039 4557 1252 4610 diviu.:
1289 4573 1306 4606 ι
1348 4555 1690 4626 Dicmarclius
1733 4555 2054 4626 Peripateti-

489 4639 586 4678 cus
616 4633 808 4680 caztera
846 4627 1194 4680 divinationis
1224 4641 1422 4696 genera
1452 4625 1690 4688 sustulit,
1718 4625 2051 4696 somniorum

489 4701 544 4748 et
575 4696 771 4767 furoris
800 4697 1036 4767 reliquit.
1079 4715 1096 4748 ι
1147 4695 1448 4767 Plutarch,
1505 4696 1602 4767 De_
1623 4697 1830 4767 placitis
1882 4695 2055 4767 philo-

487 4766 788 4836 80p_ll.,ilib.
821 4782 872 4828 v,
904 4765 1023 4836 cap.
1055 4769 1080 4819 1
1106 4784 1120 4832 ;
1149 4765 1270 4819 Tull
1300 4804 1315 4828 ,
1353 4765 1446 4836 lib.
1489 4781 1528 4819 ιι
1565 4765 1640 4818 De
1675 4765 1876 4836 (litum;
1919 4765 2054 4820 Ter-

491 4834 634 4896 tull.,
667 4835 803 4888 libro
839 4837 913 4889 De
941 4834 1136 4900 animo,
1163 4851 1278 4903 cap.
1307 4835 1407 4888 46:
1446 4853 1464 4886 ι
1510 4835 1826 4890 Aristotcles
1855 4837 2057 4903 majore

494 4903 820 4976 sententiam
856 4907 1142 4976 mendacio
1167 4909 1401 4976 recitans
1427 4905 1674 4976 agnoscit
1704 4914 1758 4957 ct
1788 4920 1966 4960 veram
1991 4923 2004 4972 ;
2031 4924 2049 4956 ι

491 4971 545 5042 id
591 4981 696 5040 est,
731 4975 1025 5042 interprete
1055 4975 1292 5030 Pamclio
1320 4992 1332 5028 :
1365 4971 1682 5042 Quanquam
1729 4985 1880 5042 putet
1931 4991 2048 5028 ma-

483 5041 659 5112 jorem
709 5041 914 5112 partem
959 5046 1290 5100 somniorum
1327 5041 1666 5099 mendacium
1705 5041 1846 5109 esse,
1877 5055 2054 5099 tamen

490 5111 654 5184 etiam
695 5111 877 5168 verant
921 5115 1151 5168 subinde
1181 5116 1234 5168 in
1268 5115 1376 5169 illis
1425 5117 1709 5184 aguoscita
1733 5115 1924 5178 Arist.,
1955 5115 2050 5168 lib.

488 5180 567 5234 De
583 5181 817 5255 divinat.
843 5199 948 5255 per,»
967 5199 1229 5246 somnum,
1261 5201 1377 5253 cap.
1417 5180 1492 5238 1':
1529 5185 1664 5254 Περὶ
1693 5183 1748 5234 δὲ
1774 5185 1883 5255 τῆς
1915 5200 2052 5254 μαν-

488 5251 645 5325 τικῆς
681 5253 754 5325 ὲν
781 5256 892 5316 τοῖς
919 5253 1112 5325 ὕπνοις
1141 5251 1434 5325 γενομένης
1463 5255 1555 5308 καὶ
1586 5251 1885 5324 λεγομένης
1917 5251 2056 5324 συμ-

491 5319 699 5396 ξαίνειν.
734 5324 841 5376 ἀπὸ
873 5324 988 5396 τῶν
1021 5319 1304 5396 ἐνυπνίων,
1337 5319 1457 5378 οὒτε
1507 5319 1912 5395 καταφρονῆσαι
1959 5319 2056 5396 ῥᾷ-

489 5389 599 5443 διον
645 5391 768 5464 οὔτε
813 5394 1117 5464 πεισθῆναι.
1153 5411 1170 5443 ι
1223 5395 1613 5448 Divinationem
1661 5389 1894 5462 aliquam
1932 5389 2055 5448 esse

491 5474 614 5533 qua:
650 5462 700 5515 in
735 5480 926 5518 somno
959 5462 1071 5527 liat,
1105 5473 1158 5516 et
1195 5464 1480 5533 provenire
1513 5465 1722 5516 dicatur
1754 5466 1822 5518 ab
1851 5465 2054 5518 insom-

491 5532 618 5604 uiis.
657 5549 829 5604 neque
855 5532 1204 5588 contemnere
1225 5533 1382 5604 facile
1406 5543 1510 5598 est,
1549 5548 1718 5601 neque
1747 5535 1990 5588 credere.
2028 5552 2046 5584 ι

490 5599 903 5656 (Σοιιειίιιύιιὶιιι
948 5607 1206 5672 quosdam
1238 5603 1522 5672 insomnia
1577 5599 1866 5666 habuisse,
1913 5605 2054 5656 unde

490 5683 598 5744 non
616 5685 740 5728 sunt
759 5670 1092 5744 aspernanda
1118 5690 1130 5738 ;
1157 5670 1287 5724 τὸδὲ
1312 5671 1578 5744 μηδεμίαν
1597 5673 1818 5742 (αἰτίαν)
1835 5673 2053 5741 εὔλογον

488 5742 642 5816 ὁρᾷν,
683 5744 798 5799 καθ’
823 5742 893 5816 ἣν
944 5744 1032 5816 ἂν.
1069 5745 1278 5816 γένοιντο
1316 5742 1490 5816 τοῦτο,
1535 5743 1832 5816 διαπιστεῖν
1877 5747 2047 5816 ποιεῖ·

488 5809 636 5870 τοτε
675 5816 779 5887 γὰρ
807 5809 936 5868 Θεὸν
983 5809 1118 5866 εἷναι
1161 5813 1252 5866 τὸν
1299 5811 1599 5882 πέμποντα,
1638 5813 1770 5882 πρὸς
1819 5817 1882 5884 τῇ
1919 5814 2050 5886 ἄλλῃ

2169 3249 2300 3319 gore
2328 3261 2378 3302 et
2407 3249 2752 3318 palpitatione
2777 3251 3300 3304 circmnfunduntur.
3339 3253 3530 3319 Itaque
3559 3253 3742 3320 hospi-

2173 3332 2252 3375 tes
2299 3335 2402 3373 non
2445 3319 2666 3380 assueti,
2705 3327 2848 3373 metu
2906 3327 3114 3372 tantum
3151 3335 3255 3373 non
3307 3319 3674 3375 emoriuntur.
3711 3341 3734 3375 ι

2173 3391 2352 3453 Diod.,
2389 3389 2482 3442 lib.
2539 3403 2596 3442 ιιι
2625 3389 2767 3448 Bibl.
2793 3390 2943 3454 Iu'st.,
2984 3405 3103 3459 pag.
3141 3389 3273 3454 184;
3307 3391 3445 3445 Mela
3479 3391 3557 3444 De
3583 3392 3740 3446 Mau-

2172 3461 2401 3522 ritania;
2435 3459 2751 3520 Kircherus,
2785 3459 2922 3512 libro
2955 3459 3031 3513 De
3065 3458 3429 3529 thegiitormn
3469 3473 3692 3528 spectac.
3713 3479 3738 3529 ;

2171 3531 2447 3586 Plutarch.
2490 3529 2563 3582 De
2594 3529 2801 3598 defectu
2831 3545 2976 3583 orac.
3013 3541 3066 3584 et
3097 3527 3193 3581 De
3217 3527 3517 3584 simulacris
3547 3527 3738 3598 Epicf;

2169 3599 2432 3669 Apuleius
2467 3602 2520 3652 iu
2573 3597 2725 3669 Apol.
2779 3608 2834 3652 et
2879 3600 3082 3668 passim
3137 3598 3472 3669 Lucretius:
3507 3602 3742 3655 asseruit

2170 3668 2312 3724 enim
2345 3684 2523 3723 rerum
2571 3668 2855 3722 simulacra
2905 3669 3009 3722 huc
3053 3677 3106 3722 et
3149 3668 3277 3724 illuc
3305 3673 3640 3736 aberrantia,
3673 3687 3736 3724 ea

2169 3739 2461 3794 subtilitate
2489 3749 2544 3791 et
2574 3739 2758 3808 vigore
2791 3739 3044 3793 invadere
3077 3739 3438 3793 dormientem
3474 3751 3528 3794 et
3555 3742 3738 3794 incur-

2169 3825 2308 3874 rere,
2341 3819 2398 3861 ut
2435 3808 2551 3875 eius
2577 3811 2818 3860 animum
2845 3810 3119 3879 attingant
3149 3821 3202 3861 et
3243 3811 3565 3878 percellaut,
3597 3813 3737 3865 unde

2167 3889 2382 3948 poterat
2416 3881 2482 3932 de
2519 3879 2710 3932 futuris
2739 3878 3064 3948 conjeCtare.
3107 3880 3370 3933 Srcacsn.

2157 3993 2348 4064 ἀλογία
2380 3993 2494 4056 καὶ,
2525 3992 2583 4043 τὸ
2602 3992 2674 4065 μὴ
2707 3994 2819 4065 τοῖς
2841 3991 3136 4065 βελτίστοις
3163 3993 3255 4045 καὶ
3283 3995 3732 4065 φρονιμωτάτοις,

2159 4066 2300 4144 atqu
2323 4063 2434 4150 τοῖς
2459 4063 2727 4150 ὶτυχοῦσὶιν
2748 4063 3012 4150 πέμπειν,
3055 4063 3272 4150 ἄτοπον.
3325 4063 3734 4150 ’ῥφάέρεθεξσης

2157 4135 2213 4198 δὲ
2240 4133 2341 4204 τῆς
2371 4133 2484 4204 άπὸ
2511 4133 2606 4204 τοῦ
2642 4132 2776 4185 Θεοῦ
2813 4134 3012 4204 αἰτίας,
3053 4133 3278 4204 οὐδεμία
3314 4135 3423 4188 τῶν
3451 4132 3618 4189 ἄλλων
3643 4132 3738 4188 εὖ-

2155 4200 2311 4274 λογος
2344 4200 2479 4256 εἶναι
2513 4202 2760 4271 φαίνεται
2786 4201 2953 4256 αἰτία.
2989 4220 3007 4274 ι
3038 4200 3354 4258 ΟυιιιιιιιΙΙιι
3393 4207 3730 4259 rationabilis

2157 4273 2319 4331 causa
2358 4275 2623 4339 videatur,
2663 4289 2758 4341 per
2785 4287 2950 4341 quam
2995 4273 3182 4327 istltzec
3227 4275 3489 4329 divinatio
3537 4291 3728 4342 prove-

2161 4348 2292 4408 niat,
2341 4343 2571 4398 eﬂicitur
2621 4351 2679 4396 ut
2713 4343 2845 4396 ﬁdes
2893 4344 3207 4412 abrogetur.
3257 4343 3392 4397 Nam
3438 4346 3484 4400 si
3519 4346 3728 4398 dicatur

2161 4418 2328 4470 Deum
2364 4429 2484 4467 esse
2518 4413 2607 4482 qui
2633 4414 2840 4466 somnia
2869 4413 3066 4478 mittat,
3095 4423 3296 4482 praeter
3340 4415 3448 4467 alia
3484 4416 3642 4468 multa
3672 4424 3732 4468 et

2161 4486 2261 4538 hoc
2293 4499 2508 4552 quoque
2558 4483 2954 4539 subabsurdum
2984 4493 3088 4547 est,
3121 4499 3227 4537 non
3268 4485 3489 4553 optimis
3519 4487 3732 4553 sapien-

2163 4555 2515 4623 tissimisque,
2569 4555 2663 4608 sed
2707 4553 2992 4622 quibusvis
3031 4554 3152 4606 sine
3201 4555 3520 4609 discrimine
3565 4555 3724 4608 mitti.

2161 4625 2384 4679 Sublata
2417 4632 2594 4678 autem
2625 4638 2787 4678 causa
2813 4636 2933 4690 quae
2959 4624 3022 4676 ad
3055 4623 3222 4676 Deum
3258 4623 3548 4687 referatur,
3581 4625 3722 4678 nulla
3801 4647 3814 4660 ι

2158 4705 2419 4763 praeterea
2457 4695 2558 4748 alia
2591 4693 3198 4763 videturconsentanea
3228 4709 3374 4749 esse.
3415 4713 3434 4746 ι
3477 4693 3604 4748 Vide
3633 4711 3728 4748 ca-

2161 4761 2255 4833 put
2277 4764 2605 4827 secundum;
2632 4761 2828 4817 alicubi
2856 4775 2983 4816 vero
3009 4763 3280 4818 insomnia
3311 4765 3420 4818 Deo
3456 4765 3722 4832 ascripsit.

2159 4835 2406 4896 'I‘ertull.,
2463 4833 2598 4887 libro
2645 4833 2718 4886 De
2763 4833 2966 4896 anima,
3011 4847 3137 4900 cap.
3184 4833 3293 4888 49:
3331 4852 3350 4885 ι
3397 4833 3454 4887 Si
3502 4837 3642 4888 enim
3669 4845 3724 4887 et

2156 4905 2476 4958 AristOteles
2507 4907 2724 4957 heroem
2755 4904 3041 4971 quemdam
3071 4901 3346 4959 Sardinia:
3373 4911 3540 4967 notat,
3571 4905 3720 4958 incu-

2159 4976 2376 5028 balores
2403 4974 2512 5027 fani
2558 4975 2642 5028 sui
2669 4972 2969 5027 visionibus
3001 4975 3311 5041 privautem
3339 4995 3351 5030 ε
3384 4975 3488 5028 erit
3527 4984 3581 5026 et
3619 4975 3723 5027 hoc

2160 5045 2212 5096 in
2247 5045 2552 5098 daemonum
2587 5043 2898 5096 libidinibus
2923 5051 3030 5096 tam
3061 5044 3278 5098 auferre
3307 5046 3535 5108 somnia,
3563 5059 3720 5112 quam

2158 5113 2395 5177 inferre;
2456 5126 2512 5167 ut.
2560 5113 2785 5167 Neronis
2827 5127 3043 5182 quoque
3095 5115 3201 5167 seri
3247 5115 3626 5179 somniatoris,
3665 5125 3724 5167 et.

2158 5183 2544 5254 Thrasymctlis
2574 5182 2936 5254 insigneitttle
2968 5185 3319 5251 processerit.
3351 5183 3456 5237 Sed
3489 5194 3588 5238 eta
3614 5184 3722 5236 Deo

2156 5251 2472 5308 deducimus
2505 5251 2911 5322 somnia.Quid
2952 5254 3122 5322 ergo?
3154 5269 3251 5308 nec
3277 5271 3304 5307 a
3337 5255 3448 5308 Deo
3481 5256 3722 5308 Atlantes

2157 5325 2530 5378 somniarent?
2564 5323 2648 5394 vel
2672 5321 2797 5390 quia
2834 5321 2976 5375 nulla
3007 5321 3128 5391 jam
3161 5341 3296 5393 gens
3333 5325 3424 5377 Dei
3469 5335 3716 5377 extranea

2156 5403 2259 5455 cst,
2299 5397 2350 5448 iu
2381 5409 2592 5447 omnem
2627 5403 2845 5455 terram,
2891 5402 2944 5445 ct
2972 5394 3024 5446 in
3063 5396 3329 5449 terminos
3369 5395 3511 5448 orbis
3549 5396 3718 5447 Evan—

2157 5465 2297 5532 gelio
2333 5463 2688 5517 coruscante?
2721 5461 2858 5514 Num
2891 5477 3019 5532 ergo
3061 5473 3153 5517 aut
3183 5465 3326 5518 larua
3379 5469 3593 5516 mentita
3635 5473 3718 5515 est

2157 5535 2431 5589 Aristoteli
2467 5545 2557 5587 aut
2605 5535 2909 5587 dminonum
2943 5533 3122 5588 adhuc
3169 5537 3308 5590 ratio
3339 5543 3450 5598 est;
3483 5534 3600 5588 dum
3647 5545 3716 5584 ne

2157 5607 2351 5658 anima)
2407 5605 2584 5673 aliqua
2639 5611 2832 5657 natura
2880 5603 3138 5660 credatur
3186 5606 3444 5661 immunis
3491 5603 3714 5658 somnio-

2157 5677 2314 5728 rum?
2351 5694 2369 5727 ι
2410 5673 2670 5728 Sumam.

2227 5746 2302 5814 (5)
2346 5747 2491 5799 ’Ότι.
2545 5745 2703 5800 Deest
2739 5747 2789 5801 in
2827 5755 2984 5802 antea
3025 5747 3212 5818 editis,
3257 5747 3352 5803 sed
3396 5749 3610 5804 habetur
3647 5741 3708 5799 in

2157 5830 2284 5870 HISS.
