3962 6414
489 408 601 467 ’145

1963 409 2120 468 ORIG
2131 411 2285 469 ΕΝιὸ

3655 409 3756 461 ἹΗ

484 524 756 592 Judaeum,
787 527 878 594 qui
925 523 1190 593 ejusmodi
1223 524 1565 592 argumentis
1597 524 1651 579 in
1695 525 1918 582 dubium
1971 544 2043 584 re-

2167 529 2425 582 ἀπιστίαν
2459 529 2587 598 περὶ
2618 526 2960 597 πράγματος,
2993 526 3132 579 κατά
3162 524 3229 578 τὸ
3256 522 3403 588 εἰκὸς
3429 520 3756 594 γενομένους

486 630 707 676 vocaret
733 635 842 675 rem
869 633 1032 688 quam
1072 617 1347 674 accidisse
1375 627 1544 674 multo
1577 617 1749 691 magis
1778 622 2066 692 probabile

487 714 582 780 sit,
611 728 770 784 quam
801 727 862 768 ea
892 726 1013 781 qua:
1047 711 1243 767 credit.

555 802 646 859 45.
702 801 923 857 Memini
984 811 1169 858 autem
1219 817 1309 858 me
1365 804 1670 874 quondam,
1723 820 1846 862 cum
1893 807 2065 863 habe-

485 910 600 951 rem
651 894 977 964 colloquium
1029 910 1154 950 cum
1200 893 1403 952 Iudaeis
1461 913 1527 953 ex
1581 913 1774 954 eorum
1832 915 2063 954 numero

481 1002 622 1059 quos
687 988 961 1053 sapientes
1010 996 1248 1054 vocant,
1311 989 1472 1057 idque
1514 989 1702 1044 multis
1753 991 2062 1046 astantibus

478 1081 572 1152 qui
618 1079 827 1149 judices
873 1089 1080 1144 essent,
1135 1079 1219 1136 his
1263 1080 1446 1135 verbis
1492 1097 1652 1136 usmn
1702 1095 1824 1137 esse
1857 1101 1869 1137 :
1907 1102 1926 1135 ι
1969 1082 2062 1136 Di—

481 1170 607 1238 cite,
638 1173 816 1240 sodes,
861 1187 985 1227 cum
1033 1173 1142 1227 duo
1189 1171 1408 1241 quidam
1443 1173 1510 1226 ad
1560 1173 1841 1228 hominum
1890 1189 2061 1243 genus

480 1265 822 1329 advenerim,
885 1271 952 1320 de
992 1265 1189 1334 quibus
1233 1265 1496 1333 stupenda
1548 1275 1603 1318 et
1654 1280 1773 1335 qua:
1807 1277 2057 1320 naturam

480 1355 771 1412 humanam
829 1365 1130 1427 superant,
1184 1356 1388 1412 litteris
1440 1358 1692 1412 mandata
1747 1366 1909 1425 sunt,
1961 1374 2057 1413 ve-

476 1453 610 1513 ster,
667 1447 926 1516 inquam,
979 1447 1256 1517 legislator
1299 1447 1509 1520 Moyses
1571 1451 1662 1519 qui
1720 1450 1788 1503 de
1830 1465 1889 1504 se
1938 1449 2058 1519 ipso

477 1540 722 1610 scripsit,
749 1550 801 1596 et
829 1540 984 1596 Jesus
1010 1541 1269 1610 magister
1292 1552 1477 1596 noster
1523 1542 1614 1611 qui
1659 1542 1862 1596 nullum
1907 1543 1972 1598 de
1998 1558 2058 1598 se

475 1633 738 1703 scriptum
791 1633 1036 1704 reliquit,
1095 1633 1197 1690 sed
1250 1633 1318 1689 de
1365 1649 1471 1702 quo
1534 1634 1784 1704 discipuli
1835 1635 1951 1705 ejus
1999 1635 2054 1690 in

476 1724 785 1795 Evangeliis
845 1726 1212 1781 testimonium
1261 1725 1578 1795 perhibent:
1636 1740 1884 1795 quaenam
1940 1729 2056 1784 haec

475 1819 698 1890 partitio
718 1827 828 1883 est,
865 1818 1036 1892 Moysi
1068 1819 1289 1890 quidem
1333 1820 1520 1875 haberi
1558 1819 1716 1874 ﬁdem
1751 1831 1808 1874 ut
1849 1822 2052 1887 veraci,

2171 621 2371 690 μᾶλλον
2406 620 2557 691 παρὰ
2587 619 2654 672 τὰ
2683 617 3084 689 πεπιστευμένα
3111 618 3210 670 ὑπ’
3239 616 3468 670 ἐκείνου.

2236 793 2538 865 Μέμνημαι
2591 791 2647 844 δέ
2700 808 2850 852 ποτε,
2888 789 2944 842 ἕν
2989 806 3096 842 τινι
3148 787 3291 859 πρὸς
3346 784 3622 841 Ἰουδαίων
3671 785 3754 838 λε-

2164 886 2428 957 γομένους
2516 884 2712 953 σοφοὺς
2791 883 3022 948 διαλέξει
3097 881 3454 953 χρησάμενος
3527 878 3752 949 τοιούτῳ

2163 979 2324 1050 λόγῳ,
2381 977 2641 1030 πλειόνων
2688 975 2983 1046 κρινόντων
3025 974 3084 1028 τὸ
3115 972 3413 1042 λεγόμενον
3435 988 3448 1000 ·
3495 991 3514 1022 ι
3546 971 3753 1026 Εϊπατέ

2167 1088 2288 1141 μοι,
2327 1064 2372 1124 ὧ
2418 1065 2595 1133 οῦτοι,
2643 1066 2735 1120 δύο
2788 1067 2949 1120 τινῶν
2997 1064 3458 1136 ἐπιδημησάντων
3513 1062 3594 1134 τῷ
3646 1064 3750 1116 τῶν

2161 1161 2461 1235 ἀνθρώπων
2513 1160 2680 1229 γένει,
2732 1157 2860 1229 περὶ
2890 1151 2963 1210 ὦν
3015 1154 3434 1232 παραδοξαμὲ)
3471 1155 3568 1206 καὶ
3612 1153 3754 1226 ὑπὲρ

2160 1255 2258 1326 τὴν
2279 1251 2621 1322 ἀνθρωπίνην
2647 1249 2808 1319 φύσιν
2827 1246 3266 1318 ἀναγέγραπται,
3285 1243 3568 1307 Μωῦσέως
3587 1243 3750 1312 λέγω,

2159 1345 2252 1399 τοῦ
2283 1344 2435 1416 ὑμῶν
2460 1342 2774 1414 νομοθέτου,
2809 1340 2938 1412 περὶ
2968 1339 3160 1393 ἑαυτοῦ
3181 1337 3624 1409 ἀναγράψαντος,
3658 1335 3752 1388 καὶ

2171 1437 2343 1510 Ἰησοῦ
2372 1435 2464 1490 τοῦ
2495 1437 2763 1509 ἡμετέρου
2805 1431 3145 1495 διδασκάλου,
3184 1429 3349 1502 μηδὲν
3380 1429 3512 1500 περὶ
3555 1425 3752 1481 ἑαυτοῦ

2160 1530 2499 1601 σύγγραμμα
2535 1525 2985 1588 καταλελοιπότος
3015 1524 3126 1596 (15)
3147 1565 3162 1590 ,
3197 1521 3334 1576 ἀλλά
3362 1521 3471 1574 ὑπὸ
3501 1519 3613 1573 τῶν
3649 1537 3750 1590 μα-

2159 1623 2336 1694 θητῶν
2390 1625 2447 1675 ὲν
2492 1623 2604 1684 τοῖς
2643 1618 2988 1688 Εὐαγγελίοις
3033 1615 3563 1688 μεμαρτυρημένου’
3599 1612 3748 1682 τίςή

2157 1713 2562 1784 ἀποκλήρωσις,
2616 1709 2971 1765 πιστεύεσθαι
3007 1708 3103 1780 μὲν
3136 1707 3380 1762 Μωῦσέα
3407 1707 3486 1769 ὡς
3519 1703 3748 1776 ἀληθεύ-

2157 1823 2304 1873 οντα,
2327 1806 2503 1860 καίτοι
2523 1822 2586 1874 γε
2605 1803 2911 1874 Αἰγυπτίων
2929 1800 3322 1855 διαδαλλόντων
3343 1799 3507 1854 αὑτὸν
3523 1798 3602 1860 ὡς
3619 1797 3740 1867 γόηο

473 1912 728 1982 quamvis
746 1891 982 1982 [Egyptii
1015 1911 1368 1982 impostorem
1403 1927 1529 1967 eum
1557 1910 1725 1966 luisse
1750 1923 1803 1965 et
1830 1913 2043 1983 magicis

2158 1917 2242 1962 τα,
2262 1901 2356 1954 καὶ
2380 1898 2687 1970 μαγγανεία
2711 1896 2809 1960 τάς
2842 1895 3099 1967 δυνάμεις
3134 1893 3500 1964 πεποιηκέναι
3535 1891 3748 1946 δοκοῦν-

474 2003 689 2058 artibns
739 2003 986 2073 prodigia
1035 2005 1200 2059 edere
1234 2005 1409 2059 visum
1453 2019 1573 2059 csse
1612 2003 2047 2072 calumnicntur;

473 2095 604 2153 Jesu
647 2113 776 2152 vero
816 2112 1032 2153 omnem
1060 2098 1311 2170 abrogari
1367 2098 1550 2164 iidem,
1595 2098 1724 2167 quia
1767 2112 1864 2152 vos
1897 2088 2048 2151 illum

472 2189 778 2247 incusatis?
800 2188 933 2244 Nam
970 2189 1190 2259 ntrique
1213 2204 1309 2246 sua
1345 2204 1476 2261 gens
1504 2189 1916 2259 patrocinatur:
1949 2188 2050 2244 Juv

471 2283 573 2338 dari
603 2283 820 2352 quidem
854 2281 1058 2354 Moysi;
1087 2281 1386 2337 Christiani
1416 2295 1546 2337 vero
1576 2299 1698 2352 qua:
1730 2284 1794 2337 de
1831 2279 1956 2336 Jesu
1982 2282 2050 2336 ab

468 2370 589 2441 ejus
640 2373 925 2444 discipulis
955 2374 1158 2445 scripta
1205 2384 1331 2430 sunt
1389 2374 1672 2444 prodigia,
1737 2390 1836 2445 pro
1907 2375 2051 2429 reris

468 2464 706 2534 habent;
751 2481 930 2537 neque
982 2467 1191 2522 idcirco
1239 2467 1442 2539 Mnysis
1501 2469 1840 2540 prophetiam
1891 2484 2052 2535 repu-

466 2556 657 2624 diant;
708 2560 819 2616 imo
844 2559 974 2616 hinc
1022 2561 1260 2616 maxime
1309 2559 1635 2615 conﬁrmant
1663 2577 1781 2631 qua:
1814 2561 1880 2614 de
1921 2559 2047 2616 Jesu

467 2651 718 2706 credunt.
749 2650 902 2720 Quod
931 2652 978 2707 si
1038 2663 1238 2708 nostra:
1291 2652 1358 2706 de
1403 2651 1531 2708 Jesu
1583 2651 1706 2708 ﬁdei
1779 2653 2046 2708 rationem

462 2741 718 2812 poscitis,
741 2741 891 2813 prius
911 2757 1008 2798 vos
1025 2741 1188 2798 dicite
1203 2758 1304 2798 cur
1327 2741 1497 2814 Moysi
1521 2743 1760 2798 credatis
1780 2744 1870 2812 qui
1895 2743 2044 2797 illum

463 2834 773 2903 praecessit;
808 2848 910 2890 nos
955 2833 1152 2890 deinde
1202 2834 1447 2889 dicemus
1485 2849 1584 2887 cur
1623 2833 1710 2888 isti
1736 2832 2045 2888 credamus.

463 2923 571 2980 Sed
599 2925 644 2980 si
697 2925 1132 2997 lergiversemini
1187 2935 1242 2980 et
1291 2927 1554 2980 recusetis
1596 2926 1831 2997 probare
1872 2942 1971 2980 cur
1995 2926 2046 2980 ei

463 3017 727 3083 credatis,
781 3033 880 3073 nos
913 3017 1405 3089 impraesentiarum
1450 3033 1544 3073 vos
1599 3018 1958 3083 imitabimur,
1991 3027 2048 3072 et

461 3119 649 3166 nostra
704 3121 1027 3180 argumenta
1075 3111 1396 3166 tacebimus.
1446 3109 1812 3164 Nihilominus
1871 3109 2044 3164 fatea-

462 3204 597 3260 mini
664 3204 842 3259 nullas
892 3218 985 3260 vos
1011 3203 1079 3258 dc
1115 3204 1299 3276 Moyse
1348 3205 1702 3275 probationes
1735 3204 1956 3269 habere,
1992 3211 2048 3258 el

465 3295 653 3350 audite
685 3307 902 3350 nosuas
961 3295 1028 3350 de
1068 3293 1194 3350 Jesu
1239 3311 1304 3349 ex
1356 3296 1475 3364 lege
1520 3305 1574 3348 ct
1633 3293 1914 3364 prOphetis
1953 3296 2045 3347 de-

463 3395 734 3456 sumptas.
778 3387 843 3440 Et
873 3387 1016 3456 quod
1055 3387 1304 3443 mirabile
1347 3403 1572 3458 prorsus
1606 3396 1709 3449 cst,
1738 3402 1857 3455 qua:
1891 3385 2042 3440 nobis

463 3478 533 3534 de
569 3477 697 3533 Jesu
759 3478 841 3533 lex
886 3487 940 3532 et
981 3479 1258 3548 prophetae
1314 3486 1634 3548 argumenta
1667 3479 2040 3548 suppeditant,

461 3571 658 3627 iisdem
691 3570 929 3642 Moyscm
983 3580 1038 3626 et
1087 3570 1382 3640 prophetas
1433 3571 1838 3626 demonstratur
1870 3569 2042 3626 fuisse

465 3662 558 3718 Dei
595 3665 906 3734 pr0plictas.

532 3755 644 3827 36
659 3757 749 3811 66.
775 3757 1044 3812 Caeterum
1063 3755 1148 3813 lex
1169 3765 1222 3813 et
1238 3757 1514 3828 pr0pheta:
1532 3758 1716 3812 referti
1744 3767 1862 3814 sunt
1882 3760 2043 3817 rebus

461 3847 722 3916 insolitis,
755 3867 876 3921 qua:
904 3861 1033 3906 sunt
1076 3849 1319 3920 ejusdem
1363 3849 1478 3904 fere
1520 3861 1726 3906 natura:
1788 3867 1853 3907 ac
1897 3854 2043 3922 quod

459 3943 723 4013 scriptum
745 3951 830 3998 est
854 3943 920 3998 de
948 3944 1130 4013 specie
1156 3942 1424 3998 columba:
1440 3953 1493 3998 et
1517 3959 1647 4000 voce
1665 3961 1696 4000 e
1713 3944 1849 4000 caelo
1877 3946 2041 4000 missa

459 4044 588 4086 cum
620 4029 780 4087 Jesus
819 4031 1210 4102 baptizaretur.
1263 4031 1524 4103 Spiritum
1571 4043 1750 4089 autem
1792 4046 2038 4091 sanctum

461 4122 655 4190 fuisse,
682 4125 775 4193 qui
828 4126 1082 4182 tunc-sub
1117 4127 1298 4198 specie
1319 4127 1582 4183 columba:
1608 4127 1754 4183 visus
1778 4140 1880 4194 est,
1913 4145 2040 4199 pro-

459 4213 596 4272 bare
619 4229 749 4287 puto
765 4215 892 4272 Jesu
922 4218 1210 4294 miracula,
1233 4235 1353 4289 qua:
1377 4230 1431 4274 ut
1450 4220 1816 4276 calumnietur
1829 4221 2036 4287 Celsus,

460 4305 540 4360 ait
583 4320 644 4360 ea
670 4307 836 4362 fuisse
871 4308 940 4363 ab
967 4323 1032 4364 eo
1077 4309 1218 4365 edita
1252 4311 1466 4367 artibus
1522 4328 1660 4382 quas
1697 4315 1836 4382 apud
1865 4312 2036 4384 Egy-

457 4397 603 4467 ptios
632 4397 922 4456 didicerat.
947 4399 1061 4457 Nec
1089 4401 1156 4457 iis
1181 4402 1311 4457 solis
1361 4413 1512 4470 utar;
1547 4418 1732 4459 verum
1757 4407 1944 4467 etiam,
1981 4412 2040 4458 ut

2155 2009 2244 2044 1a'
2295 1991 2502 2063 Ἰησοῦν
2531 1990 2586 2044 δὲ
2606 1988 2972 2052 ἀπιστεῖσθαι,
2989 1987 3110 2040 ἐπεὶ
3127 1987 3286 2057 ὑμεῖς
3305 1984 3475 2038 αὑτοῦ
3511 1999 3749 2054 κατηγο-

2157 2083 2330 2152 ρεῖτε;
2365 2082 2532 2152 Ἕθνη
2561 2079 2669 2152 γὰρ
2697 2079 3025 2150 ἀμφοτέροις
3046 2079 3334 2148 μαρτυρεῖ·
3376 2075 3620 2129 Ἰουδαῖοι
3649 2075 3749 2146 μὲν

2152 2175 2383 2243 Μωῦσῇ,
2409 2171 2724 2242 Χριστιανοὶ
2745 2171 2823 2235 δὲ,
2858 2171 2934 2242 μὴ
2963 2169 3286 2241 ἀρνούμενοι
3315 2167 3426 2238 (Η)
3460 2167 3562 2238 τὴν
3584 2169 3750 2222 Μωῦ-

2154 2265 2292 2328 σέως
2344 2265 2698 2336 προφητείαν,
2752 2262 2888 2316 ἀλλά
2937 2260 3190 2315 κάκεῖθεν
3224 2258 3648 2322 ἀποδεικνύντες
3676 2258 3747 2314 τὰ

2153 2359 2282 2430 περὶ
2313 2356 2407 2410 τοῦ
2449 2356 2646 2425 Ἰησοῦ,
2682 2354 3082 2428 παραδέχονται
3111 2353 3180 2406 τὰ
3213 2353 3343 2424 περὶ
3376 2351 3544 2405 αὐτοῦ
3572 2350 3743 2422 ἀληθῆ

2152 2447 2290 2503 εἶναι
2312 2449 2586 2520 παράδοξα
2620 2448 2724 2501 ὑπὸ
2751 2447 2858 2500 τῶν
2886 2445 3143 2518 μαθητῶν
3182 2444 3348 2497 αὑτοῦ
3383 2445 3743 2515 ἀναγεγραμ-

2154 2542 2311 2614 μένα.
2343 2542 2494 2594 Εἴτε
2527 2541 2634 2613 γὰρ
2668 2539 2823 2608 λόγον
2851 2540 3134 2592 ἀπαιτεῖτε
3153 2539 3302 2608 ἡμᾶς
3337 2538 3468 2608 περὶ
3503 2536 3600 2589 τοῦ
3638 2537 3745 2606 Ἰη-

2153 2633 2270 2700 σοῦ,
2289 2633 2513 2688 ἀπόδοτε
2537 2649 2602 2684 πε
2613 2633 2663 2703 pi.
2685 2631 2963 2694 Μωῡσέως
2989 2629 3080 2683 τοῦ
3117 2629 3223 2702 πρὸ
3247 2628 3415 2682 αὐτοῦ
3447 2628 3743 2700 γενομένου

2153 2726 2440 2799 πρότερον,
2474 2723 2571 2778 εἷθ’
2609 2725 2735 2795 ἑξῆς
2765 2725 2926 2795 ἡμεῖς
2954 2721 3306 2792 ἀποδώσομεν
3335 2721 3428 2776 τὸν
3462 2724 3594 2793 περὶ
3620 2721 3744 2775 τού-

2149 2836 2266 2873 του.
2312 2817 2496 2888 ’Υμῶν
2527 2817 2570 2870 δ’
2602 2815 2983 2887 ἀναδυομένων
3013 2814 3108 2868 καὶ
3142 2814 3458 2884 φευγόντων
3489 2816 3590 2878 τὰς
3616 2816 3744 2885 περὶ

2150 2911 2359 2965 ἐκείνου
2392 2909 2720 2976 ἀποδείξεις,
2755 2908 2829 2972 ὼς
2861 2908 2957 2979 μὲν
2981 2907 3116 2978 πρὸς
3153 2907 3213 2959 τὸ
3241 2907 3442 2977 παρὸν,
3473 2907 3535 2960 τὸ
3559 2907 3744 2978 ὅμοιον

2148 3008 2276 3078 ὑμῖν
2320 3004 2628 3066 ποιοῦντες,
2672 3003 2772 3056 οὐκ
2819 3001 3244 3072 ἀποδεικνύομεν
3265 3017 3278 3030 ο
3307 3001 3462 3054 οὐδὲν
3491 3000 3549 3053 δὲ
3581 2997 3741 3072 ἦττον

2147 3098 2518 3171 ὁμολογήσατε
2556 3095 2664 3167 (15)
2697 3096 2758 3148 τὸ
2800 3097 2874 3167 μὴ
2905 3095 3050 3166 ἔχειν
3078 3094 3242 3160 δεῖξιν
3274 3095 3403 3168 περὶ
3435 3095 3736 3159 Μωῦσέως,

2150 3189 2244 3244 καὶ
2269 3189 2538 3244 ἀκούσατε
2568 3187 2669 3251 τὰς
2701 3187 2830 3260 περὶ
2876 3186 3049 3257 Ἰησοῦ
3079 3186 3387 3251 ἀποδείξεις
3409 3187 3520 3240 ἀπὸ
3542 3187 3637 3240 τοῦ
3663 3188 3743 3241 νό-

2071 3256 2115 3315 c‘
2154 3301 2255 3356 μου
2299 3284 2394 3336 καὶ
2430 3283 2538 3337 τῶν
2579 3256 2894 3353 προφητῶν.
2933 3256 3061 3346 Καὶ,
3104 3281 3164 3334 τὸ
3199 3281 3505 3353 παράδοξόν
3562 3299 3646 3350 γε,
3677 3283 3742 3333 ὲκ

2149 3376 2258 3430 τῶν
2290 3375 2418 3448 περὶ
2467 3374 2644 3446 Ἰησοῦ
2668 3373 2992 3440 ἀποδείξεων
3020 3375 3076 3426 ὲν
3127 3373 3276 3445 νόμῳ
3305 3375 3402 3427 καὶ
3431 3376 3740 3445 προφήταις

2147 3466 2550 3530 ἀποδείκνυται,
2570 3467 2653 3519 ὅτι
2682 3466 2775 3518 καὶ
2805 3465 3046 3535 Μωῦσῆς
3080 3465 3174 3519 καὶ
3205 3467 3254 3519 οἱ
3288 3466 3576 3538 προφῆται
3600 3463 3739 3538 ἦσαν

2149 3557 2427 3629 προφῆται
2460 3555 2554 3610 τοῦ
2584 3556 2742 3612 θεοῦ.
2783 3575 2801 3608 ι

2220 3762 2581 3834 Πεπλήρωται
2607 3762 2663 3816 δὲ
2691 3763 2719 3814 ὁ
2737 3761 2919 3833 νόμος,
2953 3761 3046 3815 καὶ
3073 3763 3121 3814 οἱ
3154 3761 3456 3833 προφῆται,
3490 3761 3600 3813 τῶν
3631 3778 3739 3813 πα-

2150 3852 2462 3924 ραπλησίων
2513 3852 2832 3926 παραδόξων
2896 3851 2975 3922 τῷ
3015 3852 3398 3924 ἀναγράψαντι
3448 3852 3560 3923 (16)
3612 3853 3739 3923 περὶ

2146 3945 2238 4000 τοῦ
2278 3946 2452 4018 Ἰησοῦ
2481 3945 2631 4019 παρὰ
2665 3944 2742 4016 τῷ
2784 3945 3141 4016 βαπτίσματι,
3189 3946 3318 4016 περὶ
3351 3945 3453 4016 τῆς
3485 3963 3736 4018 περιστε-

2149 4039 2267 4108 ρᾶς,
2302 4038 2396 4090 καὶ
2422 4037 2522 4108 τῆς
2551 4035 2850 4108 ἐξοῦρανοῦ
2878 4036 3080 4106 φωνῆς.
3117 4037 3350 4107 Σημεῖον
3375 4037 3435 4090 δὲ
3459 4032 3614 4108 οἶμαι
3640 4036 3738 4090 τοῦ

2143 4131 2262 4183 τότε
2291 4130 2546 4199 ὀφθέντος
2571 4130 2678 4200 (l7)
2712 4129 2867 4198 ἁγίου
2901 4128 3218 4199 Πνεῦματος
3241 4132 3298 4182 έν
3324 4131 3458 4183 εἴδει
3492 4146 3739 4202 περιστε-

2147 4224 2269 4293 ρᾶς,
2304 4222 2372 4275 τὰ
2405 4222 2511 4275 ὑπὸ
2539 4219 2633 4275 τοῦ
2673 4219 2847 4292 Ἰησοῦ
2883 4221 3160 4293 παράδοξα
3188 4225 3551 4292 γεγενημένα,
3580 4223 3739 4274 ἅτινα.

2144 4315 2445 4369 διαϐάλλων
2471 4314 2699 4378 Κέλσος,
2732 4314 2896 4385 φησὶν
2929 4312 3092 4366 αὑτὸν
3122 4313 3252 4384 παρ’
3284 4314 3608 4381 Αἰγυπτίοις
3633 4329 3733 4382 με·

2148 4406 2430 4478 μαθηκότα
2467 4405 2841 4476 πεποιηκέναι.
2885 4406 2993 4458 Καὶ
3037 4406 3138 4458 οὐκ
3179 4406 3410 4468 ἐκείνοις
3451 4421 3516 4474 γε
3551 4405 3734 4476 μόνοις

459 4503 560 4558 par
603 4498 707 4552 est,
747 4491 817 4545 iis
852 4507 973 4561 qua:
1011 4503 1369 4563 patraverunt
1397 4493 1524 4552 Jesu
1560 4496 1811 4566 apostoli.
1854 4497 2038 4566 Neque

2158 4500 2436 4569 (ρήσομαιο
2469 4497 2605 4550 ἀλλά
2645 4495 2772 4567 γὰρ,
2811 4495 2952 4549 κατά
2979 4495 3038 4549 τὸ
3076 4497 3242 4560 εἰκὸς,
3283 4497 3376 4551 καὶ
3412 4492 3495 4560 οἷς
3521 4499 3569 4550 οἱ
3603 4497 3740 4550 ἀπό-

459 4580 605 4634 cnim
669 4582 789 4637 sine
846 4583 1128 4642 miraculis
1171 4587 1547 4658 prodigiisque
1596 4589 1906 4660 potuissent
1956 4587 2039 4642 iu-

461 4671 660 4729 ducere
719 4691 833 4741 eos,
903 4679 1103 4747 quibus
1178 4695 1374 4735 novam
1437 4681 1742 4736 doctrinam
1787 4697 2037 4752 novaque

459 4763 708 4821 instituta
743 4769 1049 4840 tradebant,
1075 4779 1134 4827 ut
1162 4771 1370 4829 relictis
1413 4773 1608 4844 patriis
1633 4773 1919 4842 institutis,
1952 4773 2034 4829 vel

532 4965 647 5034 (12)
700 4967 793 5042 Sic
857 4983 1052 5024 omnes
1118 4987 1299 5038 mss.,
1363 4980 1592 5037 excepto
1664 4971 1879 5026 Joliano
1948 4972 2040 5042 qui

457 5045 750 5173 υὲιέἓιὲιηυο
766 5039 926 5094 habet
952 5042 1264 5110 lectionem,
1291 5042 1628 5113 παραδόξως,
1655 5055 1706 5098 et
1728 5059 1916 5113 supra,
1932 5039 2040 5096 πα-

462 5125 494 5173 ρ
626 5126 679 5160 α.

462 5125 679 5179 ραοοςα.

529 5179 640 5254 _(l'5)
681 5178 1046 5254 Illncﬁrﬂepl
1072 5181 1288 5254 ἑαυτοῦ
1319 5185 1673 5254 σύγγραμμα
1691 5187 2037 5239 καταλελοι-

458 5249 664 5324 πότος.
706 5248 842 5324 Hinc
881 5248 1024 5324 forte
1066 5251 1322 5321 colligere
1353 5248 1632 5324 es't'quat'n
1661 5255 1789 5310 Jesu
1821 5254 2028 5310 Christi

460 5320 1016 5394 norniiie__epistolam
1073 5323 1142 5376 ad
1175 5320 1450 5394 Abgarum
1487 5320 1713 5394 'profert
1763 5327 2030 5382 Eusebius

459 5389 558 5444 lib.
588 5404 606 5443 I
633 5389 790 5467 μίξει.
834 5392 1043 5460 εει-ιιι..
1085 5407 1212 5462 cap.
1243 5389 1458 5467 {Zyaut
1487 5389 1709 5467 Origeui
1750 5398 2027 5467 ignotam,

460 5468 554 5536 aut
599 5460 848 5536 ah__ipso
895 5477 995 5530 pro
1044 5460 1388 5536 supposititia
1418 5477 1496 5536 et
1551 5460 1734 5536 spuria
1771 5460 2026 5523 habitam

459 5529 650 5604 fuisse.
677 5528 1044 5604 Hieronytnus
1083 5528 1450 5604 ait—Ezechiel.
1487 5528 1632 5602 κων,
1669 5537 1739 5592 9.9
1771 5556 1786 5592 :
1823 5557 1842 5590 ι
1875 5537 2029 5593 Unde

458 5599 788 5678 et__Salt_Iator
811 5599 1016 5678 nullum
1049 5602 1300 5678 uolumen
1328 5606 1592 5678 doctrina:
1613 5599 1724 5663 sua:
1751 5608 2028 5678 proprium

459 5669 705 5739 reliquit,
753 5673 899 5747 quod
937 5673 990 5726 in
1027 5669 1778 5747 plerisqueapocryphorum
1825 5669 2029 5734 delira-

459 5751 639 5818 menta
669 5742 1008 5818 contingunt,
1030 5742 1142 5818 sed
1171 5745 1350 5818 Patris
1467 5742 1565 5802 suo
1608 5747 1813 5818 Spiritu
1842 5749 2026 5817 (κυοιί-

459 5810 548 5888 die
587 5810 905 5888 quuiturjn
937 5810 1102 5869 θοι-αθ
1151 5814 1510 5888 credentium.
1535 5835 1568 5888 γ»
1598 5810 1734 5872 Vide
1758 5819 1816 5873 S.
1840 5810 2024 5888 Augu-

460 5886 590 5936 stin.
619 5880 712 5938 lih.
739 5897 776 5938 ιι
821 5879 1080 5956 Retract.,
1121 5900 1244 5959 cap.
1278 5885 1365 5956 16,
1401 5897 1456 5944 et
1489 5887 1586 5946 lib.
1617 5903 1635 5943 ι
1667 5888 1743 5945 De
1768 5879 2020 5946 consensu

2146 4589 2320 4642 στολοι
2359 4587 2453 4642 τοῦ
2501 4586 2674 4658 Ἰησοῦ
2720 4592 3104 4660 πεποιήκασιν.
3151 4589 3265 4641 Οὐκ
3312 4588 3379 4643 ἂν
3426 4588 3536 4661 γὰρ
3559 4589 3738 4659 χωρὶς

2143 4680 2429 4753 δυνάμεων
2462 4679 2554 4733 καὶ
2582 4678 2900 4750 παραδόξων
2926 4679 3137 4732 ἐκίνουν
3167 4681 3294 4742 τοὺς
3322 4679 3524 4733 καινῶν
3555 4679 3735 4746 λόγων

2142 4775 2234 4828 καὶ
2254 4773 2455 4828 καινῶν
2487 4772 2823 4845 μαθημάτων
2860 4771 3158 4836 ἀκούοντας
3182 4773 3318 4843 πρὸς
3335 4773 3398 4848 τδ
3410 4771 3736 4826 καταλιπεῖν

2150 4988 2360 5042 evang.,
2397 4989 2519 5044 cap.
2571 4973 2621 5045 '_7_.
2673 4983 2723 5028 et
2780 4974 2904 5045 cod.
2937 4973 3048 5034 lib.,
3069 4988 3192 5042 cap.
3249 4974 3302 5037 9,
3338 4992 3460 5045 cap.
3488 4977 3587 5039 34;
3621 4977 3734 5034 lib.

2147 5059 2314 5118 Χιινιιι
2349 5042 2532 5118 contra
2566 5042 2824 5118 Fausum
2857 5044 3237 5113 Manicheum,
3267 5042 3448 5118 cap.'4
3474 5061 3528 5102 et
3548 5048 3721 5117 epist.

2145 5116 2210 5166 at]
2228 5115 2523 5183 Ccrctium
2561 5117 2803 5183 episcop.

2215 5181 2328 5253 (14)
2368 5183 2539 5266 Codd.
2567 5181 2766 5256 Regius
2825 5193 2881 5239 et
2927 5183 3278 5254 Basileeusis,
3319 5187 3632 5260 Χριστιανοὶ
3657 5187 3737 5242 δὲ

2141 5270 2318 5324 μαρτυ
2327 5271 2418 5323 ρου
2425 5271 2592 5324 μενοι.

2367 5325 2580 5402 l_lgg._et
2613 5325 2978 5402 Basileensis,_
2999 5328 3407 5402 ὡμολογήσατε.

2237 5394 2322 5466 to)
2366 5394 2911 5470 Τῷάναγρὰψαντι.
2953 5394 3319 5455 Scribenilum
3376 5397 3607 5470 videtur,
3634 5397 3741 5470 τῷ

2136 5466 2527 5537 ἀναγραφέντι,
2576 5481 2633 5520 ιιι
2664 5479 2810 5522 recte
2834 5481 3058 5524 monent
3083 5470 3318 5525 Guietus
3356 5481 3412 5524 et
3455 5466 3732 5537 Bohercl;

2138 5536 2462 5611 lus.l_bidem
2481 5537 2713 5592 Guietus
2735 5551 3021 5611 perperam
3048 5540 3338 5611 legendum
3361 5536 3732 5610 censetmpé

2135 5604 2197 5660 τὸ
2226 5605 2664 5684 βαπτισμαηιιοιι
2693 5623 2821 5662 vero
2837 5604 2993 5684 παρά
3016 5604 3483 5684 τιξῗβαπτίσματι.

2206 5677 2322 5749 (l7)
2365 5678 2706 5733 stchelius
2748 5688 2802 5733 et
2843 5677 3175 5748 Speucerus,
3206 5680 3304 5734 τοῦ
3332 5677 3406 5734 ’τε
3432 5678 3728 5750 ὀφθέντος,

2133 5751 2226 5822 sed
2267 5764 2459 5822 omnes
2490 5750 2650 5822 codd.
2693 5765 2831 5822 ms.,_
2863 5751 2959 5805 τοῦ
2997 5753 3121 5806 τότε
3157 5751 3441 5822 ὀφθέντος,
3489 5753 3728 5805 rectius.

2131 5818 2275 5896 Infra
2305 5819 2471 5896 ciale;
2498 5818 2696 5887 Regius
2721 5831 2773 5876 et
2799 5820 3149 5892 Basileensis,
3188 5818 3354 5896 μέχρι
3387 5822 3604 5878 θανάτου
3639 5822 3734 5876 τὰ.

2129 5889 2335 5943 τούτων
2359 5886 2457 5941 θαυ
2466 5886 2629 5962 ματα.
