3996 6534
268 408 381 461 713

1477 404 1754 461 CONTRA
1794 402 2070 459 CELSUM
2115 402 2237 456 LII}.
2286 400 2326 456 Ι.

3428 400 3529 453 ’716

273 528 381 596 μὲν
432 526 499 578 τά
532 527 754 596 πάτρια,
785 524 1189 597 παραδέξασθαι
1215 526 1268 577 δὲ
1293 525 1430 595 μετὰ
1467 524 1723 579 κινδύνων
1750 524 1845 576 τῶι

1963 538 2086 577 eum
2137 536 2348 576 summo
2384 519 2574 574 mortis
2628 520 2871 589 periculo
2928 521 3164 590 ipsorum
3215 520 3533 575 documenta

277 619 449 690 μέχρι
476 616 706 671 Θανάτου
735 618 803 670 τὰ
822 618 1024 671 τούτων
1048 618 1364 688 μαθήματα.
1395 618 1504 671 Καὶ
1522 616 1598 670 ἔτι
1623 617 1739 687 ἴχνη
1764 616 1855 669 τοῦ

265 710 433 779 ἁγίου
452 710 659 763 ἐκείνου
674 710 1005 780 Πνεύματος,
1019 709 1273 779 ὀφθέντος
1296 711 1352 762 ὲν
1368 710 1494 762 εἴδει
1512 709 1855 781 περιστερᾶς,

268 802 429 874 παρά
462 804 806 875 Χριπιανοίς
832 800 1079 866 σώζεται.
1122 802 1405 870 Ἐξάγουσι
1435 802 1545 872 (18)
1575 800 1854 871 δαίμονας,

264 896 367 949 καὶ
398 896 599 958 πολλὰς
633 898 803 961 ἰάσεις
829 896 1153 959 ἐπιτελοῦσι,
1172 898 1263 950 καὶ
1280 896 1449 968 ὁρῶσί
1475 912 1595 948 τινα
1625 894 1766 948 κατὰ
1798 895 1858 945 τὸ

274 989 527 1060 βούλημα
546 989 639 1042 τοῦ
661 991 833 1058 Λόγου
866 992 992 1062 περ).
1028 991 1343 1062 μελλόντων.
1390 989 1511 1044 Κᾶν
1551 990 1786 1060 χλευάση
1802 989 1856 1040 δὲ

274 1080 487 1143 Κέλσος
520 1082 579 1134 τὸ
617 1080 1034 1151 λεχθησόμενον,
1077 1083 1107 1152 ἢ
1146 1082 1205 1137 ὃν
1240 1083 1535 1152 εἰσήγαγεν
1575 1081 1854 1143 Ἰουδαῖος,

268 1174 428 1243 ὅμως
454 1175 747 1241 λελέξεται,
783 1179 861 1230 δτι
888 1177 1091 1241 πολλοὶ,
1126 1176 1365 1246 ὡσπερεὶ
1386 1177 1629 1239 ἄκοντες,
1663 1192 1858 1247 προσε-

265 1267 538 1338 ληλύθασι
565 1269 999 1340 Χριστιανισμῷ,
1052 1269 1361 1340 πνεύματός
1388 1286 1533 1332 τινος
1560 1268 1857 1339 τρέψαντος

263 1357 450 1409 αὐτῶν
492 1360 553 1411 τὸ
596 1362 919 1430 ἡγεμονικὸν
960 1361 1222 1430 αἰφνίδιον
1254 1361 1363 1413 ἀπὸ
1400 1360 1492 1413 τοῦ
1545 1363 1725 1431 μισεῖν
1765 1360 1856 1413 τὸν

275 1448 439 1518 λόγον
481 1453 575 1505 ἐπὶ
615 1452 676 1505 τὸ
713 1453 1153 1524 ὑπεραποθανεῖν
1190 1453 1378 1515 αὐτοῦ,
1414 1457 1505 1505 καὶ
1549 1456 1855 1521 φαντασιω-

270 1555 465 1603 σαντος
522 1541 717 1604 αὐτοὺς
770 1542 987 1613 ὖπαρῆ
1044 1541 1177 1613 ὄναρ
1222 1542 1353 1613 (19).
1404 1542 1581 1596 Πολλὰ
1632 1543 1736 1616 γὰρ
1766 1546 1858 1597 καὶ

266 1631 498 1686 τοιαῦτα
533 1633 910 1705 ἱστορήσαμεν·
934 1633 1087 1687 ἅτινα
1113 1633 1207 1688 ἐάν
1235 1634 1554 1706 γράφωμεν,
1587 1634 1737 1688 αὐτο)⁸
1765 1635 1859 1688 αὐ-

266 1726 383 1787 τοῖς
412 1725 816 1796 παρατυχόντες
841 1726 936 1778 καὶ
967 1727 1184 1790 ἰδόντες,
1214 1726 1428 1794 γέλωτα
1462 1726 1669 1779 πλατὺν
1694 1727 1859 1798 ὀφλή-

271 1831 439 1887 σομεν
469 1820 580 1881 τοῖς
612 1818 883 1884 ἀπίστοις,
917 1818 1185 1890 οἰομένοις
1218 1819 1360 1889 ἡμᾶς
1385 1820 1586 1889 ὁμοίως
1613 1814 1695 1883 οἷς
1722 1821 1855 1872 ὐπο-

1962 615 2421 683 amplcxarentur.
2456 613 2595 678 Quin
2626 622 2678 665 et
2710 613 3007 665 etiamnum
3035 613 3173 679 apud
3194 612 3536 665 ChriStianos

1962 705 2212 759 nonnulla
2270 714 2560 773 supersunt
2608 704 2752 757 illius
2806 704 3043 772 Spiritus
3074 706 3269 771 sancti,
3322 708 3414 774 qui
3446 722 3538 759 co-

1960 795 2156 849 lumba:
2220 794 2397 863 specie
2445 793 2718 861 apparuit,
2777 793 3018 861 vrstigia.
3083 791 3215 845 Nam
3271 795 3534 848 dtemonia

1958 886 2201 954 ejiciunt,
2260 886 2477 939 morbos
2508 895 2722 949 curant,
2782 894 2837 937 ct
2881 884 3095 937 volente
3127 885 3303 938 Verbo
3357 887 3534 940 futura

1959 977 2279 1046 prrevident.
2304 977 2542 1033 Irrideat
2578 976 2704 1029 licet
2743 976 2933 1031 Celsus
2986 988 3076 1032 aut
3111 977 3329 1033 Iudaeus
3372 992 3535 1045 quem

1962 1071 2285 1132 introduxit,
2318 1072 2457 1138 quod
2489 1069 2724 1132 dicetur,
2778 1070 2952 1123 dicam
2987 1071 3360 1139 nihilominus,
3382 1073 3533 1127 imul-

1962 1173 2044 1216 tos
2086 1165 2153 1217 ad
2193 1163 2511 1229 religionem
2553 1161 2918 1216 Christianam
2956 1168 3249 1220 accessisse
3281 1166 3534 1221 velutin-
3574 1184 3595 1198 ο

1962 1256 2130 1310 vitos:
2166 1258 2357 1325 Spiritu
2393 1258 2625 1325 quodam
2664 1267 2882 1324 repente
2918 1257 3030 1312 sive
3049 1272 3143 1326 per
3176 1260 3345 1313 visum
3369 1259 3534 1332 362

1961 1350 2076 1402 sive
2104 1364 2199 1417 per
2228 1350 2500 1402 somnium
2542 1348 2595 1401 in
2621 1347 2833 1401 illorum
2867 1350 3077 1403 animos
3124 1363 3315 1421 agente
3373 1367 3534 1423 atque

1962 1442 2034 1494 ita
2075 1441 2194 1493 illos
2227 1443 2566 1505 immutante,
2616 1448 2672 1493 ut
2704 1442 2845 1509 quod
2872 1440 2924 1493 in
2972 1442 3114 1496 illam
3170 1458 3535 1514 conceperam

1959 1534 2143 1586 odium
2196 1534 2553 1601 deponerent,
2605 1540 2661 1586 et
2708 1548 2806 1601 pro
2864 1533 2952 1587 illa
3003 1545 3230 1591 mortem
3282 1551 3536 1607 oppetere

1961 1635 2285 1680 statuerent.
2322 1624 2487 1679 Multa
2536 1624 2803 1694 ejusmodi
2856 1627 3123 1691 novimus,
3161 1644 3282 1697 qua:
3317 1632 3363 1684 si
3401 1633 3537 1684 ειτιὶ-

1963 1718 2240 1782 bcrentus,
2272 1716 2486 1772 tametsi
2546 1717 2756 1773 illorum
2802 1720 3011 1773 oculati
3050 1728 3213 1776 testes
3246 1722 3531 1784 fuerimus.

1960 1807 2246 1877 benignam
2294 1809 2435 1863 risus
2481 1810 2763 1863 materiam
2815 1810 3180 1877 praeberemus
3218 1812 3534 1875 incredulis,

266 1908 611 1979 λαμϐάνουσι
640 1909 793 1963 ταῦτ’
822 1910 1285 1976 ἀναπεπλακέναι,
1320 1912 1413 1965 καὶ
1449 1912 1646 1975 αὐτοὺς
1681 1912 1845 1965 πλάσ-

1954 1901 2163 1969 quinos
2184 1913 2246 1953 ex
2280 1913 2468 1955 eorum
2502 1900 2732 1970 ingeniis
2749 1912 2886 1969 quos
2909 1903 3033 1956 talia
3066 1902 3532 1979 tinxissenornm,

266 2016 403 2053 σειν.
450 2001 611 2055 Ἀλλά
635 2002 745 2073 γάρ
773 2002 903 2066 Θεὸς
941 2004 1149 2075 μάρτυς
1187 2003 1279 2056 τοῦ
1322 2004 1589 2075 ἡμετέρου
1622 2005 1854 2057 συνειδό-

262 2109 392 2157 τος,
445 2093 775 2164 βουλομένου
812 2097 873 2149 οὐ
912 2095 1001 2148 διά
1043 2095 1252 2165 ψευδῶν
1291 2097 1669 2166 ἀπαγγελιῶν,
1720 2098 1853 2150 ἀλλὰ

259 2185 354 2239 διά
385 2204 531 2249 τινος
570 2187 853 2261 ἐναργείας
896 2188 1144 2265 ποικίλης
1174 2189 1507 2243 συνιστάνειν
1538 2190 1636 2260 τὴν
1677 2191 1850 2262 Ἰησοῦ

263 2278 416 2331 θείαν
435 2278 802 2333 διδασκαλίαν.
848 2280 999 2332 Ἐπεὶ
1026 2281 1083 2334 δὲ
1114 2282 1363 2345 Ἰουδαῖός
1392 2283 1539 2336 ἐστιν
1559 2284 1587 2335 ὁ
1610 2284 1735 2354 περ).
1758 2285 1849 2337 τοῦ

261 2371 756 2441 ἀναγεγραμμένοι)
794 2371 948 2438 ἁγίου
988 2373 1304 2444 Πνεῦματος
1344 2374 1759 2445 κατεληλυθέναι
1794 2379 1850 2429 ἑν

261 2460 394 2513 εῖδει
435 2467 766 2534 περιστερᾶς
809 2467 947 2538 πρὸς
972 2468 1063 2520 τὸν
1104 2467 1311 2538 Ἰησοῦν
1346 2467 1591 2537 ἀπορῶν,
1629 2467 1850 2519 λεκτέον

258 2550 327 2603 ἃν
350 2551 436 2622 εἴη
476 2554 589 2623 (9.0)
619 2556 753 2627 πρὸς
792 2558 955 2613 αὐτόν
976 2575 991 2591 ·
1018 2555 1088 2611 Ὦ
1124 2554 1301 2623 οὗτος,
1341 2559 1425 2621 τίς
1452 2561 1596 2610 ἐστιν
1620 2561 1648 2612 ὁ
1680 2559 1737 2611 ἐν
1770 2559 1849 2628 τῷ

272 2642 477 2714 Ἡσαΐᾳ
510 2644 706 2713 λέγων·
750 2649 859 2702 Καὶ
891 2649 986 2705 νῦν
1027 2650 1231 2722 Κύριος
1274 2650 1557 2704 ἀπέστειλέ
1601 2667 1668 2721 με
1713 2652 1845 2719 (21),

256 2736 356 2787 καὶ
394 2736 463 2788 τὺ
508 2737 733 2809 Πνεῦμα
776 2740 962 2795 αὑτοῦ.
1010 2742 1098 2795 Ἐν
1222 2743 1522 2813 ἀμφιϐόλου
1561 2743 1713 2807 ὄντος
1753 2744 1847 2796 τοῦ

258 2826 452 2896 ῥητοῦ,
492 2830 719 2902 πότερον
760 2833 789 2885 ὁ
826 2832 1018 2907 Πατὴρ
1053 2836 1146 2887 καὶ
1184 2834 1244 2886 τὸ
1268 2834 1422 2903 ἅγιον
1442 2835 1678 2906 Πνεῦμα
1707 2836 1843 2888 ἀπέ-

255 2918 478 2973 στειλαν
506 2921 617 2992 (2‘2)
645 2923 738 2976 τὸν
779 2926 1006 2997 Ἰησοῦν,
1038 2926 1071 2995 ἢ
1096 2930 1122 2979 ὁ
1142 2926 1330 2997 Πατὴρ
1360 2928 1640 2980 ἀπέστειλε
1667 2928 1759 2981 τόν
1788 2945 1844 2981 τε

255 3012 498 3081 Χριστὸν
527 3016 621 3067 καὶ
645 3016 707 3068 τδ
730 3017 883 3085 ἅγιον
909 3000 1155 3089 ιινεῡμᾱ,
1186 3019 1247 3071 τὸ
1276 3019 1531 3090 δεύτερόν
1554 3020 1703 3072 ἐστιν
1732 3019 1843 3089 (es)

255 3103 479 3175 ἀληθές.
504 3107 615 3159 Καὶ
638 3108 759 3160 ἐπεὶ
790 3110 1064 3179 ἀπεστάλη
1089 3113 1117 3163 ὁ
1149 3110 1358 3181 Σωτὴρ,
1391 3107 1505 3163 εἶτα
1540 3113 1598 3165 τὸ
1614 3112 1844 3180 Πνεῦμα

255 3195 321 3247 τδ
346 3196 526 3264 ἆγιον,
571 3199 656 3251 ἶνα
683 3200 943 3271 πληρωθῇ
977 3201 1036 3253 τὸ
1060 3202 1348 3272 εἰρημένον
1386 3204 1489 3254 ὑπὸ
1520 3201 1611 3255 τοῦ
1635 3204 1837 3272 προφήν
1875 3255 1912 3304 Γ

253 3305 374 3354 του,
408 3290 580 3361 ἐχρῆν
619 3290 676 3343 δὲ
719 3292 817 3361 τὴν
841 3293 939 3362 τῆς
978 3295 1311 3365 προφητείας
1343 3295 1623 3365 πλήρωσιν
1677 3296 1845 3363 ἐγνῶ-

259 3380 387 3434 σθαι
422 3381 538 3451 (ﬂ)
572 3383 797 3445 καὶτοῖς
826 3384 974 3453 ἑξῆςο
1017 3385 1106 3439 διά
1134 3386 1291 3440 τοῦτο
1319 3388 1633 3457 ἀνέγραψαν
1660 3391 1708 3442 οἱ
1744 3391 1845 3460 ’1η-

255 3472 352 3524 σοῦ
386 3473 632 3544 μαθηταὶ
662 3475 724 3527 τὺ
745 3478 1132 3547 γεγενημένον.

340 3563 674 3635 Ἐϐουλόμην
715 3565 757 3618 δ’
793 3566 860 3619 ἂν
901 3568 1124 3635 Κέλσῳ,
1177 3572 1725 3641 προσωποποιήσαντι
1754 3572 1843 3623 τὸν

264 3655 525 3709 Ἰουδαῖον
544 3658 981 3729 παραδεξάμενόν
1008 3678 1125 3724 πως
1153 3662 1401 3733 Ἰωάννην
1418 3664 1492 3726 ὡς
1510 3663 1841 3734 Barrus-iv,

256 3746 591 3814 βαπτίζοντα
631 3750 723 3803 τὸν
758 3752 983 3821 Ἰησοῦν,
1024 3754 1216 3817 εἰπεῖν,
1264 3754 1346 3806 δτι
1384 3754 1444 3805 τὸ
1478 3756 1727 3825 Ἰωάννην
1755 3773 1846 3822 γε-

252 3839 471 3903 γονέναι
507 3841 837 3914 Βαπτιστὴν,
883 3846 961 3907 εἰς
987 3844 1178 3913 ἄφεσιν
1207 3848 1618 3918 ἁμαρτημάτων
1647 3848 1841 3918 βαπτί-

250 3930 441 3995 ζοντα,
478 3934 753 4005 άνέτραψέ
786 3954 871 3999 τις
910 3936 1019 3989 τῶν
1057 3939 1171 4007 μετ’
1200 3940 1260 3991 οὺ
1290 3939 1425 3991 πολὺ
1454 3939 1545 3992 τοῦ
1592 3941 1839 3993 Ἰωάννου

251 4026 351 4076 καὶ
373 4025 472 4078 τοῦ
514 4026 686 4096 Ἰησοῦ
717 4031 1118 4101 γεγενημένων.
1153 4030 1239 4083 Ἐν
1263 4032 1376 4102 γὰρ
1406 4031 1485 4102 τῷ
1510 4034 1836 4087 ὀκτωκαιδε-

253 4116 410 4185 κάτῳ
425 4118 526 4188 τῆς
570 4119 869 4191 Ἰουδαϊκῆς
907 4122 1288 4191 ἀρχαιολογίας
1320 4124 1349 4175 ὁ
1388 4122 1647 4195 Ἰώσηπος
1695 4143 1837 4196 μαρ-

248 4212 411 4278 τυρεί
438 4208 518 4278 τῷ
552 4211 791 4282 Ἰωάννῃ,
820 4212 895 4275 ὡς
926 4214 1200 4285 Βαπτιστῇ
1234 4214 1601 4285 γεγενημένῳ,
1633 4216 1726 4268 καὶ
1754 4235 1842 4269 κα·

250 4300 479 4371 θάρσιον
519 4303 631 4365 τοῖς
675 4302 1100 4374 βαπτισαμένοις
1155 4306 1629 4378 ἐπαγγελλομένῳ.
1687 4308 1743 4359 '0
1795 4308 1838 4360 δ’

247 4392 438 4459 αὐτὸς,
473 4394 649 4447 καίτοι
676 4412 739 4463 γε
767 4396 1011 4449 ἀπιστῶν
1035 4396 1113 4467 τῷ
1151 4398 1324 4467 Ἰησοῦ
1340 4398 1416 4463 ὡς
1446 4399 1667 4472 Χριστῷ
1701 4400 1836 4471 (25),

1951 1992 2281 2061 iudicantes,
2319 1994 2433 2045 huic
2464 1992 2627 2045 etiam
2654 2008 2694 2045 ‘2
2724 1994 2888 2047 nobis
2915 1992 3144 2046 conﬁcta
3195 1978 3316 2047 esse
3336 1995 3534 2047 lexidi-

1955 2092 2187 2137 niarent.
2221 2081 2403 2137 Testis
2444 2091 2622 2137 tamen
2647 2093 2731 2138 est
2766 2084 3043 2149 Deus,-cui
3091 2100 3289 2139 arcana
3321 2088 3536 2140 consei-

1953 2176 2114 2229 entia:
2158 2183 2357 2229 nostra:
2385 2184 2599 2243 patent,
2656 2191 2755 2230 nos
2793 2177 3027 2229 divinam
3056 2176 3185 2231 Jesu
3228 2177 3530 2233 doctrinam

1954 2282 2060 2320 non
2103 2265 2257 2320 falsis
2286 2266 2734 2330 narratiunculis,
2766 2269 2859 2322 sed
2899 2268 3061 2324 variis
3102 2269 3278 2338 iisque
3304 2271 3533 2325 eviden-

1957 2357 2097 2411 tibus
2128 2358 2467 2427 argumentis
2506 2359 2833 2412 contirmare
2866 2358 3028 2414 velle.
3088 2358 3354 2425 Quoniam
3397 2374 3533 2414 vero

1951 2448 2169 2503 Judteus
2208 2457 2309 2510 est,
2337 2450 2426 2516 qui
2473 2451 2686 2504 dubitat
2709 2466 2777 2502 an
2828 2450 3063 2518 Spiritus
3102 2462 3322 2504 sanctus
3350 2454 3529 2521 sperie

1954 2542 2217 2593 tolntnhae
2261 2542 2311 2591 in
2349 2539 2535 2593 Iesum
2566 2542 2930 2605 descenderit,
2964 2544 3312 2609 quaerendum
3344 2546 3411 2596 ah
3440 2545 3531 2596 illo

1952 2644 2054 2696 cst,
2090 2635 2342 2701 quisnam
2386 2634 2474 2687 ille
2502 2634 2573 2689 sit
2617 2636 2709 2703 qui
2752 2636 2893 2704 apud
2929 2636 3123 2691 Isaiam
3184 2638 3253 2691 ita
3283 2654 3340 2692 se
3399 2642 3530 2692 dicit

1954 2725 2179 2778 missum
2224 2740 2252 2778 a
2296 2726 2554 2790 Domino,
2612 2737 2671 2781 ut
2724 2728 3034 2798 ambiguum
3088 2729 3159 2784 sit
3208 2729 3439 2785 Paterne
3473 2743 3530 2785 et

1953 2815 2188 2881 Spiritus
2217 2824 2441 2870 sanctus
2489 2818 2737 2872 miserint
2788 2817 3285 2884 Jesutn,'an-Pater
3324 2823 3532 2878 miserit

1953 2904 2229 2959 Christum
2259 2914 2312 2960 et
2338 2903 2600 2976 Spiritum
2619 2918 2889 2965 sanctum.
2922 2910 3032 2965 IIoc
3047 2913 3317 2981 posterius
3339 2931 3526 2968 vernat

1948 3006 2055 3051 est.
2109 2997 2176 3051 Et
2207 2998 2332 3067 quia
2389 2999 2587 3055 missus
2640 3011 2725 3057 est
2770 3003 2946 3071 primo
2990 3004 3265 3072 Salvator,
3332 3006 3529 3061 deinde

1949 3088 2187 3158 Spiritus
2222 3100 2459 3153 sanctus,
2493 3102 2551 3145 ut
2580 3095 2722 3161 quod
2748 3108 2775 3146 a
2811 3095 3070 3164 propheta
3095 3096 3299 3151 dictum
3336 3098 3527 3154 fuerat

1955 3183 2306 3253 impleretur;
2356 3186 2643 3252 oportebat
2702 3197 2880 3239 autem
2937 3198 2994 3241 ut
3059 3190 3373 3244 vaticinium
3422 3191 3525 3245 hoc

1951 3276 2153 3343 posteri
2184 3275 2460 3344 impletum
2491 3279 2658 3332 fuisse
2701 3293 3129 3346 cognoscerent:
3161 3284 3361 3339 idcirco
3383 3290 3524 3353 quod

1953 3367 2152 3421 factum
2189 3370 2383 3433 fuerat,
2415 3367 2607 3424 litteris
2633 3371 2961 3429 mandarunt
2990 3372 3119 3428 Jesu
3148 3374 3377 3446 discipul
3408 3416 3421 3431 .

2020 3566 2108 3620 Π.
2158 3565 2423 3619 I‘rmterea
2458 3568 2721 3621 monitum
2793 3569 3073 3622 volnerim‘
3109 3574 3344 3639 Celsum,
3384 3582 3526 3647 apud

1950 3674 2107 3726 quem
2172 3655 2389 3711 Judarus
2467 3662 2863 3725 qnodannnodo
2936 3665 3170 3717 admittit
3258 3666 3442 3721 Iesum
3495 3687 3524 3722 a

1953 3746 2158 3801 Ioanne
2191 3748 2429 3816 Baptista
2456 3749 2626 3804 fuisse
2656 3750 3011 3819 baptizatum,
3050 3756 3394 3825 scriptorem,
3432 3764 3523 3830 qui

1953 3855 2140 3895 recens
2165 3842 2231 3895 ab
2248 3850 2406 3895 aetate
2437 3839 2660 3895 Joannis
2690 3851 2742 3895 et
2784 3842 2909 3897 Jesu
2960 3846 3077 3909 fuit,
3116 3846 3338 3904 Joannis
3374 3868 3528 3906 meno

1950 3931 2151 3988 tionem
2178 3932 2373 3988 fecisse
2403 3942 2458 3987 et
2494 3933 2747 4003 baptismi
2782 3935 3059 3992 abieodem
3080 3940 3129 3991 in
3151 3942 3523 3999 remissionem

1946 4039 2293 4098 peccatorum
2355 4029 2555 4084 collati.
2606 4028 2740 4084 Nam
2788 4030 3077 4100 Iosephus,
3130 4035 3268 4091 libro
3313 4038 3525 4092 decimo

1944 4130 2136 4175 octavo
2175 4119 2580 4189 Antiquitatnm,
2616 4123 3125 4180 testaturJoannem
3156 4126 3321 4183 fuisse
3351 4132 3526 4199 bapti-

1949 4211 2332 4279 stam,quique
2369 4211 2453 4276 iis,
2478 4214 2567 4282 qui
2594 4213 2921 4283 baptismum
2956 4218 3279 4286 reciperent,
3307 4222 3526 4289 pollice-

1948 4306 2109 4359 batur
2170 4304 2283 4357 Iore
2320 4314 2377 4357 ut
2425 4317 2611 4358 eorum
2667 4316 2890 4372 peccata
2953 4307 3312 4364 diluerentur.
3351 4310 3520 4377 Idem,

1945 4397 2193 4467 quamvis
2214 4396 2401 4451 Iesum
2451 4411 2547 4466 pro
2593 4396 2815 4452 Christo
2863 4413 2967 4451 non
3003 4412 3343 4467 agnosceret,
3388 4407 3517 4459 dum

324 4530 439 4601 (I8)
494 4531 835 4603 ἶΕείίγουσι.
867 4532 941 4603 Ita
968 4533 1125 4587 codd.
1162 4532 1368 4601 Regius
1394 4543 1448 4588 et
1478 4534 1827 4589 Basileensis.
1867 4540 1908 4593 D
1940 4535 2083 4590 Idem
2104 4531 2541 4601 habetOrigencs
2563 4533 2614 4586 in
2639 4550 2755 4603 cap.
2782 4550 2882 4589 xm
2916 4533 3133 4595 Matth..
3167 4542 3328 4603 atque
3347 4551 3411 4590 ex
3435 4538 3519 4591 his

252 4599 604 4657 Hmschelius
641 4599 771 4657 vero
802 4614 853 4656 et
888 4602 1218 4671 Speneerns,
1252 4599 1593 4672 ἐξεπᾴδουσι,
1637 4605 1828 4672 sicque

251 4673 453 4743 reliqui
480 4674 824 4743 nissutnodo
853 4660 1095 4741 excipias
1120 4660 1357 4728 veterem
1387 4660 1710 4729 Vaticanum
1740 4660 1829 4743 ilai

251 4741 320 4867 it:1
354 4740 607 4865 margige
644 4742 825 4807 habet,
858 4740 1234 4812 κατεξάγουσι.
1291 4744 1425 4800 Vide
1469 4757 1625 4799 nOtas
1669 4740 1830 4813 supra

251 4827 282 4867 ι
349 4827 503 4865 num.
577 4848 592 4865 .

247 4827 320 4868 ια
349 4827 503 4865 num.
533 4827 592 4865 ’Ζο

322 4882 446 4954 (19),
484 4882 704 4954 ’Υπαρν
733 4880 772 4948 ἢ
803 4880 989 4954 μόνῳ.
1040 4880 1245 4937 Confer
1300 4898 1423 4950 qua:
1480 4885 1548 4938 de
1595 4883 1831 4937 Basilide

248 4950 489 5023 scripsit
511 4953 780 5007 Eusebius
803 4950 898 5007 lib.
932 4968 1006 5023 vt,
1032 4966 1151 5023 cap.
1189 4953 1244 5017 5,
1294 4954 1498 5011 Hister.
1533 4955 1661 5007 εδει.
1701 4954 1831 5007 Vide

248 5026 419 5077 etiam
460 5022 719 5093 Cypriani
766 5020 976 5093 epistol.
1014 5020 1114 5085 1οξ
1133 5024 1198 5076 ad
1241 5024 1471 5084 clerum,
1505 5033 1637 5085 etc.;
1665 5028 1829 5093 epist.

248 5093 304 5157 8,
323 5093 415 5159 54,
433 5092 525 5157 54,
543 5107 597 5147 et
619 5093 779 5160 epist.
802 5092 975 5161 69,,ad
994 5093 1323 5147 Florentium
1342 5093 1642 5161 Pupianum
1666 5112 1679 5159 ;
1701 5095 1833 5147 'I‘er-

252 5166 397 5225 tntl.,
448 5165 523 5215 De
569 5162 909 5225 spectaculis,
950 5178 1073 5231 cap.
1116 5163 1218 5229 26;
1271 5165 1344 5217 De
1392 5165 1655 5228 idololat.,
1706 5182 1829 5233 cap.

250 5233 358 5297 25;
414 5233 487 5287 De
534 5234 822 5303 virginibus
863 5233 1134 5297 velandis,
1187 5248 1311 5302 cap.
1354 5233 1460 5299 ‘27;
1507 5232 1586 5289 De
1632 5232 1833 5298 animo,

247 5316 371 5371 cap.
394 5304 451 5357 9.

319 5375 737 5445 (20iAsxréor
778 5372 856 5429 ἂν
898 5375 1015 5442 εἴη.
1052 5373 1111 5429 In
1159 5372 1319 5428 codd.
1376 5372 1512 5441 Reg.
1561 5380 1615 5427 et
1666 5373 1832 5428 Basil.

244 5442 404 5517 deest
435 5442 631 5517 ἂνεῖη.

322 5514 436 5584 (21)
480 5512 820 5570 Ilmschelins
856 5516 909 5569 in
937 5526 1085 5572 textu
1113 5512 1424 5568 ἀπέσταλκέ
1458 5531 1545 5583 με.

320 5585 433 5655 (22)
473 5585 621 5641 Idem
657 5586 990 5655 intnargine,
1025 5585 1370 5640 ἀπέστειλαν.
1413 5585 1615 5640 Omnes
1648 5592 1827 5640 tamen

244 5661 424 5710 nostri
454 5657 807 5724 manuscripti
838 5657 1153 5711 ἀπέστειλε.

319 5726 433 5798 (25)
482 5728 701 5798 Ἐστίν.
737 5726 897 5798 Deest
932 5730 984 5782 in
1014 5728 1177 5797 Regio
1207 5734 1261 5781 et
1292 5726 1606 5798 Basileensi.

474 5797 674 5875 Segius
700 5806 755 5851 et
784 5796 1520 5875 Basileepsis,eivsyvdngat.

318 5869 436 5940 (25)
473 5866 757 5939 Καῖτοιγε
795 5866 1069 5923 ἀπιστῶν
1102 5867 1181 5934 τῷ
1239 5866 1433 5935 Ἰησοῦ
1457 5868 1536 5933 ὡς
1574 5867 1825 5936 Χριστῷ.

568 5969 836 6026 ιἈτιιοι..
884 5966 999 6026 Gtt.
1050 5966 1153 6026 XI.

1942 4603 2296 4659 duobuslocis
2322 4603 2586 4671 colligunt
2607 4604 2849 4658 nonnulli
2876 4605 3048 4656 critici
3073 4605 3342 4658 celebrem
3370 4608 3518 4660 illum

1940 4674 2161 4743 Iosephi
2228 4674 2293 4728 de
2326 4670 2715 4746 {estt’Christof
2744 4675 2919 4728 locum
2969 4674 3059 4746 lih.
3126 4688 3255 4746 xvnt
3304 4676 3521 4746 Antiq”

1943 4742 2149 4811 (ξιιιιζιι,
2182 4759 2305 4811 pag.
2334 4742 2465 4804 621,
2496 4757 2559 4794 ea
2594 4753 2752 4797 aetate
2797 4754 2889 4796 aut
2920 4745 3159 4796 nomium
3194 4743 3245 4796 in
3292 4742 3515 4813 Joscp'hi

1945 4815 2095 4868 Ithris
2139 4816 2435 4873 exszitisse,
2487 4823 2583 4865 aut
2622 4816 2665 4865 si
2710 4814 3003 4872 exstiterit,
3058 4830 3154 4879 pro
3203 4816 3518 4870 adulterino

1944 4884 2186 4937 habitum
2245 4884 2443 4946 fuisse;
2498 4898 2672 4951 neque
2724 4884 2892 4941 enim,
2928 4884 3202 4951 inquiunt,
3236 4885 3280 4936 si
3316 4895 3409 4939 aut
3457 4903 3519 4939 ea

1937 4965 2097 5008 aetate
2114 4955 2519 5007 exstitissetaut
2540 4970 2637 5021 pro
2653 4954 2899 5022 legitimo
2919 4954 3141 5006 habitus
3166 4954 3355 5008 fuisset
3372 4958 3524 5009 loeas

1940 5025 1993 5076 in
2020 5039 2127 5095 quo
2153 5023 2310 5095 Jesus
2327 5038 2422 5091 pro
2439 5023 2658 5095 Christo
2680 5024 3016 5095 agnoscitur.
3037 5022 3303 5091 Origenes
3320 5041 3520 5095 negas-

1938 5092 2213 5149 sctJesum
2233 5109 2260 5146 a
2278 5092 2512 5159 Joseplto
2528 5106 2585 5146 ιιι
2603 5094 2848 5146 Messium
2866 5094 3104 5161 agnitum
3125 5092 3522 5150 ittisse.Ob'ser-

1940 5175 2071 5218 vant
2105 5165 2329 5234 insuper
2362 5164 2641 5216 silentium
2675 5172 2917 5215 veterum
2951 5167 3232 5229 omnium,
3267 5168 3355 5228 qui
3390 5176 3519 5218 ante

1943 5234 2230 5289 Eusebium
2278 5234 2462 5285 vixere
2505 5242 2559 5285 et
2605 5249 2670 5286 ex
2715 5234 2963 5299 professo
2994 5235 3255 5288 adversus
3297 5234 3516 5289 Judzcos

1943 5307 2301 5371 scripserunt.
2328 5303 2480 5356 Licet
2532 5304 2673 5355 enim
2718 5302 2933 5370 Josephi
2982 5303 3150 5357 libros
3186 5320 3517 5365 memorent,

1945 5377 2047 5429 hoc
2074 5386 2250 5427 tamen
2280 5376 2345 5427 de
2369 5372 2494 5426 Jesn
2526 5373 2890 5426 testimonium
2922 5388 3200 5439 nunquam
3231 5385 3516 5443 usurpant,

1944 5462 2050 5497 non
2082 5444 2362 5504 omissuri,
2394 5452 2453 5493 ut
2483 5444 2721 5505 videtur,
2774 5444 2817 5495 si
2870 5452 2999 5495 tunc
3059 5444 3320 5511 temporis
3374 5448 3518 5498 inter

1939 5514 2111 5581 ipsius
2136 5528 2297 5582 Opera
2330 5512 2653 5565 exstitisset.
2684 5513 2891 5580 Iiepoui
2922 5524 3095 5579 potest
3122 5514 3177 5567 in
3208 5515 3361 5567 Actis
3385 5530 3517 5567 san-

1938 5587 2010 5638 cti
2058 5584 2246 5638 Donati
2297 5583 2675 5636 Thmuitarntn
2731 5583 2970 5649 episcopi
3024 5584 3109 5637 die
3146 5599 3257 5637 uti
3314 5584 3437 5637 Maii
3486 5599 3513 5635 a

1938 5656 2408 5709 continuatorihus
2444 5653 2692 5706 Bollandi
2726 5654 2931 5715 relatis,
2968 5652 3068 5719 legi
3120 5654 3263 5708 hunc
3291 5652 3517 5721 Joseplti

1937 5727 2135 5779 Iocmn.
2169 5725 2274 5778 Sed
2302 5740 2405 5776 non
2440 5731 2655 5776 constat
2690 5723 2956 5789 ejusmodi
2998 5726 3258 5777 Actorum
3290 5726 3519 5777 sinceri-

1939 5809 2043 5849 tas.
2117 5794 2245 5847 Utttt
2286 5804 2388 5856 est,
2437 5792 2673 5847 Joannes
2705 5793 2903 5847 Malala
2938 5795 2988 5846 in
3018 5809 3114 5847 sua
3134 5793 3511 5858 Cltrono/m/iu,

1939 5883 2061 5935 pag.
2094 5864 2216 5930 Sili,
2255 5864 2480 5935 Iosephi
2529 5864 2895 5918 testimonium
2943 5867 3021 5919 sic
3070 5866 3235 5917 refert
3268 5882 3279 5915 :
3316 5862 3515 5926 Καθὼς

3088 5959 3165 6016 2t
