3996 6528
251 397 370 453 789

1463 401 1743 458 CONTRA
1777 402 2052 459 CELSUM
2091 403 2220 460 LIB.
2253 404 2295 460 l.

3418 412 3520 466 750

250 516 548 584 γε’ςοινέναι
578 517 671 570 ἐπὶ
697 518 808 572 τῶν
842 519 1157 591 προφητῶν,
1186 520 1273 573 ὅτε
1296 521 1710 592 ἀναγέγραπται
1747 523 1833 572 ἐω-

1951 519 2136 588 Neque
2174 523 2318 576 enim
2369 522 2609 576 arbitror
2639 538 2860 578 necesse
2891 539 3010 580 esse
3059 537 3308 595 apertum
3355 528 3522 586 luerit

255 611 497 680 ρακέναι
529 611 650 664 τινὰ
679 613 876 676 αὐτοὺς
905 613 1330 684 παραδοξότερα,
1369 614 1401 685 ἢ
1432 615 1724 683 ἀκηκοέναι
1757 615 1843 666 λό-

254 718 399 769 γους
427 703 656 773 Κυρίου,
692 704 724 775 ἢ
746 703 1145 776 τεθεωρηκέναι
1165 707 1426 777 οὐρανοὺς
1445 707 1840 776 ἀνοιγομένους.

266 791 420 860 Ἐγὼ
463 793 573 866 γάρ
613 795 712 864 οὐχ
765 796 1133 867 ὑπολαμϐάνω
1183 798 1274 850 τὸν
1321 799 1575 869 αἰσθητὸν
1621 798 1845 870 οὐρανὸν

249 884 555 955 ἀνεῷχθαι,
579 888 672 940 καὶ
687 888 747 940 τὸ
771 888 927 959 σῶμα
949 889 1112 942 αὐτοῦ
1133 890 1515 961 ἀνοιγνύμενον
1533 891 1841 962 διῃρῆσθαι,

253 977 350 1030 ἵνα
380 979 675 1050 ἀναγράιξιῃ
706 979 766 1032 τὸ
794 980 1032 1045 τοιολῦτον
1074 982 1350 1053 Ἰεζεκιήλ.
1382 983 1592 1054 Μήποΐ
1627 979 1719 1036 οῦν
1753 987 1845 1039 καὶ

248 1069 350 1122 ἐπὶ
375 1070 470 1122 τοῦ
502 1072 752 1142 Σωτῆρος
777 1072 867 1123 τὸν
896 1071 1169 1143 φρονίμως
1196 1073 1462 1126 ἀκούοντα
1481 1073 1586 1126 τῶν
1609 1075 1845 1143 Εὐνίγῇ

248 1160 391 1216 λίων
418 1163 480 1216 τὸ
509 1163 691 1234 ὅμοιον
723 1165 1022 1229 ἐκδεκτέον;
1055 1164 1156 1218 κᾶν
1181 1166 1498 1238 προσκόπτῃ
1523 1165 1584 1218 τὸ
1608 1166 1843 1218 τοιοῦτον

251 1261 372 1321 τοίς
416 1258 825 1330 ἁπλουστέροις,
861 1261 910 1313 οἳ
951 1260 1042 1314 διὰ
1085 1261 1282 1332 πολλὴν
1317 1261 1593 1331 ἁπλότητα
1635 1261 1843 1315 κινοῦσι

254 1351 353 1404 (δν
384 1351 610 1422 κόσμον,
643 1352 918 1421 σχίζοντες
941 1354 1002 1405 τὸ
1031 1353 1344 1424 τηλικοῦτον
1371 1353 1528 1424 σῶμα
1570 1354 1843 1425 ἡνωμένον

254 1442 356 1496 τοῦ
410 1445 612 1507 παντὸς
659 1445 912 1516 ούρανοῦ.
967 1447 1023 1497 '0
1063 1445 1120 1498 δέ
1170 1445 1462 1516 βαθύτερον
1500 1446 1562 1498 τὸ
1611 1447 1844 1500 τοιοῦτον

256 1533 533 1599 ἐξετάζων
571 1537 719 1607 ἐρεῖ,
772 1538 854 1590 ὃτι
901 1535 1106 1607 οὐσης,
1139 1537 1214 1601 ὡς
1253 1541 1286 1608 ἡ
1335 1537 1523 1609 Γραφὴ
1571 1539 1842 1608 ὠνόμασε,

252 1625 412 1690 θείας
441 1627 588 1691 τινὸς
613 1629 833 1698 γενικῆς
858 1629 1182 1698 αἰσθήσεως,
1216 1630 1282 1700 ἢν
1317 1629 1473 1700 μόνος
1513 1633 1541 1683 ό
1577 1631 1844 1703 μακάριος

256 1719 509 1789 εὑρίσκει
540 1720 641 1790 ῆδη
689 1721 820 1790 (50),
857 1721 998 1774 κατὰ
1030 1721 1090 1774 τὸ
1122 1721 1408 1792 λεγόμενον
1448 1723 1540 1775 καὶ
1573 1723 1722 1795 παρὰ
1767 1722 1844 1794 τῷ

256 1809 587 1880 Σολομῶντι,
616 1812 698 1864 ὃτι
728 1830 746 1862 ι
789 1811 1050 1882 Αἴσθησιν
1078 1812 1226 1866 Θείαν
1253 1814 1524 1886 εὑρήσεις
1562 1835 1582 1867 ι
1614 1817 1707 1870 καὶ
1751 1817 1840 1869 δν-

1948 614 2205 667 scnsihile
2230 614 2331 668 hoc
2355 613 2551 668 cmlum
2589 624 2682 668 aut
2707 615 2826 684 ejus
2859 631 3054 686 corpus
3089 621 3298 685 ﬁssum,
3323 633 3385 691 ut
3407 625 3522 680 liter:

1949 702 2192 757 Ezechiel
2225 704 2463 758 scribere
2490 705 2751 772 potuerit.
2791 705 2922 761 Vide
2955 724 3086 776 ergo
3127 727 3193 766 ne
3241 712 3383 767 forte
3418 713 3521 770 hoc
3609 747 3613 751 ι

1945 794 2106 848 etiam
2143 795 2320 860 modo,
2354 796 2493 864 quod
2519 797 2581 848 de
2607 795 2890 852 Salvatore
2921 813 3196 866 narratur,
3223 804 3522 875 intelligere

1947 884 2200 949 debeant,
2235 887 2322 954 qui
2355 887 2651 955 prudenter
2681 887 3032 957 Evangelium
3067 892 3248 962 legunt
3279 913 3293 949 :
3330 913 3524 966 quam-

1945 976 2029 1031 vis
2062 977 2113 1030 id
2139 977 2397 1031 scandalo
2428 992 2550 1031 esse
2584 979 2754 1046 possit
2806 981 3245 1051 simplicioribus,
3293 988 3384 1056 qui
3424 1004 3522 1057 pro

1945 1081 2007 1122 ea
2033 1083 2137 1136 qua
2168 1079 2296 1123 sunt
2340 1069 2686 1139 simplicitate
2716 1111 2732 1136 ,
2780 1076 3038 1129 mundum
3072 1077 3232 1131 istum
3278 1093 3523 1135 commo-

1948 1172 2095 1225 vent,
2137 1163 2408 1231 totiusque
2456 1165 2577 1219 θα)ιί
2611 1182 2809 1236 corpus
2856 1180 3193 1236 compactum
3239 1173 3520 1230 scindunt.

1948 1251 2051 1307 Sed
2079 1254 2169 1322 qui
2202 1255 2364 1308 altius
2394 1257 2509 1310 haec
2537 1257 2701 1330 36a
2734 1259 3040 1325 rimabitur,
3071 1262 3117 1316 is
3147 1263 3292 1318 dicet
3326 1281 3523 1334 quem-

1947 1346 2069 1398 dam
2100 1362 2166 1400 ex
2198 1347 2483 1417 Scriptura
2507 1351 2819 1418 generalem
2851 1369 2972 1410 esse
2999 1370 3218 1409 sensum
3249 1357 3519 1426 divinum,

1945 1449 2106 1503 quem
2142 1436 2292 1489 solus
2319 1437 2510 1492 beatus
2544 1439 2786 1495 invenire
2831 1444 3023 1507 novit,
3070 1446 3212 1500 sicut
3261 1447 3520 1504 Salomon

1946 1527 2021 1580 ait
2052 1548 2063 1583 :
2097 1545 2116 1578 r
2147 1526 2377 1581 Sensum
2410 1530 2648 1582 divinum
2678 1532 2918 1586 invenies
2940 1535 2982 1600 ’ς
3019 1554 3035 1586 ι
3065 1552 3300 1604 cumque
3327 1553 3521 1593 sensus

1947 1618 2108 1686 hujus
2138 1621 2344 1689 species
2372 1621 2517 1686 sint,
2567 1623 2716 1678 visus
2753 1637 2910 1693 aptus
2954 1625 3021 1678 ad
3075 1630 3523 1699 contemplandas

1948 1727 2035 1767 res
2063 1713 2385 1782 corporibus
2417 1717 2844 1783 przestantiores,
2884 1727 2944 1772 ut
2969 1719 3252 1774 cherubim
3287 1729 3340 1776 et
3366 1736 3522 1776 sera-

1947 1804 2116 1872 phim;
2147 1805 2364 1860 auditus
2388 1807 2477 1876 qui
2502 1823 2663 1862 voces
2695 1809 2878 1879 capiat
2925 1809 3060 1866 alias
3101 1813 3170 1866 ab
3201 1814 3268 1868 iis
3311 1829 3434 1883 qua:
3467 1815 3522 1870 in

252 1918 369 1954 των
398 1901 556 1955 είδῶν
577 1903 780 1973 ταύτης
799 1903 899 1973 τῆς
925 1904 1248 1976 αἰσθήσεως,
1273 1907 1515 1978 ὁράσεως
1536 1909 1833 1978 πεφυκυίας

1945 1911 2071 1951 aere
2100 1895 2421 1963 formantur;
2448 1908 2656 1966 gustus,
2690 1878 2772 1954 cui
2803 1901 2954 1970 panis
2995 1903 3148 1958 vivus
3179 1913 3234 1958 et
3281 1905 3347 1960 de
3382 1906 3521 1962 caelo

255 1993 483 2062 βλέπειν
508 1995 576 2048 τὰ
608 1997 888 2066 κρείττονα
924 1997 1188 2066 σωμάτων
1217 1997 1537 2069 πράγματα,
1566 2003 1622 2053 ἐν
1645 1997 1724 2066 οἷς
1751 2002 1844 2075 δη-

254 2084 449 2139 λοῦται
476 2086 544 2140 τα
567 2087 833 2160 χερουϐὶμ
856 2089 887 2159 ἢ
921 2089 990 2143 τὰ
1019 2092 1276 2163 σεροιφίμ⁸
1309 2094 1403 2146 καὶ
1433 2093 1600 2164 ἀκοῆς
1627 2095 1842 2168 ἀντιλη-

252 2179 462 2249 πτικῆς
493 2180 606 2251 (3t)
636 2183 826 2250 φωνῶν
867 2183 988 2252 οὐχὶ
1021 2184 1077 2236 ἐν
1101 2184 1223 2253 ἀέρι
1248 2184 1346 2256 τὴν
1366 2185 1552 2238 οὐσίαν
1579 2187 1836 2257 ἐχουσῶν·

255 2272 355 2323 καὶ
379 2270 622 2338 γεύσεως
654 2276 943 2345 χρωμένης
969 2275 1120 2348 ἄρτῳ
1148 2274 1330 2341 ζῶντι,
1368 2277 1461 2331 καὶ
1511 2277 1571 2343 ἐξ
1609 2279 1840 2350 οὐρανοῦ

251 2363 656 2434 καταϐεϐηκότι
676 2405 690 2429 ,
721 2369 812 2419 καὶ
840 2367 982 2438 ζωὴν
1010 2368 1201 2421 διδόντι
1234 2369 1310 2438 τῷ
1335 2371 1542 2440 κόσμῳ
1589 2371 1760 2437 οὕτως
1785 2374 1840 2427 δὲ

251 2454 350 2505 καὶ
372 2455 695 2526 ὀσφρήσεως
723 2457 1150 2528 ὀσφραινομένης
1171 2459 1411 2522 τοιῶνδε,
1443 2460 1576 2514 καθὸ
1603 2463 1839 2534 Χριστοῦ

249 2545 455 2599 εὐωδία
493 2548 640 2616 λέγει
672 2545 810 2602 εἷναι
830 2550 908 2621 τῷ
940 2551 1059 2622 Θεῷ
1094 2551 1321 2615 Παῦλος·
1359 2553 1454 2606 καὶ
1491 2554 1635 2624 ἁφῆς
1659 2594 1673 2617 ,
1717 2556 1839 2609 καθ’

250 2637 323 2707 ἣν
367 2638 622 2709 Ἰωάννης
644 2641 774 2710 φησί
798 2642 918 2703 ταῖς
948 2641 1132 2712 χερσὶν
1159 2640 1564 2712 ἐψηλαφηκέναι
1595 2643 1724 2714 περὶ
1746 2643 1838 2696 τοῦ

249 2729 431 2796 Λόγου
458 2730 556 2801 τῆς
580 2729 744 2802 ζωῆς·
777 2733 826 2784 oi
859 2731 1116 2803 μακάριοι
1135 2733 1429 2803 προφῆται,
1456 2734 1556 2802 τὴν
1587 2733 1736 2786 θείαν
1757 2734 1841 2787 αῖ-

252 2817 452 2889 σθησιν
479 2813 751 2890 εὑρόντες,
788 2822 882 2874 καὶ
915 2821 1199 2891 βλέποντες
1219 2821 1395 2885 θείως,
1425 2822 1518 2875 καὶ
1550 2823 1838 2887 ἀκούοντες

247 2909 438 2975 θείως,
472 2913 567 2964 καὶ
595 2911 876 2983 γευόμενοι
907 2915 1128 2984 ὁμοίως,
1166 2915 1258 2966 καὶ
1287 2916 1702 2986 ὀσφραινόμενοι
1751 2917 1837 2986 (ἵν’

244 3001 431 3064 οὕτως
462 3003 734 3073 ὀνομάσω)
779 3003 1026 3075 αἰσθήσει
1055 3005 1154 3057 οὐκ
1194 3005 1445 3076 αίσθητῇ,
1477 3007 1571 3059 καὶ
1602 3007 1838 3077 ἀπτόμε-

248 3111 330 3147 νοι
361 3093 458 3147 τοῦ
491 3096 667 3163 Λόγου
705 3096 840 3166 μετὰ
883 3097 1135 3159 πίστεως,
1170 3095 1297 3150 ὥστ’
1344 3099 1621 3169 ἀπορροὴν
1671 3098 1836 3152 αὐτοῦ

1945 1988 2199 2058 delapsus
2229 1988 2500 2058 vitamque
2532 1993 2732 2046 mundo
2761 1994 3053 2049 conferens
3079 1995 3254 2065 sapiat
3281 1997 3326 2063 ‘;
3376 1998 3522 2053 olla-

1944 2087 2086 2138 ctus.
2116 2080 2207 2148 qui
2253 2079 2368 2134 haec
2401 2079 2482 2135 vel
2517 2080 2604 2134 illa
2649 2081 2908 2137 odoretur
2958 2100 3025 2140 ex
3069 2088 3270 2155 quibus
3311 2089 3519 2148 Christi

1943 2170 2144 2224 bonum
2172 2170 2396 2225 odorem
2444 2171 2554 2227 Deo
2587 2171 2782 2229 Paulus
2812 2190 2870 2230 se
2901 2190 3021 2232 esse
3051 2178 3185 2234 dicit
3221 2180 3280 2245 ';
3337 2191 3518 2238 tactus

1944 2263 2198 2333 denique,
2229 2263 2442 2332 qualem
2473 2265 2938 2332 habuitloannes,
2965 2271 3053 2338 qui
3083 2272 3159 2325 ait
3186 2287 3246 2326 se
3271 2275 3520 2331 manibus

1947 2352 2174 2407 Verbum
2209 2354 2332 2408 vita:
2358 2364 2730 2412 contrectasse
2757 2358 2800 2424 °;
2836 2358 3024 2413 beatos
3055 2362 3363 2431 prophetas,
3395 2379 3518 2419 cum

1943 2445 2182 2500 divinum
2222 2447 2369 2501 illum
2398 2464 2618 2505 seuerum
2649 2451 2880 2507 assecuti
2913 2462 3135 2518 essent,
3180 2466 3343 2523 atque
3383 2458 3520 2513 adeo

1942 2537 2123 2593 divine
2152 2540 2423 2607 viderent,
2452 2543 2634 2598 divine
2663 2544 2906 2598 audirent
2930 2585 2947 2611 ,
2987 2545 3169 2600 divine
3209 2558 3515 2617 gustarem,

1939 2641 1994 2684 et
2022 2632 2318 2688 oll'acerent
2353 2650 2536 2702 sensu,
2573 2645 2632 2690 ut
2671 2637 2742 2690 ita
2777 2636 2992 2706 loquar,
3039 2651 3230 2692 sensus
3263 2649 3515 2708 experte,

1939 2731 1994 2775 et
2016 2721 2118 2778 ﬁde
2151 2724 2380 2780 Verbum
2415 2727 2484 2780 ita
2519 2736 2823 2796 tangerent,
2853 2737 2908 2782 ut
2940 2728 3057 2796 ejus
3085 2729 3375 2784 delluvium
3402 2746 3518 2786 ma-

1942 2826 2098 2869 naret
2130 2817 2181 2870 iu
2211 2818 2358 2886 ipsos
2383 2820 2672 2872 sanitatem
2703 2820 3016 2886 conferens,
3058 2821 3258 2877 vidisse
3304 2840 3424 2892 qua:
3457 2839 3518 2880 se

1940 2905 2140 2960 vidisse
2164 2907 2432 2972 scribunt,
2466 2909 2711 2963 audiisse
2743 2923 2864 2979 quae
2896 2909 2996 2962 sibi
3040 2910 3220 2965 audita
3262 2926 3381 2966 esse
3429 2910 3515 2967 di-

1938 3011 2092 3064 cunt,
2123 3001 2338 3069 aliaque
2369 3013 2621 3073 expertos
2645 3017 2764 3057 esse
2806 3003 3025 3069 similia,
3065 3006 3514 3073 quemadmodum

1937 3092 2181 3146 scribunt
2209 3109 2267 3149 se
2291 3095 2414 3150 libri
2447 3096 2549 3150 sibi
2580 3097 2748 3151 oblati
2777 3097 3078 3152 comedisse
3106 3097 3320 3152 initium
3353 3099 3394 3151 ’.
3423 3097 3514 3152 Sic

247 3189 333 3250 είς
372 3185 570 3251 αὐτοὺς
603 3189 758 3259 ῆκειν
797 3189 1200 3260 θεραπεύουσαν
1236 3190 1347 3260 (52)
1386 3191 1615 3252 αὐτοῦς,
1663 3190 1833 3254 οὕτως

1939 3183 2088 3238 Isaac
2117 3186 2361 3248 odorem.
2389 3187 2477 3256 qui
2509 3203 2539 3243 e
2565 3188 2762 3242 divinis
2796 3191 2889 3242 lilii
2920 3192 3162 3245 vestibus
3202 3190 3511 3260 alllabatur,

247 3279 442 3350 ἐώρων
473 3279 508 3332 ἀ
528 3281 928 3351 ἀναγράφουσιν
955 3282 1278 3350 ἑωρακέναι,
1311 3282 1404 3334 καὶ
1437 3282 1631 3352 ἤκουον
1685 3283 1720 3335 ἃ
1746 3283 1835 3335 λέ-

245 3388 441 3441 γουσιν
479 3372 794 3443 ἀκηκοέναι,
821 3373 914 3426 καὶ
953 3373 1019 3426 τὰ
1050 3373 1409 3444 παραπλήσια
1443 3375 1678 3443 ἔπασχον
1699 3415 1713 3436 ,
1762 3375 1837 3440 ὼς

246 3463 578 3534 ἀνέγραφον,
615 3463 876 3531 κεφαλίδα
930 3463 1196 3526 ἐσθίοντες
1225 3462 1506 3533 διδομένην
1542 3465 1722 3526 αὐτοῖς
1756 3463 1838 3533 βι-

243 3554 422 3608 ϐλίου.
457 3553 616 3607 Οῦτω
643 3555 699 3607 δὲ
734 3555 826 3608 καὶ
873 3554 1057 3608 Ἰσαὰκ
1080 3554 1374 3626 ὼσφράνθη
1399 3555 1498 3626 τῆς
1529 3557 1708 3626 ὀσμῆς
1729 3556 1835 3608 τῶν

243 3646 343 3700 τοῦ
365 3647 482 3700 υἱοῦ
514 3647 799 3719 θειοτέρων
833 3648 1084 3718 ἱματίων,
1116 3649 1208 3700 καὶ
1237 3649 1430 3700 ἐπεῖπε
1489 3652 1832 3720 πνευματικῇ

245 3739 474 3810 εὐλογίᾳ
513 3739 593 3802 τὸ,
640 3759 658 3790 ι
714 3739 842 3792 Ἰδοὺ
888 3739 1033 3811 ὀσμὴ
1083 3739 1177 3793 τοῦ
1225 3739 1338 3792 υἱοῦ
1386 3756 1523 3810 μου,
1564 3740 1640 3803 ὡς
1690 3742 1833 3813 ὀσμὴ

243 3828 423 3897 ἀγροῦ
453 3829 711 3901 πλήρους,
740 3829 798 3882 δν
826 3829 1113 3900 εὐλόγησεν
1141 3832 1170 3882 ὀ
1200 3828 1421 3900 Κύριος.
1467 3848 1486 3880 ι
1535 3829 1834 3900 Παραπλη-

245 3921 380 3985 σίως
419 3922 476 3975 δὲ
516 3922 758 3987 τούτοις,
809 3922 903 3975 καὶ
947 3922 1152 3990 νοητῶς
1205 3923 1406 3993 μᾶλλον
1443 3922 1476 3994 ἢ
1525 3921 1830 3992 αἰσθητῶς,

257 4013 466 4085 Ἰησοῦς
505 4014 681 4087 ἥψατο
712 4015 804 4068 τοῦ
839 4015 1073 4088 λεπροῦ,
1118 4015 1184 4068 ἵν’
1231 4015 1392 4068 αὐτὸν
1429 4015 1704 4088 καθαρίσῃ
1736 4015 1832 4086 (ὡς

244 4107 358 4174 ἐγὼ
378 4103 553 4177 οἶμαι)
582 4106 766 4178 διχῶς,
799 4106 1156 4161 ἀπαλλάττων
1184 4107 1348 4160 αὐτὸν
1367 4108 1428 4160 οὐ
1455 4106 1636 4176 μόνον,
1674 4107 1750 4169 ὼς
1781 4107 1830 4158 oi

244 4202 430 4255 πολλοὶ
448 4203 725 4266 ἀκούουσι,
757 4204 964 4275 λέπρας
992 4202 1255 4275 αἰσθητῆς
1273 4204 1340 4256 δι’
1366 4203 1632 4274 αἰσθητῆς
1663 4205 1827 4274 ἁφῆς,

241 4294 380 4348 ἀλλὰ
413 4295 511 4348 καὶ
541 4295 642 4364 τῆς
670 4295 834 4366 ἄλλης
863 4294 950 4348 διὰ
975 4297 1076 4365 τῆς
1113 4295 1189 4358 ὡς
1227 4294 1443 4365 ἀληθῶς
1473 4294 1626 4358 θείας
1662 4295 1828 4348 αὐτοῦ

236 4387 409 4456 ἁφῆς.
439 4386 630 4450 Οὕτως
656 4383 750 4439 οὖν
780 4385 1159 4458 ἐμαρτύρησεν
1196 4387 1468 4458 Ἰωάννης,
1504 4387 1676 4456 λέγων
1701 4426 1716 4449 ,
1747 4387 1827 4440 ὅτι

244 4500 266 4532 ι
303 4480 584 4549 Τεθέαμαι
609 4480 670 4533 τὸ
699 4481 921 4550 Πνεῦμα
946 4481 1271 4535 καταϐαῖνον
1302 4480 1378 4543 ὡς
1410 4479 1739 4550 περιστερὰν
1767 4479 1827 4543 ἐξ

1941 3277 2160 3342 olfecit,
2219 3288 2382 3348 atque
2439 3281 2578 3336 hanc
2629 3282 2931 3350 spiritalem
2986 3283 3250 3352 impertiit
3295 3285 3514 3340 benedi-

1940 3370 2174 3425 cliouem
2220 3389 2234 3426 :
2291 3390 2309 3423 ι
2360 3371 2498 3428 Ecce
2537 3375 2672 3429 odor
2715 3375 2807 3428 lilii
2843 3375 2986 3439 mei,
3034 3378 3173 3430 sicut
3215 3378 3348 3431 odor
3395 3379 3511 3449 agri

1939 3460 2082 3530 pleni
2122 3461 2206 3515 cui
2251 3460 2524 3518 benedixit
2564 3463 2824 3518 Dominus
2876 3464 2938 3518 ⁸⁸.
3001 3484 3019 3516 ι
3073 3464 3163 3518 Sic
3214 3467 3376 3521 etiam
3422 3463 3514 3522 Je-

1938 3566 2030 3606 sus
2057 3553 2288 3622 spiritali
2319 3557 2488 3624 magis
2513 3570 2677 3624 quam
2719 3570 2982 3624 corporeo
3028 3556 3302 3626 leprosum
3341 3559 3514 3629 tetigit

1939 3658 2101 3699 sensu
2135 3646 2196 3708 “,
2226 3657 2285 3700 ut
2314 3647 2463 3702 illum
2503 3663 2619 3702 mea
2643 3648 2859 3716 quidem
2907 3648 3176 3701 sententia
3223 3649 3514 3718 dupliciter

1937 3747 2214 3806 purgaret,
2252 3754 2281 3792 a
2311 3740 2458 3808 lepra
2503 3741 2720 3810 quidem
2753 3739 3000 3810 corporis
3029 3755 3293 3809 corporeo
3336 3751 3510 3808 tactu,

1937 3840 1992 3883 ut
2025 3830 2179 3884 multi
2211 3831 2541 3902 intelligunt;
2577 3840 2632 3886 et
2662 3831 2729 3885 ab
2761 3831 2866 3886 alia
2894 3833 3042 3904 lepra
3071 3843 3221 3891 tactu
3261 3849 3390 3890 vere
3419 3833 3507 3892 d1-

1935 3922 2082 3976 vino.
2118 3921 2210 3976 Sic
2235 3922 2404 3993 igitur
2441 3933 2496 3977 et
2520 3921 2758 3978 Joannes
2785 3934 3015 3982 testatus
3047 3938 3169 3992 est,
3215 3941 3338 3981 cum
3380 3927 3507 3982 ait:

1939 4031 1958 4064 ι
1996 4015 2116 4069 Vidi
2154 4015 2416 4085 Spiritum
2451 4017 2870 4074 descendentem
2905 4021 3061 4089 quasi
3093 4019 3398 4075 columbam
3442 4021 3512 4078 de

1932 4106 2091 4174 caalo,
2110 4117 2167 4163 et
2195 4109 2572 4180 mansitsuper
2597 4125 2743 4165 eum.
2781 4111 2846 4166 Et
2873 4127 2974 4182 ego
3001 4113 3315 4168 nesciebam
3341 4127 3465 4168 eum
3489 4125 3508 4167 :

1930 4200 2024 4253 sed
2054 4199 2144 4268 qui
2171 4199 2320 4254 misit
2341 4215 2427 4254 me
2449 4200 2726 4269 baptizare
2753 4207 2806 4255 in
2831 4216 2994 4270 aqua,
3027 4202 3115 4257 ille
3157 4202 3290 4258 mihi
3323 4203 3464 4256 dixit
3491 4219 3506 4232 ·

1933 4291 2108 4362 Super
2130 4308 2289 4362 quem
2322 4292 2524 4348 videris
2555 4292 2823 4364 Spiritqu
2857 4294 3281 4350 descendentem
3302 4304 3357 4348 et
3391 4308 3512 4348 ma-

1931 4392 2146 4437 nentem
2175 4398 2342 4452 super
2365 4398 2512 4445 eum,
2564 4383 2653 4436 hic
2686 4391 2772 4438 est
2813 4385 2905 4452 qui
2937 4384 3174 4452 baptimt
3206 4384 3258 4438 in
3297 4383 3505 4452 Spiritu

1930 4482 2140 4527 sancto.
2191 4473 2255 4526 Et
2291 4487 2390 4541 ego
2425 4473 2529 4524 vidi
2562 4481 2618 4526 et
2663 4473 3032 4526 testimonium
3079 4472 3330 4541 perhihui
3375 4472 3504 4540 quia

237 4571 496 4643 οὐρανοῦ,
531 4575 625 4625 καὶ
655 4571 863 4642 ἔμεινεν
897 4572 982 4625 ἐπ’
1011 4573 1190 4625 αὐτόν.
1226 4570 1396 4638 Κάγὼ
1421 4571 1520 4624 οὐκ
1551 4571 1696 4640 ᾔδειν
1730 4571 1827 4623 αὐ-

1939 4563 2018 4618 liic
2050 4575 2133 4618 est
2168 4563 2334 4616 Filius
2364 4563 2454 4617 Dei
2489 4565 2554 4619 ".
2597 4583 2616 4614 ι
2661 4563 2725 4616 Et
2757 4562 2886 4617 Jesu
2921 4566 3140 4632 quidem
3171 4563 3296 4616 caeli
3326 4563 3502 4630 aperti

235 4663 348 4716 τόνο
381 4664 500 4716 ἀλλ’
533 4667 562 4716 ό
605 4665 825 4734 πέμψας
860 4681 925 4734 με
974 4663 1252 4734 βαπτίζειν
1287 4664 1395 4732 (55)
1443 4665 1500 4715 ἐν
1531 4662 1608 4732 τῷ
1650 4661 1820 4728 nam,

237 4755 449 4817 ἐκεῖνός
491 4771 581 4824 μοι
605 4749 778 4807 εἶπενο
823 4756 937 4824 Ἐφ’
965 4754 1024 4808 ὃν
1053 4753 1119 4808 ἂν
1155 4754 1272 4825 ἴδῃς
1298 4753 1360 4805 τὸ
1400 4751 1623 4822 Πνεῦμα
1658 4769 1824 4806 κατα-

238 4845 442 4910 ϐαῖνον,
475 4847 568 4899 καὶ
595 4845 754 4916 μένον
778 4844 863 4898 ἐπ’
901 4845 1081 4906 αὐτὸν,
1116 4838 1271 4906 οὗτός
1304 4846 1451 4896 ἐστιν
1475 4845 1502 4896 ό
1548 4843 1822 4913 βαπτίζων

232 4941 291 4991 ἐν
317 4939 598 5009 Πνεύματι
626 4938 785 5008 ἁγίῳ.
815 4935 985 5006 Κάγὼ
1013 4937 1254 5009 ἑώρακα,
1285 4936 1377 4988 καὶ
1400 4935 1819 5007 μεμαρτύρηκα,

232 5033 313 5084 δτι
341 5025 503 5094 οὗτός
533 5033 680 5083 ἐστιν
705 5034 734 5084 ό
769 5031 893 5094 Υἱὸς
923 5029 1017 5082 τοῦ
1045 5028 1201 5082 Θεοῦ.
1241 5047 1259 5080 ι
1289 5028 1398 5082 Καὶ
1441 5027 1518 5096 τῷ
1553 5027 1724 5096 Ἰησοῦ
1759 5043 1820 5094 γε

231 5123 566 5193 ἠνοίχθησαν
591 5124 639 5174 οἱ
672 5121 908 5192 οὐρανοί·
938 5122 1030 5174 καὶ
1062 5121 1183 5174 τότε
1211 5120 1330 5190 μὲν,
1370 5118 1508 5190 πλὴν
1550 5119 1818 5183 Ἰωάννου,

229 5216 406 5278 οὐδεὶς
463 5215 879 5286 ἀναγέγραπται
947 5213 1248 5286 ἑωρακέναι
1301 5211 1648 5282 ἀνοιχθέντας
1692 5212 1820 5274 τοὺς

228 5309 496 5378 οὐρανούς
521 5323 534 5336 ο
563 5307 721 5361 τοῦτο
738 5309 795 5362 δὲ
815 5307 878 5361 τὸ
905 5306 1218 5378 ἀνοιχθῆναι
1251 5306 1374 5368 τοὺς
1401 5304 1664 5375 οὐρανοὺς
1693 5320 1818 5374 προ-

816 5476 845 5506 ⁴
866 5474 1025 5529 Joau.
1055 5489 1129 5533 vr,
1149 5473 1235 5526 35.
1345 5470 1435 5524 ⁷11
1470 5470 1596 5524 Cor.
1625 5486 1714 5524 xv.

299 5477 322 5509 ⁸
343 5476 510 5531 Prov.
573 5492 634 5542 ll,
659 5477 715 5530 5.
816 5476 845 5506 θ
866 5476 1025 5529 Joan.
1055 5489 1129 5533 vr.
1149 5476 1235 5526 33.
1345 5476 1365 5504 ⁷
1393 5476 1409 5524 l

299 5547 493 5602 Matth.
542 5561 660 5611 vtit,
695 5548 750 5602 5.
830 5547 873 5576 ¹’
900 5545 1059 5599 Joan.
1096 5561 1133 5608 t,
1163 5543 1233 5597 5‘2
1266 5559 1419 5613 seqq.

237 5545 493 5602 "Matth.
542 5561 660 5611 Vlil,
695 5548 750 5602 5.

300 5668 419 5734 (50)
446 5669 732 5736 Εὐρίσκει
786 5668 918 5736 ἤδη.
953 5669 1148 5724 Guieto
1193 5667 1537 5721 scribendum
1575 5667 1808 5729 videtur,

230 5739 511 5808 εὑρίσκειν
549 5737 681 5803 οἶδε,
727 5742 810 5794 vel
841 5740 1114 5811 εὑρίσκειν
1153 5740 1288 5811 ᾔδει,
1325 5739 1465 5806 quod
1505 5737 1659 5790 valde
1699 5737 1811 5806 pla-

229 5819 337 5865 cet.

299 5882 416 5951 (51)
443 5879 756 5936 ιὶί›1›.,οιίίιὶ
789 5886 853 5935 ad
891 5883 1208 5951 marginem,
1239 5879 1792 5950 ἀντιλαμϐανομένης.

1836 5471 1856 5502 ⁸
1891 5467 2094 5524 lJoan.
2123 5484 2162 5531 ι,
2198 5466 2250 5521 l.

1496 5543 1543 5573 ¹³
1578 5541 1738 5596 Joan.
1776 5558 1817 5606 ι,
1853 5541 1942 5594 5|.

1931 4664 2080 4717 sunt,
2119 4671 2218 4710 nec
2247 4656 2386 4708 ullus
2415 4665 2542 4708 tunc
2573 4665 2772 4723 prater
2795 4655 3062 4710 Joannem
3091 4654 3354 4710 scribitur
3393 4666 3504 4706 ca:—

1930 4747 2011 4803 los
2041 4758 2258 4816 apertos
2282 4747 2504 4812 vidisse;
2534 4749 2628 4802 sed
2658 4749 2909 4804 Salvator
2935 4747 3048 4801 suis
3077 4745 3336 4815 apostolis
3359 4760 3502 4816 prae-

1931 4841 2119 4894 dicens
2143 4839 2279 4904 l‘ore,
2305 4849 2364 4893 ut
2392 4840 2560 4894 caelos
2592 4849 2811 4909 apertos
2834 4849 2892 4894 et
2917 4838 3017 4908 ipsi
3046 4847 3351 4903 cernerent,
3381 4837 3458 4891 ait
3485 4855 3498 4890 :

1936 4949 1954 4984 ι
1988 4933 2181 4994 Amen,
2208 4947 2365 4986 amen
2391 4932 2512 4988 dico
2535 4933 2706 5000 vobis,
2728 4931 2984 4988 videbitis
3009 4929 3206 4986 caelum
3227 4939 3498 5000 apertum,

1928 5034 1984 5078 et
2019 5025 2241 5094 angelos
2285 5026 2375 5080 Dei
2411 5026 2772 5093 ascendentes
2815 5033 2870 5079 et
2901 5023 3292 5080 descendentes
3337 5037 3502 5091 super

1926 5117 2122 5173 Filium
2177 5121 2413 5173 hominis
2462 5119 2523 5172 ³³.
2567 5137 2584 5170 ι
2622 5119 2714 5174 Sic
2753 5128 2809 5175 et
2855 5118 3056 5174 Paulus
3099 5126 3281 5185 raptus
3322 5124 3408 5170 est
3444 5115 3500 5169 in

1927 5214 2146 5266 tertium
2179 5214 2375 5267 crelum
2407 5227 2530 5267 cum
2574 5211 2702 5264 illud
2734 5211 2886 5280 prius
2933 5217 3182 5279 apertum
3231 5207 3498 5270 vidisset,

1925 5312 2110 5372 utpote
2137 5301 2263 5358 Jesu
2292 5303 2614 5372 discipulus.
2647 5302 2928 5372 Explicare
2955 5311 3136 5356 autem
3157 5315 3258 5354 cur
3277 5298 3496 5362 dixerit,

2384 5466 2404 5497 ⁹
2432 5464 2630 5517 Ezech.
2657 5479 2740 5531 Ill,
2771 5463 2824 5518 2.
2929 5463 2971 5494 ¹⁰
3005 5461 3145 5518 Gen.
3188 5474 3362 5526 xxvu,
3403 5457 3495 5514 27.

1994 5663 2104 5729 (39.)
2136 5663 2307 5717 Codd.
2342 5663 2473 5730 Reg.
2506 5671 2558 5715 et
2587 5661 2777 5725 Basil.,
2805 5657 3266 5733 Oapartedaouguv.
3393 5725 3420 5733 Η

1991 5726 2118 5807 (57ξί
2137 5726 2463 5807 Βαπτίζειῦ.
2487 5733 2576 5786 Sic
2605 5726 2964 5807 reeteomues
2995 5727 3307 5807 mssLLilib.
3337 5726 3497 5807 edit?

1923 5795 2216 5874 βαπτίζων.
2265 5804 2430 5856 Paulo
2471 5811 2589 5871 post
2620 5800 2792 5874 codd.
2827 5799 2963 5869 Reg.
3009 5811 3064 5852 et
3107 5795 3292 5859 Basil.,
3341 5795 3497 5861 xc.th

1907 5870 2143 5947 ἑώρακα.
2180 5874 2334 5930 Libb.
2366 5870 2521 5941 editi,
2547 5873 2640 5925 καὶ
2669 5870 2902 5942 ἑώρακα.
