3996 6510
521 414 621 468 731

1982 417 2302 474 ORlGli-NIS

3671 423 3770 477 752

527 550 546 584 ι
586 535 697 586 sive
720 530 772 585 in
801 548 1050 601 corpore,
1083 534 1289 601 nescio;
1322 536 1436 591 sive
1459 548 1611 592 extra
1638 553 1857 609 corpus,
1886 542 2080 594 nescio.

2194 538 2366 607 λέγων
2410 542 2519 603 τοῖς
2569 540 2836 611 μαθηταῖς
2894 544 2922 594 6
2967 543 3155 613 Σωτὴρ
3200 543 3451 613 ἐσόμενον
3490 542 3772 615 ὀψομένας

520 624 663 679 Deus
691 626 789 680 scit
814 626 877 690 ¹⁸,
917 646 933 676 ι
965 642 1070 680 non
1099 637 1181 682 est
1201 632 1784 701 praesentistemporis.
1809 632 2087 703 365lloc

523 716 694 781 addo,
736 714 848 769 falli
893 716 1128 785 Celsum,
1168 735 1288 775 cum
1340 732 1490 790 putat
1522 722 1708 777 Jesmn
1752 724 1925 791 ipsum
1979 726 2092 777 suis

518 806 796 876 discipulis
830 824 1089 863 narrasse
1109 810 1371 867 caelorum
1407 815 1743 883 apertionem
1775 826 1828 871 et
1853 816 2090 884 Spiritus

515 899 692 953 sancti
724 899 773 952 in
806 914 864 953 se
895 902 1076 970 specie
1130 904 1395 960 columbae
1426 906 1490 959 ad
1523 905 1813 961 Jordanem
1867 910 2090 962 descen-

516 1004 657 1043 sum.
686 988 844 1047 Nullo
880 992 1292 1065 Scripturarum
1330 999 1451 1053 loco
1471 996 1632 1053 Jesus
1663 1001 1777 1054 hare
1801 1015 1859 1054 se
1886 1000 2090 1056 vidisse

514 1092 726 1139 narrat.
764 1083 875 1141 Nec
906 1088 1041 1143 vidit
1063 1090 1261 1147 nubilis
1296 1091 1384 1146 ille
1414 1091 1498 1146 vir
1526 1090 1666 1146 male
1694 1094 1987 1149 convenire
2015 1095 2087 1159 ei,

514 1173 605 1241 qui
644 1174 709 1228 de
733 1175 939 1230 visione
970 1194 1091 1246 qua:
1142 1181 1194 1234 in
1245 1190 1434 1236 monte
1478 1181 1780 1251 contigerat
1811 1181 2090 1250 discipulis

512 1264 729 1319 dixerat
758 1284 772 1319 :
802 1284 821 1317 ι
854 1266 1067 1324 Nemini
1102 1270 1359 1327 dixeritis
1394 1270 1680 1337 visionem,
1714 1271 1889 1327 donec
1918 1266 2088 1326 Filius

500 1355 750 1413 "hominis
786 1374 816 1412 a
847 1362 1077 1416 mortuis
1114 1371 1367 1432 resurgat
1389 1364 1452 1429 ³⁸,
1479 1382 1498 1417 ι
1542 1373 1601 1417 ut
1642 1364 1919 1434 discipulis
1943 1366 2085 1435 quod

508 1449 686 1505 visum
739 1467 770 1505 a
810 1450 1019 1508 Joanne
1060 1455 1124 1509 ad
1160 1456 1451 1511 Jordanem
1497 1465 1551 1512 et
1602 1458 1847 1512 auditum
1885 1457 2083 1523 fueral,

511 1553 920 1598 commemoret.
959 1545 1137 1614 Atque
1181 1560 1249 1600 ex
1298 1554 1407 1602 tota
1444 1547 1647 1603 Christi
1677 1549 1787 1603 vita
1822 1549 1980 1604 facile
2010 1551 2085 1602 vi-

510 1632 638 1686 dere
665 1642 753 1688 est
784 1644 1042 1703 quantum
1098 1637 1165 1692 de
1202 1653 1261 1694 se
1304 1638 1448 1709 loqui
1488 1639 1765 1710 elIugerit.
1816 1640 2083 1708 Quocirca

508 1723 724 1778 dicebat
752 1742 766 1779 :
798 1745 815 1778 ι
846 1727 903 1782 Si
933 1742 1033 1799 ego
1060 1729 1433 1785 testimonium
1482 1731 1743 1802 perbibeo
1765 1732 1832 1787 de
1856 1733 2081 1802 meipso.

510 1816 885 1871 testimonium
930 1835 1109 1875 meum
1163 1838 1269 1876 non
1317 1823 1778 1902 est.verum”.r
1834 1821 1943 1879 Nec
1974 1824 2082 1878 alia

2194 630 2343 693 αὐτὸ,
2384 630 2564 701 φησίν·
2609 650 2627 681 ι
2682 632 2870 702 Ἀμὴν,
2900 632 3044 703 ἀμὴν
3071 632 3212 701 λέγω
3239 634 3363 703 ὑμῖν
3388 676 3403 701 ,
3446 634 3643 705 ὄψεσθε
3686 639 3773 690 τὸν

2192 722 2416 791 οὐρανὸν
2446 723 2745 793 ἀνεῳγότα,
2780 726 2872 777 καὶ
2902 727 3027 788 τοὺς
3052 726 3313 795 ἀγγέλους
3340 728 3431 781 τοῦ
3463 728 3599 782 Θεοῦ
3643 731 3772 783 ἀνα-

2192 815 2473 879 ϐαίνοντας
2504 816 2596 869 καὶ
2626 816 3049 879 καταϐαίνοντας
3073 819 3164 870 ἐπὶ
3185 818 3276 871 τὸν
3297 818 3423 872 rm
3448 818 3544 872 τοῦ
3564 820 3775 892 ἀνθρώ-

2192 922 2316 957 που.
2348 924 2366 957 ι
2394 906 2504 958 Kal
2525 904 2695 969 οὕτως
2725 906 2935 969 Παῦλος
2962 906 3185 979 ἡρπάγη
3215 911 3293 971 εἰς
3318 909 3498 979 τρίτον
3524 912 3772 980 οὐρανὸν,

2192 991 2453 1061 πρότερον
2479 991 2600 1044 ἰδὼν
2629 992 2791 1046 αὑτὸν
2812 994 3147 1064 ἀνοιχθέντα,
3172 998 3293 1050 ἐπεὶ
3320 998 3565 1071 μαθητὴς
3591 996 3661 1070 ἦν
3681 1003 3773 1056 τοῦ

2202 1081 2396 1151 Ἰησοῦ.
2423 1085 2794 1156 Διηγὴσασθαι
2823 1086 2879 1139 δὲ
2914 1087 3008 1140 νῦν
3036 1088 3121 1141 διὰ
3142 1090 3193 1141 τί
3221 1090 3249 1141 6
3274 1089 3484 1154 Παῦλος
3516 1091 3665 1160 λέγει
3690 1095 3769 1158 τὸ,

2196 1191 2214 1224 ι
2244 1173 2364 1225 Εἴτε
2398 1175 2457 1227 ὲν
2491 1174 2721 1245 σώματι,
2749 1176 2849 1230 οὐκ
2892 1173 3028 1243 οἶδα,
3060 1179 3169 1232 εἴτε
3199 1180 3355 1243 ἐκτὸς
3372 1181 3466 1234 τοῦ
3498 1181 3771 1253 σώματος,

2187 1264 2288 1319 οὐκ
2302 1260 2438 1335 οἴδα,
2462 1268 2491 1319 6
2521 1268 2652 1331 Θεὸς
2682 1265 2839 1334 οἶδεν,
2870 1266 2973 1322 »οὐ
2996 1270 3089 1323 τοῦ
3117 1273 3379 1343 παρόντος
3411 1275 3528 1327 ἐστ).
3556 1277 3770 1352 καιροῦ.

2191 1360 2314 1412 Ἔτι
2356 1360 2412 1413 δὲ
2453 1361 2747 1432 προσθήσω
2776 1361 2853 1433 τῷ
2910 1364 3072 1435 λόγῳ,
3107 1366 3204 1418 καὶ
3248 1366 3406 1429 αὐτὰ,
3454 1368 3493 1422 ἂ
3542 1367 3716 1421 οἴεται
3745 1372 3772 1422 ὁ

2186 1451 2418 1522 Κέλσος.
2454 1453 2535 1505 ὅτι
2562 1454 2725 1517 αὐτὸς
2763 1454 2972 1526 Ἰησοῦς
3016 1451 3139 1509 εἷπε
3172 1455 3240 1509 τά
3271 1459 3398 1527 περ).
3440 1457 3537 1529 τὴν
3568 1460 3770 1525 ἄνοιξιν

2186 1542 2292 1595 τῶν
2325 1544 2586 1616 οὐρανῶν,
2630 1545 2723 1599 καὶ
2754 1546 2814 1598 τὸ
2843 1546 3086 1600 καταϐὰν
3118 1547 3340 1619 Πνεῦμα
3368 1548 3522 1617 ἆγιον
3555 1552 3645 1602 ἐπ’
3678 1553 3771 1604 αὖ-

2180 1634 2274 1687 τδν
2307 1635 2435 1688 εῐδει
2467 1638 2801 1707 περιστερᾶς
2834 1637 2984 1709 παρά
3008 1637 3087 1708 τῷ
3120 1639 3359 1713 Ἰορδάνῃ
3378 1657 3391 1670 ·
3419 1641 3518 1711 τῆς
3543 1642 3764 1713 Γραφῆς

2183 1724 2343 1778 τοῦτο
2372 1724 2433 1778 οὐ
2451 1726 2905 1798 παραστησάσης,
2936 1729 3018 1780 ὅτι
3053 1729 3216 1792 αὐτὸς
3250 1726 3369 1783 εἶπε
3398 1732 3558 1784 τοῦτο
3588 1734 3765 1803 ἑωρα-

2186 1817 2359 1871 κέναι.
2417 1818 2492 1871 υὺ
2539 1818 2741 1873 συνεῖδε
2785 1819 2831 1871 δ’
2857 1821 2884 1872 6
2929 1821 3325 1888 γενναιότατος,
3361 1823 3443 1876 ὅτι
3498 1824 3601 1875 οὐκ
3655 1825 3765 1877 ἐστι

505 1920 694 1974 causa,
717 1909 822 1964 nisi
857 1911 985 1978 quia
1021 1914 1086 1967 de
1119 1928 1176 1967 se
1219 1915 1365 1987 loqui
1422 1917 1687 1985 fugiebat,
1715 1927 1771 1971 et
1802 1915 2078 1971 Christum

2185 1910 2328 1963 κατά
2358 1910 2450 1963 τὸν
2484 1909 2707 1963 εἰπόντα
2752 1913 2865 1975 τοῖς
2903 1911 3170 1984 μαθηταῖς
3195 1914 3286 1967 ἐπὶ
3332 1918 3398 1986 τῇ
3436 1918 3493 1969 ὲν
3526 1916 3607 1986 τῷ
3650 1916 3765 1988 ὄρει

508 2010 568 2051 se
593 2012 716 2053 esse
756 2002 991 2056 malebat
1023 2005 1278 2073 Operihus
1309 2022 1471 2078 quam
1498 2009 1658 2064 dictis
1695 2010 2077 2078 comprobare,

505 2087 558 2141 ei
590 2088 761 2146 Judaei
806 2091 1064 2151 dicebant
1100 2115 1111 2150 :
1146 2117 1164 2149 ι
1190 2099 1245 2153 Si
1284 2108 1337 2153 tu
1375 2115 1432 2154 es
1462 2100 1735 2169 Christus,
1784 2102 1873 2156 die
1924 2103 2079 2156 nobis

508 2177 687 2247 palam
709 2181 772 2235 ⁸⁷.
801 2200 821 2234 ι
865 2183 1132 2250 Quoniam
1168 2201 1295 2241 vero
1336 2192 1478 2258 apud
1510 2189 1724 2244 Celsum
1758 2188 1971 2245 Judaaus
1997 2200 2080 2244 est

507 2269 599 2336 qui
646 2269 881 2341 loquens
927 2275 994 2329 de
1038 2275 1244 2344 Spiritu
1278 2288 1470 2335 sancto
1496 2281 1548 2333 in
1574 2280 1840 2335 columba:
1871 2280 2077 2350 specie,

517 2361 701 2417 Jesum
727 2366 807 2419 sic
836 2365 1132 2436 alloquitur
1161 2387 1173 2422 :
1214 2388 1231 2420 ι
1262 2369 1431 2426 Nemo
1471 2372 1523 2425 id
1554 2372 1690 2425 vidit
1719 2383 1914 2441 praeter
1943 2381 1996 2427 te
2026 2382 2081 2426 et

508 2468 672 2521 quem
699 2456 750 2509 in
773 2457 1143 2513 testimonium
1163 2460 1397 2517 advocas
1417 2464 1489 2516 tui
1509 2464 1760 2533 supplicii
1786 2464 2025 2527 socium;
2058 2484 2075 2516 ι

506 2558 734 2600 necesse
775 2557 861 2600 est
905 2550 1191 2605 ostendere
1228 2567 1391 2621 quam
1429 2562 1483 2607 et
1535 2552 1650 2608 base
1686 2552 1865 2623 inepte
1905 2552 2078 2609 Judaei

507 2650 755 2702 persona:
811 2639 1078 2692 attributa
1148 2642 1219 2695 sit
1270 2643 1470 2697 oratio.
1526 2642 1637 2697 Nec
1696 2646 1840 2697 enim
1903 2641 2075 2699 Judaei

500 2724 763 2781 Joannem
796 2743 917 2783 cum
956 2730 1081 2786 Jesu
1115 2734 1455 2800 consociant,
1485 2750 1585 2790 nec
1610 2732 1836 2789 Joannis
1869 2735 2081 2804 suppli-

502 2818 646 2873 cium
672 2835 792 2875 cum
834 2820 963 2877 Jesu
1007 2825 1277 2895 supplicio
1310 2826 1670 2898 conjungunt.
1713 2826 1866 2894 Quod
1910 2842 2074 2898 argu-

502 2922 687 2965 mento
724 2923 825 2977 est,
872 2916 961 2983 qui
1004 2931 1062 2969 se
1103 2918 1281 2971 omnia
1318 2918 1458 2973 scire
1504 2918 1794 2989 gloriatur,
1817 2934 1939 2973 eum
1976 2934 2074 2973 ne-

501 3000 731 3057 scivisse
780 3020 899 3072 qua:
940 3008 1104 3061 verba
1144 3006 1315 3062 Judaei
1364 3007 1547 3063 Jesum
1589 3010 1918 3080 alloqucntis
1948 3024 2074 3079 per-

501 3105 651 3177 sonae
690 3096 963 3165 assignari
991 3101 1310 3168 Oportuerit.

2186 2002 2444 2073 ὀπτασίᾳ,
2482 2020 2500 2052 ‹
2530 2002 2734 2073 Μηδενὶ
2763 2005 2952 2075 εἴπητε
2984 2005 3049 2058 τὸ
3076 2006 3281 2077 ὅραμα,
3315 2007 3419 2072 ἓως
3446 2010 3474 2060 6
3520 2010 3642 2072 Υἱὸς
3670 2011 3762 2062 τοῦ

2186 2090 2471 2164 ἀνθρώπου
2508 2093 2571 2145 ἐκ
2604 2094 2813 2165 νεκρῶν
2859 2096 3104 2167 ἀναστῇο
3128 2115 3146 2147 ι
3184 2097 3459 2168 εἰρηκέναι
3494 2102 3607 2162 τοῖς
3661 2118 3760 2168 μα-

2186 2182 2377 2253 θηταῖς
2409 2184 2470 2237 τὸ
2504 2184 2654 2255 παρὰ
2685 2183 2763 2254 τῷ
2809 2184 3053 2256 Ἰορδάνῃ
3071 2186 3232 2255 ὀφθέν
3249 2186 3352 2240 ὑπὸ
3379 2186 3472 2240 τοῦ
3516 2189 3764 2242 Ἰωάννου

2184 2275 2277 2329 καὶ
2321 2274 2602 2327 ἀκουσθέν.
2648 2274 2866 2327 Ἐνιδεῖν
2898 2275 2955 2328 δὲ
3008 2275 3123 2328 ἐστι
3171 2279 3264 2330 καὶ
3319 2277 3397 2347 τῷ
3446 2277 3542 2330 τοῦ
3589 2279 3765 2348 Ἰησοῦ

2181 2369 2301 2441 ἤθει
2336 2367 2611 2439 πανταχοῦ
2669 2368 3095 2441 περιισταμένου
3132 2371 3244 2442 (54)
3272 2370 3372 2441 τὴν
3406 2371 3764 2441 περιαυτολοο

2180 2460 2325 2528 γίαν,
2366 2459 2459 2513 καὶ
2487 2459 2574 2513 διὰ
2607 2459 2765 2512 τοῦτο
2794 2460 3075 2527 λέγοντος⁴
3119 2480 3138 2511 ‹
3161 2462 3279 2515 Κᾶν
3312 2461 3423 2531 ἐγὼ
3462 2464 3602 2518 είπω
3639 2467 3767 2535 περὶ

2184 2549 2445 2620 ἐμαυτοῦ,
2500 2552 2533 2621 ἡ
2588 2551 2860 2623 μαρτυρία
2888 2569 2987 2622 μου
3015 2552 3117 2605 οὐκ
3150 2552 3296 2606 ἔστιν
3336 2555 3566 2627 ἀληθής.
3596 2575 3617 2609 ι
3655 2558 3766 2610 Καὶ

2185 2640 2305 2693 ἐπεὶ
2339 2642 2656 2711 περιίστατο
2711 2641 2809 2714 τὴν
2864 2644 3335 2714 περιαυτολογίαν,
3382 2649 3476 2700 καὶ
3520 2650 3637 2712 τοῖς
3672 2650 3765 2719 ἐρ-

2184 2748 2303 2801 γοις
2339 2733 2536 2803 μᾶλλον
2572 2733 2822 2786 ἐϐούλετο
2855 2734 3047 2806 δηλοῦν
3081 2732 3218 2789 εἶναι
3249 2737 3479 2809 Χριστὸς
3514 2740 3661 2811 ἤπερ
3698 2744 3762 2811 τῇ

2181 2822 2350 2890 λέξει,
2411 2823 2497 2877 διὰ
2552 2824 2711 2878 τοῦτό
2774 2842 2935 2893 φασιν
2983 2828 3032 2878 οἱ
3078 2827 3316 2881 Ἰουδαῖοι
3367 2830 3502 2901 πρὸς
3561 2831 3761 2884 αὐτόν’

2188 2932 2205 2965 ι
2232 2915 2295 2968 El
2325 2913 2387 2966 σὺ
2419 2909 2469 2965 εἴ
2498 2914 2525 2966 ὁ
2552 2914 2805 2984 Χριστὸς,
2843 2915 2963 2967 εἰπὲ
2992 2917 3122 2986 ἡμῖν
3157 2916 3454 2988 παρρησία.
3480 2937 3499 2970 ι
3534 2919 3764 2974 Ἐπεὶ.δέ

2193 3006 2449 3069 Ἰουδαῖός
2480 3006 2625 3059 ἐστιν
2678 3008 2705 3059 6
2746 3008 2895 3080 παρά
2927 3008 3003 3079 τῷ
3048 3008 3240 3080 Κέλσῳ
3266 3009 3438 3077 λέγων
3463 3011 3542 3081 τῷ
3583 3012 3761 3083 Ἰησοῦ

2181 3102 2308 3171 περ).
2338 3100 2446 3154 τῶν
2478 3100 2618 3154 κατά
2639 3101 2699 3153 τὸ
2733 3101 2957 3172 Πνεῦμα
2987 3102 3047 3156 τὸ
3078 3101 3230 3171 ἆγιον
3257 3107 3313 3157 ἐν
3343 3105 3469 3158 εῖδει
3496 3122 3760 3177 περιστε-

504 3184 622 3255 ρᾶς,
650 3186 730 3252 τὸ,
772 3186 955 3263 «Πλὴν
978 3189 1057 3241 ὅτι
1102 3189 1165 3242 σὺ
1204 3192 1328 3261 φῂς,
1355 3192 1447 3243 καί
1480 3208 1601 3245 τινα
1626 3192 1724 3246 ἕνα
1759 3192 1942 3266 ἐπάγῃ
2000 3190 2110 3245 τῶν
2170 3191 2307 3262 μετὰ
2353 3191 2446 3245 σοῦ
2498 3192 2942 3263 κεκολασμένων·
2972 3212 2990 3244 ι
3030 3194 3321 3263 ἀναγκαῖον
3376 3194 3522 3267 αὐτῷ
3578 3213 3759 3270 παρει-

501 3276 720 3346 στῆσαι,
751 3278 833 3331 ὃτι
866 3280 957 3333 καὶ
988 3279 1145 3333 τοῦτο
1168 3282 1267 3335 οὐκ
1286 3282 1501 3347 οἰκείως
1520 3282 1597 3353 τῷ
1641 3282 1917 3354 Ἰουδαῖκῷ
1954 3282 2232 3355 προσώπῳ
2288 3284 2632 3356 περιέθηκεν.
2699 3284 2833 3337 Οὑδέ
2886 3284 2995 3354 γὰρ
3065 3286 3392 3341 συνάπτουσι
3437 3287 3527 3341 τον
3571 3290 3757 3343 Ἰωάν-

502 3388 601 3441 νην
632 3373 681 3425 ol
720 3372 963 3426 Ἰουδαῖοι
991 3374 1069 3445 τῷ
1114 3376 1308 3447 Ἰησοῦ,
1351 3378 1442 3430 καὶ
1464 3377 1561 3448 τὴν
1604 3377 1849 3432 Ἰωάννου
1881 3380 1948 3449 τῇ
1982 3378 2074 3430 τοῦ
2119 3377 2291 3449 Ἰησοῦ
2327 3377 2564 3434 κολάσει.
2621 3380 2729 3431 Kal
2761 3381 2818 3431 ἐν
2851 3379 3022 3450 τούτῳ
3079 3375 3172 3433 οὖν
3230 3381 3511 3453 ἐλέγχεται
3539 3384 3568 3435 6
3594 3384 3757 3437 πάντ’

500 3464 1001 3536 ἀλαζονευσάμενος
1033 3466 1253 3535 ειδέναι,
1279 3468 1353 3539 μὴ
1388 3468 1643 3537 ἐγνωκὼς
1670 3469 1793 3523 τινα
1826 3469 2083 3542 προσάψῃ
2111 3470 2331 3541 ῥήματα
2365 3468 2442 3539 τῷ
2481 3468 2754 3539 Ἰουδαϊκῴ
2778 3471 2913 3543 πρὸς
2941 3472 3032 3524 τὸν
3077 3472 3282 3543 Ἰησοῦν
3313 3470 3609 3545 προσώπῳ.

572 3559 663 3615 49.
701 3559 948 3614 Posthac
998 3562 1182 3616 nescio
1223 3563 1495 3632 quomodo
1539 3562 1685 3618 velut
1724 3565 1851 3618 data
1908 3578 2070 3631 opera
2101 3583 2142 3639 α

507 3651 879 3720 ριέειθινηιὶιιὶι
909 3662 1310 3722 argumentum,
1343 3670 1453 3724 quo
1487 3654 1725 3711 maxime
1754 3670 1816 3710 ea
1852 3671 1973 3724 qua:
2006 3656 2072 3709 ad

498 3740 685 3796 Jesum
734 3750 1021 3810 spectant,
1098 3742 1525 3809 conﬁrmantur;
1586 3758 1803 3812 nempe,
1839 3744 1994 3798 illum
2043 3759 2072 3796 a

497 3830 808 3887 Judmorum
828 3833 1128 3902 prophetis,
1160 3849 1189 3887 a
1217 3832 1418 3905 Moyse,
1454 3845 1507 3891 et
1539 3837 1606 3892 ab
1632 3836 1699 3891 iis
1733 3835 1825 3905 qui
1852 3843 1977 3890 ante
2018 3846 2073 3888 et

497 3932 623 3995 post
656 3922 893 3994 Moysem
922 3926 1202 3991 vixerunt,
1247 3926 1417 3982 fuisse
1443 3928 1893 3998 praenuntiatum.
1937 3927 2071 3996 Opi-

496 4030 621 4082 uor,
685 4031 793 4071 non
833 4018 1007 4085 potuit
1061 4016 1311 4072 refellere
1372 4029 1751 4088 argumentum
1802 4019 1925 4073 inde
1970 4020 2064 4072 du-

497 4117 674 4175 ctum,
704 4110 845 4178 quod
878 4124 1056 4180 neque
1089 4108 1284 4178 Judaei,
1317 4126 1489 4181 neque
1520 4110 1628 4165 ulla
1654 4126 1880 4180 usquam
1901 4112 2072 4166 heare-

499 4200 576 4257 sis
602 4200 879 4256 Christum
918 4203 1239 4271 praadictum
1280 4217 1402 4258 esse
1446 4204 1783 4271 negaverint.
1813 4201 2071 4258 Fortasse

493 4293 660 4348 etiam
688 4293 776 4348 illa
814 4294 880 4349 de
915 4293 1042 4349 Jesu
1082 4295 1339 4351 vaticinia
1376 4293 1688 4349 nesciebat.
1730 4293 1984 4364 Alioquin
2023 4295 2066 4348 si

505 4386 702 4442 scisset
724 4402 846 4456 qua:
879 4387 1181 4442 Christiani
1214 4386 1425 4451 dicunt,
1462 4385 1658 4441 mullos
1681 4385 1972 4457 prophetas
2003 4386 2069 4440 de

498 4476 806 4532 Salvatoris
836 4480 1069 4532 adventu
1097 4478 1272 4535 fuisse
1302 4476 1652 4546 prmlocutos,
1698 4491 1801 4531 nou
1838 4477 2065 4531 tribuis-

494 4579 580 4623 set
612 4567 796 4625 Judteo
815 4570 1142 4637 orationem,
1166 4585 1274 4641 qua
1306 4569 1577 4624 Samarita
1614 4579 1709 4623 aut
1734 4568 2068 4624 Sadducaeus

496 4678 627 4718 usus
652 4663 845 4717 luisset
886 4663 1058 4717 multo
1100 4663 1554 4728 convenientius;
1605 4676 1779 4731 neque
1833 4662 2064 4715 lictitius

497 4754 585 4808 ille
618 4753 836 4809 Judaeus
879 4755 1092 4809 locutus
1141 4764 1289 4810 esset
1324 4755 1441 4809 sic:
1475 4753 1666 4807 «Meus
1709 4762 1888 4808 autem
1939 4769 2066 4820 pro-

499 4848 663 4914 pheta
709 4846 847 4900 dixit
887 4847 1016 4901 olim
1046 4847 1098 4901 in
1126 4845 1481 4916 Jerosolymis
1514 4856 1798 4900 venturum
1832 4860 1952 4900 esse
1980 4844 2068 4899 Fi-

2244 3560 2399 3616 Μετά
2432 3561 2605 3629 ταῦτ’,
2641 3564 2741 3615 οὐκ
2774 3560 2869 3615 οἷδ’
2902 3564 3068 3628 ὅπως,
3104 3564 3164 3617 τὸ
3194 3564 3446 3635 μέγιστον
3481 3566 3592 3636 (55)
3628 3562 3758 3636 περὶ

2182 3655 2280 3727 τῆς
2315 3656 2623 3719 συστάσεως
2654 3654 2748 3708 τοῦ
2796 3654 2970 3725 Ἰησοῦ
3004 3656 3317 3723 κεφάλαιον,
3351 3658 3426 3721 ὡς
3470 3660 3551 3711 ὅτι
3594 3676 3757 3732 προε-

2181 3746 2422 3819 φητεύθη
2469 3746 2573 3799 ὑπὸ
2603 3746 2710 3798 τῶν
2744 3746 2894 3816 παρὰ
2939 3746 3211 3810 Ἰουδαίοις
3238 3748 3551 3819 προφητῶν,
3586 3750 3755 3803 Man}-

2181 3836 2318 3900 σέως
2348 3836 2441 3889 καὶ
2470 3835 2578 3887 τῶν
2612 3833 2729 3905 μετ’
2764 3833 2944 3897 αὐτὸν,
2987 3834 3019 3903 ἢ
3051 3834 3145 3886 καὶ
3175 3835 3281 3906 πρὸ
3321 3834 3621 3898 Μωῦσέως,
3652 3854 3755 3887 πα-

2182 3928 2461 3999 ραπέμπει
2513 3927 2625 3997 (56)
2680 3926 2848 3979 ἐκώνο
2889 3926 2964 3989 ὡς
3014 3922 3188 3997 οἶμαι,
3228 3925 3308 3997 τῷ
3358 3927 3430 3998 μὴ
3487 3926 3755 3980 δύνασθαι

2179 4020 2423 4089 ἀπαντᾷν
2460 4017 2595 4088 πρὸς
2626 4016 2804 4085 λόγον,
2835 4015 2909 4078 ὡς
2940 4016 3058 4068 οὐδὲ
3101 4016 3344 4069 Ἰουδαῖοι
3384 4016 3492 4068 οὐδ’
3518 4016 3641 4068 ὅσαι
3672 4018 3757 4069 ai.-

2180 4110 2357 4181 ρέσεις
2376 4110 2437 4162 οὐ
2474 4108 2749 4179 βούλονται
2784 4106 3223 4179 προφητευθῆναι
3246 4107 3357 4175 (57)
3378 4107 3468 4159 τὸν
3494 4108 3750 4179 Χριστόν.

2177 4200 2328 4271 Τάχα
2361 4200 2418 4253 δὲ
2450 4200 2568 4253 οὐδὲ
2609 4200 2724 4271 ᾔδει
2756 4198 2855 4262 τὰς
2888 4198 3014 4269 περὶ
3047 4196 3139 4250 τοῦ
3176 4197 3351 4267 Ἰησοῦ
3387 4199 3748 4269 προφητείας.

2177 4292 2289 4345 Οὐκ
2317 4293 2383 4347 ἂν
2414 4291 2543 4362 γὰρ,
2571 4290 2889 4345 καταϐαλὼν
2923 4290 3035 4361 (58)
3064 4289 3132 4342 τὰ
3165 4290 3268 4343 ὑπὸ
3299 4290 3642 4360 Χριστιανῶν
3673 4291 3755 4342 λε-

2176 4382 2401 4452 γόμεναυ
2424 4382 2507 4433 ὅτι
2542 4380 2725 4433 πολλοὶ
2756 4380 3031 4451 προφῆται
3076 4382 3335 4452 προεῖπον
3379 4380 3623 4450 περὶτῆς
3651 4379 3750 4432 τοῦ

2175 4473 2427 4543 Σωτῆρος
2488 4471 2799 4543 ἐπιδημίας,
2860 4471 3154 4543 περιέθηκε
3212 4470 3292 4541 τῷ
3336 4470 3431 4523 τοῦ
3498 4471 3750 4525 Ἰουδαίου

2176 4563 2471 4635 προσώπῳ,
2507 4561 2543 4616 ἃ
2574 4564 2780 4633 ἥρμοζε
2814 4564 3062 4634 Σαμαρεῖ
3096 4562 3293 4632 μᾶλλον
3333 4563 3505 4615 εἰπεῖν
3529 4562 3563 4631 ἢ
3611 4563 3749 4616 Σαδ-

2174 4656 2434 4728 δουκαίῳο
2468 4656 2559 4709 καὶ
2585 4658 2681 4709 οὐκ
2706 4656 2769 4709 ἂν
2806 4657 3055 4719 Ἰουδαῖος
3083 4658 3111 4708 6
3139 4658 3196 4707 ἐν
3236 4657 3301 4725 τῇ
3333 4656 3753 4726 προσωποποιίᾳ

2174 4748 2429 4819 ἔφασκεν·
2467 4769 2485 4801 ι
2522 4748 2659 4801 Ἀλλ’
2690 4744 2840 4803 εἶπεν
2876 4752 2903 4803 6
2946 4749 3077 4819 ἐμὸς
3108 4750 3395 4819 προφήτης
3424 4750 3481 4799 ἐν
3523 4747 3752 4815 Ἰεροσο-

2173 4841 2363 4911 λύμοις
2394 4841 2544 4903 ποτὲ,
2582 4841 2661 4893 ὅτι
2696 4841 2815 4911 ἥξει
2849 4838 2984 4892 Θεοῦ
3020 4839 3166 4900 Υἱὸς,
3198 4838 3302 4890 τῶν
3332 4836 3494 4889 ὁσίων
3520 4836 3736 4907 κριτὴς,

497 4937 630 4990 lium
669 4936 785 4999 Dei,
810 4938 1023 5004 piorum
1052 4935 1311 5003 judicent,
1348 4947 1399 4990 et
1430 4937 1799 5005 improborum
1851 4938 2065 5006 punito-

2185 4933 2266 4987 ιαὶ
2298 4932 2407 4985 τῶν
2448 4932 2648 4986 ἀδίκων
2698 4932 2985 5003 κολαστής.
3013 4950 3030 4982 ι
3067 4932 3141 4983 Οὐ
3191 4929 3299 4999 γὰρ
3331 4923 3413 4992 εἷς
3461 4930 3750 4999 προφήτης

498 5042 636 5083 rem.
667 5048 685 5081 ι
726 5026 836 5082 Nec
865 5028 1009 5082 enim
1050 5044 1079 5083 e
1106 5027 1389 5098 prophetis
1414 5042 1553 5081 unus
1580 5027 1648 5081 de
1683 5026 1899 5082 Christo
1930 5042 2065 5097 pric-

582 5186 629 5220 “
658 5185 702 5242 ιι
727 5184 853 5242 Cor.
880 5186 1057 5253 xu,2.
1135 5190 1177 5220 ¹⁵
1207 5188 1397 5244 Matth.
1436 5203 1569 5253 xvu,
1623 5190 1675 5242 9.
1756 5190 1801 5220 "
1828 5186 1986 5243 Joan.
2036 5204 2086 5255 v,
2122 5190 2213 5247 51.

578 5342 693 5414 (54)
723 5342 813 5396 Sic
855 5340 1194 5414 ﬂmschelius
1232 5343 1284 5395 iu
1317 5350 1487 5414 textu,
1520 5340 1615 5395 sed
1655 5343 1720 5414 ad
1755 5339 2059 5414 marginem

499 5412 686 5477 habet,
721 5412 1145 5483 περιισταμένῳ,
1181 5427 1301 5481 qua:
1340 5413 1498 5483 lectio
1532 5412 1808 5481 reperitur
1846 5412 1902 5466 in
1939 5427 2056 5467 om-

500 5485 662 5536 nibus
692 5498 822 5536 mss.
854 5481 1220 5552 praeterquam
1258 5483 1309 5535 in
1334 5481 1566 5537 Joliano.

571 5552 683 5623 (55)
723 5552 791 5605 Τὸ
813 5550 1120 5623 perlator",
1157 5562 1276 5623 etc.
1300 5552 1374 5603 Ita
1405 5564 1513 5623 tres
1557 5552 1717 5623 codd.
1754 5551 2057 5623 Anglicani,

504 5621 725 5692 Regius,
757 5631 812 5693 et
845 5621 1190 5693 Basileensis.
1218 5622 1386 5693 Alias,
1415 5622 1476 5693 το
1507 5622 1763 5693 μέγιστον
1790 5621 1898 5675 τῶν
1934 5623 2061 5693 περ).

498 5690 609 5764 τῆς.
634 5691 941 5764 συστάσεως
972 5690 1066 5764 Ὲοῦ
1105 5692 1277 5763 Ἰησοῦ
1312 5690 1638 5760 κεφαλαίων,
1666 5692 1740 5756 ὼς
1782 5694 1863 5745 ὅτι
1898 5690 2061 5763 προέ-

499 5761 739 5837 φητεῦθη
764 5761 898 5833 πρὸς
930 5761 1059 5837 τῶν.

571 5829 683 5910 (56)
712 5829 1112 5901 Παραὲτέμπει.
1146 5829 1222 5887 lta
1268 5845 1415 5890 recte
1453 5834 1607 5888 codd.
1639 5833 1841 5901 Regius
1874 5842 1926 5887 et
1949 5832 2064 5886 Ba-

2174 5026 2241 5079 τά
2282 5027 2409 5096 περὶ
2439 5024 2674 5094 Χριστοῦ
2708 5026 3101 5095 προεφήτευσε.
3122 5021 3238 5076 Κᾶν
3270 5022 3319 5073 οἱ
3353 5020 3511 5091 μόνου
3531 5020 3589 5074 δὲ
3616 5021 3746 5073 Mm-

2294 5191 2513 5245 "Joan.
2558 5207 2610 5253 χ,
2640 5192 2734 5243 23.

2171 5342 2439 5398 sileensis.
2486 5343 2644 5396 Libh.
2684 5346 2810 5397 editi
2860 5344 2910 5396 in
2949 5352 3099 5396 textu
3145 5342 3341 5395 habent
3371 5338 3741 5407 παραπίπτει,

2170 5416 2343 5478 male;
2387 5415 2451 5465 ad
2492 5416 2791 5479 marginem
2829 5429 2955 5469 vero
2988 5411 3382 5483 παραρρίπτει,
3414 5426 3534 5478 qua-
3578 5412 3739 5461 ἰαί-ιω

2171 5484 2511 5539 tolerabilior
2538 5494 2677 5538 erat.

2242 5554 2355 5625 (37)
2406 5553 2749 5608 Ilmschclius
2787 5564 2841 5607 et
2882 5553 3189 5624 Spencerus
3213 5553 3277 5605 ad
3308 5551 3608 5618 marginem
3644 5549 3739 5601 ha-

2166 5627 2294 5680 bent
2322 5626 2819 5694 πεπροφητεῦσθαι.

2242 5696 2352 5767 (58)
2386 5687 2769 5751 Κὲιτὶιίἶανιων.
2820 5693 3178 5751 Scriheitdutn
3230 5694 3460 5759 videtur,
3506 5687 3741 5749 xatala-
3780 5752 3783 5753 ν
3830 5750 3847 5761 Δ,

2168 5764 2295 5819 ϐών.

3986 404 3989 415 t

3986 505 3989 513 l

3986 528 3989 535 ς

3987 597 3989 607 ι

3986 616 3989 625 4

3986 685 3989 695 ι

3988 894 3989 901 ι

3988 1172 3991 1183 4

3989 1246 3991 1253 ι

3988 1268 3991 1277 4

3989 1340 3991 1347 ‹

3988 1360 3991 1369 Α

3989 1544 3991 1551 ι

3989 1612 3991 1621 ι

3964 2266 3967 2273 ι
