3996 6528
167 418 287 473 755

1383 413 1661 471 CONTRA
1689 413 1966 471 CELSUM
2002 413 2128 469 LIB.
2169 412 2206 466 Ι.

3338 408 3445 464 754

170 538 329 601 σὲως
352 535 775 608 παραδεχόμενοι
801 534 900 599 τάς
931 533 1147 605 βίϐλους
1176 535 1450 607 Σαμαρεῖς
1485 536 1518 607 ἦ
1546 536 1769 590 Σαδδου-

1899 535 2118 590 |ixit.Et
2137 544 2196 590 ut
2230 532 2515 589 Samaritze
2548 540 2602 586 et
2624 528 2932 597 Sadducrei,
2959 528 3049 599 qui
3079 530 3224 585 solos
3246 527 3449 602 Moysis

170 632 336 681 καῖοι
363 629 641 697 φάσκωσιν
672 627 730 681 ὲν
753 627 979 690 ἐκείνοις
1004 626 1486 698 πεπροφητεῦσθαι
1524 628 1616 681 τὸν
1637 630 1771 699 Χρι-

171 718 350 772 στόν*
393 717 505 772 ἀλλ’
539 716 657 771 οὔτι
702 734 767 787 γε
823 719 880 773 ὲν
923 718 1337 790 Ἰεροσολύμοις,
1385 723 1500 784 τοῖς
1546 719 1769 791 μηδέπω

169 808 536 879 ὀνομασθεῖσι
583 809 726 863 κατά
761 809 855 864 τὸν
905 810 1185 875 Μωῦσέως
1228 810 1443 883 χρόνον,
1489 812 1523 882 ἡ
1560 829 1772 883 προφη-

172 902 307 955 τεία.
326 900 567 955 λέλεκτο.
588 903 689 973 Εἴη
709 904 913 969 τοίνυν,
939 904 1147 968 πάντας
1175 905 1302 967 τοὺς
1321 903 1415 956 τοῦ
1449 904 1608 972 λόγου
1643 906 1773 957 κατ-

174 993 424 1065 ηγόρους
452 995 509 1047 ἐν
532 994 770 1066 τοσαύτῃ
804 990 941 1048 εἶναι
982 994 1173 1065 ἀγνοίᾳ
1209 994 1270 1047 οὐ
1305 993 1462 1065 μόνον
1486 993 1595 1047 τῶν
1628 1011 1771 1065 πρα-

175 1086 437 1156 γμάτων,
462 1086 598 1140 ἀλλά
612 1089 704 1141 καὶ
730 1087 900 1157 ψιλῶν
917 1088 1025 1141 τῶν
1042 1086 1384 1158 γραμμάτων
1410 1087 1506 1158 τῆς
1529 1088 1773 1159 Γραφῆς,

176 1181 281 1233 καὶ
312 1183 643 1254 κατηγορεῖν
677 1182 1126 1253 Χριστιανισμοῦ,
1156 1184 1241 1235 ἵνα
1272 1182 1407 1253 μηδὲ
1445 1186 1544 1254 τὴν
1584 1182 1778 1253 τυχοῦ-

179 1289 290 1326 σαν
322 1272 662 1343 πιθανότητα
706 1275 735 1326 6
787 1273 943 1343 λόγος
976 1273 1156 1327 αὐτῶν
1189 1274 1288 1348 ἔχῃ
1319 1274 1622 1345 δυναμένην
1653 1276 1778 1339 τοὺς

179 1366 626 1436 ἀνερματίστους
658 1366 753 1419 καὶ
782 1366 918 1438 πρὸς
948 1366 1137 1439 καιρὸν
1170 1366 1523 1431 πιστεύοντας
1547 1368 1768 1437 άφιστά·

179 1474 303 1508 νειν
324 1458 388 1509 ού
410 1457 509 1527 τῆς
541 1456 793 1523 πίστεως,
824 1457 960 1511 ἀλλά
991 1459 1090 1529 τῆς
1116 1458 1779 1528 ὀλιγοπιστίαςῑἸουδαῖος

181 1545 247 1599 δὲ
278 1545 385 1598 οὐκ
414 1547 480 1599 ἂν
510 1546 841 1619 ὁμολογήσαι
874 1548 955 1601 ὅτι
996 1549 1283 1619 προφήτης
1321 1566 1405 1612 τις
1447 1545 1600 1603 εἶπεν
1632 1548 1780 1620 ἥξειν

180 1636 328 1691 Θεοῦ
354 1637 517 1691 Υίόν·
547 1638 575 1691 δ
604 1638 713 1710 γὰρ
740 1639 1011 1708 λέγουσιν,
1044 1642 1211 1706 ἐστὶν,
1241 1642 1321 1694 ὅτι
1355 1642 1473 1712 ἥξει
1494 1643 1521 1694 6
1550 1642 1783 1713 Χριστὸς

181 1726 284 1781 τοῦ
322 1726 483 1781 Θεοῦ.
530 1731 641 1783 Kal
684 1731 940 1795 πολλάκις
980 1750 1044 1801 γε
1099 1732 1320 1804 ζητοῦσι
1356 1734 1492 1804 πρὸς
1519 1735 1666 1804 ἡμᾶς
1699 1735 1787 1787 εύ-

184 1820 333 1884 θέως
395 1822 527 1894 περὶ
556 1823 685 1876 Υίοῦ
734 1822 893 1888 Θεοῦ,
928 1824 1002 1888 ῶς
1046 1826 1259 1890 οὐδενὸς
1306 1827 1457 1890 όντος
1514 1826 1779 1893 τοιούτου,

1876 627 2048 682 libros
2088 627 2381 696 recipiunt,
2418 626 2667 681 dicerent.
2716 624 2999 681 Christum
3049 624 3104 679 in
3166 623 3272 678 illis
3327 639 3449 679 esse

1876 718 2294 789 przenuntiatum
2327 736 2342 785 ;
2380 728 2537 774 certe
2573 734 2681 774 non
2723 718 2930 774 editum
2982 727 3064 773 est
3110 717 3212 772 hoc
3249 717 3448 772 vatici-

1877 813 2027 867 nium
2091 810 2451 882 Jerosolymis
2502 812 2657 880 cujus
2704 811 2856 865 urbis
2903 823 3097 867 nomen
3132 824 3197 864 ne
3251 808 3453 882 Moysis

1876 904 2093 974 quidem
2136 914 2295 961 aetate
2332 905 2516 958 fuerit.
2543 903 2709 974 366
2752 901 2968 958 Utinam
3016 916 3205 957 omnes
3253 908 3451 956 nostra:

1878 993 2141 1050 doctrinae
2165 994 2589 1050 calumniatores
2623 996 2676 1047 in
2710 994 2901 1049 eadem
2920 1007 3028 1047 non
3058 992 3219 1048 modo
3243 1006 3449 1056 rerum,

1879 1089 1978 1145 sed
2012 1090 2178 1145 etiam
2205 1089 2509 1145 litterarum
2556 1087 2855 1156 Scriptura:
2892 1086 3200 1157 ignorantia
3234 1098 3456 1141 versen-

1883 1194 1991 1248 tur,
2025 1192 2087 1237 ut
2124 1183 2337 1239 illorum
2370 1185 2550 1237 oratio
2585 1196 2652 1236 ne
2697 1180 2981 1235 minimam
3017 1180 3237 1249 quidem
3264 1176 3459 1248 proba~

1881 1273 2151 1329 bilitatem
2198 1274 2416 1337 habeat,
2456 1286 2576 1342 quae
2614 1278 2930 1341 pervertere
2976 1270 3149 1339 possit
3192 1283 3297 1323 non
3335 1267 3459 1321 dico

1885 1366 2072 1430 ﬁdem,
2099 1366 2193 1419 sed
2221 1364 2574 1433 exiguitatem
2605 1362 2730 1419 ﬁdei
2760 1376 2947 1419 eorum
2969 1363 3061 1430 qui
3084 1375 3277 1431 parum
3314 1358 3458 1413 ﬁrmi

1883 1460 1949 1513 ad
1981 1469 2197 1527 tempus
2238 1458 2469 1512 credunt
2496 1458 2507 1509 Ξ
2535 1455 2723 1525 Neque
2769 1468 2903 1509 vero
2950 1452 3170 1508 Judazus
3198 1450 3462 1505 fatebitur

1886 1550 2199 1619 prazdictum
2236 1564 2263 1601 a
2293 1548 2546 1618 quopiam
2574 1546 2863 1617 prOpheta,
2911 1545 3029 1599 fore
3059 1553 3115 1597 ut
3153 1542 3327 1596 Filius
3364 1540 3460 1596 Dei

1886 1641 2091 1695 veniat.
2119 1640 2277 1708 Quod
2318 1640 2460 1695 enim
2494 1640 2703 1705 dicunt,
2727 1638 2858 1693 illud
2890 1646 2995 1703 est,
3024 1644 3307 1691 venturum
3339 1648 3465 1689 esse

1886 1732 2167 1787 Christum
2198 1733 2315 1789 Dei.
2346 1731 2497 1788 Unde
2521 1731 2601 1799 tit,
2630 1741 2693 1787 ut
2722 1747 2864 1801 saepe
2893 1745 2994 1787 nos
3033 1729 3367 1797 interrogent
3394 1727 3460 1780 de

1894 1825 2031 1881 Filio
2063 1824 2183 1891 Dei,
2209 1826 2362 1894 quasi
2401 1825 2583 1879 nullus
2604 1826 2695 1888 sit,
2726 1834 2820 1879 aut
2850 1823 2995 1879 illius
3033 1837 3307 1891 nunquam
3338 1836 3467 1890 pro-

184 1913 315 1965 οὖδὲ
358 1915 854 1986 προφητευθὼτος.
891 1917 1001 1970 Καὶ
1052 1919 1111 1970 οὐ
1166 1917 1323 1970 τοῦτό
1364 1935 1568 1988 φαμεν,
1603 1920 1688 1972 ὅτι
1724 1921 1784 1973 ού

1899 1918 2067 1990 pheta:
2123 1919 2352 1974 fecerint
2395 1919 2741 1973 mentionem.
2797 1918 2975 1987 Atque
3030 1915 3147 1971 haec
3186 1913 3456 1979 dicimus,

187 2009 606 2079 προφητεύεται
648 2010 757 2079 (59)
794 2009 921 2073 Υἱὸς
958 2009 1128 2063 Θεοῦ·
1181 2009 1295 2063 ἀλλ’
1330 2010 1413 2063 ὅτι
1462 2011 1561 2081 οὐχ
1613 2012 1785 2084 ἁρμο-

187 2099 401 2164 ζόντως
438 2101 518 2172 τῷ
559 2101 837 2172 Ἰουδαῖκῷ
886 2101 1183 2175 προσώπῳ,
1214 2102 1288 2173 μὴ
1344 2102 1693 2173 ὁμολογοῦντι
1726 2104 1787 2156 τὸ

188 2192 431 2255 τοιοῦτο,
487 2192 781 2264 περιέθηκε
834 2193 915 2246 τό*
955 2189 1162 2246 «Εἶπεν
1213 2194 1344 2264 ἐμὸς
1401 2196 1687 2267 προφήτης
1732 2197 1787 2247 ὲν

200 2286 604 2361 Ἰερρσολύμοις
636 2286 785 2351 ποτὲ,
820 2288 901 2339 ὅτι
925 2284 1041 2355 ἥξει
1076 2285 1209 2351 Θεοῦ
1245 2285 1387 2350 Υἱός.
1413 2306 1431 2338 ι

264 2374 430 2440 Εἶτα,
453 2378 529 2439 ὼς
559 2376 717 2447 μόνου
752 2376 863 2446 (40)
890 2376 1358 2447 προφητευθέντος
1391 2376 1607 2441 τούτου,
1626 2377 1789 2430 ὁσίων

190 2470 362 2522 αὺτὸν
400 2466 540 2523 εἶναι
585 2469 800 2541 κριτὴν,
845 2470 937 2523 καὶ
971 2469 1079 2521 τῶν
1110 2469 1311 2523 ἀδίκων
1347 2469 1618 2541 κολαστὴν
1645 2510 1659 2533 ,
1697 2471 1789 2524 xal

195 2566 337 2634 μήτε
372 2564 543 2616 τόπου
570 2565 835 2633 γενέσεως
884 2563 1070 2628 αὐτοῦ,
1111 2565 1246 2635 μήτε
1278 2563 1484 2627 πάθους
1507 2561 1697 2628 αὑτοῦ,
1730 2556 1789 2616 οὗ

194 2655 305 2707 ὑπὸ
379 2656 652 2709 Ἰουδαίων
699 2657 970 2720 πείσεται,
1018 2657 1142 2727 μήτ’
1197 2656 1546 2719 ἀναστάσεως
1602 2654 1788 2719 αὑτοῦ,

195 2748 340 2817 μήτε
392 2748 695 2818 τεραστίων
753 2740 827 2800 ὧν
866 2749 1082 2819 ποιήσει
1126 2748 1409 2818 δυνάμεων
1461 2746 1793 2819 προειρημέ-

194 2856 327 2900 νων,
363 2839 529 2909 φησί·
565 2859 582 2888 ι
606 2837 669 2891 Τί
708 2837 906 2908 μᾶλλον
938 2840 1023 2902 σὺ,
1062 2838 1095 2907 ἢ
1144 2837 1293 2891 ἄλλοι
1346 2837 1618 2910 μυρίοι,οἳ
1655 2836 1792 2907 μετά

192 2930 297 3001 τὴν
359 2931 701 3001 προφητείαν
756 2931 1059 3001 γενόμενοι,
1116 2932 1243 2995 εἰσὶ,
1292 2932 1420 3001 περὶ
1478 2923 1552 2983 ὧν
1620 2929 1792 2983 ταῦτα

196 3020 614 3090 προεφητεύετο
648 3020 759 3091 (41)
785 3038 798 3083 ;
826 3041 843 3072 ι
879 3023 989 3076 Kal
1012 3022 1112 3075 οὐκ
1150 3017 1247 3074 οἷδ’
1279 3023 1427 3086 ὅπως
1474 3020 1792 3094 βουλόμενος

196 3109 295 3162 ul
350 3108 567 3177 ἑτέροις
623 3110 925 3176 περιθεῖναι
983 3110 1046 3163 τὸ
1096 3110 1355 3165 δύνασθαι
1419 3113 1791 3178 ὑπονοεῖσθαι,

196 3201 284 3252 ὅτι
354 3202 515 3253 αὐτοὶ
584 3196 723 3272 ἦσαν
792 3204 841 3254 oi
922 3204 1433 3274 apopqrsoOéva-eg,
1491 3208 1654 3276 φησὶν
1713 3208 1794 3261 ὅτι

204 3312 223 3343 ι
248 3294 297 3346 οἱ
348 3292 453 3361 μὲν
488 3262 891 3359 ἐνθοῦσιῶντες,
928 3262 979 3347 oi
1023 3262 1437 3368 dé'ayeipov'csc
1466 3262 1601 3367 (62'),
1633 3300 1793 3368 φασὶν
1823 3262 1862 3317 C

198 3385 361 3449 ἥκειν
398 3384 603 3437 ἄνωθεν
628 3385 758 3438 Υίὺν
789 3384 978 3438 Θεοῦ.»
1005 3387 1079 3439 Οὐ
1098 3386 1206 3459 γὰρ
1244 3389 1607 3460 ἱστορήσαμεν
1639 3389 1792 3443 ταῦθ’

199 3474 591 3545 ὁμολογεῖσθαι
652 3474 803 3548 παρά
862 3478 979 3539 τοῖς
1021 3476 1294 3539 Ἰουδαίοις
1339 3479 1640 3546 γεγονέναι.
1691 3482 1793 3533 Λε-

201 3568 365 3621 κτέον
399 3565 493 3621 οὖν
522 3567 759 3639 πρῶτον,
794 3569 876 3621 ὅτι
911 3568 1098 3622 πολλοὶ
1135 3570 1409 3640 προφῆται
1443 3571 1795 3633 παντοδαπῶς

202 3662 474 3729 προεῖπον
503 3659 572 3712 τὰ
614 3660 741 3733 περὶ
762 3658 1021 3732 Χριστοῦ,
1052 3663 1101 3713 oi
1139 3661 1238 3732 μὲν
1266 3662 1333 3716 δι’
1366 3663 1722 3734 αἰνιγμάτων,
1749 3665 1796 3716 οἱ

202 3751 258 3803 δὲ
288 3752 360 3804 δι’
394 3751 743 3823 ἀλληγορίας,
771 3753 802 3823 ἢ
833 3752 977 3823 ἄλλῳ
1008 3753 1213 3825 τρόπῳ,
1248 3754 1391 3817 τινὲς
1416 3755 1472 3808 δὲ
1505 3757 1598 3809 καὶ
1636 3757 1795 3811 αύτο-

204 3842 379 3907 ὴξεί.
402 3844 513 3896 Kal
567 3844 691 3898 ἐπεὶ
715 3846 772 3897 ὲν
803 3848 916 3909 τοῖς
948 3844 1075 3916 ἑξῆς
1114 3862 1276 3917 φησιν
1311 3847 1369 3899 ὲν
1414 3851 1479 3919 τῇ
1524 3847 1619 3902 τοῦ
1666 3849 1795 3903 ἰου-

204 3936 362 3989 δαίου
400 3936 537 4007 πρὸς
582 3938 710 4001 τοὺς
760 3938 867 3990 ἀπὸ
913 3939 1008 3992 τοῦ
1044 3939 1173 3992 λαοῦ
1205 3940 1558 4005 πιστεύοντας
1588 3958 1799 4014 προσω-

209 4028 463 4098 ποποιὶα,
495 4028 594 4091 τάς
631 4031 711 4093 εἰς
741 4029 810 4083 τὰ
843 4032 970 4103 περὶ
1002 4031 1190 4085 τούτου
1234 4034 1645 4105 ἀναφερομένας
1676 4052 1801 4105 προ-

209 4120 445 4189 φητείας
486 4120 746 4175 δύνασθαι
781 4123 876 4176 καὶ
904 4122 1084 4187 ἄλλοις
1115 4125 1447 4197 ἐφαρμόζειν
1487 4125 1797 4197 πράγμασι,

207 4209 405 4274 δεινῶς
458 4213 553 4265 καὶ
606 4212 928 4285 κακούργως
985 4213 1143 4268 τοῦτο
1204 4214 1377 4285 λέγων
1397 4234 1410 4248 ·
1455 4216 1643 4286 ὀλίγας
1691 4218 1800 4270 ἀπὸ

212 4303 479 4358 πλειόνων
503 4304 869 4376 ἐκθησόμεθα,
890 4307 1021 4378 περ)⁸
1059 4300 1134 4361 ὧν
1157 4310 1185 4361 6
1210 4308 1530 4380 βουλόμενος
1562 4311 1802 4379 ἀναγκα-

212 4395 404 4448 στικόν
422 4412 475 4448 τι
491 4396 572 4460 είς
589 4397 902 4468 ἀνατροπὴν
932 4396 1114 4450 αὐτῶν
1144 4399 1370 4463 εἰπάτω,
1398 4399 1493 4453 καὶ
1508 4398 1801 4470 δυνάμενον

211 4488 488 4561 ἐντρεχῶς
538 4488 888 4553 πιστεύοντας
912 4489 1248 4561 μεταστῆσαι
1277 4490 1385 4545 ἀπὸ
1411 4491 1512 4563 τῆς
1547 4492 1797 4556 πίστεως.

1889 2027 1997 2067 non
2037 2026 2146 2081 quo
2176 2026 2435 2083 negemus
2456 2011 2653 2066 Filium
2681 2009 2773 2064 Dei
2803 2009 3226 2079 praenuntiatum
3254 2006 3461 2071 fuisse;

1890 2107 1981 2163 sed
2008 2112 2067 2160 ut
2098 2106 2453 2160 ostendamus
2481 2102 2671 2158 Judaao
2720 2103 2847 2158 huic
2879 2102 2954 2157 rei
3002 2102 3224 2156 minime
3273 2114 3464 2156 assen-

1892 2200 2047 2256 tieuti
2078 2198 2220 2255 male
2259 2196 2456 2253 ascribi
2490 2197 2605 2253 lucc
2640 2209 2656 2251 :
2692 2214 2709 2247 ι
2741 2196 2889 2253 Meus
2930 2196 3192 2267 pr0pheta
3222 2194 3279 2249 in
3308 2190 3467 2248 Jero-

1891 2292 2119 2364 solymis
2147 2290 2277 2345 olim
2311 2290 2468 2352 dixit,
2497 2298 2785 2345 venturum
2816 2303 2939 2345 esse
2970 2287 3064 2343 Dei
3101 2287 3320 2341 Filium.
3347 2303 3367 2339 ι

1962 2386 2054 2440 50.
2090 2384 2294 2440 Deinde
2320 2382 2475 2452 quasi
2520 2383 2621 2438 hoc
2657 2383 2830 2438 solum
2895 2382 2963 2436 de
2999 2380 3217 2436 Christo
3272 2375 3470 2447 praedi-

1894 2486 2042 2533 ctum
2076 2476 2293 2541 fuisset,
2322 2474 2469 2530 illum
2496 2474 2612 2530 fore
2640 2484 2696 2531 et
2726 2475 2933 2546 piorum
2960 2473 3197 2542 judicent
3225 2480 3280 2526 et
3306 2469 3471 2540 puni-

1900 2580 2076 2625 torem
2110 2568 2501 2638 improborum,
2537 2577 2593 2622 et
2619 2567 2898 2636 propheta:
2924 2566 2990 2619 de
3029 2563 3175 2618 illius
3213 2572 3361 2627 ortu,
3394 2563 3463 2618 de

1895 2660 2161 2730 supplicio
2187 2673 2293 2728 quo
2321 2658 2472 2712 illum
2506 2658 2748 2711 necaturi
2782 2665 2940 2711 erant
2965 2654 3160 2720 Judaei,
3188 2655 3254 2709 de
3278 2668 3469 2709 resur-

1897 2752 2141 2807 rectione
2190 2750 2584 2818 miraculisque
2637 2747 2705 2802 ab
2762 2748 2853 2801 illo
2914 2748 3197 2816 patrandis
3245 2746 3471 2801 omnino

1896 2844 2193 2909 siluissent,
2228 2844 2301 2896 ait
2334 2858 2393 2897 ιι
2417 2840 2520 2908 Qui
2565 2840 2737 2908 magis
2783 2840 2837 2893 in
2875 2848 2928 2894 te
2968 2838 3287 2895 vaticinium
3322 2837 3469 2893 istud

1896 2938 2169 3001 convenit,
2202 2951 2365 3005 quam
2408 2936 2460 2989 in
2509 2942 2802 2990 sexcentos
2838 2932 2994 2999 alios,
3038 2932 3128 3002 qui
3167 2940 3292 2999 post
3337 2929 3471 2985 illud

1898 3032 2009 3084 nati
2063 3030 2276 3085 sunt?»
2317 3027 2453 3083 Tum
2508 3029 2663 3096 quasi
2724 3025 3052 3093 persuadere
3112 3023 3272 3078 vellet
3332 3021 3472 3077 alios

1900 3121 2095 3184 fuisse,
2126 3121 2324 3188 quibus
2356 3122 2461 3174 hoc
2481 3116 2796 3172 vaticinium
2830 3114 3233 3170 accommodari
3261 3113 3475 3183 potuis-

1898 3224 2001 3281 set,
2031 3213 2225 3268 asserit
2251 3212 2435 3267 nescio
2469 3224 2575 3279 quo
2626 3217 2950 3278 argumento
2987 3206 3185 3270 fretus,
3226 3226 3244 3258 ι
3269 3206 3477 3261 fanati-

1899 3323 1992 3362 eos
2027 3317 2086 3361 et
2132 3306 2459 3375 impostores
2499 3318 2642 3365 esse,
2675 3303 2765 3372 qui
2818 3317 2880 3357 se
2919 3302 3101 3357 dicant
3148 3300 3343 3355 Filium
3377 3300 3473 3357 Dei

1896 3411 2019 3451 esse
2052 3395 2228 3461 illum,
2264 3394 2352 3462 qui
2392 3393 2610 3447 cmlitus
2660 3391 2888 3446 venerit.
2919 3409 2936 3441 ι
2975 3389 3163 3460 Neque
3193 3390 3339 3445 enim
3375 3404 3476 3443 au-

1899 3485 2133 3538 divimus
2192 3484 2244 3536 in
2294 3481 2548 3538 confesso
2580 3496 2701 3537 esse
2748 3481 2853 3535 tale
2893 3480 3171 3550 quippiam
3207 3480 3351 3550 apud
3384 3477 3481 3535 lu-

1899 3576 2043 3631 dazos
2074 3574 2362 3630 accidisse.
2416 3574 2657 3629 Primum
2712 3572 2873 3642 igitur
2912 3572 3350 3641 respondendum
3390 3581 3475 3626 est

1901 3666 2091 3720 multis
2119 3680 2148 3718 a
2186 3664 2467 3735 prophetis
2502 3663 2650 3717 varia
2682 3664 2751 3718 de
2777 3662 2998 3718 Christo
3041 3662 3187 3716 edita
3221 3675 3344 3717 esse
3378 3675 3475 3715 va-

1903 3760 2110 3823 ticinia,
2144 3773 2264 3828 qua:
2301 3757 2391 3811 alii
2445 3757 2758 3827 aeuigmatis
2810 3755 3229 3822 occultaverint,
3264 3754 3354 3812 alii
3394 3756 3478 3809 in-

1900 3850 2167 3906 volverint
2201 3848 2474 3917 allegoriis
2497 3858 2588 3901 aut
2615 3847 2722 3901 alio
2749 3847 2931 3911 modo,
2964 3846 3055 3901 alii
3105 3845 3324 3903 disertis
3355 3859 3481 3900 ver-

1904 3943 1984 3997 bis
2012 3942 2386 4011 conceperint.
2420 3940 2485 3994 Et
2505 3939 2629 4009 quia
2659 3939 3070 3995 commentitius
3094 3936 3236 3994 Celsi
3258 3936 3489 3993 Iudaeus-

1903 4039 1955 4090 in
1982 4036 2339 4105 sequentibus
2370 4032 2612 4099 improbe
2639 4042 2694 4087 et
2725 4032 2869 4087 malo
2906 4031 3092 4086 animo
3122 4030 3255 4085 dicit
3289 4030 3357 4085 iis
3384 4030 3477 4098 qui

1902 4147 1931 4185 e
1960 4144 2059 4184 suo
2093 4129 2292 4199 populo
2321 4128 2576 4191 credunt,
2620 4124 2835 4196 vulgata
2872 4124 2940 4179 de
2966 4124 3186 4181 Christo
3219 4124 3489 4179 vaticinia

1905 4235 2065 4289 posse
2106 4231 2161 4275 et
2195 4219 2261 4274 ad
2296 4218 2401 4272 alia
2444 4217 2658 4288 negotia
2692 4217 2996 4285 pertinere;
3031 4230 3199 4284 pauca
3233 4231 3264 4271 e
3296 4215 3482 4270 multis

1904 4325 2266 4380 exponemus,
2295 4324 2414 4377 quae
2450 4308 2493 4362 si
2550 4307 2675 4375 quis
2706 4315 3027 4374 pervertere
3060 4306 3315 4369 voluerit,
3346 4319 3479 4372 pro-

1906 4402 2045 4455 ferat
2079 4401 2344 4470 quidquid
2377 4400 2539 4453 habet
2574 4398 2807 4452 validius
2836 4399 3088 4466 quodque
3117 4407 3267 4466 putat
3308 4396 3483 4466 magis

1905 4502 2062 4557 posse
2092 4504 2120 4539 a
2147 4486 2251 4539 [ide
2281 4487 2561 4540 deterrere
2601 4500 2695 4540 eos
2738 4486 2832 4555 qui
2864 4486 3161 4554 prudenter
3190 4485 3440 4540 credunt.

285 4577 520 4647 Ετρηται
544 4578 606 4649 δὴ
652 4578 780 4649 περ).
822 4579 920 4648 μὲν
956 4578 1050 4631 τοῦ
1084 4580 1250 4633 τόπου
1271 4582 1370 4652 τῆς
1401 4584 1671 4651 γενέσεως
1702 4582 1790 4635 αὑ-

1976 4579 2065 4633 51.
2099 4579 2177 4631 Ac
2213 4580 2279 4631 de
2316 4578 2435 4632 loco
2465 4578 2686 4646 quidem
2721 4578 2809 4631 ubi
2837 4576 3144 4631 nasciturus
3176 4587 3314 4640 erat,
3342 4590 3483 4647 pra:-

211 4667 334 4735 τοῦ,
363 4669 447 4721 ὅτι
478 4670 585 4723 ἀπὸ
614 4670 861 4742 Βηθλεὲμ
894 4672 1233 4739 ἐξελεύσεται
1265 4674 1294 4726 ὁ
1322 4674 1643 4746 ἡγούμενος,
1673 4674 1798 4727 τοῦ-

212 4778 309 4815 τον
333 4761 424 4813 τὸν
448 4762 646 4833 τρόπον
663 4779 677 4793 ·
720 4782 739 4813 r
759 4763 868 4817 Kal
894 4764 957 4816 σὺ
991 4764 1262 4836 Βηθλεὲμ,
1295 4762 1447 4831 οἶκος
1466 4767 1561 4821 τοῦ
1596 4768 1799 4837 Ἐφρα-

215 4850 307 4915 θά,
336 4852 439 4906 ούκ
464 4852 738 4922 ὀλιγοστὸς
768 4851 820 4908 εἴ
853 4855 961 4929 (45)
989 4858 1085 4911 τοῦ
1129 4855 1269 4915 εἶναι
1303 4861 1359 4913 ἐν
1394 4861 1631 4931 χιλιάσιν
1671 4861 1801 4915 Ἰού-

212 4948 314 5004 δα’
352 4950 418 5002 ὲκ
451 4948 545 5002 σοῦ
574 4948 681 5020 γάρ
716 4967 806 5021 μοι
838 4950 1175 5015 ἐξελεύσεται
1201 4953 1294 5007 τοῦ
1328 4951 1465 5008 εἶναι
1494 4956 1573 5019 είς
1608 4954 1802 5026 ἄρχον-

212 5061 285 5098 τα
313 5044 373 5096 ἐν
402 5042 483 5113 τῷ
515 5043 759 5116 Ἰσραήλ·
795 5045 889 5098 καὶ
928 5047 983 5099 αἱ
1018 5045 1185 5110 ἔξοδοι
1210 5047 1372 5099 αὐτοῦ
1400 5046 1494 5101 ἀπ’
1528 5046 1702 5117 ἀρχῆς
1744 5047 1803 5110 ἐξ

213 5135 448 5210 ἡμερῶν
478 5136 703 5201 αἰῶνος·
726 5156 747 5191 ι
780 5138 918 5211 αὕτη
946 5139 989 5192 δ’
1024 5142 1056 5209 ἡ
1091 5139 1396 5211 προφητεία
1433 5138 1609 5192 οὐδενὶ
1635 5139 1804 5211 ἁρμό-

292 5253 341 5287 ⁸⁸
371 5253 536 5307 Mieh.
576 5268 628 5319 ν,
660 5252 717 5306 2.

290 5349 405 5419 (39)
452 5350 910 5417 Προφητεύεται.
976 5348 1231 5404 Gelenius
1279 5348 1550 5417 interpres
1595 5348 1807 5402 videtur

219 5420 423 5489 legisse
451 5421 919 5543 πεπροῗλτευται.

297 5490 413 5543 ΗΟ)
449 5490 625 5543 Codd.
699 5506 781 5543 ea.
810 5500 865 5543 et
892 5488 1241 5543 Basileensis.
1269 5487 1343 5543 ὡς
1366 5488 1416 5539 οξ

297 5490 413 5558 (40)
449 5486 625 5545 Codd.
648 5486 781 5558 Reg.
810 5500 865 5543 et
892 5488 1241 5550 Basileensis,
1269 5487 1343 5550 ὡς
1366 5488 1426 5539 ού
1462 5486 1650 5557 μόνου.

298 5562 416 5645 (Η)
447 5560 584 5615 Tres
604 5560 907 5632 Anglicani,
933 5558 1069 5630 Reg.
1101 5570 1155 5615 et
1185 5559 1539 5623 Basilceusis,
1567 5559 1807 5629 ἐπροφη-

217 5649 599 5776 “minus.
635 5702 766 5776 editi
807 5700 877 5776 ad
909 5701 1234 5771 marginem,
1269 5698 1593 5770 ἐγείροντες,
1619 5699 1804 5768 sicque

223 5773 340 5831 tres
380 5773 516 5830 mss.
552 5773 857 5840 Anglicani.

301 5846 414 5915 (45)
460 5847 583 5898 Οὐκ
618 5838 935 5913 ὀλιγοστὸς
966 5838 1035 5896 εἶ.
1072 5842 1111 5894 Α
1163 5842 1370 5895 duobus
1408 5838 1721 5915 Anglicauis
1749 5847 1803 5915 et

226 5910 455 5990 utroque
489 5910 751 5971 Vaticano
796 5918 951 5972 abest
980 5914 1099 5975 οὐκ,
1138 5913 1593 5981 quemadmodum
1622 5928 1651 5965 ιι
1685 5910 1800 5964 vul-

1904 4671 2107 4725 dicitur
2128 4670 2242 4725 fore
2276 4681 2334 4723 ιιι
2383 4687 2448 4724 ex
2502 4670 2785 4724 Bethleem
2825 4670 3076 4741 prodeat,
3110 4669 3198 4737 qui
3227 4667 3481 4738 princeps

1907 4762 2121 4817 iuturus
2150 4772 2289 4816 erat.
2340 4762 2627 4831 Prophctte
2665 4764 2829 4816 verba
2872 4768 3002 4817 sunt
3038 4779 3051 4815 :
3088 4778 3105 4812 ι
3131 4760 3195 4815 Ει
3230 4768 3283 4814 ιιι
3318 4758 3485 4814 Beth—

1905 4856 2069 4921 leem,
2110 4856 2308 4910 domus
2356 4855 2659 4924 Ephratha,
2695 4871 2803 4909 non
2852 4853 3078 4909 minima
3128 4868 3186 4909 es
3229 4860 3289 4907 ut
3320 4852 3396 4907 sis
3427 4852 3481 4906 in

1907 4948 2149 5002 millibus
2178 4947 2336 5003 Juda.
2379 4950 2455 5001 lix
2494 4959 2545 5003 te
2574 4950 2716 5002 enim
2752 4947 2885 5002 mihi
2924 4947 3236 5019 egredietur
3284 4946 3375 5015 qui
3410 4944 3482 5001 sit

1910 5040 2219 5096 dominator
2272 5042 2326 5095 in
2378 5040 2566 5105 Israel,
2602 5050 2655 5095 et
2702 5054 2966 5111 egressus,
2988 5037 3104 5107 ejus
3144 5038 3213 5092 ab
3243 5037 3420 5101 initio,
3447 5051 3480 5090 a

1914 5134 2107 5189 diebus
2154 5134 2564 5189 mternitatis‘s.
2589 5153 2607 5185 ι
2659 5132 2768 5188 lloc
2796 5132 2958 5205 367
2993 5131 3307 5186 vaticinium
3348 5121 3481 5182 nulli

1920 5354 2046 5413 gnto
2082 5352 2226 5396 textu
2277 5341 2385 5393 τῶν
2437 5343 2511 5393 0'.
2544 5339 2730 5413 Neque
2780 5340 2964 5413 ιξιίιιιιιΔ
3000 5337 3140 5390 hanc
3192 5343 3479 5413 negantem

1918 5404 2238 5483 particulam
2288 5413 2537 5480 agnoscit
2597 5404 2860 5464 Eusebius
2912 5408 3003 5461 lib.
3040 5424 3077 5459 ιι
3109 5414 3163 5483 et
3194 5404 3482 5483 “tuleran-

1916 5476 2096 5552 iudica:
2127 5476 2623 5552 dernonsflrationls,
2649 5491 2705 5534 at
2732 5487 3067 5552 agnoverunt
3110 5476 3482 5552 'l'ertullimtus

1915 5544 1970 5609 et
2017 5552 2321 5622 Cyprianus
2364 5551 2461 5605 lib.
2511 5568 2549 5605 ιι
2585 5544 2900 5614 Τεδιὲηἷοη..
2954 5548 3113 5622 cujus
3146 5546 3311 5622 verba
3348 5544 3481 5598 libet

1914 5618 2227 5679 ascribere:
2262 5640 2279 5673 ι
2310 5622 2369 5676 ΕΙ
2411 5633 2490 5688 tu,
2524 5622 2821 5685 Bethleem,
2854 5624 3045 5672 domus
3078 5618 3479 5688 Ephrata,lton

1912 5696 2102 5764 exigua
2139 5698 2218 5759 es,
2259 5704 2316 5747 ut
2350 5686 2702 5764 constituaris
2749 5692 2801 5745 iu
2856 5690 3095 5764 millibus
3135 5686 3393 5764 lii-lar.be
3426 5695 3478 5737 te

1914 5756 2045 5820 milii
2071 5756 2349 5835 procedet,
2381 5772 2442 5816 ut
2470 5762 2541 5835 sit
2578 5758 3013 5835 pt'ittcepsdapml
3045 5756 3241 5835 Israel_;
3275 5766 3477 5835 et‘pro-

1913 5828 2189 5892 cessiones
2227 5828 2345 5904 ejus
2387 5848 2416 5887 a
2462 5828 2731 5905 principio
2764 5828 2790 5884 ιι
2825 5832 3013 5905 diebus
3047 5828 3253 5905 διεριιιὶ.
3280 5846 3297 5876 ι
3335 5828 3481 5905 Mat-

1916 5909 2085 5964 tlweus
2136 5899 2472 5976 evangelista
2511 5919 2567 5969 ιι,
2600 5899 2655 5972 ti,
2696 5906 2837 5959 hunc
2896 5899 3128 5955 Mle-baca:
3181 5899 3360 5952 locum
3395 5899 3478 5950 sic
