3962 6414
108 394 261 450 ’757

1382 375 1664 433 CONTRA
1695 371 1970 431 CELSUM
2003 370 2129 427 LIB.
2158 369 2200 425 1.

3283 357 3397 412 758⁴

178 512 352 577 αὐτοῦ,
376 508 543 581 ἡμῶν
573 508 948 578 κοιμωμένων
961 504 1198 571 νυκτὸς,
1234 502 1506 570 ἔκλεψαν
1530 497 1736 562 αὑτὸν,
1753 496 1847 549 καὶ
1866 494 1960 549 ἐὰν
1986 493 2223 564 ἀκουσθῇ
2247 489 2403 545 τοῦτο
2427 487 2519 542 ἐπὶ
2543 484 2653 559 (50)
2670 482 2763 539 τοῦ
2785 483 2883 555 ὴγε
2892 480 3068 554 μόνος,
3085 479 3244 550 ἡμεῖς
3267 477 3388 530 πεί‹

178 626 330 679 σομεν,
358 606 446 659 καὶ
473 605 619 676 ὑμᾶς
654 602 985 674 ἀμερίμνους
1013 601 1329 672 ποιήσομεν.
1369 617 1387 649 ι

233 663 454 761 λαλεπδν
659 663 977 770 φυιλόνεικίαή
1008 698 1097 752 καὶ
1129 663 1414 767 ’πρόληψις
1473 694 1610 766 πρὸς
1655 691 1717 745 τὸ

1893 684 1983 740 5ιὶ.
2017 680 2223 749 Quippe
2256 677 2399 731 hanc
2428 674 2538 728 vim
2566 671 2766 727 habent
2821 663 3185 723 contentionis
3237 676 3393 717 amor

178 804 362 873 ποιῆσαι
401 799 490 854 καὶ⁹
528 800 640 861 τοῖς
679 794 957 867 ἐναργέσιν
1005 792 1343 861 ἀντιϐλέψαι,
1394 791 1482 845 ἵνα
1514 792 1586 863 μὴ
1620 807 1718 845 κα-

179 894 427 962 ταλείψωςι
462 890 714 959 δόγματα
740 886 1199 955 δευσοποιήσαντα
1218 877 1298 947 οἷς
1326 883 1575 953 συνήθεις
1597 882 1717 951 ἐγέ-

178 984 298 1042 νοντό
343 1000 472 1046 πως,
525 980 623 1034 καὶ
668 977 977 1033 ποιώσαντα
1014 975 1125 1048 (51)
1171 973 1349 1029 αὐτῶν
1380 974 1477 1045 τὴν
1515 974 1714 1045 ψυχήν.

180 1081 263 1134 Καὶ
287 1074 659 1147 εὐχερέστερόν
685 1090 749 1141 γε
787 1070 1067 1147 ἄνθρωπος
1096 1067 1194 1132 τάς
1222 1068 1351 1140 περὶ
1386 1067 1522 1122 ἄλλα
1556 1086 1718 1141 συνη-

182 1173 315 1236 θείας,
335 1136 428 1224 ᾆξᾰᾷ
442 1136 908 1227 δυσαποσπάστως
934 1136 1111 1215 αὐτῶν
1135 1160 1252 1249 ἔχῃ,
1276 1136 1595 1229 καταλείψαι
1627 1136 1714 1224 ἂν,

181 1267 307 1339 ῆτάς
331 1263 449 1334 περὶ
476 1261 544 1315 τά
578 1258 847 1329 δόγματα.
874 1255 1019 1326 Πλὴν
1054 1254 1161 1307 οὐδ’
1188 1251 1371 1307 ἐκεῖνα
1406 1252 1644 1324 εὐχερῶς
1669 1256 1716 1306 oi

185 1357 387 1428 συνήθεις
410 1350 747 1424 παρορῶσιν·
771 1349 940 1411 οῦτως
962 1345 1068 1399 οὐδ’
1094 1344 1288 1413 οἰκίας,
1312 1346 1430 1400 οὐδὲ
1459 1346 1661 1411 πόλεις,
1682 1346 1715 1417 ἦ

180 1449 352 1518 κώμας,
378 1443 494 1497 οὐδὲ
518 1441 772 1511 συνήθεις
811 1436 1126 1510 ἀνθρώπους
1169 1434 1408 1507 εὐχερῶς
1444 1435 1719 1507 βούλονται

180 1538 449 1593 καταλιπεῖν
468 1536 516 1588 οί
543 1531 945 1606 προληφθέντες
986 1530 1186 1593 αὐτοῖς.
1218 1527 1377 1582 Τοῦτ’
1414 1523 1506 1584 οὖν
1547 1528 1719 1585 αἴτιον

180 1630 422 1700 γεγένηται
446 1626 541 1683 καὶ
588 1622 859 1678 Ἰουδαίων
896 1620 1110 1684 πολλοῖς
1133 1619 1254 1673 τότε
1281 1619 1374 1673 τοῦ
1408 1621 1721 1694 ἀντιϐλέψαι

178 1728 273 1788 ταῖς
312 1722 607 1792 ὲναργείαις
658 1717 768 1771 τῶν
811 1733 870 1769 τε
911 1713 1255 1785 προφητειῶν
1292 1715 1385 1769 καὶ
1429 1714 1535 1769 τῶν
1559 1732 1721 1787 τερα-

181 1820 327 1877 στίων,
351 1810 419 1870 ὧν
444 1814 666 1882 ἐποίησε
688 1853 704 1877 ,
750 1812 845 1865 καὶ
878 1810 1199 1865 πεπονθέναι
1247 1810 1661 1883 ἀναγέγραπται
1694 1814 1723 1866 ὁ

190 1908 374 1980 Ἰησοῦς.
409 1910 527 1961 Ὃτι
564 1906 623 1958 δὲ
660 1904 900 1959 τοιοῦτόν
933 1921 986 1956 τι
1034 1902 1296 1958 πέπονθεν
1328 1906 1362 1975 ἡ
1408 1904 1721 1977 ἀνθρωπίνη

181 2001 308 2071 eum;
326 2001 469 2070 δῆλον
517 1999 672 2052 ἔσται
698 2000 813 2061 τοῖς
840 1996 1212 2062 κατανοοῦσιν,
1229 1999 1307 2051 ὅτι
1333 1999 1382 2052 οί
1408 1998 1554 2064 ἅπαξ
1586 2017 1722 2072 προ-

178 2096 424 2166 ληφθέντες
454 2094 547 2147 καὶ
572 2095 629 2146 ἐν
659 2092 967 2162 αἰσχίσταις
993 2090 1086 2144 καλ⁸
1120 2091 1353 2155 είκαίαις
1391 2093 1502 2164 (52)
1542 2113 1719 2166 παρα-

178 2188 320 2240 δόσεσι
348 2186 589 2257 πατέρων
617 2190 714 2243 καὶ
747 2195 1001 2259 πολιτῶν,
1028 2191 1128 2246 οὐκ
1151 2190 1389 2264 εὐχερῶς
1417 2188 1722 2258 μετατίθεν-

176 2297 265 2333 ται.
287 2282 348 2333 Οὐ
368 2283 568 2352 ταχέως
598 2283 731 2352 γοῦν
779 2283 1074 2352 Αἰγύπτιον
1121 2285 1304 2337 πείσαι
1333 2282 1399 2338 ἀν
1432 2299 1514 2345 τις
1557 2297 1723 2334 κατα-

178 2373 396 2443 φρονῆσαι
418 2368 490 2429 ὧν
518 2378 584 2429 ὲκ
616 2376 874 2447 πατέρων
901 2379 1253 2450 παρείληφεν,
1287 2376 1426 2430 ὥστε
1463 2376 1537 2447 μὴ
1568 2373 1722 2445 νομί-

179 2465 337 2519 σασθαι
363 2468 465 2536 (55)
500 2468 635 2523 Θεὸν
669 2471 791 2524 τόδε
820 2472 882 2524 τὸ
919 2473 1110 2541 ἄλογον
1157 2473 1314 2538 ζῶον,
1352 2472 1386 2543 ἦ
1427 2471 1586 2543 μέχρι
1626 2470 1723 2523 θα·-

177 2558 308 2611 νάτου
334 2562 806 2630 φυλάξασθαι.ἀπὸ
835 2564 988 2619 τοῦδε
1014 2566 1106 2618 τοῦ
1139 2565 1276 2631 ζώου
1317 2565 1493 2637 κρεῶν
1523 2564 1725 2634 γεύσα-

178 2652 295 2705 σθαι.
318 2655 372 2707 El
399 2658 488 2709 καὶ
513 2660 609 2712 ἐπὶ
635 2658 820 2713 πλεῖον
850 2655 942 2713 οὐν
969 2661 1058 2713 τὸν
1082 2661 1319 2715 τοιοῦτον
1347 2662 1502 2731 λόγον
1544 2660 1728 2726 ἐξετά-

176 2741 359 2811 ζοντες,
384 2748 448 2801 τά
470 2752 602 2822 περὶ
632 2751 884 2824 Βηθλεὲμ
906 2755 998 2806 καὶ
1022 2752 1118 2823 τῆς
1155 2754 1280 2824 περὶ
1308 2754 1474 2823 αὐτῆς
1516 2769 1726 2825 προφη-

174 2838 295 2903 τείας
337 2842 823 2915 διεξεληλύθαμεν,
879 2843 1170 2916 νομίζομεν
1214 2847 1527 2916 ἀναγκαίως
1575 2847 1731 2901 τοῦτο

175 2935 512 3004 πεποιηκέναι,
540 2938 975 3010 ἀπολογούμενοι
1004 2940 1137 3010 πρὸς
1170 2940 1296 3003 τοὺς
1334 2942 1607 3011 φήσαντας
1643 2939 1728 3003 ἂν,

175 3022 259 3089 ὅτι,
283 3029 323 3079 εἰ
344 3029 509 3094 οὕτως
536 3033 794 3103 ἐναργεῖς
829 3028 969 3103 ἦσαν
996 3034 1050 3085 al
1078 3032 1208 3103 περὶ
1236 3031 1329 3085 τοῦ
1366 3032 1537 3103 Ἰησοῦ
1584 3033 1733 3104 παρὰ

185 3113 419 3183 Ἰουδαίοις
463 3126 827 3193 προφητεῖαι,
875 3124 924 3177 τί
954 3125 1152 3195 δήποτε
1190 3122 1433 3186 ἐλθόντος
1474 3122 1640 3176 αὐτοῦ
1671 3124 1731 3176 οὐ

178 3211 528 3274 συγκατέθεντο
569 3217 637 3286 τῇ
686 3215 1007 3286 διδασκαλίᾳ
1052 3214 1217 3269 αὐτοῦ
1245 3255 1260 3280 ,
1310 3217 1403 3269 καὶ
1452 3215 1736 3286 μετέθεντο

178 3298 252 3352 ἐπὶ
286 3303 344 3355 τὰ
389 3306 489 3358 ὐπὸ
532 3307 628 3359 τοῦ
673 3308 852 3378 Ἰησοῦ
899 3309 1221 3379 δεικνύμενα
1267 3311 1587 3380 κρείττονα;
1639 3325 1737 3378 μη-

177 3391 263 3456 δεὶς
292 3395 330 3447 δ’
363 3398 518 3467 ἡμῶν
576 3399 692 3469 (54)
743 3403 856 3463 τοῖς
901 3401 1213 3454 πιστεύουσι
1256 3402 1318 3454 τὸ
1355 3400 1732 3472 παραπλήσιον

271 3486 357 3506 ὶνι
491 3492 503 3504 ο
557 3492 584 3502 ιο
679 3494 702 3506 ὀ

271 3486 289 3501 κ
314 3487 335 3505 ν
491 3492 503 3504 .
557 3492 584 3502 ..
679 3494 702 3506 ..

178 3483 455 3555 ὀνειοιςέτω,
481 3507 647 3562 ορων,
675 3509 759 3545 οτι
803 3493 903 3545 οὐκ
943 3494 1406 3564 εὐκαταφρόνητοι
1435 3492 1581 3559 λόγοι
1629 3492 1734 3544 ὐπὸ
1760 3476 1801 3533 C

178 3575 263 3627 τῶν
296 3582 679 3651 μεμαθηκότων
719 3584 919 3648 αὐτοὺς
966 3585 1286 3657 πρεσϐεύειν
1323 3586 1575 3657 φέρονται
1607 3588 1735 3657 περὶ

178 3669 257 3739 τῆς
280 3674 347 3737 εἰς
368 3674 453 3727 τὸν
492 3675 711 3747 Ἰησοῦν
742 3676 1000 3741 πίστεωςο

234 3783 287 3836 Εἰ
308 3785 355 3837 δὲ
384 3790 473 3840 καὶ
504 3788 774 3860 δευτέρας
810 3791 1141 3862 προφητείας
1166 3791 1427 3863 ἐναργοῦς
1447 3792 1577 3862 ἡμῖν
1599 3788 1735 3846 εἶναι

179 3879 465 3949 φαινομένης
490 3881 623 3951 περὶ
649 3878 748 3932 τοῦ
798 3880 970 3949 Ἰησοῦ
1000 3882 1157 3951 χρεία
1190 3883 1357 3944 ἐστὶν,
1392 3882 1739 3954 ἐκθησόμεθα

177 3967 257 4036 τὴν
278 3969 669 4042 ἀναγραφεῖσαν
705 3971 819 4042 πρὸ
848 3972 1114 4026 πλείστων
1146 3975 1287 4028 ὅσων
1317 3974 1456 4027 ἐτῶν
1484 3976 1582 4045 τῆς
1636 3977 1739 4046 Ἰη-

182 4058 254 4110 car}
284 4063 561 4134 ἐπιδημίας
597 4063 707 4117 ὑπὸ
754 4064 1062 4130 Μωῦσέως,
1089 4065 1355 4136 φήσαντος
1394 4067 1487 4120 τὸν
1522 4066 1737 4131 Ἰακὼϐ,

181 4147 617 4226 ἁπαλλασσόμενον
645 4154 745 4207 τοῦ
785 4153 921 4223 βίου,
966 4156 1477 4227 πεπροφητευκέναι
1526 4158 1740 4230 ἑκάστῳ

179 4240 269 4293 τῶν
291 4245 427 4309 υἱῶν,
478 4249 575 4300 καὶ
603 4245 685 4316 τῷ
732 4246 906 4317 Ἰούδα
952 4248 1228 4319 εἰρηκέναι
1262 4248 1399 4318 μετά
1436 4250 1528 4303 καὶ
1568 4250 1740 4305 ἀλλων

179 4332 258 4383 τόν
283 4355 297 4385 ι
327 4339 431 4391 Οὐκ
474 4338 723 4407 ἐκλείψει
781 4338 963 4408 ἄρχων
1014 4339 1073 4403 ἐξ
1111 4338 1319 4405 Ἰούδα,
1361 4341 1451 4395 καὶ
1505 4340 1743 4411 ἡγούμε-

178 4440 251 4487 νος
271 4426 325 4478 ἐκ
343 4427 444 4481 τῶν
477 4429 675 4501 μηρῶν
702 4428 893 4491 αὐτοῦ,
921 4428 1024 4491 ἓως
1053 4428 1118 4482 ἂν
1147 4428 1275 4502 ἔλθῃ
1312 4430 1381 4483 τὰ
1407 4431 1743 4502 ἀποκείμενα

180 4516 301 4586 αὐτῷ
329 4519 454 4591 (55).
488 4541 506 4572 ι
549 4520 932 4590 Ἑντυγχάνων
957 4520 1011 4573 δέ
1032 4538 1114 4583 τις
1134 4524 1199 4591 τῇ
1224 4522 1527 4593 προφητείᾳ
1547 4522 1741 4595 ταύτῃ,

180 4609 296 4661 κατά
335 4612 425 4680 μὲν
454 4614 514 4665 τὸ
539 4612 750 4682 ἀληθὲς
789 4610 969 4680 πολλῷ
1009 4612 1349 4683 πρεσϐυτέρᾳ
1404 4614 1745 4687 τυγχανούσῃ

179 4697 455 4768 Μωύσὲως,
495 4705 573 4769 ὠς
618 4704 665 4757 δ’
714 4703 785 4758 ἂν
829 4704 1119 4774 ὑπονοῆσαι
1161 4722 1244 4767 τις
1275 4704 1382 4757 τῶν
1408 4706 1466 4758 οὐ
1513 4704 1741 4769 πιστῶν,

1821 790 1876 840 et
1900 785 2268 851 praeconcepta
2332 768 2534 840 opinio,
2588 774 2676 832 ut,
2720 763 2811 832 qui
2852 762 2920 817 iis
2965 758 3168 815 assueti
3226 754 3395 827 368

1818 848 1969 938 sunt,
1998 870 2034 924 ii
2070 866 2233 924 rebus
2263 861 2427 917 etiam
2462 858 2768 930 perspicuis
2801 852 3140 923 refragentur
3186 848 3389 919 potius,

1816 980 1977 1040 quam
2010 960 2292 1033 opiniones
2324 964 2531 1026 ponant
2586 953 2785 1023 quibus
2815 964 3005 1006 eorum
3062 946 3245 1002 anima
3290 945 3393 999 im-

1817 1063 1945 1115 buta
1978 1062 2084 1112 est.
2117 1052 2194 1107 Ac
2224 1049 2389 1105 multo
2416 1044 2628 1101 facilius
2658 1045 2724 1099 de
2748 1042 2872 1097 aliis
2904 1041 3068 1097 rebus
3094 1046 3389 1094 consuetu-

1817 1151 1973 1207 dines
2016 1143 2302 1215 reliquerit
2339 1138 2639 1210 quispiam,
2686 1132 2935 1205 quamvis
2981 1132 3049 1186 ab
3105 1129 3213 1185 illis
3252 1126 3398 1182 difﬁ-

1818 1243 1922 1301 cile
1971 1238 2260 1296 admodum
2309 1231 2596 1295 avellatur,
2656 1241 2815 1297 qnam
2870 1238 2989 1294 quae
3024 1224 3089 1278 ad
3142 1221 3395 1292 dogmata

1820 1336 2121 1409 pertinent.
2143 1330 2255 1386 Nec
2292 1337 2471 1383 tamen
2506 1323 2627 1379 illas
2657 1320 2811 1386 alias,
2837 1318 2926 1373 ubi
2965 1314 3132 1372 semel
3163 1313 3402 1369 inoleve-

1820 1403 1951 1496 rint,
1974 1424 2134 1481 facile
2166 1420 2427 1478 excutiat.
2464 1416 2616 1473 Unde
2645 1413 2738 1468 vix
2786 1409 2982 1466 adduci
3042 1413 3270 1478 possunt
3300 1403 3403 1457 ho-

1819 1520 2017 1585 mines,
2049 1524 2110 1571 ut
2136 1522 2230 1569 aut
2262 1512 2481 1575 domos,
2509 1517 2603 1563 aut
2630 1506 2816 1571 urbes,
2848 1510 2941 1557 aut
2976 1501 3149 1564 vicos,
3173 1504 3270 1552 aut
3305 1495 3405 1550 ho-

1822 1612 1995 1668 mines
2021 1611 2298 1672 deserant,
2327 1603 2649 1675 quibuscum
2673 1597 2905 1668 iunxere
2929 1591 3399 1651 consuetudinem.

1823 1705 1939 1762 Hoc
1970 1703 2137 1772 igitur
2170 1699 2223 1754 in
2270 1710 2437 1753 causa
2469 1693 2593 1757 fuit,
2626 1707 2724 1747 cur
2750 1705 2781 1747 e
2817 1687 3018 1745 Judaais
3044 1685 3208 1741 etiam
3241 1682 3398 1738 multi

1823 1794 2208 1853 vaticiniorum
2234 1802 2299 1844 ac
2326 1786 2716 1843 miraculorum
2764 1797 2885 1853 qua:
2925 1779 3082 1835 Jesus
3113 1776 3240 1832 fecit
3287 1774 3403 1830 evi-

1825 1889 2024 1947 dentiae
2057 1885 2397 1947 resisterent,
2426 1894 2527 1935 nec
2559 1872 2990 1933 circumstantiis
3030 1868 3401 1941 percelleren-

1829 1992 1912 2035 tur
1936 1990 2122 2035 eorum
2159 1989 2279 2044 quas
2310 1986 2433 2027 eum
2491 1981 2808 2041 perpessum
2858 1978 2979 2020 esse
3007 1961 3266 2030 scriptum
3296 1966 3403 2013 est.

1830 2069 1923 2125 llis
1953 2076 2134 2122 autem
2168 2062 2450 2119 affectibus
2501 2058 2789 2117 obnoxiam
2825 2069 2945 2110 esse
2973 2053 3264 2107 humanam
3308 2063 3409 2101 na-

1752 2138 1795 2193 B
1827 2171 2025 2225 turam,
2059 2155 2284 2211 evidens
2330 2153 2423 2206 fiet
2461 2148 2744 2222 cogitanti,
2777 2160 2942 2215 quam
2985 2140 3211 2198 difﬁcile
3245 2138 3312 2194 ab
3340 2138 3408 2193 iis

1825 2266 1946 2321 qua:
1992 2249 2093 2305 sibi
2125 2263 2153 2301 a
2191 2244 2507 2317 parentibus
2565 2240 2990 2307 concivibusque
3049 2235 3243 2289 tradita
3292 2231 3412 2287 fue-

1825 2350 1974 2407 runt,
2006 2339 2311 2395 avellantur
2357 2336 2449 2405 qui
2511 2333 2679 2389 semel
2732 2332 2798 2386 iis
2858 2328 3080 2385 fuerunt
3127 2325 3408 2395 occupati.

1827 2432 2133 2505 quamlibet
2154 2427 2527 2485 erubescenda
2565 2434 2618 2478 et
2649 2423 2809 2479 stulta
2841 2421 2972 2477 sint.
3011 2420 3199 2488 Itaque
3229 2417 3316 2471 vix
3343 2415 3414 2471 ab

1828 2521 2087 2593 Egyplio
2119 2520 2329 2589 eripere
2360 2516 2556 2587 possis,
2588 2523 2647 2568 ut
2677 2521 2897 2581 spernat
2921 2526 2983 2567 ea
3013 2524 3133 2581 quae
3160 2525 3189 2564 a
3216 2522 3410 2579 paren-

1831 2614 1975 2668 tibus
2004 2612 2235 2681 accepit,
2267 2620 2325 2662 ut
2357 2622 2425 2662 ne
2448 2609 2585 2662 hanc
2607 2606 2940 2659 animantem
2967 2600 3195 2657 rationis
3216 2614 3412 2670 exper-

1833 2711 1938 2756 tem
1965 2717 2066 2773 pro
2099 2702 2210 2755 Deo
2262 2699 2480 2764 habeat,
2516 2707 2570 2751 et
2600 2711 2667 2750 ne
2701 2694 2836 2747 mori
2885 2691 3071 2758 malit‘,
3118 2706 3278 2761 quam
3310 2691 3412 2745 bu-

1829 2797 1991 2863 jusce
2025 2792 2278 2848 animalis
2301 2804 2492 2847 carnes
2528 2790 2835 2858 degustare.
2859 2787 2975 2843 Etsi
3002 2801 3130 2841 vero
3160 2787 3275 2841 haec
3326 2783 3413 2839 fu-

1832 2887 1946 2940 sius
1978 2883 2254 2955 persecuti
2306 2880 2623 2950 diutiusque
2654 2880 2707 2933 in
2755 2878 3013 2934 vaticinio
3040 2879 3105 2932 de
3133 2874 3410 2931 Bethleem

1833 2975 1978 3030 edito
2013 2970 2284 3026 immorati
2315 2983 2523 3033 smnus,
2569 2978 2825 3037 putamus
2851 2966 2903 3020 id
2935 2966 3135 3021 factum
3160 2978 3414 3020 necessa-

1835 3066 1917 3121 rio
1958 3074 2014 3120 ut
2055 3064 2136 3119 cis
2166 3062 2592 3131 respondeamus
2620 3061 2715 3129 qui
2747 3059 2891 3115 forte
2917 3059 3114 3114 dicturi
3139 3065 3268 3112 sunt
3302 3074 3317 3111 :
3350 3057 3413 3113 Si

1837 3171 1946 3213 tam
1978 3157 2123 3211 clara
2156 3154 2378 3209 fuerunt
2424 3152 2569 3221 apud
2610 3150 2828 3207 Judmos
2854 3151 2919 3205 de
2950 3149 3076 3206 Iesu
3136 3150 3412 3211 vaticinia,

1835 3267 1953 3315 cur,
1987 3257 2270 3318 postquam
2291 3246 2358 3300 ad
2400 3244 2521 3299 illos
2553 3245 2721 3309 venit,
2762 3258 2868 3296 non
2907 3243 3088 3298 statim
3155 3243 3273 3312 ejus
3318 3242 3416 3299 do-

1838 3344 2028 3395 ctrinae
2058 3346 2471 3403 consenserunt,
2498 3351 2599 3391 nec
2622 3340 2687 3389 ad
2717 3336 2938 3390 meliora
2966 3350 3085 3404 quae
3126 3335 3231 3391 illis
3260 3350 3433 3391 com-L

1838 3433 2196 3497 monstrabat,
2232 3430 2483 3486 conversi
2513 3428 2672 3483 sunt?
2713 3426 2880 3481 Nobis
2916 3441 3046 3481 vero
3070 3427 3420 3481 credentibus

1838 3539 1998 3582 nemo
2024 3523 2131 3578 tale
2164 3522 2459 3593 quidquam
2494 3518 2811 3588 exprobret,
2856 3533 2978 3571 cum
3022 3517 3204 3571 videat
3256 3517 3415 3571 fidem

1840 3618 1891 3669 in
1921 3615 2104 3671 Jesum
2150 3614 2338 3668 solidis
2370 3612 2540 3668 astrui
2578 3610 2886 3665 rationibus
2914 3610 2983 3664 ab
3031 3611 3104 3666 iis
3152 3610 3245 3679 qui
3298 3609 3417 3663 illas

1838 3708 2107 3776 explicare
2138 3706 2457 3760 didicerunt.

1909 3799 1997 3852 55.
2037 3797 2132 3850 Sin
2161 3797 2324 3849 etiam
2357 3809 2492 3864 opus
2519 3802 2603 3848 est
2635 3793 2807 3847 altero
2840 3791 3120 3857 vaticinio,
3143 3791 3287 3861 quod
3320 3805 3435 3845 πο·-

1842 3889 1925 3942 his
1946 3889 2011 3942 ad
2038 3886 2221 3941 .lesum
2257 3885 2540 3940 manifeste
2589 3884 2866 3953 pertinere
2929 3884 3197 3947 videatur,
3253 3897 3419 3951 expo-

1845 3995 2033 4033 nemus
2067 3979 2195 4032 illud
2225 3978 2368 4047 quod
2402 3976 2586 4030 multis
2610 3977 2767 4029 annis
2788 3984 3080 4044 antequam
3125 3973 3284 4030 Jesus
3325 3975 3422 4028 ad-

1843 4072 2072 4135 veniret,
2107 4072 2367 4139 scriptmn
2426 4078 2561 4122 esta
2594 4066 2797 4138 Moyse,
2847 4069 2937 4135 qui
2992 4075 3179 4121 narrat
3225 4064 3439 4121 Iacob-

1843 4172 1964 4212 cum
1989 4158 2111 4212 vitae
2137 4158 2260 4211 linis
2294 4157 2624 4217 immineret,
2662 4155 2891 4225 singulis
2915 4155 3038 4209 (iliis
3069 4155 3419 4210 vaticinatum

1844 4263 1984 4311 esse,
2032 4249 2248 4303 ctinter
2277 4247 2379 4301 alia
2434 4246 2591 4302 Judze
2618 4247 2821 4300 dixisse
2871 4248 2985 4301 haec
3017 4266 3031 4301 :
3069 4266 3089 4298 ι
3130 4247 3246 4301 Νυη
3290 4247 3423 4303 deti~

1844 4342 1951 4395 cict
1976 4342 2227 4411 princeps
2252 4356 2319 4395 ex
2346 4340 2481 4395 Juda
2507 4348 2563 4394 et
2619 4339 2730 4392 dux
2760 4353 2790 4392 e
2820 4336 3116 4394 femoribus
3152 4339 3290 4408 ejus,
3324 4338 3424 4391 do-

1849 4450 1945 4488 nec
1974 4433 2224 4486 venerint
2256 4448 2378 4501 quae
2426 4432 2663 4500 reposita
2702 4430 2988 4486 sunt'ei“.
3022 4449 3040 4481 ι
3072 4429 3187 4484 Hoc
3229 4428 3424 4481 vatici-

1848 4523 2237 4593 ninmlegenti,
2263 4526 2406 4594 quod
2429 4526 2553 4580 licet
2580 4541 2768 4581 revera
2800 4526 2873 4580 sit
2906 4522 3182 4591 antiquius
3218 4519 3424 4589 Moyse,

1848 4632 1878 4668 a
1916 4614 2096 4686 Moyse
2127 4624 2306 4670 tamen
2348 4616 2554 4669 editum
2599 4614 2899 4669 infidelium
2928 4612 3129 4681 aliquis
3161 4609 3300 4665 forte
3330 4623 3424 4663 su-

1850 4711 2176 4778 spicabitur,
2213 4711 2315 4765 hoc
2354 4710 2586 4776 primum
2612 4706 2959 4762 admirationi
2999 4707 3127 4771 erit,
3154 4702 3428 4773 quomodo

179 4790 264 4843 ὑπὸ
285 4794 546 4861 Μωῦσὲως
576 4796 859 4866 λεχθείσῃ,
910 4795 1187 4867 θαυμάσαι
1224 4797 1310 4859 ἂν,
1346 4798 1461 4861 πῶς
1502 4797 1731 4867 Μωῦσῆς

1851 4802 2080 4873 Moyses,
2111 4818 2234 4857 cum
2275 4804 2581 4858 Judteoruut
2608 4803 2715 4857 sint
2748 4799 3029 4855 duodecim
3064 4799 3254 4861 tribus,
3281 4811 3426 4866 pra:-

176 4882 423 4957 δεδύνηται
438 4892 750 4961 προειπεῖν,
771 4890 853 4941 ὅτι
872 4889 921 4940 oi
937 4888 1041 4941 τῶν
1070 4889 1335 4942 Ἰουδαίων
1353 4890 1743 4960 βασιλεύοντες,

176 4974 352 5033 δώδεκα
379 4983 552 5035 οὐσῶν
584 4980 777 5051 φυλῶν
799 4982 857 5035 ἐν
879 4982 1079 5047 αὐτοῖς,
1112 4983 1219 5036 ἀπὸ
1250 4983 1345 5055 τῆς
1382 4982 1547 5038 Ἰούδα
1579 4983 1749 5053 φυλῆς

240 5096 279 5125 ”
307 5097 434 5153 Gen.
478 5116 633 5163 xux,
677 5100 771 5153 l0.

238 5215 341 5289 (50)
383 5219 524 5273 Ἐπί.
556 5219 797 5274 Guietus
843 5219 1043 5270 mavult
1075 5218 1214 5271 ὑπό·
1250 5217 1343 5273 sed
1375 5219 1489 5284 ἐπί,
1523 5220 1739 5284 rectius,

177 5293 229 5336 ut
267 5290 529 5343 adnotavit
561 5289 773 5343 Millius
809 5290 873 5340 ad
904 5289 1087 5341 Matth.
1121 5304 1311 5345 xxvm.
1346 5290 1429 5344 15.

240 5356 339 5425 (51)
380 5360 762 5422 lltnschelius,
796 5360 1125 5428 ποιήσαντα,
1174 5358 1508 5425 Spencerus,
1553 5361 1739 5413 δευσο-

178 5430 583 5507 ποιήσανταίεθξί
604 5444 801 5484 omnes
802 5445 979 5507 ftnss”
1012 5429 1339 5507 ποιῶσαντα,
1374 5440 1537 5484 recte.
1561 5433 1741 5499 Neque

178 5497 304 5550 cuiu.
334 5501 621 5555 verisimile
674 5508 765 5553 est
796 5497 1083 5567 Origenetn
1117 5501 1188 5553 ita
1218 5501 1301 5555 bis
1343 5504 1598 5555 continue
1646 5497 1738 5569 p0-

182 5571 338 5641 suisse
374 5571 867 5641 δευσοποιήσαντα.

209 5708 215 5715 ι
240 5639 345 5703 (52)
360 5639 768 5715 ElgcaZarQJSic
788 5649 1013 5715 uterque
1030 5640 1348 5715 Vaticanus,
1371 5642 1476 5696 duo
1502 5640 1741 5715 Anglic,

180 5711 347 5773 sirque
362 5712 558 5766 habent
574 5711 710 5766 libb.
728 5711 820 5763 ed.
841 5711 891 5762 in
914 5727 1106 5774 marg,-
1127 5712 1218 5764 sed
1240 5712 1288 5763 in
1312 5721 1477 5778 textu,
1495 5712 1740 5773 οἰκείαις.

244 5780 345 5842 ιὸὅ)
375 5782 527 5838 Lilib.
557 5782 694 5837 editi
725 5782 792 5833 :ttl
829 5783 1146 5851 tttargincm,
1190 5783 1424 5851 νομίσαι.

1853 4895 2043 4951 dicere
2066 4900 2302 4964 potuerit
2334 4913 2425 4953 eos
2446 4938 2460 4961 ,
2496 4900 2587 4968 qui
2637 4896 2893 4969 populum
2942 4894 3331 4965 gubernarent,
3357 4904 3427 4945 ex

1859 4988 2003 5042 tribu
2031 4986 2167 5043 Juda
2201 4989 2510 5044 exon-ituros
2542 5002 2683 5055 esse,
2717 4986 2859 5042 unde
2888 4982 3196 5039 Iudaeorum
3231 4992 3427 5038 nomen

1924 5221 2036 5293 (54)
2071 5219 2409 5293 ξροηςξοιιιις,
2433 5216 2621 5287 μηδεὶς
2650 5216 2694 5293 δ’
2729 5213 2902 5293 ὐμῶν.
2938 5212 3285 5293 ξιοςοιὶήμξν.

1924 5274 2034 5358 (55)
2072 5274 2153 5342 Τὶὶ
2196 5274 2558 5355 ἀποκείιὶεὶια
2584 5274 2790 5358 ξαὺτῷῖ
2853 5274 3044 5358 Codex
3090 5274 3344 5358 ’Re'giys,

1850 5345 2158 5417 ἀπόκειται.
2194 5345 2549 5422 Βιιεὶιεοῖιεὶε,
2579 5356 2608 5409 ὂ
2653 5345 2959 5410 ἀπόκειται.
3008 5345 3204 5407 Lectio
3219 5345 3264 5418 ᾧ
3297 5345 3436 5405 ἀπόξ-

1850 5448 2028 5486 κειται
2061 5439 2142 5483 est
2168 5428 2373 5495 Aquila?
2390 5436 2444 5481 et
2474 5426 2814 5496 Symmachi;
2848 5425 2943 5481 sed
2969 5440 3088 5477 cum
3112 5423 3182 5496 in
3206 5422 3437 5496 quibus-

1849 5506 1969 5556 dum
1999 5500 2105 5553 τῶν
2140 5500 2193 5550 O’
2227 5490 2558 5551 editionibus
2586 5490 2937 5566 reperiretur,
2965 5495 3090 5566 hinc
3109 5490 3208 5545 SS.
3239 5490 3438 5544 Patres

1852 5572 2008 5626 modo
2043 5570 2109 5622 τὰ
2145 5567 2481 5637 ἀποκείμενα
2510 5560 2677 5637 αὐτῷ,
2720 5560 2940 5633 ιιιοιιοῷ
2960 5564 3437 5637 dﬂ6X§t1a_l_U§llr-

1853 5652 2002 5710 paut.
2040 5630 2550 5710 (lotttenditiautem
2580 5630 2825 5710 Justinus
2879 5630 3087 5702 martyr
3115 5634 3170 5686 in
3208 5630 3435 5710 Diniam}

1856 5697 1971 5763 lcum
2025 5711 2298 5778 Tryphone
2339 5707 2463 5762 illud
2494 5700 2537 5774 ᾧ
2582 5707 2864 5778 ἀπόκειται
2906 5697 3249 5778 ιὀτιὴιιῌρξψ
3292 5697 3436 5754 LXX

1860 5772 2174 5846 lectioni-in,
2204 5794 2308 5834 non
2337 5772 2603 5834 autcntri
2628 5777 2963 5844 ἀποκείμενα
2996 5772 3158 5844 αὐτῷ.
