3962 6414
551 352 617 406 iit}
1965 345 2287 402 ORIGENIS

3670 341 3770 396 760

506 483 689 525 natum
733 481 815 524 est
843 488 854 522 :
888 468 952 522 ah
977 485 1079 520 una
1113 467 1252 519 lrihn
1292 482 1455 532 penus
1489 481 1646 532 quant
1679 477 2059 532 regnnmerat,

2174 461 2554 532 γεννηθέντες,
2604 459 2820 532 ἄρξουσι
2858 457 2950 512 τοῦ
2979 457 3138 510 λαοῦ·
3174 456 3250 509 διὸ
3276 458 3368 514 καὶ
3409 459 3438 511 6
3480 459 3591 522 πᾶς
3641 457 3770 523 λαὸς

504 562 848 615 denominata
866 569 1022 628 gente
1038 558 1202 628 369
1221 559 1488 612 universa.
1522 557 1631 611 lloc
1659 558 1819 612 etiam
1837 558 2072 611 admira-

504 649 650 705 bitur
708 648 970 704 candidus
999 647 1140 700 illius
1170 647 1538 715 praedictionis
1562 646 1748 712 lector,
1779 647 2072 717 quomodo,

501 752 784 809 postquam
813 739 1078 792 ilixerate
1110 738 1254 792 tribu
1299 736 1436 794 Juda
1491 738 1754 793 oriundos
1812 739 1930 794 lore
1979 741 2070 810 qui

500 833 679 901 populi
712 830 1190 899 principesessent
1223 843 1284 881 ac
1315 829 1510 891 duces,
1545 829 1889 888 constituerit
1927 829 2073 894 illius

498 925 786 990 potestatis
832 922 991 974 linem
1048 921 1134 974 his
1189 921 1411 976 verbis:
1447 940 1464 972 ι
1507 921 1632 976 Νοιι.
1676 923 1890 978 deﬁciet
1925 923 2076 991 priu-

493 1031 623 1085 ceps
654 1031 717 1071 ex
758 1014 891 1070 Jmla
919 1023 972 1068 et
1003 1015 1109 1067 dux
1142 1030 1171 1067 e
1214 1013 1508 1068 lenioribus
1558 1012 1696 1083 ejus,
1761 1015 1934 1072 donec
1983 1031 2074 1072 ve-

495 1111 674 1163 nerint
725 1124 844 1176 qua:
889 1108 1121 1176 reposita
1176 1115 1304 1160 sunt
1337 1107 1421 1170 ei;
1473 1117 1528 1162 et
1575 1109 1687 1176 ipse
1738 1109 2070 1175 exspectatio

491 1199 813 1268 gentium”.
848 1217 873 1249 ι.
903 1197 1058 1251 Venit
1089 1198 1232 1250 enim
1265 1196 1367 1252 cui.-
1385 1197 1614 1264 reposita
1644 1206 1790 1260 sunt,
1817 1197 2070 1252 Christus

492 1291 608 1355 Dei,
637 1293 1057 1360 promissionum
1091 1291 1180 1346 Dei
1216 1290 1484 1358 princeps.
1523 1289 1686 1348 Solus
1736 1289 1823 1345 ille
1864 1307 1969 1345 non
2003 1308 2070 1344 ex

493 1387 560 1441 iis
588 1387 858 1440 duntaxat
911 1385 1001 1453 qui
1059 1393 1190 1436 ante.
1237 1382 1754 1448 illum,sed-et.iam,
1807 1387 2070 1440 audacter

491 1478 692 1538 dicam,
731 1492 797 1531 ex
845 1477 912 1530 iis
961 1476 1054 1545 qui
1085 1485 1200 1543 [lost
1250 1475 1524 1540 vixerunt,
1562 1475 1683 1538 luit,
1728 1487 1785 1530 ut
1843 1477 2070 1534 manife-

489 1581 763 1636 stumest,
796 1588 814 1622 ι
847 1571 1180 1639 exspectatio
1213 1570 1471 1639 gentium.
1505 1588 1521 1619 ι
1558 1567 1800 1626 Fuerunt
1829 1571 1973 1626 enim
2000 1585 2065 1625 ex

487 1665 744 1719 omnibus
779 1664 1052 1734 gentibus,
1087 1662 1178 1732 qui
1211 1678 1309 1732 per
1338 1662 1495 1717 illum;
1535 1662 1645 1718 Deo
1667 1664 1971 1728 crederent,
2015 1674 2068 1718 et

487 1763 678 1822 gentes
712 1755 761 1808 in
791 1755 910 1824 ejus
940 1755 1157 1809 nomine
1205 1769 1354 1822 spem
1397 1769 1549 1811 suam
1603 1755 2012 1812 collocaverunt
2047 1773 2061 1810 :

2191 552 2432 605 Ἰουδαῖοι
2463 551 2834 621 ὀνομάζονται,
2863 550 2965 621 τῆς
2993 548 3382 621 βασιλευούσης
3413 550 3592 622 φυλῆς
3617 550 3768 616 ὅντες

2177 641 2472 713 ἐπώνυμοι.
2507 642 2618 694 Καὶ
2645 639 2894 712 δεύτερον
2920 641 2965 694 δ’
2985 640 3052 694 ἂν
3077 640 3355 711 θαυμάσαι
3394 642 3497 714 τὴν
3546 658 3766 714 προφη-

2175 735 2323 786 τείαν
2349 735 2378 788 6
2408 733 2763 803 εὐγνωμόνως
2801 733 2936 803 αὐτῇ
2965 731 3335 803 ἐντυγχάνων,
3369 734 3494 788 τ-ίνα
3539 735 3765 806 τρόπον,

2173 826 2341 884 εἰπὼν
2365 826 2470 879 ἀπὸ
2493 826 2590 896 τῆς
2606 825 2779 879 Ἰούδα
2825 825 2995 896 φυλῆς
3016 825 3232 880 ἔσεσθαι
3253 826 3378 888 τοὺς
3395 826 3768 897 ἄρχονταςκαὶ

2173 919 2451 990 ἡγεμόνας,
2477 918 2570 971 τοῦ
2608 915 2757 982 λαοῦ,
2798 916 2992 988 ἔστησε
3022 919 3116 971 καὶ
3156 918 3217 970 τὸ
3255 918 3409 982 τέλος
3451 919 3555 988 τῆς
3599 920 3766 990 αὐτῆς

2172 1011 2365 1081 ἀρχῆς,
2401 1009 2608 1076 εἰπών,
2666 1029 2694 1062 ι.
2732 1011 2832 1063 ούκ
2874 1009 3143 1078 ἐκλείψειν
3193 1009 3432 1080 ἄρχοντα
3453 1008 3516 1075 ἐξ
3573 1009 3765 1074 Ἰούδα,

2172 1105 2262 1156 καὶ
2287 1103 2673 1175 ἡγούμενονέκ
2699 1102 2804 1154 τῶν
2838 1102 3024 1173 μηρῶν
3065 1101 3231 1156 αὑτοῦ
3257 1142 3271 1167 ,
3301 1101 3408 1165 ἕως
3438 1101 3506 1156 ἂν
3533 1101 3662 1173 ἔλθῃ
3696 1102 3767 1154 τὰ

2171 1194 2510 1264 ἀποκείμενα
2539 1193 2647 1264 (56)
2669 1192 2846 1263 αὐτῷ’
2875 1194 2968 1246 καὶ
2998 1193 3165 1257 αὐτὸς
3196 1193 3492 1265 προσδοκία
3522 1193 3716 1247 ἐθνῶν.
3739 1211 3761 1245 ι

2170 1278 2339 1334 Ἦλθε
2366 1281 2474 1354 γὰρ
2497 1276 2541 1351 ᾧ
2566 1285 2677 1335 ἐστι
2705 1283 2772 1334 τὰ
2804 1283 3161 1353 ἀποκείμενα,
3179 1285 3207 1336 6
3231 1283 3464 1354 Χριστὸς
3488 1284 3586 1337 τοῦ
3604 1284 3763 1347 Θεοῦ,

2169 1372 2196 1424 ό
2227 1372 2408 1443 ἄρχων
2435 1371 2542 1426 τῶν
2580 1371 2919 1441 ἐπαγγελιῶν
2959 1372 3051 1426 τοῦ
3090 1372 3247 1426 Θεοῦ.
3285 1374 3394 1426 Καὶ
3452 1373 3643 1443 σαφῶς
3673 1375 3766 1444 γέ-

2169 1482 2322 1533 γονεν
2351 1460 2503 1528 οὗτος
2533 1465 2691 1535 priva;
2721 1465 2870 1536 παρὰ
2898 1466 3022 1528 τοὺς
3048 1466 3155 1538 πρὸ
3176 1465 3342 1520 αὑτοῦ
3371 1468 3606 1531 πάντας,
3640 1467 3767 1540 θαρ-

2171 1557 2276 1630 ρῶν
2315 1556 2359 1610 δ’
2389 1556 2452 1609 ἂν
2487 1555 2696 1626 εἴποιμι
2738 1557 2832 1610 καί.
2878 1558 3006 1622 τοῦς.
3040 1558 3156 1628 μετ’
3188 1558 3382 1623 αὐτὸν,
3412 1576 3432 1610 ι
3465 1559 3765 1630 προσδοκία

2167 1648 2336 1702 ἐθνῶν
2356 1665 2368 1677 ⁸
2419 1666 2440 1700 ι
2469 1647 2599 1700 Ἀπὸ
2633 1646 2740 1718 γὰρ
2763 1647 2978 1703 πάντων
3009 1649 3118 1702 τῶν
3163 1648 3330 1702 ἐθνῶν
3358 1649 3763 1705 πεπιστεύκασι

2167 1741 2242 1811 τῷ
2282 1740 2401 1812 Θεῷ
2431 1740 2496 1793 δι’
2532 1739 2726 1804 αὑτοῦ,
2777 1742 2899 1810 καὶ,
2927 1741 3064 1797 κατὰ
3105 1741 3165 1794 τὸ
3192 1741 3482 1813 εἰρημένον
3531 1743 3639 1797 ὑπὸ
3670 1744 3764 1797 τοῦ

487 1845 632 1913 quod
668 1845 736 1900 ab
783 1844 919 1900 Isaia
980 1846 1298 1914 praedictum
1330 1845 1507 1900 fuerat
1551 1845 1637 1900 his
1680 1846 1861 1902 verbis
1893 1863 1909 1902 :
1941 1865 1959 1899 ι
2003 1848 2059 1902 ln

2178 1834 2421 1897 Ἡσαΐου,
2475 1833 2566 1886 ἐπὶ
2602 1831 2679 1902 τῷ
2721 1833 2949 1904 ὀνόματι,
2989 1831 3150 1886 αὐτοῦ
3201 1831 3327 1902 ἔθνη
3360 1833 3634 1903 ἤλπισαν,
3689 1835 3765 1887 εἰ-

489 1933 708 1986 nmnine
741 1932 858 2000 ejus
888 1945 1077 2003 gentes
1113 1936 1407 2004 sperabunt
1429 1933 1493 1988 “.
1531 1955 1550 1987 ο
1596 1935 1711 2005 Ipse
1755 1938 1957 2007 est-qui
1989 1939 2066 1992 di-

485 2025 566 2076 xit
597 2025 663 2077 iis
689 2026 782 2092 qni
823 2025 876 2078 in
915 2024 1147 2080 vinculis
1191 2034 1350 2081 erant
1379 2024 1527 2094 (nam
1576 2040 1734 2081 nemo
1777 2037 1880 2092 est,
1932 2028 2062 2097 quin

485 2116 600 2169 linis
624 2118 863 2186 peccatis
884 2117 1030 2172 velut
1060 2120 1270 2175 catenis
1285 2121 1710 2190 constringatur)
1739 2135 1754 2173 :
1791 2139 1809 2171 ι
1836 2120 1990 2176 Exite
2014 2138 2060 2187 o;

487 2221 542 2262 et
591 2210 678 2274 iis,
718 2210 810 2278 qui
839 2210 892 2263 in
938 2211 1238 2279 ignorantia
1280 2231 1291 2266 :
1330 2231 1347 2262 ι
1389 2210 1584 2266 Venite
1629 2214 1695 2266 ad
1752 2213 2008 2268 lucem".
2038 2232 2057 2265 ι

487 2300 614 2354 llam
643 2301 796 2356 enim
820 2303 1179 2370 praenuntiata
1215 2303 1434 2357 fuerant
1463 2303 1566 2358 hoc
1619 2306 1779 2359 modo
1817 2323 1832 2359 :
1871 2324 1890 2356 ι
1927 2305 2056 2360 Dedi

488 2404 542 2448 te
577 2395 628 2448 in
666 2394 842 2449 lamus
873 2396 1138 2464 gentium,
1189 2407 1249 2449 ut
1273 2395 1571 2450 suscitares
1601 2406 1808 2450 terram
1855 2408 1911 2451 et
1941 2412 2060 2466 pos-

487 2489 698 2544 sidenes
731 2487 1078 2543 haereditates
1133 2487 1456 2558 dissipatas,
1495 2498 1552 2542 ut
1583 2489 1795 2543 diceres
1842 2490 1926 2544 his
1969 2491 2059 2560 qui

487 2580 656 2633 vincti
695 2589 823 2635 sunt
852 2599 864 2634 :
897 2579 1077 2644 Exite;
1110 2590 1166 2634 et
1202 2579 1288 2634 his
1327 2581 1417 2648 qui
1463 2581 1516 2634 in
1569 2581 1808 2636 tenebris
1837 2600 1849 2636 :
1883 2582 2056 2637 Reve-

483 2669 754 2724 lamini”.
789 2689 808 2721 ι
840 2670 905 2726 Ει
929 2671 1112 2726 videre
1157 2681 1242 2726 est
1274 2672 1324 2725 in
1365 2673 1521 2738 hujus
1556 2673 1786 2729 adventu
1836 2684 2062 2745 propter

482 2775 577 2817 eos
627 2761 720 2830 qui
753 2763 950 2832 ubique
987 2773 1258 2817 terrarum
1293 2765 1614 2836 simpliciter
1640 2766 1888 2830 credunt,
1940 2767 2058 2820 exi-

485 2862 595 2906 tum
629 2853 884 2907 habuisse
912 2853 1039 2907 illud
1069 2871 1080 2906 :
1119 2871 1137 2904 ι
1171 2855 1348 2923 Super
1389 2870 1578 2910 omnes
1604 2857 1720 2911 vias
1746 2864 2057 2926 pascentur,

481 2954 537 2998 et
565 2943 622 3000 in
647 2945 896 3000 omnibus
926 2946 1135 3000 semitis
1166 2961 1367 3015 pascua
1407 2949 1677 3004 eorum".
1715 2968 1737 3001 ›

551 3119 642 3174 54.
683 3119 817 3187 Quia
871 3135 1001 3174 vero
1045 3118 1263 3186 Celsus,
1308 3120 1401 3190 qui
1451 3130 1692 3176 nostram
1755 3123 2055 3177 doctrinam

481 3211 582 3266 sibi
615 3212 829 3280 penitus
863 3221 1206 3280 perspectam
1245 3226 1369 3267 esse
1408 3211 1729 3281 prolitetur,
1766 3216 2060 3283 exprobrat

483 3301 776 3368 Salvatori,
800 3304 960 3372 quod,
993 3303 1119 3357 dum
1155 3312 1455 3373 pateretur,
1484 3303 1583 3374 ipsi
1609 3303 1770 3362 Pater
1790 3321 1893 3360 non
1921 3309 2060 3362 tule-

483 3395 558 3448 rit
586 3394 869 3460 auxilinm,
903 3403 996 3448 aut
1024 3397 1138 3463 ipse
1171 3395 1274 3450 sibi
1305 3395 1510 3451 auxilio
1547 3411 1666 3452 esse
1712 3412 1818 3452 non
1878 3411 2059 3468 potue-

483 3484 600 3548 rit;
669 3484 1100 3554 respondendum
1151 3485 1458 3554 passionem
1520 3482 1638 3552 ejus
1697 3484 1862 3540 fuisse
1915 3501 2056 3555 pra:-

483 3575 718 3641 dictam,
759 3590 859 3631 nec
895 3576 946 3631 id
984 3576 1193 3641 solum,
1243 3577 1337 3632 sed
1397 3576 1562 3631 etiam
1612 3577 1880 3646 passionis
1931 3593 2059 3634 cau-

481 3683 598 3723 sam
647 3687 661 3723 :
704 3683 898 3740 nempe
930 3671 1057 3739 quia
1095 3671 1148 3724 in
1181 3685 1296 3726 rem
1341 3669 1621 3725 hominum
1665 3681 1805 3738 erat,
1851 3682 1908 3725 ut
1959 3687 2058 3740 pro

481 3755 593 3812 illis
621 3769 850 3814 mortem
884 3761 1118 3826 subiret,
1149 3769 1204 3815 et
1246 3761 1535 3816 danmatus
1587 3760 1806 3817 vulnera
1851 3763 2057 3832 perfer-

485 3856 590 3900 ret.
635 3848 962 3905 Prtedictum
1000 3865 1216 3920 quoque
1257 3859 1342 3905 est
1393 3848 1530 3915 fore,
1573 3857 1631 3902 ut
1677 3865 1744 3906 ex
1787 3851 2056 3920 gentibus,

483 3940 626 4007 apud
654 3955 791 4010 quas
815 3956 921 3996 non
956 3941 1173 3996 fuerant
1217 3941 1516 4010 prophetae,
1555 3949 1738 3996 essent
1789 3943 1880 4011 qui
1909 3941 2054 3997 illum

483 4043 868 4098 agnoscerent,
897 4034 1158 4102 illumque
1193 4037 1336 4088 inter
1363 4034 1615 4092 homines
1636 4037 1810 4092 visum
1838 4038 1902 4092 iri
1932 4052 2058 4107 spe-

481 4122 568 4177 cie
597 4138 720 4192 qua:
744 4123 850 4180 illis
879 4125 1277 4180 contemnenda
1305 4127 1602 4182 videretur.
1651 4127 1743 4182 Sic
1766 4131 1910 4184 enim
1958 4131 2057 4185 Ita-'-

481 4215 614 4268 bent
687 4217 984 4285 prophetia:
1040 4219 1206 4272 verba
1262 4233 1277 4271 :
1344 4237 1364 4270 ι
1416 4219 1555 4274 Ecce
1604 4220 1871 4290 intelliget
1919 4237 2056 4291 puer

482 4318 655 4368 meus,
703 4315 758 4360 et
807 4306 1158 4373 exaltabitur,
1186 4316 1242 4362 et
1275 4306 1688 4377 gloriﬁcabitur,
1727 4319 1783 4364 et
1807 4309 2056 4367 sublimis

479 4395 584 4450 erit
605 4395 777 4450 valde.
813 4396 967 4452 Sicut
988 4398 1284 4467 stupebant
1334 4413 1498 4468 super
1525 4409 1577 4455 te
1611 4400 1785 4466 multi,
1835 4401 1916 4456 sic
1966 4401 2053 4456 in-

2167 1925 2356 1989 πόντος
2376 1925 2486 1995 (57)
2508 1942 2521 1956 ’
2551 1943 2569 1976 ι
2607 1925 2729 1980 Ἐπί
2750 1925 2826 1995 τῷ
2845 1923 3067 1994 ὀνόματι
3089 1923 3254 1982 αὑτοῦ
3273 1924 3402 1996 ἔθνη
3417 1925 3724 1980 ἐλπιοῦσιν.
3738 1947 3756 1978 ι

2165 2007 2332 2078 Οὗτος
2353 2015 2408 2068 δὲ
2435 2014 2528 2068 καὶ
2557 2009 2675 2068 εἰπε
2706 2016 2819 2078 τοῖς
2849 2014 2905 2066 ἐν
2933 2014 3183 2085 δεσμοῖς,
3223 2014 3360 2068 καθὸ
3403 2018 3620 2086 σειραῖς
3651 2015 3764 2070 τῶν

2164 2105 2352 2158 ἑαυτοῦ
2369 2106 2651 2176 ἁμαρτιῶν
2667 2106 2893 2168 ἕκαστος
2912 2106 3217 2176 σφίγγεται,
3243 2107 3322 2170 τὸ,
3346 2125 3365 2158 ι
3407 2107 3710 2173 Ἐξέλθετε,
3737 2126 3756 2159 ι

2165 2197 2256 2248 καὶ
2283 2198 2394 2258 τοῖς
2421 2197 2477 2248 ἐν
2504 2198 2568 2266 τῇ
2611 2195 2834 2267 ἀγνοίᾳ,
2860 2195 2954 2258 τὸ,
2989 2215 3006 2246 ι
3047 2197 3139 2259 Εἰς
3199 2197 3313 2265 φῶς
3365 2198 3547 2267 ἥκειν.
3597 2218 3617 2250 ι
3651 2198 3758 2252 Καὶ

2161 2287 2364 2341 τούτων
2391 2287 2533 2341 οῦτω
2576 2288 3061 2360 προφητευθέντων
3087 2305 3099 2318 ο
3147 2308 3164 2338 ι
3197 2290 3307 2341 Καὶ
3353 2289 3533 2344 ἔδωκά
3568 2307 3627 2344 σε
3678 2292 3761 2353 εἰς

2160 2381 2422 2452 διαθήκην
2450 2379 2650 2444 ἐθνῶν,
2680 2378 2774 2432 τοῦ
2806 2381 3142 2450 καταστῆσαί
3173 2380 3273 2450 τὴν
3312 2380 3416 2451 γῆν
3438 2419 3453 2445 ,
3491 2381 3588 2434 καὶ
3629 2381 3761 2450 κλη-

2163 2473 2458 2546 ρονομῆσαι
2501 2472 2866 2543 κληρονομίαν
2910 2473 3116 2543 ἐρήμου
3136 2512 3150 2536 ,
3186 2471 3416 2540 λέγοντα
3441 2475 3558 2536 τοῖς
3589 2473 3647 2524 ἐν
3671 2474 3758 2527 δε-

2162 2569 2338 2635 σμοῖς,
2379 2565 2652 2630 Ἐξέλθετε
2694 2565 2826 2637 (58),
2865 2567 3090 2628 καὶτοῖς
3115 2566 3172 2618 ἐν
3217 2566 3420 2632 σκότει,
3463 2565 3758 2619 Ἀνακαλύο

2161 2661 2352 2729 φθήτε.
2397 2678 2415 2710 ι
2454 2658 2564 2712 Καὶ
2591 2657 2737 2711 ἐστιν
2771 2658 2898 2710 ἰδεῖν
2919 2655 3010 2710 ἐπὶ
3029 2658 3094 2727 τῇ
3117 2655 3304 2708 τούτου
3337 2657 3645 2728 παρουσίᾳ,
3667 2656 3757 2711 διὰ

2161 2751 2287 2812 τοὺς
2323 2745 2598 2818 πανταχοῦ
2641 2747 2740 2818 τῆς
2767 2746 3089 2816 οἰκουμένης
3130 2744 3498 2816 ἁπλούστερον
3541 2746 3756 2799 πιστεύ-

2159 2859 2338 2906 οντας,
2370 2840 2738 2912 πληρούμενον
2778 2839 2868 2891 τό·
2913 2858 2931 2890 ι
2971 2841 3079 2893 Καὶ
3116 2842 3173 2893 ἐν
3209 2840 3410 2903 πάσαις
3457 2841 3578 2902 ταῖς
3616 2838 3755 2901 ὁδοῖς

2164 2932 2590 3005 βοσκηθήσονται
2613 2971 2626 2992 ,
2657 2932 2750 2984 καί
2784 2931 2842 2983 ἐν
2878 2931 3076 2994 πάσαις
3137 2933 3257 2994 ταῖς
3289 2929 3502 3001 τρίϐοις
3536 2931 3570 3000 ἡ
3612 2928 3751 3000 νομὴ

2161 3024 2359 3078 αὐτῶν.
2395 3045 2413 3076 ι

2245 3116 2396 3169 Ἐπεὶ
2425 3115 2482 3168 δέ
2529 3116 2557 3167 6
2598 3115 3061 3185 ἐπαγγελλόμενος
3102 3113 3299 3168 εἰδέναι
3340 3111 3410 3166 τὰ
3449 3111 3547 3168 τοῦ
3588 3112 3751 3180 λόγου

2161 3209 2340 3264 πάντα.
2368 3208 2574 3271 Κέλσος
2595 3206 2837 3272 ὀνειδίζει
2880 3207 2956 3278 τῷ
2981 3207 3190 3280 Σωτῆρι
3215 3207 3308 3260 ἐπὶ
3333 3205 3412 3277 τῷ
3447 3206 3636 3270 πάθει,
3673 3205 3750 3269 ὡς

2163 3302 2238 3374 μὴ
2264 3300 2581 3372 βοηθηθέντι
2605 3300 2709 3352 ὑπὸ
2733 3299 2824 3353 τοῦ
2853 3298 3082 3372 Πατρὸς,
3108 3300 3141 3370 ἢ
3168 3299 3242 3370 μὴ
3263 3298 3548 3369 δυνηθέντι
3571 3295 3750 3368 ἐαυτῷ

2161 3392 2456 3465 βοηθῆσαι,
2520 3391 2885 3464 παραθετέον,
2932 3393 3011 3444 ὅτι
3053 3391 3114 3444 τὸ
3145 3391 3316 3454 πάθος
3371 3391 3541 3444 αὑτοῦ
3584 3407 3748 3460 προε-

2160 3485 2424 3557 φήτεύετο
2461 3485 2596 3556 μετὰ
2636 3485 2733 3554 τῆς
2776 3483 2974 3546 αἰτίας,
3007 3483 3089 3536 ὅτι
3127 3482 3393 3553 χρήσιμον
3429 3477 3500 3552 ἧν
3539 3479 3748 3550 ἀνθρὼ-

2159 3595 2281 3640 ποις
2307 3578 2368 3630 τὸ
2412 3578 2612 3629 ἐκεῖνον
2657 3577 2795 3646 ὑπὲρ
2827 3574 3003 3628 αὐτῶν
3029 3575 3339 3638 ἀποθανεῖν,
3369 3573 3466 3626 καὶ
3503 3573 3746 3643 μώλωπα

2159 3669 2246 3723 τὸν
2285 3670 2377 3721 ἐπὶ
2406 3667 2482 3738 τῷ
2506 3667 2959 3721 καταδεδικάσθαι
2988 3665 3198 3720 παθεῖν.
3230 3664 3538 3736 Προείρητο
3567 3663 3624 3716 δὲ
3652 3663 3746 3714 καί⁵

2157 3764 2239 3816 ὅτι
2277 3763 2593 3834 συνήσουσιν
2625 3760 2787 3815 αὑτὸν
2818 3761 2868 3812 οἱ
2899 3760 3005 3812 ἀπὸ
3042 3758 3147 3813 τῶν
3177 3756 3369 3820 ἐθνῶν,
3405 3758 3538 3827 παρ’
3569 3749 3650 3819 οἷς
3681 3754 3743 3807 ού

2158 3856 2441 3924 γεγόνασιν
2465 3855 2514 3907 οι
2541 3851 2837 3925 προφῆται,
2868 3851 2960 3905 καὶ
2993 3849 3212 3903 λέλεκτο
3254 3849 3336 3901 ὅτι
3382 3843 3525 3910 εἶδος
3551 3847 3742 3915 ἄτιμον

2159 3949 2217 4000 ἐν
2255 3946 2560 4019 ἀνθρώποις
2600 3943 2921 4014 φαινόμενον
2952 3943 3090 4013 ἔχων
3133 3942 3451 4013 ὀφθήσεται.
3495 3939 3652 3993 Οῦτω
3695 3937 3740 3990 δ’

2157 4043 2270 4113 ἕχει
2298 4043 2332 4113 ἠ
2366 4041 2542 4107 λέξιςο
2579 4057 2597 4090 ι
2651 4038 2781 4091 Ἰδοὺ
2819 4037 3095 4108 συνήσειὸ
3135 4038 3262 4098 παῖς
3308 4051 3433 4104 μου,
3474 4031 3573 4086 καὶ
3598 4031 3742 4100 ὑψω-

2158 4134 2410 4205 θήσεται,
2469 4133 2561 4184 καὶ
2606 4128 3023 4201 δοξασθήσεται,
3082 4129 3177 4181 καὶ
3241 4125 3738 4197 μετεωρισθήσεται

2158 4225 2379 4295 σφόδρα.
2419 4223 2512 4276 Ὃν
2555 4221 2752 4292 τρόπον
2790 4222 3147 4292 ἐκστήσονται
3181 4219 3274 4270 ἐπὶ
3313 4217 3373 4270 σέ
3411 4216 3618 4280 πολλοὶ,
3645 4214 3738 4268 οῦ-

2156 4333 2262 4379 τως
2289 4315 2535 4385 ἀδοξήσει
2566 4313 2673 4366 ἀπὺ
2703 4312 2798 4366 ἀνθ
2808 4312 3002 4384 ρώπων
3027 4312 3088 4365 τὸ
3113 4309 3250 4374 εἶδός
3275 4327 3395 4374 σου,
3422 4311 3522 4365 καὶ
3551 4313 3585 4380 ἡ
3616 4309 3739 4376 δόξα

2158 4423 2251 4458 σου
2279 4406 2386 4458 ἀπὸ
2407 4403 2516 4457 τῶν
2548 4401 2850 4473 ἀνθρώπων
2879 4402 3008 4471 (59).
3031 4401 3187 4455 Οὕτω
3212 4401 3584 4472 θαυμάσονται
3611 4399 3736 4471 ἔθνη

480 4486 649 4554 gloria
677 4488 783 4543 erit
809 4487 878 4544 ab
900 4489 1207 4546 hominibus
1234 4492 1442 4560 species
1482 4501 1594 4558 tua,
1623 4503 1676 4548 et
1704 4494 1872 4562 gloria
1899 4503 1989 4549 tua
2021 4509 2050 4548 ι

2164 4497 2430 4550 πολλὰμέπ¹
2453 4496 2616 4566 αὐτῷ,
2645 4495 2736 4549 καὶ
2768 4493 3045 4559 συνέξουσι
3079 4493 3317 4564 βασιλεῖς
3343 4495 3405 4548 τὸ
3431 4494 3610 4564 στόμα
3636 4494 3735 4546 αύ-

479 4578 608 4632 tiliis
628 4580 930 4635 hominum.
961 4581 1055 4636 Sic
1095 4582 1439 4639 mirabuntur
1465 4595 1653 4654 gentes
1680 4586 1860 4640 multae
1889 4601 2053 4656 super

395 4665 416 4683 ⁹
477 4681 566 4734 eo,
595 4679 647 4724 et
673 4684 826 4739 reges
855 4673 1212 4728 continebnnt
1237 4691 1300 4730 os
1336 4691 1529 4740 suum;
1562 4679 1688 4745 quia
1716 4676 1913 4744 quibus
1939 4693 2045 4730 non

478 4770 562 4814 est
593 4761 970 4818 anmmtiatum
999 4765 1065 4819 de
1087 4779 1174 4828 eo.
1203 4766 1498 4831 videbunt;
1526 4777 1581 4821 et
1609 4767 1698 4836 qui
1733 4782 1834 4820 non
1862 4768 2055 4820 audie—

481 4862 642 4912 runt,
721 4852 1043 4923 intelligent.
1109 4856 1359 4920 Domine,
1409 4858 1787 4927 quiscredidit
1845 4859 2049 4914 auditni

478 4944 707 4996 nostro?
749 4944 816 4998 Et
865 4945 1149 5002 brachium
1212 4948 1422 5003 Domini
1467 4954 1552 5004 cui
1603 4951 1897 5007 revelatum
1928 4954 2053 5007 est?

479 5035 938 5092 Aununtiaviinus
966 5040 1123 5109 quasi
1167 5041 1448 5110 parvulum
1477 5043 1526 5095 in
1551 5055 1843 5114 conspectu
1885 5044 2002 5114 ejus
2031 5063 2046 5111 ;

2160 4589 2297 4642 τῶν
2329 4589 2411 4642 ὅτι
2440 4582 2520 4651 οἷς
2554 4589 2652 4640 οὑκ
2679 4586 2951 4656 ἀνηγγέλη
2993 4586 3122 4657 περὶ
3151 4585 3337 4649 αὑτοῦ,
3372 4586 3614 4655 ὄψονται,
3642 4581 3736 4638 καὶ

2159 4682 2210 4734 οῖ
2238 4680 2338 4733 οὐκ
2363 4679 2652 4750 ἀκηκόασι,
2689 4680 2998 4749 συνήσουσι.
3026 4677 3220 4748 Κύριε,
3248 4677 3331 4740 τίς
3356 4677 3643 4730 ἐπίστευσε
3666 4676 3732 4753 τῇ

2159 4775 2294 4843 ἀκοῇ
2321 4771 2512 4844 ήμῶνς
2539 4771 2648 4824 Καὶ
2670 4771 2700 4823 6
2724 4771 2962 4842 βραχίων
2988 4770 3193 4841 Κυρίου
3213 4770 3318 4822 τίνι
3341 4767 3728 4838 ἁπεκαλύφθη;

2173 4865 2594 4935 Ἀνηγγείλαμεν
2618 4863 2692 4926 ὼς
2717 4864 2926 4917 παιδίον
2951 4863 3189 4917 ἐναντίον
3215 4861 3403 4926 αὑτοῦ,
3423 4861 3502 4925 ὡς
3532 4861 3651 4933 ῥίζα
3675 4861 3729 4911 ὲν

2160 4957 2228 5022 γῇ
2255 4953 2482 5027 διψώσῃ.
2509 4955 2622 5008 Οὐκ
2648 4955 2794 5006 ἐστιν
2816 4950 2954 5017 εἶδος
2979 4954 3130 5024 αὐτῷ
3156 4954 3289 5025 (60),
3316 4954 3436 5007 οὐδὲ
3458 4953 3578 5020 δόξα
3601 4970 3615 4984 ·
3639 4952 3730 5005 καὶ

2158 5046 2369 5115 εἴδομεν
2392 5045 2572 5108 αὐτὸν,
2598 5047 2689 5098 καὶ
2712 5046 2810 5098 οὐκ
2839 5042 2978 5116 εῖχεν
3004 5045 3164 5112 εἶδος,
3199 5047 3318 5100 οὐδὲ
3345 5047 3542 5110 κάλλος
3559 5063 3572 5075 ·
3599 5044 3725 5099 ἀλλὰ

553 5192 600 5222 ³⁸
629 5190 764 5248 Gen.
799 5209 948 5263 xux,
974 5195 1062 5251 10.
1136 5196 1183 5229 ⁸⁸
1216 5197 1337 5256 lsai.
1362 5215 1492 5267 xui,
1519 5201 1573 5255 4.
1651 5203 1696 5233 ⁸⁸
1731 5201 1833 5257 lsa.
1871 5219 2018 5270 χιιι,
2051 5206 2059 5259 ε

2183 5207 2226 5236 ’⁵
2251 5203 2381 5260 ibid.
2407 5202 2460 5270 8,
2493 5203 2547 5258 9.
2624 5203 2667 5233 ’⁷
2699 5201 2800 5258 lsa.
2835 5220 2978 5271 xux,
3000 5204 3054 5259 9.

551 5359 668 5434 (ξιξ)
695 5359 867 5434 C_(_)dd.
891 5359 1032 5434 Reg.
1055 5363 1483 5434 etBasileensis.
1520 5375 1578 5417 nt
1611 5379 1796 5434 supra.

555 5430 669 5500 (57)
726 5430 1172 5506 Hmscheliusin
1229 5442 1396 5506 testu,
1437 5430 1693 5500 εἰπόντιί
1717 5435 1860 5506 quod
1907 5448 2054 5494 recte

483 5497 1451 5572 Spencerusrejecitadmarginem.

555 5568 666 5645 (58)
695 5568 853 5624 Libb.
900 5569 1125 5645 editiad
1161 5568 1479 5645 marginem,
1511 5573 1783 5640 ἐξέλθατε,
1817 5576 1958 5645 quod
1995 5577 2046 5633 in

484 5639 695 5693 duobus
735 5653 868 5693 mss.
898 5639 1209 5709 Anglicanis
1239 5639 1412 5709 primo
1434 5639 1486 5697 ct
1517 5639 1774 5699 sci-nudo
1804 5639 1858 5700 ei
1901 5656 2048 5700 utro~

483 5724 591 5784 que
613 5709 873 5784 Vaticano
896 5709 1111 5784 legitur.
1135 5713 1352 5784 ibidem
1384 5716 1538 5784 codd.
1582 5714 1779 5784 Regius
1808 5725 1862 5769 et
1892 5716 2043 5770 Basi-

483 5779 679 5837 leensis
713 5789 876 5843 recte,
910 5781 1341 5846 ἀνακαλύφθητε.
1390 5783 1541 5840 Libb.
1577 5779 1726 5841 edili.
1776 5784 2044 5838 ἀνακαλύ-

2151 5369 2634 5524 ῗοιᾝεῧι’νυιεοιιιε
2690 5435 2982 5493 Bibliorum
3034 5444 3249 5506 textus,
3292 5439 3403 5494 ἀπὸ
3458 5439 3590 5494 υἱῶν
3637 5439 3724 5496 ἆν-

2147 5508 2550 5650 9ρῗθδῖἍὺτῷ.
2581 5577 2749 5650 Recte
2778 5577 2946 5650 codex
2995 5575 3348 5634 Basileensis.
3385 5578 3562 5634 Minus
3592 5581 3719 5633 bene

2143 5647 2274 5705 libb.
2306 5647 2455 5712 editi,
2489 5647 2887 5719 αὐτοῦηΡιιιιΙο
2937 5658 3057 5719 post
3116 5651 3377 5719 Vulgatus
3433 5651 3712 5704 Biblioruui

2142 5728 2321 5841 sextus
2377 5721 2570 5789 habet,
2625 5718 2872 5774 ἐκλεῖπον
2923 5718 3073 5790 παρὰ
3127 5718 3250 5784 τοὺς
3305 5722 3452 5785 υἱοὺς
3489 5720 3588 5774 τῶν
3627 5721 3710 5773 ἀν-

2175 5805 2390 5851 ρωπων.
