3996 6524
212 407 314 461 761
1459 407 1740 466 CONTRA

1884 409 2054 466 ;SUM
2089 410 2216 464 ΜΒ.
2256 409 2296 465 1.
3367 408 3470 462 762

203 527 272 576 τὸ
304 519 444 586 εἶδος
475 522 638 577 αὐτοῦ
668 524 858 596 ἄτιμον
893 527 985 578 καὶ⁹
1012 525 1258 578 ἐκλεῖπον
1289 527 1439 598 παρά
1465 527 1670 590 πάντας
1703 528 1775 580 ἀν·

1899 527 2042 581 sicut
2077 526 2229 581 radix
2264 527 2314 580 in
2353 537 2496 581 terra
2523 523 2749 580 sitienti.
2779 522 2895 578 Non
2918 533 3000 579 est
3031 525 3240 594 species
3268 523 3344 591 ei,
3373 540 3469 580 ne-

202 613 486 684 θρῶπους.
523 615 840 687 ⁸Ἄνθρωπος
872 617 928 670 ὲν
958 617 1137 688 πληγῇ
1166 615 1262 681 ῶν,
1297 619 1389 671 καὶ
1421 616 1576 680 εἰδὼς
1608 617 1775 686 φέρειι

1893 631 1999 687 que
2029 618 2232 687 gloria;
2269 629 2324 672 et
2353 619 2585 673 vidimus
2632 630 2779 682 euut,
2815 626 2872 671 et
2913 631 3020 671 non
3082 616 3314 672 habebat
3339 630 3458 686 spe—

207 712 510 782 μιλακίαν·
541 712 622 765 ὅτι
647 712 1030 784 ἀπέστραπται
1057 713 1118 765 τὸ
1144 713 1434 784 πρόσωπον
1463 711 1648 776 αὐτοῦ,
1677 714 1775 782 ἡτι-

1893 710 2052 773 ciem,
2085 725 2260 779 neque
2283 709 2566 777 decorem;
2597 712 2691 766 sed
2729 711 2938 780 species
2976 708 3140 779 37o
3169 709 3285 780 ejus
3311 708 3468 765 inbo-

205 805 422 876 μάσθη,
453 805 546 857 καὶ
567 806 668 859 οὐκ
701 805 975 877 ἐλογίσθη.
1005 799 1178 870 θῦτος
1205 805 1304 868 τὰς
1334 805 1608 879 ἁμαρτίας
1631 805 1775 883 μῶη

1893 812 2082 856 uorata
2113 810 2170 856 et
2195 801 2452 859 deliciens
2478 818 2588 872 prte
2633 803 2886 859 omnibus
2934 801 3265 857 hominibus.
3293 800 3468 856 Homo

201 898 389 967 φέρει,
408 897 504 956 καὶ
520 899 648 970 περὶ
672 898 826 968 ἡμῶν
841 897 1090 954 ὁδυνᾶται
1109 915 1124 929 ο
1147 899 1240 954 καὶ
1253 900 1412 968 ἡμεῖς
1432 897 1775 968 ἐλογισάμεθα

1893 894 1946 948 in
1978 892 2133 963 plaga
2161 893 2393 964 positus,
2433 904 2487 948 et
2515 893 2694 949 sciens
2717 895 2862 948 ferre
2901 892 3268 946 infirmitatem
3296 909 3312 958 ;
3336 893 3462 963 quia

199 990 371 1042 az}th
401 985 541 1043 εἶναι
566 991 623 1043 ὲν
637 990 794 1060 -πόνῳ
811 991 904 1044 καὶ
926 992 982 1044 ὲν
1002 990 1181 1062 πληγῇ
1204 989 1298 1042 καὶ
1316 989 1374 1043 ὲν
1395 986 1635 1044 κακώσει
1650 1004 1662 1017 ο
1689 988 1788 1040 αὑτ-

197 1080 296 1144 τὺς
331 1082 386 1135 δὲ
411 1082 816 1154 ὲτραυματίσθη
837 1081 922 1136 διὰ
949 1081 1049 1146 τὰς
1077 1082 1350 1156 ἁμαρτίας
1376 1082 1552 1153 ἡμῶν,
1581 1082 1672 1136 καὶ
1695 1097 1790 1152 με-

201 1174 544 1244 μαλὼιισται
577 1174 667 1230 διά
699 1174 798 1238 τὰς
826 1173 1054 1245 ἀνομίας
1090 1175 1268 1245 ήμῶν.
1313 1173 1537 1230 Παιδεία
1565 1172 1788 1245 εἰρήνης

196 1266 366 1334 ἡμῶν
399 1268 489 1320 ἐπ’
530 1266 712 1328 αὑτὸν,
745 1265 824 1338 τῷ
866 1265 1094 1336 μώλωπι
1137 1266 1302 1320 αὑτοῦ
1338 1269 1496 1337 ἡμεῖς
1538 1266 1784 1336 ίάθημεν.

195 1357 418 1420 Πάντες
440 1357 516 1421 ὼς
545 1356 793 1429 πρόϐατα
818 1356 1090 1428 ἐπλανήθη
1101 1375 1214 1428 μεν.
1251 1358 1567 1429 Ἀνθρωπος
1594 1361 1658 1429 τῇ
1686 1357 1789 1428 ὁδῷ

195 1446 368 1500 αὐτοῦ
410 1446 710 1518 ἐπλανήθη,
750 1446 842 1499 καὶ
876 1446 1080 1517 Κύριος
1119 1447 1437 1518 παρέδωκεν
1473 1449 1632 1503 αὑτὸν
1670 1453 1786 1514 ταῖς

1890 997 2082 1038 aversa
2119 991 2205 1037 est
2255 983 2421 1038 facies
2467 983 2620 1054 ejus,
2671 985 2922 1054 despecta
2967 988 3151 1035 etnon
3194 987 3463 1047 reputate.

1890 1078 1998 1131 Iste
2025 1084 2247 1146 peccata
2303 1084 2490 1131 nostra
2527 1083 2730 1146 portat,
2767 1087 2827 1130 et
2866 1089 2966 1145 pro
3003 1074 3158 1130 nobis
3198 1071 3374 1138 dolet;
3408 1079 3464 1126 et

1889 1185 1986 1224 nos
2016 1169 2389 1239 reputavimus
2415 1183 2540 1222 eum
2571 1182 2694 1222 esse
2721 1167 2773 1222 in
2797 1167 2999 1226 labore.
3035 1173 3089 1221 et
3121 1164 3172 1218 in
3205 1163 3382 1234 plaga,
3409 1168 3467 1216 et

1889 1263 1940 1316 in
1975 1261 2304 1326 afﬂictione;
2350 1262 2466 1329 ipse
2507 1269 2690 1313 autem
2743 1258 3066 1314 vulneratus
3114 1265 3198 1310 est
3244 1262 3467 1324 propter

1889 1364 2108 1422 peccata
2142 1363 2347 1418 nostra,
2377 1363 2432 1408 et
2457 1351 2768 1410 infirmatus
2791 1359 2872 1405 est
2900 1359 3125 1420 propter
3149 1347 3466 1416 iniquitates

1889 1455 2117 1500 nostras.
2163 1443 2455 1512 Disciplina
2492 1443 2644 1512 pacis
2675 1451 2876 1496 nostra:
2915 1454 3078 1508 super
3100 1454 3246 1504 eum,
3294 1437 3464 1492 livore

196 1538 502 1608 ἁμαρτίαις
539 1538 718 1610 ἡμῶν,
755 1539 850 1591 καὶ
881 1539 1042 1602 αὐτὸς
1075 1538 1164 1593 διὰ
1202 1540 1263 1592 τὸ
1307 1540 1650 1594 κεκακῶσθαι
1686 1544 1775 1596 οὐκ

1885 1537 2002 1601 ejus
2033 1536 2206 1590 sanati
2247 1550 2457 1590 sumus.
2497 1535 2697 1591 Omnes
2747 1533 2904 1604 quasi
2949 1547 3077 1588 oves
3135 1529 3458 1586 erravimus.

192 1629 409 1696 ἀνοίγει
448 1629 507 1682 τὸ
550 1631 724 1700 στόμα
758 1629 942 1684 αὐτοῦ.
981 1629 1104 1701 [Ὡς
1139 1631 1406 1702 πρόϐατον
1441 1632 1532 1686 ἐπὶ
1574 1633 1775 1704 σφαγὴν.

1885 1625 2056 1680 llutno
2078 1628 2130 1680 in
2159 1627 2243 1679 via
2272 1641 2368 1680 sua
2397 1625 2622 1691 erravit,
2661 1632 2716 1680 et
2759 1623 3022 1678 Dominus
3058 1620 3284 1676 tradidit
3334 1633 3461 1674 eum

192 1719 363 1790 ἤχθη,
396 1719 493 1772 καὶ
513 1719 588 1784 ὡς
617 1721 784 1790 ἀμνὸς
807 1720 918 1792 (6i)
950 1721 1193 1776 ἐναντίον
1221 1721 1314 1776 τοῦ
1340 1723 1610 1794 κείροντος
1640 1725 1775 1794 ἀφω-

1884 1723 2104 1782 prnpter
2135 1712 2451 1780 iniquitates
2477 1721 2711 1778 nostras,
2739 1720 2793 1767 et
2819 1712 2932 1780 ipse
2965 1719 3184 1781 propter
3211 1707 3462 1764 aﬂlictio-

191 1827 307 1876 νθςν
343 1811 519 1875 οὕτως
553 1813 652 1865 οὐκ
679 1814 882 1880 ἀνοίγει
915 1813 976 1866 τὸ
1000 1813 1172 1884 στόμα
1201 1813 1429 1886 αὐτοῦ.]
1464 1816 1552 1870 Ἐν
1591 1819 1656 1887 τῇ
1690 1833 1775 1869 τα.

1886 1821 2006 1858 neut
2037 1820 2142 1858 non
2177 1806 2353 1873 aperit
2377 1820 2439 1858 os
2465 1820 2646 1860 suum.
2669 1805 2820 1860 Sicut
2838 1805 2953 1858 ovis
2969 1803 3036 1857 ad
3064 1802 3334 1857 victimam
3363 1803 3464 1855 du-

192 1901 459 1956 τ-.εινώσει
494 1903 658 1957 αὑτοῦ
693 1907 724 1975 ἡ
760 1906 937 1976 κρίσις
969 1905 1132 1960 αὐτοῦ
1165 1905 1325 1977 ἤρθη.
1365 1907 1475 1978 Τὴν
1509 1907 1565 1960 δὲ
1591 1907 1775 1976 γενεὰν

1888 1911 2009 1953 ctus
2039 1910 2143 1963 est,
2170 1909 2226 1953 et
2259 1899 2414 1966 quasi
2440 1914 2611 1967 agnus
2647 1913 2832 1953 coram
2867 1898 3122 1953 tondente
3152 1904 3356 1958 mutus,
3384 1894 3464 1948 sic

189 1992 364 2046 αὑτοῦ
389 1993 474 2056 τίς
498 1993 816 2065 διηγήσεται
836 2011 850 2060 ;
878 1995 1000 2048 Ὅτι
1020 1996 1230 2066 αἴρεται
1250 1997 1357 2049 ἀπὸ
1379 1996 1477 2066 τῆς
1493 1997 1595 2067 γῆς
1615 1998 1648 2067 ἡ
1670 1996 1781 2067 ζωὴ

189 2085 385 2148 αὑτοῦ,
418 2086 528 2139 ἀπὸ
555 2085 664 2140 τῶν
690 2086 927 2158 ἀνομιῶν
948 2087 1040 2141 τοῦ
1066 2088 1196 2142 λαοῦ
1224 2105 1324 2160 μου
1351 2089 1492 2160 ἢχθη
1514 2092 1593 2154 είς
1615 2089 1781 2143 θάνα-

187 2194 358 2233 τον.»

260 2354 570 2428 Μέμνημαι
610 2356 668 2410 δέ
698 2374 846 2424 ποτε,
877 2357 934 2411 ἐν
973 2374 1078 2410 τινι
1119 2355 1255 2428 πρὸς
1294 2357 1419 2419 τοὺς
1458 2355 1781 2426 λεγομένους

187 2447 345 2516 παρά
384 2447 658 2512 Ἰουδαίοις
701 2450 890 2519 σοῳοὺς
926 2447 1230 2519 ένζητήσει,
1260 2449 1380 2511 ταῖς
1425 2448 1781 2519 προφητείαις

186 2540 422 2602 ταύταις
471 2541 843 2612 χρησάμενος*
903 2541 988 2610 ἐφ’
1044 2537 1126 2604 οἷς
1175 2539 1360 2608 έλεγεν
1411 2541 1440 2592 ὁ
1506 2541 1776 2604 Ἰουδαῖος,

185 2629 364 2682 ταῦτα
404 2630 885 2702 πεπροφητεῦσοαι
914 2631 989 2694 ὡς
1027 2632 1154 2702 περὶ
1193 2631 1310 2694 ἐνὸς
1345 2629 1437 2683 τοῦ
1470 2630 1592 2684 ὅλου
1624 2631 1776 2694 λαοῦ,

187 2721 282 2772 καὶ
321 2722 621 2792 γενομένου
666 2724 730 2775 ὲν.
763 2725 827 2794 τῇ
867 2723 1154 2794 διασπορᾷ,
1201 2723 1294 2776 καὶ
1328 2721 1641 2794 πληγέντος,
1693 2724 1779 2777 ἵνα

187 2812 381 2864 πολλοὶ
427 2813 756 2884 προσήλυτοι
788 2813 1071 2883 γένωνται,
1113 2817 1177 2886 τῇ
1211 2814 1480 2886 προφάσει
1513 2813 1604 2868 τοῦ
1653 2817 1780 2868 ἐπε-

186 2902 436 2974 σπὰρθαι
475 2902 900 2968 Ἰουδαίουςτοῖς
922 2903 1134 2967 πολλοῖς
1154 2903 1264 2973 (62)
1290 2902 1485 2965 ἔθνεσι,
1513 2905 1606 2956 καὶ
1637 2903 1780 2958 οὕτω

182 2994 433 3065 διηγεῖτο
454 2993 534 3058 τὸ,
557 3013 576 3044 ι
622 2993 894 3064 Ἀδοξήσει
919 2994 1026 3048 ἀπὸ
1051 2991 1349 3064 ἀνθρώπων
1366 2992 1425 3045 τὸ
1450 2987 1586 3057 εἶδός
1613 3009 1726 3046 σου·
1753 3012 1772 3046 ι

183 3086 280 3138 καὶ
321 3084 407 3148 τὸ,
441 3104 464 3136 ι
499 3080 594 3149 Οἷς
626 3084 726 3139 οὐκ
757 3084 1030 3156 ἀνηγγέλη
1065 3084 1191 3154 περὶ
1223 3081 1410 3148 αὑτοῦ,
1451 3083 1668 3152 ὄψονται
1690 3098 1703 3109 ·
1753 3100 1774 3135 ι

185 3177 280 3228 καὶ
319 3176 401 3240 τὸ,
441 3195 460 3227 ι
506 3176 822 3248 Ἀνθρωπος
852 3179 910 3230 ὲν
940 3176 1122 3246 πληγῇ
1150 3174 1242 3229 ὢν.
1283 3195 1300 3226 ι
1333 3175 1510 3229 Πολλά
1549 3175 1649 3246 μὲν
1682 3170 1775 3229 οὖν

182 3269 294 3320 τὸτ’
331 3269 395 3320 ἐν
424 3271 491 3339 τῇ
532 3267 756 3340 ζητήσει
787 3268 1054 3333 λέλεκται,
1086 3267 1154 3321 τά
1187 3268 1495 3341 ἐλέγχοντα,
1530 3269 1611 3322 ὅτι
1647 3269 1773 3341 περί

181 3375 331 3420 τινος
367 3359 485 3422 ἑνὸς
514 3359 686 3412 ταῦτα
717 3360 1166 3431 προφητευόμενα
1187 3360 1286 3412 οὐκ
1312 3359 1548 3428 εὐλόγως
1579 3363 1773 3414 ἐκεῖνοι

184 3449 487 3518 ἀνάγουσιν
517 3451 609 3503 ἐπὶ
629 3449 747 3504 ὅλον
778 3449 868 3503 τὸν
894 3448 1040 3502 λαόν.
1083 3449 1490 3521 Ἐπυνθανόμην
1521 3449 1600 3515 δὲ,
1635 3449 1774 3514 τίνος

183 3539 258 3594 ἄν.
293 3543 383 3613 εἴη
418 3543 710 3614 πρόσωπον
744 3543 807 3596 τὸ
835 3543 1021 3612 λέγον·
1079 3563 1098 3596 ι
1147 3536 1318 3607 Οὗτος
1360 3543 1458 3607 τὰς
1499 3543 1774 3614 ἁμαρτίας

183 3631 350 3702 ἡμῶν
401 3631 576 3704 φέρει,
621 3635 716 3686 καὶ
763 3635 891 3706 περὶ
937 3634 1094 3707 ἡμῶν
1139 3635 1421 3691 ὀδυνᾶταισ
1481 3654 1499 3687 ι
1553 3637 1646 3690 καὶ
1690 3635 1772 3699 τὸ,

188 3744 208 3776 ι
252 3725 434 3789 Αὐτὸς
466 3725 522 3778 δὲ
563 3726 970 3798 έτραυματίσθη
1012 3727 1101 3781 διὰ
1146 3729 1247 3792 τὰς
1285 3728 1561 3799 ἁμαρτίας
1591 3727 1770 3799 ἡμῶν,

185 3817 281 3869 καὶ
315 3816 722 3887 μεμαλάκισται
750 3816 838 3872 διά
862 3816 960 3882 τάς
985 3818 1213 3890 ἀνομίας
1237 3819 1413 3889 ἡμῶνο
1451 3837 1488 3869 ι.
1511 3819 1603 3871 καὶ
1632 3817 1775 3882 τίνος

184 3909 485 3977 πρόσωπον
516 3903 582 3979 ἦν
608 3907 669 3960 τὺ
703 3909 930 3977 φάσκον,
969 3927 988 3960 ι
1030 3909 1119 3980 Τῷ
1157 3908 1384 3981 μώλωπι
1409 3909 1574 3963 αὑτοῦ
1612 3913 1774 3981 ἡμεῖς

187 4001 444 4072 ἱάθημεν.
484 4019 502 4052 ι
542 4000 736 4071 Σαφῶς
763 4001 870 4074 γὰρ
898 4004 946 4055 οἱ
979 4002 1036 4056 ὲν
1062 4005 1178 4066 ταῖς
1212 4002 1509 4074 ἁμαρτίαις
1547 4003 1776 4074 γενόμε-

184 4112 287 4157 νοι,
318 4095 414 4147 καὶ
445 4092 680 4156 ίαθέντες
707 4093 770 4146 ὲκ
799 4093 890 4147 τοῦ
918 4093 1007 4146 τὸν
1035 4093 1266 4164 Σωτῆρα
1287 4093 1638 4158 πεπονθέναι,
1674 4093 1771 4147 εἴτ’

181 4186 297 4238 ἀπὸ
345 4184 440 4237 τοῦ
487 4184 616 4240 λαοῦ
654 4185 882 4250 ἐκείνου,
930 4185 1040 4238 εἴτε
1089 4185 1185 4238 καὶ
1217 4186 1272 4238 οἱ
1306 4184 1413 4238 ἀπὸ
1451 4184 1558 4238 τῶν
1582 4184 1772 4249 ἐθνῶν,

183 4277 364 4330 ταῦτα
393 4277 609 4346 λέγουσι
647 4278 796 4349 παρά
827 4276 907 4348 τῷ
956 4278 1208 4350 προφήτῃ
1252 4277 1646 4349 προεωρακότι,
1682 4277 1775 4330 καὶ

183 4367 300 4419 ἁγὼ
333 4365 427 4418 τοῦ
461 4366 617 4435 ἁγίου
659 4366 974 4438 Πνεύματος
1001 4366 1173 4420 ταῦτα
1207 4367 1770 4439 προσωποποιήσαντι.

184 4459 445 4512 Μάλιστα
471 4460 515 4513 δ’
546 4459 803 4530 ἐδόξαμεν
831 4459 1032 4514 θλίϐειν
1066 4459 1174 4513 ἀπὸ
1203 4459 1302 4531 τῆς
1333 4459 1648 4534 φασκούσης
1685 4462 1773 4515 λέ-

1889 2006 1996 2044 ιιοιι
2033 1993 2199 2060 aperit
2218 2007 2278 2045 os
2296 2007 2473 2044 suum.
2503 1991 2556 2042 lu
2585 1990 2886 2044 humilitate
2905 1989 3169 2057 judicium
3191 1986 3308 2056 ejus
3331 1984 3464 2041 sub-

1890 2081 2054 2136 latum
2082 2094 2183 2137 est.
2213 2081 2635 2134 Geueralionem
2671 2081 2788 2151 ejus
2818 2082 2944 2150 quis
2970 2077 3294 2135 enarrabit?
3321 2076 3462 2142 Quia

1889 2172 2098 2226 tollitur
2121 2173 2188 2227 de
2211 2182 2355 2226 terra
2385 2173 2494 2227 vita
2520 2171 2673 2240 ejus;
2720 2179 2942 2241 pmpter
3000 2168 3310 2239 iniquitates
3365 2179 3464 2237 p0-

1888 2263 1998 2333 puli
2035 2263 2138 2317 mei
2169 2263 2366 2317 ductus
2401 2273 2484 2318 cst
2506 2263 2573 2318 ad
2600 2262 2908 2316 mortem".
2939 2277 2958 2312 ι

1957 2354 2045 2409 55.
2076 2353 2295 2408 Memini
2323 2369 2407 2408 tne
2437 2353 2590 2419 olim,
2640 2368 2763 2407 cum
2817 2351 3153 2421 disputarem
3199 2350 3466 2407 adversus

1888 2447 2011 2502 illos
2033 2461 2099 2501 ex
2128 2446 2330 2502 Judzeis
2360 2447 2456 2517 qui
2508 2447 2782 2516 sapientes
2825 2454 3111 2510 vocantur,
3137 2459 3294 2500 usum
3337 2457 3461 2498 esse

1890 2539 1994 2592 illis
2031 2539 2328 2594 vaticiniis.
2377 2539 2586 2606 Quibus
2639 2555 2780 2594 unus
2827 2553 2897 2594 ex
2942 2539 3022 2592 eis
3073 2535 3336 2606 reposuit,
3370 2535 3459 2590 illa

1887 2635 2233 2706 intelligenda
2261 2650 2380 2690 esse
2411 2637 2479 2690 de
2519 2651 2630 2691 uno
2660 2651 2834 2706 eoque
2875 2637 3087 2703 integro
3126 2630 3345 2704 populo,
3378 2631 3460 2686 di-

1885 2741 2072 2796 sperso
2095 2735 2152 2780 et
2175 2741 2458 2796 percusso,
2485 2737 2546 2780 ut
2564 2727 2854 2781 occasione
2877 2723 3233 2794 dispersionis
3253 2721 3462 2776 Judzeo-

1887 2833 2006 2872 runt
2031 2816 2176 2871 inter
2210 2816 2473 2886 plurimas
2499 2827 2690 2885 gentes
2715 2815 2867 2870 multi
2898 2815 3156 2884 proselyti
3216 2812 3408 2867 tierent
3439 2827 3456 2877 ;

1889 2918 2055 2976 atque
2104 2908 2174 2959 ita
2228 2906 2694 2974 interpretabatur
2734 2904 2864 2959 illud
2893 2918 2908 2957 :
2937 2923 2958 2956 ι
2987 2903 3221 2972 lngloria
3253 2903 3362 2956 erit
3391 2900 3460 2956 ab

1887 2997 2195 3053 hominibus
2235 2999 2444 3067 species
2476 3006 2600 3056 tua;
2635 3016 2654 3049 ι
2683 3008 2740 3052 et
2770 2996 2937 3051 illud:
2960 3014 2980 3048 ς
3014 2995 3220 3062 Quibus
3245 3009 3350 3049 non
3374 3002 3462 3049 est

1884 3090 2262 3144 annuntiatum
2289 3091 2354 3142 de
2370 3104 2458 3151 eo,
2492 3089 2774 3156 videbunt;
2811 3107 2829 3140 ι
2860 3099 2915 3144 et
2945 3088 3115 3143 illud:
3153 3105 3172 3138 ι
3209 3085 3380 3142 Homo
3405 3085 3459 3139 in

1885 3179 2041 3250 plaga
2074 3182 2296 3247 positus.
2339 3199 2357 3230 ι
2390 3178 2487 3232 Hie
2523 3179 2688 3232 tnulta
2716 3178 2932 3247 quidem
2968 3177 3079 3231 dixi
3110 3187 3169 3230 ut
3197 3175 3460 3230 ostende-

1882 3286 1992 3328 rem
2017 3287 2178 3342 quam
2207 3271 2504 3336 immerito,
2530 3286 2650 3340 qua:
2673 3269 2738 3324 de
2775 3284 2884 3323 uno
2913 3268 3166 3337 quopiam
3206 3266 3460 3337 prtedicta

1877 3366 2111 3428 fuerant,
2150 3364 2216 3417 ad
2249 3363 2564 3417 universum
2591 3361 2845 3430 populum
2872 3362 3162 3414 referrent.
3183 3357 3462 3428 Rogabam

1875 3455 1998 3525 quis
2035 3464 2178 3509 esset
2223 3453 2312 3507 ille
2364 3453 2456 3522 qui
2507 3453 2724 3508 dicebat
2759 3473 2771 3508 :
2809 3470 2828 3503 ι
2859 3450 2964 3506 iste
3005 3458 3227 3520 peccata
3274 3460 3462 3505 nostra

1877 3549 1981 3602 fert
2023 3557 2078 3602 et
2125 3562 2222 3616 pro
2262 3549 2420 3601 nobis
2455 3546 2635 3612 dolet;
2674 3565 2694 3598 ι
2727 3554 2784 3600 et
2827 3544 3013 3600 istud:
3052 3561 3074 3597 ι
3118 3543 3236 3614 Ipse
3278 3551 3460 3598 autem

1876 3639 2194 3693 vulneratus
2222 3647 2306 3692 est
2329 3647 2550 3707 propter
2576 3645 2798 3705 peccata
2836 3644 3048 3699 nostra,
3074 3644 3130 3688 et
3153 3633 3462 3686 intinnatus

1875 3741 1960 3784 est
1996 3739 2219 3799 propter
2271 3728 2586 3798 iniquitates
2635 3737 2884 3792 nostras;
2935 3744 2955 3778 ι
2999 3735 3056 3781 et
3109 3725 3212 3780 hoc
3266 3723 3459 3780 aliud:

1882 3840 1900 3872 ι
1935 3821 2129 3876 Livore
2152 3821 2271 3891 ejus
2301 3820 2480 3875 sanati
2515 3834 2728 3874 sumus.
2769 3838 2788 3872 ι
2825 3820 3044 3878 Clarum
3073 3827 3156 3875 est
3177 3817 3320 3873 enim
3342 3831 3460 3884 eos,

1875 3913 1964 3980 qui
1993 3912 2134 3982 apud
2165 3912 2478 3981 prophetam
2514 3925 2602 3964 res
2628 3910 2843 3966 futuras
2904 3910 3178 3965 videntem
3207 3909 3463 3978 taliaque

1879 4005 2026 4060 velut
2052 4008 2301 4074 personis
2343 4003 2526 4060 alllatu
2553 4006 2730 4060 sancti
2767 4003 3009 4075 Spiritus
3038 4003 3461 4060 accommodan-

1879 4108 1985 4152 tent
2021 4099 2139 4153 haec
2174 4099 2487 4168 loquuntur.
2528 4112 2649 4152 esse
2693 4096 2944 4153 homines
2985 4098 3103 4154 sive
3144 4113 3213 4152 ex
3264 4095 3462 4167 p0pulo

1875 4190 2104 4246 Jndaico
2134 4191 2249 4246 sive
2295 4204 2360 4244 ex
2389 4189 2678 4260 gentibus,
2716 4188 2806 4257 qui
2850 4189 3091 4256 peccatis
3131 4187 3332 4242 dudum
3359 4187 3461 4240 ob-

1877 4285 2023 4342 noxii
2051 4283 2353 4340 Salvatoris
2388 4281 2644 4352 passione
2665 4281 2845 4335 sanati
2870 4289 3018 4336 sunt.
3055 4279 3161 4335 Sed
3193 4278 3314 4333 illos
3343 4291 3462 4330 ma-

1876 4379 2019 4430 xime
2050 4392 2304 4446 premere
2342 4377 2518 4430 visum
2568 4383 2658 4429 est
2680 4375 2860 4431 istud:
2897 4392 2918 4426 ι
2951 4372 3176 4440 Propter
3200 4369 3461 4440 iniquita-

1879 4479 1961 4522 tes
2003 4467 2183 4538 populi
2246 4469 2350 4522 tnei
2402 4467 2603 4523 ductus
2643 4475 2725 4522 est
2764 4468 2831 4522 ad
2870 4474 3120 4520 mortem.
3153 4481 3174 4515 ι
3205 4462 3264 4517 Si
3314 4461 3460 4516 enim

184 4552 328 4618 ξεως
351 4553 433 4618 τὸ,
473 4570 493 4604 ι
534 4552 664 4606 Ἀπὸ
692 4553 801 4606 τῶν
833 4551 1072 4624 ἀνομιῶν
1103 4551 1196 4605 τοῦ
1231 4551 1359 4605 λαοῦ
1401 4571 1500 4624 μου
1535 4553 1674 4626 ἢχθη
1697 4557 1775 4619 είς

1884 4559 2110 4630 populus
2159 4570 2263 4628 est,
2304 4569 2362 4613 ut
2418 4559 2636 4626 volunt,
2682 4559 2750 4614 de
2791 4573 2900 4628 quo
2945 4556 3320 4626 prophetatum
3365 4552 3460 4621 sit,

185 4642 439 4696 θάνατον.
475 4660 493 4693 ι
531 4644 595 4697 Et
626 4643 735 4714 γὰρ
764 4645 793 4696 ὁ
818 4643 944 4706 λαὸς
977 4644 1098 4696 κατ’
1132 4641 1370 4707 ἐκείνους
1399 4645 1534 4697 εἰσὶν
1563 4645 1611 4696 oi
1641 4662 1774 4716 προ-

185 4735 568 4805 φητευόμενοι,
622 4735 740 4798 πῶς
789 4735 895 4789 ἀπὸ
941 4734 1048 4788 τῶν
1090 4734 1327 4805 ἀνομιῶν
1371 4734 1465 4788 τοῦ
1503 4735 1632 4790 λαοῦ
1675 4736 1770 4790 τοῦ

183 4825 326 4878 (τι)εοῦ
356 4826 572 4896 λέγεται
609 4823 772 4898 ἦχθαι
806 4828 885 4890 είς
926 4825 1153 4880 θάνατον
1187 4818 1362 4891 οὗτος,
1398 4829 1445 4880 εί
1478 4827 1554 4901 μὴ
1587 4828 1772 4901 ἕτερος

183 4919 260 4971 ῶν
286 4919 442 4990 παρά
469 4919 562 4972 τὸν
593 4919 718 4974 λαὸν
751 4920 844 4973 τοῦ
876 4918 1042 4984 Θεοῦ;
1073 4919 1168 4982 Τίς
1199 4918 1244 4970 δ’
1276 4912 1451 4984 οὗτος,
1477 4923 1525 4974 εί
1555 4921 1630 4992 μὴ
1668 4921 1771 4993 Ἰη-

185 5009 317 5072 σοῦς
341 5010 608 5081 Χριστὸςς
631 5029 648 5062 ι
684 5002 746 5063 οὗ
771 5010 848 5081 τῷ
875 5009 1100 5082 μώλωπι
1125 5008 1353 5080 ἱάθημεν
1385 5029 1403 5062 ι
1433 5012 1481 5064 οἱ
1509 5013 1590 5075 είς
1610 5013 1770 5066 αὑτὸν

181 5100 558 5167 πιστεύοντες,
591 5121 620 5154 ι.
639 5103 1083 5174 ἀπεκδυσαμένου
1112 5101 1212 5164 τὰς
1238 5101 1295 5155 ἐν
1318 5103 1448 5174 ἡμῖν
1474 5104 1648 5176 ἁρχάς
1677 5107 1776 5160 καὶ

183 5193 457 5257 ἐξουσίας,
492 5195 585 5248 καί
622 5195 1220 5266 παραδειγματίσαντος
1255 5196 1365 5266 (65)
1399 5196 1568 5260 αὑτὰς
1609 5200 1666 5251 ὲν
1695 5197 1773 5269 τῷ

188 5282 350 5354 ξύλῳ.
387 5305 404 5337 ι
444 5287 708 5340 Ἕκαστον
735 5287 790 5340 δὲ
815 5287 920 5339 τῶν
948 5288 1005 5338 ὲν
1026 5289 1091 5357 τῇ
1121 5285 1425 5358 προφητείᾳ
1451 5287 1774 5358 σαφηνίσαι,

259 5424 307 5456 ’³
339 5425 439 5478 lsa.
475 5437 569 5490 Lit,
605 5423 671 5477 l5
711 5438 864 5493 seqq.
941 5423 985 5453 ’9
1016 5421 1230 5476 Coloss.
1265 5434 1326 5486 ll,
1361 5418 1450 5474 15'.

255 5587 374 5659 (6|)
413 5587 514 5654 Ὠς
548 5587 848 5658 πρόϐατον
879 5595 933 5640 et
953 5594 1156 5659 caztera
1189 5601 1311 5659 qua:
1342 5595 1452 5641 tum
1490 5586 1542 5641 in
1583 5600 1766 5642 nostra

186 5657 297 5713 tum
326 5661 381 5712 iu
416 5657 688 5725 prioribus
719 5658 1050 5711 etlitiouibus
1075 5659 1230 5711 uncis
1265 5657 1468 5710 inclina
1499 5669 1645 5722 sunt,
1679 5660 1772 5712 de-

185 5732 506 5786 siderantur
541 5733 592 5782 in
621 5728 876 5782 omnibus
903 5743 1034 5781 mss.

256 5801 369 5873 (ϋὲ)
409 5799 544 5873 Reg.
576 5807 638 5873 _et
675 5797 1016 5873 Basileensis,
1046 5797 1140 5873 τοῦ
1169 5798 1440 5873 ὲσπὰρθᾼαι
1485 5797 1769 5873 Ἰουδαίους

184 5868 293 5926 τοῖς
316 5868 542 5933 λοιποῖς.
575 5869 686 5924 Duo
711 5870 978 5935 Vaticani,
1003 5869 1094 5923 τοῦ
1118 5868 1456 5940 ὲπεσπάρθαι
1492 5868 1772 5932 Ἰουδαίους

1883 4653 2151 4721 quomodo
2222 4661 2443 4720 propter
2518 4651 2831 4720 iniquitates
2879 4648 3058 4718 populi
3119 4647 3209 4702 Dei
3259 4647 3347 4700 hic
3389 4645 3461 4698 ad

1882 4755 2108 4798 mortem
2140 4745 2333 4800 ductus
2365 4745 2585 4808 dicitur,
2629 4743 2732 4796 nisi
2763 4743 2836 4796 sit
2867 4741 3005 4794 alius
3033 4756 3062 4795 a
3095 4739 3186 4796 Dei
3215 4737 3414 4808 populo
3438 4736 3464 4790 ἳ

1879 4837 2012 4903 Quis
2045 4837 2243 4892 ille.est
2273 4848 2477 4903 autem,
2525 4837 2626 4890 nisi
2672 4835 2831 4890 .lesus
2857 4833 3125 4893 Christus,
3158 4849 3177 4882 t
3211 4830 3365 4897 cujus
3398 4829 3464 4884 li-

1878 4943 2009 4982 vore
2059 4929 2238 4985 sanati
2285 4944 2474 4982 sumus
2527 4948 2545 4979 ι
2606 4937 2872 4997 quotquot
2907 4926 2958 4979 in
2996 4939 3117 4977 eunt
3162 4921 3462 4986 credimus,

1883 5037 1908 5074 ι
1932 5020 2022 5088 qui
2051 5019 2358 5089 exspolians
2388 5019 2717 5088 principatus
2747 5027 2802 5072 et
2821 5025 3122 5086 potestates
3142 5013 3326 5084 371,
3353 5022 3464 5066 tra~

1881 5109 2034 5164 duxit
2075 5125 2172 5164 eos
2215 5109 2558 5165 coniidcnter
2609 5108 2660 5161 iu
2701 5107 2844 5177 ligno
2861 5107 2927 5160 ’9.
2965 5126 2984 5156 ι
3024 5105 3276 5175 Singulas
3306 5103 3464 5172 hujus

1884 5202 2180 5272 prol‘ihetia:
2230 5213 2413 5272 partes
2465 5201 2760 5268 explanare
2813 5200 3059 5267 nihilque
3104 5199 3461 5252 indiscussuut

1887 5293 2328 5361 praetermittere,
2355 5310 2460 5346 non
2499 5302 2580 5346 est
2607 5293 2764 5362 hujus
2817 5292 3092 5362 temporis.
3125 5288 3250 5344 time
3279 5297 3460 5340 tamen

1878 5591 1991 5643 τοῖς
2020 5588 2246 5643 λοιποῖς.

1888 5606 2759 5729 θοὶῗὶἒῗῗῗιῗρςάδειγματ(ιταντρς.
2819 5655 2984 5711 Recte
3031 5653 3459 5729 omttinorodqx

1879 5723 2084 5853 ge'gius
2115 5723 2558 5814 et'Bzisileeusis;
2592 5731 2716 5785 libb.
2763 5741 2942 5783 autem
2995 5726 3146 5793 editi,
3179 5723 3459 5796 παρρησίᾳ

1911 5817 2338 5853 stt/uariante;

1911 5818 1931 5852 ε
1941 5818 1992 5869 ιγ
2001 5817 2338 5870 ματισαντος.
